  <div class='ocr_page' id='page_1' title='image "/cluster/home/n/w/nwhite01/storage/ocr_20150623/90:no.1/coo.31924054869940/488.png"; bbox 0 0 4070 6416; ppageno 0'>
   <div class='ocr_carea' id='block_1_1' title="bbox 433 437 538 503">
    <p class='ocr_par' dir='ltr' id='par_1_1' title="bbox 433 437 538 503">
     <span class='ocr_line' id='line_1_1' title="bbox 433 437 538 503; baseline -0.038 -1"><span class='ocrx_word' id='word_1_1' title='bbox 433 437 538 503; x_wconf 69' lang='grc'><strong>945</strong></span> 
     </span>
    </p>
   </div>
   <div class='ocr_carea' id='block_1_2' title="bbox 1710 419 2388 489">
    <p class='ocr_par' dir='ltr' id='par_1_2' title="bbox 1710 419 2388 489">
     <span class='ocr_line' id='line_1_2' title="bbox 1710 419 2388 489; baseline -0.003 0"><span class='ocrx_word' id='word_1_2' title='bbox 1710 425 1940 489; x_wconf 82' lang='lat' dir='ltr'><strong>LIBER</strong></span> <span class='ocrx_word' id='word_1_3' title='bbox 1979 419 2388 487; x_wconf 83' lang='lat' dir='ltr'><strong>ASCETICUS</strong></span> 
     </span>
    </p>
   </div>
   <div class='ocr_carea' id='block_1_3' title="bbox 3613 437 3720 502">
    <p class='ocr_par' dir='ltr' id='par_1_3' title="bbox 3613 437 3720 502">
     <span class='ocr_line' id='line_1_3' title="bbox 3613 437 3720 502; baseline 0.019 -2"><span class='ocrx_word' id='word_1_4' title='bbox 3613 437 3720 502; x_wconf 70' lang='grc'><strong>946</strong></span> 
     </span>
    </p>
   </div>
   <div class='ocr_carea' id='block_1_4' title="bbox 430 542 2008 624">
    <p class='ocr_par' dir='ltr' id='par_1_4' title="bbox 430 543 2008 620">
     <span class='ocr_line' id='line_1_4' title="bbox 430 543 2008 620; baseline -0.007 -11"><span class='ocrx_word' id='word_1_5' title='bbox 430 556 522 609; x_wconf 79' lang='grc' dir='ltr'>διὰ</span> <span class='ocrx_word' id='word_1_6' title='bbox 548 553 607 608; x_wconf 72' lang='grc' dir='ltr'>τὸ</span> <span class='ocrx_word' id='word_1_7' title='bbox 631 553 778 618; x_wconf 80' lang='grc' dir='ltr'>ἔλεος</span> <span class='ocrx_word' id='word_1_8' title='bbox 798 550 890 606; x_wconf 85' lang='grc' dir='ltr'><strong>τοῦ</strong></span> <span class='ocrx_word' id='word_1_9' title='bbox 927 552 1079 620; x_wconf 85' lang='grc' dir='ltr'>ἀγιου</span> <span class='ocrx_word' id='word_1_10' title='bbox 1117 568 1209 604; x_wconf 89' lang='grc' dir='ltr'><strong>σου</strong></span> <span class='ocrx_word' id='word_1_11' title='bbox 1242 552 1578 620; x_wconf 81' lang='grc' dir='ltr'>Πνευματος.</span> <span class='ocrx_word' id='word_1_12' title='bbox 1606 550 1660 603; x_wconf 87' lang='grc' dir='ltr'><em>Μ</em></span> <span class='ocrx_word' id='word_1_13' title='bbox 1669 547 1702 616; x_wconf 72' lang='grc' dir='ltr'>ὴ</span> <span class='ocrx_word' id='word_1_14' title='bbox 1729 543 2008 616; x_wconf 75' lang='grc' dir='ltr'>μνησθῇς</span> 
     </span>
    </p>
   </div>
   <div class='ocr_carea' id='block_1_5' title="bbox 2113 542 3722 624">
    <p class='ocr_par' dir='ltr' id='par_1_5' title="bbox 2120 543 3722 624">
     <span class='ocr_line' id='line_1_5' title="bbox 2120 543 3722 624; baseline 0.007 -28"><span class='ocrx_word' id='word_1_15' title='bbox 2120 557 2217 597; x_wconf 72' lang='lat' dir='ltr'><strong>mis</strong></span> <span class='ocrx_word' id='word_1_16' title='bbox 2240 545 2301 594; x_wconf 84' lang='lat'><strong>&quot;.</strong></span> <span class='ocrx_word' id='word_1_17' title='bbox 2315 543 2522 614; x_wconf 84' lang='lat' dir='ltr'><strong>Adjuva</strong></span> <span class='ocrx_word' id='word_1_18' title='bbox 2537 545 2794 608; x_wconf 83' lang='lat' dir='ltr'><strong>nos,Deus</strong></span> <span class='ocrx_word' id='word_1_19' title='bbox 2811 545 3057 602; x_wconf 64' lang='lat' dir='ltr'><strong>Salvator</strong></span> <span class='ocrx_word' id='word_1_20' title='bbox 3077 549 3240 620; x_wconf 75' lang='lat'><strong>387</strong></span> <span class='ocrx_word' id='word_1_21' title='bbox 3259 559 3453 616; x_wconf 78' lang='lat' dir='ltr'><strong>noster,</strong></span> <span class='ocrx_word' id='word_1_22' title='bbox 3474 559 3524 605; x_wconf 88' lang='lat' dir='ltr'><strong>et</strong></span> <span class='ocrx_word' id='word_1_23' title='bbox 3541 553 3722 624; x_wconf 83' lang='lat' dir='ltr'><strong>propi-</strong></span> 
     </span>
    </p>
   </div>
   <div class='ocr_carea' id='block_1_6' title="bbox 423 639 2026 715">
    <p class='ocr_par' dir='ltr' id='par_1_6' title="bbox 423 639 2026 715">
     <span class='ocr_line' id='line_1_6' title="bbox 423 639 2026 715; baseline -0.006 -15"><span class='ocrx_word' id='word_1_24' title='bbox 423 642 600 715; x_wconf 67' lang='grc' dir='ltr'><strong>ἡμῶν</strong></span> <span class='ocrx_word' id='word_1_25' title='bbox 632 644 895 715; x_wconf 79' lang='grc' dir='ltr'><strong>ἀνομιῶν</strong></span> <span class='ocrx_word' id='word_1_26' title='bbox 919 643 1200 713; x_wconf 57' lang='grc' dir='ltr'>ἀρχαίων</span> <span class='ocrx_word' id='word_1_27' title='bbox 1245 642 1407 696; x_wconf 75' lang='grc' dir='ltr'><strong>ἀλλὰ</strong></span> <span class='ocrx_word' id='word_1_28' title='bbox 1451 639 1602 710; x_wconf 80' lang='grc' dir='ltr'>ταχὺ</span> <span class='ocrx_word' id='word_1_29' title='bbox 1649 640 2026 707; x_wconf 79' lang='grc' dir='ltr'>προκαταλα-</span> 
     </span>
    </p>
   </div>
   <div class='ocr_carea' id='block_1_7' title="bbox 431 731 2027 804">
    <p class='ocr_par' dir='ltr' id='par_1_7' title="bbox 431 731 2027 804">
     <span class='ocr_line' id='line_1_7' title="bbox 431 731 2027 804; baseline -0.003 -17"><span class='ocrx_word' id='word_1_30' title='bbox 431 735 702 789; x_wconf 75' lang='grc' dir='ltr'><strong>εέτωσαν</strong></span> <span class='ocrx_word' id='word_1_31' title='bbox 734 734 889 804; x_wconf 76' lang='grc' dir='ltr'><strong>ἡμᾶς</strong></span> <span class='ocrx_word' id='word_1_32' title='bbox 923 737 979 788; x_wconf 90' lang='grc' dir='ltr'><strong>οἱ</strong></span> <span class='ocrx_word' id='word_1_33' title='bbox 1015 733 1307 802; x_wconf 74' lang='grc' dir='ltr'>οἰκτιρμοί</span> <span class='ocrx_word' id='word_1_34' title='bbox 1351 750 1489 798; x_wconf 85' lang='grc' dir='ltr'><strong>σου,</strong></span> <span class='ocrx_word' id='word_1_35' title='bbox 1522 733 1611 785; x_wconf 80' lang='grc' dir='ltr'><strong>ὅτι</strong></span> <span class='ocrx_word' id='word_1_36' title='bbox 1643 731 2027 801; x_wconf 80' lang='grc' dir='ltr'><strong>ἐπτωχεύσαο</strong></span> 
     </span>
    </p>
   </div>
   <div class='ocr_carea' id='block_1_8' title="bbox 423 823 2024 896">
    <p class='ocr_par' dir='ltr' id='par_1_8' title="bbox 423 823 2024 896">
     <span class='ocr_line' id='line_1_8' title="bbox 423 823 2024 896; baseline -0.003 -16"><span class='ocrx_word' id='word_1_37' title='bbox 423 844 545 896; x_wconf 77' lang='grc' dir='ltr'>μεν</span> <span class='ocrx_word' id='word_1_38' title='bbox 569 827 826 896; x_wconf 66' lang='grc' dir='ltr'>σφόδρα.</span> <span class='ocrx_word' id='word_1_39' title='bbox 883 827 1205 894; x_wconf 73' lang='grc' dir='ltr'><strong>Βοήθησον</strong></span> <span class='ocrx_word' id='word_1_40' title='bbox 1259 826 1405 896; x_wconf 80' lang='grc' dir='ltr'><strong>ἡμῖν</strong></span> <span class='ocrx_word' id='word_1_41' title='bbox 1461 829 1492 880; x_wconf 84' lang='grc' dir='ltr'><strong>ό</strong></span> <span class='ocrx_word' id='word_1_42' title='bbox 1544 825 1768 890; x_wconf 78' lang='grc' dir='ltr'>Θεὸς’ό</span> <span class='ocrx_word' id='word_1_43' title='bbox 1819 823 2024 891; x_wconf 83' lang='grc' dir='ltr'>Σωτὴρ</span> 
     </span>
    </p>
   </div>
   <div class='ocr_carea' id='block_1_9' title="bbox 427 916 2023 988">
    <p class='ocr_par' dir='ltr' id='par_1_9' title="bbox 427 916 2023 988">
     <span class='ocr_line' id='line_1_9' title="bbox 427 916 2023 988; baseline -0.001 -18"><span class='ocrx_word' id='word_1_44' title='bbox 427 917 874 987; x_wconf 63' lang='grc' dir='ltr'><strong>ἡμῶν-,Ἕνεκεν</strong></span> <span class='ocrx_word' id='word_1_45' title='bbox 914 917 1024 988; x_wconf 79' lang='grc' dir='ltr'>τῆς</span> <span class='ocrx_word' id='word_1_46' title='bbox 1051 918 1239 987; x_wconf 81' lang='grc' dir='ltr'><strong>δόξης</strong></span> <span class='ocrx_word' id='word_1_47' title='bbox 1264 918 1376 972; x_wconf 86' lang='grc' dir='ltr'><strong>τοῦ</strong></span> <span class='ocrx_word' id='word_1_48' title='bbox 1413 917 1704 985; x_wconf 78' lang='grc' dir='ltr'>ὀνόματός</span> <span class='ocrx_word' id='word_1_49' title='bbox 1734 932 1872 980; x_wconf 81' lang='grc' dir='ltr'><em>σου,</em></span> <span class='ocrx_word' id='word_1_50' title='bbox 1907 916 1990 969; x_wconf 87' lang='grc' dir='ltr'><em>Κύ</em></span> <span class='ocrx_word' id='word_1_51' title='bbox 2011 945 2023 954; x_wconf 88' lang='lat'><strong><em>-</em></strong></span> 
     </span>
    </p>
   </div>
   <div class='ocr_carea' id='block_1_10' title="bbox 416 1005 2026 1078">
    <p class='ocr_par' dir='ltr' id='par_1_10' title="bbox 416 1005 2026 1078">
     <span class='ocr_line' id='line_1_10' title="bbox 416 1005 2026 1078; baseline 0.001 -20"><span class='ocrx_word' id='word_1_52' title='bbox 416 1025 536 1074; x_wconf 75' lang='lat' dir='ltr'><strong>pre,</strong></span> <span class='ocrx_word' id='word_1_53' title='bbox 557 1007 746 1075; x_wconf 73' lang='grc' dir='ltr'>ῥῦσαι</span> <span class='ocrx_word' id='word_1_54' title='bbox 764 1007 940 1077; x_wconf 75' lang='grc' dir='ltr'><strong>ἡμᾶς,</strong></span> <span class='ocrx_word' id='word_1_55' title='bbox 961 1009 1059 1061; x_wconf 75' lang='grc' dir='ltr'>καὶ</span> <span class='ocrx_word' id='word_1_56' title='bbox 1085 1008 1360 1076; x_wconf 74' lang='grc' dir='ltr'>ἱλάσθητί</span> <span class='ocrx_word' id='word_1_57' title='bbox 1383 1007 1509 1074; x_wconf 77' lang='grc' dir='ltr'>ταῖς</span> <span class='ocrx_word' id='word_1_58' title='bbox 1533 1008 1840 1077; x_wconf 76' lang='grc' dir='ltr'><strong>ἁμαρτίαις</strong></span> <span class='ocrx_word' id='word_1_59' title='bbox 1856 1005 2026 1078; x_wconf 76' lang='grc' dir='ltr'><strong>ἡμῶν</strong></span> 
     </span>
    </p>
   </div>
   <div class='ocr_carea' id='block_1_11' title="bbox 421 1097 2022 1171">
    <p class='ocr_par' dir='ltr' id='par_1_11' title="bbox 421 1097 2022 1171">
     <span class='ocr_line' id='line_1_11' title="bbox 421 1097 2022 1171; baseline -0.001 -19"><span class='ocrx_word' id='word_1_60' title='bbox 421 1097 642 1152; x_wconf 76' lang='grc' dir='ltr'>ἕνεκεν</span> <span class='ocrx_word' id='word_1_61' title='bbox 686 1099 794 1152; x_wconf 79' lang='grc' dir='ltr'><strong>τοῦ</strong></span> <span class='ocrx_word' id='word_1_62' title='bbox 849 1100 1142 1169; x_wconf 78' lang='grc' dir='ltr'>ὀνόματός</span> <span class='ocrx_word' id='word_1_63' title='bbox 1189 1117 1329 1167; x_wconf 87' lang='grc' dir='ltr'><strong>σου,</strong></span> <span class='ocrx_word' id='word_1_64' title='bbox 1365 1101 1560 1171; x_wconf 85' lang='grc' dir='ltr'>Κύριε,</span> <span class='ocrx_word' id='word_1_65' title='bbox 1625 1100 1884 1171; x_wconf 75' lang='grc' dir='ltr'>μνησθεὶς</span> <span class='ocrx_word' id='word_1_66' title='bbox 1922 1098 2022 1166; x_wconf 75' lang='grc' dir='ltr'><strong>τῆς</strong></span> 
     </span>
    </p>
   </div>
   <div class='ocr_carea' id='block_1_12' title="bbox 422 1186 2021 1260">
    <p class='ocr_par' dir='ltr' id='par_1_12' title="bbox 422 1186 2021 1260">
     <span class='ocr_line' id='line_1_12' title="bbox 422 1186 2021 1260; baseline 0 -19"><span class='ocrx_word' id='word_1_67' title='bbox 422 1189 686 1259; x_wconf 80' lang='grc' dir='ltr'>ἁπαρχῆς</span> <span class='ocrx_word' id='word_1_68' title='bbox 716 1191 748 1258; x_wconf 75' lang='grc' dir='ltr'><strong>ἡ</strong></span> <span class='ocrx_word' id='word_1_69' title='bbox 760 1187 877 1258; x_wconf 87' lang='grc' dir='ltr'><strong>μῶν</strong></span> <span class='ocrx_word' id='word_1_70' title='bbox 903 1189 970 1259; x_wconf 82' lang='grc' dir='ltr'>ἣν</span> <span class='ocrx_word' id='word_1_71' title='bbox 995 1189 1051 1256; x_wconf 80' lang='grc' dir='ltr'>ἐξ</span> <span class='ocrx_word' id='word_1_72' title='bbox 1076 1189 1238 1260; x_wconf 81' lang='grc' dir='ltr'>ἡμῶν</span> <span class='ocrx_word' id='word_1_73' title='bbox 1275 1189 1362 1242; x_wconf 78' lang='grc' dir='ltr'>διὰ</span> <span class='ocrx_word' id='word_1_74' title='bbox 1399 1188 1819 1260; x_wconf 75' lang='grc' dir='ltr'><strong>φιλανθρωπίαν</strong></span> <span class='ocrx_word' id='word_1_75' title='bbox 1839 1186 2021 1241; x_wconf 74' lang='grc' dir='ltr'>λαϐὼν</span> 
     </span>
    </p>
   </div>
   <div class='ocr_carea' id='block_1_13' title="bbox 418 1280 2018 1351">
    <p class='ocr_par' dir='ltr' id='par_1_13' title="bbox 418 1280 2018 1351">
     <span class='ocr_line' id='line_1_13' title="bbox 418 1280 2018 1351; baseline 0 -19"><span class='ocrx_word' id='word_1_76' title='bbox 418 1281 456 1332; x_wconf 83' lang='grc' dir='ltr'>ὁ</span> <span class='ocrx_word' id='word_1_77' title='bbox 495 1281 793 1350; x_wconf 77' lang='grc' dir='ltr'>μονογενής</span> <span class='ocrx_word' id='word_1_78' title='bbox 838 1296 930 1333; x_wconf 88' lang='grc' dir='ltr'><strong>σου</strong></span> <span class='ocrx_word' id='word_1_79' title='bbox 961 1281 1110 1345; x_wconf 71' lang='grc' dir='ltr'>Υἱὸς,</span> <span class='ocrx_word' id='word_1_80' title='bbox 1141 1281 1282 1351; x_wconf 76' lang='grc' dir='ltr'>ὕπερ</span> <span class='ocrx_word' id='word_1_81' title='bbox 1319 1280 1480 1351; x_wconf 82' lang='grc' dir='ltr'>ἡμῶν</span> <span class='ocrx_word' id='word_1_82' title='bbox 1512 1281 1624 1350; x_wconf 80' lang='grc' dir='ltr'>ἔχει</span> <span class='ocrx_word' id='word_1_83' title='bbox 1657 1280 1714 1332; x_wconf 82' lang='grc' dir='ltr'>ὲν</span> <span class='ocrx_word' id='word_1_84' title='bbox 1744 1280 2018 1348; x_wconf 81' lang='grc' dir='ltr'><strong>οὐρανοῖς,</strong></span> 
     </span>
    </p>
   </div>
   <div class='ocr_carea' id='block_1_14' title="bbox 419 1370 2018 1444">
    <p class='ocr_par' dir='ltr' id='par_1_14' title="bbox 419 1370 2018 1444">
     <span class='ocr_line' id='line_1_14' title="bbox 419 1370 2018 1444; baseline 0.001 -21"><span class='ocrx_word' id='word_1_85' title='bbox 419 1370 518 1424; x_wconf 79' lang='grc' dir='ltr'>ἵνα</span> <span class='ocrx_word' id='word_1_86' title='bbox 559 1373 690 1442; x_wconf 81' lang='grc' dir='ltr'>ἡμῖν</span> <span class='ocrx_word' id='word_1_87' title='bbox 728 1371 952 1442; x_wconf 79' lang='grc' dir='ltr'>βεϐαίαν</span> <span class='ocrx_word' id='word_1_88' title='bbox 986 1372 1084 1444; x_wconf 84' lang='grc' dir='ltr'><strong>τὴν</strong></span> <span class='ocrx_word' id='word_1_89' title='bbox 1119 1374 1312 1426; x_wconf 78' lang='grc' dir='ltr'>ἐλπίδα</span> <span class='ocrx_word' id='word_1_90' title='bbox 1347 1374 1444 1444; x_wconf 83' lang='grc' dir='ltr'>τῆς</span> <span class='ocrx_word' id='word_1_91' title='bbox 1481 1373 1755 1444; x_wconf 77' lang='grc' dir='ltr'><strong>σωτηρίας</strong></span> <span class='ocrx_word' id='word_1_92' title='bbox 1784 1373 2018 1444; x_wconf 82' lang='grc' dir='ltr'>χαρίση-</span> 
     </span>
    </p>
   </div>
   <div class='ocr_carea' id='block_1_15' title="bbox 419 1464 2018 1537">
    <p class='ocr_par' dir='ltr' id='par_1_15' title="bbox 419 1464 2018 1537">
     <span class='ocr_line' id='line_1_15' title="bbox 419 1464 2018 1537; baseline 0.001 -22"><span class='ocrx_word' id='word_1_93' title='bbox 419 1479 539 1516; x_wconf 69' lang='grc' dir='ltr'>ται*</span> <span class='ocrx_word' id='word_1_94' title='bbox 571 1465 666 1518; x_wconf 75' lang='grc' dir='ltr'><strong>καὶ</strong></span> <span class='ocrx_word' id='word_1_95' title='bbox 705 1464 779 1536; x_wconf 79' lang='grc' dir='ltr'><strong>μὴ</strong></span> <span class='ocrx_word' id='word_1_96' title='bbox 821 1465 912 1519; x_wconf 86' lang='grc' dir='ltr'>διὰ</span> <span class='ocrx_word' id='word_1_97' title='bbox 958 1466 1058 1536; x_wconf 85' lang='grc' dir='ltr'><strong>τὴν</strong></span> <span class='ocrx_word' id='word_1_98' title='bbox 1099 1467 1412 1535; x_wconf 80' lang='grc' dir='ltr'><strong>ἀπόγνωσιν</strong></span> <span class='ocrx_word' id='word_1_99' title='bbox 1445 1466 1664 1537; x_wconf 81' lang='grc' dir='ltr'><strong>χείρους</strong></span> <span class='ocrx_word' id='word_1_100' title='bbox 1707 1465 2018 1535; x_wconf 87' lang='grc' dir='ltr'>γενώμεθα,</span> 
     </span>
    </p>
   </div>
   <div class='ocr_carea' id='block_1_16' title="bbox 419 1554 2015 1630">
    <p class='ocr_par' dir='ltr' id='par_1_16' title="bbox 419 1554 2015 1630">
     <span class='ocr_line' id='line_1_16' title="bbox 419 1554 2015 1630; baseline 0 -20"><span class='ocrx_word' id='word_1_101' title='bbox 419 1556 519 1617; x_wconf 76' lang='grc' dir='ltr'>διὰ</span> <span class='ocrx_word' id='word_1_102' title='bbox 563 1557 625 1610; x_wconf 77' lang='grc' dir='ltr'><strong>τὸ</strong></span> <span class='ocrx_word' id='word_1_103' title='bbox 652 1557 834 1628; x_wconf 84' lang='grc' dir='ltr'>τίμιον</span> <span class='ocrx_word' id='word_1_104' title='bbox 869 1559 1036 1612; x_wconf 82' lang='grc' dir='ltr'>αὐτοῦ</span> <span class='ocrx_word' id='word_1_105' title='bbox 1090 1554 1251 1629; x_wconf 75' lang='grc' dir='ltr'>αἷμα,</span> <span class='ocrx_word' id='word_1_106' title='bbox 1293 1559 1321 1612; x_wconf 80' lang='grc' dir='ltr'><strong>ὃ</strong></span> <span class='ocrx_word' id='word_1_107' title='bbox 1371 1560 1512 1630; x_wconf 84' lang='grc' dir='ltr'>ὑπὲρ</span> <span class='ocrx_word' id='word_1_108' title='bbox 1555 1559 1652 1629; x_wconf 82' lang='grc' dir='ltr'><strong>τῆς</strong></span> <span class='ocrx_word' id='word_1_109' title='bbox 1684 1559 1777 1611; x_wconf 83' lang='grc' dir='ltr'><strong>τοῦ</strong></span> <span class='ocrx_word' id='word_1_110' title='bbox 1809 1559 2015 1628; x_wconf 81' lang='grc' dir='ltr'><strong>κόσμου</strong></span> 
     </span>
    </p>
   </div>
   <div class='ocr_carea' id='block_1_17' title="bbox 419 1641 2017 1717">
    <p class='ocr_par' dir='ltr' id='par_1_17' title="bbox 419 1641 2017 1717">
     <span class='ocr_line' id='line_1_17' title="bbox 419 1641 2017 1717; baseline 0.004 -22"><span class='ocrx_word' id='word_1_111' title='bbox 419 1641 572 1714; x_wconf 82' lang='grc' dir='ltr'><strong>ζωῆς</strong></span> <span class='ocrx_word' id='word_1_112' title='bbox 624 1645 858 1716; x_wconf 77' lang='grc' dir='ltr'><strong>ἐξέχεεν·</strong></span> <span class='ocrx_word' id='word_1_113' title='bbox 908 1647 997 1701; x_wconf 67' lang='grc' dir='ltr'>διὰ</span> <span class='ocrx_word' id='word_1_114' title='bbox 1043 1650 1168 1712; x_wconf 80' lang='grc' dir='ltr'>τοὺς</span> <span class='ocrx_word' id='word_1_115' title='bbox 1220 1649 1410 1717; x_wconf 81' lang='grc' dir='ltr'>ἁγίους</span> <span class='ocrx_word' id='word_1_116' title='bbox 1440 1648 1605 1702; x_wconf 77' lang='grc' dir='ltr'>αὑτοῦ</span> <span class='ocrx_word' id='word_1_117' title='bbox 1658 1650 2017 1713; x_wconf 80' lang='grc' dir='ltr'>Ἀποστόλους</span> 
     </span>
    </p>
   </div>
   <div class='ocr_carea' id='block_1_18' title="bbox 417 1736 2017 1812">
    <p class='ocr_par' dir='ltr' id='par_1_18' title="bbox 417 1736 2017 1812">
     <span class='ocr_line' id='line_1_18' title="bbox 417 1736 2017 1812; baseline 0.005 -25"><span class='ocrx_word' id='word_1_118' title='bbox 417 1736 524 1788; x_wconf 77' lang='grc' dir='ltr'><strong>καὶ</strong></span> <span class='ocrx_word' id='word_1_119' title='bbox 553 1737 876 1812; x_wconf 73' lang='grc' dir='ltr'>Μάρτυρας,</span> <span class='ocrx_word' id='word_1_120' title='bbox 907 1740 956 1793; x_wconf 83' lang='grc' dir='ltr'>οἳ</span> <span class='ocrx_word' id='word_1_121' title='bbox 1005 1742 1148 1812; x_wconf 81' lang='grc' dir='ltr'>ὑπὲρ</span> <span class='ocrx_word' id='word_1_122' title='bbox 1173 1741 1268 1796; x_wconf 84' lang='grc' dir='ltr'><strong>τοῦ</strong></span> <span class='ocrx_word' id='word_1_123' title='bbox 1293 1742 1556 1812; x_wconf 85' lang='grc' dir='ltr'>ὀνόματος</span> <span class='ocrx_word' id='word_1_124' title='bbox 1593 1743 1758 1795; x_wconf 83' lang='grc' dir='ltr'>αὐτοῦ</span> <span class='ocrx_word' id='word_1_125' title='bbox 1789 1743 1847 1795; x_wconf 71' lang='grc' dir='ltr'>τὸ</span> <span class='ocrx_word' id='word_1_126' title='bbox 1886 1743 2017 1796; x_wconf 82' lang='grc' dir='ltr'>ίδιον</span> 
     </span>
    </p>
   </div>
   <div class='ocr_carea' id='block_1_19' title="bbox 418 1823 2012 1906">
    <p class='ocr_par' dir='ltr' id='par_1_19' title="bbox 418 1823 2012 1906">
     <span class='ocr_line' id='line_1_19' title="bbox 418 1823 2012 1906; baseline 0.003 -23"><span class='ocrx_word' id='word_1_127' title='bbox 418 1823 568 1901; x_wconf 73' lang='grc' dir='ltr'>αἷμα</span> <span class='ocrx_word' id='word_1_128' title='bbox 597 1831 834 1902; x_wconf 80' lang='grc' dir='ltr'><strong>ἑξέχεον·</strong></span> <span class='ocrx_word' id='word_1_129' title='bbox 881 1833 969 1888; x_wconf 84' lang='grc' dir='ltr'>διὰ</span> <span class='ocrx_word' id='word_1_130' title='bbox 1005 1836 1134 1897; x_wconf 82' lang='grc' dir='ltr'>τοὺς</span> <span class='ocrx_word' id='word_1_131' title='bbox 1183 1835 1370 1903; x_wconf 82' lang='grc' dir='ltr'>ἁγίους</span> <span class='ocrx_word' id='word_1_132' title='bbox 1399 1837 1692 1906; x_wconf 66' lang='grc' dir='ltr'>Προφήτας</span> <span class='ocrx_word' id='word_1_133' title='bbox 1723 1837 1815 1889; x_wconf 58' lang='grc' dir='ltr'><strong>καὶ¹</strong></span> <span class='ocrx_word' id='word_1_134' title='bbox 1839 1835 2012 1888; x_wconf 80' lang='grc' dir='ltr'><strong>Πατέ-</strong></span> 
     </span>
    </p>
   </div>
   <div class='ocr_carea' id='block_1_20' title="bbox 419 1925 2012 1998">
    <p class='ocr_par' dir='ltr' id='par_1_20' title="bbox 419 1925 2012 1998">
     <span class='ocr_line' id='line_1_20' title="bbox 419 1925 2012 1998; baseline 0.004 -24"><span class='ocrx_word' id='word_1_135' title='bbox 419 1939 529 1991; x_wconf 87' lang='grc' dir='ltr'><strong>ρας</strong></span> <span class='ocrx_word' id='word_1_136' title='bbox 550 1925 645 1977; x_wconf 74' lang='grc' dir='ltr'>καὶ</span> <span class='ocrx_word' id='word_1_137' title='bbox 679 1925 1057 1996; x_wconf 84' lang='grc' dir='ltr'>Πατριάρχας,</span> <span class='ocrx_word' id='word_1_138' title='bbox 1117 1927 1314 1991; x_wconf 77' lang='grc' dir='ltr'>οἵτινες</span> <span class='ocrx_word' id='word_1_139' title='bbox 1343 1927 1682 1997; x_wconf 80' lang='grc' dir='ltr'>ἠγωνίσαντο</span> <span class='ocrx_word' id='word_1_140' title='bbox 1711 1927 2012 1998; x_wconf 82' lang='grc' dir='ltr'>εὐαρεστῆ-</span> 
     </span>
    </p>
   </div>
   <div class='ocr_carea' id='block_1_21' title="bbox 417 2015 2013 2091">
    <p class='ocr_par' dir='ltr' id='par_1_21' title="bbox 417 2015 2013 2091">
     <span class='ocr_line' id='line_1_21' title="bbox 417 2015 2013 2091; baseline 0.003 -25"><span class='ocrx_word' id='word_1_141' title='bbox 417 2029 519 2067; x_wconf 85' lang='grc' dir='ltr'>σαι</span> <span class='ocrx_word' id='word_1_142' title='bbox 558 2015 635 2086; x_wconf 84' lang='grc' dir='ltr'>τῷ</span> <span class='ocrx_word' id='word_1_143' title='bbox 663 2017 805 2087; x_wconf 80' lang='grc' dir='ltr'>ἁγίῳ</span> <span class='ocrx_word' id='word_1_144' title='bbox 850 2035 942 2070; x_wconf 81' lang='grc' dir='ltr'><strong>σου</strong></span> <span class='ocrx_word' id='word_1_145' title='bbox 985 2019 1239 2088; x_wconf 60' lang='grc' dir='ltr'>ὀνόματικ</span> <span class='ocrx_word' id='word_1_146' title='bbox 1282 2018 1372 2088; x_wconf 77' lang='grc' dir='ltr'><strong>Μὴ</strong></span> <span class='ocrx_word' id='word_1_147' title='bbox 1408 2018 1644 2091; x_wconf 75' lang='grc' dir='ltr'>παρίδῃς</span> <span class='ocrx_word' id='word_1_148' title='bbox 1691 2019 1792 2088; x_wconf 80' lang='grc' dir='ltr'>τὴν</span> <span class='ocrx_word' id='word_1_149' title='bbox 1831 2019 2013 2087; x_wconf 79' lang='grc' dir='ltr'>δέησιν</span> 
     </span>
    </p>
   </div>
   <div class='ocr_carea' id='block_1_22' title="bbox 414 2104 2010 2185">
    <p class='ocr_par' dir='ltr' id='par_1_22' title="bbox 414 2104 2010 2185">
     <span class='ocr_line' id='line_1_22' title="bbox 414 2104 2010 2185; baseline 0.003 -28"><span class='ocrx_word' id='word_1_150' title='bbox 414 2104 604 2185; x_wconf 76' lang='grc' dir='ltr'>ἡμῶν,</span> <span class='ocrx_word' id='word_1_151' title='bbox 642 2105 834 2177; x_wconf 83' lang='grc' dir='ltr'>Κύριε,</span> <span class='ocrx_word' id='word_1_152' title='bbox 873 2107 1490 2182; x_wconf 20' lang='grc' dir='ltr'>μηδὲςὲγκαταηεξίπῃς</span> <span class='ocrx_word' id='word_1_153' title='bbox 1519 2111 1666 2179; x_wconf 77' lang='grc' dir='ltr'>ἡμᾶς</span> <span class='ocrx_word' id='word_1_154' title='bbox 1706 2109 1786 2171; x_wconf 87' lang='grc' dir='ltr'>εἱς</span> <span class='ocrx_word' id='word_1_155' title='bbox 1837 2108 2010 2172; x_wconf 82' lang='grc' dir='ltr'><strong>τέλος.</strong></span> 
     </span>
    </p>
   </div>
   <div class='ocr_carea' id='block_1_23' title="bbox 416 2195 2009 2272">
    <p class='ocr_par' dir='ltr' id='par_1_23' title="bbox 416 2195 2009 2272">
     <span class='ocr_line' id='line_1_23' title="bbox 416 2195 2009 2272; baseline 0.003 -24"><span class='ocrx_word' id='word_1_156' title='bbox 416 2195 502 2248; x_wconf 65' lang='lat' dir='ltr'><strong>UO</strong></span> <span class='ocrx_word' id='word_1_157' title='bbox 524 2197 632 2267; x_wconf 74' lang='grc' dir='ltr'>γὰρ</span> <span class='ocrx_word' id='word_1_158' title='bbox 651 2198 744 2250; x_wconf 71' lang='grc' dir='ltr'>ἐπὶ</span> <span class='ocrx_word' id='word_1_159' title='bbox 767 2201 884 2262; x_wconf 80' lang='grc' dir='ltr'>ταῖς</span> <span class='ocrx_word' id='word_1_160' title='bbox 905 2199 1276 2264; x_wconf 80' lang='grc' dir='ltr'>δικαιοσύναις</span> <span class='ocrx_word' id='word_1_161' title='bbox 1295 2203 1327 2272; x_wconf 87' lang='grc' dir='ltr'><strong>ἡ</strong></span> <span class='ocrx_word' id='word_1_162' title='bbox 1337 2201 1451 2271; x_wconf 84' lang='grc' dir='ltr'>μῶν</span> <span class='ocrx_word' id='word_1_163' title='bbox 1474 2200 1800 2264; x_wconf 79' lang='grc' dir='ltr'><strong>πεποιθότες</strong></span> <span class='ocrx_word' id='word_1_164' title='bbox 1821 2200 2009 2271; x_wconf 78' lang='grc' dir='ltr'>ἐσμὲν,</span> 
     </span>
    </p>
   </div>
   <div class='ocr_carea' id='block_1_24' title="bbox 414 2286 2014 2366">
    <p class='ocr_par' dir='ltr' id='par_1_24' title="bbox 414 2286 2014 2366">
     <span class='ocr_line' id='line_1_24' title="bbox 414 2286 2014 2366; baseline 0.004 -24"><span class='ocrx_word' id='word_1_165' title='bbox 414 2287 540 2342; x_wconf 77' lang='grc' dir='ltr'>ἀλλ’</span> <span class='ocrx_word' id='word_1_166' title='bbox 571 2290 664 2343; x_wconf 71' lang='grc' dir='ltr'><strong>ἐπὶ</strong></span> <span class='ocrx_word' id='word_1_167' title='bbox 699 2290 839 2344; x_wconf 80' lang='grc' dir='ltr'>ἐλέει</span> <span class='ocrx_word' id='word_1_168' title='bbox 865 2291 944 2361; x_wconf 84' lang='grc' dir='ltr'>τῷ</span> <span class='ocrx_word' id='word_1_169' title='bbox 976 2291 1073 2363; x_wconf 85' lang='grc' dir='ltr'><strong>σῷ,</strong></span> <span class='ocrx_word' id='word_1_170' title='bbox 1108 2293 1174 2345; x_wconf 85' lang='grc' dir='ltr'>δι’</span> <span class='ocrx_word' id='word_1_171' title='bbox 1205 2286 1266 2346; x_wconf 77' lang='grc' dir='ltr'>οὗ</span> <span class='ocrx_word' id='word_1_172' title='bbox 1320 2294 1382 2347; x_wconf 84' lang='grc' dir='ltr'>τὸ</span> <span class='ocrx_word' id='word_1_173' title='bbox 1439 2295 1599 2362; x_wconf 80' lang='grc' dir='ltr'>γένος</span> <span class='ocrx_word' id='word_1_174' title='bbox 1650 2294 1808 2366; x_wconf 81' lang='grc' dir='ltr'>ἡμῶν</span> <span class='ocrx_word' id='word_1_175' title='bbox 1858 2312 2014 2366; x_wconf 86' lang='grc' dir='ltr'>περι-</span> 
     </span>
    </p>
   </div>
   <div class='ocr_carea' id='block_1_25' title="bbox 417 2379 2012 2458">
    <p class='ocr_par' dir='ltr' id='par_1_25' title="bbox 417 2379 2012 2458">
     <span class='ocr_line' id='line_1_25' title="bbox 417 2379 2012 2458; baseline 0.006 -26"><span class='ocrx_word' id='word_1_176' title='bbox 417 2383 574 2451; x_wconf 77' lang='grc' dir='ltr'>ποιῇ.</span> <span class='ocrx_word' id='word_1_177' title='bbox 622 2379 966 2455; x_wconf 64' lang='grc' dir='ltr'>’ἱκετεύομεν</span> <span class='ocrx_word' id='word_1_178' title='bbox 1015 2385 1110 2438; x_wconf 71' lang='grc' dir='ltr'><strong>καὶ</strong></span> <span class='ocrx_word' id='word_1_179' title='bbox 1150 2385 1582 2456; x_wconf 82' lang='grc' dir='ltr'><strong>παρακαλοῦμεν</strong></span> <span class='ocrx_word' id='word_1_180' title='bbox 1614 2386 1714 2458; x_wconf 85' lang='grc' dir='ltr'>τὴν</span> <span class='ocrx_word' id='word_1_181' title='bbox 1747 2386 1847 2458; x_wconf 81' lang='grc' dir='ltr'>σὴν</span> <span class='ocrx_word' id='word_1_182' title='bbox 1877 2388 2012 2456; x_wconf 85' lang='grc' dir='ltr'>ἁγα-</span> 
     </span>
    </p>
   </div>
   <div class='ocr_carea' id='block_1_26' title="bbox 416 2466 2009 2552">
    <p class='ocr_par' dir='ltr' id='par_1_26' title="bbox 416 2466 2009 2552">
     <span class='ocr_line' id='line_1_26' title="bbox 416 2466 2009 2552; baseline 0.008 -32"><span class='ocrx_word' id='word_1_183' title='bbox 416 2466 648 2540; x_wconf 81' lang='grc' dir='ltr'>θότητα,</span> <span class='ocrx_word' id='word_1_184' title='bbox 677 2473 764 2527; x_wconf 83' lang='grc' dir='ltr'><strong>ἵνα</strong></span> <span class='ocrx_word' id='word_1_185' title='bbox 793 2475 869 2547; x_wconf 86' lang='grc' dir='ltr'>μὴ</span> <span class='ocrx_word' id='word_1_186' title='bbox 899 2476 1128 2546; x_wconf 74' lang='grc' dir='ltr'>γένηται</span> <span class='ocrx_word' id='word_1_187' title='bbox 1152 2479 1233 2540; x_wconf 76' lang='grc' dir='ltr'><strong>εἰς</strong></span> <span class='ocrx_word' id='word_1_188' title='bbox 1265 2479 1443 2548; x_wconf 82' lang='grc' dir='ltr'>κρῖμα</span> <span class='ocrx_word' id='word_1_189' title='bbox 1463 2479 1597 2550; x_wconf 81' lang='grc' dir='ltr'>ἡμῖν</span> <span class='ocrx_word' id='word_1_190' title='bbox 1625 2479 1686 2532; x_wconf 84' lang='grc' dir='ltr'><strong>τὸ</strong></span> <span class='ocrx_word' id='word_1_191' title='bbox 1719 2481 2009 2552; x_wconf 74' lang='grc' dir='ltr'>οἰκονομη-</span> 
     </span>
    </p>
   </div>
   <div class='ocr_carea' id='block_1_27' title="bbox 418 2557 2011 2642">
    <p class='ocr_par' dir='ltr' id='par_1_27' title="bbox 418 2557 2011 2642">
     <span class='ocr_line' id='line_1_27' title="bbox 418 2557 2011 2642; baseline 0.008 -30"><span class='ocrx_word' id='word_1_192' title='bbox 418 2557 516 2614; x_wconf 85' lang='grc' dir='ltr'>θὲν</span> <span class='ocrx_word' id='word_1_193' title='bbox 556 2564 692 2632; x_wconf 78' lang='grc' dir='ltr'>ἡμῖν</span> <span class='ocrx_word' id='word_1_194' title='bbox 734 2565 838 2618; x_wconf 81' lang='grc' dir='ltr'><strong>ὑπὸ</strong></span> <span class='ocrx_word' id='word_1_195' title='bbox 863 2567 960 2620; x_wconf 89' lang='grc' dir='ltr'><strong>τοῦ</strong></span> <span class='ocrx_word' id='word_1_196' title='bbox 1000 2568 1342 2638; x_wconf 88' lang='grc' dir='ltr'>Μονογενοῦς</span> <span class='ocrx_word' id='word_1_197' title='bbox 1374 2587 1468 2622; x_wconf 93' lang='grc' dir='ltr'><strong>σου</strong></span> <span class='ocrx_word' id='word_1_198' title='bbox 1497 2570 1629 2623; x_wconf 82' lang='grc' dir='ltr'>Υἱοῦ</span> <span class='ocrx_word' id='word_1_199' title='bbox 1662 2571 1800 2642; x_wconf 75' lang='grc' dir='ltr'>πρὸς</span> <span class='ocrx_word' id='word_1_200' title='bbox 1835 2588 2011 2642; x_wconf 88' lang='grc' dir='ltr'>σωτη-</span> 
     </span>
    </p>
   </div>
   <div class='ocr_carea' id='block_1_28' title="bbox 421 2650 2007 2732">
    <p class='ocr_par' dir='ltr' id='par_1_28' title="bbox 421 2650 2007 2732">
     <span class='ocr_line' id='line_1_28' title="bbox 421 2650 2007 2732; baseline 0.008 -29"><span class='ocrx_word' id='word_1_201' title='bbox 421 2650 550 2721; x_wconf 85' lang='grc' dir='ltr'>ρίαν</span> <span class='ocrx_word' id='word_1_202' title='bbox 591 2656 910 2727; x_wconf 87' lang='grc' dir='ltr'>μυστήριον·</span> <span class='ocrx_word' id='word_1_203' title='bbox 953 2659 1047 2711; x_wconf 82' lang='grc' dir='ltr'>καὶ</span> <span class='ocrx_word' id='word_1_204' title='bbox 1094 2660 1168 2730; x_wconf 83' lang='grc' dir='ltr'>μὴ</span> <span class='ocrx_word' id='word_1_205' title='bbox 1206 2661 1526 2732; x_wconf 76' lang='grc' dir='ltr'>ἀπορῤίψῃς</span> <span class='ocrx_word' id='word_1_206' title='bbox 1569 2663 1718 2732; x_wconf 73' lang='grc' dir='ltr'>ἡμᾶς</span> <span class='ocrx_word' id='word_1_207' title='bbox 1763 2663 1870 2715; x_wconf 74' lang='grc' dir='ltr'><strong>ἀπὸ</strong></span> <span class='ocrx_word' id='word_1_208' title='bbox 1909 2661 2007 2716; x_wconf 89' lang='grc' dir='ltr'><strong>τοῦ</strong></span> 
     </span>
    </p>
   </div>
   <div class='ocr_carea' id='block_1_29' title="bbox 421 2742 2004 2827">
    <p class='ocr_par' dir='ltr' id='par_1_29' title="bbox 421 2742 2004 2827">
     <span class='ocr_line' id='line_1_29' title="bbox 421 2742 2004 2827; baseline 0.011 -34"><span class='ocrx_word' id='word_1_209' title='bbox 421 2742 722 2812; x_wconf 79' lang='grc' dir='ltr'>προσώπου</span> <span class='ocrx_word' id='word_1_210' title='bbox 752 2764 868 2804; x_wconf 87' lang='grc' dir='ltr'>σου.</span> <span class='ocrx_word' id='word_1_211' title='bbox 921 2749 1011 2821; x_wconf 84' lang='grc' dir='ltr'><strong>Μὴ</strong></span> <span class='ocrx_word' id='word_1_212' title='bbox 1061 2750 1289 2825; x_wconf 81' lang='grc' dir='ltr'>βδελύξῃ</span> <span class='ocrx_word' id='word_1_213' title='bbox 1318 2753 1476 2823; x_wconf 84' lang='grc' dir='ltr'>ήμῶν</span> <span class='ocrx_word' id='word_1_214' title='bbox 1525 2754 1624 2824; x_wconf 78' lang='grc' dir='ltr'><strong>τὴν</strong></span> <span class='ocrx_word' id='word_1_215' title='bbox 1656 2754 2004 2827; x_wconf 84' lang='grc' dir='ltr'>ἀναξιότητα’</span> 
     </span>
    </p>
   </div>
   <div class='ocr_carea' id='block_1_30' title="bbox 419 2833 2007 2916">
    <p class='ocr_par' dir='ltr' id='par_1_30' title="bbox 419 2833 2007 2916">
     <span class='ocr_line' id='line_1_30' title="bbox 419 2833 2007 2916; baseline 0.009 -28"><span class='ocrx_word' id='word_1_216' title='bbox 419 2833 543 2888; x_wconf 82' lang='grc' dir='ltr'>ἀλλ’</span> <span class='ocrx_word' id='word_1_217' title='bbox 587 2837 810 2909; x_wconf 76' lang='grc' dir='ltr'>ἐλέησον</span> <span class='ocrx_word' id='word_1_218' title='bbox 845 2841 994 2913; x_wconf 77' lang='grc' dir='ltr'>ἡμᾶς</span> <span class='ocrx_word' id='word_1_219' title='bbox 1042 2845 1186 2898; x_wconf 78' lang='grc' dir='ltr'>κατὰ</span> <span class='ocrx_word' id='word_1_220' title='bbox 1231 2846 1292 2899; x_wconf 85' lang='grc' dir='ltr'><strong>τὸ</strong></span> <span class='ocrx_word' id='word_1_221' title='bbox 1345 2848 1490 2916; x_wconf 82' lang='grc' dir='ltr'><strong>μέγα</strong></span> <span class='ocrx_word' id='word_1_222' title='bbox 1546 2864 1639 2900; x_wconf 87' lang='grc' dir='ltr'><strong>σου</strong></span> <span class='ocrx_word' id='word_1_223' title='bbox 1695 2847 1864 2914; x_wconf 76' lang='grc' dir='ltr'>ἔλεος,</span> <span class='ocrx_word' id='word_1_224' title='bbox 1912 2848 2007 2902; x_wconf 78' lang='grc' dir='ltr'>καὶ</span> 
     </span>
    </p>
   </div>
   <div class='ocr_carea' id='block_1_31' title="bbox 419 2930 2006 3010">
    <p class='ocr_par' dir='ltr' id='par_1_31' title="bbox 419 2930 2006 3010">
     <span class='ocr_line' id='line_1_31' title="bbox 419 2930 2006 3010; baseline 0.008 -28"><span class='ocrx_word' id='word_1_225' title='bbox 419 2930 566 2983; x_wconf 81' lang='grc' dir='ltr'>κατά</span> <span class='ocrx_word' id='word_1_226' title='bbox 616 2933 679 2985; x_wconf 82' lang='grc' dir='ltr'>τὸ</span> <span class='ocrx_word' id='word_1_227' title='bbox 737 2934 939 2999; x_wconf 76' lang='grc' dir='ltr'>πλῆθος</span> <span class='ocrx_word' id='word_1_228' title='bbox 983 2937 1090 2992; x_wconf 86' lang='grc' dir='ltr'><strong>τῶν</strong></span> <span class='ocrx_word' id='word_1_229' title='bbox 1125 2940 1428 3010; x_wconf 80' lang='grc' dir='ltr'>οἰκτιρμῶν</span> <span class='ocrx_word' id='word_1_230' title='bbox 1473 2957 1589 3006; x_wconf 86' lang='grc' dir='ltr'>σου,</span> <span class='ocrx_word' id='word_1_231' title='bbox 1624 2942 1918 3009; x_wconf 83' lang='grc' dir='ltr'>παράγαγε</span> <span class='ocrx_word' id='word_1_232' title='bbox 1939 2941 2006 2996; x_wconf 76' lang='grc' dir='ltr'>τὰ</span> 
     </span>
    </p>
   </div>
   <div class='ocr_carea' id='block_1_32' title="bbox 416 3019 2006 3102">
    <p class='ocr_par' dir='ltr' id='par_1_32' title="bbox 416 3019 2006 3102">
     <span class='ocr_line' id='line_1_32' title="bbox 416 3019 2006 3102; baseline 0.007 -29"><span class='ocrx_word' id='word_1_233' title='bbox 416 3019 796 3092; x_wconf 82' lang='grc' dir='ltr'>ἁμαρτήματα</span> <span class='ocrx_word' id='word_1_234' title='bbox 821 3023 932 3096; x_wconf 90' lang='lat' dir='ltr'><strong>[Fr.</strong></span> <span class='ocrx_word' id='word_1_235' title='bbox 962 3026 1201 3098; x_wconf 73' lang='lat' dir='ltr'><strong>alterque</strong></span> <span class='ocrx_word' id='word_1_236' title='bbox 1229 3029 1302 3082; x_wconf 83' lang='lat' dir='ltr'><strong>M.</strong></span> <span class='ocrx_word' id='word_1_237' title='bbox 1333 3029 1684 3102; x_wconf 82' lang='grc' dir='ltr'><strong>ἀνομήματα]</strong></span> <span class='ocrx_word' id='word_1_238' title='bbox 1715 3031 1895 3101; x_wconf 82' lang='grc' dir='ltr'>ἡμῶν,</span> <span class='ocrx_word' id='word_1_239' title='bbox 1922 3031 2006 3084; x_wconf 84' lang='grc' dir='ltr'>’ίνα</span> 
     </span>
    </p>
   </div>
   <div class='ocr_carea' id='block_1_33' title="bbox 421 3111 2006 3192">
    <p class='ocr_par' dir='ltr' id='par_1_33' title="bbox 421 3111 2006 3192">
     <span class='ocr_line' id='line_1_33' title="bbox 421 3111 2006 3192; baseline 0.014 -29"><span class='ocrx_word' id='word_1_240' title='bbox 421 3111 807 3184; x_wconf 73' lang='grc' dir='ltr'>ἀκατακρίτους</span> <span class='ocrx_word' id='word_1_241' title='bbox 855 3119 1247 3188; x_wconf 84' lang='grc' dir='ltr'>προσελθόντες</span> <span class='ocrx_word' id='word_1_242' title='bbox 1295 3121 1634 3177; x_wconf 80' lang='grc' dir='ltr'>κατενώπιον</span> <span class='ocrx_word' id='word_1_243' title='bbox 1689 3123 1789 3192; x_wconf 81' lang='grc' dir='ltr'>τῆς</span> <span class='ocrx_word' id='word_1_244' title='bbox 1843 3123 2006 3190; x_wconf 75' lang='grc' dir='ltr'>ἁγίας</span> 
     </span>
    </p>
   </div>
   <div class='ocr_carea' id='block_1_34' title="bbox 2131 634 3714 708">
    <p class='ocr_par' dir='ltr' id='par_1_34' title="bbox 2131 634 3714 708">
     <span class='ocr_line' id='line_1_34' title="bbox 2131 634 3714 708; baseline 0.006 -21"><span class='ocrx_word' id='word_1_245' title='bbox 2131 635 2236 688; x_wconf 86' lang='lat' dir='ltr'><strong>tius</strong></span> <span class='ocrx_word' id='word_1_246' title='bbox 2266 643 2374 688; x_wconf 86' lang='lat' dir='ltr'><strong>esto</strong></span> <span class='ocrx_word' id='word_1_247' title='bbox 2399 634 2626 705; x_wconf 76' lang='lat' dir='ltr'><strong>peccatis</strong></span> <span class='ocrx_word' id='word_1_248' title='bbox 2649 638 2841 690; x_wconf 80' lang='lat' dir='ltr'><strong>nostris</strong></span> <span class='ocrx_word' id='word_1_249' title='bbox 2873 647 3087 708; x_wconf 80' lang='lat' dir='ltr'><strong>propter</strong></span> <span class='ocrx_word' id='word_1_250' title='bbox 3115 655 3303 693; x_wconf 81' lang='lat' dir='ltr'><strong>nomen</strong></span> <span class='ocrx_word' id='word_1_251' title='bbox 3335 650 3485 696; x_wconf 83' lang='lat' dir='ltr'><strong>tuum</strong></span> <span class='ocrx_word' id='word_1_252' title='bbox 3510 641 3573 708; x_wconf 77' lang='lat'><strong>“,</strong></span> <span class='ocrx_word' id='word_1_253' title='bbox 3602 643 3714 697; x_wconf 88' lang='lat' dir='ltr'><strong>Do-</strong></span> 
     </span>
    </p>
   </div>
   <div class='ocr_carea' id='block_1_35' title="bbox 2129 725 3714 800">
    <p class='ocr_par' dir='ltr' id='par_1_35' title="bbox 2129 725 3714 800">
     <span class='ocr_line' id='line_1_35' title="bbox 2129 725 3714 800; baseline 0.006 -21"><span class='ocrx_word' id='word_1_254' title='bbox 2129 725 2299 789; x_wconf 90' lang='lat' dir='ltr'><strong>mine,</strong></span> <span class='ocrx_word' id='word_1_255' title='bbox 2347 742 2559 781; x_wconf 87' lang='lat' dir='ltr'><strong>memor</strong></span> <span class='ocrx_word' id='word_1_256' title='bbox 2593 737 2796 783; x_wconf 67' lang='lat' dir='ltr'><strong>nostra:</strong></span> <span class='ocrx_word' id='word_1_257' title='bbox 2831 729 3204 795; x_wconf 87' lang='lat' dir='ltr'><strong>delibationis,</strong></span> <span class='ocrx_word' id='word_1_258' title='bbox 3241 748 3404 800; x_wconf 87' lang='lat' dir='ltr'><strong>quam</strong></span> <span class='ocrx_word' id='word_1_259' title='bbox 3447 750 3513 788; x_wconf 82' lang='lat' dir='ltr'><strong>ex</strong></span> <span class='ocrx_word' id='word_1_260' title='bbox 3549 734 3714 789; x_wconf 88' lang='lat' dir='ltr'><strong>nobis</strong></span> 
     </span>
    </p>
   </div>
   <div class='ocr_carea' id='block_1_36' title="bbox 2127 821 3713 895">
    <p class='ocr_par' dir='ltr' id='par_1_36' title="bbox 2127 821 3713 895">
     <span class='ocr_line' id='line_1_36' title="bbox 2127 821 3713 895; baseline 0.004 -22"><span class='ocrx_word' id='word_1_261' title='bbox 2127 834 2231 888; x_wconf 86' lang='lat' dir='ltr'><strong>per</strong></span> <span class='ocrx_word' id='word_1_262' title='bbox 2260 835 2528 874; x_wconf 85' lang='lat' dir='ltr'><strong>summam</strong></span> <span class='ocrx_word' id='word_1_263' title='bbox 2557 821 2954 891; x_wconf 82' lang='lat' dir='ltr'><strong>benignitatem</strong></span> <span class='ocrx_word' id='word_1_264' title='bbox 2983 831 3039 876; x_wconf 89' lang='lat' dir='ltr'><strong>et</strong></span> <span class='ocrx_word' id='word_1_265' title='bbox 3072 822 3425 878; x_wconf 88' lang='lat' dir='ltr'><strong>clementiam</strong></span> <span class='ocrx_word' id='word_1_266' title='bbox 3461 827 3713 895; x_wconf 79' lang='lat' dir='ltr'><strong>unigeni-</strong></span> 
     </span>
    </p>
   </div>
   <div class='ocr_carea' id='block_1_37' title="bbox 2127 909 3707 983">
    <p class='ocr_par' dir='ltr' id='par_1_37' title="bbox 2127 909 3707 983">
     <span class='ocr_line' id='line_1_37' title="bbox 2127 909 3707 983; baseline 0.006 -21"><span class='ocrx_word' id='word_1_267' title='bbox 2127 915 2215 964; x_wconf 91' lang='lat' dir='ltr'><strong>tus</strong></span> <span class='ocrx_word' id='word_1_268' title='bbox 2242 909 2411 966; x_wconf 81' lang='lat' dir='ltr'><strong>Filius</strong></span> <span class='ocrx_word' id='word_1_269' title='bbox 2439 919 2566 966; x_wconf 88' lang='lat' dir='ltr'><strong>tuus</strong></span> <span class='ocrx_word' id='word_1_270' title='bbox 2603 920 2906 982; x_wconf 78' lang='lat' dir='ltr'><strong>acceptam,</strong></span> <span class='ocrx_word' id='word_1_271' title='bbox 2946 913 2997 966; x_wconf 94' lang='lat' dir='ltr'><strong>in</strong></span> <span class='ocrx_word' id='word_1_272' title='bbox 3027 914 3181 968; x_wconf 88' lang='lat' dir='ltr'><strong>coelis</strong></span> <span class='ocrx_word' id='word_1_273' title='bbox 3213 930 3315 983; x_wconf 90' lang='lat' dir='ltr'><strong>pro</strong></span> <span class='ocrx_word' id='word_1_274' title='bbox 3339 915 3498 969; x_wconf 89' lang='lat' dir='ltr'><strong>nobis</strong></span> <span class='ocrx_word' id='word_1_275' title='bbox 3521 917 3707 982; x_wconf 86' lang='lat' dir='ltr'><strong>habet.</strong></span> 
     </span>
    </p>
   </div>
   <div class='ocr_carea' id='block_1_38' title="bbox 2127 1001 3713 1075">
    <p class='ocr_par' dir='ltr' id='par_1_38' title="bbox 2127 1001 3713 1075">
     <span class='ocr_line' id='line_1_38' title="bbox 2127 1001 3713 1075; baseline 0.005 -20"><span class='ocrx_word' id='word_1_276' title='bbox 2127 1001 2192 1055; x_wconf 88' lang='lat' dir='ltr'><strong>ad</strong></span> <span class='ocrx_word' id='word_1_277' title='bbox 2218 1012 2426 1057; x_wconf 90' lang='lat' dir='ltr'><strong>certam</strong></span> <span class='ocrx_word' id='word_1_278' title='bbox 2457 1003 2582 1057; x_wconf 87' lang='lat' dir='ltr'><strong>inde</strong></span> <span class='ocrx_word' id='word_1_279' title='bbox 2618 1004 2776 1059; x_wconf 87' lang='lat' dir='ltr'><strong>nobis</strong></span> <span class='ocrx_word' id='word_1_280' title='bbox 2813 1021 2963 1074; x_wconf 85' lang='lat' dir='ltr'><strong>spem</strong></span> <span class='ocrx_word' id='word_1_281' title='bbox 2991 1005 3184 1060; x_wconf 90' lang='lat' dir='ltr'><strong>salutis</strong></span> <span class='ocrx_word' id='word_1_282' title='bbox 3216 1008 3578 1075; x_wconf 67' lang='lat' dir='ltr'><strong>praestandam</strong></span> <span class='ocrx_word' id='word_1_283' title='bbox 3611 1027 3624 1062; x_wconf 88' lang='lat'><strong>:</strong></span> <span class='ocrx_word' id='word_1_284' title='bbox 3655 1021 3713 1063; x_wconf 87' lang='lat' dir='ltr'><strong>et</strong></span> 
     </span>
    </p>
   </div>
   <div class='ocr_carea' id='block_1_39' title="bbox 2124 1093 3712 1169">
    <p class='ocr_par' dir='ltr' id='par_1_39' title="bbox 2124 1093 3712 1169">
     <span class='ocr_line' id='line_1_39' title="bbox 2124 1093 3712 1169; baseline 0.004 -22"><span class='ocrx_word' id='word_1_285' title='bbox 2124 1109 2214 1154; x_wconf 87' lang='lat' dir='ltr'><strong>ne,</strong></span> <span class='ocrx_word' id='word_1_286' title='bbox 2244 1093 2457 1164; x_wconf 84' lang='lat' dir='ltr'><strong>abjecta</strong></span> <span class='ocrx_word' id='word_1_287' title='bbox 2497 1095 2691 1150; x_wconf 73' lang='lat' dir='ltr'><strong>salutis</strong></span> <span class='ocrx_word' id='word_1_288' title='bbox 2733 1111 2849 1165; x_wconf 84' lang='lat' dir='ltr'><strong>spe.</strong></span> <span class='ocrx_word' id='word_1_289' title='bbox 2877 1097 3095 1167; x_wconf 81' lang='lat' dir='ltr'><strong>pejores</strong></span> <span class='ocrx_word' id='word_1_290' title='bbox 3121 1097 3450 1164; x_wconf 83' lang='lat' dir='ltr'><strong>evadamus;</strong></span> <span class='ocrx_word' id='word_1_291' title='bbox 3487 1108 3712 1169; x_wconf 83' lang='lat' dir='ltr'><strong>prepter</strong></span> 
     </span>
    </p>
   </div>
   <div class='ocr_carea' id='block_1_40' title="bbox 2123 1187 3710 1262">
    <p class='ocr_par' dir='ltr' id='par_1_40' title="bbox 2123 1187 3710 1262">
     <span class='ocr_line' id='line_1_40' title="bbox 2123 1187 3710 1262; baseline 0.004 -23"><span class='ocrx_word' id='word_1_292' title='bbox 2123 1187 2244 1256; x_wconf 91' lang='lat' dir='ltr'><strong>ejus</strong></span> <span class='ocrx_word' id='word_1_293' title='bbox 2273 1187 2594 1257; x_wconf 83' lang='lat' dir='ltr'><strong>sanguinem</strong></span> <span class='ocrx_word' id='word_1_294' title='bbox 2621 1205 2781 1258; x_wconf 83' lang='lat' dir='ltr'><strong>quem</strong></span> <span class='ocrx_word' id='word_1_295' title='bbox 2804 1189 3003 1244; x_wconf 79' lang='lat' dir='ltr'><strong>eﬂ‘udit</strong></span> <span class='ocrx_word' id='word_1_296' title='bbox 3025 1204 3127 1259; x_wconf 89' lang='lat' dir='ltr'><strong>pro</strong></span> <span class='ocrx_word' id='word_1_297' title='bbox 3151 1191 3343 1246; x_wconf 91' lang='lat' dir='ltr'><strong>mundi</strong></span> <span class='ocrx_word' id='word_1_298' title='bbox 3373 1193 3487 1247; x_wconf 86' lang='lat' dir='ltr'><strong>vita</strong></span> <span class='ocrx_word' id='word_1_299' title='bbox 3523 1211 3535 1245; x_wconf 90' lang='lat'><strong>:</strong></span> <span class='ocrx_word' id='word_1_300' title='bbox 3584 1209 3710 1262; x_wconf 90' lang='lat' dir='ltr'><strong>pro-</strong></span> 
     </span>
    </p>
   </div>
   <div class='ocr_carea' id='block_1_41' title="bbox 2124 1279 3710 1355">
    <p class='ocr_par' dir='ltr' id='par_1_41' title="bbox 2124 1279 3710 1355">
     <span class='ocr_line' id='line_1_41' title="bbox 2124 1279 3710 1355; baseline 0.005 -24"><span class='ocrx_word' id='word_1_301' title='bbox 2124 1287 2248 1347; x_wconf 84' lang='lat' dir='ltr'><strong>pter</strong></span> <span class='ocrx_word' id='word_1_302' title='bbox 2274 1279 2395 1349; x_wconf 83' lang='lat' dir='ltr'><strong>ejus</strong></span> <span class='ocrx_word' id='word_1_303' title='bbox 2423 1290 2640 1335; x_wconf 89' lang='lat' dir='ltr'><strong>sanctos</strong></span> <span class='ocrx_word' id='word_1_304' title='bbox 2661 1283 2940 1350; x_wconf 82' lang='lat' dir='ltr'><strong>apostolos</strong></span> <span class='ocrx_word' id='word_1_305' title='bbox 2963 1289 3019 1336; x_wconf 87' lang='lat' dir='ltr'><strong>et</strong></span> <span class='ocrx_word' id='word_1_306' title='bbox 3048 1293 3334 1354; x_wconf 76' lang='lat' dir='ltr'><strong>martyres,</strong></span> <span class='ocrx_word' id='word_1_307' title='bbox 3351 1285 3445 1354; x_wconf 90' lang='lat' dir='ltr'><strong>qui</strong></span> <span class='ocrx_word' id='word_1_308' title='bbox 3471 1300 3572 1354; x_wconf 91' lang='lat' dir='ltr'><strong>pro</strong></span> <span class='ocrx_word' id='word_1_309' title='bbox 3591 1285 3710 1355; x_wconf 89' lang='lat' dir='ltr'><strong>ejus</strong></span> 
     </span>
    </p>
   </div>
   <div class='ocr_carea' id='block_1_42' title="bbox 2123 1371 3709 1444">
    <p class='ocr_par' dir='ltr' id='par_1_42' title="bbox 2123 1371 3709 1444">
     <span class='ocr_line' id='line_1_42' title="bbox 2123 1371 3709 1444; baseline 0.004 -23"><span class='ocrx_word' id='word_1_310' title='bbox 2123 1372 2346 1424; x_wconf 87' lang='lat' dir='ltr'><strong>nomine</strong></span> <span class='ocrx_word' id='word_1_311' title='bbox 2388 1371 2670 1440; x_wconf 90' lang='lat' dir='ltr'><strong>proprium</strong></span> <span class='ocrx_word' id='word_1_312' title='bbox 2710 1372 3034 1442; x_wconf 89' lang='lat' dir='ltr'><strong>sanguinem</strong></span> <span class='ocrx_word' id='word_1_313' title='bbox 3082 1371 3399 1428; x_wconf 74' lang='lat' dir='ltr'><strong>effuderunt</strong></span> <span class='ocrx_word' id='word_1_314' title='bbox 3431 1391 3443 1426; x_wconf 91' lang='lat'><strong>:</strong></span> <span class='ocrx_word' id='word_1_315' title='bbox 3482 1383 3709 1444; x_wconf 81' lang='lat' dir='ltr'><strong>propter</strong></span> 
     </span>
    </p>
   </div>
   <div class='ocr_carea' id='block_1_43' title="bbox 2122 1464 3709 1538">
    <p class='ocr_par' dir='ltr' id='par_1_43' title="bbox 2122 1464 3709 1538">
     <span class='ocr_line' id='line_1_43' title="bbox 2122 1464 3709 1538; baseline 0.002 -20"><span class='ocrx_word' id='word_1_316' title='bbox 2122 1472 2345 1520; x_wconf 89' lang='lat' dir='ltr'><strong>sanctos</strong></span> <span class='ocrx_word' id='word_1_317' title='bbox 2371 1464 2670 1534; x_wconf 78' lang='lat' dir='ltr'><strong>prophetas</strong></span> <span class='ocrx_word' id='word_1_318' title='bbox 2700 1477 2755 1519; x_wconf 87' lang='lat' dir='ltr'><strong>et</strong></span> <span class='ocrx_word' id='word_1_319' title='bbox 2785 1466 2976 1521; x_wconf 89' lang='lat' dir='ltr'><strong>Patres</strong></span> <span class='ocrx_word' id='word_1_320' title='bbox 3007 1476 3063 1522; x_wconf 89' lang='lat' dir='ltr'><strong>et</strong></span> <span class='ocrx_word' id='word_1_321' title='bbox 3099 1467 3464 1536; x_wconf 77' lang='lat' dir='ltr'><strong>patriarchas,</strong></span> <span class='ocrx_word' id='word_1_322' title='bbox 3491 1469 3607 1538; x_wconf 86' lang='lat' dir='ltr'><strong>qui,</strong></span> <span class='ocrx_word' id='word_1_323' title='bbox 3646 1476 3709 1522; x_wconf 87' lang='lat' dir='ltr'><strong>ut</strong></span> 
     </span>
    </p>
   </div>
   <div class='ocr_carea' id='block_1_44' title="bbox 2120 1555 3709 1629">
    <p class='ocr_par' dir='ltr' id='par_1_44' title="bbox 2120 1555 3709 1629">
     <span class='ocr_line' id='line_1_44' title="bbox 2120 1555 3709 1629; baseline 0.003 -20"><span class='ocrx_word' id='word_1_324' title='bbox 2120 1555 2331 1609; x_wconf 88' lang='lat' dir='ltr'><strong>nomini</strong></span> <span class='ocrx_word' id='word_1_325' title='bbox 2361 1564 2550 1610; x_wconf 92' lang='lat' dir='ltr'><strong>sancto</strong></span> <span class='ocrx_word' id='word_1_326' title='bbox 2575 1565 2670 1610; x_wconf 90' lang='lat' dir='ltr'><strong>tuo</strong></span> <span class='ocrx_word' id='word_1_327' title='bbox 2696 1557 2998 1626; x_wconf 82' lang='lat' dir='ltr'><strong>placerent,</strong></span> <span class='ocrx_word' id='word_1_328' title='bbox 3018 1573 3236 1612; x_wconf 82' lang='lat' dir='ltr'><strong>onmem</strong></span> <span class='ocrx_word' id='word_1_329' title='bbox 3262 1573 3484 1628; x_wconf 82' lang='lat' dir='ltr'><strong>Operam</strong></span> <span class='ocrx_word' id='word_1_330' title='bbox 3510 1574 3709 1629; x_wconf 83' lang='lat' dir='ltr'><strong>posue-</strong></span> 
     </span>
    </p>
   </div>
   <div class='ocr_carea' id='block_1_45' title="bbox 2121 1646 3703 1716">
    <p class='ocr_par' dir='ltr' id='par_1_45' title="bbox 2121 1646 3703 1716">
     <span class='ocr_line' id='line_1_45' title="bbox 2121 1646 3703 1716; baseline 0 -16"><span class='ocrx_word' id='word_1_331' title='bbox 2121 1655 2270 1701; x_wconf 89' lang='lat' dir='ltr'><strong>runt.</strong></span> <span class='ocrx_word' id='word_1_332' title='bbox 2317 1647 2396 1700; x_wconf 90' lang='lat' dir='ltr'><strong>Ne</strong></span> <span class='ocrx_word' id='word_1_333' title='bbox 2433 1646 2756 1716; x_wconf 81' lang='lat' dir='ltr'><strong>despexeris</strong></span> <span class='ocrx_word' id='word_1_334' title='bbox 2794 1647 3100 1702; x_wconf 83' lang='lat' dir='ltr'><strong>orationem</strong></span> <span class='ocrx_word' id='word_1_335' title='bbox 3140 1655 3405 1711; x_wconf 87' lang='lat' dir='ltr'><strong>nostram,</strong></span> <span class='ocrx_word' id='word_1_336' title='bbox 3452 1647 3703 1710; x_wconf 89' lang='lat' dir='ltr'><strong>Domine,</strong></span> 
     </span>
    </p>
   </div>
   <div class='ocr_carea' id='block_1_46' title="bbox 2118 1737 3706 1808">
    <p class='ocr_par' dir='ltr' id='par_1_46' title="bbox 2118 1737 3706 1808">
     <span class='ocr_line' id='line_1_46' title="bbox 2118 1737 3706 1808; baseline 0.002 -18"><span class='ocrx_word' id='word_1_337' title='bbox 2118 1751 2298 1806; x_wconf 88' lang='lat' dir='ltr'><strong>neque</strong></span> <span class='ocrx_word' id='word_1_338' title='bbox 2341 1737 2694 1807; x_wconf 89' lang='lat' dir='ltr'><strong>derelinquas</strong></span> <span class='ocrx_word' id='word_1_339' title='bbox 2731 1753 2832 1792; x_wconf 90' lang='lat' dir='ltr'><strong>nos</strong></span> <span class='ocrx_word' id='word_1_340' title='bbox 2863 1739 2918 1792; x_wconf 92' lang='lat' dir='ltr'><strong>in</strong></span> <span class='ocrx_word' id='word_1_341' title='bbox 2953 1738 3196 1792; x_wconf 75' lang='lat' dir='ltr'><strong>ﬁnem&quot;.</strong></span> <span class='ocrx_word' id='word_1_342' title='bbox 3222 1739 3412 1808; x_wconf 86' lang='lat' dir='ltr'><strong>Neque</strong></span> <span class='ocrx_word' id='word_1_343' title='bbox 3452 1739 3600 1795; x_wconf 88' lang='lat' dir='ltr'><strong>enim</strong></span> <span class='ocrx_word' id='word_1_344' title='bbox 3649 1738 3706 1793; x_wconf 90' lang='lat' dir='ltr'><strong>in</strong></span> 
     </span>
    </p>
   </div>
   <div class='ocr_carea' id='block_1_47' title="bbox 2113 1827 3704 1898">
    <p class='ocr_par' dir='ltr' id='par_1_47' title="bbox 2113 1827 3704 1898">
     <span class='ocr_line' id='line_1_47' title="bbox 2113 1827 3704 1898; baseline 0.003 -17"><span class='ocrx_word' id='word_1_345' title='bbox 2113 1827 2346 1898; x_wconf 79' lang='lat' dir='ltr'><strong>justiliis</strong></span> <span class='ocrx_word' id='word_1_346' title='bbox 2383 1828 2591 1885; x_wconf 82' lang='lat' dir='ltr'><strong>nostris</strong></span> <span class='ocrx_word' id='word_1_347' title='bbox 2621 1828 2881 1884; x_wconf 84' lang='lat' dir='ltr'><strong>ﬁduciam</strong></span> <span class='ocrx_word' id='word_1_348' title='bbox 2923 1829 3211 1896; x_wconf 88' lang='lat' dir='ltr'><strong>habemus,</strong></span> <span class='ocrx_word' id='word_1_349' title='bbox 3252 1830 3350 1884; x_wconf 90' lang='lat' dir='ltr'><strong>sed</strong></span> <span class='ocrx_word' id='word_1_350' title='bbox 3393 1831 3449 1884; x_wconf 91' lang='lat' dir='ltr'><strong>in</strong></span> <span class='ocrx_word' id='word_1_351' title='bbox 3480 1831 3704 1886; x_wconf 88' lang='lat' dir='ltr'><strong>miseri-</strong></span> 
     </span>
    </p>
   </div>
   <div class='ocr_carea' id='block_1_48' title="bbox 2117 1919 3705 1990">
    <p class='ocr_par' dir='ltr' id='par_1_48' title="bbox 2117 1919 3705 1990">
     <span class='ocr_line' id='line_1_48' title="bbox 2117 1919 3705 1990; baseline 0.001 -16"><span class='ocrx_word' id='word_1_352' title='bbox 2117 1919 2307 1974; x_wconf 89' lang='lat' dir='ltr'><strong>cordia</strong></span> <span class='ocrx_word' id='word_1_353' title='bbox 2352 1928 2466 1985; x_wconf 89' lang='lat' dir='ltr'><strong>tua,</strong></span> <span class='ocrx_word' id='word_1_354' title='bbox 2505 1935 2572 1974; x_wconf 80' lang='lat' dir='ltr'><strong>ex</strong></span> <span class='ocrx_word' id='word_1_355' title='bbox 2614 1935 2722 1989; x_wconf 89' lang='lat' dir='ltr'><strong>qua</strong></span> <span class='ocrx_word' id='word_1_356' title='bbox 2757 1919 3000 1973; x_wconf 86' lang='lat' dir='ltr'><strong>humano</strong></span> <span class='ocrx_word' id='word_1_357' title='bbox 3039 1919 3227 1990; x_wconf 85' lang='lat' dir='ltr'><strong>generi</strong></span> <span class='ocrx_word' id='word_1_358' title='bbox 3263 1935 3455 1975; x_wconf 89' lang='lat' dir='ltr'><strong>curam</strong></span> <span class='ocrx_word' id='word_1_359' title='bbox 3490 1921 3705 1990; x_wconf 88' lang='lat' dir='ltr'><strong>impen-</strong></span> 
     </span>
    </p>
   </div>
   <div class='ocr_carea' id='block_1_49' title="bbox 2115 2011 3705 2084">
    <p class='ocr_par' dir='ltr' id='par_1_49' title="bbox 2115 2011 3705 2084">
     <span class='ocr_line' id='line_1_49' title="bbox 2115 2011 3705 2084; baseline 0.001 -18"><span class='ocrx_word' id='word_1_360' title='bbox 2115 2012 2203 2067; x_wconf 86' lang='lat' dir='ltr'><strong>dis</strong></span> <span class='ocrx_word' id='word_1_361' title='bbox 2233 2012 2297 2065; x_wconf 78' lang='grc'><strong>’⁵.</strong></span> <span class='ocrx_word' id='word_1_362' title='bbox 2337 2011 2626 2082; x_wconf 88' lang='lat' dir='ltr'><strong>Supplices</strong></span> <span class='ocrx_word' id='word_1_363' title='bbox 2669 2027 2928 2083; x_wconf 84' lang='lat' dir='ltr'><strong>rogamus</strong></span> <span class='ocrx_word' id='word_1_364' title='bbox 2961 2019 3018 2066; x_wconf 91' lang='lat' dir='ltr'><strong>et</strong></span> <span class='ocrx_word' id='word_1_365' title='bbox 3058 2012 3417 2066; x_wconf 87' lang='lat' dir='ltr'><strong>obsecramus</strong></span> <span class='ocrx_word' id='word_1_366' title='bbox 3451 2013 3705 2084; x_wconf 79' lang='lat' dir='ltr'><strong>benigni-</strong></span> 
     </span>
    </p>
   </div>
   <div class='ocr_carea' id='block_1_50' title="bbox 2116 2103 3701 2175">
    <p class='ocr_par' dir='ltr' id='par_1_50' title="bbox 2116 2103 3701 2175">
     <span class='ocr_line' id='line_1_50' title="bbox 2116 2103 3701 2175; baseline 0.001 -16"><span class='ocrx_word' id='word_1_367' title='bbox 2116 2113 2284 2160; x_wconf 87' lang='lat' dir='ltr'><strong>tatem</strong></span> <span class='ocrx_word' id='word_1_368' title='bbox 2341 2114 2512 2167; x_wconf 88' lang='lat' dir='ltr'><strong>tuam,</strong></span> <span class='ocrx_word' id='word_1_369' title='bbox 2552 2121 2624 2159; x_wconf 89' lang='lat' dir='ltr'><strong>ne</strong></span> <span class='ocrx_word' id='word_1_370' title='bbox 2673 2103 2821 2174; x_wconf 89' lang='lat' dir='ltr'><strong>quod</strong></span> <span class='ocrx_word' id='word_1_371' title='bbox 2868 2103 3189 2175; x_wconf 87' lang='lat' dir='ltr'><strong>unigenitus</strong></span> <span class='ocrx_word' id='word_1_372' title='bbox 3236 2103 3408 2159; x_wconf 88' lang='lat' dir='ltr'><strong>Filius</strong></span> <span class='ocrx_word' id='word_1_373' title='bbox 3462 2111 3591 2160; x_wconf 88' lang='lat' dir='ltr'><strong>tuus</strong></span> <span class='ocrx_word' id='word_1_374' title='bbox 3645 2105 3701 2160; x_wconf 93' lang='lat' dir='ltr'><strong>in</strong></span> 
     </span>
    </p>
   </div>
   <div class='ocr_carea' id='block_1_51' title="bbox 2117 2196 3701 2268">
    <p class='ocr_par' dir='ltr' id='par_1_51' title="bbox 2117 2196 3701 2268">
     <span class='ocr_line' id='line_1_51' title="bbox 2117 2196 3701 2268; baseline -0.001 -16"><span class='ocrx_word' id='word_1_375' title='bbox 2117 2198 2352 2252; x_wconf 85' lang='lat' dir='ltr'><strong>salutem</strong></span> <span class='ocrx_word' id='word_1_376' title='bbox 2398 2197 2564 2251; x_wconf 88' lang='lat' dir='ltr'><strong>nobis</strong></span> <span class='ocrx_word' id='word_1_377' title='bbox 2604 2196 3018 2266; x_wconf 85' lang='lat' dir='ltr'><strong>dispensatione</strong></span> <span class='ocrx_word' id='word_1_378' title='bbox 3063 2197 3383 2267; x_wconf 76' lang='lat' dir='ltr'><strong>mysterium</strong></span> <span class='ocrx_word' id='word_1_379' title='bbox 3417 2199 3606 2268; x_wconf 83' lang='lat' dir='ltr'><strong>gessit,</strong></span> <span class='ocrx_word' id='word_1_380' title='bbox 3644 2198 3701 2251; x_wconf 91' lang='lat' dir='ltr'><strong>in</strong></span> 
     </span>
    </p>
   </div>
   <div class='ocr_carea' id='block_1_52' title="bbox 2110 2287 3697 2360">
    <p class='ocr_par' dir='ltr' id='par_1_52' title="bbox 2110 2287 3697 2360">
     <span class='ocr_line' id='line_1_52' title="bbox 2110 2287 3697 2360; baseline -0.001 -17"><span class='ocrx_word' id='word_1_381' title='bbox 2110 2289 2382 2360; x_wconf 88' lang='lat' dir='ltr'><strong>judicium</strong></span> <span class='ocrx_word' id='word_1_382' title='bbox 2414 2295 2686 2351; x_wconf 82' lang='lat' dir='ltr'><strong>vertatur,</strong></span> <span class='ocrx_word' id='word_1_383' title='bbox 2723 2294 2780 2341; x_wconf 88' lang='lat' dir='ltr'><strong>et</strong></span> <span class='ocrx_word' id='word_1_384' title='bbox 2810 2302 2880 2341; x_wconf 91' lang='lat' dir='ltr'><strong>ne</strong></span> <span class='ocrx_word' id='word_1_385' title='bbox 2911 2287 3173 2358; x_wconf 89' lang='lat' dir='ltr'><strong>projicias</strong></span> <span class='ocrx_word' id='word_1_386' title='bbox 3206 2303 3306 2342; x_wconf 93' lang='lat' dir='ltr'><strong>nos</strong></span> <span class='ocrx_word' id='word_1_387' title='bbox 3343 2304 3374 2342; x_wconf 87' lang='lat' dir='ltr'><strong>a</strong></span> <span class='ocrx_word' id='word_1_388' title='bbox 3416 2288 3554 2343; x_wconf 82' lang='lat' dir='ltr'><strong>facie</strong></span> <span class='ocrx_word' id='word_1_389' title='bbox 3585 2298 3697 2343; x_wconf 89' lang='lat' dir='ltr'><strong>tua.</strong></span> 
     </span>
    </p>
   </div>
   <div class='ocr_carea' id='block_1_53' title="bbox 2111 2378 3699 2452">
    <p class='ocr_par' dir='ltr' id='par_1_53' title="bbox 2111 2378 3699 2452">
     <span class='ocr_line' id='line_1_53' title="bbox 2111 2378 3699 2452; baseline 0.001 -15"><span class='ocrx_word' id='word_1_390' title='bbox 2111 2383 2193 2437; x_wconf 87' lang='lat' dir='ltr'><strong>Ne</strong></span> <span class='ocrx_word' id='word_1_391' title='bbox 2235 2382 2492 2452; x_wconf 82' lang='lat' dir='ltr'><strong>indignos</strong></span> <span class='ocrx_word' id='word_1_392' title='bbox 2524 2395 2627 2436; x_wconf 89' lang='lat' dir='ltr'><strong>nos</strong></span> <span class='ocrx_word' id='word_1_393' title='bbox 2673 2378 3034 2444; x_wconf 87' lang='lat' dir='ltr'><strong>abomineris,</strong></span> <span class='ocrx_word' id='word_1_394' title='bbox 3078 2379 3175 2434; x_wconf 88' lang='lat' dir='ltr'><strong>sed</strong></span> <span class='ocrx_word' id='word_1_395' title='bbox 3219 2381 3487 2436; x_wconf 88' lang='lat' dir='ltr'><strong>miserere</strong></span> <span class='ocrx_word' id='word_1_396' title='bbox 3523 2383 3699 2438; x_wconf 88' lang='lat' dir='ltr'><strong>nostri</strong></span> 
     </span>
    </p>
   </div>
   <div class='ocr_carea' id='block_1_54' title="bbox 2112 2471 3698 2543">
    <p class='ocr_par' dir='ltr' id='par_1_54' title="bbox 2112 2471 3698 2543">
     <span class='ocr_line' id='line_1_54' title="bbox 2112 2471 3698 2543; baseline 0 -14"><span class='ocrx_word' id='word_1_397' title='bbox 2112 2475 2419 2530; x_wconf 90' lang='lat' dir='ltr'><strong>secundum</strong></span> <span class='ocrx_word' id='word_1_398' title='bbox 2455 2488 2708 2543; x_wconf 84' lang='lat' dir='ltr'><strong>magnam</strong></span> <span class='ocrx_word' id='word_1_399' title='bbox 2743 2471 3180 2526; x_wconf 84' lang='lat' dir='ltr'><strong>misericordiam</strong></span> <span class='ocrx_word' id='word_1_400' title='bbox 3212 2482 3382 2539; x_wconf 87' lang='lat' dir='ltr'><strong>tuam,</strong></span> <span class='ocrx_word' id='word_1_401' title='bbox 3411 2483 3468 2528; x_wconf 87' lang='lat' dir='ltr'><strong>et</strong></span> <span class='ocrx_word' id='word_1_402' title='bbox 3498 2489 3698 2529; x_wconf 85' lang='lat' dir='ltr'><strong>secun-</strong></span> 
     </span>
    </p>
   </div>
   <div class='ocr_carea' id='block_1_55' title="bbox 2112 2562 3702 2622">
    <p class='ocr_par' dir='ltr' id='par_1_55' title="bbox 2112 2562 3702 2622">
     <span class='ocr_line' id='line_1_55' title="bbox 2112 2562 3702 2622; baseline 0 -2"><span class='ocrx_word' id='word_1_403' title='bbox 2112 2565 2242 2620; x_wconf 91' lang='lat' dir='ltr'><strong>dum</strong></span> <span class='ocrx_word' id='word_1_404' title='bbox 2291 2563 2704 2618; x_wconf 84' lang='lat' dir='ltr'><strong>multitudinem</strong></span> <span class='ocrx_word' id='word_1_405' title='bbox 2743 2562 3161 2618; x_wconf 87' lang='lat' dir='ltr'><strong>miserationum</strong></span> <span class='ocrx_word' id='word_1_406' title='bbox 3199 2572 3419 2618; x_wconf 87' lang='lat' dir='ltr'><strong>tuarum</strong></span> <span class='ocrx_word' id='word_1_407' title='bbox 3464 2567 3702 2622; x_wconf 83' lang='lat' dir='ltr'><strong>transfer</strong></span> 
     </span>
    </p>
   </div>
   <div class='ocr_carea' id='block_1_56' title="bbox 2111 2655 3701 2728">
    <p class='ocr_par' dir='ltr' id='par_1_56' title="bbox 2111 2655 3701 2728">
     <span class='ocr_line' id='line_1_56' title="bbox 2111 2655 3701 2728; baseline 0.002 -16"><span class='ocrx_word' id='word_1_408' title='bbox 2111 2665 2338 2728; x_wconf 87' lang='lat' dir='ltr'><strong>peccata</strong></span> <span class='ocrx_word' id='word_1_409' title='bbox 2371 2664 2565 2712; x_wconf 88' lang='lat' dir='ltr'><strong>nostra</strong></span> <span class='ocrx_word' id='word_1_410' title='bbox 2603 2656 2668 2720; x_wconf 76' lang='lat'><strong>‘°,</strong></span> <span class='ocrx_word' id='word_1_411' title='bbox 2691 2662 2754 2709; x_wconf 90' lang='lat' dir='ltr'><strong>ut</strong></span> <span class='ocrx_word' id='word_1_412' title='bbox 2785 2655 3087 2710; x_wconf 88' lang='lat' dir='ltr'><strong>indemnati</strong></span> <span class='ocrx_word' id='word_1_413' title='bbox 3125 2672 3189 2711; x_wconf 86' lang='lat' dir='ltr'><strong>ac</strong></span> <span class='ocrx_word' id='word_1_414' title='bbox 3212 2657 3420 2728; x_wconf 85' lang='lat' dir='ltr'><strong>judicio</strong></span> <span class='ocrx_word' id='word_1_415' title='bbox 3450 2659 3614 2713; x_wconf 91' lang='lat' dir='ltr'><strong>soluti</strong></span> <span class='ocrx_word' id='word_1_416' title='bbox 3641 2659 3701 2717; x_wconf 85' lang='lat' dir='ltr'><strong>in</strong></span> 
     </span>
    </p>
   </div>
   <div class='ocr_carea' id='block_1_57' title="bbox 2110 2746 3691 2819">
    <p class='ocr_par' dir='ltr' id='par_1_57' title="bbox 2110 2746 3691 2819">
     <span class='ocr_line' id='line_1_57' title="bbox 2110 2746 3691 2819; baseline -0.001 -14"><span class='ocrx_word' id='word_1_417' title='bbox 2110 2755 2469 2819; x_wconf 86' lang='lat' dir='ltr'><strong>conspectum</strong></span> <span class='ocrx_word' id='word_1_418' title='bbox 2505 2755 2709 2802; x_wconf 58' lang='lat' dir='ltr'><strong>sancta),</strong></span> <span class='ocrx_word' id='word_1_419' title='bbox 2751 2746 2939 2817; x_wconf 68' lang='lat' dir='ltr'><strong>gloriae</strong></span> <span class='ocrx_word' id='word_1_420' title='bbox 2982 2755 3089 2802; x_wconf 79' lang='lat' dir='ltr'><strong>tuae</strong></span> <span class='ocrx_word' id='word_1_421' title='bbox 3132 2748 3438 2815; x_wconf 81' lang='lat' dir='ltr'><strong>venientes,</strong></span> <span class='ocrx_word' id='word_1_422' title='bbox 3480 2764 3691 2804; x_wconf 83' lang='lat' dir='ltr'><strong>merea-</strong></span> 
     </span>
    </p>
   </div>
   <div class='ocr_carea' id='block_1_58' title="bbox 2109 2838 3700 2911">
    <p class='ocr_par' dir='ltr' id='par_1_58' title="bbox 2109 2838 3700 2911">
     <span class='ocr_line' id='line_1_58' title="bbox 2109 2838 3700 2911; baseline 0 -15"><span class='ocrx_word' id='word_1_423' title='bbox 2109 2858 2236 2896; x_wconf 86' lang='lat' dir='ltr'><strong>mur</strong></span> <span class='ocrx_word' id='word_1_424' title='bbox 2266 2840 2537 2911; x_wconf 89' lang='lat' dir='ltr'><strong>unigeniti</strong></span> <span class='ocrx_word' id='word_1_425' title='bbox 2583 2838 2708 2893; x_wconf 82' lang='lat' dir='ltr'><strong>Filii</strong></span> <span class='ocrx_word' id='word_1_426' title='bbox 2747 2839 2828 2892; x_wconf 91' lang='lat' dir='ltr'><strong>tui</strong></span> <span class='ocrx_word' id='word_1_427' title='bbox 2865 2839 3094 2894; x_wconf 89' lang='lat' dir='ltr'><strong>numine</strong></span> <span class='ocrx_word' id='word_1_428' title='bbox 3130 2841 3381 2911; x_wconf 83' lang='lat' dir='ltr'><strong>protegi;</strong></span> <span class='ocrx_word' id='word_1_429' title='bbox 3419 2857 3603 2911; x_wconf 87' lang='lat' dir='ltr'><strong>neque</strong></span> <span class='ocrx_word' id='word_1_430' title='bbox 3638 2851 3700 2896; x_wconf 85' lang='lat' dir='ltr'><strong>ut</strong></span> 
     </span>
    </p>
   </div>
   <div class='ocr_carea' id='block_1_59' title="bbox 2109 2933 3694 3006">
    <p class='ocr_par' dir='ltr' id='par_1_59' title="bbox 2109 2933 3694 3006">
     <span class='ocr_line' id='line_1_59' title="bbox 2109 2933 3694 3006; baseline -0.003 -13"><span class='ocrx_word' id='word_1_431' title='bbox 2109 2939 2256 2994; x_wconf 83' lang='lat' dir='ltr'><strong>servi</strong></span> <span class='ocrx_word' id='word_1_432' title='bbox 2301 2951 2561 3006; x_wconf 83' lang='lat' dir='ltr'><strong>nequam,</strong></span> <span class='ocrx_word' id='word_1_433' title='bbox 2612 2949 2722 3004; x_wconf 86' lang='lat' dir='ltr'><strong>qua</strong></span> <span class='ocrx_word' id='word_1_434' title='bbox 2769 2933 3080 3003; x_wconf 87' lang='lat' dir='ltr'><strong>premimur</strong></span> <span class='ocrx_word' id='word_1_435' title='bbox 3122 2942 3478 3003; x_wconf 88' lang='lat' dir='ltr'><strong>peccatorum</strong></span> <span class='ocrx_word' id='word_1_436' title='bbox 3527 2936 3694 3000; x_wconf 89' lang='lat' dir='ltr'><strong>mole,</strong></span> 
     </span>
    </p>
   </div>
   <div class='ocr_carea' id='block_1_60' title="bbox 2108 3024 3694 3096">
    <p class='ocr_par' dir='ltr' id='par_1_60' title="bbox 2108 3024 3694 3096">
     <span class='ocr_line' id='line_1_60' title="bbox 2108 3024 3694 3096; baseline -0.001 -12"><span class='ocrx_word' id='word_1_437' title='bbox 2108 3028 2410 3085; x_wconf 78' lang='lat' dir='ltr'><strong>etﬁciamur</strong></span> <span class='ocrx_word' id='word_1_438' title='bbox 2427 3024 2894 3096; x_wconf 74' lang='lat' dir='ltr'><strong>reprobi.Quaeso,</strong></span> <span class='ocrx_word' id='word_1_439' title='bbox 2915 3025 3048 3080; x_wconf 89' lang='lat' dir='ltr'><strong>here</strong></span> <span class='ocrx_word' id='word_1_440' title='bbox 3067 3026 3419 3096; x_wconf 90' lang='lat' dir='ltr'><strong>omnipotens</strong></span> <span class='ocrx_word' id='word_1_441' title='bbox 3441 3026 3694 3090; x_wconf 89' lang='lat' dir='ltr'><strong>Domine,</strong></span> 
     </span>
    </p>
   </div>
   <div class='ocr_carea' id='block_1_61' title="bbox 2109 3117 3698 3186">
    <p class='ocr_par' dir='ltr' id='par_1_61' title="bbox 2109 3117 3698 3186">
     <span class='ocr_line' id='line_1_61' title="bbox 2109 3117 3698 3186; baseline -0.002 -9"><span class='ocrx_word' id='word_1_442' title='bbox 2109 3121 2309 3178; x_wconf 81' lang='lat' dir='ltr'><strong>exaudi</strong></span> <span class='ocrx_word' id='word_1_443' title='bbox 2349 3119 2662 3175; x_wconf 89' lang='lat' dir='ltr'><strong>orationem</strong></span> <span class='ocrx_word' id='word_1_444' title='bbox 2719 3125 2988 3184; x_wconf 87' lang='lat' dir='ltr'><strong>nostram,</strong></span> <span class='ocrx_word' id='word_1_445' title='bbox 3035 3117 3164 3186; x_wconf 91' lang='lat' dir='ltr'><strong>quia</strong></span> <span class='ocrx_word' id='word_1_446' title='bbox 3199 3127 3353 3172; x_wconf 80' lang='lat' dir='ltr'><strong>extra</strong></span> <span class='ocrx_word' id='word_1_447' title='bbox 3390 3128 3444 3173; x_wconf 86' lang='lat' dir='ltr'><strong>te</strong></span> <span class='ocrx_word' id='word_1_448' title='bbox 3481 3121 3698 3174; x_wconf 90' lang='lat' dir='ltr'><strong>nullum</strong></span> 
     </span>
    </p>
   </div>
   <div class='ocr_carea' id='block_1_62' title="bbox 421 3206 2008 3286">
    <p class='ocr_par' dir='ltr' id='par_1_62' title="bbox 421 3206 2000 3286">
     <span class='ocr_line' id='line_1_62' title="bbox 421 3206 2000 3286; baseline 0.009 -30"><span class='ocrx_word' id='word_1_449' title='bbox 421 3220 517 3258; x_wconf 89' lang='grc' dir='ltr'><strong>σου</strong></span> <span class='ocrx_word' id='word_1_450' title='bbox 560 3206 739 3277; x_wconf 82' lang='grc' dir='ltr'><strong>δόξης,</strong></span> <span class='ocrx_word' id='word_1_451' title='bbox 767 3209 1087 3282; x_wconf 81' lang='grc' dir='ltr'>ἀξιωθῶμεν</span> <span class='ocrx_word' id='word_1_452' title='bbox 1133 3214 1232 3283; x_wconf 88' lang='grc' dir='ltr'><strong>τῆς</strong></span> <span class='ocrx_word' id='word_1_453' title='bbox 1284 3214 1494 3282; x_wconf 81' lang='grc' dir='ltr'>σκέπης</span> <span class='ocrx_word' id='word_1_454' title='bbox 1545 3214 1636 3268; x_wconf 88' lang='grc' dir='ltr'><strong>τοῦ</strong></span> <span class='ocrx_word' id='word_1_455' title='bbox 1681 3215 2000 3286; x_wconf 81' lang='grc' dir='ltr'>μονογενοῦς</span> 
     </span>
    </p>
   </div>
   <div class='ocr_carea' id='block_1_63' title="bbox 2113 3206 3697 3286">
    <p class='ocr_par' dir='ltr' id='par_1_63' title="bbox 2113 3207 3697 3269">
     <span class='ocr_line' id='line_1_63' title="bbox 2113 3207 3697 3269; baseline -0.004 0"><span class='ocrx_word' id='word_1_456' title='bbox 2113 3215 2281 3269; x_wconf 88' lang='lat' dir='ltr'><strong>alium</strong></span> <span class='ocrx_word' id='word_1_457' title='bbox 2324 3211 2584 3266; x_wconf 89' lang='lat' dir='ltr'><strong>novimus</strong></span> <span class='ocrx_word' id='word_1_458' title='bbox 2632 3208 2698 3262; x_wconf 71' lang='grc' dir='ltr'><strong>ν’.</strong></span> <span class='ocrx_word' id='word_1_459' title='bbox 2745 3207 2959 3263; x_wconf 87' lang='lat' dir='ltr'><strong>Nomen</strong></span> <span class='ocrx_word' id='word_1_460' title='bbox 3000 3215 3158 3261; x_wconf 88' lang='lat' dir='ltr'><strong>tuum</strong></span> <span class='ocrx_word' id='word_1_461' title='bbox 3212 3207 3533 3264; x_wconf 89' lang='lat' dir='ltr'><strong>invocamus</strong></span> <span class='ocrx_word' id='word_1_462' title='bbox 3571 3226 3584 3262; x_wconf 93' lang='lat'>:</span> <span class='ocrx_word' id='word_1_463' title='bbox 3636 3217 3697 3263; x_wconf 87' lang='lat' dir='ltr'><strong>tu</strong></span> 
     </span>
    </p>
   </div>
   <div class='ocr_carea' id='block_1_64' title="bbox 423 3297 1999 3379">
    <p class='ocr_par' dir='ltr' id='par_1_64' title="bbox 423 3297 1999 3379">
     <span class='ocr_line' id='line_1_64' title="bbox 423 3297 1999 3379; baseline 0.01 -32"><span class='ocrx_word' id='word_1_464' title='bbox 423 3312 518 3348; x_wconf 92' lang='grc' dir='ltr'><strong>σου</strong></span> <span class='ocrx_word' id='word_1_465' title='bbox 552 3297 707 3365; x_wconf 82' lang='grc' dir='ltr'>Υίοῦ,</span> <span class='ocrx_word' id='word_1_466' title='bbox 734 3301 827 3354; x_wconf 66' lang='grc' dir='ltr'><strong>κα)⁸</strong></span> <span class='ocrx_word' id='word_1_467' title='bbox 861 3301 936 3373; x_wconf 81' lang='grc' dir='ltr'><strong>μὴ</strong></span> <span class='ocrx_word' id='word_1_468' title='bbox 959 3303 1035 3375; x_wconf 81' lang='grc' dir='ltr'>ὡς</span> <span class='ocrx_word' id='word_1_469' title='bbox 1063 3303 1240 3358; x_wconf 82' lang='grc' dir='ltr'>δοῦλοι</span> <span class='ocrx_word' id='word_1_470' title='bbox 1269 3306 1499 3378; x_wconf 76' lang='grc' dir='ltr'>πονηροὶ</span> <span class='ocrx_word' id='word_1_471' title='bbox 1526 3309 1645 3371; x_wconf 84' lang='grc' dir='ltr'>ταῖς</span> <span class='ocrx_word' id='word_1_472' title='bbox 1675 3308 1999 3379; x_wconf 85' lang='grc' dir='ltr'>ἁμαρτίαις,</span> 
     </span>
    </p>
   </div>
   <div class='ocr_carea' id='block_1_65' title="bbox 420 3387 2003 3472">
    <p class='ocr_par' dir='ltr' id='par_1_65' title="bbox 420 3387 2003 3472">
     <span class='ocr_line' id='line_1_65' title="bbox 420 3387 2003 3472; baseline 0.01 -33"><span class='ocrx_word' id='word_1_473' title='bbox 420 3387 741 3461; x_wconf 82' lang='grc' dir='ltr'>ἁποδόκιμοι</span> <span class='ocrx_word' id='word_1_474' title='bbox 771 3390 881 3463; x_wconf 84' lang='lat' dir='ltr'><strong>[Fr.</strong></span> <span class='ocrx_word' id='word_1_475' title='bbox 912 3393 1089 3449; x_wconf 89' lang='grc' dir='ltr'>δοῦλοι</span> <span class='ocrx_word' id='word_1_476' title='bbox 1114 3397 1411 3466; x_wconf 84' lang='grc' dir='ltr'>ἁμαρτίας,</span> <span class='ocrx_word' id='word_1_477' title='bbox 1443 3398 1790 3472; x_wconf 84' lang='grc' dir='ltr'>ἀποδόκιμοι]</span> <span class='ocrx_word' id='word_1_478' title='bbox 1831 3400 2003 3470; x_wconf 86' lang='grc' dir='ltr'>γενώ-</span> 
     </span>
    </p>
   </div>
   <div class='ocr_carea' id='block_1_66' title="bbox 424 3479 2000 3562">
    <p class='ocr_par' dir='ltr' id='par_1_66' title="bbox 424 3479 2000 3562">
     <span class='ocr_line' id='line_1_66' title="bbox 424 3479 2000 3562; baseline 0.008 -30"><span class='ocrx_word' id='word_1_479' title='bbox 424 3479 582 3547; x_wconf 81' lang='grc' dir='ltr'>μεθα.</span> <span class='ocrx_word' id='word_1_480' title='bbox 615 3482 744 3548; x_wconf 78' lang='grc' dir='ltr'>Ναὶ,</span> <span class='ocrx_word' id='word_1_481' title='bbox 781 3485 1032 3540; x_wconf 82' lang='grc' dir='ltr'>Δέσποτα</span> <span class='ocrx_word' id='word_1_482' title='bbox 1063 3489 1440 3560; x_wconf 81' lang='grc' dir='ltr'>παντοδύναμε</span> <span class='ocrx_word' id='word_1_483' title='bbox 1469 3491 1661 3562; x_wconf 83' lang='grc' dir='ltr'>Κύριε,</span> <span class='ocrx_word' id='word_1_484' title='bbox 1681 3492 2000 3546; x_wconf 76' lang='grc' dir='ltr'>εἰσάκουσον</span> 
     </span>
    </p>
   </div>
   <div class='ocr_carea' id='block_1_67' title="bbox 422 3571 1996 3655">
    <p class='ocr_par' dir='ltr' id='par_1_67' title="bbox 422 3571 1996 3655">
     <span class='ocr_line' id='line_1_67' title="bbox 422 3571 1996 3655; baseline 0.01 -32"><span class='ocrx_word' id='word_1_485' title='bbox 422 3571 519 3638; x_wconf 76' lang='grc' dir='ltr'>τῆς</span> <span class='ocrx_word' id='word_1_486' title='bbox 560 3573 799 3645; x_wconf 87' lang='grc' dir='ltr'>δεήσεως</span> <span class='ocrx_word' id='word_1_487' title='bbox 827 3578 1004 3647; x_wconf 84' lang='grc' dir='ltr'><strong>ἡμῶν,</strong></span> <span class='ocrx_word' id='word_1_488' title='bbox 1040 3581 1122 3634; x_wconf 84' lang='grc' dir='ltr'><strong>ὅτι</strong></span> <span class='ocrx_word' id='word_1_489' title='bbox 1148 3582 1308 3646; x_wconf 77' lang='grc' dir='ltr'>ἐκτὸς</span> <span class='ocrx_word' id='word_1_490' title='bbox 1335 3583 1430 3637; x_wconf 84' lang='grc' dir='ltr'><strong>σοῦ</strong></span> <span class='ocrx_word' id='word_1_491' title='bbox 1451 3584 1608 3638; x_wconf 78' lang='grc' dir='ltr'>ἄλλον</span> <span class='ocrx_word' id='word_1_492' title='bbox 1627 3584 1726 3638; x_wconf 80' lang='grc' dir='ltr'><strong>οὐκ</strong></span> <span class='ocrx_word' id='word_1_493' title='bbox 1753 3584 1996 3655; x_wconf 77' lang='grc' dir='ltr'>οἴδαμεν.</span> 
     </span>
    </p>
   </div>
   <div class='ocr_carea' id='block_1_68' title="bbox 425 3661 2001 3746">
    <p class='ocr_par' dir='ltr' id='par_1_68' title="bbox 425 3661 2001 3746">
     <span class='ocr_line' id='line_1_68' title="bbox 425 3661 2001 3746; baseline 0.011 -34"><span class='ocrx_word' id='word_1_494' title='bbox 425 3661 500 3713; x_wconf 79' lang='grc' dir='ltr'>Τὸ</span> <span class='ocrx_word' id='word_1_495' title='bbox 529 3663 694 3735; x_wconf 75' lang='grc' dir='ltr'>δνομὰ</span> <span class='ocrx_word' id='word_1_496' title='bbox 725 3684 818 3721; x_wconf 92' lang='grc' dir='ltr'><strong>σου</strong></span> <span class='ocrx_word' id='word_1_497' title='bbox 845 3669 1204 3741; x_wconf 77' lang='grc' dir='ltr'>ὀνομάζομεν·</span> <span class='ocrx_word' id='word_1_498' title='bbox 1251 3673 1316 3726; x_wconf 84' lang='grc' dir='ltr'><strong>σὺ</strong></span> <span class='ocrx_word' id='word_1_499' title='bbox 1364 3675 1472 3745; x_wconf 87' lang='grc' dir='ltr'>γὰρ</span> <span class='ocrx_word' id='word_1_500' title='bbox 1503 3670 1556 3727; x_wconf 78' lang='grc' dir='ltr'>εἴ</span> <span class='ocrx_word' id='word_1_501' title='bbox 1592 3677 1620 3727; x_wconf 88' lang='grc' dir='ltr'><strong>ό</strong></span> <span class='ocrx_word' id='word_1_502' title='bbox 1659 3676 1900 3746; x_wconf 83' lang='grc' dir='ltr'>ἐνεργῶν</span> <span class='ocrx_word' id='word_1_503' title='bbox 1931 3676 2001 3729; x_wconf 79' lang='grc' dir='ltr'>τὰ</span> 
     </span>
    </p>
   </div>
   <div class='ocr_carea' id='block_1_69' title="bbox 426 3753 1998 3838">
    <p class='ocr_par' dir='ltr' id='par_1_69' title="bbox 426 3753 1998 3838">
     <span class='ocr_line' id='line_1_69' title="bbox 426 3753 1998 3838; baseline 0.011 -33"><span class='ocrx_word' id='word_1_504' title='bbox 426 3753 599 3808; x_wconf 85' lang='grc' dir='ltr'>πάντα</span> <span class='ocrx_word' id='word_1_505' title='bbox 631 3758 689 3810; x_wconf 84' lang='grc' dir='ltr'>ὲν</span> <span class='ocrx_word' id='word_1_506' title='bbox 728 3761 886 3824; x_wconf 80' lang='grc' dir='ltr'>πᾶσι,</span> <span class='ocrx_word' id='word_1_507' title='bbox 927 3762 1026 3816; x_wconf 54' lang='grc' dir='ltr'><strong>καὶ⁴</strong></span> <span class='ocrx_word' id='word_1_508' title='bbox 1059 3764 1160 3834; x_wconf 83' lang='grc' dir='ltr'>τὴν</span> <span class='ocrx_word' id='word_1_509' title='bbox 1207 3765 1358 3836; x_wconf 84' lang='grc' dir='ltr'>παρὰ</span> <span class='ocrx_word' id='word_1_510' title='bbox 1405 3765 1499 3819; x_wconf 90' lang='grc' dir='ltr'><strong>σοῦ</strong></span> <span class='ocrx_word' id='word_1_511' title='bbox 1555 3767 1754 3830; x_wconf 86' lang='grc' dir='ltr'>πάντες</span> <span class='ocrx_word' id='word_1_512' title='bbox 1804 3769 1998 3838; x_wconf 74' lang='grc' dir='ltr'>ἐπιζη-</span> 
     </span>
    </p>
   </div>
   <div class='ocr_carea' id='block_1_70' title="bbox 417 3845 1996 3942">
    <p class='ocr_par' dir='ltr' id='par_1_70' title="bbox 417 3845 1996 3942">
     <span class='ocr_line' id='line_1_70' title="bbox 417 3845 1996 3942; baseline 0.01 -44"><span class='ocrx_word' id='word_1_513' title='bbox 417 3845 618 3942; x_wconf 63' lang='grc' dir='ltr'>τοῦμεν</span> <span class='ocrx_word' id='word_1_514' title='bbox 642 3848 920 3942; x_wconf 67' lang='grc' dir='ltr'>βοήθειαν.</span> <span class='ocrx_word' id='word_1_515' title='bbox 971 3854 1296 3925; x_wconf 73' lang='grc' dir='ltr'>Ἐπίϐλεψον</span> <span class='ocrx_word' id='word_1_516' title='bbox 1347 3853 1442 3911; x_wconf 77' lang='grc' dir='ltr'><strong>οὖν</strong></span> <span class='ocrx_word' id='word_1_517' title='bbox 1497 3861 1563 3912; x_wconf 79' lang='grc' dir='ltr'>ὲκ</span> <span class='ocrx_word' id='word_1_518' title='bbox 1608 3859 1703 3912; x_wconf 86' lang='grc' dir='ltr'><strong>τοῦ</strong></span> <span class='ocrx_word' id='word_1_519' title='bbox 1743 3859 1996 3942; x_wconf 53' lang='grc' dir='ltr'>οὐρανοῦ,</span> 
     </span>
    </p>
   </div>
   <div class='ocr_carea' id='block_1_71' title="bbox 415 3935 2002 4021">
    <p class='ocr_par' dir='ltr' id='par_1_71' title="bbox 415 3935 2002 4021">
     <span class='ocr_line' id='line_1_71' title="bbox 415 3935 2002 4021; baseline 0.011 -33"><span class='ocrx_word' id='word_1_520' title='bbox 415 3935 612 4006; x_wconf 82' lang='grc' dir='ltr'>Κύριε,</span> <span class='ocrx_word' id='word_1_521' title='bbox 654 3941 750 3993; x_wconf 80' lang='grc' dir='ltr'>καὶ</span> <span class='ocrx_word' id='word_1_522' title='bbox 795 3942 870 3995; x_wconf 85' lang='grc' dir='ltr'><strong>ῐδε</strong></span> <span class='ocrx_word' id='word_1_523' title='bbox 927 3945 991 3998; x_wconf 84' lang='grc' dir='ltr'>ὲκ</span> <span class='ocrx_word' id='word_1_524' title='bbox 1028 3946 1130 3998; x_wconf 85' lang='grc' dir='ltr'><strong>τοῦ</strong></span> <span class='ocrx_word' id='word_1_525' title='bbox 1156 3948 1308 4001; x_wconf 76' lang='grc' dir='ltr'>οἴκου</span> <span class='ocrx_word' id='word_1_526' title='bbox 1349 3949 1447 4018; x_wconf 83' lang='grc' dir='ltr'>τῆς</span> <span class='ocrx_word' id='word_1_527' title='bbox 1485 3949 1646 4018; x_wconf 82' lang='grc' dir='ltr'>ἁγίας</span> <span class='ocrx_word' id='word_1_528' title='bbox 1687 3950 1846 4021; x_wconf 77' lang='grc' dir='ltr'>δόξης</span> <span class='ocrx_word' id='word_1_529' title='bbox 1880 3935 2002 4006; x_wconf 40' lang='grc' dir='ltr'><strong>σου;¹</strong></span> 
     </span>
    </p>
   </div>
   <div class='ocr_carea' id='block_1_72' title="bbox 414 4023 2000 4110">
    <p class='ocr_par' dir='ltr' id='par_1_72' title="bbox 414 4023 2000 4110">
     <span class='ocr_line' id='line_1_72' title="bbox 414 4023 2000 4110; baseline 0.015 -34"><span class='ocrx_word' id='word_1_530' title='bbox 414 4023 529 4078; x_wconf 85' lang='grc' dir='ltr'><strong>Ποῦ</strong></span> <span class='ocrx_word' id='word_1_531' title='bbox 557 4027 704 4082; x_wconf 75' lang='grc' dir='ltr'>ἐστιν</span> <span class='ocrx_word' id='word_1_532' title='bbox 737 4031 766 4083; x_wconf 83' lang='grc' dir='ltr'><strong>ὁ</strong></span> <span class='ocrx_word' id='word_1_533' title='bbox 795 4032 955 4103; x_wconf 76' lang='grc' dir='ltr'>ζῆλος</span> <span class='ocrx_word' id='word_1_534' title='bbox 983 4052 1076 4089; x_wconf 92' lang='grc' dir='ltr'><strong>σου</strong></span> <span class='ocrx_word' id='word_1_535' title='bbox 1114 4038 1208 4100; x_wconf 67' lang='grc' dir='ltr'><strong>καὶ</strong></span> <span class='ocrx_word' id='word_1_536' title='bbox 1250 4040 1282 4108; x_wconf 89' lang='grc' dir='ltr'><strong>ἡ</strong></span> <span class='ocrx_word' id='word_1_537' title='bbox 1315 4038 1467 4110; x_wconf 75' lang='grc' dir='ltr'>ἰσχύς</span> <span class='ocrx_word' id='word_1_538' title='bbox 1498 4057 1615 4107; x_wconf 91' lang='grc' dir='ltr'>σου;</span> <span class='ocrx_word' id='word_1_539' title='bbox 1651 4042 1762 4095; x_wconf 85' lang='grc' dir='ltr'><strong>Ποῦ</strong></span> <span class='ocrx_word' id='word_1_540' title='bbox 1796 4044 1913 4097; x_wconf 84' lang='grc' dir='ltr'>ὲστι</span> <span class='ocrx_word' id='word_1_541' title='bbox 1937 4044 2000 4099; x_wconf 81' lang='grc' dir='ltr'><strong>τὸ</strong></span> 
     </span>
    </p>
   </div>
   <div class='ocr_carea' id='block_1_73' title="bbox 413 4115 1997 4203">
    <p class='ocr_par' dir='ltr' id='par_1_73' title="bbox 413 4115 1997 4203">
     <span class='ocr_line' id='line_1_73' title="bbox 413 4115 1997 4203; baseline 0.013 -35"><span class='ocrx_word' id='word_1_542' title='bbox 413 4115 625 4185; x_wconf 80' lang='grc' dir='ltr'>πλῆθος</span> <span class='ocrx_word' id='word_1_543' title='bbox 661 4120 754 4174; x_wconf 88' lang='grc' dir='ltr'><strong>τοῦ</strong></span> <span class='ocrx_word' id='word_1_544' title='bbox 787 4123 970 4189; x_wconf 81' lang='grc' dir='ltr'>ἐλέους</span> <span class='ocrx_word' id='word_1_545' title='bbox 1007 4143 1102 4181; x_wconf 88' lang='grc' dir='ltr'><strong>σου</strong></span> <span class='ocrx_word' id='word_1_546' title='bbox 1140 4129 1236 4182; x_wconf 81' lang='grc' dir='ltr'>καὶ</span> <span class='ocrx_word' id='word_1_547' title='bbox 1285 4130 1394 4183; x_wconf 83' lang='grc' dir='ltr'>τῶν</span> <span class='ocrx_word' id='word_1_548' title='bbox 1430 4133 1738 4203; x_wconf 75' lang='grc' dir='ltr'>οἰκτιρμῶν</span> <span class='ocrx_word' id='word_1_549' title='bbox 1772 4151 1890 4202; x_wconf 87' lang='grc' dir='ltr'>σου,</span> <span class='ocrx_word' id='word_1_550' title='bbox 1915 4136 1997 4190; x_wconf 82' lang='grc' dir='ltr'>ὅτι</span> 
     </span>
    </p>
   </div>
   <div class='ocr_carea' id='block_1_74' title="bbox 411 4207 2002 4295">
    <p class='ocr_par' dir='ltr' id='par_1_74' title="bbox 411 4207 2002 4295">
     <span class='ocr_line' id='line_1_74' title="bbox 411 4207 2002 4295; baseline 0.015 -36"><span class='ocrx_word' id='word_1_551' title='bbox 411 4207 646 4280; x_wconf 76' lang='grc' dir='ltr'>ἠνέσχες</span> <span class='ocrx_word' id='word_1_552' title='bbox 688 4213 800 4283; x_wconf 74' lang='grc' dir='ltr'>τῆς,</span> <span class='ocrx_word' id='word_1_553' title='bbox 833 4215 1096 4280; x_wconf 84' lang='grc' dir='ltr'>πτώσεως</span> <span class='ocrx_word' id='word_1_554' title='bbox 1130 4221 1162 4290; x_wconf 84' lang='grc' dir='ltr'>ἡ</span> <span class='ocrx_word' id='word_1_555' title='bbox 1175 4220 1291 4290; x_wconf 86' lang='grc' dir='ltr'>μῶν</span> <span class='ocrx_word' id='word_1_556' title='bbox 1315 4236 1330 4286; x_wconf 90' lang='grc'><strong>;</strong></span> <span class='ocrx_word' id='word_1_557' title='bbox 1351 4221 1423 4274; x_wconf 85' lang='grc' dir='ltr'>Σὺ</span> <span class='ocrx_word' id='word_1_558' title='bbox 1466 4223 1575 4294; x_wconf 83' lang='grc' dir='ltr'><strong>γὰρ</strong></span> <span class='ocrx_word' id='word_1_559' title='bbox 1604 4225 1764 4295; x_wconf 81' lang='grc' dir='ltr'>ήμῶν</span> <span class='ocrx_word' id='word_1_560' title='bbox 1806 4223 1861 4281; x_wconf 75' lang='grc' dir='ltr'>εἴ</span> <span class='ocrx_word' id='word_1_561' title='bbox 1889 4230 2002 4282; x_wconf 84' lang='grc' dir='ltr'><strong>Πα-</strong></span> 
     </span>
    </p>
   </div>
   <div class='ocr_carea' id='block_1_75' title="bbox 409 4300 1998 4390">
    <p class='ocr_par' dir='ltr' id='par_1_75' title="bbox 409 4300 1998 4390">
     <span class='ocr_line' id='line_1_75' title="bbox 409 4300 1998 4390; baseline 0.013 -37"><span class='ocrx_word' id='word_1_562' title='bbox 409 4300 541 4372; x_wconf 78' lang='grc' dir='ltr'>τὴρ,</span> <span class='ocrx_word' id='word_1_563' title='bbox 575 4303 656 4358; x_wconf 81' lang='grc' dir='ltr'>ὃτι</span> <span class='ocrx_word' id='word_1_564' title='bbox 703 4306 957 4379; x_wconf 78' lang='grc' dir='ltr'>Ἀϐραὰμ</span> <span class='ocrx_word' id='word_1_565' title='bbox 988 4310 1089 4364; x_wconf 86' lang='grc' dir='ltr'><strong>οὐκ</strong></span> <span class='ocrx_word' id='word_1_566' title='bbox 1117 4311 1260 4378; x_wconf 77' lang='grc' dir='ltr'>ἔγνω</span> <span class='ocrx_word' id='word_1_567' title='bbox 1309 4315 1480 4384; x_wconf 82' lang='grc' dir='ltr'>ἡμᾶς,</span> <span class='ocrx_word' id='word_1_568' title='bbox 1510 4317 1605 4368; x_wconf 76' lang='grc' dir='ltr'>καὶ</span> <span class='ocrx_word' id='word_1_569' title='bbox 1651 4317 1870 4390; x_wconf 82' lang='grc' dir='ltr'>Ἰσραὴλ</span> <span class='ocrx_word' id='word_1_570' title='bbox 1899 4318 1998 4373; x_wconf 83' lang='grc' dir='ltr'><strong>οὐκ</strong></span> 
     </span>
    </p>
   </div>
   <div class='ocr_carea' id='block_1_76' title="bbox 412 4391 1999 4480">
    <p class='ocr_par' dir='ltr' id='par_1_76' title="bbox 412 4391 1999 4480">
     <span class='ocr_line' id='line_1_76' title="bbox 412 4391 1999 4480; baseline 0.011 -37"><span class='ocrx_word' id='word_1_571' title='bbox 412 4391 632 4462; x_wconf 77' lang='grc' dir='ltr'>ἐπέγνω</span> <span class='ocrx_word' id='word_1_572' title='bbox 673 4397 840 4466; x_wconf 78' lang='grc' dir='ltr'>ἡμᾶς’</span> <span class='ocrx_word' id='word_1_573' title='bbox 870 4398 1007 4452; x_wconf 84' lang='grc' dir='ltr'>ἀλλὰ</span> <span class='ocrx_word' id='word_1_574' title='bbox 1060 4402 1147 4466; x_wconf 78' lang='grc' dir='ltr'>σὺ,</span> <span class='ocrx_word' id='word_1_575' title='bbox 1196 4402 1392 4473; x_wconf 87' lang='grc' dir='ltr'>Κύριε,</span> <span class='ocrx_word' id='word_1_576' title='bbox 1428 4404 1619 4475; x_wconf 79' lang='grc' dir='ltr'>Πατὴρ</span> <span class='ocrx_word' id='word_1_577' title='bbox 1645 4407 1802 4476; x_wconf 86' lang='grc' dir='ltr'>ἡμῶν</span> <span class='ocrx_word' id='word_1_578' title='bbox 1837 4407 1999 4480; x_wconf 80' lang='grc' dir='ltr'>ῥῦσαι</span> 
     </span>
    </p>
   </div>
   <div class='ocr_carea' id='block_1_77' title="bbox 409 4481 1999 4570">
    <p class='ocr_par' dir='ltr' id='par_1_77' title="bbox 409 4481 1999 4570">
     <span class='ocr_line' id='line_1_77' title="bbox 409 4481 1999 4570; baseline 0.012 -36"><span class='ocrx_word' id='word_1_579' title='bbox 409 4481 583 4550; x_wconf 81' lang='grc' dir='ltr'>ἡμᾶς,</span> <span class='ocrx_word' id='word_1_580' title='bbox 615 4483 697 4537; x_wconf 74' lang='grc' dir='ltr'><strong>ὅτι</strong></span> <span class='ocrx_word' id='word_1_581' title='bbox 719 4486 813 4540; x_wconf 82' lang='grc' dir='ltr'><strong>ἀπ’</strong></span> <span class='ocrx_word' id='word_1_582' title='bbox 843 4488 1020 4559; x_wconf 82' lang='grc' dir='ltr'>ἀρχῆς</span> <span class='ocrx_word' id='word_1_583' title='bbox 1042 4489 1104 4543; x_wconf 81' lang='grc' dir='ltr'><strong>τὸ</strong></span> <span class='ocrx_word' id='word_1_584' title='bbox 1128 4490 1299 4562; x_wconf 80' lang='grc' dir='ltr'>δνομὰ</span> <span class='ocrx_word' id='word_1_585' title='bbox 1329 4509 1422 4545; x_wconf 87' lang='grc' dir='ltr'><strong>σου</strong></span> <span class='ocrx_word' id='word_1_586' title='bbox 1458 4494 1518 4547; x_wconf 88' lang='grc' dir='ltr'><strong>τὸ</strong></span> <span class='ocrx_word' id='word_1_587' title='bbox 1547 4493 1702 4562; x_wconf 71' lang='grc' dir='ltr'>ἅγιον</span> <span class='ocrx_word' id='word_1_588' title='bbox 1731 4497 1817 4566; x_wconf 74' lang='grc' dir='ltr'><strong>ἐφ’</strong></span> <span class='ocrx_word' id='word_1_589' title='bbox 1850 4500 1999 4570; x_wconf 81' lang='grc' dir='ltr'>ἡμᾶς</span> 
     </span>
    </p>
   </div>
   <div class='ocr_carea' id='block_1_78' title="bbox 409 4573 2008 4658">
    <p class='ocr_par' dir='ltr' id='par_1_78' title="bbox 409 4573 1994 4657">
     <span class='ocr_line' id='line_1_78' title="bbox 409 4573 1994 4657; baseline 0.011 -33"><span class='ocrx_word' id='word_1_590' title='bbox 409 4573 556 4638; x_wconf 75' lang='grc' dir='ltr'>ἐστι,</span> <span class='ocrx_word' id='word_1_591' title='bbox 590 4575 688 4629; x_wconf 75' lang='grc' dir='ltr'>καὶ</span> <span class='ocrx_word' id='word_1_592' title='bbox 731 4576 826 4630; x_wconf 86' lang='grc' dir='ltr'><strong>τοῦ</strong></span> <span class='ocrx_word' id='word_1_593' title='bbox 872 4581 1198 4649; x_wconf 85' lang='grc' dir='ltr'>μονογενοῦς</span> <span class='ocrx_word' id='word_1_594' title='bbox 1249 4600 1343 4636; x_wconf 87' lang='grc' dir='ltr'><strong>σου</strong></span> <span class='ocrx_word' id='word_1_595' title='bbox 1388 4584 1542 4650; x_wconf 78' lang='grc' dir='ltr'>Υίοῦ,</span> <span class='ocrx_word' id='word_1_596' title='bbox 1585 4587 1676 4640; x_wconf 80' lang='grc' dir='ltr'><strong>καὶ</strong></span> <span class='ocrx_word' id='word_1_597' title='bbox 1713 4587 1806 4640; x_wconf 83' lang='grc' dir='ltr'><strong>τοῦ</strong></span> <span class='ocrx_word' id='word_1_598' title='bbox 1837 4589 1994 4657; x_wconf 88' lang='grc' dir='ltr'>ἁγίου</span> 
     </span>
    </p>
   </div>
   <div class='ocr_carea' id='block_1_79' title="bbox 2113 4573 3088 4658">
    <p class='ocr_par' dir='ltr' id='par_1_79' title="bbox 2113 4585 3088 4658">
     <span class='ocr_line' id='line_1_79' title="bbox 2113 4585 3088 4658; baseline -0.007 -12"><span class='ocrx_word' id='word_1_599' title='bbox 2113 4602 2263 4658; x_wconf 75' lang='lat' dir='ltr'><strong>verte,</strong></span> <span class='ocrx_word' id='word_1_600' title='bbox 2324 4589 2567 4650; x_wconf 86' lang='lat' dir='ltr'><strong>Domine,</strong></span> <span class='ocrx_word' id='word_1_601' title='bbox 2611 4602 2786 4641; x_wconf 82' lang='lat' dir='ltr'><strong>servos</strong></span> <span class='ocrx_word' id='word_1_602' title='bbox 2836 4593 2952 4640; x_wconf 86' lang='lat' dir='ltr'><strong>tuos</strong></span> <span class='ocrx_word' id='word_1_603' title='bbox 3019 4585 3088 4650; x_wconf 76' lang='grc' dir='ltr'>ἰ,</span> 
     </span>
    </p>
   </div>
   <div class='ocr_carea' id='block_1_80' title="bbox 411 4667 1995 4752">
    <p class='ocr_par' dir='ltr' id='par_1_80' title="bbox 411 4667 1995 4752">
     <span class='ocr_line' id='line_1_80' title="bbox 411 4667 1995 4752; baseline 0.011 -35"><span class='ocrx_word' id='word_1_604' title='bbox 411 4681 510 4718; x_wconf 85' lang='grc' dir='ltr'><strong>σου</strong></span> <span class='ocrx_word' id='word_1_605' title='bbox 541 4667 877 4739; x_wconf 84' lang='grc' dir='ltr'>Πνεύματος.</span> <span class='ocrx_word' id='word_1_606' title='bbox 910 4673 976 4726; x_wconf 84' lang='grc' dir='ltr'>Τί</span> <span class='ocrx_word' id='word_1_607' title='bbox 1004 4674 1319 4745; x_wconf 79' lang='grc' dir='ltr'>ὲπλὰνησας</span> <span class='ocrx_word' id='word_1_608' title='bbox 1346 4678 1514 4746; x_wconf 81' lang='grc' dir='ltr'>ἡμᾶς,</span> <span class='ocrx_word' id='word_1_609' title='bbox 1544 4677 1740 4750; x_wconf 85' lang='grc' dir='ltr'>Κύριε,</span> <span class='ocrx_word' id='word_1_610' title='bbox 1767 4681 1874 4734; x_wconf 79' lang='grc' dir='ltr'>ἀπὸ</span> <span class='ocrx_word' id='word_1_611' title='bbox 1895 4682 1995 4752; x_wconf 87' lang='grc' dir='ltr'>τῆς</span> 
     </span>
    </p>
   </div>
   <div class='ocr_carea' id='block_1_81' title="bbox 407 4757 1991 4847">
    <p class='ocr_par' dir='ltr' id='par_1_81' title="bbox 407 4757 1991 4847">
     <span class='ocr_line' id='line_1_81' title="bbox 407 4757 1991 4847; baseline 0.011 -35"><span class='ocrx_word' id='word_1_612' title='bbox 407 4757 532 4813; x_wconf 82' lang='grc' dir='ltr'>ὀδοῦ</span> <span class='ocrx_word' id='word_1_613' title='bbox 564 4776 677 4814; x_wconf 83' lang='grc' dir='ltr'>σου·</span> <span class='ocrx_word' id='word_1_614' title='bbox 718 4763 794 4835; x_wconf 82' lang='grc' dir='ltr'><strong>μὴ</strong></span> <span class='ocrx_word' id='word_1_615' title='bbox 826 4766 1124 4841; x_wconf 84' lang='grc' dir='ltr'>παιδεύσῃς</span> <span class='ocrx_word' id='word_1_616' title='bbox 1153 4771 1300 4840; x_wconf 74' lang='grc' dir='ltr'>ἡμᾶς</span> <span class='ocrx_word' id='word_1_617' title='bbox 1339 4774 1404 4841; x_wconf 86' lang='grc' dir='ltr'>τῇ</span> <span class='ocrx_word' id='word_1_618' title='bbox 1437 4772 1617 4844; x_wconf 74' lang='grc' dir='ltr'><strong>ῥάϐδῳ</strong></span> <span class='ocrx_word' id='word_1_619' title='bbox 1643 4774 1754 4828; x_wconf 81' lang='grc' dir='ltr'><strong>τῶν</strong></span> <span class='ocrx_word' id='word_1_620' title='bbox 1787 4779 1991 4847; x_wconf 82' lang='grc' dir='ltr'>κριμὰ-</span> 
     </span>
    </p>
   </div>
   <div class='ocr_carea' id='block_1_82' title="bbox 2111 3298 3711 3377">
    <p class='ocr_par' dir='ltr' id='par_1_82' title="bbox 2111 3298 3711 3377">
     <span class='ocr_line' id='line_1_82' title="bbox 2111 3298 3711 3377; baseline -0.003 -18"><span class='ocrx_word' id='word_1_621' title='bbox 2111 3306 2317 3377; x_wconf 87' lang='lat' dir='ltr'><strong>quippe</strong></span> <span class='ocrx_word' id='word_1_622' title='bbox 2362 3318 2427 3358; x_wconf 89' lang='lat' dir='ltr'><strong>es</strong></span> <span class='ocrx_word' id='word_1_623' title='bbox 2464 3301 2561 3372; x_wconf 84' lang='lat' dir='ltr'><strong>qui</strong></span> <span class='ocrx_word' id='word_1_624' title='bbox 2604 3298 2789 3355; x_wconf 89' lang='lat' dir='ltr'><strong>omnia</strong></span> <span class='ocrx_word' id='word_1_625' title='bbox 2839 3299 2896 3352; x_wconf 92' lang='lat' dir='ltr'><strong>in</strong></span> <span class='ocrx_word' id='word_1_626' title='bbox 2945 3299 3206 3354; x_wconf 89' lang='lat' dir='ltr'><strong>omnibus</strong></span> <span class='ocrx_word' id='word_1_627' title='bbox 3247 3300 3494 3369; x_wconf 88' lang='lat' dir='ltr'><strong>operaris</strong></span> <span class='ocrx_word' id='word_1_628' title='bbox 3539 3301 3601 3364; x_wconf 63' lang='grc' dir='ltr'>η,</span> <span class='ocrx_word' id='word_1_629' title='bbox 3632 3317 3711 3355; x_wconf 90' lang='lat' dir='ltr'><strong>ac-</strong></span> 
     </span>
    </p>
   </div>
   <div class='ocr_carea' id='block_1_83' title="bbox 2109 3389 3697 3462">
    <p class='ocr_par' dir='ltr' id='par_1_83' title="bbox 2109 3389 3697 3462">
     <span class='ocr_line' id='line_1_83' title="bbox 2109 3389 3697 3462; baseline -0.003 -10"><span class='ocrx_word' id='word_1_630' title='bbox 2109 3406 2265 3452; x_wconf 89' lang='lat' dir='ltr'><strong>tuum</strong></span> <span class='ocrx_word' id='word_1_631' title='bbox 2296 3409 2488 3450; x_wconf 86' lang='lat' dir='ltr'><strong>omnes</strong></span> <span class='ocrx_word' id='word_1_632' title='bbox 2533 3389 2799 3452; x_wconf 82' lang='lat' dir='ltr'><strong>auxilium</strong></span> <span class='ocrx_word' id='word_1_633' title='bbox 2838 3390 3156 3460; x_wconf 76' lang='lat' dir='ltr'><strong>quaerimus.</strong></span> <span class='ocrx_word' id='word_1_634' title='bbox 3196 3390 3394 3460; x_wconf 86' lang='lat' dir='ltr'><strong>Aspice</strong></span> <span class='ocrx_word' id='word_1_635' title='bbox 3426 3391 3594 3462; x_wconf 86' lang='lat' dir='ltr'><strong>igitur</strong></span> <span class='ocrx_word' id='word_1_636' title='bbox 3626 3393 3697 3448; x_wconf 87' lang='lat' dir='ltr'><strong>de</strong></span> 
     </span>
    </p>
   </div>
   <div class='ocr_carea' id='block_1_84' title="bbox 2109 3481 3696 3554">
    <p class='ocr_par' dir='ltr' id='par_1_84' title="bbox 2109 3481 3696 3554">
     <span class='ocr_line' id='line_1_84' title="bbox 2109 3481 3696 3554; baseline -0.004 -7"><span class='ocrx_word' id='word_1_637' title='bbox 2109 3492 2270 3554; x_wconf 78' lang='lat' dir='ltr'><strong>ccelo,</strong></span> <span class='ocrx_word' id='word_1_638' title='bbox 2290 3487 2541 3551; x_wconf 87' lang='lat' dir='ltr'><strong>Domine,</strong></span> <span class='ocrx_word' id='word_1_639' title='bbox 2575 3494 2632 3539; x_wconf 91' lang='lat' dir='ltr'><strong>et</strong></span> <span class='ocrx_word' id='word_1_640' title='bbox 2658 3482 2785 3538; x_wconf 82' lang='lat' dir='ltr'><strong>vide</strong></span> <span class='ocrx_word' id='word_1_641' title='bbox 2824 3481 2892 3537; x_wconf 90' lang='lat' dir='ltr'><strong>de</strong></span> <span class='ocrx_word' id='word_1_642' title='bbox 2931 3482 3246 3536; x_wconf 88' lang='lat' dir='ltr'><strong>habitaculo</strong></span> <span class='ocrx_word' id='word_1_643' title='bbox 3277 3493 3479 3538; x_wconf 58' lang='lat' dir='ltr'><strong>sanctae</strong></span> <span class='ocrx_word' id='word_1_644' title='bbox 3506 3485 3696 3554; x_wconf 63' lang='lat' dir='ltr'><strong>glorim</strong></span> 
     </span>
    </p>
   </div>
   <div class='ocr_carea' id='block_1_85' title="bbox 2108 3572 3692 3640">
    <p class='ocr_par' dir='ltr' id='par_1_85' title="bbox 2108 3572 3692 3640">
     <span class='ocr_line' id='line_1_85' title="bbox 2108 3572 3692 3640; baseline -0.004 -2"><span class='ocrx_word' id='word_1_645' title='bbox 2108 3593 2234 3640; x_wconf 72' lang='lat' dir='ltr'><strong>tute.</strong></span> <span class='ocrx_word' id='word_1_646' title='bbox 2273 3579 2378 3638; x_wconf 91' lang='lat' dir='ltr'><strong>Ubi</strong></span> <span class='ocrx_word' id='word_1_647' title='bbox 2417 3585 2503 3633; x_wconf 80' lang='lat' dir='ltr'><strong>est</strong></span> <span class='ocrx_word' id='word_1_648' title='bbox 2541 3575 2820 3630; x_wconf 64' lang='lat' dir='ltr'><strong>aemulatio</strong></span> <span class='ocrx_word' id='word_1_649' title='bbox 2869 3583 2960 3628; x_wconf 91' lang='lat' dir='ltr'><strong>tua</strong></span> <span class='ocrx_word' id='word_1_650' title='bbox 3009 3581 3065 3628; x_wconf 90' lang='lat' dir='ltr'><strong>et</strong></span> <span class='ocrx_word' id='word_1_651' title='bbox 3106 3572 3374 3628; x_wconf 86' lang='lat' dir='ltr'><strong>fortitudo</strong></span> <span class='ocrx_word' id='word_1_652' title='bbox 3413 3575 3546 3630; x_wconf 87' lang='lat' dir='ltr'><strong>tua?</strong></span> <span class='ocrx_word' id='word_1_653' title='bbox 3587 3575 3692 3632; x_wconf 89' lang='lat' dir='ltr'><strong>Ubi</strong></span> 
     </span>
    </p>
   </div>
   <div class='ocr_carea' id='block_1_86' title="bbox 2107 3664 3712 3730">
    <p class='ocr_par' dir='ltr' id='par_1_86' title="bbox 2107 3664 3712 3730">
     <span class='ocr_line' id='line_1_86' title="bbox 2107 3664 3712 3730; baseline -0.005 0"><span class='ocrx_word' id='word_1_654' title='bbox 2107 3682 2190 3730; x_wconf 91' lang='lat' dir='ltr'><strong>est</strong></span> <span class='ocrx_word' id='word_1_655' title='bbox 2241 3669 2541 3726; x_wconf 87' lang='lat' dir='ltr'><strong>multitudo</strong></span> <span class='ocrx_word' id='word_1_656' title='bbox 2578 3664 2979 3720; x_wconf 69' lang='lat' dir='ltr'><strong>misericordiae</strong></span> <span class='ocrx_word' id='word_1_657' title='bbox 3025 3673 3130 3718; x_wconf 68' lang='lat' dir='ltr'><strong>tua:</strong></span> <span class='ocrx_word' id='word_1_658' title='bbox 3168 3673 3225 3719; x_wconf 91' lang='lat' dir='ltr'><strong>et</strong></span> <span class='ocrx_word' id='word_1_659' title='bbox 3277 3665 3712 3727; x_wconf 77' lang='lat' dir='ltr'><strong>miserationum.</strong></span> 
     </span>
    </p>
   </div>
   <div class='ocr_carea' id='block_1_87' title="bbox 2107 3757 3694 3833">
    <p class='ocr_par' dir='ltr' id='par_1_87' title="bbox 2107 3757 3694 3833">
     <span class='ocr_line' id='line_1_87' title="bbox 2107 3757 3694 3833; baseline -0.004 -13"><span class='ocrx_word' id='word_1_660' title='bbox 2107 3775 2350 3828; x_wconf 89' lang='lat' dir='ltr'><strong>tuarum,</strong></span> <span class='ocrx_word' id='word_1_661' title='bbox 2397 3761 2546 3833; x_wconf 92' lang='lat' dir='ltr'><strong>quod</strong></span> <span class='ocrx_word' id='word_1_662' title='bbox 2586 3757 2899 3814; x_wconf 88' lang='lat' dir='ltr'><strong>sustinuisti</strong></span> <span class='ocrx_word' id='word_1_663' title='bbox 2941 3771 3042 3811; x_wconf 89' lang='lat' dir='ltr'><strong>nos</strong></span> <span class='ocrx_word' id='word_1_664' title='bbox 3084 3757 3302 3810; x_wconf 91' lang='lat' dir='ltr'><strong>ruinam</strong></span> <span class='ocrx_word' id='word_1_665' title='bbox 3345 3757 3564 3813; x_wconf 78' lang='lat' dir='ltr'><strong>facere?</strong></span> <span class='ocrx_word' id='word_1_666' title='bbox 3611 3760 3694 3814; x_wconf 93' lang='lat' dir='ltr'><strong>Tu</strong></span> 
     </span>
    </p>
   </div>
   <div class='ocr_carea' id='block_1_88' title="bbox 2106 3849 3695 3922">
    <p class='ocr_par' dir='ltr' id='par_1_88' title="bbox 2106 3849 3695 3922">
     <span class='ocr_line' id='line_1_88' title="bbox 2106 3849 3695 3922; baseline -0.004 -8"><span class='ocrx_word' id='word_1_667' title='bbox 2106 3859 2255 3915; x_wconf 90' lang='lat' dir='ltr'><strong>enim</strong></span> <span class='ocrx_word' id='word_1_668' title='bbox 2281 3872 2342 3912; x_wconf 89' lang='lat' dir='ltr'><strong>es</strong></span> <span class='ocrx_word' id='word_1_669' title='bbox 2373 3856 2537 3911; x_wconf 87' lang='lat' dir='ltr'><strong>Pater</strong></span> <span class='ocrx_word' id='word_1_670' title='bbox 2571 3859 2780 3914; x_wconf 89' lang='lat' dir='ltr'><strong>noster,</strong></span> <span class='ocrx_word' id='word_1_671' title='bbox 2811 3849 2940 3918; x_wconf 88' lang='lat' dir='ltr'><strong>quia</strong></span> <span class='ocrx_word' id='word_1_672' title='bbox 2969 3849 3247 3903; x_wconf 79' lang='lat' dir='ltr'><strong>Abraham</strong></span> <span class='ocrx_word' id='word_1_673' title='bbox 3284 3866 3397 3904; x_wconf 90' lang='lat' dir='ltr'><strong>non</strong></span> <span class='ocrx_word' id='word_1_674' title='bbox 3431 3854 3695 3922; x_wconf 88' lang='lat' dir='ltr'><strong>cognovit</strong></span> 
     </span>
    </p>
   </div>
   <div class='ocr_carea' id='block_1_89' title="bbox 2105 3941 3693 4014">
    <p class='ocr_par' dir='ltr' id='par_1_89' title="bbox 2105 3941 3693 4014">
     <span class='ocr_line' id='line_1_89' title="bbox 2105 3941 3693 4014; baseline -0.006 -8"><span class='ocrx_word' id='word_1_675' title='bbox 2105 3967 2228 4014; x_wconf 90' lang='lat' dir='ltr'><strong>nos,</strong></span> <span class='ocrx_word' id='word_1_676' title='bbox 2246 3947 2482 4005; x_wconf 86' lang='lat' dir='ltr'><strong>etlsrael</strong></span> <span class='ocrx_word' id='word_1_677' title='bbox 2504 3959 2606 3999; x_wconf 86' lang='lat' dir='ltr'><strong>nos</strong></span> <span class='ocrx_word' id='word_1_678' title='bbox 2627 3958 2737 3997; x_wconf 89' lang='lat' dir='ltr'><strong>non</strong></span> <span class='ocrx_word' id='word_1_679' title='bbox 2760 3941 3012 4011; x_wconf 85' lang='lat' dir='ltr'><strong>agnovit:</strong></span> <span class='ocrx_word' id='word_1_680' title='bbox 3037 3941 3132 3996; x_wconf 91' lang='lat' dir='ltr'><strong>sed</strong></span> <span class='ocrx_word' id='word_1_681' title='bbox 3153 3950 3232 4005; x_wconf 88' lang='lat' dir='ltr'><strong>tu,</strong></span> <span class='ocrx_word' id='word_1_682' title='bbox 3253 3942 3508 4007; x_wconf 87' lang='lat' dir='ltr'><strong>Domine,</strong></span> <span class='ocrx_word' id='word_1_683' title='bbox 3531 3945 3693 3999; x_wconf 85' lang='lat' dir='ltr'><strong>Pater</strong></span> 
     </span>
    </p>
   </div>
   <div class='ocr_carea' id='block_1_90' title="bbox 2104 4032 3693 4108">
    <p class='ocr_par' dir='ltr' id='par_1_90' title="bbox 2104 4032 3693 4108">
     <span class='ocr_line' id='line_1_90' title="bbox 2104 4032 3693 4108; baseline -0.006 -9"><span class='ocrx_word' id='word_1_684' title='bbox 2104 4051 2316 4108; x_wconf 89' lang='lat' dir='ltr'><strong>noster,</strong></span> <span class='ocrx_word' id='word_1_685' title='bbox 2348 4039 2522 4094; x_wconf 88' lang='lat' dir='ltr'><strong>libera</strong></span> <span class='ocrx_word' id='word_1_686' title='bbox 2565 4051 2686 4099; x_wconf 90' lang='lat' dir='ltr'><strong>nos,</strong></span> <span class='ocrx_word' id='word_1_687' title='bbox 2723 4048 2890 4103; x_wconf 87' lang='lat' dir='ltr'><strong>super</strong></span> <span class='ocrx_word' id='word_1_688' title='bbox 2913 4048 3052 4102; x_wconf 91' lang='lat' dir='ltr'><strong>quos</strong></span> <span class='ocrx_word' id='word_1_689' title='bbox 3076 4032 3342 4087; x_wconf 86' lang='lat' dir='ltr'><strong>nimirum</strong></span> <span class='ocrx_word' id='word_1_690' title='bbox 3368 4035 3693 4105; x_wconf 89' lang='lat' dir='ltr'><strong>aprincipio</strong></span> 
     </span>
    </p>
   </div>
   <div class='ocr_carea' id='block_1_91' title="bbox 2107 4119 3690 4195">
    <p class='ocr_par' dir='ltr' id='par_1_91' title="bbox 2107 4119 3690 4195">
     <span class='ocr_line' id='line_1_91' title="bbox 2107 4119 3690 4195; baseline -0.004 -6"><span class='ocrx_word' id='word_1_691' title='bbox 2107 4149 2306 4189; x_wconf 91' lang='lat' dir='ltr'><strong>nomen</strong></span> <span class='ocrx_word' id='word_1_692' title='bbox 2336 4119 2586 4187; x_wconf 85' lang='lat' dir='ltr'><strong>sane-tum</strong></span> <span class='ocrx_word' id='word_1_693' title='bbox 2619 4135 2799 4190; x_wconf 92' lang='lat' dir='ltr'><strong>tuum,</strong></span> <span class='ocrx_word' id='word_1_694' title='bbox 2833 4134 2888 4178; x_wconf 92' lang='lat' dir='ltr'><strong>et</strong></span> <span class='ocrx_word' id='word_1_695' title='bbox 2925 4123 3197 4195; x_wconf 89' lang='lat' dir='ltr'><strong>unigeniti</strong></span> <span class='ocrx_word' id='word_1_696' title='bbox 3227 4125 3350 4180; x_wconf 88' lang='lat' dir='ltr'><strong>Filii</strong></span> <span class='ocrx_word' id='word_1_697' title='bbox 3376 4125 3455 4180; x_wconf 93' lang='lat' dir='ltr'><strong>tui</strong></span> <span class='ocrx_word' id='word_1_698' title='bbox 3484 4128 3690 4183; x_wconf 82' lang='lat' dir='ltr'><strong>sancti-</strong></span> 
     </span>
    </p>
   </div>
   <div class='ocr_carea' id='block_1_92' title="bbox 2106 4215 3690 4296">
    <p class='ocr_par' dir='ltr' id='par_1_92' title="bbox 2106 4215 3690 4296">
     <span class='ocr_line' id='line_1_92' title="bbox 2106 4215 3690 4296; baseline -0.003 -17"><span class='ocrx_word' id='word_1_699' title='bbox 2106 4241 2215 4296; x_wconf 87' lang='lat' dir='ltr'><strong>que</strong></span> <span class='ocrx_word' id='word_1_700' title='bbox 2248 4222 2490 4295; x_wconf 88' lang='lat' dir='ltr'><strong>Spiritus</strong></span> <span class='ocrx_word' id='word_1_701' title='bbox 2528 4228 2633 4273; x_wconf 88' lang='lat' dir='ltr'><strong>est.</strong></span> <span class='ocrx_word' id='word_1_702' title='bbox 2671 4217 2783 4273; x_wconf 88' lang='lat' dir='ltr'><strong>Cur</strong></span> <span class='ocrx_word' id='word_1_703' title='bbox 2815 4232 3004 4272; x_wconf 88' lang='lat' dir='ltr'><strong>errare</strong></span> <span class='ocrx_word' id='word_1_704' title='bbox 3046 4231 3149 4272; x_wconf 91' lang='lat' dir='ltr'><strong>nos</strong></span> <span class='ocrx_word' id='word_1_705' title='bbox 3178 4215 3356 4272; x_wconf 79' lang='lat' dir='ltr'><strong>fecisti</strong></span> <span class='ocrx_word' id='word_1_706' title='bbox 3391 4233 3421 4271; x_wconf 92' lang='lat' dir='ltr'><strong>a</strong></span> <span class='ocrx_word' id='word_1_707' title='bbox 3449 4218 3537 4272; x_wconf 89' lang='lat' dir='ltr'><strong>via</strong></span> <span class='ocrx_word' id='word_1_708' title='bbox 3573 4227 3690 4282; x_wconf 87' lang='lat' dir='ltr'><strong>tua,</strong></span> 
     </span>
    </p>
   </div>
   <div class='ocr_carea' id='block_1_93' title="bbox 2106 4308 3694 4381">
    <p class='ocr_par' dir='ltr' id='par_1_93' title="bbox 2106 4308 3694 4381">
     <span class='ocr_line' id='line_1_93' title="bbox 2106 4308 3694 4381; baseline -0.003 -9"><span class='ocrx_word' id='word_1_709' title='bbox 2106 4316 2377 4373; x_wconf 87' lang='lat' dir='ltr'><strong>Domine?</strong></span> <span class='ocrx_word' id='word_1_710' title='bbox 2429 4331 2497 4369; x_wconf 90' lang='lat' dir='ltr'><strong>ne</strong></span> <span class='ocrx_word' id='word_1_711' title='bbox 2564 4310 2832 4380; x_wconf 87' lang='lat' dir='ltr'><strong>corripias</strong></span> <span class='ocrx_word' id='word_1_712' title='bbox 2882 4325 2983 4364; x_wconf 88' lang='lat' dir='ltr'><strong>nos</strong></span> <span class='ocrx_word' id='word_1_713' title='bbox 3037 4308 3094 4362; x_wconf 91' lang='lat' dir='ltr'><strong>in</strong></span> <span class='ocrx_word' id='word_1_714' title='bbox 3143 4309 3299 4379; x_wconf 77' lang='lat' dir='ltr'><strong>virga</strong></span> <span class='ocrx_word' id='word_1_715' title='bbox 3354 4311 3694 4381; x_wconf 86' lang='lat' dir='ltr'><strong>judiciorum</strong></span> 
     </span>
    </p>
   </div>
   <div class='ocr_carea' id='block_1_94' title="bbox 2108 4403 3694 4475">
    <p class='ocr_par' dir='ltr' id='par_1_94' title="bbox 2108 4403 3694 4475">
     <span class='ocr_line' id='line_1_94' title="bbox 2108 4403 3694 4475; baseline -0.003 -11"><span class='ocrx_word' id='word_1_716' title='bbox 2108 4420 2333 4465; x_wconf 88' lang='lat' dir='ltr'><strong>tuorum</strong></span> <span class='ocrx_word' id='word_1_717' title='bbox 2371 4407 2434 4460; x_wconf 71' lang='grc' dir='ltr'>ι’.</span> <span class='ocrx_word' id='word_1_718' title='bbox 2471 4406 2531 4461; x_wconf 88' lang='lat' dir='ltr'><strong>Ut</strong></span> <span class='ocrx_word' id='word_1_719' title='bbox 2559 4405 2686 4475; x_wconf 81' lang='lat' dir='ltr'><strong>quid</strong></span> <span class='ocrx_word' id='word_1_720' title='bbox 2711 4403 2978 4457; x_wconf 78' lang='lat' dir='ltr'><strong>indurasti</strong></span> <span class='ocrx_word' id='word_1_721' title='bbox 3007 4403 3167 4457; x_wconf 86' lang='lat' dir='ltr'><strong>corda</strong></span> <span class='ocrx_word' id='word_1_722' title='bbox 3200 4408 3404 4468; x_wconf 85' lang='lat' dir='ltr'><strong>nostra,</strong></span> <span class='ocrx_word' id='word_1_723' title='bbox 3439 4422 3505 4459; x_wconf 89' lang='lat' dir='ltr'><strong>ne</strong></span> <span class='ocrx_word' id='word_1_724' title='bbox 3543 4407 3694 4460; x_wconf 86' lang='lat' dir='ltr'><strong>time-</strong></span> 
     </span>
    </p>
   </div>
   <div class='ocr_carea' id='block_1_95' title="bbox 2109 4495 3694 4566">
    <p class='ocr_par' dir='ltr' id='par_1_95' title="bbox 2109 4495 3694 4566">
     <span class='ocr_line' id='line_1_95' title="bbox 2109 4495 3694 4566; baseline -0.002 -11"><span class='ocrx_word' id='word_1_725' title='bbox 2109 4518 2285 4556; x_wconf 83' lang='lat' dir='ltr'><strong>remus</strong></span> <span class='ocrx_word' id='word_1_726' title='bbox 2311 4509 2360 4553; x_wconf 87' lang='lat' dir='ltr'><strong>te</strong></span> <span class='ocrx_word' id='word_1_727' title='bbox 2387 4499 2473 4552; x_wconf 67' lang='grc' dir='ltr'><strong>ὀἳ</strong></span> <span class='ocrx_word' id='word_1_728' title='bbox 2505 4495 2855 4566; x_wconf 86' lang='lat' dir='ltr'><strong>dereliquisti</strong></span> <span class='ocrx_word' id='word_1_729' title='bbox 2887 4510 2992 4550; x_wconf 92' lang='lat' dir='ltr'><strong>nos</strong></span> <span class='ocrx_word' id='word_1_730' title='bbox 3023 4495 3265 4551; x_wconf 66' lang='lat' dir='ltr'><strong>licentiae</strong></span> <span class='ocrx_word' id='word_1_731' title='bbox 3286 4497 3529 4553; x_wconf 88' lang='lat' dir='ltr'><strong>erroris?</strong></span> <span class='ocrx_word' id='word_1_732' title='bbox 3555 4497 3694 4552; x_wconf 87' lang='lat' dir='ltr'><strong>Con-</strong></span> 
     </span>
    </p>
   </div>
   <div class='ocr_carea' id='block_1_96' title="bbox 3151 4597 3690 4656">
    <p class='ocr_par' dir='ltr' id='par_1_96' title="bbox 3151 4597 3690 4656">
     <span class='ocr_line' id='line_1_96' title="bbox 3151 4597 3690 4656; baseline 0.011 -17"><span class='ocrx_word' id='word_1_733' title='bbox 3151 4597 3378 4656; x_wconf 90' lang='lat' dir='ltr'><strong>propter</strong></span> <span class='ocrx_word' id='word_1_734' title='bbox 3441 4598 3690 4644; x_wconf 86' lang='lat' dir='ltr'><strong>sanctam</strong></span> 
     </span>
    </p>
   </div>
   <div class='ocr_carea' id='block_1_97' title="bbox 2103 4679 3692 4748">
    <p class='ocr_par' dir='ltr' id='par_1_97' title="bbox 2103 4679 3692 4748">
     <span class='ocr_line' id='line_1_97' title="bbox 2103 4679 3692 4748; baseline -0.002 -11"><span class='ocrx_word' id='word_1_735' title='bbox 2103 4681 2408 4737; x_wconf 82' lang='lat' dir='ltr'><strong>Ecclesiam</strong></span> <span class='ocrx_word' id='word_1_736' title='bbox 2448 4688 2595 4732; x_wconf 88' lang='lat' dir='ltr'><strong>tuam</strong></span> <span class='ocrx_word' id='word_1_737' title='bbox 2640 4694 2652 4705; x_wconf 93' lang='grc'><strong>·</strong></span> <span class='ocrx_word' id='word_1_738' title='bbox 2691 4682 2919 4745; x_wconf 88' lang='lat' dir='ltr'><strong>propter</strong></span> <span class='ocrx_word' id='word_1_739' title='bbox 2955 4684 3177 4730; x_wconf 87' lang='lat' dir='ltr'><strong>sanctos</strong></span> <span class='ocrx_word' id='word_1_740' title='bbox 3207 4692 3399 4732; x_wconf 90' lang='lat' dir='ltr'><strong>omnes</strong></span> <span class='ocrx_word' id='word_1_741' title='bbox 3434 4679 3527 4748; x_wconf 90' lang='lat' dir='ltr'><strong>qui</strong></span> <span class='ocrx_word' id='word_1_742' title='bbox 3569 4679 3692 4734; x_wconf 80' lang='lat' dir='ltr'><strong>fue-</strong></span> 
     </span>
    </p>
   </div>
   <div class='ocr_carea' id='block_1_98' title="bbox 2103 4767 3690 4839">
    <p class='ocr_par' dir='ltr' id='par_1_98' title="bbox 2103 4767 3690 4839">
     <span class='ocr_line' id='line_1_98' title="bbox 2103 4767 3690 4839; baseline -0.003 -11"><span class='ocrx_word' id='word_1_743' title='bbox 2103 4784 2235 4829; x_wconf 91' lang='lat' dir='ltr'><strong>runt</strong></span> <span class='ocrx_word' id='word_1_744' title='bbox 2257 4788 2286 4826; x_wconf 87' lang='lat' dir='ltr'><strong>a</strong></span> <span class='ocrx_word' id='word_1_745' title='bbox 2317 4769 2612 4833; x_wconf 56' lang='lat' dir='ltr'><strong>sarculo,ut</strong></span> <span class='ocrx_word' id='word_1_746' title='bbox 2639 4767 2896 4820; x_wconf 84' lang='lat' dir='ltr'><strong>modicum</strong></span> <span class='ocrx_word' id='word_1_747' title='bbox 2936 4767 3061 4837; x_wconf 85' lang='lat' dir='ltr'><strong>quid</strong></span> <span class='ocrx_word' id='word_1_748' title='bbox 3085 4767 3390 4822; x_wconf 75' lang='lat' dir='ltr'><strong>Iucreditate</strong></span> <span class='ocrx_word' id='word_1_749' title='bbox 3419 4771 3690 4839; x_wconf 86' lang='lat' dir='ltr'><strong>possidea-</strong></span> 
     </span>
    </p>
   </div>
   <div class='ocr_carea' id='block_1_99' title="bbox 407 4855 2008 4936">
    <p class='ocr_par' dir='ltr' id='par_1_99' title="bbox 407 4855 1993 4936">
     <span class='ocr_line' id='line_1_99' title="bbox 407 4855 1993 4936; baseline 0.014 -34"><span class='ocrx_word' id='word_1_750' title='bbox 407 4867 522 4903; x_wconf 83' lang='grc' dir='ltr'><strong>των</strong></span> <span class='ocrx_word' id='word_1_751' title='bbox 551 4870 665 4908; x_wconf 88' lang='grc' dir='ltr'>σου.</span> <span class='ocrx_word' id='word_1_752' title='bbox 708 4856 770 4909; x_wconf 86' lang='grc' dir='ltr'>Τί</span> <span class='ocrx_word' id='word_1_753' title='bbox 805 4855 1195 4928; x_wconf 71' lang='grc' dir='ltr'>ἐσκλήρυνας</span> <span class='ocrx_word' id='word_1_754' title='bbox 1241 4863 1412 4930; x_wconf 77' lang='grc' dir='ltr'>ἡμῶν</span> <span class='ocrx_word' id='word_1_755' title='bbox 1454 4866 1558 4930; x_wconf 85' lang='grc' dir='ltr'>τὰς</span> <span class='ocrx_word' id='word_1_756' title='bbox 1588 4867 1854 4936; x_wconf 77' lang='grc' dir='ltr'>καρδίας,</span> <span class='ocrx_word' id='word_1_757' title='bbox 1887 4870 1993 4924; x_wconf 86' lang='grc' dir='ltr'><strong>τοῦ</strong></span> 
     </span>
    </p>
   </div>
   <div class='ocr_carea' id='block_1_100' title="bbox 2113 4855 3696 4936">
    <p class='ocr_par' dir='ltr' id='par_1_100' title="bbox 2113 4856 3696 4928">
     <span class='ocr_line' id='line_1_100' title="bbox 2113 4856 3696 4928; baseline -0.002 -9"><span class='ocrx_word' id='word_1_758' title='bbox 2113 4883 2214 4919; x_wconf 77' lang='lat' dir='ltr'><strong>mus</strong></span> <span class='ocrx_word' id='word_1_759' title='bbox 2228 4865 2415 4919; x_wconf 87' lang='lat' dir='ltr'><strong>montis</strong></span> <span class='ocrx_word' id='word_1_760' title='bbox 2432 4861 2600 4915; x_wconf 81' lang='lat' dir='ltr'><strong>sancti</strong></span> <span class='ocrx_word' id='word_1_761' title='bbox 2614 4859 2708 4912; x_wconf 87' lang='lat' dir='ltr'><strong>tui.</strong></span> <span class='ocrx_word' id='word_1_762' title='bbox 2725 4857 2892 4928; x_wconf 75' lang='lat'><strong>388</strong></span> <span class='ocrx_word' id='word_1_763' title='bbox 2906 4856 3209 4911; x_wconf 82' lang='lat' dir='ltr'><strong>Adversarii</strong></span> <span class='ocrx_word' id='word_1_764' title='bbox 3229 4862 3395 4913; x_wconf 77' lang='lat' dir='ltr'><strong>nostri</strong></span> <span class='ocrx_word' id='word_1_765' title='bbox 3415 4861 3696 4917; x_wconf 86' lang='lat' dir='ltr'><strong>conculca-</strong></span> 
     </span>
    </p>
   </div>
   <div class='ocr_carea' id='block_1_101' title="bbox 404 4943 2008 5030">
    <p class='ocr_par' dir='ltr' id='par_1_101' title="bbox 404 4943 1996 5030">
     <span class='ocr_line' id='line_1_101' title="bbox 404 4943 1996 5030; baseline 0.001 -30"><span class='ocrx_word' id='word_1_766' title='bbox 404 4943 492 5012; x_wconf 82' lang='grc' dir='ltr'><strong>μὴ</strong></span> <span class='ocrx_word' id='word_1_767' title='bbox 530 4945 845 5026; x_wconf 50' lang='grc' dir='ltr'>ροϐεῖσθαί</span> <span class='ocrx_word' id='word_1_768' title='bbox 880 4965 955 5004; x_wconf 81' lang='grc' dir='ltr'>σε</span> <span class='ocrx_word' id='word_1_769' title='bbox 977 4967 996 5015; x_wconf 90' lang='grc'><strong><em>;</em></strong></span> <span class='ocrx_word' id='word_1_770' title='bbox 1031 4953 1430 5024; x_wconf 75' lang='grc' dir='ltr'>ἐγκατέλειψας</span> <span class='ocrx_word' id='word_1_771' title='bbox 1470 4959 1616 5026; x_wconf 83' lang='grc' dir='ltr'>ἡμᾶς</span> <span class='ocrx_word' id='word_1_772' title='bbox 1667 4962 1731 5030; x_wconf 80' lang='grc' dir='ltr'><strong>τῇ</strong></span> <span class='ocrx_word' id='word_1_773' title='bbox 1773 4961 1996 5014; x_wconf 70' lang='grc' dir='ltr'><strong>αὐτονο-</strong></span> 
     </span>
    </p>
   </div>
   <div class='ocr_carea' id='block_1_102' title="bbox 2113 4943 3690 5030">
    <p class='ocr_par' dir='ltr' id='par_1_102' title="bbox 2113 4949 3690 5019">
     <span class='ocr_line' id='line_1_102' title="bbox 2113 4949 3690 5019; baseline -0.001 -8"><span class='ocrx_word' id='word_1_774' title='bbox 2113 4963 2287 5012; x_wconf 64' lang='lat' dir='ltr'><strong>verunt.</strong></span> <span class='ocrx_word' id='word_1_775' title='bbox 2342 4952 2709 5008; x_wconf 84' lang='lat' dir='ltr'><strong>sanctuarium</strong></span> <span class='ocrx_word' id='word_1_776' title='bbox 2766 4957 2914 5002; x_wconf 86' lang='lat' dir='ltr'><strong>tuum</strong></span> <span class='ocrx_word' id='word_1_777' title='bbox 2971 4965 2989 5002; x_wconf 91' lang='lat'><strong><em>:</em></strong></span> <span class='ocrx_word' id='word_1_778' title='bbox 3056 4949 3182 5019; x_wconf 78' lang='lat' dir='ltr'><strong>facti</strong></span> <span class='ocrx_word' id='word_1_779' title='bbox 3237 4967 3422 5006; x_wconf 86' lang='lat' dir='ltr'><strong>sumus</strong></span> <span class='ocrx_word' id='word_1_780' title='bbox 3473 4955 3608 5007; x_wconf 85' lang='lat' dir='ltr'><strong>sicut</strong></span> <span class='ocrx_word' id='word_1_781' title='bbox 3656 4973 3690 5010; x_wconf 89' lang='lat' dir='ltr'><strong>a</strong></span> 
     </span>
    </p>
   </div>
   <div class='ocr_carea' id='block_1_103' title="bbox 411 5033 2008 5119">
    <p class='ocr_par' dir='ltr' id='par_1_103' title="bbox 411 5033 1998 5116">
     <span class='ocr_line' id='line_1_103' title="bbox 411 5033 1998 5116; baseline 0.013 -30"><span class='ocrx_word' id='word_1_782' title='bbox 411 5033 515 5105; x_wconf 81' lang='grc' dir='ltr'>μίᾳ</span> <span class='ocrx_word' id='word_1_783' title='bbox 537 5035 638 5105; x_wconf 84' lang='grc' dir='ltr'>τῆς</span> <span class='ocrx_word' id='word_1_784' title='bbox 675 5037 926 5107; x_wconf 87' lang='grc' dir='ltr'>πλάνης;</span> <span class='ocrx_word' id='word_1_785' title='bbox 975 5041 1401 5111; x_wconf 77' lang='grc' dir='ltr'>Ἐπίστρεψον,</span> <span class='ocrx_word' id='word_1_786' title='bbox 1437 5046 1644 5113; x_wconf 84' lang='grc' dir='ltr'>Κύριε,</span> <span class='ocrx_word' id='word_1_787' title='bbox 1679 5049 1820 5116; x_wconf 84' lang='grc' dir='ltr'>τοὺς</span> <span class='ocrx_word' id='word_1_788' title='bbox 1861 5050 1998 5106; x_wconf 84' lang='grc' dir='ltr'><strong>δού-</strong></span> 
     </span>
    </p>
   </div>
   <div class='ocr_carea' id='block_1_104' title="bbox 2113 5033 3693 5119">
    <p class='ocr_par' dir='ltr' id='par_1_104' title="bbox 2113 5041 3693 5117">
     <span class='ocr_line' id='line_1_104' title="bbox 2113 5041 3693 5117; baseline -0.001 -16"><span class='ocrx_word' id='word_1_789' title='bbox 2113 5047 2381 5117; x_wconf 79' lang='lat' dir='ltr'><strong>principio,</strong></span> <span class='ocrx_word' id='word_1_790' title='bbox 2420 5060 2541 5098; x_wconf 84' lang='lat' dir='ltr'><strong>cum</strong></span> <span class='ocrx_word' id='word_1_791' title='bbox 2583 5058 2688 5095; x_wconf 90' lang='lat' dir='ltr'><strong>non</strong></span> <span class='ocrx_word' id='word_1_792' title='bbox 2727 5041 3081 5095; x_wconf 88' lang='lat' dir='ltr'><strong>dominareris</strong></span> <span class='ocrx_word' id='word_1_793' title='bbox 3126 5050 3316 5108; x_wconf 73' lang='lat' dir='ltr'><strong>nostri,</strong></span> <span class='ocrx_word' id='word_1_794' title='bbox 3358 5061 3454 5097; x_wconf 81' lang='lat' dir='ltr'><strong>nec</strong></span> <span class='ocrx_word' id='word_1_795' title='bbox 3497 5061 3693 5101; x_wconf 85' lang='lat' dir='ltr'><strong>nomen</strong></span> 
     </span>
    </p>
   </div>
   <div class='ocr_carea' id='block_1_105' title="bbox 402 5127 2008 5206">
    <p class='ocr_par' dir='ltr' id='par_1_105' title="bbox 402 5127 1998 5206">
     <span class='ocr_line' id='line_1_105' title="bbox 402 5127 1998 5206; baseline 0.012 -29"><span class='ocrx_word' id='word_1_796' title='bbox 402 5127 558 5192; x_wconf 68' lang='grc' dir='ltr'>λους</span> <span class='ocrx_word' id='word_1_797' title='bbox 615 5143 754 5192; x_wconf 85' lang='grc' dir='ltr'><strong>σου,</strong></span> <span class='ocrx_word' id='word_1_798' title='bbox 817 5128 906 5183; x_wconf 82' lang='grc' dir='ltr'>διὰ</span> <span class='ocrx_word' id='word_1_799' title='bbox 975 5131 1078 5201; x_wconf 83' lang='grc' dir='ltr'>τὴν</span> <span class='ocrx_word' id='word_1_800' title='bbox 1107 5131 1268 5200; x_wconf 86' lang='grc' dir='ltr'>ἁγίαν</span> <span class='ocrx_word' id='word_1_801' title='bbox 1341 5150 1436 5187; x_wconf 89' lang='grc' dir='ltr'><strong>σου</strong></span> <span class='ocrx_word' id='word_1_802' title='bbox 1479 5136 1806 5206; x_wconf 84' lang='grc' dir='ltr'>Ἐκκλησίαν</span> <span class='ocrx_word' id='word_1_803' title='bbox 1834 5157 1848 5170; x_wconf 87' lang='grc'><strong>·</strong></span> <span class='ocrx_word' id='word_1_804' title='bbox 1910 5143 1998 5196; x_wconf 76' lang='grc' dir='ltr'><strong>διὰ</strong></span> 
     </span>
    </p>
   </div>
   <div class='ocr_carea' id='block_1_106' title="bbox 2113 5127 3156 5206">
    <p class='ocr_par' dir='ltr' id='par_1_106' title="bbox 2113 5132 3156 5194">
     <span class='ocr_line' id='line_1_106' title="bbox 2113 5132 3156 5194; baseline -0.01 0"><span class='ocrx_word' id='word_1_805' title='bbox 2113 5151 2258 5194; x_wconf 81' lang='lat' dir='ltr'><strong>tuum</strong></span> <span class='ocrx_word' id='word_1_806' title='bbox 2284 5139 2587 5191; x_wconf 83' lang='lat' dir='ltr'><strong>invocatum</strong></span> <span class='ocrx_word' id='word_1_807' title='bbox 2619 5143 2750 5186; x_wconf 86' lang='lat' dir='ltr'><strong>esset</strong></span> <span class='ocrx_word' id='word_1_808' title='bbox 2775 5147 2934 5190; x_wconf 78' lang='lat' dir='ltr'><strong>super</strong></span> <span class='ocrx_word' id='word_1_809' title='bbox 2963 5147 3057 5185; x_wconf 87' lang='lat' dir='ltr'><strong>nos</strong></span> <span class='ocrx_word' id='word_1_810' title='bbox 3091 5132 3156 5186; x_wconf 83' lang='lat'><strong>“.</strong></span> 
     </span>
    </p>
   </div>
   <div class='ocr_carea' id='block_1_107' title="bbox 408 5218 3690 5303">
    <p class='ocr_par' dir='ltr' id='par_1_107' title="bbox 408 5218 3690 5303">
     <span class='ocr_line' id='line_1_107' title="bbox 408 5218 3690 5303; baseline 0.004 -31"><span class='ocrx_word' id='word_1_811' title='bbox 408 5218 619 5284; x_wconf 80' lang='grc' dir='ltr'>πάντας</span> <span class='ocrx_word' id='word_1_812' title='bbox 677 5219 806 5284; x_wconf 82' lang='grc' dir='ltr'>τοὺς</span> <span class='ocrx_word' id='word_1_813' title='bbox 842 5223 940 5275; x_wconf 81' lang='grc' dir='ltr'><strong>ἀπ’</strong></span> <span class='ocrx_word' id='word_1_814' title='bbox 986 5223 1184 5288; x_wconf 81' lang='grc' dir='ltr'>αἰῶνος</span> <span class='ocrx_word' id='word_1_815' title='bbox 1245 5226 1434 5294; x_wconf 84' lang='grc' dir='ltr'>ἁγίους</span> <span class='ocrx_word' id='word_1_816' title='bbox 1511 5246 1627 5293; x_wconf 87' lang='grc' dir='ltr'>σου,</span> <span class='ocrx_word' id='word_1_817' title='bbox 1673 5231 1758 5285; x_wconf 81' lang='grc' dir='ltr'><strong>ἵνα</strong></span> <span class='ocrx_word' id='word_1_818' title='bbox 1796 5236 2015 5303; x_wconf 77' lang='grc' dir='ltr'>μικρὸν</span> <span class='ocrx_word' id='word_1_819' title='bbox 2055 5229 2614 5303; x_wconf 71' lang='grc' dir='ltr'>κληρονομήσωμεν</span> <span class='ocrx_word' id='word_1_820' title='bbox 2665 5225 2773 5279; x_wconf 87' lang='grc' dir='ltr'><strong>τοῦ</strong></span> <span class='ocrx_word' id='word_1_821' title='bbox 2827 5225 3004 5293; x_wconf 78' lang='grc' dir='ltr'>ὄρους</span> <span class='ocrx_word' id='word_1_822' title='bbox 3058 5223 3166 5278; x_wconf 83' lang='grc' dir='ltr'><strong>τοῦ</strong></span> <span class='ocrx_word' id='word_1_823' title='bbox 3194 5225 3368 5294; x_wconf 74' lang='grc' dir='ltr'>ἁγίου</span> <span class='ocrx_word' id='word_1_824' title='bbox 3421 5244 3559 5284; x_wconf 83' lang='grc' dir='ltr'>σου.</span> <span class='ocrx_word' id='word_1_825' title='bbox 3624 5232 3690 5284; x_wconf 81' lang='lat' dir='ltr'><strong><em>Ol</em></strong></span> 
     </span>
    </p>
   </div>
   <div class='ocr_carea' id='block_1_108' title="bbox 405 5311 3689 5398">
    <p class='ocr_par' dir='ltr' id='par_1_108' title="bbox 405 5311 3689 5398">
     <span class='ocr_line' id='line_1_108' title="bbox 405 5311 3689 5398; baseline 0.01 -36"><span class='ocrx_word' id='word_1_826' title='bbox 405 5311 758 5398; x_wconf 73' lang='grc' dir='ltr'>ὑπεναντίοι</span> <span class='ocrx_word' id='word_1_827' title='bbox 811 5313 982 5382; x_wconf 72' lang='grc' dir='ltr'><strong>ἡμῶν</strong></span> <span class='ocrx_word' id='word_1_828' title='bbox 1036 5317 1468 5385; x_wconf 82' lang='grc' dir='ltr'>κατεπάτησαν</span> <span class='ocrx_word' id='word_1_829' title='bbox 1502 5320 1571 5374; x_wconf 84' lang='grc' dir='ltr'>τὸ</span> <span class='ocrx_word' id='word_1_830' title='bbox 1611 5318 1879 5394; x_wconf 78' lang='grc' dir='ltr'>ἁγίασμα</span> <span class='ocrx_word' id='word_1_831' title='bbox 1935 5343 2088 5384; x_wconf 84' lang='grc' dir='ltr'>σου·</span> <span class='ocrx_word' id='word_1_832' title='bbox 2137 5323 2458 5398; x_wconf 71' lang='grc' dir='ltr'>ἐγενόμεθα</span> <span class='ocrx_word' id='word_1_833' title='bbox 2511 5318 2590 5383; x_wconf 86' lang='grc' dir='ltr'>ὼς</span> <span class='ocrx_word' id='word_1_834' title='bbox 2646 5316 2714 5370; x_wconf 74' lang='grc' dir='ltr'><strong>τι)</strong></span> <span class='ocrx_word' id='word_1_835' title='bbox 2758 5315 2861 5371; x_wconf 77' lang='grc' dir='ltr'><strong>ἀπ’</strong></span> <span class='ocrx_word' id='word_1_836' title='bbox 2947 5314 3142 5387; x_wconf 79' lang='grc' dir='ltr'>ἀρχῆς</span> <span class='ocrx_word' id='word_1_837' title='bbox 3200 5319 3301 5372; x_wconf 74' lang='grc' dir='ltr'><strong>ὅτε</strong></span> <span class='ocrx_word' id='word_1_838' title='bbox 3340 5323 3450 5376; x_wconf 72' lang='grc' dir='ltr'><strong>οὐκ</strong></span> <span class='ocrx_word' id='word_1_839' title='bbox 3498 5318 3689 5393; x_wconf 75' lang='grc' dir='ltr'><em>ἦρξας</em></span> 
     </span>
    </p>
   </div>
   <div class='ocr_carea' id='block_1_109' title="bbox 405 5397 1906 5484">
    <p class='ocr_par' dir='ltr' id='par_1_109' title="bbox 405 5397 1906 5484">
     <span class='ocr_line' id='line_1_109' title="bbox 405 5397 1906 5484; baseline 0.015 -34"><span class='ocrx_word' id='word_1_840' title='bbox 405 5397 594 5466; x_wconf 71' lang='grc' dir='ltr'><strong>ἡμῶν,</strong></span> <span class='ocrx_word' id='word_1_841' title='bbox 634 5401 780 5455; x_wconf 77' lang='grc' dir='ltr'><strong>οὐδὲ</strong></span> <span class='ocrx_word' id='word_1_842' title='bbox 813 5402 1120 5473; x_wconf 74' lang='grc' dir='ltr'>ἐπεκλήθη</span> <span class='ocrx_word' id='word_1_843' title='bbox 1145 5407 1214 5460; x_wconf 85' lang='grc' dir='ltr'>τὸ</span> <span class='ocrx_word' id='word_1_844' title='bbox 1245 5407 1435 5478; x_wconf 80' lang='grc' dir='ltr'>ὄνομὰ</span> <span class='ocrx_word' id='word_1_845' title='bbox 1467 5425 1582 5466; x_wconf 85' lang='grc' dir='ltr'><strong>σου</strong></span> <span class='ocrx_word' id='word_1_846' title='bbox 1608 5413 1702 5481; x_wconf 74' lang='grc' dir='ltr'><strong>ἐφ’</strong></span> <span class='ocrx_word' id='word_1_847' title='bbox 1727 5415 1906 5484; x_wconf 78' lang='grc' dir='ltr'><strong>ἡμᾶς.</strong></span> 
     </span>
    </p>
   </div>
   <div class='ocr_carea' id='block_1_110' title="bbox 477 5493 2008 5581">
    <p class='ocr_par' dir='ltr' id='par_1_110' title="bbox 477 5493 1988 5581">
     <span class='ocr_line' id='line_1_110' title="bbox 477 5493 1988 5581; baseline 0.016 -36"><span class='ocrx_word' id='word_1_848' title='bbox 477 5493 578 5563; x_wconf 83' lang='grc' dir='ltr'>λη’.</span> <span class='ocrx_word' id='word_1_849' title='bbox 615 5496 757 5552; x_wconf 79' lang='grc' dir='ltr'><strong>Ἐὰν</strong></span> <span class='ocrx_word' id='word_1_850' title='bbox 776 5498 1030 5569; x_wconf 74' lang='grc' dir='ltr'><strong>ἀνοίξῃς</strong></span> <span class='ocrx_word' id='word_1_851' title='bbox 1061 5503 1169 5556; x_wconf 78' lang='grc' dir='ltr'>τόν</span> <span class='ocrx_word' id='word_1_852' title='bbox 1204 5506 1485 5574; x_wconf 74' lang='grc' dir='ltr'>οιίρανὸν,</span> <span class='ocrx_word' id='word_1_853' title='bbox 1523 5509 1755 5579; x_wconf 50' lang='grc' dir='ltr'>,τρόμος</span> <span class='ocrx_word' id='word_1_854' title='bbox 1793 5512 1988 5581; x_wconf 74' lang='grc' dir='ltr'><strong>λήψε-</strong></span> 
     </span>
    </p>
   </div>
   <div class='ocr_carea' id='block_1_111' title="bbox 2113 5493 3686 5581">
    <p class='ocr_par' dir='ltr' id='par_1_111' title="bbox 2167 5504 3686 5579">
     <span class='ocr_line' id='line_1_111' title="bbox 2167 5504 3686 5579; baseline -0.001 -13"><span class='ocrx_word' id='word_1_855' title='bbox 2167 5511 2256 5566; x_wconf 82' lang='grc'><strong>58.</strong></span> <span class='ocrx_word' id='word_1_856' title='bbox 2282 5508 2340 5565; x_wconf 90' lang='lat' dir='ltr'><strong>Si</strong></span> <span class='ocrx_word' id='word_1_857' title='bbox 2375 5507 2647 5579; x_wconf 87' lang='lat' dir='ltr'><strong>aperueris</strong></span> <span class='ocrx_word' id='word_1_858' title='bbox 2677 5504 2889 5571; x_wconf 74' lang='lat' dir='ltr'><strong>coelum,</strong></span> <span class='ocrx_word' id='word_1_859' title='bbox 2924 5512 3123 5560; x_wconf 86' lang='lat' dir='ltr'><strong>tremor</strong></span> <span class='ocrx_word' id='word_1_860' title='bbox 3156 5525 3188 5562; x_wconf 79' lang='grc' dir='ltr'>α</span> <span class='ocrx_word' id='word_1_861' title='bbox 3221 5515 3270 5561; x_wconf 87' lang='lat' dir='ltr'><strong>te</strong></span> <span class='ocrx_word' id='word_1_862' title='bbox 3296 5516 3496 5561; x_wconf 84' lang='lat' dir='ltr'><strong>montes</strong></span> <span class='ocrx_word' id='word_1_863' title='bbox 3519 5514 3686 5565; x_wconf 82' lang='lat' dir='ltr'><strong>carri--</strong></span> 
     </span>
    </p>
   </div>
   <div class='ocr_carea' id='block_1_112' title="bbox 405 5585 2008 5674">
    <p class='ocr_par' dir='ltr' id='par_1_112' title="bbox 405 5585 1985 5670">
     <span class='ocr_line' id='line_1_112' title="bbox 405 5585 1985 5670; baseline 0.016 -35"><span class='ocrx_word' id='word_1_864' title='bbox 405 5599 501 5635; x_wconf 81' lang='grc' dir='ltr'><strong>ται</strong></span> <span class='ocrx_word' id='word_1_865' title='bbox 523 5585 643 5639; x_wconf 80' lang='grc' dir='ltr'><strong>ἀπὸ</strong></span> <span class='ocrx_word' id='word_1_866' title='bbox 670 5587 787 5642; x_wconf 85' lang='grc' dir='ltr'><strong>σοῦ</strong></span> <span class='ocrx_word' id='word_1_867' title='bbox 818 5588 946 5657; x_wconf 82' lang='grc' dir='ltr'>ὄρη,</span> <span class='ocrx_word' id='word_1_868' title='bbox 987 5592 1089 5646; x_wconf 80' lang='grc' dir='ltr'><strong>καὶ</strong></span> <span class='ocrx_word' id='word_1_869' title='bbox 1117 5595 1488 5662; x_wconf 82' lang='grc' dir='ltr'>τακήσονται</span> <span class='ocrx_word' id='word_1_870' title='bbox 1521 5599 1602 5664; x_wconf 87' lang='grc' dir='ltr'>ὡς</span> <span class='ocrx_word' id='word_1_871' title='bbox 1654 5604 1838 5670; x_wconf 82' lang='grc' dir='ltr'>κηρὸς</span> <span class='ocrx_word' id='word_1_872' title='bbox 1865 5605 1985 5660; x_wconf 81' lang='grc' dir='ltr'><strong>ἀπὸ</strong></span> 
     </span>
    </p>
   </div>
   <div class='ocr_carea' id='block_1_113' title="bbox 2113 5585 3686 5674">
    <p class='ocr_par' dir='ltr' id='par_1_113' title="bbox 2113 5598 3686 5672">
     <span class='ocr_line' id='line_1_113' title="bbox 2113 5598 3686 5672; baseline -0.001 -15"><span class='ocrx_word' id='word_1_873' title='bbox 2113 5606 2222 5666; x_wconf 63' lang='lat' dir='ltr'><strong>siet,</strong></span> <span class='ocrx_word' id='word_1_874' title='bbox 2251 5611 2300 5655; x_wconf 90' lang='lat' dir='ltr'><strong>et</strong></span> <span class='ocrx_word' id='word_1_875' title='bbox 2325 5601 2611 5668; x_wconf 79' lang='lat' dir='ltr'><strong>liquescent</strong></span> <span class='ocrx_word' id='word_1_876' title='bbox 2635 5599 2769 5652; x_wconf 83' lang='lat' dir='ltr'><strong>sicut</strong></span> <span class='ocrx_word' id='word_1_877' title='bbox 2792 5614 2915 5651; x_wconf 89' lang='lat' dir='ltr'><strong>cera</strong></span> <span class='ocrx_word' id='word_1_878' title='bbox 2941 5615 2974 5650; x_wconf 90' lang='lat' dir='ltr'><strong>a</strong></span> <span class='ocrx_word' id='word_1_879' title='bbox 2991 5598 3128 5668; x_wconf 72' lang='lat' dir='ltr'><strong>facte</strong></span> <span class='ocrx_word' id='word_1_880' title='bbox 3144 5600 3280 5670; x_wconf 86' lang='lat' dir='ltr'><strong>ignis</strong></span> <span class='ocrx_word' id='word_1_881' title='bbox 3304 5616 3322 5654; x_wconf 91' lang='lat'><strong><em>:</em></strong></span> <span class='ocrx_word' id='word_1_882' title='bbox 3342 5599 3686 5672; x_wconf 70' lang='lat' dir='ltr'><strong>incendetque</strong></span> 
     </span>
    </p>
   </div>
   <div class='ocr_carea' id='block_1_114' title="bbox 406 5674 2008 5767">
    <p class='ocr_par' dir='ltr' id='par_1_114' title="bbox 406 5674 1986 5762">
     <span class='ocr_line' id='line_1_114' title="bbox 406 5674 1986 5762; baseline 0.015 -36"><span class='ocrx_word' id='word_1_883' title='bbox 406 5674 733 5742; x_wconf 67' lang='grc' dir='ltr'>προσώπου</span> <span class='ocrx_word' id='word_1_884' title='bbox 766 5679 872 5732; x_wconf 86' lang='grc' dir='ltr'><strong>τοῦ</strong></span> <span class='ocrx_word' id='word_1_885' title='bbox 904 5684 1094 5752; x_wconf 83' lang='grc' dir='ltr'>πυρός</span> <span class='ocrx_word' id='word_1_886' title='bbox 1114 5699 1130 5716; x_wconf 87' lang='grc'><strong>·</strong></span> <span class='ocrx_word' id='word_1_887' title='bbox 1165 5686 1262 5739; x_wconf 81' lang='grc' dir='ltr'><strong>καὶ</strong></span> <span class='ocrx_word' id='word_1_888' title='bbox 1295 5692 1660 5745; x_wconf 80' lang='grc' dir='ltr'>κατακαύσει</span> <span class='ocrx_word' id='word_1_889' title='bbox 1695 5694 1813 5762; x_wconf 83' lang='grc' dir='ltr'>πῦρ</span> <span class='ocrx_word' id='word_1_890' title='bbox 1842 5695 1986 5760; x_wconf 82' lang='grc' dir='ltr'>τοὺς</span> 
     </span>
    </p>
   </div>
   <div class='ocr_carea' id='block_1_115' title="bbox 2113 5674 3682 5767">
    <p class='ocr_par' dir='ltr' id='par_1_115' title="bbox 2113 5691 3682 5767">
     <span class='ocr_line' id='line_1_115' title="bbox 2113 5691 3682 5767; baseline 0.001 -19"><span class='ocrx_word' id='word_1_891' title='bbox 2113 5697 2228 5767; x_wconf 82' lang='lat' dir='ltr'><strong>gnis</strong></span> <span class='ocrx_word' id='word_1_892' title='bbox 2269 5692 2638 5757; x_wconf 85' lang='lat' dir='ltr'><strong>adversarios;</strong></span> <span class='ocrx_word' id='word_1_893' title='bbox 2683 5699 2733 5745; x_wconf 88' lang='lat' dir='ltr'><strong>et</strong></span> <span class='ocrx_word' id='word_1_894' title='bbox 2784 5691 3115 5746; x_wconf 87' lang='lat' dir='ltr'><strong>tremendum</strong></span> <span class='ocrx_word' id='word_1_895' title='bbox 3165 5693 3264 5746; x_wconf 88' lang='lat' dir='ltr'><strong>erit</strong></span> <span class='ocrx_word' id='word_1_896' title='bbox 3305 5708 3492 5748; x_wconf 84' lang='lat' dir='ltr'><strong>nomen</strong></span> <span class='ocrx_word' id='word_1_897' title='bbox 3532 5704 3682 5749; x_wconf 77' lang='lat' dir='ltr'><strong>tuum</strong></span> 
     </span>
    </p>
   </div>
   <div class='ocr_carea' id='block_1_116' title="bbox 483 5811 2008 5900">
    <p class='ocr_par' dir='ltr' id='par_1_116' title="bbox 483 5811 2006 5900">
     <span class='ocr_line' id='line_1_116' title="bbox 483 5811 2006 5900; baseline 0.014 -35"><span class='ocrx_word' id='word_1_898' title='bbox 549 5813 1006 5900; x_wconf 50' lang='lat' dir='ltr'><strong>Psal.l.x¥!lﬂ,§</strong></span> <span class='ocrx_word' id='word_1_899' title='bbox 1031 5893 1044 5900; x_wconf 93' lang='lat'><em>_</em></span> <span class='ocrx_word' id='word_1_900' title='bbox 1095 5824 1150 5900; x_wconf 54' lang='lat'><strong>:3</strong></span> <span class='ocrx_word' id='word_1_901' title='bbox 1178 5824 1311 5879; x_wconf 91' lang='lat' dir='ltr'><strong>ibid.</strong></span> <span class='ocrx_word' id='word_1_902' title='bbox 1339 5827 1393 5900; x_wconf 51' lang='lat'><strong>9,</strong></span> <span class='ocrx_word' id='word_1_903' title='bbox 1471 5829 1514 5861; x_wconf 68' lang='grc' dir='ltr'>’δ</span> <span class='ocrx_word' id='word_1_904' title='bbox 1543 5830 1684 5885; x_wconf 81' lang='lat' dir='ltr'><strong>Psal.</strong></span> <span class='ocrx_word' id='word_1_905' title='bbox 1719 5849 1820 5897; x_wconf 80' lang='lat' dir='ltr'><strong>uv,</strong></span> <span class='ocrx_word' id='word_1_906' title='bbox 1847 5834 1916 5896; x_wconf 71' lang='lat'><strong>2;</strong></span> <span class='ocrx_word' id='word_1_907' title='bbox 1957 5851 2006 5887; x_wconf 69' lang='grc' dir='ltr'><strong>ιιι</strong></span> 
     </span>
    </p>
   </div>
   <div class='ocr_carea' id='block_1_117' title="bbox 2113 5811 3677 5900">
    <p class='ocr_par' dir='ltr' id='par_1_117' title="bbox 2130 5831 3677 5896">
     <span class='ocr_line' id='line_1_117' title="bbox 2130 5831 3677 5896; baseline -0.003 -8"><span class='ocrx_word' id='word_1_908' title='bbox 2130 5836 2222 5888; x_wconf 74' lang='lat'><strong>‘23.</strong></span> <span class='ocrx_word' id='word_1_909' title='bbox 2341 5832 2384 5863; x_wconf 83' lang='grc'><strong>¹⁵</strong></span> <span class='ocrx_word' id='word_1_910' title='bbox 2416 5834 2552 5887; x_wconf 90' lang='lat' dir='ltr'><strong>Dan.</strong></span> <span class='ocrx_word' id='word_1_911' title='bbox 2603 5847 2676 5895; x_wconf 78' lang='lat' dir='ltr'><strong>lx,</strong></span> <span class='ocrx_word' id='word_1_912' title='bbox 2710 5831 2795 5884; x_wconf 74' lang='grc'><strong>18.</strong></span> <span class='ocrx_word' id='word_1_913' title='bbox 2909 5831 2951 5862; x_wconf 84' lang='grc'><strong>¹⁶</strong></span> <span class='ocrx_word' id='word_1_914' title='bbox 2982 5831 3126 5886; x_wconf 88' lang='lat' dir='ltr'><strong>Psal.</strong></span> <span class='ocrx_word' id='word_1_915' title='bbox 3160 5848 3210 5896; x_wconf 83' lang='grc' dir='ltr'>ι,</span> <span class='ocrx_word' id='word_1_916' title='bbox 3249 5833 3304 5896; x_wconf 72' lang='lat'><strong>2,</strong></span> <span class='ocrx_word' id='word_1_917' title='bbox 3334 5831 3418 5885; x_wconf 79' lang='lat' dir='ltr'><strong>l5.</strong></span> <span class='ocrx_word' id='word_1_918' title='bbox 3504 5833 3543 5864; x_wconf 87' lang='lat'><strong>&quot;</strong></span> <span class='ocrx_word' id='word_1_919' title='bbox 3580 5831 3677 5884; x_wconf 82' lang='lat' dir='ltr'><strong>Es-</strong></span> 
     </span>
    </p>
   </div>
   <div class='ocr_carea' id='block_1_118' title="bbox 409 5881 3673 5972">
    <p class='ocr_par' dir='ltr' id='par_1_118' title="bbox 409 5881 3673 5972">
     <span class='ocr_line' id='line_1_118' title="bbox 409 5881 3673 5972; baseline 0.005 -34"><span class='ocrx_word' id='word_1_920' title='bbox 409 5881 534 5938; x_wconf 81' lang='lat' dir='ltr'><strong>ther</strong></span> <span class='ocrx_word' id='word_1_921' title='bbox 567 5900 681 5941; x_wconf 69' lang='grc' dir='ltr'>χιιι.</span> <span class='ocrx_word' id='word_1_922' title='bbox 712 5885 766 5945; x_wconf 84' lang='lat'><strong>9.</strong></span> <span class='ocrx_word' id='word_1_923' title='bbox 797 5889 879 5943; x_wconf 74' lang='lat' dir='ltr'><strong>l7.</strong></span> <span class='ocrx_word' id='word_1_924' title='bbox 961 5892 1001 5923; x_wconf 84' lang='grc'>¹⁸</span> <span class='ocrx_word' id='word_1_925' title='bbox 1031 5893 1048 5946; x_wconf 95' lang='lat' dir='ltr'><strong>l</strong></span> <span class='ocrx_word' id='word_1_926' title='bbox 1081 5893 1207 5949; x_wconf 88' lang='lat' dir='ltr'><strong>Cor.</strong></span> <span class='ocrx_word' id='word_1_927' title='bbox 1239 5913 1332 5967; x_wconf 82' lang='lat' dir='ltr'><strong>xu,</strong></span> <span class='ocrx_word' id='word_1_928' title='bbox 1366 5898 1418 5952; x_wconf 88' lang='lat'><strong>6.</strong></span> <span class='ocrx_word' id='word_1_929' title='bbox 1496 5881 2100 5972; x_wconf 51' lang='lat' dir='ltr'><strong>tv‘tssl&#39;t&#39;£.ii,]’54ii&quot;’</strong></span> <span class='ocrx_word' id='word_1_930' title='bbox 2136 5881 2676 5960; x_wconf 35' lang='grc' dir='ltr'>ἴδ’]οιόιιιίιῖίριίή</span> <span class='ocrx_word' id='word_1_931' title='bbox 2699 5881 2880 5956; x_wconf 51' lang='lat' dir='ltr'><strong>’Tlsa.</strong></span> <span class='ocrx_word' id='word_1_932' title='bbox 2919 5881 3210 5961; x_wconf 36' lang='lat' dir='ltr'><strong>Lit—1.77:,</strong></span> <span class='ocrx_word' id='word_1_933' title='bbox 3233 5881 3433 5959; x_wconf 62' lang='grc' dir='ltr'><strong>ίῖῖιίιὶι.</strong></span> <span class='ocrx_word' id='word_1_934' title='bbox 3465 5903 3552 5972; x_wconf 79' lang='grc'><strong>18,</strong></span> <span class='ocrx_word' id='word_1_935' title='bbox 3583 5881 3673 5958; x_wconf 63' lang='grc' dir='ltr'>ιθ.</span> 
     </span>
    </p>
   </div>
  </div>
