4070 6488
389 343 490 412 951

1532 351 1591 411 s.
1632 312 2464 416 MAXIMI’CONFESSORIS

3544 364 3656 432 952

457 457 550 513 41.
583 455 688 524 Qui
725 452 892 527 igitur
918 455 1137 512 Domini
1161 454 1440 521 timorem,
1466 457 1695 528 ejusque
1714 457 1969 529 benigni-

2147 461 2260 531 μα’.
2306 462 2636 531 Ἑγνωκότες
2659 458 2752 518 οὖν
2775 463 2865 520 τὸν
2891 466 2983 520 τοῦ
3017 468 3220 540 Κυρίου
3252 471 3439 541 φόϐον,
3474 473 3572 543 τήν
3592 490 3653 528 τε

386 556 559 605 tatem
592 556 649 603 et
705 546 1054 603 clementiam
1101 562 1166 602 ac
1203 547 1678 615 misericordiam,
1744 563 1869 603 cum
1904 564 1973 602 ex

387 638 609 703 Veteri,
648 645 768 692 tum
801 652 869 692 ex
898 636 1054 692 Novo
1085 634 1463 691 Instrumento
1490 636 1828 706 exploratam
1877 636 1972 690 ba-

388 728 638 794 beamus,
673 735 1061 783 convertamur
1094 742 1162 781 ex
1186 733 1301 782 toto
1339 725 1504 781 corde
1530 734 1761 793 nostro;
1787 735 1844 782 et
1874 741 1975 782 cur

385 817 966 904 pereamus,.fratres?
981 818 1360 875 Emundemus
1384 834 1600 885 manus,
1617 826 1937 890 peccatores
1956 836 1969 871 :

387 917 557 975 corda
575 926 765 972 nostra
781 915 1175 982 castiﬁcemus,
1208 916 1302 987 qui
1336 916 1541 987 duplici
1570 915 1737 971 corde
1760 931 1971 971 sumus.

385 1009 753 1080 Deploremus
809 1018 868 1063 et
923 994 1246 1078 plangamus
1285 1021 1351 1061 ac
1399 1006 1686 1076 lugeamus
1749 1013 1976 1076 promer

387 1108 620 1173 peccata
656 1108 869 1155 nostra.
910 1099 1102 1155 Pravis
1134 1098 1334 1154 studiis
1356 1098 1559 1153 nostris
1605 1096 1771 1151 ﬁnem
1802 1097 1977 1167 impo-

386 1207 589 1247 namus
624 1208 639 1245 :
672 1189 1127 1246 miserationibus
1152 1190 1372 1246 Domini
1417 1188 1583 1243 ﬁdem
1633 1187 1972 1254 habeamus;

387 1286 570 1342 minas
595 1285 715 1357 ejus
748 1282 1083 1348 timeamus;
1142 1282 1318 1352 ipsius
1355 1279 1614 1335 mandata
1643 1293 1927 1334 servemus
1959 1296 1973 1332 :

391 1379 687 1450 diligamus
711 1376 951 1433 invicem
979 1391 1046 1432 ex
1081 1384 1198 1431 toto
1227 1375 1415 1431 corde.
1449 1374 1727 1438 Dicamus,
1778 1373 1978 1427 fratres

388 1471 588 1535 nostri,
622 1479 678 1525 et
710 1470 798 1525 his
825 1469 921 1540 qui
955 1469 1194 1524 oderunt
1231 1483 1353 1532 nos,
1380 1482 1444 1522 ac
1471 1482 1572 1521 nos
1596 1474 1973 1531 exsecrantur,

390 1568 455 1615 ut
492 1575 698 1615 nomen
761 1558 983 1614 Domini
1015 1558 1383 1629 gloriﬁcetur,
1416 1564 1471 1612 et
1520 1556 1577 1610 in
1630 1555 1975 1628 iucunditate

391 1669 492 1711 sua
521 1653 798 1710 videatur.
830 1651 940 1707 Alii
963 1651 1088 1706 aliis
1130 1650 1532 1715 condonemus,
1568 1650 1662 1720 qui
1695 1648 1787 1703 alii
1840 1648 1978 1703 alios

391 1755 675 1803 tentantes
700 1744 1002 1816 patiamur,
1036 1743 1180 1797 sicut
1211 1757 1405 1798 omnes
1429 1757 1459 1797 a
1493 1741 1770 1798 communi
1819 1740 1976 1795 hoste

2074 555 2417 624 χρηστότητα
2442 555 2605 609 αὐτοῦ
2647 557 2739 610 καὶ
2782 557 2884 632 τὴν
2910 559 3319 632 φιλανθρωπίαν
3357 562 3421 618 ἐκ
3467 580 3530 618 τε
3555 566 3653 637 τῆς

2074 645 2316 709 Παλαίας
2350 646 2564 717 καὶτῆς
2594 640 2801 720 Καινῆς
2827 650 3113 722 διαθήκης,
3150 654 3569 725 ἐπιστρέψωμεν
3593 656 3652 724 ἐξ

2073 737 2203 807 ὅλης
2234 738 2334 808 τῆς
2366 737 2590 808 καρδίας
2632 739 2791 810 ἡμῶν
2815 756 2830 771 ο
2886 741 2983 796 καὶ
3036 742 3133 797 ἵνα·
3174 743 3227 797 τί
3271 742 3648 813 ἀπολλύμεθα,

2075 829 2314 915 ἀδελφοί;
2348 831 2753 903 Καθαρίσωμεν
2780 835 2989 904 χεῖρας,
3020 835 3070 889 οἱ
3091 834 3408 908 ἁμαρτωλοί
3433 853 3447 866 ·
3497 836 3651 904 ἀγνί-

2077 939 2258 992 σωμεν
2289 922 2390 986 τὰς
2419 924 2647 994 καρδίας
2674 925 2853 996 ἡμῶν,
2898 927 2949 979 οί
2983 927 3231 998 δίψυχοι·
3293 928 3651 999 ταλαιπωρή-

2076 1031 2260 1086 σωμεν
2309 1017 2403 1070 καὶ
2455 1018 2833 1087 πενθήσωμεν,
2893 1019 2988 1073 καὶ
3039 1018 3364 1091 κλαύσωμεν
3417 1018 3507 1072 διὰ
3555 1018 3654 1083 τὰς

2074 1104 2348 1177 ἁμαρτίας
2377 1106 2554 1178 ήμῶν.
2604 1109 2949 1181 Παυσὼμεθα
2982 1111 3092 1164 τῶν
3135 1111 3410 1183 πονηριῶν
3452 1110 3650 1183 ἡμῶνο

2077 1198 2458 1270 πιστεύσωμεν
2485 1201 2605 1262 ταῖς
2637 1201 3027 1273 εὐπλαγχνίαις
3064 1202 3160 1256 τοῦ
3201 1203 3411 1274 Κυρίου
3441 1220 3455 1233 ·
3486 1204 3654 1273 (9961]-

2078 1289 2260 1360 θῶμεν
2299 1291 2397 1354 τὰς
2436 1291 2666 1355 ἀπειλὰς
2700 1293 2886 1361 αὐτοῦ,
2921 1293 3244 1363 φυλάξωμεν
3282 1295 3380 1357 τὰς
3433 1294 3655 1358 ἐντολὰς

2077 1381 2277 1437 αὑτοῦ·
2351 1384 2727 1454 ἀγαπήσωμεν
2779 1384 3044 1452 ἀλλήλους
3109 1385 3167 1451 ἐξ
3219 1385 3347 1454 ὅλης
3400 1385 3650 1457 καρδίας.

2077 1474 2356 1544 Εῐπωμεν,
2405 1474 2629 1544 ἀδελφοὶ
2697 1474 2878 1546 ἡμῶν,
2932 1476 3028 1528 καὶ
3067 1477 3177 1539 τοῖς
3226 1474 3473 1546 μισοῦσιν
3508 1476 3653 1546 ἡμᾶς

2078 1566 2173 1619 καὶ
2204 1565 2672 1636 βδελυσσομένοις,
2705 1566 2792 1618 ἵνα
2828 1566 2887 1618 τὸ
2917 1565 3090 1636 ὄνομα
3144 1566 3351 1635 Κυρίου
3399 1563 3653 1636 δοξασθῇ,

2078 1658 2173 1710 καὶ
2201 1656 2339 1727 ὀφθῇ
2375 1659 2433 1710 ὲν
2463 1659 2528 1728 τῇ
2552 1657 2859 1727 εὐφροσύνῃ
2884 1657 3073 1711 aii-:06;
3097 1657 3287 1729 Δῶμεν
3326 1648 3655 1725 συγγνώμην

2079 1749 2351 1820 ἀλλήλοις,
2380 1749 2448 1803 δι’
2476 1749 2725 1818 ἀλλήλων
2766 1749 3173 1819 πειραζόμενοι,
3209 1749 3285 1811 ὼς
3325 1749 3525 1811 πάντες
3553 1746 3658 1801 ὑπὸ

393 1839 804 1909 impugnamur.
839 1833 1173 1890 Obnitamur
1196 1832 1628 1903 cogitationibus
1649 1830 1857 1885 nostris
1899 1837 1976 1884 at-

2083 1841 2264 1895 κοινοῢ
2313 1838 2508 1912 ἐχθροῦ
2555 1840 2972 1910 πολεμούμενοι.
3018 1838 3385 1909 Ἀντιστῶμεν
3422 1840 3535 1902 τοῖς
3567 1838 3658 1891 λο-

393 1946 503 2000 que
531 1928 703 1993 vitiis,
729 1927 903 1982 Deum
945 1924 1252 1995 adiutorem
1311 1924 1654 1987 invocantes,
1698 1920 1974 1992 nequissi-

393 2035 625 2101 mosque
655 2034 720 2074 ac
772 2016 1353 2101 immundos‘spiritus
1399 2032 1431 2071 ε
1493 2012 1655 2071 nobis
1701 2013 1972 2086 fugemus.

394 2108 632 2164 Carnem
655 2105 876 2178 spiritui
910 2103 1273 2176 subjiciamus
1301 2104 1369 2170 δ’,
1418 2102 1739 2173 subigentes
1768 2116 1890 2157 eam
1919 2108 1977 2156 et

394 2200 774 2273 suggillantes,
806 2213 871 2253 ac
906 2196 1177 2253 severiori
1205 2194 1356 2249 omni
1396 2193 1687 2264 disciplina
1717 2190 1978 2248 addicen-

395 2300 517 2348 tes:
550 2289 915 2345 Emundemus
938 2304 1031 2342 nos
1056 2287 1120 2341 ab
1148 2287 1293 2339 omni
1333 2285 1738 2355 inquinamento
1797 2282 1976 2336 carnis

395 2392 445 2439 et
478 2383 694 2454 spiritus
719 2380 788 2434 ⁵ο.
836 2379 944 2434 Alii
1001 2377 1138 2433 alios
1175 2376 1499 2438 excitemus,
1551 2373 1619 2427 ad
1669 2371 1979 2427 dilectionis

395 2477 777 2545 bonorumque
804 2486 1037 2542 operum
1085 2466 1490 2540 prorritandam
1549 2464 1974 2521 aemulationem.

395 2569 478 2625 Ne
503 2567 594 2623 alii
630 2566 752 2623 aliis
778 2564 1143 2623 invideamus,
1169 2577 1274 2616 ncc
1300 2559 1503 2630 quibus
1550 2557 1833 2613 invideant
1860 2557 1976 2622 alii,

396 2659 658 2716 amariori
686 2657 868 2713 animo
889 2655 1063 2711 simus
1091 2670 1105 2708 :
1141 2652 1299 2723 391
1341 2652 1477 2721 quin
1504 2648 1690 2719 potius
1735 2647 1828 2702 alii
1857 2647 1980 2701 aliis

393 2750 711 2809 miserantis
743 2745 1371 2818 aﬂ‘ectuimpendamur,
1435 2754 1741 2809 sensusque
1790 2737 1980 2793 mode-

396 2843 505 2900 stia
533 2842 770 2898 invicem
814 2837 1154 2892 medeamur.
1184 2834 1263 2888 Ne
1287 2832 1377 2887 alii
1431 2832 1555 2886 aliis
1599 2827 1975 2891 detrahamus,

396 2950 537 2991 neve
562 2930 830 2988 conviciis
856 2931 1091 2986 invicem
1125 2925 1564 2997 proscindamus,
1601 2921 1730 2993 quia
1787 2936 1980 2975 sumus

395 3027 491 3082 alii
517 3024 750 3081 aliorum
783 3021 1032 3077 membra
1061 3019 1131 3073 ⁵³.
1159 3016 1517 3072 Excutiamus
1540 3030 1571 3069 a
1606 3012 1767 3069 nobis
1799 3011 1978 3082 negli-

395 3117 638 3190 gentiam
672 3129 738 3169 ac
764 3112 1074 3184 segnitiem,
1098 3110 1475 3179 adversusque
1509 3106 1736 3177 Spiritus
1777 3103 1979 3174 nequi-

2081 1936 2303 2005 γισμοῖς
2341 1933 2521 2004 ἡμῶν,
2570 1933 2663 1986 τὸν
2714 1932 2848 1986 Θεὸν
2892 1933 2972 1994 εἰς
3015 1934 3334 2002 συμμαχίαν
3368 1929 3660 1984 ἐπικαλού-

2086 2040 2269 2095 μενοιο
2305 2022 2402 2077 καὶ
2456 2022 2851 2093 φυγαδεύωμεν
2898 2021 2959 2087 ἐξ
2994 2023 3154 2092 ήμῶν
3199 2021 3269 2076 τὰ
3310 2021 3523 2094 πονηρά
3565 2021 3661 2076 καὶ

2082 2115 2372 2183 ἀκάθαρτα
2421 2114 2733 2185 πνεύματα.
2772 2114 3162 2184 Ὑποτάξωμεν
3214 2113 3313 2185 τὴν
3362 2114 3542 2184 σάρκα
3581 2112 3660 2183 τῷ

2085 2206 2380 2276 πνεύματι,
2440 2205 2854 2270 ὑπωπιάξοντες
2914 2204 3012 2258 καὶ
3070 2202 3541 2274 ὣυλαγωγοῦντες
3593 2202 3657 2256 δι’

2085 2298 2303 2367 ἁπάσης
2333 2294 2732 2358 κακοπαθείας·
2786 2295 3219 2365 Καθαρίσωμεν
3247 2292 3501 2359 ἑαυτοὺς
3541 2292 3660 2347 ἀπὸ

2082 2389 2310 2454 παντὸς
2341 2385 2668 2457 μολυσμοῦ
2706 2385 2936 2455 σαρκὸς
2985 2385 3086 2441 καὶ
3146 2386 3514 2453 πνεύματος.
3570 2385 3659 2437 Δι-

2084 2479 2387 2550 εγείρωμεν
2423 2478 2688 2551 ἀλλήλους
2745 2479 2825 2540 είς
2885 2474 3235 2547 παροξυσμὸν
3291 2475 3514 2546 ἀγάπης
3568 2474 3661 2527 καὶ

2083 2571 2267 2626 καλῶν
2323 2572 2518 2640 ἔργων.
2600 2567 2692 2639 Μὴ
2752 2567 3114 2637 φθονήσωμεν
3179 2565 3455 2635 ἀλλήλοις,
3524 2564 3657 2634 μηδὲ

2086 2662 2440 2732 φθονούμενοι
2465 2659 2860 2732 ἀγριωθῶμενο
2907 2656 3356 2730 συμπαθήσωμεν
3377 2657 3433 2711 δὲ
3461 2656 3659 2726 μᾶλλον

2085 2754 2360 2827 ἀλλήλοις,
2384 2754 2485 2831 καὶ
2516 2753 2604 2807 διὰ
2646 2748 3151 2821 ταπεινοφροσύνης
3188 2748 3453 2820 ἀλλήλους
3496 2745 3662 2802 lacti)-

2088 2847 2251 2918 μεθα.
2286 2846 2380 2916 Μὴ
2410 2844 2807 2915 καταλαλῶμεν
2843 2842 3112 2914 ἀλλήλων,
3174 2841 3311 2912 μηδὲ
3356 2838 3657 2911 σκώψωμεν

2086 2936 2347 3009 ἀλλήλους
2367 2952 2395 2970 ι
2430 2937 2515 2990 ὅτι
2542 2934 2711 3007 ἐσμὲν
2744 2933 2990 3005 ἀλλήλων
3032 2932 3189 3004 μέλη.
3241 2930 3659 3003 Ἀποόἀλλωμεν

2085 3029 2179 3098 ἀφ’
2195 3027 2368 3098 ἡμῶν
2399 3027 2498 3099 τὴν
2525 3026 2787 3098 ἀμέλειαν
2818 3026 2912 3079 καὶ
2930 3025 3030 3096 τὴν
3058 3023 3331 3096 ρᾳθυμίαν
3351 3040 3368 3056 ⁸
3402 3025 3496 3078 καὶ
3523 3022 3661 3077 στῶ-

2090 3137 2189 3190 μεν
2226 3119 2491 3191 ἀνδρείως
2534 3120 2673 3174 κατὰ
2734 3119 2844 3172 τῶν
2901 3119 3228 3189 πνευμάτων
3263 3121 3364 3191 τῆς
3401 3119 3662 3191 πονηρίας

399 3187 491 3267 tia:
513 3208 733 3265 fortiter
764 3213 995 3262 stemus.
1028 3203 1217 3259 Jesum
1247 3201 1529 3259 Christum
1572 3201 1781 3271 justum
1811 3196 1976 3251 advo-

2088 3187 2481 3283 ἀγωνιζόμενοι
2505 3229 2521 3244 ⁸
2604 3214 2701 3267 καὶ
2766 3212 2967 3284 ἔχομεν
3039 3187 3395 3285 παράκλητον
3459 3187 3664 3280 Ἰησοῦν

399 3308 582 3356 catum
608 3296 753 3368 apud
777 3295 995 3350 Patrem
1019 3293 1318 3359 habemus;
1355 3298 1412 3347 et
1432 3292 1547 3362 ipse
1562 3299 1644 3345 est
1666 3288 1985 3360 propitiatio

398 3405 503 3460 pro
523 3386 765 3459 peccatis
787 3384 994 3440 nostris
1008 3384 1085 3452 “;
1114 3398 1276 3453 quem
1304 3396 1445 3452 puro
1468 3379 1635 3436 corde
1648 3395 1714 3434 ex
1738 3387 1854 3434 toto
1871 3376 1988 3432 ani-

399 3497 491 3537 ιιιο
508 3476 976 3544 orantes,veniam
1000 3482 1353 3546 peccatorum
1379 3489 1447 3528 ex
1471 3488 1539 3528 eo
1560 3486 1984 3541 consequemur.

2087 3305 2133 3359 Χ
2143 3303 2323 3374 ριστὸν
2343 3304 2550 3358 δίκαιον
2582 3305 2720 3376 πρὸς
2737 3304 2829 3358 τὸν
2847 3305 3067 3375 Πατέρα
3082 3320 3098 3334 ο
3135 3304 3230 3358 καὶ
3248 3304 3410 3368 αὐτὸς
3443 3302 3666 3373 ἱλασμός

2090 3399 2206 3452 ἐστι
2232 3399 2360 3468 περὶ
2381 3397 2491 3451 τῶν
2521 3396 2808 3469 ἁμαρτιῶν
2845 3396 3039 3468 ἡμῶνο
3073 3397 3167 3451 καὶ
3198 3396 3479 3467 δεηθῶμεν
3501 3394 3665 3449 αὐτοῦ

2088 3491 2147 3543 ὲν
2176 3488 2395 3560 καθαρᾷ
2422 3488 2638 3561 καρδίᾳ,
2669 3488 2729 3554 ἐξ
2750 3488 2883 3561 ὅλης
2905 3487 3085 3559 ψυχῆς
3116 3487 3294 3560 ἡμῶν,
3318 3489 3415 3543 καὶ
3443 3487 3668 3557 ἀφίησιν

399 3581 617 3640 Etenim
642 3595 804 3651 prope
824 3586 900 3632 est
930 3576 1188 3631 Dominus
1214 3574 1452 3630 omnibus
1473 3572 1833 3629 invocantibus
1865 3586 1976 3625 eum

2089 3582 2222 3652 ἡμῖν
2251 3578 2354 3642 τὰς
2389 3579 2670 3650 ἁμαρτίας
2689 3578 2847 3650 ήμῶν
2865 3595 2879 3609 ο
2912 3580 3038 3633 Ὅτι
3069 3578 3251 3649 ἐγγὺς
3275 3578 3493 3646 Κύριος
3520 3576 3667 3633 πᾶσι

397 3678 458 3733 in
484 3675 709 3731 ueritate
739 3670 809 3727 ”.
841 3669 1056 3728 Idcirco
1075 3667 1154 3723 ait
1190 3684 1203 3720 :
1259 3665 1489 3722 Immola
1517 3665 1627 3719 Deo
1664 3661 1976 3732 sacriﬁcium

2088 3671 2926 3741 τοῖςρπικαλουμένοιςαύτὸν
2959 3673 3030 3727 ἐν
3049 3673 3324 3739 ἀληθείᾳ.
3361 3671 3454 3725 Διὸ
3490 3671 3664 3739 λέγει’

401 3765 596 3828 laudis,
637 3770 686 3815 et
712 3758 873 3814 redde
896 3756 1174 3813 Altissimo
1206 3763 1328 3810 vota
1349 3765 1443 3810 tua
1475 3770 1493 3808 :
1525 3762 1573 3807 et
1612 3753 1798 3808 invoca
1824 3766 1905 3805 me
1931 3752 1976 3805 iu

2091 3763 2295 3819 Θῦσον
2313 3762 2396 3830 τῷ
2435 3762 2557 3828 Θεῷ
2580 3764 2804 3818 θυσίαν
2833 3763 3141 3831 αἰνέσεως,
3186 3765 3285 3819 καὶ
3320 3762 3551 3830 ἀπόδος
3591 3762 3671 3828 τῷ

400 3858 485 3913 die
522 3853 879 3911 tribulationis
911 3859 1014 3906 tum
1042 3867 1059 3905 :
1085 3866 1272 3905 eruam
1309 3857 1356 3904 te
1373 3858 1421 3903 et
1448 3847 1767 3917 clariﬁcabis
1803 3863 1884 3902 me
1916 3845 1976 3898 “.

2099 3856 2369 3924 Ὑψίστῳ
2411 3854 2518 3920 τὰς
2545 3853 2735 3924 εὐχάς
2767 3867 2909 3908 σου.
2948 3855 3059 3910 Kal
3101 3854 3466 3910 ἐπικὰλεσαί
3495 3872 3574 3924 με
3604 3854 3671 3908 ὲν

401 3946 508 4003 Sed
533 3955 591 4001 et
609 3952 836 4000 rurSum
869 3942 1058 4007 Isaias,
1083 3939 1236 3996 Solve
1256 3957 1464 3995 omnem
1494 3938 1845 4011 alligaturam
1880 3940 1976 3993 ini-

2089 3946 2283 4017 ἡμέρᾳ
2349 3945 2610 4016 θλίψεώς
2673 3962 2791 4002 σου
2817 3962 2832 3977 ·
2882 3947 2983 4002 και
3044 3947 3371 4018 ἐξελοῦμαί
3416 3962 3511 4014 σε,
3575 3946 3673 4001 καί

399 4039 660 4109 quitatis:
698 4026 922 4092 dissolve
957 4035 1330 4106 'obligationes
1378 4032 1727 4089 violentorum
1769 4043 1976 4091 contra-

2089 4039 2372 4107 δοξάσεις
2400 4056 2497 4107 με.
2533 4038 2644 4093 Καὶ
2667 4040 2696 4091 ὁ
2740 4039 2969 4103 Ἡσαΐας
2998 4038 3059 4094 δὲ
3088 4038 3282 4093 πάλινο
3320 4040 3440 4094 Aris
3479 4037 3673 4092 πάντα

403 4142 619 4197 ctuum;
642 4131 849 4185 dimitte
887 4128 1184 4200 confractos
1210 4128 1267 4182 in
1294 4128 1601 4182 remissione
1626 4168 1642 4194 ,
1690 4136 1740 4183 et
1779 4145 1976 4185 omnem

2089 4132 2444 4202 σύνδεσμον
2475 4131 2734 4198 ἀδικίας,
2791 4130 3007 4187 διάλυε
3029 4130 3437 4201 στρατγαλιὰς
3458 4130 3675 4195 βιαίων

401 4227 725 4297 scripturam
754 4225 1000 4296 iniquam
1029 4221 1325 4277 conscinde.
1360 4220 1572 4293 Frange
1599 4223 1849 4277 esurienti
1887 4241 1976 4295 pa-

2089 4223 2636 4293 συναλιαγμάτων,
2688 4222 3041 4277 ἀπόστελλε
3083 4221 3572 4291 τεθραυσμένους
3608 4219 3677 4275 ἐν

402 4336 521 4374 nem
548 4326 719 4382 tuum,
752 4325 803 4371 et
822 4333 1083 4387 pauperes
1124 4316 1237 4369 sine
1284 4320 1419 4368 tecto
1464 4314 1623 4368 indue
1666 4315 1723 4369 in
1775 4314 1976 4370 domum

2090 4315 2326 4385 ἀφέσει.
2363 4316 2465 4371 καὶ
2507 4313 2719 4371 πᾶσαν
2755 4314 3120 4385 συγγραφὴν
3157 4314 3373 4369 ἄδικον
3425 4314 3671 4369 διάσκα.

401 4419 573 4465 tuam.
609 4407 666 4464 Si
690 4406 882 4462 uideris
904 4406 1128 4471 nudum,
1169 4405 1345 4476 operi;
1377 4412 1427 4459 et
1447 4404 1753 4460 domesticos
1772 4407 1976 4461 semini:

2091 4408 2420 4477 Διάθρυπτε
2464 4406 2747 4465 πεινῶντι
2779 4406 2887 4462 τὸν
2905 4407 3090 4476 ἄρτον
3108 4422 3246 4471 σου,
3275 4406 3373 4461 καὶ
3403 4406 3676 4475 πτωχοὺς

402 4503 481 4557 tui
507 4517 571 4556 ne
607 4499 927 4570 despexeris.
979 4496 1123 4552 Tunc
1157 4504 1394 4568 erumpet
1435 4498 1761 4552 matutinum
1808 4498 1976 4552 lumen

2091 4500 2389 4568 ἀστέγους
2423 4498 2709 4569 εἰσάγαγε
2733 4499 2822 4565 είς
2862 4497 2973 4552 τὸν
2998 4492 3168 4552 οἶκόν
3190 4513 3329 4551 σου.
3382 4496 3519 4551 Ἐὰν
3543 4496 3675 4565 Ζδῃς

404 4606 574 4659 tuum,
619 4602 668 4648 et
704 4593 961 4647 sanitates
993 4599 1099 4647 tua:
1124 4590 1279 4645 citius
1310 4590 1570 4645 orientur.
1601 4591 1669 4645 Et
1696 4591 1899 4661 prazibit
1933 4592 1976 4645 in

2092 4590 2347 4662 γυμνὸν,
2393 4590 2680 4658 περίϐαλε
2703 4602 2719 4618 ⁸
2769 4588 2873 4644 καὶ
2928 4588 3052 4644 ἀπὸ
3113 4587 3235 4642 τῶν
3292 4588 3530 4643 οἰκείων
3577 4588 3678 4642 τοῦ

402 4693 681 4756 conspectu
713 4692 803 4739 tuo
833 4684 1041 4752 iustitia
1079 4690 1192 4746 tua,
1219 4690 1270 4735 et
1292 4682 1468 4752 gloria
1497 4681 1595 4736 Dei
1646 4683 1976 4738 circumdabit

2091 4681 2433 4750 σπέρματός
2455 4696 2573 4734 σου
2615 4681 2689 4735 οὐ
2714 4680 2999 4748 νπαρόψει
3047 4678 3171 4751 [Fr.
3216 4679 3314 4749 οὐχ
3342 4679 3612 4750 ὑπερόψει

404 4788 455 4831 te
484 4776 549 4830 “.
580 4776 725 4843 Quid
746 4792 878 4832 vero
902 4776 1211 4846 praeterea?
1245 4774 1389 4829 Tunc
1434 4773 1711 4839 clamabis,
1748 4783 1797 4828 et
1850 4774 1976 4829 Dem

2096 4772 2233 4827 Τότε
2285 4769 2621 4839 ῥαγήσεται
2669 4768 2939 4839 πρώϊμον
2970 4768 3038 4822 τὸ
3085 4768 3215 4837 φῶς
3261 4785 3403 4831 σου,
3461 4768 3564 4823 καί
3610 4768 3681 4822 τὰ

404 4871 650 4925 exaudiet
680 4879 728 4924 te
755 4887 772 4924 :
796 4871 967 4925 adhuc
1001 4868 1244 4940 loquente
1270 4876 1341 4933 te,
1369 4868 1507 4922 dicet
1539 4886 1556 4923 :
1594 4867 1730 4922 Ecce
1779 4867 1976 4922 adsum.

2096 4866 2311 4937 ὶάματά
2355 4882 2474 4920 σου
2516 4865 2670 4935 ταχὺ
2694 4863 2994 4921 ἀνατελεῖ.
3043 4865 3151 4919 Kal
3199 4865 3679 4933 προπορεύσεται

403 4961 547 5018 Tunc
572 4964 774 5018 orietur
804 4963 861 5017 in
886 4961 1110 5017 tenebris
1146 4959 1326 5027 lumen
1354 4968 1525 5026 tuum,
1556 4968 1605 5014 et
1639 4960 1866 5014 tenebrae
1888 4966 1976 5013 tua

2093 4957 2437 5031 ἔμπροσθέν
2450 4972 2568 5014 σου
2584 4960 2623 5027 ἡ
2638 4959 2997 5027 δικαιοσύνη
3016 4972 3154 5013 σου*
3172 4959 3271 5012 καὶ
3293 4958 3447 5023 δόξα
3462 4959 3682 5028 Κυρίου

403 5064 560 5109 erunt
578 5056 713 5109 sicut
743 5056 1007 5115 meridies.
1046 5054 1116 5110 Et
1157 5055 1254 5108 erit
1298 5053 1436 5107 Deus
1463 5062 1636 5107 tecum
1680 5067 1909 5123 semper,
1940 5066 1976 5103 et

2097 5053 2444 5124 περιστελεῖ
2463 5071 2556 5109 σε.
2585 5053 2696 5108 Καὶ
2719 5053 2773 5106 τί
2803 5054 2865 5107 τὸ
2886 5054 2979 5107 ἐπὶ
3006 5052 3238 5118 τούτοις
3294 5055 3433 5109 Τότε
3450 5053 3683 5123 βοήσῃ,

403 5146 703 5219 impleberis
730 5149 866 5202 sicut
887 5147 1150 5202 desiderat
1179 5146 1365 5201 anima
1395 5153 1489 5198 tua
1503 5144 1568 5197 "5.
1602 5143 1768 5199 Vides
1804 5159 1869 5199 ea
1901 5158 1976 5197 ra-

2099 5145 2200 5198 καὶ
2240 5148 2272 5199 ό
2320 5144 2465 5210 Θεὸς
2514 5145 2943 5200 εὶσακούσεταί
2990 5159 3138 5200 σου’
3213 5146 3302 5200 ἔτι
3346 5145 3688 5208 λαλοῦντός

407 5239 581 5301 tione,
610 5237 758 5308 quod
784 5238 1166 5308 colligaturam
1189 5232 1499 5307 iniquitatis
1521 5250 1589 5290 ex
1618 5234 1787 5290 corde
1802 5241 1976 5290 nostrt

2103 5249 2261 5317 σουλ
2285 5235 2426 5303 ἐρεῖ,
2485 5233 2645 5290 Ἰδοὺ
2684 5234 2942 5307 πάρειμι.
3000 5235 3139 5291 Τότε
3181 5236 3466 5293 ἀνατελεῑ
3504 5237 3576 5292 ἐν
3612 5235 3690 5302 τῷ

409 5330 676 5386 solvimus
710 5370 724 5393 ,
784 5344 1118 5400 omnemque
1177 5328 1577 5400 obligationem
1625 5326 1976 5383 violentorun

2102 5327 2310 5382 σκότει
2330 5326 2398 5380 τὸ
2420 5326 2547 5396 φῶς
2573 5338 2715 5393 σου,
2746 5328 2847 5382 καί
2874 5329 2943 5383 τὸ
2967 5330 3192 5397 σκότος
3215 5340 3334 5385 σου
3356 5332 3439 5399 ὡς
3458 5346 3690 5402 μεσημ-

412 5421 656 5477 rancoris
708 5429 1098 5476 contractuum
1149 5420 1527 5486 dissolvimus,
1574 5428 1742 5490 atque
1798 5417 1976 5489 proxi-

2103 5421 2256 5490 ϐρία.
2294 5419 2405 5476 Kal
2437 5419 2613 5474 ἔσται
2647 5419 2793 5486 Θεὸς
2829 5423 2981 5490 μετὰ
3012 5422 3132 5478 σοῦ
3173 5420 3538 5488 διαπαντός·
3594 5422 3692 5478 καί

413 5529 563 5569 mum
592 5528 658 5569 ex
692 5521 807 5569 tota
836 5512 1044 5577 anima,
1079 5511 1297 5569 collatis
1346 5515 1403 5567 in
1458 5527 1589 5568 eum
1633 5510 1963 5566 muneribus

2097 5510 2510 5582 ἐμπλησθήσῃ
2540 5510 2694 5566 καθὰ
2726 5510 3009 5583 ἐπιθυμεῖ
3038 5513 3078 5581 ἠ
3124 5511 3297 5582 ψυχή
3334 5524 3473 5567 σου.
3530 5512 3692 5584 Ὁρᾷς

409 5606 682 5661 deaurari
734 5602 1044 5671 studemus,
1074 5602 1319 5659 scientia:
1373 5620 1476 5660 nos
1510 5605 1634 5677 luce
1659 5603 1974 5659 collustrari

2097 5606 2181 5658 ὅτι
2212 5605 2268 5658 ἐν
2311 5602 2390 5674 τῷ
2435 5602 2589 5658 λύειν
2621 5604 2802 5659 πάντα
2846 5603 3149 5676 σύνδεσμον
3196 5605 3416 5667 ἀδικίας
3466 5605 3534 5658 ἐκ
3595 5604 3692 5675 τῆς

481 5738 526 5772 ³⁸
544 5740 821 5819 ,χρονικιιμ
846 5738 939 5794 27.
1012 5738 1059 5770 ⁸ο
1085 5737 1155 5819 [Il
1181 5736 1426 5819 ’φοιτηγιιτ
1564 5737 1627 5819 ﬁ"
1656 5737 1860 5819 Ephes.
1885 5756 1958 5807 IV,

2150 5738 2193 5770 δ’
2224 5738 2245 5794 I
2273 5739 2430 5795 Joan.
2458 5754 2517 5807 ιι,
2549 5737 2600 5792 l.
2669 5738 2714 5771 ”
2748 5738 2892 5796 Psal.
2926 5755 3101 5808 cxuv,
3134 5741 3221 5797 18.
3300 5741 3346 5774 ⁵⁸
3373 5738 3520 5796 Psal.
3548 5756 3690 5810 uix,

416 5808 502 5874 ll,
539 5810 623 5864 l5.
700 5810 745 5842 *3
776 5810 878 5864 lsa.
908 5825 1053 5877 Lvm,
1087 5808 1137 5869 6,
1178 5808 1257 5879 8._
1312 5810 1355 5841 ⁸ο
1390 5807 1526 5863 ibid.
1561 5809 1615 5875 9,
1650 5807 1736 5863 10.
