4070 6412
362 429 472 494 953

1612 432 1844 493 LIBER
1892 434 2322 495 ASCETICUS.

3539 431 3648 494 95L

358 546 600 618 καρδίας
659 539 841 616 ἡμῶν,
904 544 1000 599 καὶ
1050 544 1289 599 διαλύειν
1349 546 1529 600 πᾶσαν
1581 547 1944 618 στραγγαλιὰν

2053 556 2220 617 atque
2249 563 2279 602 a
2310 547 2598 617 probrosis
2640 548 2932 604 affectibus
2979 548 3241 618 vitiisque
3293 546 3542 610 liberali,
3585 553 3642 599 et

361 638 556 708 βιαίων
590 636 1058 706 συναλλαγμάτων
1102 637 1468 707 μνησικακίας
1496 653 1508 666 ·
1563 640 1658 690 καὶ
1696 636 1950 691 σπεύδειν

358 731 673 801 εὐεργετεῖν
711 726 803 781 τὸν
833 729 1062 798 πλησίον
1083 728 1142 794 ἐξ
1171 729 1300 795 ὅλης
1327 729 1527 799 ψυχῆς,
1575 729 1654 798 τῷ
1685 729 1824 796 φωτὶ⁵
1851 729 1949 798 τῆς

358 819 619 887 γνώσεως
643 819 1122 890 περιλαμπόμεθα,
1148 820 1372 873 καὶτῶν
1395 820 1582 873 παθῶν
1604 819 1706 888 τῆς
1724 819 1950 888 ἀτιμίας

357 909 821 981 ὲλευθερούμεθα,
853 912 948 965 καὶ
982 910 1164 980 πάσης
1201 911 1400 980 ἀρετῆς
1435 909 1815 980 πληρούμεθα,
1852 909 1948 961 καὶ

357 1001 470 1054 ὑπὸ
491 1003 590 1072 τῆς
628 1003 787 1072 δόξης
813 1002 906 1055 τοῦ
933 1003 1066 1054 Θεοῦ
1111 1002 1606 1072 καταλαμπόμεθα,
1647 1003 1739 1054 καὶ
1766 1002 1948 1071 πάσης

2047 637 2197 690 omni
2236 637 2444 690 virtute
2469 637 2684 706 impleri
2723 653 2785 692 ac
2812 638 2905 691 Dei
2935 638 3184 691 claritate
3214 635 3495 706 perfundi,
3517 649 3642 687 om-

2049 729 2217 797 nique
2271 729 2583 798 ignorantia
2651 729 2903 784 exsolvi?
2953 739 3118 797 atque
3175 727 3334 791 adeo,
3395 743 3518 796 quae
3571 740 3639 779 ex

2048 815 2364 871 Christiana
2393 819 2600 888 pietate
2623 828 2755 873 sunt
2783 828 3008 874 orantes
3041 818 3423 881 exaudiemur,
3444 818 3646 870 Demn—

2049 924 2155 977 que
2183 925 2402 978 semper
2427 912 2715 966 nobiscum
2747 912 3166 974 habehiinus,ac
3197 911 3470 965 desiderio
3495 909 3642 978 quod

2049 1001 2238 1069 pietati
2266 1003 2459 1067 haeret,
2493 1005 2866 1075 implebimur.

355 1094 586 1162 ἀγνοίας
614 1093 1081 1164 ὲλευθερούμεθα·
1127 1097 1220 1148 καὶ
1251 1095 1677 1165 προσευχόμενοι
1714 1094 1782 1147 τὰ
1809 1089 2072 1163 Χριστοῦ,
2110 1095 2528 1166 είσακουόμεθα,
2595 1097 2687 1150 καὶ
2752 1097 2842 1150 τὸν
2906 1096 3039 1149 Θεὸν
3090 1094 3208 1166 μεθ’
3244 1093 3402 1165 ἡμῶν
3435 1093 3640 1161 ἕξομεν

355 1187 450 1240 διὰ
487 1187 708 1249 παντὸς,
749 1188 844 1240 xui
883 1187 985 1257 τῆς
1031 1188 1170 1241 κατὰ
1203 1189 1336 1241 Θεὸν
1391 1188 1686 1258 ἐπιθυμίας
1717 1182 2098 1256 πληρούμεθα.

437 1279 546 1350 μβ’.
615 1281 1017 1352 Ἀγαπήσωμεν
1071 1278 1165 1335 οὖν
1224 1283 1518 1352 ἀλλήλους,
1574 1286 1665 1336 xui
1727 1279 1956 1350 ἀγαπώ-

361 1374 505 1445 μεθα
540 1372 644 1426 ὑπὸ
671 1371 765 1424 τοῦ
801 1372 959 1425 Θεοῦ.
996 1373 1530 1443 Μακροθυμήσωμεν
1566 1375 1650 1426 ἐπ’
1678 1372 1954 1442 ἀλλήλοις,

359 1466 457 1519 καὶ
502 1463 847 1535 μακροθυμεῖ
873 1464 1119 1526 ὲπὶταῖς
1147 1465 1442 1535 ἁμαρτίαις
1479 1465 1657 1534 ἡμῶν.
1691 1465 1783 1534 Μὴ
1813 1465 1954 1516 ἀπο-

357 1556 542 1625 δῶμεν
569 1555 735 1607 κακδν
764 1555 886 1606 ἀντὶ
944 1554 1139 1619 κακοῦ,
1199 1555 1296 1608 xui
1339 1557 1438 1608 οὐκ
1495 1555 1956 1625 ἀπολαμϐάνομεν

357 1648 504 1701 κατὰ
535 1646 633 1709 τὰς
667 1645 940 1718 ἁμαρτίας
978 1646 1154 1716 ἡμῶν.
1179 1646 1290 1716 Τὴν
1325 1646 1434 1716 γὰρ
1467 1646 1817 1717 συγχώρησιν
1841 1644 1950 1697 τῶν

356 1737 827 1807 παραπτωμάτων
871 1736 1050 1807 ἡμῶν,
1084 1737 1142 1788 ἐν
1180 1740 1247 1807 τῇ
1301 1738 1643 1808 συγχωρήσει
1666 1737 1772 1790 τῶν
1800 1736 1951 1789 ἀδελ-

356 1829 477 1896 φῶν
513 1829 863 1899 εὑρίσκομεν.
889 1829 996 1880 Kui
1020 1828 1079 1880 τὸ
1104 1828 1251 1892 ἕλεος
1278 1828 1370 1880 τοῦ
1394 1828 1551 1890 Θεοῦ,
1579 1831 1636 1882 ὲν
1669 1833 1736 1899 τῇ
1789 1829 1947 1898 ἐλεη-

2133 1284 2220 1336 42.
2257 1285 2363 1338 Alii
2401 1287 2571 1357 igitur
2605 1285 2745 1340 alios
2781 1285 3099 1356 diligamus,
3138 1290 3194 1337 et
3227 1299 3255 1336 a
3285 1283 3402 1337 Deo
3450 1281 3648 1350 dilige-

2059 1387 2202 1425 mur.
2232 1374 2335 1428 Alii
2363 1375 2416 1428 in
2444 1377 2582 1430 alios
2606 1377 2768 1446 longa
2799 1375 3067 1445 patientia
3098 1390 3162 1428 ac
3193 1373 3418 1427 lenitate
3448 1372 3646 1435 simus,

2057 1465 2276 1535 eritque
2305 1468 2450 1522 Deus
2476 1476 2537 1522 ut
2568 1469 2850 1539 indulgeat
2890 1467 3131 1538 peccatis
3156 1465 3385 1520 nostris.
3405 1464 3483 1518 Ne
3515 1463 3645 1517 red-

2057 1557 2253 1613 damus
2279 1561 2479 1613 malum
2512 1577 2613 1630 pro
2648 1562 2815 1624 malo,
2852 1569 2907 1614 et
2938 1558 3241 1613 secundum
3275 1564 3496 1626 peccata
3541 1570 3643 1608 no-

2059 1658 2171 1705 stra
2201 1669 2310 1706 non
2342 1655 2675 1722 recipiemus
2698 1655 2762 1707 δτ.
2787 1653 3120 1707 Delictorum
3151 1651 3297 1706 enim
3327 1657 3644 1702 nostrorum

2058 1740 2479 1812 indulgentiam,
2515 1745 2569 1797 in
2598 1743 2829 1798 fratrum
2873 1741 3212 1812 indulgentia
3261 1738 3639 1801 inveniemus;

2057 1833 2218 1904 392
2260 1835 2468 1905 Deique
2501 1835 2905 1896 misericordia,
2941 1833 2995 1886 in
3029 1831 3265 1902 proximi
3294 1830 3644 1897 eleemosyna

360 1917 571 1989 μοσύνῃ
630 1916 724 1968 τοῦ
751 1916 980 1986 πλησίον
1011 1918 1399 1986 ὲγκέκρυπται.
1435 1917 1534 1970 Διὰ
1573 1918 1728 1970 τοῦτο
1775 1921 1803 1970 6
1841 1917 1944 1970 Κύ-

2053 1895 2514 1983 ahseondita-est.
2573 1928 2788 1982 Idcirco
2845 1925 3110 1980 Dominus
3163 1922 3385 1976 aiebat:
3425 1920 3644 1972 Dimitte

356 2026 476 2080 ριος
503 2007 685 2074 ἔλεγεν
718 2025 730 2037 ’
770 2009 995 2076 Ἅφετε,
1028 2008 1125 2062 καί
1164 2009 1528 2078 ἀφεθήσεται
1564 2008 1722 2077 ὑμῖν.
1784 2010 1891 2062 Kui
1929 2049 1944 2073 ,

370 2098 509 2150 Ἐὰν
573 2097 766 2166 ἀφῆτε
820 2098 939 2163 τοῖς
984 2099 1318 2166 ἀνθρώποις
1369 2101 1440 2153 τὰ
1501 2098 1950 2168 παραπτώματα

354 2186 577 2250 αὐτῶν,
612 2187 708 2240 καί
743 2191 778 2240 ὁ
828 2188 1030 2255 Πατὴρ
1079 2189 1246 2257 ὑμῶν
1307 2193 1339 2243 ὁ
1393 2191 1672 2259 οὐράνιος
1724 2191 1949 2260 ἀφήσει

351 2278 504 2347 ὑμῖν
532 2277 604 2331 τὰ
641 2279 1085 2348 παραπτώματα
1114 2279 1303 2349 ὑμῶν.
1350 2283 1460 2335 Καὶ
1493 2283 1656 2336 πάλιν
1690 2299 1704 2313 ο
1744 2283 1949 2336 Μακά-

344 2383 473 2434 ριοι
506 2368 559 2418 ol
597 2367 943 2435 ἐλεήμονες,
973 2369 1061 2421 ὅτι
1086 2369 1256 2422 αὐτοὶ
1282 2369 1736 2438 ἐλεηθήσονται.
1788 2369 1900 2422 Kui
1931 2410 1946 2434 ,

354 2446 434 2522 '0
457 2451 651 2520 μέτρῳ
684 2453 965 2520 μετρεῖτε,
1011 2455 1583 2524 ἀντιμετρηθήσεται
1620 2457 1784 2525 ὑμῖν.
1816 2457 1948 2510 Ἰδοὺ

354 2543 653 2611 ἐχαρίσατο
678 2545 810 2612 ἡμῖν
839 2546 867 2596 6
899 2543 1100 2613 Κύριος
1124 2545 1324 2616 τρόπον
1363 2548 1658 2617 σωτηρίας,
1691 2548 1785 2599 καὶ
1815 2546 1949 2599 ἐδω-

355 2647 457 2686 κεν
499 2634 631 2702 ἡμῖν
659 2633 908 2697 ἐξουσίαν
942 2635 1157 2689 αἰώνιον
1186 2636 1280 2689 τοῦ
1316 2637 1570 2704 γενέσθαι
1590 2637 1758 2690 τέκνα
1786 2635 1944 2690 Θεοῦ·

355 2722 458 2776 καὶ
477 2723 534 2775 ὲν
567 2722 644 2793 τῷ
696 2723 960 2795 θελήματι
1012 2726 1172 2797 ἡμῶν
1221 2728 1338 2779 ἐστι
1389 2727 1571 2782 λοιπὸν
1613 2731 1648 2799 ἡ
1703 2729 1946 2799 σωτηρία

356 2816 392 2884 ἡ
401 2813 538 2883 μῶν.

435 2903 544 2973 μγ’.
591 2905 782 2975 Δῶμεν
832 2901 925 2958 οὖν
948 2907 1175 2971 ἑαυτοὺς
1218 2908 1296 2979 τῷ
1320 2911 1511 2982 Κυρίῳ
1542 2911 1602 2976 ἐξ
1626 2912 1943 2982 ὁλοκλήρου,

359 2994 452 3048 ἵνα
479 2995 774 3068 ὁλόκληρον
825 2998 986 3051 αὐτὸν
1036 2999 1435 3071 ἀντιλὰϐωμεν.
1498 3004 1791 3074 Γενώμεθα
1835 3005 1946 3057 θεοὶ¹

355 3087 426 3141 δι’
479 3089 682 3141 αὐτόν’
745 3089 832 3143 διὰ
877 3090 985 3162 γὰρ
1023 3092 1184 3146 τοῦτο
1233 3093 1520 3164 ἄνθρωπος
1540 3096 1753 3165 γέγονε,
1787 3096 1946 3165 φύσει

356 3178 435 3233 ὢν
487 3179 622 3244 Θεὸς
649 3181 745 3234 καὶ
787 3173 1083 3252 Δεσπότης.
1148 3183 1580 3256 ’Υπακούσωμεν
1638 3187 1810 3257 αὐτῷ,
1851 3188 1946 3240 xui

356 3270 528 3339 αὐτὸς,
550 3272 854 3341 ἀκαμάτως
879 3273 1146 3341 ἀμύνεται
1171 3275 1298 3338 τοὺς
1324 3276 1552 3346 ἐχθροὺς
1584 3279 1614 3346 ἡ
1625 3277 1741 3347 μῶν
1773 3295 1788 3308 ·
1816 3280 1887 3331 El
1913 3281 1946 3330 0'

353 3364 509 3428 λαός
535 3379 655 3443 μου
689 3362 920 3430 ἤκουσέ
941 3383 1081 3434 μου,
1113 3368 1299 3438 φησὶν,
1340 3368 1589 3436 Ἰσραὴλ
1627 3369 1756 3435 ταῖς
1785 3368 1946 3435 ὁδοῖς

350 3470 476 3522 μου
505 3455 557 3507 εί
591 3455 884 3524 ἐπορεύθη
910 3473 924 3488 ·
972 3458 1042 3510 ἐν
1075 3459 1154 3523 τῷ
1181 3461 1399 3528 μηδενί
1423 3460 1498 3514 ἂν
1530 3462 1672 3528 τοὺς
1692 3463 1946 3530 ἐχθροὺς

355 3542 560 3596 αὐτῶν
609 3546 1005 3611 ἐταπείνωσα,
1054 3549 1151 3602 καὶ
1185 3550 1282 3602 ἐπὶ
1315 3551 1456 3617 τοὺς
1487 3553 1806 3618 θλίϐοντας
1836 3555 1944 3606 αὑ-

358 3636 508 3702 τοὺς
540 3637 834 3694 ἐπέϐαλον
863 3640 940 3694 ἂν
989 3641 1104 3711 τὴν
1154 3643 1321 3711 χεῖρά
1364 3663 1502 3710 μου.
1565 3645 1778 3699 Πᾶσαν
1829 3644 1945 3712 τὴν

361 3728 583 3782 ἐλπίδα
604 3730 763 3799 ἡμῶν
787 3733 880 3784 ἐπ’
908 3736 1096 3806 αὑτὸν
1125 3736 1317 3803 μόνον
1351 3735 1647 3805 θήσωμεν.
1691 3738 1798 3790 Kui
1837 3739 1945 3790 πᾶ-

361 3837 466 3874 σαν
497 3821 590 3892 τὴν
626 3825 894 3894 μέριμναν
928 3824 1086 3894 ήμῶν
1130 3826 1214 3876 ἐπ’
1251 3827 1411 3878 αὐτὸν
1457 3827 1616 3896 μόνον
1673 3828 1934 3899 ῥίψωμεν,

355 3914 455 3967 καὶ
501 3915 567 3971 ὲκ
603 3916 782 3985 πάσης
821 3915 1074 3986 θλίψεως,
1130 3918 1291 3980 αὐτὸς
1342 3919 1491 3988 ἡμᾶς
1539 3918 1798 3989 ῥύσεται³
1845 3921 1939 3974 xui

351 4005 538 4058 πάντα
575 4005 668 4059 τὸν
713 4005 846 4075 βίον,
892 4007 1054 4069 αὐτὸς
1091 4009 1242 4077 ἡμᾶς
1278 4007 1574 4080 διαθρέψει.
1625 4011 1810 4067 Πάντα
1841 4013 1938 4081 μὲν

351 4094 642 4168 ἄνθρωπον
672 4098 735 4150 ἐκ
768 4095 944 4166 ψυχῆς
985 4098 1360 4170 ἀγαπήσωμεν
1382 4113 1394 4126 ⁸
1427 4101 1520 4152 ἐπὶ
1552 4101 1742 4170 μηδενὶ
1766 4103 1821 4156 δὲ
1848 4105 1939 4156 ἁν-

352 4185 590 4257 θρώπων
613 4189 712 4258 τὴν
740 4188 929 4241 ἐλπίδα
956 4189 1210 4261 θήσωμεν
1242 4208 1255 4222 ο
1297 4192 1379 4245 ὅτι
1408 4193 1492 4262 ἐφ’
1531 4195 1653 4246 ὅσον
1689 4197 1717 4247 6
1740 4195 1940 4264 Κύριος

353 4281 613 4350 συντηρεῖ
641 4280 810 4349 ἡμᾶς,
839 4279 934 4333 καὶ
956 4282 1004 4332 οἱ
1027 4280 1169 4350 φίλοι
1193 4282 1394 4348 πάντες
1420 4286 1568 4356 ἡμᾶς
1593 4289 1936 4358 περιέπουσι,

349 4373 452 4426 καὶ
479 4376 528 4427 οί
561 4374 746 4444 ἐχθροὶ⁸
778 4376 981 4440 πάντες
1012 4377 1148 4448 πρὸς
1173 4381 1204 4448 ὴ
1216 4381 1322 4450 μᾶς
1355 4381 1730 4437 ἀδυνατοῦσιν.
1767 4382 1939 4436 Ἐπὰν

348 4463 413 4517 δὲ
445 4467 474 4518 6
526 4466 729 4536 Κύριος
752 4468 901 4537 ἡμᾶς
931 4469 1326 4544 ἐγκαταλείπῃ,
1372 4472 1496 4526 τότε
1550 4475 1642 4527 xui
1697 4477 1745 4528 οἱ
1795 4475 1938 4544 φίλοι

2051 2025 2100 2070 et
2138 2018 2434 2072 dimittetur
2458 2020 2599 2074 vobis
2626 2019 2690 2072 ⁸⁸.
2742 2019 2811 2072 Ει
2843 2035 2856 2071 :
2896 2015 2954 2071 Si
2993 2015 3299 2069 dimiseritis
3345 2011 3642 2066 hominibus

2049 2111 2240 2164 delicta
2263 2128 2464 2176 eorum,
2497 2113 2658 2165 etiam
2691 2111 2853 2165 Pater
2904 2119 3070 2163 vester
3138 2107 3359 2161 coalestis
3410 2104 3642 2157 dimittet

2050 2203 2190 2256 vobis
2226 2213 2441 2273 peccatu
2475 2210 2666 2258 'vestra
2703 2204 2767 2256 δ’.
2810 2203 2877 2256 Et
2926 2217 3182 2255 rursum:
3223 2198 3378 2256 Beati
3436 2197 3642 2249 miseri-

2048 2297 2251 2357 cordes,
2289 2295 2543 2365 quoniam
2572 2296 2674 2366 ipsi
2702 2293 3116 2348 misericordiam
3154 2297 3539 2358 consequentur
3568 2287 3636 2341 ⁵⁸.

2048 2386 2146 2440 Et:
2171 2386 2234 2439 In
2247 2404 2350 2456 qua
2375 2403 2623 2440 mensura
2652 2387 2817 2438 mensi
2840 2383 3068 2454 fueritis,
3089 2383 3396 2435 remetietur
3413 2379 3636 2434 vobis“.

2049 2481 2152 2543 En,
2188 2479 2455 2533 Dominus
2491 2478 2686 2532 salutis
2717 2477 2880 2530 nobis
2908 2475 3132 2529 modum
3174 2472 3424 2534 indulsit,
3477 2478 3642 2524 teter-

2048 2583 2293 2638 namque
2327 2568 2488 2622 nobis
2518 2576 2850 2636 potestatem
2884 2565 3056 2628 dedit,
3091 2571 3151 2617 ut
3192 2562 3498 2617 efficiamur
3537 2560 3637 2614 ﬁlii

2049 2659 2144 2712 Dei
2171 2660 2217 2690 ³³
2245 2677 2258 2712 :
2285 2668 2450 2728 atque
2481 2659 2618 2713 adeo
2648 2667 2836 2713 nostra
2870 2659 3017 2713 salus
3045 2656 3102 2710 in
3125 2662 3316 2710 nostra
3368 2653 3635 2723 deinceps

2045 2751 2328 2806 voluntate
2359 2752 2534 2820 posita
2565 2751 2657 2804 sit.

2117 2919 2205 2983 l5.
2235 2927 2408 2999 Igitur
2432 2942 2533 2982 nos
2565 2927 2667 2996 ipsi
2689 2944 2757 2981 ex
2774 2935 2888 2982 toto
2912 2927 3077 2981 corde
3106 2925 3339 2980 Domino
3363 2921 3634 2976 dedamus

2048 3026 2110 3072 ut
2142 3026 2316 3072 totum
2347 3018 2526 3087 ipsum
2560 3016 2914 3085 recipiamus.
2943 3016 3028 3070 Dii
3053 3023 3281 3084 propter
3316 3014 3495 3082 ipsum
3520 3009 3639 3066 efﬁ—

2048 3109 2263 3162 ciamur
2291 3126 2302 3160 :
2335 3107 2388 3160 id
2418 3107 2564 3160 enim
2591 3121 2768 3160 causa:
2795 3114 2899 3171 cst,
2923 3121 3023 3158 cur
3055 3105 3149 3172 qui
3181 3113 3377 3156 natura
3407 3101 3552 3155 Deus
3571 3114 3638 3154 ac

1973 3229 2015 3286 ο
2050 3200 2320 3253 Dominus
2347 3205 2515 3260 esset,
2557 3197 2724 3251 homo
2748 3198 2924 3251 factus
2945 3197 3036 3251 sit.
3071 3197 3228 3249 Dicto
3249 3193 3329 3247 illi
3350 3193 3640 3247 audientes

2049 3291 2238 3352 simus,
2275 3291 2498 3358 ipseque
2547 3290 2701 3343 nullo
2730 3289 2951 3359 negotio
2985 3288 3173 3342 hostes
3211 3294 3430 3340 nostros
3496 3284 3638 3338 ulci-

2048 3395 2273 3437 seetur:
2307 3381 2365 3436 Si
2395 3381 2620 3453 papulus
2652 3398 2796 3435 meus
2830 3381 3060 3434 audisset
3098 3396 3198 3442 me,
3241 3377 3437 3447 inquit,
3464 3377 3640 3430 Israel

2045 3475 2090 3526 si
2122 3473 2174 3525 in
2204 3474 2295 3525 viis
2331 3473 2458 3525 meis
2486 3471 2808 3526 ambulasset
2839 3511 2852 3536 ,
2885 3473 2938 3524 in
2962 3470 3126 3523 nihilo
3149 3470 3371 3539 forsitan
3394 3468 3639 3521 inimicos

2047 3583 2229 3619 eorum
2250 3565 2634 3629 humiliassem,
2666 3573 2716 3618 et
2753 3581 2912 3635 super
2943 3563 3257 3618 tribulantes
3321 3579 3406 3616 eos
3462 3563 3638 3616 misis—

2043 3675 2153 3711 sem
2190 3675 2409 3712 manum
2440 3675 2614 3712 meam
2640 3659 2705 3711 ⁸³.
2734 3657 2965 3713 Omnem
2989 3671 3144 3725 spem
3171 3664 3417 3709 nostram
3474 3654 3528 3706 in
3566 3667 3636 3707 eo

2044 3749 2162 3803 solo
2191 3765 2485 3818 ponamus,
2540 3764 2872 3818 omnemque
2927 3747 3354 3802 sollicitudinem
3388 3756 3633 3812 nostram

2045 3838 2099 3891 in
2133 3854 2259 3892 eum
2287 3837 2662 3910 projiciamus,
2688 3847 2745 3891 et
2773 3839 2888 3907 ipse
2914 3853 2980 3890 ex
3009 3836 3160 3890 omni
3183 3834 3538 3888 tribulatione
3569 3834 3636 3888 li-

2044 3930 2264 3984 berabit
2293 3946 2422 3995 nos;
2459 3937 2739 3998 totamque
2765 3929 2933 3984 vitam
2960 3929 3076 3999 ipse
3105 3929 3368 3983 enutriet.
3401 3928 3633 3982 Omnem

2043 4021 2266 4092 quidem
2315 4020 2595 4074 hominem
2635 4036 2703 4074 ex
2759 4020 2946 4073 animo
3003 4019 3315 4090 diligamus,
3375 4018 3430 4072 in
3479 4017 3636 4072 nullo

2045 4121 2225 4166 tamen
2270 4111 2558 4166 hominum
2608 4125 2762 4179 spem
2819 4126 3091 4180 ponamus
3129 4128 3142 4164 :
3185 4110 3433 4180 quandiu
3482 4109 3634 4164 enim

2042 4203 2309 4257 Dominus
2331 4218 2432 4256 nos
2469 4208 2780 4263 conservat,
2819 4200 3008 4255 tandiu
3043 4201 3210 4254 etiam
3233 4213 3426 4254 omnes
3470 4199 3633 4254 amici

2023 4295 2239 4348 'colunt
2267 4301 2325 4347 et
2349 4293 2667 4356 observant,
2691 4291 2938 4360 nullique
2960 4291 3248 4345 adversum
3281 4306 3384 4345 nos
3421 4290 3634 4344 inimici

2043 4387 2544 4459 praevalebunt.At,
2575 4387 2671 4441 ubi
2699 4403 2801 4441 nos
2817 4387 3085 4442 Dominus
3111 4387 3635 4457 dereliquerit,tunc

2042 4489 2098 4534 et
2119 4479 2285 4534 amici
2315 4494 2509 4533 omnes
2543 4479 2959 4548 derelinquunt,
2990 4494 3295 4548 omnesque
3339 4479 3634 4534 adversum

348 4558 556 4622 πάντες
583 4559 1056 4628 ἐγκαταλείπουσι,
1109 4562 1204 4616 καὶ
1251 4566 1298 4616 ol
1350 4564 1534 4635 ἐχθροὶ
1581 4565 1780 4631 πάντες
1820 4567 1944 4621 καθ’

2049 4587 2150 4626 nos
2182 4571 2391 4625 inimici
2418 4571 2782 4627 invalescunt.
2813 4571 2920 4625 Sed
2945 4579 3000 4624 et
3034 4571 3128 4640 qui
3160 4572 3212 4624 in
3241 4570 3425 4640 seipse
3456 4572 3633 4625 conti-

347 4650 514 4721 ήμῶν
546 4649 844 4720 ἰσχύουσιν.
887 4651 1048 4704 Ἀλλὰ
1085 4653 1180 4706 xui
1225 4655 1253 4706 6
1287 4656 1366 4719 είς
1421 4657 1647 4711 σεαυτὸν
1697 4659 1933 4730 θαρρῶν,

347 4741 603 4792 πεσεῖται
636 4740 835 4810 πτῶμα
861 4741 1099 4809 ἐξαίσιον
1130 4759 1144 4774 ·
1178 4745 1206 4796 6
1238 4745 1294 4799 δὲ
1331 4744 1665 4818 φοϐούμενος
1691 4750 1784 4804 τὸν
1822 4750 1938 4804 Κύ-

351 4847 496 4902 ριον,
529 4829 896 4902 ὑψωθήσεται.
932 4833 1031 4886 Διὰ
1087 4834 1246 4889 τοῦτο
1287 4837 1315 4888 6
1353 4838 1517 4891 Au6i8
1574 4839 1759 4910 ἔλεγεν
1785 4856 1800 4869 ⁶
1855 4845 1938 4898 Οὐ

346 4919 465 4991 γὰρ
493 4920 588 4974 ἐπὶ
613 4918 693 4986 τῷ
730 4922 884 4990 τόξῳ
913 4929 1026 4992 μου
1065 4925 1272 4990 ἐλπιῶ,
1305 4928 1402 4982 καὶ
1434 4931 1473 4998 ἡ
1515 4933 1782 5001 ῥομφαία
1818 4953 1937 5004 μου

346 5013 427 5065 οὐ
480 5011 663 5065 σώσει
682 5031 775 5081 με.
812 5016 1097 5083 Ἔσωσας
1125 5018 1234 5087 γὰρ
1260 5019 1417 5088 ἡμᾶς
1452 5022 1520 5077 ἐκ
1550 5023 1670 5078 τῶν
1700 5030 1940 5082 θλιϐόν-

346 5118 476 5155 των
489 5101 665 5170 ἡμᾶς,
685 5105 784 5158 καί
806 5106 950 5172 τοὺς
964 5108 1300 5176 μισοῦντας
1323 5111 1499 5180 ἡμᾶς,
1529 5117 1938 5187 κατῄσχυνας.

427 5190 532 5261 με.
564 5193 654 5263 Μὴ
685 5193 1054 5265 ἀνασχώμεθα
1081 5196 1189 5252 τῶν
1223 5198 1501 5270 λογισμῶν
1543 5203 1652 5257 τῶν
1702 5223 1936 5278 σμικρυο

345 5281 552 5335 νόντων
596 5283 754 5355 ἡμῶν
803 5285 903 5348 τὰς
936 5287 1232 5364 ἁμαρτίας,
1264 5294 1360 5346 καὶ
1399 5293 1500 5364 τὴν
1539 5296 1732 5364 ἄφεσιν
1760 5300 1940 5355 αὐτῶν

347 5374 638 5445 γεγονέναι
691 5359 1127 5448 μαντευομένων.
1172 5384 1307 5452 Περὶ
1332 5359 1513 5438 αὐτῶν
1540 5359 1646 5460 γαρ
1675 5391 1703 5442 6
1732 5391 1936 5462 Κύριος

343 5465 783 5537 ἀσφαλιζόμενος
838 5470 1004 5538 ἡμᾶς,
1056 5471 1208 5541 ἔλεγε
1241 5493 1255 5506 ·
1314 5478 1649 5548 Προσέχετε
1701 5482 1972 5550 ἐαυτοῖςι

345 5553 473 5612 ἀπὸ
518 5553 636 5610 τῶν
693 5557 1232 5629 ψευδοπροφητῶν,
1303 5566 1522 5634 οἵτινες
1578 5568 1934 5628 ἐλεύσονται

428 5761 473 5844 ξζ
509 5762 669 5844 R_om.
717 5781 822 5844 xu,
847 5766 1057 5844 ᾖτε-,³⁸
1090 5768 1224 5844 huc.
1256 5786 1330 5844 ri,
1359 5772 1443 5826 Η.
1519 5772 1564 5806 ³³
1596 5774 1785 5832 Matth.
1820 5793 1892 5843 Vl,
1927 5781 1944 5833 1

2091 5779 2137 5812 ⁵⁸
2166 5778 2357 5834 Matth.
2395 5794 2446 5844 ν,
2480 5780 2532 5832 7.

352 5825 401 5857 ³³
435 5833 579 5888 Psal.
612 5850 768 5900 Lxxx,
799 5825 886 5902 l4,
933 5838 1018 5892 15.
1093 5839 1138 5871 ⁸⁸
1172 5825 1493 5911 Ρεοιίχιξιιι,
1525 5847 1576 5909 7,
1599 5825 1654 5900 -έξ

2047 4661 2147 4726 dit,
2182 4662 2456 4732 stupende
2483 4677 2612 4716 casu
2642 4661 2934 4716 collidetur
2963 4679 2976 4712 :
3004 4661 3098 4729 qui
3130 4671 3312 4715 autem
3346 4661 3501 4714 timet
3528 4662 3630 4716 Do-

2047 4755 2282 4819 minum,
2315 4754 2670 4809 exaltabitur.
2717 4753 2926 4807 Idcirco
2983 4753 3147 4807 etiam
3191 4753 3374 4807 aiebat
3417 4753 3623 4807 David:

2042 4843 2162 4897 Non
2189 4844 2328 4896 enim
2357 4845 2409 4896 in
2440 4859 2568 4896 arcu
2589 4858 2701 4895 meo
2731 4843 2974 4911 sperabo,
3013 4851 3060 4894 et
3092 4841 3301 4912 gladius
3340 4858 3484 4895 meus
3520 4859 3622 4897 non

2043 4934 2270 4988 salvabit
2299 4950 2399 4987 me.
2433 4931 2668 4987 Salvasti
2697 4933 2836 4985 enim
2875 4949 2970 4986 nos
3010 4948 3073 4985 ea:
3112 4932 3456 5002 aﬂligentibus
3508 4949 3624 4999 nos,

2043 5035 2094 5079 et
2125 5042 2210 5079 eos
2234 5027 2325 5097 qui
2354 5041 2447 5078 nos
2475 5024 2719 5088 oderunt,
2749 5023 3030 5092 confudisti
3063 5023 3130 5076 ⁸⁸.

2111 5210 2202 5266 Μ.
2225 5208 2304 5264 Ne
2336 5208 2388 5263 id
2413 5224 2588 5278 genus
2641 5205 3037 5278 cogitationum
3071 5205 3457 5270 sustineamus,
3505 5222 3626 5275 qua:

2043 5311 2274 5375 peccata
2320 5309 2511 5355 nostra
2567 5299 2908 5363 diminuunt,
2958 5312 3132 5367 eaque
3180 5296 3341 5352 nobis
3397 5297 3626 5352 remissa

2042 5396 2371 5452 ariolantur.
2399 5393 2606 5448 Cautes
2633 5392 2782 5447 enim
2807 5393 2875 5447 de
2903 5392 3010 5447 illis
3043 5407 3143 5446 nos
3173 5407 3292 5446 esse
3324 5391 3628 5446 admonens

2040 5485 2328 5548 Dominus,
2356 5482 2540 5537 aiebat
2569 5500 2582 5535 :
2619 5482 2887 5536 Attendite
2913 5481 3052 5535 vobis
3083 5498 3115 5534 a
3161 5479 3313 5550 falsis
3359 5482 3626 5550 prophetis

2041 5579 2131 5646 qui
2151 5574 2364 5628 venient
2405 5572 2474 5626 ad
2509 5591 2596 5628 vos
2621 5573 2676 5626 in
2703 5574 3020 5628 vestimentis
3049 5572 3224 5626 ovium
3246 5613 3263 5638 ,
3313 5572 3625 5626 intrinsecus

2635 5778 2679 5810 ⁸¹
2712 5775 2904 5831 Matth.
2936 5791 3030 5843 vn,
3055 5775 3110 5828 Ξ.
3189 5775 3234 5807 ⁵²
3267 5773 3424 5830 Joan.
3452 5787 3490 5842 ι,
3528 5771 3615 5827 12.
