4070 6412
302 340 404 409 961
1241 338 1575 401 CAPITUM
1609 337 1708 399 DE
1745 335 1895 398 CHA

2005 337 2180 398 l‘ATE
2221 339 2609 402 CENTURIA
2647 343 2696 404 Ῑ.
3471 347 3577 412 962

303 459 404 513 καὶ
425 454 572 526 ἄλλῳ
599 453 920 526 οῑῳδήποτε.
970 449 1130 506 Ἀλλὰ
1158 451 1252 505 τοῦ
1283 451 1458 518 λέξεις
1487 450 1738 523 θηρεύειν
1759 451 1893 522 πρὸς

2005 458 2107 521 get.
2139 449 2376 508 Omnino
2401 459 2584 508 autem
2614 463 2857 525 emerget
2880 469 2944 510 ac
2973 455 3434 524 manifestabitur,
3462 457 3578 515 Deo

298 550 368 603 τὸ
397 548 624 612 κακίζεν
663 545 754 599 τὸν
797 545 1274 617 συγγραψάμενον,
1310 546 1396 599 ἵνα
1435 545 1659 599 σεαυτὸν
1684 543 1891 597 ἐκείνου

2005 543 2142 598 bene
2187 547 2454 615 propitio,
2491 546 2620 600 dum
2671 549 2795 616 quis
2823 548 2973 601 nulla
3005 550 3206 604 mentis
3238 551 3576 618 curiositate,

304 641 619 710 σοφώτερον
651 637 831 709 δῆθεν,
891 638 966 700 ὡς
1001 637 1213 706 οἰησίας
1242 639 1282 701 ‘,
1342 638 1687 708 παραστήσῃ,
1741 635 1893 689 οὐδὲν

2005 637 2095 690 sed
2125 653 2248 691 cum
2288 639 2384 693 Dei
2418 640 2612 693 timore
2661 655 2724 693 ac
2753 639 3048 695 dilectione
3087 642 3328 696 animum
3355 643 3578 697 lectioni

301 732 584 802 ὠφέλιμον
638 728 939 798 οὐδαμόθεν
987 725 1242 779 οὐδέποτε
1280 727 1714 794 ἀναφανήσεται.

2005 728 2277 784 adhibeat.
2335 729 2432 784 Sin
2500 741 2682 785 autem
2747 733 2966 801 aliquis,
3018 748 3129 786 non
3191 743 3252 788 ut
3305 735 3578 789 commodi

299 823 514 894 aliquid
571 821 837 890 spiritalis
887 833 1278 888 consequatur,
1337 833 1475 882 swe,
1515 819 1677 880 hanc,
1748 817 1864 872 sive
1924 817 2086 872 aliam
2154 824 2407 890 quamvis
2490 824 2932 878 lucubrationem
2978 825 3190 894 legerit,
3245 827 3338 880 sed
3395 837 3454 880 ut
3497 827 3581 880 di-

243 987 246 990 .
301 917 519 972 ctioncs
548 924 790 986 aucupet
849 914 1092 968 auctoris
1137 911 1461 982 suggillandi
1512 927 1696 977 causa,
1764 920 1826 965 ut
1855 925 1913 966 se
1973 911 2232 985 nimiyum
2289 915 2381 969 illo
2443 917 2834 985 sapientiorem
2901 916 3124 988 (quippe
3175 916 3318 971 fastu
3363 925 3581 970 tumens

300 1010 704 1083 arrogansque)
751 1011 1030 1076 exhibeat,
1067 1009 1201 1064 huic
1232 1008 1374 1063 nihil
1409 1023 1650 1078 unquam
1682 1006 1794 1061 ulla
1832 1021 1899 1060 ex
1937 1020 1997 1059 re
2027 1008 2229 1077 Oppido
2255 1010 2388 1065 utile
2417 1010 2749 1064 occurrerit.

700 1169 841 1222 ΤΟΥ
879 1171 1111 1225 ΔΓΙΟΥ
1140 1168 1502 1226 ΜΑΞΙΜΟΥ.

302 1259 516 1329 Πρώτη
545 1260 872 1327 ἐκατοντὰς
900 1261 1021 1315 τῶν
1059 1264 1192 1332 περὶ
1233 1263 1474 1334 ἀγάπης
1523 1263 1889 1332 κεφαλαίων.

376 1398 448 1446 α’.
503 1390 715 1462 ’Λγᾶπη
754 1391 853 1464 μέν
870 1393 1298 1458 ἐστιν,διάθεσις
1318 1394 1497 1466 ψυχῆς
1532 1395 1733 1466 ἀγαθὴ.
1765 1394 1890 1448 καθ’

299 1482 371 1553 ἢν
396 1481 548 1535 οὐδὲν
577 1481 688 1534 τῶν
715 1482 905 1549 ὄντων,
933 1483 1032 1552 τῆς
1057 1483 1152 1536 τοῦ
1173 1484 1308 1537 Θεοῦ
1330 1485 1582 1553 γνώσεως
1624 1489 1886 1558 προτιμᾷ.

313 1573 609 1627 Ἀδύνατον
630 1573 690 1626 δὲ
723 1575 802 1636 είς
831 1573 944 1640 ’ἐξιν
971 1575 1146 1628 ἐλθεῖν
1166 1576 1372 1644 ταύτης
1401 1576 1500 1644 τῆς
1531 1578 1772 1647 ἀγάπης,
1802 1578 1890 1632 τὸν

301 1664 447 1734 πρός
475 1681 528 1716 τι
559 1665 669 1716 τῶν
692 1664 956 1732 ἐπιγείων
979 1665 1173 1735 ἔχοντα
1197 1665 1586 1733 προσπάθειαν.

2514 1166 2768 1222 SANCTI
2802 1165 3085 1232 MAXIMI,

2265 1260 2344 1314 De
2375 1261 2634 1315 charitate
2662 1267 2882 1313 centena
2913 1260 3088 1329 prima
3121 1257 3318 1329 capita.

2068 1413 2117 1465 l.
2150 1411 2426 1476 Charitas,
2456 1413 2603 1467 bona
2630 1421 2713 1468 est
2741 1413 2946 1468 mentis
2977 1412 3218 1475 ati'ectio,
3247 1428 3355 1482 qua
3382 1411 3584 1468 divinae

1998 1503 2299 1572 cognitioni
2337 1504 2474 1557 nihil
2525 1505 2831 1574 anteponit.
2888 1503 3017 1574 Ejus
3066 1512 3247 1558 autem
3297 1503 3584 1558 oharitatis

1997 1593 2248 1648 habitum
2289 1610 2453 1649 nemo
2488 1612 2730 1665 unquam
2760 1596 2978 1665 assequi
3009 1595 3203 1666 possit,
3228 1594 3321 1664 qui
3351 1596 3585 1650 terrenis

1996 1685 2125 1739 ullis
2156 1686 2324 1740 rebus
2355 1687 2540 1740 animo
2570 1687 2862 1741 devinctus
2895 1687 2988 1740 sit.

377 1754 442 1825 β’.
498 1756 748 1839 Ἀγγάπην
785 1755 886 1826 μὲν
913 1757 1091 1810 τίκτει
1124 1759 1397 1811 ἀπάθεια·
1437 1759 1711 1813 ἀπάθειαν
1743 1759 1821 1824 δὲ,
1855 1761 1889 1830 ή

2065 1772 2118 1825 2.
2153 1772 2492 1828 Charitatem
2520 1775 2666 1844 parit
2701 1773 3160 1843 imperturbatio;
3208 1773 3582 1842 imperturba-

300 1847 385 1908 είς
415 1845 550 1899 Θεὸν
576 1846 732 1910 ἐλπίς
757 1863 770 1877 ⁸
811 1848 910 1919 τὴν
948 1849 1004 1901 δέ
1031 1849 1238 1915 ἐλπίδα,
1275 1850 1518 1923 ὑπομονὴ
1554 1851 1648 1904 καὶ
1683 1869 1893 1923 μακρο-

299 1937 476 2008 θυμία
533 1937 644 2010 (c)°
703 1939 908 2004 ταύτας
963 1942 1038 2005 δέ,
1088 1945 1120 2014 ἡ
1184 1944 1511 2015 περιεκτικὴ
1552 1944 1890 2016 ἐγκράτεια⁶

297 2031 635 2101 ἐγκράτειαν
667 2031 747 2097 δὲ,
795 2033 823 2085 6
857 2033 953 2086 τοῦ
997 2033 1134 2088 Θεοῦ
1181 2035 1348 2105 φόϐος
1369 2053 1382 2066 ·
1428 2036 1519 2089 τὸν
1545 2035 1601 2089 δὲ
1637 2036 1824 2107 φόϐον,
1856 2038 1891 2108 ὴ

298 2125 385 2189 εἰς
409 2125 500 2178 τὸν
529 2123 738 2196 Κύριον
769 2126 976 2191 πίστις.

373 2311 444 2374 γ’.
497 2306 558 2359 '0
589 2307 862 2362 πιστεύων
889 2307 968 2379 τῷ
1000 2310 1213 2380 Κυρίῳ,
1244 2310 1487 2378 φοϐεῖται
1514 2310 1612 2382 τὴν
1643 2311 1888 2366 κόλασινο

295 2399 331 2452 6
360 2398 417 2452 δὲ
445 2399 784 2472 φοϐούμενος
815 2402 913 2474 τὴν
952 2403 1196 2466 κόλασιν,
1225 2404 1622 2477 ἐγκρατεύεται
1645 2406 1755 2459 ἀπὸ
1780 2405 1891 2460 τῶν

295 2492 494 2546 παθῶν
516 2510 530 2526 ·
557 2494 586 2547 6
616 2493 674 2547 δὲ
697 2493 1166 2566 ἐγκρατευόμενος
1189 2497 1297 2550 ἀπὸ
1321 2498 1428 2549 τῶν
1454 2498 1666 2563 παθῶν,
1684 2498 1892 2569 ὑπομέ-

297 2601 384 2640 νει
405 2587 477 2640 τά
509 2586 770 2658 θλιϐερά·
803 2587 832 2639 6
860 2586 918 2640 δὲ
949 2589 1240 2660 ὑπομένων
1269 2589 1337 2643 τά
1371 2589 1617 2663 θλιϐερὰ,
1651 2591 1762 2656 ἕξει
1809 2593 1891 2654 είς

296 2679 437 2732 Θεὸν
485 2679 678 2733 ἐλπίδα
705 2695 718 2710 °
755 2681 788 2751 ὴ
829 2679 887 2733 δὲ
932 2681 1011 2743 είς
1045 2682 1179 2735 Θεὸν
1219 2682 1397 2746 ἐλπὶς,
1441 2685 1664 2755 χωρίζει
1707 2684 1890 2756 πάσης

296 2771 500 2842 γηῖνης
538 2773 918 2844 προσπαθείας
943 2773 1037 2826 τὸν
1057 2773 1183 2828 νοῦν
1202 2792 1216 2806 ο
1243 2775 1444 2846 ταύτης
1474 2777 1533 2830 δὲ
1564 2779 1592 2831 6
1623 2777 1749 2842 νοῦς
1780 2796 1889 2850 χω-

299 2862 536 2934 ρισθεὶς,
568 2861 682 2926 ἕξει
707 2863 806 2933 τὴν
829 2865 913 2926 είς
935 2863 1068 2916 Θεὸν
1106 2864 1350 2936 ἀγάπην.

373 3036 436 3090 6'.
487 3036 546 3089 Ὀ
568 3034 800 3104 ἀγαπῶν
821 3034 912 3090 τὸν
934 3034 1066 3088 Θεὸν
1093 3036 1188 3105 (‘2),
1215 3052 1431 3089 παντων
1458 3016 1564 3090 τῶν
1596 3039 1688 3091 ὑπ’
1719 3039 1886 3092 αὐτοῦ

1998 1864 2206 1920 tionem
2249 1864 2535 1934 sedatique
2579 1864 2750 1918 animi
2789 1863 3270 1933 tranquillitatem,
3304 1878 3429 1932 spes
3463 1877 3587 1933 quae

1996 1953 2053 2009 in
2089 1955 2263 2010 Deum
2290 1962 2373 2010 est
2401 1974 2412 2008 :
2443 1964 2704 2009 caeterum
2745 1969 2922 2024 spem,
2956 1953 3220 2023 patientia
3245 1961 3300 2007 et
3330 1952 3584 2022 longani-

1993 2049 2158 2103 mitas
2185 2066 2196 2102 :
2229 2049 2329 2102 has
2356 2063 2508 2112 vero,
2536 2048 2694 2117 cujus
2720 2047 2792 2101 sit
2817 2046 2984 2110 tueri,
3011 2045 3385 2110 continentia;
3417 2059 3586 2113 porro

1993 2141 2411 2204 continentiam,
2441 2139 2539 2195 Dei
2577 2140 2743 2194 timor
2773 2156 2785 2193 :
2819 2138 3096 2204 timorem,
3145 2154 3269 2209 quae
3296 2137 3353 2192 in
3401 2136 3590 2192 Domi-

1991 2248 2127 2287 num
2169 2240 2275 2298 est,
2313 2231 2471 2287 ﬁdes.

2061 2324 2114 2379 5.
2149 2324 2254 2391 Qui
2297 2325 2533 2379 Domino
2579 2323 2778 2388 credit,
2816 2339 3035 2394 ptenam
3075 2321 3447 2394 pertimescit;
3492 2321 3586 2390 qui

1993 2424 2178 2470 autem
2213 2416 2561 2486 pertimescit
2611 2430 2854 2484 pinnam,
2905 2430 2962 2470 se
3012 2431 3042 2469 a
3074 2414 3226 2468 vitiis
3273 2411 3519 2467 continet
3572 2428 3587 2465 :

1992 2510 2088 2578 qui
2128 2524 2262 2563 vero
2297 2524 2356 2563 se
2383 2524 2413 2563 a
2445 2508 2597 2564 vitiis
2625 2508 2894 2572 continet,
2924 2509 3201 2578 patienter
3226 2521 3500 2561 aerumnas
3527 2519 3594 2558 ac

1991 2598 2135 2652 mala
2190 2598 2412 2664 suffert;
2476 2599 2522 2653 is
2562 2614 2731 2668 porro
2788 2596 2883 2666 qui
2938 2597 3054 2651 haec
3106 2597 3382 2666 patienter
3429 2593 3594 2664 396

1991 2691 2204 2758 suffert,
2240 2707 2391 2761 spem
2427 2691 2481 2743 in
2510 2691 2680 2744 Deum
2713 2689 3006 2742 habiturus
3035 2697 3119 2742 est
3173 2705 3185 2739 :
3235 2702 3362 2756 spes
3404 2693 3590 2740 autem

1991 2782 2048 2836 in
2076 2783 2272 2846 Deum,
2300 2796 2330 2834 a
2367 2789 2586 2834 terrena
2625 2779 2776 2833 omni
2824 2779 3052 2832 libidine
3090 2785 3309 2847 separat
3343 2794 3356 2830 :
3391 2777 3460 2830 ab
3501 2776 3592 2830 his

1992 2873 2235 2943 denique
2267 2878 2561 2943 separatus
2589 2871 2827 2935 animus,
2858 2870 3181 2924 Charitatem
3211 2867 3592 2922 nausciscetur

1991 2980 2112 3035 quae
2142 2964 2209 3017 ad
2237 2963 2411 3015 Deum
2439 2969 2541 3015 est.
2657 3026 2662 3030 Ι

2062 3056 2116 3108 4.
2147 3054 2249 3120 Qui
2275 3054 2449 3106 Deum
2475 3050 2674 3120 diligit,
2701 3048 2919 3104 cunctis
2950 3049 3020 3102 ab
3055 3064 3120 3102 eo
3152 3048 3412 3114 conditis,
3442 3048 3595 3103 illius

296 3127 608 3194 γεγονότων
653 3127 903 3198 προτιμᾷ
939 3125 1037 3196 τὴν
1067 3127 1270 3195 γνῶσιν
1296 3127 1486 3192 αὑτοῦ,
1525 3131 1618 3182 καὶ
1647 3130 1889 3184 ἀδιαλεί-

2005 3145 2370 3215 cognitionem
2402 3158 2464 3196 ac
2510 3141 2796 3196 scientiam
2845 3139 3166 3210 anteponit;
3213 3140 3375 3210 eique
3422 3139 3596 3195 animi

299 3236 454 3281 πτως
481 3217 572 3273 διὰ
593 3217 689 3272 τοῦ
725 3218 916 3282 πόθου,
949 3218 1122 3290 ταύτῃ
1150 3224 1574 3290 προσκαρτερεῖ.

375 3309 437 3366 ε’.
477 3312 544 3364 Εἰ
586 3312 765 3366 πάντα
812 3311 884 3364 τὰ
926 3311 1055 3364 ὅντα
1101 3310 1188 3363 διὰ
1233 3311 1328 3364 τοῦ
1359 3312 1494 3365 Θεοῦ
1528 3314 1624 3366 καὶ
1668 3313 1755 3367 διὰ
1798 3315 1892 3369 τὸν

296 3403 436 3458 Θεὸν
465 3403 680 3474 γέγονε’
696 3405 962 3475 κρείττων
985 3402 1078 3456 δέό
1101 3402 1234 3467 Θεὸς
1261 3403 1371 3456 τῶν
1399 3405 1469 3457 δι’
1490 3405 1654 3458 αὑτοῦ
1670 3407 1892 3474 γεγονό-

296 3511 430 3550 των·
446 3499 474 3551 ό
488 3495 922 3566 καταλιμπάνων
939 3493 1032 3548 τὸν
1045 3494 1146 3546 Θεὸ
1157 3512 1176 3547 ν
1192 3494 1282 3548 τὸν
1298 3495 1508 3566 ἀσυγκρ
1519 3497 1642 3559 ίτως
1656 3497 1894 3568 κρείττο-

298 3605 396 3648 να,
434 3589 530 3641 καὶ
552 3589 667 3652 τοῖς
693 3587 937 3658 χείροσιν
961 3585 1442 3656 ἐνασχολούμενος,
1471 3586 1743 3642 δείκνυσιν
1766 3588 1894 3640 ἐαυ-

302 3680 402 3731 τὸν
437 3679 784 3750 προτιμῶντα
816 3677 909 3730 τοῦ
941 3676 1099 3744 Θεοῦ,
1133 3677 1204 3732 τὰ
1234 3678 1302 3731 δι’
1332 3677 1498 3731 αὑτοῦ
1534 3679 1820 3748 γεγονότα.
1851 3735 1854 3738 ,

379 3867 456 3926 ς’.
508 3861 567 3914 '0
593 3863 672 3932 ,τῇ
723 3863 804 3924 είς
844 3859 978 3913 Θεὸν
1030 3859 1218 3930 ἀγάπῃ
1265 3859 1356 3912 τὸν
1392 3859 1516 3913 νοῦν
1555 3859 1694 3932 ἔχων
1724 3877 1896 3932 προσ-

306 3952 616 4022 ηλωμένον,
666 3950 888 4004 πάντων
933 3947 1040 4001 τῶν
1087 3949 1404 4018 ὁρωμένων,
1444 3948 1541 4002 καὶ
1591 3949 1758 4003 αὑτοῦ
1798 3947 1892 4003 τοῦ

301 4041 585 4113 σώματος,
619 4041 694 4105 ὡς
713 4041 999 4112 ἀλλοτρίου
1031 4042 1395 4110 καταφρονεῖ.,

379 4135 446 4200 ζ’.
490 4136 554 4188 El
598 4133 865 4208 κρείττων
908 4133 1004 4186 τοῦ
1064 4133 1317 4203 σώματος
1365 4135 1398 4204 ὴ
1451 4133 1597 4203 ψυχὴ
1624 4134 1740 4205 (5)·
1798 4135 1894 4188 καὶ

300 4227 578 4298 κρείττων
625 4224 720 4278 τοῦ
762 4225 972 4295 κόσμου
1015 4225 1368 4296 ἀσυγκρίτως
1423 4226 1464 4277 6"
1497 4227 1692 4290 κτίσας
1733 4227 1894 4282 αὑτὸν

301 4321 442 4382 Θεός
461 4335 474 4348 ·
508 4320 537 4372 6
564 4318 850 4390 προτιμῶν
872 4317 974 4386 τῆς
999 4314 1182 4388 ψυχῆς
1212 4317 1274 4370 τὸ
1299 4315 1481 4387 σῶμα,
1502 4317 1596 4370 καὶ
1620 4317 1717 4371 τοῦ
1757 4317 1893 4371 Θεοῦ

301 4411 402 4463 τὸν
433 4409 540 4463 ὑπὸ
563 4408 728 4463 αὑτοῦ
757 4406 1047 4463 κτισθέντα
1076 4406 1302 4477 κόσμον,
1327 4407 1483 4461 οὐδὲν
1534 4407 1646 4462 τῶν
1686 4408 1896 4463 εἰδωλο-

303 4500 658 4570 λατρούντων
677 4500 1008 4568 διενήνοχεν.

385 4590 456 4659 η’.
508 4588 566 4642 '0
614 4587 704 4641 τὸν
742 4587 869 4641 νοῦν
911 4587 1010 4657 τῆς
1053 4587 1132 4650 είς
1177 4585 1309 4640 Θεὸν
1341 4586 1564 4658 ἀγάπης
1594 4588 1688 4642 καὶ
1720 4606 1892 4660 προσ-

307 4681 526 4751 εδρείας
568 4681 944 4751 ἁποχωρίσας,
981 4679 1074 4732 καί
1117 4679 1370 4732 τινιιτῶν
1414 4679 1692 4751 αἰσθητῶν
1721 4698 1894 4753 προσ-

306 4773 596 4842 δεδεμένον
629 4771 790 4842 ἔχων,
821 4765 1121 4833 οὖτόςέστι
1143 4773 1169 4823 6
1193 4769 1478 4839 προτιμῶν
1507 4771 1605 4840 τῆς
1633 4769 1814 4840 ψυχῆς
1837 4773 1898 4826 τὸ

313 4865 500 4935 σῶμα,
543 4865 637 4917 καὶ
679 4862 774 4916 τοῦ
808 4863 1097 4925 κτίσαντος
1140 4861 1298 4924 Θεοῦ,
1332 4861 1401 4916 τὰ
1425 4862 1516 4914 ὑπ’
1545 4863 1710 4916 αὑτοῦ
1745 4881 1902 4935 γεγο-

311 4957 467 5011 νότα.

388 5051 404 5067 ⁸
423 5048 571 5102 Idem
604 5043 825 5098 videtur
855 5058 923 5098 ac
948 5042 1259 5114 οίηματίας.

390 5138 460 5210 (ο)
522 5133 828 5204 ’Υπομονὴ
882 5133 1002 5210 καί.
1027 5133 1422 5210 μακροθυμία.
1470 5133 1659 5210 Jungit
1705 5143 1908 5208 passim

317 5203 618 5265 Ma‘ximus.
669 5203 890 5279 utpsunt
921 5203 1112 5279 afﬁnes
1150 5205 1420 5279 virtutes,
1468 5203 1723 5279 idemque
1770 5227 1908 5279 pene

316 5279 496 5334 auibze
522 5291 684 5330 voces
713 5273 1232 5345 signiﬁcantuQuod
1278 5275 1479 5342 passim
1525 5273 1909 5338 reddunt-Ob-

319 5365 441 5416 sop.
470 5357 526 5401 et
551 5345 716 5400 Gesn.
745 5343 855 5410 hic,
884 5352 940 5398 et
967 5359 1022 5396 n.
1052 5343 1122 5416 Mt
1149 5360 1162 5395 :
1188 5345 1248 5394 τὸ
1274 5345 1540 5416 ὑπομονὴ.
1565 5363 1909 5415 perseveran-

320 5412 421 5479 ιὶίὶ,
446 5433 564 5488 non
599 5417 731 5470 satis
755 5430 820 5488 ex
847 5412 1124 5488 communi
1155 5428 1256 5488 usu
1279 5415 1510 5488 esl,__ct_si
1540 5412 1730 5488 Matth.
1763 5436 1907 5488 xxnv,

319 5487 459 5542 illud
491 5505 505 5538 :
531 5489 557 5538 ὁ
589 5486 887 5552 ὑπομείνας
923 5484 998 5555 εἰς
1025 5482 1196 5555 τέλος,
1234 5483 1347 5550 ipse
1379 5482 1532 5555 Vulg.
1568 5487 1782 5554 reddat,
1811 5482 1912 5555 Qui

320 5549 733 5630 perseveraverit
773 5571 940 5630 usque
981 5554 1034 5630 in
1075 5549 1274 5619 ﬁnem}
1315 5549 1907 5630 reddi'aequepo'ssit,

323 5623 417 5698 'qui
443 5627 771 5685 sustinuerit,
799 5623 1111 5698 patientiam
1137 5623 1380 5684 tenuerit,
1407 5635 1512 5678 etc.
1544 5623 1912 5698 Quod—sequi;

327 5692 438 5761 tur,
472 5699 502 5763 ἡ
541 5692 864 5764 περλεκτικὴ
915 5692 1241 5764 ἐγκράτεια,
1281 5707 1470 5764 quam
1496 5710 1686 5749 vocem
1740 5692 1909 5764 alter,

326 5760 588 5834 acquisita
613 5760 934 5854 coptinenlia
957 5760 1165 5830 reddit,
1195 5760 1354 5830 alter,
1381 5763 1726 5824 universalis:
1752 5760 1911 5841 longe

2000 3233 2278 3290 desiderio
2309 3249 2372 3286 ac
2399 3247 2586 3285 amore
2615 3232 2957 3284 incessanter
2989 3231 3280 3285 incumbit.

2072 3330 2123 3383 5.
2153 3328 2290 3383 Cum
2319 3325 2502 3380 omnia
2534 3340 2657 3394 quae
2690 3333 2840 3388 sunt,
2870 3324 2982 3377 Deo
3015 3332 3241 3377 auctore
3270 3339 3333 3378 ac
3364 3331 3598 3394 propter

1999 3423 2175 3477 Deum
2216 3419 2438 3474 condita
2477 3418 2618 3482 sint;
2671 3417 2851 3484 sitque
2883 3415 3050 3478 Deus,
3079 3415 3148 3469 iis
3197 3431 3319 3484 quae
3353 3415 3471 3484 ipso
3497 3432 3598 3471 au-

2000 3523 2152 3568 ctore
2189 3510 2410 3567 condita
2443 3516 2593 3572 sunt,
2650 3508 2811 3576 longe
2848 3506 3232 3575 praestantior;
3277 3506 3372 3576 qui
3418 3507 3598 3562 Deum

2001 3604 2138 3660 citra
2179 3616 2399 3654 omnem
2431 3596 2900 3667 comparationem
2937 3596 3222 3650 meliorem
3252 3596 3594 3666 relinquens,

2000 3695 2376 3751 deterioribus
2427 3697 2735 3762 addicitur;
2797 3697 3030 3752 minoris
3078 3712 3139 3751 se
3197 3697 3370 3752 Deum
3411 3695 3596 3753 facere
3673 3770 3680 3776 .

2000 3788 2265 3852 ostendit,
2301 3804 2465 3858 quam
2499 3805 2620 3858 qua:
2654 3788 2749 3842 illo
2782 3798 3010 3844 auctore
3043 3788 3264 3843 condita
3298 3796 3449 3843 sunt.

2071 3880 2124 3934 6.
2161 3879 2264 3946 Qui
2292 3879 2548 3933 charitati
2587 3879 2643 3932 in
2675 3879 2848 3933 Deum
2875 3895 2973 3932 cor
3008 3877 3228 3932 alIixum
3259 3878 3446 3942 habet,
3469 3894 3594 3948 qua:

2002 3973 2059 4027 in
2104 3984 2385 4041 aspectum
2439 3970 2644 4025 cadunt
2683 3970 2893 4036 omnia,
2957 3970 3248 4042 ipsumque
3291 3970 3430 4025 adeo
3468 3985 3592 4025 eor-

1999 4074 2125 4130 pus,
2160 4058 2468 4121 contemnit
2499 4065 2757 4126 tanquam
2794 4058 3058 4111 alienum.

2072 4151 2124 4204 7.
2161 4149 2299 4205 Cum
2351 4149 2533 4204 anima
2564 4165 2795 4220 corpore
2835 4149 3033 4204 melior
3061 4147 3168 4216 sit;
3213 4149 3468 4220 Deusque
3513 4149 3592 4204 ci-

2001 4252 2088 4298 tra
2122 4259 2342 4298 omnem
2384 4243 2854 4313 comparationem
2888 4242 3233 4311 prmstanlior
3263 4242 3332 4296 sit
3360 4240 3587 4307 mundo,

2001 4350 2166 4405 quem
2198 4334 2488 4390 condidit:
2522 4339 2614 4403 qui
2656 4349 2858 4404 corpus
2902 4333 3116 4396 animae,
3159 4333 3381 4403 Dcoque
3427 4347 3592 4387 mun-

2003 4425 2135 4480 dum
2169 4427 2239 4481 ab
2281 4426 2400 4495 ipso
2446 4425 2750 4488 conditum,
2797 4425 3105 4494 anteponit,
3155 4423 3222 4487 is,
3267 4423 3335 4477 ab
3376 4422 3445 4479 iis
3495 4423 3592 4494 qui

1999 4517 2162 4572 idolis
2196 4517 2405 4572 cultum
2443 4513 2731 4581 adhibent,
2761 4515 2949 4569 diﬂ'ert
2975 4515 3136 4568 nihil.

2076 4611 2128 4665 8.
2160 4609 2264 4675 Qui
2293 4619 2533 4663 mentem
2569 4625 2597 4662 a
2641 4609 2914 4662 charitate
2959 4609 3013 4660 in
3045 4608 3238 4672 Deum,
3267 4607 3494 4677 jugique
3535 4608 3591 4662 in

2003 4715 2130 4758 eum
2166 4701 2349 4756 studio
2380 4701 2734 4764 abstraxcrit,
2784 4717 2848 4755 ac
2882 4709 3229 4754 lerrenorum
3281 4700 3444 4754 alicui
3490 4699 3591 4755 de-

2005 4796 2245 4850 vinctam
2283 4794 2562 4856 habuerit,
2592 4793 2679 4846 hic
2705 4808 2908 4862 corpus
2939 4791 3157 4854 animae,
3185 4807 3250 4846 ac
3272 4806 3392 4860 quae
3416 4806 3448 4847 a
3479 4792 3592 4848 Deo

2009 4886 2231 4941 condita
2267 4891 2418 4942 sunt.
2450 4882 2722 4938 conditori
2753 4883 2866 4936 Deo
2897 4882 3202 4951 anteponit.

2009 5149 2117 5204 alio
2147 5155 2379 5217 spectat.
2427 5143 2711 5215 Signiﬁcat
2759 5146 2848 5199 illa
2883 5147 3105 5214 quidem
3141 5147 3274 5200 alias
3303 5146 3596 5215 quamdam

2008 5218 2443 5287 complexionem
2501 5232 2564 5289 ac
2620 5218 3122 5289 universalilatem;
3179 5217 3269 5270 hic
3319 5232 3450 5270 vero
3499 5221 3594 5289 τῆς

2008 5286 2332 5358 ἐγκρατείας
2367 5287 2643 5355 propriam
2695 5287 2960 5358 rationem
2985 5286 3255 5356 designat,
3291 5304 3398 5356 qua
3447 5286 3596 5345 velut

2009 5357 2350 5427 conStriugat
2373 5365 2678 5427 teneatque
2713 5372 2775 5409 ac
2805 5357 3086 5410 contineat
3131 5358 3394 5420 animum,
3430 5373 3498 5412 ne
3540 5373 3598 5412 se

2009 5426 2328 5497 passionum
2361 5426 2540 5495 pugna
2585 5427 2784 5480 abduci
2829 5427 2972 5480 sinat
3001 5442 3064 5480 ac
3097 5427 3238 5480 trahi
3275 5429 3328 5480 in
3364 5445 3408 5480 (ξι
3430 5442 3598 5497 tuscu-

2016 5496 2136 5552 Smn
2168 5515 2180 5548 :
2212 5497 2316 5550 hoc
2358 5497 2505 5549 enim
2541 5497 2832 5550 continens
2866 5497 3055 5550 dill‘ert
3084 5513 3112 5550 a
3151 5505 3508 5566 temperante,
3543 5496 3598 5550 in

2017 5583 2128 5637 quo
2151 5568 2260 5636 jam
2305 5567 2482 5619 sedati
2527 5568 2638 5637 sint
2663 5567 2929 5637 allectus,
2964 5575 3025 5620 ut
3057 5567 3175 5621 sine
3209 5582 3387 5636 pugna
3422 5567 3603 5637 couti-

2017 5635 2164 5699 neat,
2193 5645 2249 5689 et
2277 5637 2433 5704 quasi
2473 5651 2541 5688 ex
2585 5636 2774 5689 habitu
2813 5637 3090 5705 perfecto;
3128 5635 3448 5705 πρακτικὴ
3497 5635 3602 5690 ita-

2018 5717 2147 5777 que,
2173 5721 2295 5775 qua:
2325 5704 2395 5758 sit
2419 5705 2574 5776 quasi
2603 5704 2854 5777 περιοχῆ,
2888 5707 3190 5764 praesidium
3205 5704 3262 5759 et
3289 5706 3532 5760 munitio.
