4070 6412
521 315 637 378 96⁸1

1711 315 1769 373 S.
1812 313 2101 374 ΜΛΧῘΜΙ
2140 312 2652 399 CONFESSORIS

3699 326 3809 393 964

593 428 648 483 9.
685 425 823 482 Cum
868 423 1038 481 animi
1064 425 1198 491 vita,
1223 425 1469 482 scientia:
1515 425 1813 481 illustratio
1837 426 1930 487 sit,
1963 440 2107 481 eam-

2293 425 2359 481 0’.
2401 429 2465 483 El
2510 431 2542 500 ἡ
2579 429 2696 499 ζωὴ
2731 428 2825 485 τοῦ
2864 430 2957 484 νοῦ
2986 432 3015 485 6
3047 432 3327 504 φωτισμός
3364 435 3481 490 ἐστι
3523 435 3624 509 τῆς
3664 442 3808 509 γνὼ-

526 535 633 589 que
660 519 847 590 pariat
874 534 998 588 qua:
1033 516 1090 573 in
1123 520 1299 574 Deum
1332 526 1421 573 est
1444 517 1718 583 Charitas;
1766 516 2029 587 praeclare
2060 514 2118 571 id

523 613 757 676 dictum,
789 610 981 666 divina
1014 612 1283 668 charitate
1316 610 1455 665 nihil
1483 624 1605 665 esse
1635 610 1830 679 majus.

601 705 688 759 10.
716 704 855 760 Cum
883 720 1073 759 amore
1106 703 1393 759 charitatis
1422 702 1639 757 animus
1687 701 1754 755 ad
1800 701 1972 754 Deum
2020 715 2117 755 ex-

523 798 773 861 cesserit,
819 804 951 851 tunc
984 810 1162 864 neque
1211 810 1292 858 se,
1322 808 1503 862 neque
1549 792 1715 847 ullam
1762 806 1991 860 prorsus
2031 806 2116 846 re-

529 905 652 943 rum
687 888 978 958 persentit.
1012 887 1207 942 Divina
1237 885 1385 939 enim
1416 900 1481 939 ac
1512 883 1727 938 inﬁnita
1756 884 2117 938 eollustratus

528 983 674 1045 lucc,
706 996 895 1035 earum
924 995 1107 1035 rerum
1139 994 1260 1049 qua:
1294 979 1406 1032 Deo
1445 986 1673 1032 auctore
1700 977 1920 1031 condita
1961 985 2111 1041 sunt,

524 1074 680 1129 nullo
711 1089 876 1127 sensu
907 1072 1186 1142 tangitur;
1235 1070 1382 1125 haud
1404 1085 1565 1124 secus
1593 1085 1657 1124 ac
1682 1085 1741 1124 sc
1763 1070 1958 1124 oculus
1982 1084 2113 1122 sen-

525 1167 684 1221 sibus
711 1166 964 1236 obiectus
986 1160 1053 1219 ad
1084 1164 1271 1219 stellas
1300 1162 1490 1226 habet,
1521 1170 1714 1218 exortu
1744 1162 1895 1217 solis.

598 1358 683 1412 1|.
720 1355 857 1412 Cum
898 1370 1092 1410 omnes
1120 1354 1358 1409 virtutes
1386 1369 1546 1423 opem
1598 1353 1782 1407 animo
1822 1352 2002 1406 ferant
2053 1358 2114 1406 ut

525 1448 591 1503 ad
634 1448 883 1503 divinum
916 1461 1158 1501 amorem
1189 1445 1470 1509 enitatur;
1517 1445 1761 1497 omnium
1794 1443 2027 1496 maxime
2056 1441 2108 1496 id

525 1547 748 1609 praestat
772 1553 909 1609 pura
960 1537 1159 1590 oratio.
1215 1535 1321 1589 Per
1348 1550 1467 1588 eam
1513 1534 1658 1587 enim
1697 1533 1844 1587 velut
1898 1533 2109 1585 alarum

494 1630 756 1701 'remigio
812 1628 867 1683 in
928 1629 1101 1683 Deum
1148 1625 1468 1689 subvectus,
1523 1622 1740 1677 cunctis
1798 1621 1967 1675 rebus
2009 1636 2107 1675 ex-

527 1722 697 1778 cedit.

598 1813 686 1866 12.
728 1810 832 1867 Ubi
872 1825 971 1879 per
1000 1807 1325 1863 charitalem
1375 1805 1575 1860 divinze
1601 1804 1843 1859 scientiae
1891 1801 2116 1873 fulgori-

523 1904 631 1960 bus
656 1912 845 1972 raptus
879 1900 1096 1956 animus
1126 1900 1314 1964 fuerit,
1347 1898 1623 1967 rebusque
1656 1895 1929 1950 excedens
1968 1894 2116 1949 divi-

522 2009 649 2047 nam
692 1991 1018 2045 inlinitatcm
1058 1988 1417 2059 persenserit,
1464 1990 1599 2041 tunc
1642 1986 1698 2039 in
1749 1984 1919 2040 divini
1967 1983 2117 2038 Isaia:

523 2096 735 2138 morem
768 2097 879 2154 pra;
909 2092 1137 2151 stupore
1166 2080 1221 2134 in
1257 2096 1369 2135 sure
1404 2076 1733 2133 humilitatis
1766 2091 1989 2131 sensum
2021 2090 2118 2151 ve-

521 2175 704 2238 niens,
759 2174 1043 2245 prOpheta:
1075 2173 1245 2226 verba
1296 2170 1495 2225 affectu
1546 2169 1839 2238 loquitur:
1887 2165 2117 2222 Omiser

522 2284 637 2338 ego,
684 2267 821 2337 quod
855 2277 1194 2337 compunctus
1228 2263 1387 2317 διωιέ
1438 2262 1599 2332 397
1630 2260 1769 2331 quod
1804 2261 1956 2314 homo
1995 2272 2115 2313 cum

522 2360 644 2420 sim,
674 2366 720 2410 et
751 2355 1024 2409 immunda
1066 2353 1208 2407 labia
1238 2352 1480 2413 habeam,
1510 2352 1565 2405 in
1609 2349 1776 2404 medio
1806 2348 1986 2419 populi
2009 2349 2112 2401 im-

524 2447 722 2501 munda
757 2446 900 2499 labia
933 2446 1193 2507 habentis,
1241 2460 1335 2514 ego
1381 2445 1590 2509 habito;
1624 2450 1674 2496 et
1726 2457 1902 2513 regem
1934 2438 2115 2493 Domi-

524 2555 653 2592 num
679 2536 909 2592 Sabaoth
939 2536 1044 2590 vidi
1075 2535 1238 2590 oculis
1279 2537 1405 2589 meis
1433 2536 1472 2589 ¹.
1883 2537 1889 2542 ’

594 2722 680 2775 15.
716 2720 861 2776 Fieri
912 2734 1022 2773 non
1072 2728 1274 2791 potest,
1311 2727 1373 2774 ut
1422 2718 1518 2790 qui
1555 2719 1727 2774 Deum
1769 2716 1968 2789 diligit,
1998 2731 2111 2771 non

520 2814 689 2873 etiam
719 2813 1030 2884 proximum
1062 2812 1208 2866 sicut
1235 2811 1479 2882 seipsum
1511 2809 1735 2882 diligat;
1785 2808 2007 2863 tametsi
2048 2807 2114 2861 il-

521 2911 700 2963 lorum
732 2907 962 2961 affectus
995 2914 1052 2960 et
1079 2906 1237 2972 vitia,
1275 2906 1371 2976 qui
1414 2904 1660 2959 nondum
1695 2902 1913 2974 purgati
1958 2907 2108 2967 sunt,

519 3015 664 3071 agre
695 2998 841 3053 ferat
871 3016 884 3052 :
924 2999 1135 3054 idcirco
1170 2998 1336 3052 etiam
1370 2997 1503 3051 dum
1533 3012 1629 3051 eos
1662 2995 1913 3050 converti
1955 2999 2013 3049 et
2040 2988 2108 3046 ad

2220 535 2392 583 σεωςο
2426 520 2617 574 τοῦτον
2653 521 2711 574 δὲ
2748 523 2782 593 ἡ
2832 524 2912 585 είς
2949 522 3082 577 Θεὸν
3118 524 3306 595 ἀγάπη
3356 526 3533 579 τίκτει
3555 545 3567 558 ·
3598 529 3803 600 καλῶς,

2218 610 2387 665 Οὐδὲν
2410 611 2508 680 τῆς
2536 611 2686 676 θείας
2711 612 2954 681 ἀγάπης,
2992 616 3232 685 εἴρηται,
3266 616 3476 686 μεῖζον.

2291 707 2343 756 ι’.
2387 702 2559 755 Ὅταν
2604 702 2683 771 τῷ
2716 704 2880 773 ἔρωτι
2912 704 3011 773 τῆς
3040 705 3264 775 ἀγάπης
3293 707 3432 777 πρὸς
3464 708 3598 763 Θεὸν
3622 712 3652 762 6
3676 710 3802 777 νοῦς

2219 797 2459 868 ὲκδημῇ,
2480 797 2603 850 τότε
2618 797 2757 873 ,οὔτε
2790 797 2985 850 ἑαυτοῦ
3019 796 3142 853 οὔτε.
3165 799 3305 863 τινὸς
3337 800 3446 854 τῶν
3474 802 3645 858 ὄντων
3661 822 3800 860 παν-

2215 890 2425 943 τάπασι
2446 890 2860 944 ἐπαισθάνεται.
2910 888 3048 943 Ὑπὸ
3069 893 3179 960 γὰρ
3214 890 3311 944 τοῦ
3345 892 3494 946 θείου
3521 895 3615 947 καὶ
3643 896 3803 950 ἀπεί-

2216 997 2312 1051 ρου
2350 980 2525 1047 φωτὸς
2555 980 3070 1050 καταλαμπόμενος,
3104 982 3425 1054 ἀναισθητεῖ
3450 985 3592 1056 πρὸς
3620 986 3801 1041 πάντα
3830 978 3835 985 λ

2213 1072 2284 1125 τὰ
2324 1073 2415 1123 ὑπ’
2455 1071 2622 1124 αὐτοῦ
2673 1073 2969 1140 γεγονότα’
3020 1073 3275 1144 καθάπερ
3333 1073 3430 1127 καὶ
3471 1078 3499 1128 6
3543 1075 3800 1146 αἰσθητὸς

2213 1161 2490 1232 ὀφθαλμὸς
2526 1163 2662 1234 πρὸς
2689 1165 2817 1227 τοὺς
2860 1165 3117 1235 ἀστέρας,
3142 1164 3237 1218 τοῦ
3276 1165 3431 1235 ἡλίου
3477 1167 3798 1221 ἀνατέλλον-

2213 1274 2325 1321 τος.

2288 1358 2378 1407 ια’.
2423 1353 2603 1405 Πᾶσαι
2644 1351 2745 1422 μὲν
2780 1351 2837 1404 al
2866 1351 3062 1421 ἀρεταὶ
3101 1350 3427 1421 συνεργοῦσι
3451 1350 3529 1421 τῷ
3557 1350 3634 1422 νῷ
3660 1350 3801 1422 πρὸς

2211 1445 2303 1498 τὸν
2334 1445 2475 1498 θεῖον
2504 1443 2702 1515 ἔρωτα,
2729 1443 2893 1496 πλέον
2918 1444 2975 1497 δὲ
3001 1444 3219 1499 πάντων
3245 1446 3279 1515 ἡ
3299 1444 3519 1515 καθαρά
3553 1460 3798 1516 προσευ-

2211 1538 2306 1608 χή.
2336 1536 2433 1589 Διά
2455 1536 2659 1605 ταύτης
2683 1537 2791 1606 γὰρ
2819 1535 2956 1606 πρὸς
2983 1535 3075 1589 τὸν
3107 1536 3240 1591 Θεὸν
3269 1536 3671 1609 πτεροὺμενος,
3688 1535 3799 1603 ἔξω

2212 1629 2421 1698 γίνεται
2452 1628 2671 1682 πάντων
2696 1628 2807 1681 τῶν
2842 1628 3031 1683 ὄντων.

2290 1809 2379 1883 ιβ’.
2410 1811 2575 1863 Ὀταν
2603 1808 2691 1861 διὰ
2712 1807 2814 1876 τῆς
2842 1805 3065 1876 ἀγάπης
3087 1805 3193 1859 ὑπὸ
3225 1805 3335 1876 τῆς
3363 1805 3513 1870 θείας
3543 1804 3801 1874 γνώσεως

2213 1907 2242 1959 6
2267 1904 2390 1965 νοῦς
2428 1903 2676 1971 ἁρπαγῇ,
2716 1899 2812 1953 καὶ
2853 1897 2959 1963 ἔξω
2996 1897 3289 1968 γενόμενος
3335 1897 3446 1950 τῶν
3496 1897 3668 1951 ὄντων
3698 1897 3799 1966 τῆς

2216 1996 2369 2058 θείας
2413 1992 2808 2061 ἐπαισθάνηται
2851 1990 3130 2062 ἀπειρίας,
3165 1988 3285 2041 τότε
3336 1988 3479 2042 κατά
3527 1988 3620 2041 τὸν
3656 1987 3800 2041 θεῖον

2225 2087 2458 2140 Ἡσαΐαν
2497 2084 2604 2137 ὑπὸ
2646 2081 2965 2160 ἐκπλήξεως
2992 2082 3072 2144 είς
3107 2078 3460 2148 συναίσθησιν
3490 2078 3662 2131 ἐλθὼν
3698 2079 3799 2149 τῆς

2214 2178 2408 2231 ἑαυτοῦ
2436 2174 2823 2237 ταπεινώσεως
2849 2216 2864 2239 ,
2901 2172 3042 2244 μετά
3076 2172 3366 2234 διαθέσεως
3397 2170 3546 2238 λέγει
3585 2169 3656 2224 τά
3702 2160 3799 2222 τοῦ

2213 2269 2498 2341 apo-{xiwa
2532 2268 2756 2339 ῥήματα
2775 2282 2789 2296 ο
2824 2266 2892 2319 Ὢ
2939 2262 3126 2328 τάλας
3147 2261 3283 2332 ἐγὼ.
3312 2260 3403 2315 ὅτι
3435 2259 3797 2329 nataret-vr

2206 2380 2316 2436 μαι
2332 2379 2345 2392 ·
2372 2362 2459 2415 ὅτι
2484 2358 2797 2428 ἅνθρωπος
2823 2356 2929 2420 ὢν,
2958 2354 3057 2408 καὶ
3079 2354 3386 2423 ἀκάθαρτα
3404 2348 3577 2421 χείλη
3615 2351 3795 2420 ἔχων,

2211 2455 2282 2510 ἐν
2308 2454 2479 2524 μέσῳ
2514 2449 2668 2506 λαοῦ
2702 2449 3009 2515 ἀκάθαρτα
3043 2444 3215 2515 χείλη
3244 2440 3495 2514 ἔχοντος
3522 2442 3638 2513 ἐγὼ
3666 2458 3777 2496 κατ

2213 2546 2377 2610 οικῶ,
2399 2545 2501 2600 καὶ
2535 2543 2642 2597 τόν
2685 2539 2950 2607 βασιλέα
2971 2539 3190 2609 Κύριον
3217 2535 3459 2592 σαϐιιὼθ
3486 2531 3653 2590 εἶδον⁸
3672 2533 3793 2600 τοῖς

2213 2636 2547 2711 ὀφθαλμοῖς
2566 2654 2707 2705 μου.

2286 2737 2377 2798 ιγ’.
2431 2729 2488 2781 '0
2533 2723 2763 2795 ἀγαπῶν
2795 2722 2887 2776 τὸν
2924 2720 3057 2775 Θεὸν
3078 2718 3176 2788 (Δ),
3215 2717 3277 2772 οὗ
3315 2714 3540 2772 δύναται
3578 2716 3653 2789 μὴ
3701 2712 3794 2771 καὶ⁵

2212 2824 2391 2878 πάντα
2425 2816 2713 2890 ἄνθρωπον
2762 2816 2839 2879 ὡς
2885 2813 3076 2869 ἑαυτὸν
3104 2812 3409 2883 ἀγαπῆσαι,
3442 2812 3490 2864 εί
3529 2810 3627 2865 καὶ
3655 2808 3790 2881 πρὸς

2209 2919 2280 2972 τὰ
2305 2914 2453 2983 πάθη
2482 2909 2826 2983 δυσχεραίνει
2861 2906 2969 2962 τῶν
3015 2907 3184 2978 μήπω
3223 2904 3671 2975 κεκαθαρμένων.
3699 2900 3788 2965 Διὸ

2210 3013 2307 3068 καὶ
2333 3009 2435 3078 τὴν
2466 3001 2802 3073 ἐπιστροφὴν
2833 2998 2982 3072 [edit
3034 2993 3316 3068 περιστρ.]
3353 2994 3534 3050 αὐτῶν
3578 2993 3787 3065 βλέπων

524 3091 808 3145 meliorem
864 3089 1074 3162 frugem
1133 3089 1314 3145 redire
1366 3088 1539 3154 videt,
1588 3088 1858 3141 immenso
1908 3084 2107 3156 gaudio

2210 3108 2310 3164 καὶ
2340 3102 2438 3172 τὴν
2462 3096 2769 3168 διόρθωσιν,
2803 3090 3098 3175 ἀμετρήτῳ
3114 3090 3209 3144 xui.
3237 3087 3585 3158 ἀνεκλαλήτῳ
3613 3084 3785 3159 χαίρει

523 3183 744 3255 gaudet,
778 3198 843 3236 ac
871 3181 1019 3252 quod
1059 3196 1163 3235 nec
1190 3179 1374 3235 verbis
1402 3179 1635 3251 exprimi
1662 3177 1860 3248 possit.

595 3275 682 3328 14.
742 3273 1063 3329 Immuudus
1095 3283 1179 3328 est
1228 3273 1449 3327 animus
1502 3269 1871 3336 libidinosus;
1914 3283 2112 3339 nempe

521 3367 737 3421 vitiosis
787 3366 1109 3437 cupiditatis
1159 3372 1324 3435 atque
1373 3363 1488 3419 odii
1532 3360 1959 3434 cogitationibus
1995 3360 2113 3430 ple-

521 3472 649 3511 nus.
1093 3451 1117 3463 “

594 3547 680 3602 15.
709 3545 812 3614 Qui
840 3546 976 3611 odii,
1007 3555 1102 3601 aut
1132 3545 1428 3601 simultatis
1450 3544 1741 3616 vestigium
1770 3540 1992 3615 aliquod
2033 3540 2108 3599 ob

521 3654 912 3709 quamcunque
947 3637 1311 3692 offensionem
1367 3653 1497 3709 erga
1538 3636 1711 3692 ullum
1747 3650 1976 3707 prorsus
2010 3633 2109 3689 ho-

524 3728 739 3782 minum
776 3725 832 3780 in
885 3725 1050 3781 corde
1083 3740 1184 3779 suo
1218 3725 1417 3789 cernit,
1449 3739 1480 3778 a
1524 3722 1797 3778 charilate
1843 3721 1901 3775 in
1932 3720 2106 3774 Deum

521 3819 748 3873 omnino
778 3819 990 3873 alienus
1022 3817 1262 3883 exsistit;
1304 3814 1451 3885 quod
1480 3829 1678 3884 nempe
1723 3812 1824 3868 Dei
1858 3810 2104 3877 dilectio,

522 3927 648 3966 cum
686 3909 835 3975 odio.
863 3925 957 3964 seu
998 3908 1276 3963 simultate
1311 3908 1576 3962 adversus
1602 3905 1882 3961 hominem
1913 3916 2107 3959 susce-

520 4013 637 4074 pta,
674 4003 954 4058 cohaerere
982 4016 1095 4055 non
1136 4001 1330 4071 possit.

594 4096 682 4149 16.
720 4094 821 4159 Qui
853 4092 1025 4163 diligit
1053 4108 1155 4157 me,
1187 4090 1322 4146 dicit
1368 4091 1653 4155 Dominus,
1687 4088 1944 4144 mandata
1984 4103 2102 4143 mea

519 4187 746 4243 servabit
766 4187 807 4238 ’.
848 4184 958 4237 Hoc
987 4193 1059 4237 est
1090 4191 1288 4247 autem,
1317 4182 1516 4252 inquit,
1546 4181 1860 4235 mandatum
1904 4189 2100 4244 meum,

519 4284 577 4329 ιιι
604 4274 835 4343 diligatis
862 4273 1083 4325 invicem
1101 4273 1142 4325 ³.
1178 4272 1364 4341 Itaque
1389 4273 1484 4341 qui
1532 4288 1640 4325 non
1690 4270 1871 4341 diligit
1912 4269 2102 4340 proxi-

519 4383 694 4433 mum,
745 4364 1061 4418 mandatum
1094 4348 1204 4418 non
1255 4372 1459 4419 servat.
1503 4361 1607 4429 Qui
1654 4370 1839 4417 autem
1876 4360 2104 4416 manda—

2210 3197 2375 3342 xaipg:
2419 3280 2755 3352 Ἀκάθαρτός
2783 3278 2900 3330 ὲστι
2921 3274 3069 3346 ψυχὴ
3091 3273 3344 3345 ἐμπαθὴς
3374 3271 3450 3342 (d)
3469 3287 3483 3300 ·
3515 3266 3787 3339 λογισμῶν

2209 3375 2510 3448 ἐπιθυμίας
2531 3373 2626 3428 καὶ
2660 3370 2856 3442 μίσους
2886 3366 3320 3439 πεπληρωμένη.

2280 3554 2363 3626 tc'.
2415 3569 2477 3624 Ὀ
2501 3567 2649 3638 ἴχνος
2679 3564 2875 3637 μίσους
2913 3563 3129 3635 βλέπων
3163 3564 3222 3616 ἒν
3249 3565 3318 3634 τῇ
3345 3561 3543 3617 ἑαυτοῦ
3591 3561 3785 3634 καρδίᾳ

2205 3663 2294 3721 διὰ
2349 3660 2669 3732 οἱονδήποτε
2728 3659 2976 3727 πταῖσμα
3022 3655 3161 3727 πρὸς
3191 3653 3282 3710 τδν
3346 3654 3659 3725 οἱανδήποτε
3695 3654 3784 3709 ἄν·

2206 3756 2448 3826 θρωπον,
2499 3751 2781 3822 ἀλλότριος
2824 3748 3088 3819 τυγχάνει
3127 3747 3363 3818 πάμπαν
3391 3748 3492 3817 τῆς
3525 3749 3609 3808 είς
3651 3745 3783 3799 Θεὸν

2205 3847 2425 3917 ἀγάπης
2445 3860 2458 3874 ⁸
2486 3844 2623 3899 διότι
2657 3845 2692 3914 ἡ
2726 3843 2807 3906 είς
2837 3840 2971 3895 Θεὸν
2994 3840 3214 3910 ἀγάπη,
3252 3837 3350 3895 τοῦ
3381 3839 3466 3903 εἰς
3494 3837 3781 3911 ἄνθρωπον

2208 3939 2403 4009 μίσους
2442 3933 2727 3998 παντελῶς
2757 3933 2858 3987 οὐκ
2885 3931 3158 4003 ἀνέχεται.

2278 4121 2377 4180 ιςι.
2427 4113 2490 4168 '0
2516 4111 2765 4184 ἀγαπῶν
2776 4128 2874 4183 με,
2907 4111 3071 4182 φησὶν
3096 4113 3125 4165 6
3153 4110 3379 4183 Κύριος,
3401 4110 3511 4176 τὰς
3534 4108 3785 4171 ἐντολάς

2197 4226 2316 4278 μου
2357 4206 2633 4276 τηρήσει·
2672 4206 2824 4274 αὕτη
2844 4204 2914 4259 δέ
2943 4206 3117 4259 ἐστιν
3152 4205 3191 4273 ἠ
3222 4203 3442 4273 ἐντολὴ
3463 4204 3502 4271 ἠ
3526 4202 3662 4272 ἐμὴ,
3686 4202 3780 4255 ινα

2202 4298 2482 4370 ἀγαπᾶτε
2526 4297 2864 4363 ἀλλήλους.
2908 4297 2966 4351 '0
3002 4293 3097 4350 οὖν
3153 4295 3227 4366 μὴ
3270 4294 3499 4364 ἀγαπῶν
3531 4294 3623 4348 τὸν
3645 4293 3779 4363 πλη-

2196 4392 2343 4456 ¹οἱον,
2379 4391 2478 4461 τὴν
2528 4388 2753 4460 ἐντολὴν
2794 4389 2858 4442 οὐ
2906 4389 3082 4458 τηρεῖ.
3127 4387 3185 4441 '0
3211 4386 3271 4441 δὲ
3307 4386 3407 4457 τὴν
3437 4385 3658 4456 ἐντολὴν
3706 4383 3777 4456 μὴ

520 4471 637 4515 ιιιηι
691 4473 807 4513 non
859 4465 1066 4524 servat,
1110 4456 1158 4512 is
1192 4472 1373 4527 neque
1410 4464 1590 4526 potest
1636 4456 1867 4527 diligere
1912 4453 2101 4509 Domi-

2208 4453 2411 4553 τηρῶν,
2433 4453 2567 4533 ὀὐδὲ
2593 4479 2684 4533 τὸν
2704 4453 2926 4549 ’Κύριον
2964 4453 3253 4546 ἀγαπῆσαι
3280 4453 3532 4529 δύναται.

519 4567 655 4606 1111111

587 4644 675 4698 17.
710 4643 913 4700 Beatus
940 4642 1128 4708 homo,
1159 4639 1255 4711 qui
1283 4654 1502 4696 omnem
1535 4654 1790 4711 peraeque
1814 4638 2097 4695 hominem

516 4736 748 4807 diligere
785 4735 930 4806 potis
962 4742 1068 4789 est.

588 4826 675 4882 18.
722 4826 925 4882 Beatus
957 4826 1143 4890 homo,
1179 4823 1276 4894 qui
1325 4823 1464 4879 nulli
1496 4822 1575 4879 rei
1610 4821 1960 4893 corruptibili
2002 4830 2099 4877 aut

516 4926 886 4989 temporaueaa
913 4917 1167 4972 addictus
1199 4915 1386 4970 animo
1418 4923 1523 4970 est.

586 5011 671 5064 19.
713 5009 912 5064 Beatus
944 5024 1120 5072 mens,
1150 5023 1272 5078 quae
1305 5007 1474 5061 rebus
1505 5006 1764 5061 omnibus
1797 5005 2087 5075 superatis,

513 5103 700 5158 divina
725 5102 931 5173 jugiter
972 5100 1384 5172 pulchritudine
1411 5099 1737 5155 delectatur.

582 5196 671 5249 9.0.
703 5194 806 5258 Qui
832 5193 1015 5249 carnis
1055 5208 1246 5248 curam
1289 5192 1346 5246 in
1382 5192 1675 5247 desideriis
1714 5190 1975 5256 faciens",
2019 5189 2091 5245 ob

511 5301 600 5341 res
655 5295 1038 5356 temporaueas
1086 5284 1423 5340 simultatem
1473 5282 1740 5338 adversus
1777 5283 2089 5354 proximum

2275 4640 2693 4711 ιζ’.Μακάριος
2740 4643 3046 4713 ἄνθρωπος,
3096 4638 3126 4694 6
3170 4639 3352 4695 πάντα
3396 4639 3692 4710 ἄνθρωπον
3719 4639 3775 4707 ἑξ

2200 4737 2315 4791 [σου
2347 4737 2637 4809 ἀγαπῆσαι
2668 4734 2920 4809 δυνηθείς
2947 4735 3099 4808 [edit
3130 4733 3403 4807 δύναται].

2274 4836 2364 4901 ιη’.
2432 4830 2719 4902 Μακάριος
2777 4826 3064 4900 ἄνθρωπος
3089 4866 3106 4893 ,
3165 4830 3196 4881 6
3240 4827 3433 4900 μηδενὶ
3486 4829 3773 4899 πράγματι

2199 4921 2425 4993 φθαρτῷ
2454 4922 2487 4993 ἢ
2520 4920 2848 4992 προσκαίρῳ
2880 4918 3297 4990 προσκείμενος.

2272 5012 2356 5067 ιθ’.
2396 5014 2682 5082 Μακάριος
2705 5012 2735 5063 6
2762 5011 2908 5080 νοῦς,
2946 5014 2976 5065 6
3004 5012 3182 5066 πάντα
3219 5011 3289 5066 τὰ
3334 5012 3464 5065 ὄντα
3504 5011 3769 5083 περάσας,

2197 5105 2292 5159 καὶ
2326 5107 2426 5176 τῆς
2457 5103 2606 5166 θείας
2636 5103 2969 5175 ὡραιότητος
2997 5100 3361 5168 ἀδιαλείπτως
3386 5105 3770 5175 κατατρυφῶν.

2268 5199 2340 5247 κ’.
2395 5193 2453 5248 '0
2486 5192 2744 5264 πρόνοιαν
2786 5194 2886 5265 τῆς
2922 5193 3125 5265 σαρκὸς
3174 5197 3256 5258 είς
3308 5195 3605 5267 ἐπιθυμίας
3632 5195 3770 5269 [Duo

2196 5284 2345 5356 Regii
2383 5283 2705 5357 ἐπιθυμίαν]
2740 5285 3086 5357 ποιούμενος,
3134 5286 3231 5339 καὶ
3264 5287 3631 5357 μνησικακίαν
3685 5288 3771 5343 διὰ

583 5444 602 5476 ⁸
635 5443 741 5498 lsa.
767 5456 842 5506 v1,
875 5441 927 5496 5.
995 5442 1015 5472 ¹
1051 5441 1208 5497 Joan.
1230 5456 1340 5506 xxv,
1374 5439 1458 5495 15.
1499 5439 1521 5472 ³
1551 5439 1708 5495 Joan.
1750 5456 1839 5514 xv,
1868 5441 1955 5496 12.
2030 5441 2055 5475 "
2088 5443 2245 5499 Rom.
2280 5458 2394 5509 xm,
2425 5444 2513 5499 14.

580 5585 659 5655 (d)
715 5581 890 5651 Ψυχὴ
949 5581 1278 5655 ἐμπρθήςζ
1305 5581 1533 5652 Adjecta
1572 5583 1664 5636 illa
1690 5598 1802 5655 vox
1832 5599 1899 5639 ex
1948 5599 2081 5640 mss.

507 5651 674 5736 plane
696 5651 1399 5736 necessaria...Tertulliuuo’
1423 5660 1509 5706 est
1548 5653 1802 5735 ⁸ρςιεδὶυιιδ
1849 5655 2079 5735 animus,

509 5721 568 5778 id
596 5732 700 5790 est,
734 5721 1251 5791 perturbationibus
1299 5729 1465 5790 atque
1508 5721 1659 5777 vitiis
1713 5724 2078 5793 mancipatus,

2190 5585 2422 5671 nequod
2455 5585 2695 5671 reddidi,
2747 5585 3073 5671 libidinosus.
3104 5578 3765 5671 λογισμοὶ-ἱρεοηϐιξιιξρὶε

2189 5649 2625 5719 vitiadicuntur,
2660 5649 2806 5726 apud
2843 5649 3190 5713 Cassianum
3211 5649 3279 5711 et‘
3308 5649 3470 5723 alios,
3512 5651 3651 5725 Περὶ
3675 5649 3764 5703 λο-

2188 5725 2423 5795 γισμῶν,
2450 5734 2534 5781 est
2557 5724 2634 5781 De
2656 5727 2817 5781 vitiis.
