4070 6398
417 349 522 412 965

1361 337 1698 402 CAPITUM
1738 337 1837 399 DE
1873 337 2306 398 CHARITATE
2340 335 2728 399 CENTURIA
2768 341 2818 401 Ῐ.

3587 351 3697 418 966

415 462 734 535 πρόσκαιρα
784 457 918 529 πρὸς
963 457 1056 513 τδν
1102 455 1334 528 πλησίον
1371 455 1546 527 ἔχων·
1570 457 1598 510 ὁ
1623 449 1867 519 τοιοῦτος
1906 453 2000 507 λα-

2121 453 2236 517 ιιίις
2277 452 2368 508 hic
2419 453 2542 508 talis
2579 459 2847 508 creatura:
2891 453 3063 523 magis
3093 453 3286 523 servit,
3319 472 3484 528 quam
3528 458 3699 517 Crea¢

416 556 604 628 τρεύει
635 556 702 623 τῇ
739 555 915 606 κτίσει
940 550 1091 623 παρὰ
1122 551 1214 603 τὸν
1239 549 1524 604 κτίσαντα.

491 649 600 698 καν.
653 644 712 695 'U
747 643 1011 712 ἀνήδονον
1051 641 1144 694 καὶ
1185 639 1470 695 ἄνοσον-τὸ
1503 638 1666 710 σῶμα
1707 639 2002 711 διατηρῶν,

420 735 709 790 σύνδουλον
742 734 876 786 αὐτὸ
914 732 1027 804 ἔχει
1057 732 1192 803 πρὸς
1229 733 1331 803 τὴν
1361 731 1470 786 τῶν
1539 732 1868 803 κρειττόνων
1903 733 2007 784 ὑπ-

417 827 669 900 ηρεσίαν.

492 915 599 986 κβκ
649 915 710 968 '0
736 916 953 984 φεύγων
998 914 1178 978 πάσας
1217 914 1316 976 τὰς
1365 911 1642 982 κοσμικὰς
1687 912 2005 982 ἐπιθυμίας,

419 1007 607 1076 πάσης
659 1006 838 1077 λύπης
875 1006 1025 1077 [edit.
1059 1004 1212 1074 ὕλης,
1244 1019 1483 1075 unusque
1534 1003 1663 1074 Reg.
1696 1012 1744 1057 et
1764 1003 1880 1076 Fr.)
1912 1021 2006 1057 κο-

421 1100 629 1173 σμικῆς
659 1100 848 1153 ἑαυτὸν
876 1097 1152 1170 ἀνώτερον
1179 1097 1522 1168 καθίστησιν.

498 1200 606 1261 κγ’.
659 1194 720 1246 '0
749 1193 841 1245 τὸν
885 1192 1019 1245 Θεὸν
1063 1191 1323 1260 ἀγαπῶν,
1349 1195 1447 1244 καὶ
1481 1193 1572 1244 τὸν
1617 1192 1846 1261 πλησίον
1880 1191 2011 1245 πάν-

420 1301 534 1348 τως
559 1285 771 1355 ἀγαπᾷ.
819 1284 876 1337 Ὀ
918 1284 975 1337 δὲ
1012 1282 1278 1348 τοιοῦτος,
1307 1284 1567 1354 χρήματα
1601 1287 1790 1356 τηρεῖν
1819 1283 1879 1336 ού
1912 1284 2007 1336 δύο

423 1393 608 1442 ναται,
644 1376 760 1430 ἀλλ’
785 1376 1062 1446 οἰκονομεῖ
1111 1375 1455 1448 θεοπρεπῶς,
1501 1375 1718 1446 ἑκάστῳ
1746 1376 1860 1428 τῶν
1890 1377 2008 1430 δεο-

428 1467 609 1539 μένων
631 1467 909 1539 παρέχων.

499 1559 596 1612 κδν.
651 1559 708 1612 '0
725 1557 867 1610 κατὰ
895 1557 1126 1628 μίμησιν
1143 1556 1278 1610 Θεοῦ
1309 1555 1407 1625 τὴν
1428 1553 1801 1625 ἐλεημοσύνην
1828 1553 2016 1608 ποιού-

429 1665 615 1719 μενος,
651 1649 752 1700 οὐκ
806 1643 913 1701 οἶδε
962 1647 1228 1716 διαφοράν
1285 1645 1526 1716 πονηροῦ
1557 1645 1651 1698 καὶ
1679 1643 1910 1713 ἀγαθοῦ,
1935 1645 2014 1697 δι-

424 1738 589 1792 καίου
619 1738 714 1791 καὶ
751 1738 939 1790 ἀδίκου
975 1740 1031 1790 ὲν
1063 1741 1174 1802 τοῖς
1220 1737 1313 1790 τοῦ
1372 1737 1626 1806 σώματος
1658 1735 2009 1804 ἀναγκαίοις·

2107 547 2214 602 tori
2239 548 2280 601 '.

2175 640 2266 693 2|.
2316 638 2419 705 Qui
2455 654 2658 708 corpus
2699 655 2728 693 a
2767 641 3146 710 voluptatibus
3174 657 3238 695 ac
3271 644 3699 713 :egritudinibus

2107 738 2292 786 servat
2324 731 2581 796 liberum,
2629 746 2898 786 conservo
2940 733 3033 786 illo
3065 741 3252 787 utetur
3292 721 3358 789 ad
3407 736 3700 808 fungendae

2108 825 2335 880 virtutis
2363 824 2757 879 ministerium.

2180 915 2269 969 22.
2303 915 2406 982 Qui
2449 915 2758 970 mundanas
2790 929 2983 969 omnes
3007 915 3340 985 cupiditates
3371 917 3526 986 fugit,
3549 919 3699 972 omni

2111 1026 2168 1064 se
2201 1008 2478 1062 mundana
2519 1008 2742 1062 tristitia
2781 1006 2880 1079 [(ιΙ.
2901 1009 3115 1063 cunctis
3142 1025 3201 1063 se
3229 1007 3488 1081 terrenis]
3533 1026 3700 1080 supc-

2111 1101 2314 1155 riorem
2358 1100 2508 1154 facit.

2181 1194 2272 1248 25.
2300 1193 2400 1259 Qui
2441 1195 2612 1248 Deum
2665 1192 2866 1264 diligit,
2899 1193 3126 1248 omnino
3176 1194 3340 1248 etiam
3391 1195 3705 1264 proximum

2113 1286 2290 1357 diligit
2321 1304 2332 1338 :
2371 1267 2462 1356 qui
2498 1294 2680 1340 autem
2727 1286 2998 1356 ejusmodi
3043 1293 3148 1351 est,
3180 1287 3443 1355 pecunias
3480 1301 3705 1340 servare

2113 1395 2222 1433 non
2263 1385 2463 1448 potest,
2503 1377 2604 1432 sed
2640 1377 2826 1432 divine
2853 1393 2947 1432 eas
2993 1377 3295 1448 dispensat,
3344 1377 3576 1448 singulis
3606 1377 3702 1447 qui

2115 1479 2314 1542 egeant
2352 1472 2622 1525 tribuens.

2184 1563 2273 1616 24.
2307 1561 2408 1627 Qui
2444 1562 2539 1616 Dei
2592 1561 2899 1616 imitatione
2934 1562 3338 1632 elcemosynam
3371 1559 3521 1625 facit,
3569 1560 3706 1614 boni

2116 1670 2180 1709 ac
2215 1655 2363 1716 mali,
2395 1653 2527 1724 justi
2559 1662 2614 1707 et
2641 1652 2914 1723 iujusti,in
2945 1647 3563 1722 corporis-necessariis
3593 1652 3701 1706 dis-

2122 1749 2339 1802 crimen
2387 1763 2496 1800 non
2532 1746 2706 1807 novit,
2736 1745 2832 1800 sed
2861 1745 3076 1799 cunctis
3107 1745 3393 1814 :equaliter
3420 1748 3520 1814 pro
3544 1745 3707 1813 justae

424 1826 565 1882 ἀλλά
589 1832 755 1882 πᾶσιν
784 1829 842 1896 ἐξ
868 1831 982 1882 ἴσου
1012 1815 1151 1882 κατὰ
1176 1827 1272 1899 τὴν
1299 1828 1490 1897 χρείαν
1520 1827 1765 1895 διανέμει
1788 1843 1802 1857 ο
1834 1828 1882 1878 εἰ
1917 1825 2012 1879 καὶ

2121 1840 2461 1894 necessitatis
2489 1839 2654 1910 398
2683 1839 2846 1892 modo
2875 1837 3186 1902 distribuit;
3228 1837 3442 1890 tametsi
3478 1846 3710 1906 pmpter

425 1923 676 1992 προτιμᾷ
704 1921 771 1975 δι’
811 1920 1022 1990 ἀγαθὴν
1069 1921 1393 1990 προαίρεσιν
1444 1919 1540 1973 τοῦ
1577 1919 1780 1989 φαύλου
1809 1921 1900 1973 τὸν
1929 1921 2013 1974 ἐν·

427 2015 646 2085 ἀρετον.
829 2085 832 2090 η

499 2113 597 2161 κε’.
641 2108 854 2178 Ὥσπερ
886 2107 914 2158 ὁ
951 2106 1084 2169 Θεὸς
1115 2105 1274 2175 φύσει
1310 2105 1386 2158 ὢν
1419 2105 1622 2173 ἀγαθὸς
1646 2106 1740 2159 καὶ
1770 2104 2009 2174 ἀπαθὴς,

427 2201 641 2263 πάντας
676 2200 777 2270 μὲν
803 2200 862 2264 ἐξ
890 2199 1004 2252 ίσυυ
1029 2201 1238 2270 ἀγαπᾷ,
1262 2199 1337 2263 ὡς
1367 2199 1501 2270 ἔργα
1529 2198 1697 2251 αὐτοῦ
1719 2215 1732 2228 ο
1756 2197 1891 2250 ἀλλά
1921 2198 2012 2250 τὸν

430 2291 532 2360 μὲν
564 2276 820 2362 ἐνάρετον
849 2289 1082 2355 δοξάζει,
1113 2289 1187 2353 ὡς
1218 2293 1312 2342 καὶ
1345 2293 1411 2361 τῇ
1456 2288 1653 2360 γνώμῃ
1684 2289 1810 2360 [edit
1838 2299 1885 2342 et
1917 2287 2008 2342 Fr.

424 2377 529 2452 τῆν
586 2381 816 2449 γνῶσιν·
855 2381 993 2435 alter
1048 2381 1174 2452 Reg.
1235 2381 1334 2450 τὴν
1389 2380 1659 2451 γνώμην],
1707 2378 2012 2448 οἰκειούμεο

425 2473 605 2543 vov(e)
627 2489 641 2503 ο
671 2471 761 2522 τὸν
789 2471 847 2524 δὲ
884 2471 1110 2540 φαῦλον,
1163 2469 1230 2522 δι’
1268 2470 1581 2540 άγαθότητα
1631 2471 1789 2532 ὲλεεῖ,
1832 2471 1926 2524 καὶ
1955 2471 2013 2522 ἐν

425 2560 510 2629 τῷ
542 2562 698 2614 αἰῶνι
747 2559 924 2630 τούτῳ
977 2559 1246 2613 παιδεύων
1279 2562 1634 2632 ἐπιστρέφει·
1677 2561 1820 2614 οὕτω
1857 2561 1952 2614 καὶ
1984 2562 2013 2612 ὁ

427 2654 499 2723 τῇ
526 2651 717 2723 γνώμῃ
756 2651 959 2718 ἀγαθὸς
1007 2654 1102 2706 καὶ
1153 2654 1392 2724 ἀπαθὴς,
1433 2654 1642 2716 πάντας
1695 2652 2018 2723 ἀνθρώπους

429 2747 492 2811 ἐξ
523 2745 637 2798 [σου
671 2746 864 2815 ἀγαπᾷ
884 2761 898 2774 ο
933 2745 1026 2798 τὸν
1057 2744 1158 2814 μὲν
1186 2746 1464 2816 ἐνάρετον,
1495 2745 1584 2798 διά
1623 2763 1682 2797 τε
1717 2744 1815 2816 τὴν
1855 2744 2018 2814 φύσιν

429 2835 528 2888 καὶ
566 2835 664 2906 τὴν
700 2837 912 2906 ἀγαθὴν
959 2838 1279 2907 προαίρεσιν
1303 2853 1316 2865 ⁸
1348 2837 1440 2890 τὸν
1479 2837 1535 2889 δὲ
1584 2836 1807 2902 φαῦλον,
1841 2837 1930 2889 διά
1958 2852 2017 2888 τε

425 2933 528 3002 τὴν
565 2926 749 2995 φύσιν,
807 2929 906 2982 καὶ
949 2929 1049 3000 τὴν
1088 2928 1433 2999 συμπάθειαν
1482 2929 1650 2981 ἐλεῶν
1701 2927 1776 2990 ὼς
1808 2929 2017 2998 ἄφρονα

432 3020 532 3072 καὶ
563 3022 621 3073 ὲν
653 3019 832 3074 σκότει
857 3021 1341 3091 διαπορευόμενον.

2115 1931 2316 1985 bonam
2365 1933 2724 1996 voluntatem,
2753 1947 2878 1985 eum
2913 1930 3009 1999 qui
3041 1929 3247 1982 virtute
3288 1929 3428 1983 nitet
3473 1944 3538 1983 ac
3585 1937 3704 1981 stu-

2118 2023 2305 2077 diosus
2337 2033 2440 2087 est,
2473 2023 2724 2093 improbo
2757 2021 3065 2090 anteponit.

2184 2113 2274 2167 25.
2309 2112 2784 2180 Quemadmodum
2823 2113 2986 2174 Deus,
3018 2110 3112 2179 qui
3147 2118 3346 2164 natura
3375 2109 3578 2172 bonus,
3603 2122 3710 2160 nec

2116 2204 2244 2258 ullis
2307 2205 2596 2259 affectibus
2655 2203 2929 2258 obnoxius
2983 2200 3320 2266 sit,'omues
3375 2201 3597 2271 quidem
3650 2213 3710 2254 ut

2115 2309 2283 2364 opera
2348 2310 2444 2347 sua
2500 2307 2755 2363 peraeque
2810 2291 3024 2360 diligit;
3088 2289 3184 2344 sed
3232 2299 3414 2343 tamen
3448 2303 3573 2342 eum
3612 2286 3708 2354 qui

2113 2386 2324 2439 virtute
2371 2383 2574 2453 fuigeat
2637 2384 2818 2453 sitque
2873 2382 3174 2445 studiosus,
3229 2389 3486 2450 tanquam
3542 2379 3708 2432 etiam

2119 2477 2287 2532 animi
2342 2478 2625 2532 voluntate
2679 2477 3058 2532 necessarium
3109 2473 3400 2538 clariﬁcat;
3475 2469 3710 2541 improbi

2119 2580 2301 2622 autem
2337 2584 2446 2638 prae
2479 2568 2721 2622 bonitate
2755 2567 3072 2630 miseretur,
3109 2581 3173 2619 ac
3203 2565 3475 2634 castigans
3517 2565 3571 2615 in
3608 2563 3712 2615 hoc

2120 2661 2341 2723 saeculo,
2370 2662 2644 2714 convertit
2679 2678 2690 2713 :
2735 2660 2814 2714 sic
2853 2669 2908 2714 et
2942 2659 3036 2728 qui
3071 2659 3187 2727 ipse
3233 2657 3400 2710 animi
3437 2655 3713 2710 sententia

2115 2751 2204 2803 νίΓ
2248 2750 2474 2818 Pl‘obus,
2523 2751 2784 2819 vitiisque
2815 2765 2880 2805 ac
2927 2747 3219 2804 aﬂectibus
3257 2747 3513 2816 superior
3546 2745 3717 2799 exsti-

2119 2840 2207 2904 tit,
2247 2841 2508 2894 mortales
2539 2856 2733 2895 onmes
2784 2856 2850 2894 ex
2882 2855 3042 2910 aequo
3093 2839 3301 2909 diligit;
3359 2853 3485 2891 eum
3531 2845 3713 2891 tamen

2117 2933 2212 3001 qui
2242 2931 2311 2984 sit
2359 2931 2664 2994 studiosus,
2701 2942 2813 2985 tum
2849 2942 3075 3000 propter
3113 2941 3390 2993 naturam,
3433 2939 3544 2983 tum
3584 2943 3715 2998 pro-

2121 3030 2206 3075 ter
2243 3022 2442 3075 bonam
2476 3023 2865 3090 voluntatem;
2899 3039 3024 3076 eum
3056 3032 3238 3076 autem
3268 3023 3360 3092 qui
3395 3023 3467 3076 sit
3512 3023 3714 3084 maius,

431 3119 491 3166 et
521 3121 747 3181 propter
780 3120 1055 3176 naturam,
1084 3122 1140 3168 et
1164 3129 1276 3183 quo
1343 3112 1421 3166 illi
1455 3112 1831 3167 miserationis
1893 3111 2092 3166 atl‘ectu
2129 3114 2499 3184 impenditur;
2549 3115 2696 3168 illius
2740 3116 3110 3169 miserescens
3156 3115 3314 3183 quasi
3351 3113 3603 3175 amentis,
3659 3118 3719 3166 et

431 3205 528 3274 qui
560 3205 809 3260 ambulet
844 3205 899 3260 in
944 3205 1208 3260 tenebris.

507 3304 622 3362 κς¹.
665 3298 741 3351 Οὐ
776 3299 934 3367 μόνον
978 3297 1067 3350 διὰ
1109 3295 1451 3365 μεταδόσεως
1485 3295 1787 3367 χρημάτων
1825 3297 1858 3364 ἡ
1897 3293 2013 3347 διάι

2189 3291 2278 3344 26.
2313 3291 2434 3346 Νοη
2479 3291 2656 3345 solum
2705 3293 3063 3360 pecuniarum
3099 3292 3425 3362 elargitione
3463 3292 3718 3361 proditur

432 3389 586 3453 θεσις
625 3389 724 3458 τῆς
759 3388 982 3456 ἀγάπης
1022 3385 1371 3458 γνωρίζεται,
1404 3387 1544 3440 ἀλλὰ
1582 3386 1764 3456 πολλῷ
1815 3385 2018 3454 μᾶλλον

432 3480 524 3532 διὰ
553 3478 893 3548 μεταδόσεως
945 3477 1104 3546 λόγου
1138 3477 1276 3532 Θεοῦ
1326 3479 1418 3531 καὶ
1462 3477 1784 3547 σωματικῆς
1832 3477 2019 3530 διακο-

433 3569 579 3632 νίας.
1093 3618 1107 3630 .

516 3662 619 3725 κζ’.
669 3663 730 3715 ὐ
758 3663 869 3726 τοῖς
898 3662 993 3715 τοῦ
1039 3661 1250 3732 κόσμου
1299 3660 1588 3732 πράγμασι
1621 3659 1771 3732 [edit
1803 3667 1853 3713 et
1882 3676 2021 3714 unus

440 3751 573 3823 Reg.
602 3754 708 3805 τῶν
747 3752 1112 3824 πραγμάτων]
1170 3753 1412 3824 γνησίως
1454 3752 1892 3823 ἀποταξάμενος,
1928 3752 2023 3805 καὶ

435 3841 518 3912 τῷ
545 3842 770 3912 πλησίον
801 3843 890 3901 6ιά
922 3843 1024 3913 τῆς
1057 3844 1281 3912 ἀγάπης
1321 3844 1706 3914 ἀνυποκρίτως
1729 3843 2018 3908 δουλεύων,

437 3935 645 3998 παντὸς
691 3935 900 3999 πάθους
924 3935 1136 4005 ταχέως
1166 3934 1570 4006 ἐλευθεροῦται.
1610 3935 1707 3989 καὶ¹
1735 3935 1838 4005 τῆς
1871 3935 2023 3999 θείας

432 4027 662 4098 ἀγάπης
687 4028 779 4081 καὶ
810 4029 1065 4095 γνώσεως
1107 4029 1330 4099 μέτοχος
1359 4028 1704 4083 καθίσταται.

512 4127 620 4190 κη’.
676 4121 871 4194 ὐῥτὴν
901 4122 1054 4175 θείαν
1087 4121 1310 4192 ἀγάπην
1349 4121 1408 4174 ἐν
1452 4120 1628 4191 ἑαυτῷ
1652 4119 2022 4190 κτησάμενος,

433 4212 686 4284 οὐκοπιᾷ
716 4213 1119 4266 κατοκολουθῶν
1145 4213 1319 4265 ὀπίσω
1336 4212 1540 4281 Κυρίου
1564 4211 1658 4264 τοῦ
1683 4210 1819 4263 Θεοῦ
1835 4208 2024 4274 αὑτοῦ,

439 4304 592 4356 κατά
649 4304 740 4357 τὸν
787 4303 933 4358 θεῖον
967 4304 1239 4374 Ἰερεμίαν
1266 4303 1365 4372 (ῃυ
1434 4301 1573 4355 ἀλλά
1633 4301 1812 4354 πάντα
1859 4299 2025 4354 πόνον

437 4394 744 4465 ὁνειδισμόν
781 4411 840 4448 τε
875 4396 970 4448 καὶ
1004 4395 1162 4465 φέρει
1203 4393 1362 4465 ὓϐριν
1397 4393 1685 4462 γενναίως,
1716 4391 1908 4463 μηδενὶ
1963 4391 2026 4444 τὸ

437 4485 662 4539 σύνολον
689 4487 858 4540 κακὸν
883 4481 1252 4556 λογιζόμενος.

513 4577 618 4633 κο’.
660 4580 827 4632 Ὀταν
859 4579 1126 4648 ὑϐρισθῇς
1163 4577 1318 4647 παρά
1349 4593 1518 4639 τινος,
1557 4575 1592 4646 ἢ
1629 4573 1687 4628 ἐν
1732 4591 1840 4628 τινι
1873 4573 2026 4640 ὲξουυ

2121 3383 2410 3438 cbaritatis
2462 3383 2713 3446 affectio;
2762 3383 2860 3436 sed
2899 3383 3071 3436 multo
3121 3382 3292 3452 magis
3337 3381 3717 3451 impar-titione

2122 3474 2324 3528 divinae
2383 3473 2668 3538 docti-inte,
2720 3489 2786 3528 ac
2837 3474 3143 3544 corporalis
3191 3474 3442 3544 obsequii
3501 3475 3718 3530 exhibi-

2121 3565 2294 3619 tione.

2193 3657 2281 3709 27.
2315 3656 2418 3722 Qui
2452 3657 2635 3710 seculi
2683 3657 2852 3712 rebus
2877 3672 3008 3710 vere
3037 3673 3215 3726 exque
3245 3661 3429 3715 animo
3456 3665 3715 3720 nuntium

2123 3749 2431 3813 remittens,
2459 3749 2596 3802 citra
2620 3765 2837 3803 omnem
2869 3750 3275 3804 simulationem
3305 3754 3592 3810 cbaritalis
3617 3757 3717 3812 ob-

2123 3842 2332 3911 sequiis
2383 3843 2633 3911 proximo
2671 3858 2892 3912 operam
2939 3843 3241 3911 impendit;
3291 3847 3439 3900 omni
3493 3849 3603 3902 cito
3651 3850 3718 3903 li-

2125 3932 2350 3986 beratus
2383 3932 2582 3986 aﬂ'ectu
2627 3941 2791 4001 atque
2838 3933 2992 3998 vitio,
3024 3933 3226 3988 divinae
3261 3937 3542 4008 particeps
3573 3939 3714 3994 diie—

2124 4023 2324 4078 ctionis
2370 4024 2726 4093 scientiaeque
2765 4026 2972 4079 evadit.

2195 4117 2286 4171 28.
2313 4115 2418 4182 Qui
2449 4115 2691 4170 divinam
2716 4117 2772 4170 in
2795 4133 2852 4171 se
2880 4126 3074 4173 nactus
3102 4129 3188 4174 est
3234 4119 3581 4185 cbaritatem,
3603 4135 3716 4176 non

2127 4209 2360 4262 lassatur
2386 4217 2483 4262 aut
2513 4207 2722 4262 fatiscit
2755 4210 3038 4277 sequendo
3068 4220 3192 4279 post
3223 4213 3514 4265 Dominum
3544 4214 3718 4267 Deum

2127 4315 2310 4364 suum,
2342 4299 2498 4369 juxta
2525 4299 2774 4353 divinum
2823 4300 3177 4366 Jeremiam“,
3213 4302 3310 4356 sed
3359 4319 3578 4358 onmem
3636 4305 3720 4362 la-

2127 4390 2342 4454 borem,
2364 4390 2837 4461 opprobriumque
2863 4401 2920 4446 et
2951 4392 3210 4462 injuriam
3242 4394 3368 4449 forti
3397 4395 3578 4449 animo
3603 4395 3722 4450 suf-

2127 4481 2253 4545 fert,
2287 4482 2423 4535 nulli
2455 4498 2689 4551 prorsus
2722 4484 2970 4554 cogitans
3003 4487 3228 4540 malum.

2198 4574 2288 4630 29.
2317 4575 2454 4629 Cum
2497 4576 2565 4629 ab
2599 4577 2786 4646 aliquo
2824 4577 2987 4632 laesus
3025 4578 3247 4650 injuria,
3291 4581 3376 4636 vel
3434 4583 3489 4637 in
3537 4583 3722 4652 aliqua

437 4670 705 4742 δενωθῇς,
737 4671 860 4722 τότε
895 4641 1133 4740 πρόσεχε
1179 4641 1288 4722 ἀπὸ
1323 4667 1434 4720 τῶν
1488 4641 1768 4738 λογισμῶν
1798 4667 1896 4737 τῆς
1933 4666 2017 4737 ὀρ-

2131 4679 2191 4719 re
2234 4673 2456 4733 spretus
2484 4663 2674 4729 fueris,
2693 4641 2822 4718 itum
2851 4666 2951 4719 tibi
2984 4641 3102 4736 ipse
3149 4641 3344 4725 ab'irze
3377 4641 3728 4742 cogitatioln'b

437 4760 568 4829 γῆς,
609 4761 688 4831 μή
721 4777 783 4814 σε
813 4762 912 4831 τῆς
940 4761 1162 4830 ἀγάπης
1206 4758 1297 4812 διά
1327 4758 1428 4829 τῆς
1458 4758 1636 4829 λύπης
1665 4759 2023 4830 χωρίσαντες,

441 4854 502 4905 ἒν
533 4854 605 4922 τῇ
624 4851 778 4925 χώρᾳ
807 4852 900 4906 τοῦ
935 4851 1130 4921 μίσους
1161 4850 1599 4920 καταστήσωσιν.

514 4937 579 4994 λ’.
622 4939 792 5012 Ὅταν
822 4939 1090 5011 ἐφ’ὓὸρει
1137 4939 1171 5010 ἣ
1227 4937 1425 5009 ἀτιμίᾳ
1473 4939 1738 5009 πονήσῃς,
1785 4938 2026 5006 γίνωσκε

445 5032 674 5087 σεαυτὸν
723 5033 974 5104 μεγάλως
1012 5031 1388 5102 ὢφεληθέντα,
1435 5030 1538 5100 τῆς
1574 5028 1881 5095 κενοδοξίας
1937 5029 2028 5085 διά

441 5125 541 5194 τῆς
571 5125 793 5194 ἀτιμίας
820 5123 1180 5195 οἰκονομικῶς
1218 5123 1326 5176 ἀπὸ
1362 5122 1458 5176 σοῦ
1499 5121 1879 5194 ὲκϐληθείσης.

429 5379 436 5382 _
517 5305 538 5337 '
567 5305 726 5371 Rom.
758 5319 796 5369 1,
833 5303 927 5359 25.
999 5303 1021 5334 ⁸
1047 5301 1249 5359 Jerem.
1276 5315 1408 5363 xvn,
1447 5299 1496 5354 6.

519 5421 587 5494 (e)
623 5421 847 5494 Ὠςᾼκαὶ
876 5420 950 5489 τῇ
978 5419 1179 5494 γνώμῃ
1218 5417 1642 5494 οὶκειούμενρν.
1685 5413 1942 5494 [demest
1965 5421 2026 5494 et

445 5483 594 5564 quod
624 5483 717 5547 alii
738 5483 964 5565 habent,
985 5483 998 5490 ’
1018 5483 1117 5559 τὴν
1145 5483 1389 5565 γνωμην·
1413 5483 1734 5565 Quod-vero
1757 5483 1851 5535 alii
1885 5483 2026 5565 γνῶ-

449 5552 555 5627 (iw,
585 5565 748 5632 paulo
783 5552 1085 5622 diversum;
1139 5552 1243 5612 etsi
1263 5552 1543 5632 istud—ad
1565 5552 1700 5632 illud
1732 5560 2020 5632 sequatur,

447 5623 657 5689 seu-illi
713 5647 899 5688 comes
935 5634 1038 5692 sit;
1093 5633 1291 5696 nempe
1347 5624 1603 5687 scientia,
1637 5623 1863 5696 virtuti;
1900 5637 2025 5696 qua

415 5760 422 5766 ,
449 5712 684 5773 utraque
715 5703 827 5757 Deo
855 5692 1240 5773 conciliamur,
1258 5697 1424 5773 eique
1450 5693 1866 5773 necessitudine
1896 5692 2024 5773 jun-

447 5762 652 5844 gimu'r,
679 5774 825 5843 quod
848 5773 939 5828 hic
958 5769 1154 5828 asserit
1176 5762 1464 5821 Maximus.
1484 5763 1618 5817 Male
1650 5763 1834 5831 itaque
1858 5762 2024 5816 ambo

2127 4755 2231 4810 bus
2258 4756 2505 4820 attende,
2552 4773 2620 4811 ne
2673 4757 2779 4811 illa:
2817 4774 2885 4812 ex
2927 4760 3188 4814 mmstitia
3242 4777 3270 4814 a
3310 4761 3577 4818 charitate
3626 4763 3722 4817 ab—

2121 4847 2406 4918 junctum,
2441 4847 2496 4899 in
2541 4847 2652 4900 odii
2700 4848 2922 4917 regione
2962 4850 3319 4904 constituant.

2201 4937 2297 4991 50.
2326 4937 2462 4992 Cum
2502 4946 2554 4992 te
2591 4937 2791 5006 injuria
2828 4948 2922 4992 aut
2967 4938 3172 5007 probro
3212 4938 3428 5008 gravari
3471 4939 3722 5010 contige-

2129 5024 2220 5092 rit,
2277 5025 2484 5096 ingenti
2540 5034 2590 5080 te
2641 5026 2929 5080 commodo
2973 5026 3229 5080 atl'ectum
3266 5027 3511 5090 noveris,
3546 5043 3576 5082 a
3606 5044 3724 5096 quo

2115 5125 2284 5173 .certa
2317 5117 2532 5172 consilii
2583 5117 2794 5172 ratione
2827 5133 2924 5188 per
2959 5117 3314 5188 ignominiam
3348 5133 3413 5174 ac
3453 5119 3721 5185 dedecus,

2135 5207 2318 5263 inanis
2355 5209 2542 5280 gloriae
2579 5207 2756 5264 fastus
2801 5210 3011 5280 ejectus
3043 5209 3137 5264 sit.

2128 5414 2422 5487 interpret.
2461 5423 2521 5467 ut
2550 5431 2669 5470 eum
2704 5416 2796 5485 qui
2839 5417 2922 5470 sui
2974 5417 3324 5487 cognitionem
3369 5429 3510 5470 recte
3534 5415 3714 5471 obser-

2127 5494 2250 5547 vat;
2283 5486 2432 5553 quod
2459 5495 2545 5540 est
2578 5502 2808 5554 prorsus
2841 5486 3284 5556 ἀπροσδιόνυσον.

2199 5556 2294 5625 (f)
2332 5558 2443 5625 Tg‘r
2472 5556 2633 5608 θεῖον
2673 5556 2972 5621 Ἰερεμίαν.
3021 5557 3154 5610 Male
3195 5556 3362 5610 iidem
3404 5564 3715 5610 reclaman-

2127 5621 2440 5694 tib'u's'ipsis
2483 5625 2920 5698 Grteeiseditis,
2966 5627 3220 5698 aliisque,
3256 5627 3420 5698 juxta
3475 5625 3716 5681 Isaiam:

2126 5710 2252 5750 cum
2276 5705 2330 5750 et
2355 5711 2485 5750 vere
2516 5695 2670 5750 locus
2693 5696 2948 5750 Ieremia:
2985 5697 3078 5751 sit.
