4070 6396
462 316 569 384 967

1640 317 1701 375 3.
1744 315 1903 376 MAX
1912 314 2032 377 IMI
2071 312 2583 377 CONFESSORIS

3630 313 3739 379 968

527 430 618 485 5!.
673 426 1149 497 Quemadmodum
1197 423 1342 499 ignis
1388 427 1659 484 memoria
1693 444 1898 500 corpus
1939 444 2046 485 non

2225 424 2329 482 λα’.
2374 426 2600 496 Ὠσπερ
2640 423 2832 497 μνήμη
2855 420 3024 495 πυρὸς
3053 421 3115 478 οὗ
3143 421 3430 498 θερμαίνει
3460 421 3522 479 τὸ
3556 422 3740 497 σῶμα,

457 520 730 585 calefacit,
777 520 860 575 sic
894 534 1001 574 nec
1037 518 1175 575 ﬁdes
1225 519 1471 576 scientiae
1520 519 1946 578 illustrationem
1995 521 2046 577 in

2156 515 2301 570 οὕτω
2339 517 2525 581 πίστις
2564 517 2695 572 ἄνευ
2725 516 2968 586 ἀγάπης,
3009 515 3112 569 οὐκ
3139 517 3357 586 ὲνεργεῖ
3389 515 3470 580 εις
3496 515 3600 586 τὴν
3631 515 3741 585 ψυ-

456 613 644 669 animo
681 620 947 683 operatur
989 613 1034 668 si
1065 612 1325 670 Charitas
1354 613 1518 669 desit.

525 702 613 756 52.
650 702 804 759 Sicut
837 705 932 759 lux
963 704 1098 759 solis
1127 719 1323 759 sanum
1372 704 1595 760 oculum
1637 704 1707 760 ad
1742 719 1801 760 se
1842 704 2047 771 trahit;

453 793 537 849 sic
564 803 621 848 ct
662 777 758 850 Dei
786 794 1029 865 cognitio
1065 810 1129 850 ac
1166 795 1418 862 scientia,
1448 810 1642 864 puram
1682 802 1921 849 mentem
1950 810 2052 865 per

455 884 783 941 charitatem
830 887 1082 947 naturali
1115 886 1183 941 ad
1228 900 1288 942 se
1335 886 1598 941 illecebra
1637 887 1869 956 pellicit.

529 1059 696 1131 399
731 1062 819 1116 55.
848 1061 1000 1116 Mens
1035 1077 1170 1131 pura
1205 1072 1309 1126 est,
1335 1075 1459 1130 quae
1491 1059 1816 1131 ignorantiae
1839 1070 2050 1117 semota

455 1152 714 1223 caligine,
752 1153 939 1208 divina
959 1155 1081 1210 luce
1105 1154 1485 1209 collustratur.

526 1245 614 1299 54.
659 1245 839 1301 Purus
865 1248 1084 1302 animus
1117 1255 1225 1313 est,
1271 1247 1367 1318 qui
1415 1262 1445 1300 a
1479 1245 1631 1302 vitiis
1675 1247 1943 1305 liberatus
1983 1264 2049 1306 ac

453 1336 993 1406 perturbationibus,
1036 1337 1222 1394 divina
1266 1339 1539 1396 charitate
1592 1340 1798 1412 jugiter
1833 1340 2048 1396 exhila-

456 1434 634 1481 ratur.

524 1519 615 1576 55.
636 1521 885 1579 Aﬁ‘ectns
913 1523 1254 1594 vituperium
1294 1524 1509 1580 habens
1544 1524 1914 1596 (perturbatio
1941 1523 2050 1581 sci-

452 1607 586 1664 licet
611 1618 777 1681 atque
806 1611 1024 1683 vitium)
1052 1621 1235 1667 motus
1267 1613 1437 1668 animi
1464 1623 1551 1669 est
1586 1613 1933 1669 innaturalis.

524 1697 614 1752 56.
653 1698 920 1754 Ἀπάθεια
955 1698 1534 1770 (imperturbationem
1576 1701 1845 1769 dicamus,
1888 1703 2047 1760 seda-

2156 608 2259 679 χὴν
2281 608 2372 662 τὸν
2409 608 2511 678 τῆς
2537 608 2795 678 γνώσεως
2824 607 3129 678 φωτισμόν.

2227 699 2331 770 λβ’.
2382 702 2599 772 Ὥσπερ
2632 701 2692 754 τὸ
2729 700 2844 768 φῶς
2868 698 2963 754 τοῦ
2995 699 3150 770 ἡλίου
3178 698 3270 753 τὸν
3300 697 3429 768 ὑγιῆ
3462 696 3745 770 ὀφθαλμὸν
3794 730 3825 754 .

2152 792 2233 856 είς
2255 792 2419 845 ἑαυτὸ
2448 793 2737 862 ἐφέλκεται
2757 809 2769 822 ·
2799 791 2943 845 οὕτω
2965 792 3061 845 καὶ
3083 791 3117 862 ἡ
3137 789 3339 858 γνῶσις
3369 788 3465 842 τοῦ
3503 790 3637 844 Θεοῦ
3661 791 3740 862 (5)

2150 884 2244 938 τὸν
2295 885 2536 956 καθαρὸν
2585 886 2715 939 νοῦν
2762 885 3010 954 φυσικῶς
3066 883 3157 938 διὰ
3210 885 3309 954 τῆς
3346 882 3572 955 ἀγάπης
3602 882 3739 954 πρὸς

2151 977 2355 1046 ἑαυτὴν
2380 978 2704 1031 ἐπισπᾶται.

2222 1065 2322 1137 λγ’.
2361 1069 2505 1133 Νοῦς
2539 1071 2657 1123 ἐστι
2692 1068 2955 1139 καθαρὸς,
2990 1068 3019 1120 ό
3044 1066 3269 1134 ἀγνοίας
3301 1065 3614 1139 χωρισθεὶς,
3645 1066 3741 1121 καὶ

2150 1158 2258 1214 ὑπὸ
2286 1160 2381 1215 τοῦ
2410 1160 2556 1215 θείου
2585 1161 2763 1230 φωτὸς
2788 1159 3303 1231 καταλαμπόμενος.

2219 1252 2319 1309 λδ¹.
2357 1256 2521 1326 Ψυχή
2563 1256 2681 1309 ἐστι
2711 1253 2951 1326 καθαρὰ,
2988 1256 3020 1326 ἡ
3055 1252 3246 1308 παθῶν
3279 1251 3737 1323 ὲλευθερωθεῖσα,

2150 1349 2244 1404 καὶ
2275 1349 2381 1402 ὑπὸ
2423 1350 2524 1419 τῆς
2560 1346 2713 1406 θείας
2769 1348 2992 1419 ἀγάπης
3036 1344 3401 1408 ἀδιαλείπτως
3443 1348 3740 1416 εὐφραινο-

2150 1441 2313 1512 μένηο
3252 1502 3255 1505 λ

2218 1532 2315 1588 λε’.
2357 1531 2537 1595 neos;
2592 1529 2732 1604 [Duo
2779 1529 2934 1602 Regii
2990 1537 3203 1584 tantum
3243 1525 3437 1600 πάθος]
3478 1525 3597 1580 ἐστὶ
3636 1524 3738 1588 ψε-

2148 1623 2296 1687 κτὸν,
2327 1623 2545 1695 κίνησις
2575 1624 2756 1694 ψυχῆς
2792 1621 2945 1693 παρά
2981 1622 3167 1692 φύσιν.

2216 1716 2326 1782 λς’.
2380 1715 2649 1772 ’Δπάθειά
2678 1718 2831 1770 ἐστιν
2864 1713 3119 1786 εἰρηνικὴ
3160 1712 3499 1776 κατάστασις
3530 1709 3734 1781 ψυχῆς,

453 1788 606 1859 tique
632 1789 803 1844 animi
828 1806 893 1845 ac
915 1790 1211 1847 aﬁ‘ectibus
1238 1791 1400 1847 vacui
1435 1793 1915 1864 tranquillitatem)
1942 1808 2043 1850 na-

2150 1807 2272 1865 καθ’
2298 1808 2368 1881 ἢν
2394 1806 2715 1875 δυσκίνητος
2744 1806 2954 1877 γίνεται
2979 1805 3126 1878 ψυχὴ
3163 1804 3300 1875 πρὸς
3326 1802 3546 1859 κακίαν.

453 1889 611 1935 catus
662 1890 750 1937 est
794 1881 963 1938 animi
1020 1892 1217 1951 status,
1269 1898 1381 1955 quo
1438 1884 1488 1941 is
1533 1900 1677 1957 aegre
1722 1884 1792 1941 ad
1841 1886 2043 1942 vitium

452 1980 731 2028 movetur.

520 2066 611 2121 57.
641 2066 746 2133 Qui
774 2068 1061 2126 charitatis
1098 2069 1313 2129 fructus
1344 2072 1536 2130 sedulo
1572 2080 1907 2130 consecutus
1935 2079 2042 2140 est,

449 2160 539 2215 vel
574 2159 620 2215 si
666 2159 957 2218 innumera
986 2165 1315 2220 sustinenda
1349 2165 1463 2220 sint
1501 2166 1664 2230 mala,
1693 2166 1764 2221 ab
1798 2180 1864 2221 ea
1894 2180 2043 2220 nun-

450 2268 617 2323 quam
646 2255 893 2310 animum
927 2256 1248 2313 transferet.
1278 2256 1582 2327 Fidemque
1614 2257 1781 2312 faciat
1807 2256 2046 2327 Stepha-

450 2365 558 2405 nus
610 2349 819 2406 Christi
872 2350 1200 2421 discipulus,
1248 2367 1315 2407 ac
1356 2351 1409 2406 ei
1460 2351 1669 2407 similes
1710 2351 1769 2417 ";
1815 2351 2046 2422 ipseque

451 2439 726 2507 Salvator,
761 2457 861 2512 pro
904 2442 1016 2498 illis
1055 2443 1275 2498 Patrem
1303 2450 1567 2514 precatus
1595 2442 1689 2513 qui
1721 2442 1842 2496 neci
1868 2441 2044 2496 tradi-

450 2530 676 2595 derunt,
716 2532 1048 2603 veniamque
1075 2533 1143 2588 ab
1172 2548 1260 2595 eo.
1306 2540 1567 2603 tanquam
1598 2532 1709 2588 illis
1736 2531 2046 2604 ignorantia

449 2623 855 2690 laborantibus,
883 2639 1084 2696 rogans
1107 2624 1150 2680 ⁸.

522 2730 612 2786 58.
640 2729 778 2786 Cum
804 2731 1094 2787 charitatis
1120 2731 1192 2789 sit
1219 2731 1614 2803 longanimem,
1645 2731 1951 2802 mitemque
1980 2745 2046 2788 ac

448 2821 752 2894 benignum
797 2839 920 2882 esse
954 2826 997 2890 ⁸,
1040 2824 1136 2895 qui
1178 2825 1261 2879 ira
1304 2825 1442 2880 furit
1479 2824 1704 2896 agitque
1747 2824 2042 2893 malitiose,

451 2916 716 2975 nimirum
745 2915 966 2972 alienus
998 2931 1030 2971 a
1053 2916 1326 2972 cbaritate
1359 2916 1638 2971 efﬁcitur:
1666 2917 1885 2973 alienus
1911 2933 2044 2974 vero

447 3024 483 3064 a
508 3009 803 3072 charitate,
832 3025 864 3065 a
896 3010 1011 3065 Deo
1051 3010 1269 3064 alienus
1309 3017 1416 3074 est,
1450 3024 1578 3064 cum
1620 3010 1764 3065 Deus
1807 3011 2043 3065 charitas

443 3109 518 3191 fit
553 3109 620 3163 ιο.

522 3213 613 3269 59.
657 3210 835 3268 Nolite
867 3214 1059 3277 dicere,
1096 3214 1174 3270 ait
1213 3213 1439 3270 divinus
1463 3213 1754 3281 Jeremias,
1788 3212 2044 3285 templum

455 3303 669 3361 Domini
705 3324 888 3361 sumus
916 3308 980 3362 ”.
1022 3307 1103 3362 Tu
1133 3322 1355 3377 quoque
1388 3323 1458 3363 ne
1496 3307 1707 3363 dixeris
1742 3325 1756 3362 :
1791 3308 1951 3363 Nuda
1981 3323 2046 3363 ac

453 3400 568 3454 sola
605 3398 742 3454 ﬁdes
770 3400 827 3453 in
870 3399 1164 3453 Dominum
1212 3409 1462 3454 nostrum
1504 3399 1691 3455 Jesum
1737 3399 2045 3468 Christum,

453 3485 689 3540 salutem
735 3484 873 3539 mihi
905 3494 1088 3555 potest
1121 3493 1406 3556 prtestare.
1440 3486 1560 3541 Non
1593 3487 1743 3542 enim
1779 3488 1886 3544 hoc
1925 3487 2044 3543 ﬁeri

454 3582 659 3645 potest,
688 3574 794 3629 nisi
840 3576 1008 3630 etiam
1051 3576 1381 3634 charitatem
1423 3579 1481 3633 in
1516 3578 1698 3649 ipsum
1736 3596 1837 3650 per
1879 3596 2046 3651 opera

453 3662 889 3736 comparaveris.
912 3667 994 3722 Ad
1029 3668 1337 3739 simplicem
1367 3670 1515 3724 enim
1552 3671 1717 3725 ﬁdem
1745 3672 1892 3741 quod
1923 3672 2052 3726 atti-

453 3766 552 3814 net
585 3774 598 3810 :
650 3757 827 3813 Etiam
868 3759 1132 3814 dwmones
1167 3761 1409 3826 credunt,
1444 3768 1497 3815 et
1534 3763 1941 3817 contremiscunt
1980 3764 2046 3818 ¹².

523 3849 615 3905 40.
661 3848 965 3905 Charitatis
1009 3867 1150 3922 opus
1189 3859 1294 3918 est,
1334 3852 1590 3908 beneﬁcii
1631 3852 1687 3908 in
1730 3853 2045 3923 proximum
2079 3898 2087 3907 .

453 3952 524 3993 ex
551 3939 739 3995 animo
768 3940 1082 4005 collocatio,
1125 3948 1182 3996 et
1221 3941 1610 4012 longanimitas
1648 3950 1705 3996 et
1747 3942 2044 4013 patientia;

453 4031 699 4102 itemque
731 4040 883 4087 recta
913 4047 1039 4087 cum
1075 4032 1289 4087 ratione
1314 4034 1481 4089 rebus
1514 4033 1617 4088 uti.

523 4124 615 4178 41.
649 4123 755 4190 Qui
797 4125 969 4179 Deum
995 4123 1195 4194 diligit,
1236 4139 1340 4179 nec
1380 4125 1552 4178 ullum
1599 4123 1823 4179 tristitia
1850 4125 2044 4192 afﬁcit,

453 4229 559 4270 nec
578 4215 695 4285 ipse
714 4214 1007 4269 adversum
1032 4215 1272 4283 aliquem
1291 4215 1363 4269 ob
1389 4223 1746 4284 temporanea
1769 4215 2046 4271 tristitiam

454 4304 689 4361 assumit
717 4322 731 4359 :
764 4320 875 4359 una
895 4305 1164 4359 duntaxat
1189 4304 1270 4358 illi
1292 4305 1533 4360 salubris
1566 4304 1792 4359 tristitia
1811 4315 1917 4372 est,
1936 4324 2046 4378 qua

453 4405 512 4451 et
550 4395 722 4450 afﬁcit
763 4404 821 4451 et
866 4394 1140 4462 afﬁcitur;
1184 4404 1299 4465 qua
1340 4396 1535 4452 beatus
1574 4397 1778 4453 Paulus
1822 4407 1880 4454 et
1928 4400 2045 4470 ipse

455 4487 815 4544 contristatus
847 4497 953 4551 est,
989 4496 1047 4542 et
1073 4487 1427 4543 contristavit
1455 4487 1778 4547 Corinthios
1812 4491 1877 4544 ¹³.

524 4575 615 4630 42.
661 4574 766 4641 Qui
806 4575 979 4630 Deum
1019 4575 1220 4647 diligit,
1264 4578 1567 4648 angelicam
1600 4580 1726 4636 vita:
1771 4582 2042 4638 rationem

454 4666 511 4722 in
541 4676 689 4723 terra
720 4669 998 4734 instituit;
1028 4683 1224 4739 nempe
1249 4670 1477 4742 jejuniis
1503 4687 1569 4727 ac
1593 4673 1798 4744 vigiliis
1817 4688 2039 4742 vacans,

454 4760 806 4831 psallensque
844 4768 902 4816 et
942 4776 1129 4827 orans,
1179 4778 1282 4818 nec
1323 4764 1433 4819 nisi
1472 4780 1596 4835 quae
1632 4764 1779 4820 bona
1822 4765 1937 4821 sint
1971 4766 2040 4823 de

454 4849 568 4903 ullo
596 4849 881 4905 hominum
915 4852 1184 4922 cogitans.

523 4937 613 4993 45.
648 4937 787 4995 Cum
825 4940 975 5010 quod
1003 4941 1130 5011 quis
1164 4941 1339 5012 cupit,
1374 4942 1480 4997 hoc
1513 4951 1571 4998 et
1603 4944 1821 5013 assequi
1852 4945 2044 5001 conni-

455 5037 645 5099 tatur;
677 5032 860 5101 sitque
892 5034 1041 5088 Deus
1072 5034 1234 5088 bouis
1265 5034 1526 5089 omnibus
1560 5050 1623 5089 ac
1656 5033 2045 5091 desiderabili-

456 5120 583 5187 bus,
607 5123 754 5195 citra,
771 5139 990 5179 omnem
1023 5124 1497 5194 comparationem
1530 5124 1726 5179 melior
1759 5125 2042 5181 desidera-

458 5210 771 5282 biliorque;
816 5222 1023 5283 quanta
1068 5214 1261 5282 utique
1307 5213 1472 5268 nobis
1515 5213 1829 5270 adhibenda
1882 5215 2047 5287 400

458 5299 765 5371 diligentia,
802 5311 860 5357 ut
896 5303 1075 5372 ipsum
1111 5311 1309 5356 natura
1338 5301 1544 5357 bonum
1575 5317 1640 5358 ac
1676 5303 2049 5359 desiderabile

458 5393 906 5461 consequamur?

526 5482 618 5538 44.
659 5484 740 5538 Ne
758 5499 981 5539 carnem
1017 5492 1167 5540 tuam
1199 5486 1458 5557 turpibus
1486 5487 1707 5543 actibus
1729 5486 2048 5555 foedaveris,

457 5587 599 5630 neve
636 5575 886 5630 animum
932 5577 1123 5647 pravis
1164 5577 1598 5648 cogitationibus
1630 5579 2048 5649 inquinaveris;

527 5709 701 5786 f_A_ct.
729 5728 826 5777 vn,
862 5715 951 5786 59.
1028 5717 1049 5748 '
1074 5717 1211 5775 Luc.
1247 5735 1394 5786 xxxv,
1422 5720 1510 5775 54.
1590 5721 1611 5752 ⁹
1638 5718 1809 5775 lCor.
1840 5734 1954 5785 xm,
1988 5718 2043 5773 4.

2150 5718 2166 5749 '
2198 5716 2219 5773 ι
2249 5716 2406 5774 Joan.
2440 5730 2513 5781 ιν,
2548 5715 2601 5770 8.

460 5777 506 5812 ⁸⁸
527 5778 572 5835 ll
601 5779 730 5837 Cor.
762 5798 857 5851 vn,
889 5785 942 5841 8.

2217 2087 2322 2156 λζ’.
2378 2090 2439 2145 '0
2477 2090 2606 2154 τοὺς
2659 2086 2909 2160 καρποὺς
2951 2085 3053 2156 τῆς
3106 2083 3330 2156 ἀγάπης
3371 2082 3461 2137 διὰ
3500 2078 3737 2151 σπουδῆς

2147 2184 2513 2255 κτησάμενος,
2564 2182 2627 2235 οὐ
2690 2178 3040 2251 μετατίθεται
3091 2177 3320 2247 ταύτης,
3391 2173 3497 2229 κᾶν
3564 2171 3738 2244 μυρία

2148 2272 2336 2343 πάσχῃ
2365 2270 2533 2326 κακά.
2567 2270 2679 2325 Καὶ
2713 2268 2952 2322 πειθέτω
2999 2285 3058 2322 σε
3101 2267 3373 2337 Στέφανος
3401 2265 3431 2317 ό
3464 2261 3560 2318 τοῦ
3602 2263 3738 2334 Χρι-

2148 2362 2277 2418 στοῦ
2311 2362 2584 2435 μαθητὴς,
2625 2362 2719 2418 καὶ
2750 2362 2801 2416 οἱ
2842 2361 2965 2416 κατ’
3005 2361 3201 2415 αὐτόν·
3233 2356 3533 2421 καὶ-αὐτὸς
3561 2357 3592 2410 ό
3622 2356 3735 2408 Σω-

2145 2455 2253 2527 τὴρ
2284 2454 2427 2525 ὑπὲρ
2465 2454 2575 2509 τῶν
2614 2452 2890 2524 φονευτιῖω
2928 2451 3032 2525 [aL
3096 2448 3460 2522 φονευόντων]
3507 2446 3737 2519 εὐχόμε-

2145 2562 2237 2610 νος
2282 2545 2362 2617 τῷ
2409 2546 2609 2616 Πατρὶ,
2648 2545 2743 2600 καὶ
2783 2544 3117 2616 συγγνώμην
3159 2545 3289 2616 παρ’
3321 2540 3491 2596 αὑτοῦ
3524 2540 3602 2604 ὡς
3632 2539 3734 2606 ἀγ-

2155 2639 2360 2695 νοοῦσιν
2393 2641 2738 2712 αἰτούμενος.

2216 2734 2320 2805 λη’.
2363 2734 2427 2787 El.
2454 2733 2555 2805 τῆς
2580 2734 2804 2804 ἀγάπης
2824 2733 2943 2787 ἐστὶ
2971 2732 3031 2786 τὸ
3064 2728 3441 2802 μακροθυμεῖν
3476 2727 3573 2781 καὶ
3598 2742 3734 2797 χρη-

2147 2827 2459 2891 στεύεσθαι,
2510 2828 2540 2881 ό
2582 2825 2922 2898 θυμομαχῶν
2960 2825 3056 2879 καὶ
3085 2821 3543 2895 πονηρευόμενος,
3576 2817 3734 2872 ἀλλό-

2142 2936 2297 2992 τριος
2310 2918 2557 2990 δηλονότι
2575 2920 2677 2989 τῆς
2712 2919 2932 2988 ἀγάπης
2954 2915 3332 2971 καθιστασται-
3368 2915 3397 2966 ὁ
3430 2911 3488 2966 δὲ
3516 2910 3736 2981 ἀγάπης

2145 3012 2449 3085 ἀλλότριος,
2490 3011 2585 3066 τοῦ
2649 3009 2786 3064 Θεοῦ
2818 3011 2975 3064 ἐστιν
3028 3007 3328 3079 ἀλλότριος,
3358 3005 3518 3073 εἴπερ
3550 3005 3579 3057 ὁ
3606 3002 3735 3068 Θεὸς

2147 3105 2338 3176 ἀγάπη
2372 3104 2510 3160 ἔστί.

2220 3194 2322 3249 λθ’.
2363 3197 2462 3264 Μὴ
2533 3194 2764 3262 εἴπητε,
2814 3192 2983 3262 φησιν
3030 3192 3061 3246 ό
3107 3190 3251 3252 θεῖος
3287 3185 3584 3259 Ἱερεμίας,
3646 3184 3737 3239 ὅτι

2145 3287 2293 3354 ναὸς
2333 3287 2564 3356 Κυρίου
2600 3283 2762 3340 ἐστέ.
2823 3285 2935 3338 Καὶ
2982 3283 3047 3337 σὺ
3081 3280 3156 3353 μὴ
3184 3283 3366 3351 εἴπης,
3393 3279 3475 3333 ὅτι
3515 3279 3581 3331 Ἡ
3606 3275 3734 3346 ψιλὴ

2148 3378 2335 3442 πίστις
2365 3380 2398 3449 ὴ
2424 3379 2506 3442 είς
2535 3378 2625 3431 τὸν
2654 3377 2860 3443 Κύριον
2890 3374 3045 3445 ἡμῶν
3079 3371 3286 3444 Ἰησοῦν
3306 3368 3544 3442 Χριστὸν
3572 3367 3734 3422 δύνα-

2144 3472 2236 3525 ταί
2274 3489 2341 3542 με
2375 3470 2568 3526 σῶσαι.
2614 3469 2923 3540 Ἀμήχανον
2938 3466 3050 3537 γὰρ
3080 3465 3259 3528 τοῦτο,
3287 3462 3385 3518 ἐὰν
3409 3461 3484 3532 μὴ
3510 3460 3606 3514 καὶ
3635 3459 3736 3528 τὴν

2148 3562 2372 3632 ἀγάπην
2403 3564 2483 3625 εἰς
2505 3561 2670 3614 αὑτὸν
2701 3560 2789 3613 διὰ
2818 3557 2929 3611 τῶν
2959 3556 3140 3628 ἔργων
3176 3556 3375 3624 κτήσῃ.
3407 3551 3482 3604 Τὸ
3536 3548 3614 3602 δὲί
3641 3547 3735 3619 ψι-

2149 3651 2255 3718 λῶς
2300 3651 2606 3705 πιστεύεινο
2671 3650 2780 3705 Kal
2820 3649 2893 3703 τὰ
2930 3647 3208 3717 δαιμόνια
3247 3641 3607 3698 πιστεύουσι
3637 3635 3734 3692 καὶ

2147 3744 2470 3813 φίσσουσι.

2222 3843 2299 3906 μ’.
2343 3834 2547 3905 Ἔργον
2595 3832 2821 3902 ἀγάπης
2866 3829 3015 3882 ἐστὶν
3065 3830 3098 3899 ἡ
3155 3827 3236 3891 είς
3277 3826 3368 3879 τὸν
3406 3823 3637 3897 πλησίον
3672 3823 3738 3876 ὲκ

2147 3925 2448 3990 διαθέσεως
2479 3924 2770 3997 εὐεργεσία
2812 3923 2911 3977 καὶ
2944 3919 3299 3992 μακροθυμία
3330 3916 3426 3971 καὶ
3452 3915 3734 3987 ὑπομονήο

2150 4021 2248 4075 καὶ
2276 4019 2338 4072 τὸ
2374 4017 2515 4089 μετὰ
2536 4016 2700 4088 ὀρθοῦ
2731 4014 2893 4083 λόγου
2921 4011 3233 4084 χρήσασθαι
3269 4013 3384 4073 τοῖς
3415 4008 3729 4082 πράγμασι.

2224 4105 2358 4182 μα’.’
2391 4111 2449 4163 ὐ
2493 4107 2727 4177 ἀγαπῶν
2748 4105 2841 4160 τὸν
2865 4104 2998 4159 Θεὸν
3018 4104 3078 4158 οὐ
3108 4104 3291 4166 λυπεῖ,
3322 4100 3447 4155 οὐδὲ
3475 4100 3734 4154 λυπεῖται

2150 4203 2286 4275 πρός
2314 4219 2437 4255 τινα
2470 4201 2562 4255 διὰ
2600 4199 2916 4270 πρόσκαιρα
2936 4213 2950 4228 ·
2986 4197 3117 4265 μίαν
3138 4195 3197 4250 δὲ
3223 4193 3402 4265 λύπην
3437 4195 3535 4248 καὶ
3564 4194 3735 4247 λυπεῖ

2149 4295 2246 4350 καὶ
2283 4295 2540 4348 λυπεῖται
2587 4292 2880 4361 σωτήριον,
2908 4289 2978 4366 ἦν
3017 4290 3046 4341 ό
3080 4286 3352 4358 μακάριος
3398 4284 3612 4349 Παῦλος
3642 4284 3740 4340 καὶ

2149 4386 2421 4460 ἐλυπήθη,
2451 4385 2550 4441 καὶ
2573 4383 2816 4454 ἐλύπησε
2849 4382 2978 4445 τοὺς
3011 4378 3355 4452 Κορινθίους.
3782 4383 3786 4387 ⁴

2225 4567 2335 4639 μβν.
2388 4566 2445 4621 Ὀ
2479 4565 2710 4632 ἀγαπῶν
2742 4562 2834 4616 τὸν
2860 4560 3014 4625 Θεὸν,
3053 4556 3344 4628 ἀγγελικὸν
3375 4556 3489 4626 βίον
3513 4553 3605 4607 ἐπὶ
3633 4552 3737 4622 γῆς

2152 4662 2242 4732 ζῇ,
2283 4657 2561 4729 νηστεύων
2602 4656 2698 4710 καὶ
2735 4652 3056 4726 ἀγρυπνῶν,
3085 4652 3307 4722 ψάλλων
3356 4648 3452 4702 καὶ
3498 4660 3732 4716 προσευ-

2148 4754 2402 4825 χόμενος,
2435 4752 2531 4805 καὶ
2553 4750 2685 4822 περὶ
2714 4747 2915 4815 παντὸς
2940 4745 3231 4819 ἀνθρώπου
3251 4742 3337 4796 ἀεὶ
3356 4739 3494 4793 καλά
3524 4734 3731 4805 λογιζό-

2194 4862 2330 4908 ενος.

2152 4864 2335 5007 μεῖν.ᾷέ
2375 4933 2442 4987 Et
2469 4924 2678 4996 οὗτινός
2725 4946 2811 4990 τις
2864 4926 3143 4999 ἐπιθυμεῖ,
3198 4923 3392 5001 τούτου
3427 4919 3524 4976 καὶ
3551 4919 3738 4988 τυχεῖν

2150 5029 2516 5100 ἀγωνίζεται*
2550 5028 2769 5080 πάντων
2817 5022 2876 5076 δὲ
2909 5022 3017 5076 τῶν
3052 5019 3277 5090 ἀγᾶθῶν
3324 5017 3421 5071 καὶ
3458 5013 3734 5084 ὲπιθυμη⁶

2148 5122 2260 5176 τῶν
2278 5119 2632 5191 ἀγαθώτερον
2660 5116 2723 5170 τὸ
2755 5114 2910 5168 Θείον
2940 5113 3035 5168 καὶ
3069 5110 3542 5184 ὲπιθυμητότερον
3565 5107 3739 5172 ἀσυγ-

2149 5217 2352 5289 κρίτως
2375 5230 2389 5246 ο
2423 5213 2596 5282 πόσην
2621 5209 2729 5281 ἄρα
2770 5208 3009 5278 σπουδὴν
3054 5205 3345 5275 ὀφείλομεν
3376 5197 3735 5266 ἐνδείξασθαι,

2150 5310 2235 5365 ἵνα
2261 5307 2455 5362 τούτου
2477 5303 2572 5359 τοῦ
2592 5303 2754 5374 φύσει
2772 5299 2981 5371 ἀγαθοῦ
3002 5292 3453 5366 καὶὲπιθυμητοῢ
3463 5292 3736 5373 τύχωμεν.

2226 5487 2331 5559 μδ’.
2370 5485 2464 5557 Μὴ
2498 5483 2735 5556 μολύνῃς
2767 5482 2866 5554 τὴν
2892 5480 3072 5553 σάρκα
3104 5495 3198 5532 σου
3231 5477 3287 5530 ὲν
3315 5477 3573 5547 αἰσχραῖς
3603 5473 3740 5546 πρά-

2154 5579 2294 5647 ξεσι,
2335 5576 2432 5630 καὶ
2466 5575 2543 5647 μὴ
2575 5574 2774 5646 μιάνῃς
2797 5573 2898 5644 τὴν
2918 5568 3098 5643 ψυχὴν
3128 5569 3389 5640 πονηροῖς
3425 5565 3740 5636 λογισμοῖςο

2720 5715 2759 5745 ¹¹
2788 5712 2994 5769 Jerem.
3032 5726 3126 5777 vn,
3159 5711 3212 5765 4.
3328 5710 3371 5741 ¹⁹
3400 5709 3516 5765 Jac.
3552 5721 3613 5773 ιι,
3648 5705 3741 5763 l9.
