4070 6450
452 358 564 423 εει

1381 360 1715 425 CAPITUM
1754 366 1851 426 DE
1887 336 2317 425 CHARITATE
2352 365 2737 428 CENTURIA
2775 370 2825 430 Γ.

3604 377 3709 439 970

456 471 610 541 καὶὴ
651 469 842 539 είρήνη
899 467 989 522 τοῦ
1047 469 1183 523 Θεοῦ
1244 470 1601 528 ἐπελεύσεται
1655 477 1749 529 ἐπὶ
1793 478 1873 543 σὲ,
1932 479 2022 547 τὴν

2134 478 2598 547 supervenietque
2664 479 2761 533 tibi
2828 494 2930 548 pax
2981 483 3099 549 Dei,
3140 482 3466 540 cltaritatem
3529 486 3706 541 addu-

452 561 676 632 ἁγάπην
701 562 962 633 φέρουσα.

530 659 634 722 με’.
675 652 863 717 Λῖκιζε
910 652 1008 724 τὴν
1059 654 1241 726 σάρκα
1271 673 1363 708 σου
1389 657 1573 727 ἀσιτίᾳ
1604 659 1698 712 καὶ
1728 660 2030 732 ἀγρυπνίᾳ,

454 747 551 800 καὶ
586 745 848 815 σχόλασον
894 744 1106 809 ἀόκνως
1141 747 1435 818 ψαλμωδίᾳ
1469 748 1563 800 καὶ
1588 755 1901 823 προσευχῇ·
1939 752 2035 806 καὶ

450 842 482 892 ὁ
508 836 782 907 ἁγιασμὸς
806 839 906 905 τῆς
931 838 1287 909 σωφροσύνης
1309 839 1404 892 ἐπὶ
1434 839 1493 891 σὲ
1524 839 1902 908 ἐπελεύσεται,
1933 845 2030 913 τὴν

450 930 673 999 ἀγάπην
703 927 908 999 φέρων.

524 1022 642 1090 μς’.
697 1022 756 1075 ὐ
790 1023 889 1088 τῆς
919 1023 1068 1087 θείας
1112 1023 1473 1088 καταξιωθεὶς
1497 1025 1773 1094 γνώσεως,
1806 1026 1903 1078 καὶ
1935 1024 2026 1077 τὸν

447 1116 651 1182 ταύτης
683 1114 963 1183 φωτισμὸν
1011 1113 1099 1166 διὰ
1146 1118 1246 1185 τῆς
1283 1116 1505 1186 ἀγάπης
1556 1117 1924 1187 κτησάμενος,
1963 1118 2026 1170 οὐ

451 1205 837 1276 ριπισθήσεταί
884 1212 1014 1257 frore
1050 1204 1155 1257 ὑπὸ
1187 1204 1282 1257 τοῦ
1311 1208 1410 1276 τῆς
1450 1206 1756 1272 κενοδοξίας
1783 1207 2030 1275 πνεύμα-

448 1310 540 1358 τος
571 1295 728 1365 [unus
773 1294 901 1365 Reg.
930 1294 1238 1367 Gaipovoﬂ'
1274 1298 1303 1348 ὁ
1332 1296 1388 1348 δὲ
1427 1296 1629 1366 ταύτης
1665 1298 1832 1368 μήπω
1862 1315 2030 1351 κατα-

449 1388 688 1453 ξιωοεὶς,
737 1388 979 1458 εὐχερῶς
1029 1388 1120 1440 ὑπ’
1174 1389 1345 1457 αὐτῆς
1398 1390 1758 1460 περιφέρεται
1785 1388 1936 1461 fodit.
1976 1398 2028 1442 et

446 1495 583 1531 unus
618 1478 746 1549 Reg.
780 1479 1054 1551 φέρεται].
1085 1480 1211 1532 Ἐὰν
1237 1474 1330 1532 οὖν
1353 1481 1380 1533 ὁ
1399 1479 1640 1542 τοιοῦτος
1670 1481 1728 1532 ὲν
1760 1481 1893 1533 πᾶσι
1915 1480 2028 1543 τοῖς

448 1574 540 1625 ὑπ’
572 1571 737 1624 αὑτοῦ
783 1572 1184 1643 πραττομένοις
1214 1570 1352 1641 πρὸς
1390 1570 1482 1623 τὸν
1529 1570 1662 1623 θεὸν
1719 1570 2023 1643 ἀποϐλέψῃ.

442 1662 523 1723 ὼς
552 1662 618 1714 δι’
652 1662 816 1715 αὑτὸν
865 1660 1043 1714 πάντα
1074 1660 1267 1725 ποιῶν,
1306 1660 1503 1733 ῥᾳδίως
1548 1661 1644 1715 σὺν
1675 1659 1796 1731 Θεῷ
1831 1662 2027 1730 ἐκφεύ-

444 1754 594 1817 ξεται
626 1752 818 1823 αὑτήν.

2135 584 2287 623 cens.

2206 660 2294 713 45.
2323 659 2514 730 Alllige
2543 675 2764 715 carnem
2806 670 2953 717 tuam
2991 664 3173 719 inedia
3207 676 3263 720 et
3294 668 3527 738 vigiliis;
3560 672 3708 741 psal-

2134 746 2239 801 mis
2290 746 2420 800 item
2472 748 2831 804 continendis
2871 760 2927 805 et
2967 753 3200 807 orationi
3246 754 3519 812 indefesso
3554 774 3705 825 vaca,

2133 840 2596 910 sapervenictque
2637 840 2740 895 tibi
2783 844 3054 899 castitatis
3098 846 3456 903 sanctimonla
3497 858 3553 904 et
3592 852 3708 921 ipsa

2130 930 2456 985 charitatem
2487 932 2785 987 adducens.

2202 1023 2290 1077 46.
2318 1022 2421 1089 Qui
2446 1023 2689 1078 divinam
2719 1026 3007 1081 scientiam
3034 1029 3297 1097 consequi
3323 1032 3548 1098 meruit,
3565 1033 3710 1102 ejus-

2130 1122 2239 1180 que
2264 1112 2686 1167 illustrationem
2724 1115 3017 1172 charitatis
3049 1132 3153 1187 ope
3186 1122 3544 1188 comparavit,
3571 1138 3716 1175 nun-

2130 1210 2296 1266 quam
2328 1213 2455 1251 eum
2494 1198 2680 1253 in‘anis
2718 1202 2905 1272 gloria:
2944 1205 3174 1274 spiritus
3205 1206 3535 1261 dissuﬂlahit
3568 1226 3581 1262 :
3616 1212 3712 1279 qui

2128 1302 2261 1343 vero
2286 1305 2407 1343 eam
2440 1292 2676 1346 necdum
2708 1304 2900 1349 nactus
2929 1306 3034 1361 est,
3063 1298 3213 1353 illius
3248 1300 3408 1355 facile
3431 1317 3567 1357 aura
3597 1304 3711 1358 cir-

2128 1379 2456 1434 eumfertar.
2485 1380 2656 1450 Igitur
2689 1382 2734 1436 si
2770 1385 2869 1453 qui
2903 1385 3028 1441 talis
3066 1396 3172 1451 est,
3208 1388 3264 1442 in
3298 1390 3555 1446 omnibus
3589 1407 3713 1461 quae

2127 1469 2196 1529 ab
2229 1484 2297 1527 eo
2328 1479 2575 1540 aguntur
2606 1472 2661 1525 in
2690 1472 2862 1529 Deum
2889 1475 3189 1543 aspexerit,
3225 1486 3285 1530 ut
3312 1476 3370 1530 in
3395 1479 3555 1547 cujus
3582 1494 3712 1548 gra-

2126 1562 2259 1616 tiam
2293 1570 2495 1617 cuncta
2521 1572 2805 1632 operetur,
2846 1566 3066 1621 inanem
3093 1567 3324 1637 gloriam
3350 1570 3464 1625 Deo
3486 1571 3727 1642 auspice

2125 1652 2285 1707 facile
2315 1654 2536 1708 vitabit.

520 1843 626 1913 μζ’.
679 1843 738 1896 '0
771 1844 937 1914 μήπω
975 1842 1153 1913 τυχὼν
1198 1842 1300 1913 τῆς
1343 1843 1494 1912 θείας
1518 1841 1772 1914 γνώσεως
1801 1842 1879 1913 (6)
1907 1843 2011 1913 τῆςι

2195 1838 2285 1893 47.
2344 1837 2448 1905 Qui
2494 1841 2734 1897 necdum
2790 1842 3033 1900 divinam
3081 1846 3391 1915 scientiam,
3440 1865 3563 1920 quae
3610 1862 3712 1922 per
3778 1904 3783 1908 .

439 1934 532 1986 διὰ
561 1934 780 2003 ἀγάπης
825 1932 1247 2005 ἐνεργουμένης,
1281 1931 1427 2002 μέγα
1451 1931 1744 2001 φρονεῖὲπὶ
1771 1933 1890 1994 τοῖς
1919 1930 2017 1983 ὑπ’

440 2025 607 2078 αὐτοῦ
636 2024 781 2079 κατὰ
806 2024 938 2077 Θεὸν
971 2023 1388 2094 πραττομένοις.
1420 2014 1492 2077 ’Ὃ
1516 2023 1574 2076 δὲ
1597 2023 1805 2095 ταύτης
1835 2025 2022 2093 τυχεῖν

442 2116 823 2181 καταξιωθεὶς,
859 2117 997 2187 μετά
1022 2116 1317 2180 διαθέσεως
1339 2116 1487 2185 λέγει
1512 2116 1583 2175 τὰ
1608 2116 1702 2172 τοῦ
1750 2116 2018 2187 πατριάρ-

440 2227 537 2279 χου
582 2208 835 2279 Ἀϐραὰμ
870 2210 1112 2279 ῥήματα,
1152 2207 1296 2279 ἅπερ
1341 2209 1504 2278 ἡνίκα
1561 2208 1663 2278 τῆς
1697 2207 1850 2272 θείας
1886 2225 2019 2267 κατ-

440 2299 647 2371 ηξιώθη
670 2300 1013 2369 ἐπιφανείας,
1037 2295 1210 2352 εἶπεν*
1244 2299 1390 2368 Ἐγὼ
1412 2301 1527 2369 ειμι
1553 2300 1630 2369 γῆ
1654 2300 1749 2353 καὶ
1769 2298 2019 2365 σποδός.

513 2399 629 2463 tur.
682 2393 740 2447 '0
785 2392 1123 2463 φοϐούμενος
1153 2391 1244 2445 τὸν
1300 2391 1531 2462 Κύριον,
1592 2391 1880 2461 συνόμιλον
1934 2391 2023 2443 ἀεὶ

436 2486 551 2555 ἔχει
598 2486 697 2555 τὴν
722 2483 1230 2555 ταπεινοφροσύνην
1251 2501 1264 2515 ·
1297 2483 1391 2537 καὶ
1419 2482 1509 2537 διὰ
1542 2482 1651 2536 τῶν
1698 2481 1906 2550 ταύτης
1922 2484 2021 2535 ’ὲν-

435 2577 584 2647 Ουμη
595 2576 801 2646 μάτων,
860 2576 939 2639 είς
966 2574 1065 2645 τὴν
1100 2574 1252 2629 θείαν
1284 2574 1510 2643 ἀγάπην
1537 2573 1633 2627 καὶ
1663 2573 2021 2645 εὐχαριστίαν

436 2667 679 2738 ἔρχεται.
712 2667 1061 2737 Μνημονεύει
1086 2666 1194 2736 γὰρ
1223 2666 1321 2735 τῆς
1351 2664 1496 2719 κατά
1526 2665 1617 2718 τὸν
1653 2664 1858 2734 κόσμον
1886 2680 2021 2734 προ-

435 2759 600 2828 τέρας
624 2758 922 2826 διαγωγῆς,
950 2758 1044 2811 καλ⁸
1076 2757 1184 2810 τῶν
1225 2756 1488 2810 ποικίλων
1533 2754 2020 2827 παραπτωμάτων,

437 2852 533 2904 καί
562 2848 672 2901 τῶν
710 2850 775 2902 ἐκ
798 2848 1049 2919 νεότητος
1089 2845 1415 2917 συμϐάντων
1449 2843 1599 2914 αὑτῷ
1640 2841 1968 2914 πειρασμῶν
1990 2857 2006 2872 ο

437 2939 528 2989 καὶ
547 2936 664 2999 πῶς
683 2936 896 2989 πάντων
916 2935 1136 2989 ἐκείνων
1155 2934 1425 3007 ἐρρύσατο
1447 2934 1612 2989 αὐτὸν
1628 2934 1657 2986 ὁ
1674 2932 1899 3004 Κύριος,
1921 2932 2017 2986 καὶ

442 3030 776 3099 μετέστησεν
824 3029 932 3082 ἀπὸ
978 3028 1078 3098 τῆς
1119 3026 1404 3096 ὲμπαθοῦς
1436 3027 1605 3097 ζωῆς,
1641 3027 1721 3088 είς
1751 3025 1842 3078 τὸν
1875 3023 2020 3078 κατά

434 3120 573 3174 Θεὸν
618 3120 730 3190 βίον
754 3136 767 3149 ·
801 3120 897 3174 καὶ
933 3120 1030 3173 σὺν
1062 3119 1140 3189 τῷ
1174 3119 1345 3189 φόϐῳ,
1396 3115 1883 3189 προσλαμϐάνεται
1926 3112 2021 3167 καὶ

2123 1928 2452 1985 charitatem
2497 1931 2715 1987 amatur
2755 1933 2819 1998 “,
2846 1946 3043 1991 nactus
3070 1946 3174 2001 est,
3217 1941 3388 1994 altum
3432 1942 3597 2011 sapit,
3636 1942 3710 1998 ob

2122 2035 2187 2077 ea
2216 2037 2338 2090 quae
2376 2023 2446 2079 ab
2479 2024 2575 2078 illo
2614 2025 2702 2094 pie
2731 2038 2797 2079 ac
2834 2026 3093 2097 religiose
3138 2040 3400 2100 aguntur.
3444 2034 3547 2098 Qui
3575 2050 3709 2088 vero

2124 2110 2269 2167 hanc
2299 2115 2566 2184 consequi
2608 2117 2833 2180 meruit,
2865 2119 3035 2172 verba
3070 2119 3161 2174 illa
3205 2123 3439 2177 Abrahae
3480 2125 3710 2193 patriar-

2123 2202 2261 2267 chae,
2285 2218 2411 2258 cum
2439 2205 2624 2260 divina
2656 2207 3000 2276 apparitione
3022 2210 3278 2280 dignatus
3303 2222 3408 2279 εει,
3429 2230 3499 2270 ex
3522 2218 3709 2271 animo

2122 2293 2335 2362 profert
2362 2312 2374 2347 :
2412 2294 2527 2366 Ego
2554 2313 2675 2351 sum
2702 2305 2848 2351 terra
2879 2307 2928 2352 et
2951 2301 3083 2353 cinis
3109 2299 3176 2355 “‘.

2194 2383 2283 2437 48.
2323 2383 2427 2451 Qui
2460 2386 2618 2441 timet
2654 2386 2971 2453 Dominum,
3002 2390 3237 2445 modesti
3277 2392 3447 2448 animi
3485 2409 3706 2451 sensum

2121 2474 2205 2545 (id
2234 2486 2340 2542 est,
2361 2477 2755 2551 humilitatem)
2780 2494 3000 2550 semper
3032 2484 3487 2539 contubernalem
3518 2487 3706 2552 habet,

2124 2583 2332 2637 perque
2383 2570 2505 2640 ejus
2556 2572 2747 2625 animo
2790 2572 3151 2629 obversantes
3209 2576 3592 2646 cogitationes,
3638 2579 3707 2633 ad

2123 2654 2367 2711 divinam
2412 2657 2741 2712 charitatem
2790 2667 2847 2714 et
2890 2660 3194 2730 gratiarum
3227 2664 3500 2718 actionem
3536 2666 3706 2720 venit.

2123 2748 2374 2803 Meminit
2416 2749 2565 2803 enim
2611 2751 2813 2820 prioris
2849 2767 2961 2806 suae
2997 2768 3064 2806 ex
3100 2756 3285 2809 saeculi
3316 2772 3417 2813 usu
3447 2757 3592 2822 vitae,
3623 2757 3709 2811 di-

2122 2853 2521 2909 versorumque
2573 2849 2912 2907 erratorum,
2965 2859 3030 2899 ae
3070 2858 3263 2905 earum
3315 2848 3707 2911 tentationum,

2120 2944 2247 2999 qua:
2277 2944 2310 2984 a
2350 2931 2642 3000 iuventute
2686 2932 2763 2987 illi
2806 2934 3131 2989 acciderunt
3172 2952 3186 2988 :
3237 2939 3513 3006 quomodo
3538 2941 3706 2994 etiam

2122 3020 2391 3076 Dominus
2427 3021 2496 3075 ab
2528 3021 2617 3076 his
2654 3023 2912 3079 omnibus
2947 3039 3074 3078 eum
3112 3025 3452 3091 liberaverit,
3478 3038 3643 3098 atque
3676 3046 3709 3084 α

2122 3112 2237 3168 vita
2268 3113 2568 3170 libidinosa
2596 3115 2861 3186 vitiisque
2889 3116 3097 3182 dedita,
3136 3118 3205 3173 ad
3240 3134 3361 3175 eam
3402 3125 3707 3179 transtule—

441 3212 542 3283 τὴν
584 3185 823 3281 ἀγάπην,
856 3185 1196 3281 εὐχαριστῶν
1223 3185 1311 3262 ἀει
1343 3185 1481 3278 με.τά
1510 3185 2020 3277 ταπεινοφροσύνης

2124 3204 2222 3271 rit,
2270 3220 2393 3275 quze
2433 3205 2544 3275 piis
2592 3185 2976 3277 acreligiosis
3009 3208 3262 3263 moribus
3301 3211 3552 3269 instituta
3593 3214 3707 3270 sit:

439 3302 642 3372 πολλῆς
666 3302 746 3373 τῷ
774 3302 1163 3374 εὐεργέτῃ,καὶ
1198 3300 1509 3371 κυϐερνήτῃ
1540 3300 1639 3370 τῆς
1666 3300 1812 3368 ξωῆς
1840 3295 2018 3369 ήμῶν.

2129 3294 2416 3366 ipsamque
2473 3297 2802 3352 charitatem
2852 3311 2979 3351 cum
3033 3297 3230 3354 timore
3272 3302 3525 3365 assumit,
3578 3317 3708 3358 cum

435 3410 631 3466 magna
664 3411 861 3451 sensus
905 3394 1179 3450 modestia
1218 3393 1296 3465 (id
1339 3401 1446 3459 est,
1482 3392 1818 3463 humilitate)
1869 3390 2214 3448 benefactori
2284 3404 2351 3444 ac
2412 3390 2767 3460 gubernatori
2823 3391 2951 3447 vitae
2984 3400 3194 3447 nostrae
3233 3408 3453 3463 semper
3502 3395 3712 3465 gratias

492 3504 628 3543 :ens.

436 3504 628 3650 3‘3?
656 3580 748 3647 Μὴ
780 3577 1040 3649 ρυπώσῃς
1068 3577 1159 3630 τὸν
1214 3576 1339 3630 νοῦν
1374 3594 1491 3643 σου,
1517 3574 1795 3646 λογισμῶν
1824 3575 2015 3644 ἀνεχό-

445 3657 600 3740 μενος
651 3670 948 3741 ἐπιθυμίας
992 3671 1087 3723 καὶ
1133 3669 1330 3740 θυμοῦ,
1383 3669 1469 3723 ἰνα
1516 3668 1593 3738 μὴ
1620 3667 1724 3737 τῆς
1767 3666 2018 3738 καθαρᾶς

443 3760 750 3831 προσευχῆς
791 3758 1066 3827 ἐκπεσὼν,
1100 3759 1180 3831 τῷ
1211 3761 1309 3830 τῆς
1340 3759 1573 3830 ἀκηδίας
1611 3759 1888 3828 πνεύματι
1916 3773 2017 3809 πε-

438 3853 564 3923 ριπέ
572 3869 689 3926 σῃς.

507 3953 571 4000 ν’.
610 3946 686 3999 Τὸ
731 3943 1037 4015 τηνικαῦτα
1076 3945 1109 3997 ό
1153 3942 1277 4007 νοῦς
1316 3944 1416 4014 τῆς
1462 3942 1600 4013 πρὸς
1632 3939 1768 3997 Θεὸν
1811 3940 2024 4010 παρρη-

440 4037 562 4101 σῐας
597 4038 879 4101 ἐκπίπτει,
923 4034 1160 4105 ὁπηνίκα
1201 4034 1521 4105 πονηροῖςῆ
1558 4033 1821 4105 ῥυπαροῖς
1871 4031 2019 4100 λογι-

441 4131 599 4199 σμοῖς
639 4127 924 4197 συνόμιλος
952 4127 1201 4196 γένηται.

511 4226 614 4273 να’.
662 4220 723 4272 '0
756 4221 857 4289 μὲν
885 4221 1075 4290 ἄφρων
1101 4218 1207 4272 ὑπὸ
1231 4217 1340 4271 τῶν
1372 4215 1565 4271 παθῶν
1609 4215 1898 4286 ἀγόμενος,
1931 4215 2021 4269 ὅτε

444 4311 543 4381 μὲν
570 4311 675 4365 ὑπὸ
706 4311 801 4365 τοῦ
819 4311 991 4382 θυμοῦ
1014 4309 1331 4380 κινούμενος
1350 4308 1770 4379 ὲκταράσσεται,
1798 4307 2023 4377 φεύγειν

441 4401 742 4469 ἀλογίστως
788 4400 915 4462 τοὺς
951 4398 1216 4467 ἀδελφοὺς
1260 4397 1574 4464 ἐπείγεται·
1617 4397 1707 4449 ὅτε
1748 4394 1806 4448 δὲ
1856 4394 2019 4446 πάλιν
2050 4428 2092 4481 D

442 4490 547 4542 ὑπὸ
588 4491 689 4561 τῆς
728 4488 1025 4558 ἐπιθυμίας
1083 4486 1524 4557 ἐκθερμαίνεται,
1575 4484 2016 4555 μεταμελόμενος

440 4576 595 4644 αὖθις
639 4579 992 4651 προστρέχων
1042 4577 1277 4646 ἀπαντᾷ.
1326 4576 1385 4627 '0
1412 4574 1469 4627 δὲ
1494 4573 1777 4642 φρόνιμος,
1804 4573 1892 4624 ἐπ’
1917 4571 2018 4640 άμ-

442 4674 685 4743 φοτέρων
739 4670 1047 4725 τούναντίον
1087 4671 1251 4723 ποιεῖ.
1301 4668 1394 4719 ἐπὶ
1433 4664 1532 4737 μὲν
1563 4664 1681 4735 γὰρ,
1704 4663 1797 4717 τοῦ
1818 4660 2013 4733 θυμοῦ,

439 4768 537 4829 τὰς
583 4766 761 4827 αἰτίας
799 4765 898 4834 τῆς
940 4762 1185 4833 ταραχῆς
1234 4759 1496 4828 ἐκκόψας,
1566 4759 1663 4828 τῆς
1707 4756 1846 4826 πρὸς
1889 4755 2016 4816 τοὺς

439 4856 699 4925 ἀδελφοὺς
728 4854 903 4922 λύπης
936 4851 1127 4905 ἑαυτὸν
1154 4850 1518 4903 ἀπαλλάττει·
1554 4847 1649 4898 ἐπὶ
1681 4845 1737 4898 δὲ
1760 4844 1861 4914 τῆς
1890 4845 2016 4896 ἐπτι-

439 4947 661 5017 ουμίας,
685 4947 783 5015 τῆς
808 4944 1004 5012 ἀλόγου
1038 4942 1215 5013 ὁρμῆς
1244 4940 1340 4993 καὶ
1374 4938 1663 5007 συντυχίας
1689 4933 2022 5006 ἐγκρατεύε-

438 5053 544 5091 ται.

508 5212 606 5282 νβ’.
649 5210 739 5264 Ἑν
770 5209 848 5280 τῷ
877 5207 1058 5278 καιρῷ
1084 5206 1192 5260 τῶν
1222 5202 1566 5276 πειρασμῶν,
1596 5201 1673 5273 μὴ
1706 5200 2017 5274 καταλίπῃς

441 5302 500 5353 τὸ
529 5300 892 5371 μοναστήριόν
922 5315 1017 5351 σου
1038 5314 1051 5326 ·
1076 5296 1213 5350 ἀλλὰ
1243 5297 1381 5367 φέρε
1415 5295 1679 5363 γενναίως
1707 5293 1776 5346 τὰ
1796 5292 2018 5363 κύματα

440 5365 546 5443 τῶν
590 5365 903 5460 λογισμῶνῷ,
962 5389 1057 5443 καὶ
1099 5365 1335 5459 μάλιστα
1386 5386 1495 5439 τῶν
1539 5385 1641 5455 τῆς
1692 5383 1870 5455 λύπης
1925 5386 2018 5438 καὶ

440 5484 690 5554 ἀκηδίας.
719 5482 877 5536 Οὕτω
900 5481 1010 5553 γὰρ
1033 5479 1391 5550 οἰκονομικῶς
1410 5478 1486 5550 (g)
1515 5477 1604 5531 διὰ
1635 5475 1745 5530 τῶν
1782 5475 2014 5546 θλίψεων

515 5637 558 5669 ³⁸
585 5636 763 5692 Galat.
797 5655 852 5703 v,
885 5639 938 5693 6.
1017 5638 1061 5670 ’⁸
1087 5636 1227 5692 Gen.
1258 5654 1372 5705 χιχ,
1398 5639 1489 5693 97.

2192 3570 2281 3627 49.
2314 3570 2393 3626 Ne
2415 3569 2736 3641 cupiditatis
2772 3571 2979 3640 iraeque
3007 3573 3376 3642 cogitationes
3401 3576 3707 3644 sustinens,

2124 3659 2372 3715 animum
2428 3668 2584 3713 tuum
2651 3660 2959 3730 pollueris,
3015 3676 3087 3717 ne
3139 3661 3411 3719 orationis
3466 3666 3708 3734 puritate

2125 3753 2349 3817 amissa,
2374 3751 2431 3805 in
2456 3750 2661 3806 acediae
2684 3751 2941 3822 spiritum
2972 3752 3213 3807 indicas.

2199 3925 2287 3982 50.
2326 3927 2481 3981 Tunc
2511 3942 2667 3981 mens
2714 3941 2936 3981 omnem
2971 3926 3040 3982 ad
3063 3927 3235 3981 Deum
3264 3926 3519 3983 ﬁduciam
3545 3929 3709 3985 amit-

2120 4017 2208 4079 tit,
2244 4033 2371 4071 cum
2419 4017 2605 4088 pravis
2643 4017 2995 4088 sordidisque
3034 4018 3466 4091 cogitationibus
3513 4037 3709 4079 assue-

2119 4109 2286 4164 verit.
2449 4169 2454 4173 ,

2192 4204 2279 4257 5|.
2312 4201 2489 4257 Homo
2509 4217 2707 4258 vecors
2732 4201 3049 4273 nulliusque
3066 4202 3263 4275 judicii
3290 4204 3387 4275 qui
3410 4205 3707 4263 affectibus

2119 4312 2184 4352 ac
2231 4297 2463 4352 libidine
2515 4305 2730 4367 agatur,
2778 4304 2894 4351 tum
2944 4297 3192 4367 quidem,
3244 4314 3370 4353 cum
3420 4297 3707 4355 iracundia

2121 4396 2431 4442 commotus
2446 4388 2836 4452 conturbatur,
2866 4387 3099 4444 fratrum
3132 4390 3340 4445 insulse
3365 4392 3705 4447 consortium

2121 4480 2299 4533 vitare
2343 4479 2541 4548 satagit
2589 4496 2602 4531 :
2660 4494 2901 4548 cumque
2957 4494 3153 4534 rursus
3190 4480 3493 4550 cupiditate
3545 4481 3703 4553 ἀοι

2120 4579 2408 4635 exaestuat,
2444 4579 2655 4626 mutato
2685 4587 2882 4637 rursus
2912 4574 3167 4637 consilio,
3194 4574 3415 4629 illorum
3452 4590 3511 4629 se
3546 4576 3707 4629 emti-

2122 4662 2228 4716 bus
2254 4677 2491 4731 propere
2523 4662 2743 4732 ingerit.
2788 4663 2881 4727 At,
2924 4666 3022 4734 qui
3066 4665 3311 4734 prudens
3352 4681 3417 4721 ac
3447 4666 3708 4721 cordatus

2122 4762 2229 4815 est,
2269 4768 2429 4806 secus
2463 4753 2520 4806 in
2550 4754 2799 4825 utrisque
2827 4771 2885 4808 se
2916 4755 3095 4826 gerit:
3134 4756 3418 4811 iracundia
3442 4756 3590 4811 enim
3618 4758 3706 4811 in-

2124 4845 2385 4909 stinctus,
2418 4844 2621 4899 excisis
2646 4845 3044 4916 indignationis
3082 4849 3286 4913 causis,
3313 4848 3463 4903 omni
3491 4864 3549 4903 se
3577 4865 3709 4919 erga

2128 4932 2329 4989 fratres
2372 4934 2693 4990 morositate
2728 4936 3002 5005 absolvit;
3039 4938 3363 5008 cupiditatis
3397 4954 3531 4993 vero
3569 4948 3707 4993 aestu

2127 5037 2345 5096 agente,
2402 5041 2433 5079 a
2483 5040 2687 5081 vesano
2737 5028 2948 5098 impetu
2998 5045 3063 5084 ac
3108 5044 3407 5101 congressu
3459 5042 3519 5082 se
3573 5037 3710 5082 tem-

2127 5126 2303 5186 perat.

2199 5207 2287 5262 52.
2329 5205 2451 5272 Quo
2482 5213 2730 5272 tempore
2769 5208 3107 5263 tentationes
3138 5208 3424 5279 ingruunt,
3451 5225 3523 5264 ne
3544 5209 3715 5264 dese—

2125 5312 2216 5352 ras
2243 5297 2644 5352 monasterium
2676 5305 2867 5363 tuum;
2899 5300 3033 5368 quin
3068 5310 3295 5355 strenue
3334 5301 3477 5357 ferto
3508 5302 3714 5357 ﬂuctus

2125 5386 2558 5457 cogitationum;
2594 5386 2905 5456 praesertim
2943 5403 3079 5443 vero
3114 5389 3353 5445 tristitiae
3389 5400 3445 5445 ct
3480 5390 3711 5446 accdite.

2125 5475 2216 5532 Sic
2242 5476 2391 5532 enim
2432 5483 2584 5531 certa
2620 5474 3038 5546 dispensatione
3081 5496 3181 5551 per
3226 5481 3553 5537 alllictiones
3583 5496 3709 5550 pro~

512 5770 585 5843 (g)
618 5773 781 5826 Οῢτω
811 5775 919 5843 γὰρ
948 5776 1357 5843 οἰκονομικῶς.
1428 5776 1513 5831 Sic
1537 5776 1777 5846 provide,
1814 5790 1877 5828 ac
1932 5790 2022 5844 (ιιιι

2124 5773 2359 5840 reddidi,
2393 5784 2537 5831 certa
2562 5777 2973 5849 dispensatione.
3026 5776 3117 5832 Sic
3174 5792 3229 5830 ιι.
3258 5774 3358 5829 50:
3399 5774 3509 5846 Τῆς
3557 5786 3715 5827 κενο-

842 5868 1106 5929 PATnnL.
1152 5870 1266 5928 Gn.
1309 5870 1432 5931 XC.

3270 5866 3337 5924 31
