4070 6416
443 413 550 475 973

1363 401 1695 460 CAPlTUM
1741 401 1834 459 DE
1865 360 2304 458 ΕΠᾹΙἨΤᾸΤΕ
2346 398 2731 459 CEN'i'UlllA
2774 403 2821 461 Ι.

3595 400 3702 466 971

451 568 454 570 -
518 520 619 590 ξα’.
662 517 812 589 Ἐγὼ
841 517 1083 583 δὲλέγω
1118 515 1279 584 ὑμῖν,
1321 517 1485 586 φησὶν
1513 518 1541 568 6
1586 514 1823 584 Κύριος·
1865 514 2021 580 Ἄτα-

2189 514 2278 567 6|.
2311 513 2423 584 Ego
2443 526 2622 568 autem
2654 515 2769 569 dico
2793 517 2954 579 vobis,
2979 517 3115 571 dicit
3145 514 3415 572 Dominus
3441 558 3456 582 ,
3491 519 3706 592 Diligite

447 613 599 668 πᾶτε
628 611 771 675 τοὺς
789 608 1042 678 ἐχθροὺς
1070 605 1271 675 ὺμῶντ
1299 605 1500 670 καλῶς
1527 606 1749 659 ποιεῖτε
1777 603 1902 669 τοῖς
1923 621 2020 672 μι-

445 705 675 760 σοῦσιν
735 701 915 771 ὑμᾶς·
970 700 1385 768 προσεύχεσθε
1425 699 1576 766 ὑπὲρ
1611 697 1729 750 τῶν
1769 698 2022 764 ἐπηρεα-

448 797 669 858 ζόντων
706 793 880 863 ὑμᾶς.
931 794 1032 844 ,Διά
1068 791 1122 842 τί
1173 791 1346 843 ταῦτα
1396 790 1759 859 προσέταξεν;
1791 791 1908 842 Ἰνα
1963 805 2023 840 σε

452 890 644 958 μίσους
669 887 761 939 καὶ
793 884 970 948 λύπης
1024 882 1119 934 καὶ
1149 881 1318 951 ὀργῆς
1350 881 1443 934 καὶ
1476 881 1841 950 μνησικακίας
1871 880 2024 931 ἐλευ-

449 976 689 1049 θερώσῃ,
743 977 838 1028 καὶ
896 972 989 1027 τοῦ
1051 973 1308 1042 μεγίστου
1352 973 1627 1042 κτήματος
1677 972 1776 1041 τῆς
1813 971 2024 1032 τελείας

445 1076 669 1144 ἀγάπης
726 1069 1072 1140 καταξιώσῃο
1125 1069 1191 1138 ἢν
1229 1067 1510 1137 ἀμήχανον
1569 1065 1734 1135 ἔχειν,
1795 1065 1886 1118 τὸν
1951 1065 2024 1135 μὴ

449 1169 656 1230 πάντας
721 1163 1039 1234 ἀνθρώπους
1099 1161 1161 1224 ἐξ
1216 1161 1330 1213 ῐσου
1379 1159 1682 1226 ἀγαπῶντα
1747 1158 1888 1211 κατά
1941 1157 2027 1228 μί-

451 1276 620 1329 μησιν
653 1256 810 1317 Θεοῦ,
848 1254 943 1306 τοῦ
995 1254 1208 1314 πάντας
1258 1247 1580 1322 ἀνθρώπους
1627 1251 1684 1315 ἐξ
1731 1249 1846 1302 ἴσου
1893 1251 2026 1317 ἀγα-

451 1351 694 1412 πῶντος,
742 1349 837 1401 καὶ
893 1346 1137 1407 Θέλοντος
1173 1343 1412 1413 σωθῆναι
1459 1344 1553 1395 καὶ
1603 1344 1682 1404 είς
1733 1340 2026 1409 ἐπίγνωσιν

449 1443 711 1511 ἀληθείας
750 1439 944 1492 ἐλθεῖν.

527 1533 622 1602 ξβκ
668 1529 817 1600 Ἐγὼ
861 1529 930 1582 δὲ
981 1528 1137 1598 λέγω
1187 1525 1366 1593 ῠμῦν
1400 1523 1494 1592 Μὴ
1543 1522 1899 1591 ἀντιστῆναι
1949 1521 2027 1586 τῷ

452 1623 728 1690 πονηρῷ·
775 1623 913 1676 ἀλλ’
951 1620 1120 1684 ὅστις
1145 1635 1219 1672 σε
1253 1617 1502 1685 ﬁcu-aleret
1528 1615 1627 1667 ἐπὶ
1666 1614 1780 1680 τὴν
1821 1612 2028 1676 δεξιὰν

450 1716 729 1785 σιαγόνα,
752 1712 1022 1781 στρέψον
1051 1708 1211 1774 αὐτῷ
1250 1707 1350 1761 καὶ
1388 1709 1503 1775 τὴν
1546 1706 1746 1768 ἀλλην
1770 1722 1785 1736 ο
1821 1705 1918 1757 καὶ
1949 1701 2027 1767 τῷ

452 1808 694 1863 θέλοντι
721 1822 819 1859 σοι
855 1803 1126 1871 κριθῆναι
1151 1801 1243 1854 καὶ
1277 1801 1383 1853 τὸν
1404 1797 1632 1868 χιτῶνά
1655 1813 1771 1850 σου
1795 1795 2023 1858 λαϐεῖν,

449 1898 604 1966 ἄφες
629 1893 788 1959 αὐτῷ
823 1896 921 1947 καὶ
958 1893 1024 1946 τὸ
1070 1891 1332 1961 ίμιίτιονο
1365 1879 1484 1942 καί
1519 1886 1596 1952 τῷ
1636 1886 2027 1955 ἀγγαρεύοντί

453 2007 530 2044 σε
560 1991 767 2059 μίλιον
797 1987 885 2050 ἓν,
917 1987 1107 2055 ὕπαγε
1135 1985 1260 2054 μετ’
1291 1981 1477 2036 αὐτοῦ
1509 1979 1759 2035 δύο.Διά
1786 1979 1871 2043 τί;
1913 1979 2028 2030 Ἵνα

455 2085 550 2138 καὶ
579 2083 635 2134 σὲ
663 2083 929 2152 ἀόργητον
956 2080 1047 2131 καὶ
1065 2078 1336 2147 ἀτάραχον
1367 2072 1670 2144 διαφυλὰξῃ
1693 2071 1786 2125 καὶ
1801 2071 2027 2132 ἄλυπον,

455 2177 707 2228 κάκεῖνον
751 2172 840 2226 διὰ
892 2173 989 2242 τῆς
1039 2172 1136 2240 σῆς
1192 2167 1541 2230 ἀνεξικακίας
1596 2164 1897 2236 παιδεύσῃ,
1936 2163 2032 2216 καὶ

455 2265 799 2337 ἀμφοτέρους
824 2263 898 2327 ὡς
931 2261 1133 2331 ἀγαθὸς
1168 2261 1272 2315 ὑπὸ
1307 2260 1398 2314 τὸν
1457 2257 1618 2327 ζυγὸν
1650 2257 1747 2327 τῆς
1808 2250 2060 2326 ἁγάπης”

457 2372 667 2426 αγαγῃ.

531 2447 628 2515 Er.
666 2446 808 2516 Πρὸς
853 2445 996 2514 άπερ
1043 2440 1346 2515 πράγματά
1391 2457 1523 2493 ποτε
1575 2437 1923 2506 πεπόνθαμεν
1947 2436 2031 2506 (j),

457 2541 664 2594 τούτων
713 2540 808 2591 καὶ
853 2538 955 2600 τὰς
989 2535 1289 2606 φαντασίας
1334 2534 1598 2604 ἐμπαθεῖς
1639 2530 2030 2601 περιφέρομεν.

469 2633 532 2686 '0
564 2628 656 2684 οὖν
682 2631 779 2692 τὰς
808 2628 1072 2698 ἐμπαθεῖς
1100 2627 1264 2682 νικῶν
1292 2626 1609 2695 φαντασίας,
1639 2625 1730 2677 καὶ
1756 2623 1864 2675 τῶν
1894 2638 2034 2690 πρα-

458 2723 685 2794 γμάτων
709 2715 783 2774 ὧν
807 2721 880 2774 αἱ,
906 2717 1196 2788 φαντασίαι
1219 2718 1432 2778 πάντως
1465 2714 1794 2785 καταφρονεῖ
1814 2727 1826 2740 °
1848 2709 2036 2780 ἐπειδὴ

458 2815 553 2869 τοῦ
589 2815 723 2885 πρὸς
753 2813 823 2866 τὰ
860 2813 1162 2882 πράγματα
1186 2808 1422 2878 πολέμου
1449 2809 1477 2858 6
1510 2806 1645 2876 πρὸς
1683 2804 1780 2866 τὰς
1815 2803 2036 2874 μνήμας

457 2907 714 2960 τοσοῦτόν
745 2907 862 2958 ἐστι
887 2901 1304 2975 χαλεπώτερος,
1337 2901 1460 2952 ὅσον
1488 2898 1580 2950 τοῦ
1612 2896 1731 2950 κατ’
1759 2897 2036 2966 ἐνέργειαν

460 3000 820 3072 ἁμαρτάνειν,
843 2999 903 3051 τὸ
931 2995 1074 3050 κατά
1096 2995 1332 3049 διάνοιαν
1358 2995 1504 3046 ἐστιν
1532 2989 1928 3060 εὐκοπώτερον.

541 3291 632 3356 ξδ’.
668 3289 790 3344 Τῶν
820 3288 1011 3343 παθῶν
1040 3288 1108 3342 τὰ
1148 3288 1248 3359 μέν
1284 3289 1400 3340 ἐστι
1437 3283 1724 3356 σωματικά
1759 3283 1856 3354 (7),
1885 3283 1954 3336 τά
1987 3282 2042 3336 δὲ

456 3383 688 3454 ψυχικά.
733 3381 844 3434 Καὶ
872 3381 940 3434 τὰ
969 3380 1068 3451 μὲν
1097 3379 1408 3451 σωματικὰ,
1429 3379 1494 3431 ἐκ
1523 3377 1618 3429 τοῦ
1648 3375 1901 3446 σώματος
1930 3373 2043 3446 ἔχει

461 3477 564 3540 τὰς
590 3475 878 3546 ἀφορμάς·
910 3473 978 3528 τὰ
1035 3473 1092 3527 δὲ
1132 3472 1358 3544 ψυχικά,
1401 3473 1467 3524 ἐκ
1510 3471 1618 3524 τῶν
1650 3468 1849 3536 ἔξωθεν
1898 3485 2043 3537 πρα-

461 3569 712 3639 γμάτων.
748 3566 1060 3639 Ἀμφότερα
1077 3566 1132 3618 δὲ
1159 3566 1476 3638 περικόπτει
1505 3565 1694 3632 ἀγάπη
1715 3565 1810 3616 uati.
1841 3559 2046 3630 ἐγκρά-

463 3671 588 3706 τεια
611 3672 622 3684 ·
659 3655 693 3724 ὴ
727 3655 845 3723 μὲν,
874 3653 944 3707 τά
976 3653 1186 3724 ψυχικά
1205 3669 1217 3682 °
1243 3654 1277 3723 ἡ
1301 3653 1382 3717 δὲ,
1410 3652 1479 3705 τὰ
1521 3651 1830 3722 σωματικά.

541 3745 635 3810 ξε’.
672 3747 752 3798 Τά
786 3747 884 3816 μὲν
916 3745 1025 3797 τῶν
1057 3744 1266 3810 παθῶν,
1305 3743 1399 3796 τοῦ
1426 3743 1657 3814 θυμικοῦ
1681 3760 1695 3775 ο
1730 3743 1800 3797 τὰ
1849 3744 1908 3797 δὲ
1947 3744 2044 3798 τοῦ

459 3837 865 3908 ἐπιθυμητικοῦ
916 3837 1114 3906 μέρους
1141 3839 1240 3906 τῆς
1268 3835 1465 3906 ψυχῆς,
1516 3835 1797 3905 τυγχάνει.
1839 3835 2046 3905 Ἀμφό-

466 3948 605 4001 cepa.
639 3931 719 3994 δὲ,
749 3929 837 3982 διὰ
865 3929 972 3981 τῶν
1002 3927 1306 3998 αἰσθήσεων
1342 3929 1596 3980 κινεῖται.
1625 3925 1758 3980 Τότε
1790 3926 1848 3980 δὲ
1881 3929 2046 3980 κινεῖ-

465 4042 580 4082 ται,
616 4023 703 4074 ὅτε
734 4021 953 4091 ἀγάπης
990 4022 1023 4091 ἡ
1051 4019 1198 4090 ψυχὴ
1231 4018 1327 4071 καὶ
1352 4017 1678 4088 ἐγκρατείας
1706 4018 1862 4081 ἐκτὸς
1897 4017 2044 4087 εὑρί-

470 4133 686 4170 σκεται.

546 4205 654 4270 ξς’.
700 4205 1186 4274 Δυσκαταγώνιστα
1220 4203 1418 4274 μᾶλλον
1444 4202 1510 4256 τὰ
1535 4203 1629 4255 τοῦ
1672 4201 1908 4272 θυμικοῦ
1949 4202 2047 4272 μέ-

471 4314 600 4368 ρους
621 4297 719 4367 τῆς
746 4296 923 4367 ψυχῆς
960 4295 1106 4366 πάθη
1129 4295 1229 4368 (8),
1255 4294 1406 4366 παρὰ
1435 4294 1502 4348 τά
1529 4293 1622 4348 τοῦ
1651 4293 2048 4364 ἐπιθυμητικοῦ

467 4390 748 4459 τυγχάνει.
773 4390 862 4442 Διὸ
899 4391 992 4442 καὶ
1024 4389 1206 4459 μεῖζον
1238 4389 1300 4442 τὺ
1334 4389 1624 4459 φάρμακον
1654 4387 1774 4440 κατ’
1797 4385 1984 4451 αὑτοῦ,
2017 4388 2050 4457 ἠ

469 4481 662 4551 ἐντολὴ
692 4483 789 4550 τῆς
820 4482 1041 4551 ἀγάπης
1066 4481 1174 4534 ὑπὸ
1205 4480 1298 4533 τοῦ
1329 4481 1535 4552 Κυρίου
1567 4479 1744 4550 ἐδόθη.

547 4549 661 4636 ξςιξ
681 4549 866 4626 Πάντα
899 4575 968 4626 τά
999 4549 1139 4626 ἀλλα
1169 4572 1338 4640 πάθη,
1461 4572 1557 4624 τοῦ
1586 4549 1823 4641 θυμικοῧ
1853 4572 2051 4642 μέρους
2088 4549 2128 4602 ί)

469 4667 575 4734 τῆς
605 4665 802 4735 ψυχῆς,
829 4666 862 4736 ἢ
889 4665 982 4718 τοῦ
1019 4665 1420 4736 ἐπιθυμητικοῦ
1449 4665 1611 4735 μόνον
1647 4666 1985 4733 ἐφάπτεται·
2018 4663 2050 4734 ἢ

471 4757 573 4811 καὶ
603 4758 696 4810 τοῦ
726 4757 1054 4825 λογιστικοῦ,
1082 4757 1157 4820 ὼς
1194 4758 1227 4826 ή
1260 4757 1396 4828 λήθη
1445 4757 1541 4810 καὶ
1584 4760 1617 4828 ὴ
1653 4758 1876 4826 ἄγνοια·
1925 4760 1956 4828 ἡ
1995 4758 2051 4809 δὲ

471 4850 695 4919 ἁκηδία,
727 4850 917 4903 πασῶν
950 4849 1058 4902 τῶν
1083 4849 1184 4919 τῆς
1209 4849 1390 4922 ψυχῆς
1420 4851 1702 4919 δυνάμεων
1735 4850 2054 4921 ἐπιδραττο-

477 4941 640 5010 μένη,
681 4941 859 4994 πάντα
888 4941 1074 5008 σχεδὸν
1106 4939 1452 5010 ὁμοθυμαδὸν
1482 4942 1627 4992 κινεῖ
1666 4939 1733 4992 τά
1761 4939 1926 5009 πάθῃ.
1964 4937 2054 4991 Διὸ

473 5037 571 5085 καὶ
607 5033 822 5084 πάντων
858 5033 967 5085 τῶν
996 5031 1172 5084 ἄλλων
1213 5031 1402 5086 παθῶν
1436 5035 1554 5085 ἐστι
1591 5032 1914 5103 βαρύτατον.
1944 5035 2056 5085 Κα-

473 5123 586 5184 λῶς
613 5119 704 5175 οὖν
733 5124 760 5174 6
792 5122 992 5192 Κύριος
1023 5122 1084 5175 τὸ
1113 5123 1230 5176 κατ’
1263 5123 1433 5193 αὐτῆς
1453 5123 1742 5193 φάρμακον
1775 5125 2022 5187 δεδωκὼς
2040 5166 2054 5188 ,

492 5215 597 5265 Ἑν
629 5214 700 5282 τῇ
741 5215 1019 5285 ὑπομονῇ
1048 5215 1236 5286 ὑμῶν,
1260 5217 1432 5286 λέγει,
1469 5218 1784 5287 κτήσασθε
1822 5220 1927 5284 τὰς
1950 5223 2059 5286 Ψυ·

480 5308 594 5372 χίις
622 5307 804 5374 ὑμῶν.

557 5424 600 5452 ²¹¹
634 5425 826 5478 Matth.
857 5442 910 5490 ι’,
938 5427 1026 5480 44.
1103 5426 1147 5456 ’³
1174 5425 1196 5480 1
1232 5427 1374 5482 Tim.
1404 5444 1460 5492 ιι,
1488 5428 1540 5481 3.

558 5563 644 5632 (j)
697 5561 1050 5632 Πρύςνᾼᾶπερ
1097 5560 1412 5632 πράγματὰ
1469 5579 1612 5614 ποτε
1651 5565 2057 5630 πεπόνθαμεν.

481 5630 634 5689 Nihil
667 5633 760 5686 hic
798 5630 1019 5686 diﬂicile
1057 5631 1164 5686 nisi
1194 5632 1319 5701 quis
1352 5633 1512 5699 plane
1539 5633 1741 5701 hospes
1769 5634 1820 5687 in
1874 5634 2060 5687 scien-

485 5704 564 5756 tia
596 5719 808 5756 morum
834 5711 889 5755 et
920 5703 1218 5755 all‘ectuum
1253 5700 1499 5771 (totaque
1543 5700 1659 5770 ipsa
1697 5703 1928 5771 Gnecia)
1966 5705 2058 5769 sit,

481 5781 680 5842 quales
715 5772 994 5842 seObsop.
1018 5782 1073 5824 et
1106 5772 1272 5826 Gesn.
1310 5772 1633 5842 ostendunt,
1661 5772 1790 5824 dum
1824 5775 1905 5826 sic
1937 5775 2063 5827 red-

483 5840 629 5897 dunt
661 5883 675 5908 ,
727 5841 872 5908 Quas
898 5859 978 5896 res
1019 5844 1288 5910 quondam
1318 5840 1558 5896 dolenter
1583 5844 1917 5911 pertulimus,
1953 5853 2061 5899 etc.

1619 5428 1664 5459 ’³
1693 5429 1882 5484 Matth.
1912 5449 1966 5498 ν,
1999 5436 2088 5501 59,
2118 5436 2209 5489 41.

2122 607 2361 660 inimicos
2379 615 2609 671 vestros;
2632 609 2920 678 benefacite
2941 611 3024 671 iis,
3051 612 3140 679 qui
3164 611 3388 666 oderunt
3406 628 3495 666 vos
3515 630 3533 667 :
3557 623 3706 669 orata

2123 711 2220 766 pro
2244 695 2698 757 calumniantibus
2741 713 2832 751 vos
2870 699 2936 751 “2
2974 699 3248 764 Quorsum
3293 702 3410 756 lucc
3449 703 3527 756 illi
3568 719 3707 773 prte-

2123 789 2322 858 ccpta?
2359 790 2430 845 Ut
2459 791 2722 844 nimirum
2758 791 2829 844 ab
2852 790 2982 846 odio
3014 801 3070 844 et
3095 793 3318 846 tristitia
3349 805 3404 846 et
3441 795 3520 848 ira
3542 807 3597 850 et
3624 797 3704 850 si-

2124 881 2352 934 multate
2407 881 2616 934 liberos
2679 888 2985 948 praestaret,
3034 897 3203 949 reque
3258 885 3530 948 omnium,
3583 902 3706 953 qua:

2125 973 2317 1027 haberi
2355 982 2608 1042 possunt,
2654 973 2890 1027 maxima
2931 971 3284 1041 dignaretur;
3325 974 3565 1042 perlecta
3599 975 3707 1029 δοῖ-

2124 1066 2256 1120 licet
2290 1066 2558 1120 charitate
2606 1084 2620 1119 :
2671 1080 2778 1135 qua
2820 1065 3112 1135 praeditum
3187 1080 3308 1118 esse
3364 1065 3706 1133 impossibile

2124 1167 2229 1223 est,
2269 1160 2364 1229 qui
2397 1175 2591 1214 omnes
2622 1159 2875 1213 homines
2906 1174 2972 1212 ex
3003 1173 3161 1225 {equo
3201 1173 3310 1209 non
3347 1157 3573 1226 diligat;
3611 1159 3706 1212 Dei

2126 1251 2341 1308 scilicet
2383 1251 2716 1314 imitatione,
2769 1250 2863 1320 qui
2915 1264 3170 1319 peraeque
3219 1265 3413 1303 omnes
3457 1251 3708 1305 homines

2126 1343 2326 1412 diligit,
2366 1345 2593 1413 vultque
2633 1358 2736 1396 eos
2782 1342 2963 1396 salvos
3005 1341 3146 1402 lieri,
3183 1350 3238 1393 et
3265 1343 3333 1393 ad
3363 1341 3706 1410 agnitionem

2126 1438 2378 1490 veritatis
2412 1437 2601 1490 venire
2633 1437 2700 1488 ³⁷.

2196 1529 2284 1582 62.
2320 1529 2430 1598 Ego
2459 1539 2635 1582 autem
2676 1527 2788 1580 dico
2813 1529 2986 1582 vobis:
3011 1528 3128 1580 Non
3151 1529 3392 1580 resistere
3422 1525 3586 1588 malo,
3619 1526 3709 1578 sed

2126 1621 2172 1673 si
2205 1622 2320 1690 quis
2358 1630 2407 1673 te
2452 1621 2765 1691 percusserit
2812 1623 2864 1673 in
2905 1620 3177 1673 dexteram
3223 1617 3526 1680 maxillam,
3568 1625 3712 1670 verte

2127 1712 2210 1766 illi
2234 1721 2282 1765 et
2317 1711 2562 1768 alteram.
2598 1712 2667 1765 Et
2700 1714 2766 1775 ei,
2804 1713 2891 1782 qui
2920 1711 3046 1764 velit
3080 1720 3246 1764 tecum
3262 1712 3467 1781 judicio
3491 1717 3707 1764 conten-

2128 1805 2270 1868 dere,
2303 1812 2351 1857 et
2379 1805 2612 1857 tunicam
2641 1811 2788 1856 tuam
2814 1803 3016 1867 tollere,
3053 1803 3257 1856 dimitte
3282 1803 3330 1856 ei
3357 1811 3404 1855 et
3439 1801 3667 1872 pallium
3692 1815 3709 1852 τ

2138 1903 2187 1947 et
2212 1895 2302 1965 qui
2330 1903 2377 1947 te
2408 1894 2643 1964 adegerit
2673 1893 2743 1946 ad
2769 1910 2938 1946 unum
2971 1891 3307 1957 milliarium,
3339 1891 3469 1944 vade
3502 1907 3619 1943 cum
3653 1905 3712 1942 eo

2135 1992 2187 2038 et
2215 1983 2326 2037 alia
2344 1984 2446 2037 duo
2473 1985 2538 2036 ’⁵.
2566 1982 2841 2048 Quorsum
2864 1981 3016 2036 haec?
3040 1981 3111 2036 Ut
3143 1990 3201 2035 et
3229 1988 3282 2034 te
3319 1979 3388 2032 ab
3428 1979 3577 2036 omni
3610 1979 3714 2031 ira-

2138 2077 2339 2134 cundia
2361 2086 2416 2132 et
2441 2077 2757 2132 turbatione
2787 2091 2850 2130 ac
2873 2073 3097 2130 tristitia
3115 2073 3415 2126 immunem
3439 2079 3710 2132 servaret,

2137 2179 2194 2225 et
2220 2179 2314 2224 tua
2339 2170 2634 2224 tolerantia
2675 2169 2831 2222 illum
2867 2166 3134 2229 erudiret,
3166 2163 3491 2232 ambosque,
3529 2169 3588 2215 ut
3617 2160 3715 2231 qui

2139 2264 2320 2318 bonus
2355 2263 2602 2325 exsistat,
2633 2275 2738 2315 suo
2769 2257 3082 2313 dilectionis
3107 2270 3179 2308 ac
3215 2252 3499 2308 charitatis
3523 2253 3716 2323 jugum

2140 2362 2381 2426 cogeret.

2213 2449 2302 2502 6'5.
2331 2446 2541 2514 Quibus
2571 2444 2738 2498 rebus
2769 2443 3098 2513 quandoque
3142 2444 3325 2499 allecti
3366 2441 3592 2503 luimus,
3626 2438 3725 2491 ha-

2143 2555 2266 2594 rum
2287 2553 2510 2608 quoque
2527 2536 2853 2590 libidinosas
2874 2535 3237 2605 cogitationes
3257 2531 3718 2588 circumferimus.

2143 2633 2248 2700 Qui
2307 2632 2475 2701 igitur
2526 2629 2854 2682 libidinosas
2900 2627 3072 2679 vincit
3111 2625 3500 2691 cogitationes,
3553 2620 3722 2675 etiam

2144 2742 2254 2786 res,
2287 2737 2521 2794 quarunt
2549 2731 2681 2774 sunt
2719 2719 3102 2788 cogitationes,
3138 2716 3367 2770 omnino
3393 2711 3720 2768 contemnit.

2145 2819 2320 2873 Tanto
2353 2816 2501 2871 enim
2545 2813 2786 2883 gravius,
2819 2809 2966 2879 quod
3001 2809 3272 2864 adversus
3319 2821 3506 2860 rerum
3551 2805 3726 2858 simu-

2144 2914 2313 2975 lacra,
2363 2911 2417 2964 in
2462 2907 2725 2963 memoria
2773 2905 2987 2968 relicta,
3022 2919 3186 2972 quam
3221 2901 3368 2973 quod
3409 2906 3600 2954 contra
3631 2910 3724 2949 res

2146 3007 2314 3076 ipsas,
2364 3002 2569 3056 bellum
2615 3001 2880 3070 gerimus,
2929 3007 3135 3067 quanto
3182 2992 3484 3064 proclivius
3534 2998 3620 3045 est
3665 2997 3725 3043 ut

2148 3107 2330 3152 mente
2380 3110 2443 3150 ac
2493 3093 2848 3164 cogitatione,
2895 3105 3060 3160 quam
3102 3097 3164 3142 ut
3213 3087 3332 3157 ipso
3385 3093 3512 3139 actu
3559 3091 3726 3151 atque
3787 3147 3790 3150 _

2067 3208 2110 3266 ρ
2143 3210 2309 3270 opere
2332 3203 2648 3263 peccemus.

2215 3289 2303 3344 6-4.
2354 3285 2691 3342 Αίῐεοιιιιιιιι,
2742 3277 2834 3330 alii
2883 3273 3204 3344 corporales
3253 3278 3403 3334 sunt,
3451 3268 3545 3323 alii
3604 3267 3726 3320 ani-

2144 3382 2335 3436 males.
2377 3378 2454 3430 Ac
2485 3373 2709 3443 quidem
2739 3367 3076 3437 corporales,
3114 3380 3178 3417 ex
3214 3376 3444 3431 corpore
3484 3357 3730 3414 occasio-

2145 3489 2246 3529 nes
2279 3469 2485 3524 habent
2518 3485 2531 3518 :
2565 3462 2830 3517 animales
2855 3473 3009 3519 vero,
3035 3472 3102 3509 ex
3131 3455 3240 3508 illis
3270 3470 3393 3522 qtue
3424 3461 3554 3506 sunt
3591 3451 3727 3504 foris

2145 3561 2502 3636 proveniunt.
2548 3555 2821 3620 Utrosquc
2872 3563 3008 3603 vero
3070 3555 3324 3600 resecaut
3372 3544 3616 3598 eharitas
3671 3551 3728 3596 et

2146 3651 2518 3712 continentia:
2551 3647 2664 3709 illa,
2694 3643 2998 3703 animales;
3030 3640 3164 3702 haec,
3199 3638 3531 3706 corporales.

2217 3747 2305 3801 65.
2337 3741 2672 3798 Απροιιιιιιιι,
2715 3734 2807 3788 alii
2845 3731 3138 3785 irascentis
3167 3729 3338 3782 animi
3371 3728 3548 3797 partis
3573 3735 3725 3788 sunt,

2147 3839 2240 3894 alii
2285 3829 2750 3902 concupiscentis.
2801 3827 3032 3894 Utrique
3079 3838 3212 3876 vero
3253 3835 3515 3875 sensuum
3558 3834 3730 3888 opera

2147 3937 2461 3985 moventur.
2509 3924 2774 3990 Tuncque
2822 3917 2960 3971 adeo
3011 3914 3224 3968 moveri
3268 3911 3560 3980 contingit,
3603 3926 3728 3963 cuni

2148 4021 2307 4093 403
2358 4018 2575 4073 animus
2615 4022 2771 4066 extra
2825 4007 3150 4062 charitatern
3224 4002 3733 4069 continentiamque

2144 4107 2444 4164 exstiterit.

2220 4222 2308 4278 66.
2334 4216 2626 4274 Irascentis
2646 4214 2812 4268 animi
2837 4211 3010 4283 partis
3029 4209 3257 4262 aliectus
3280 4205 3555 4260 difﬁcilius
3577 4203 3739 4273 longe

2152 4311 2452 4384 expugnari
2479 4317 2741 4380 possunt,
2799 4320 2962 4375 quam
3001 4299 3464 4370 concupiscentis.
3529 4296 3738 4350 Idcirco

2152 4407 2317 4462 etiam
2349 4405 2525 4474 majus
2553 4400 2818 4456 adversus
2844 4409 2963 4452 eam
2994 4394 3357 4474 remedium_a
3380 4391 3616 4445 Domino
3640 4388 3738 4442 da-

2159 4508 2270 4553 tum
2289 4507 2391 4556 est,
2419 4465 2736 4547 mandatum
2756 4489 2967 4545 scilicet
2983 4484 3273 4539 charitatis
3295 4465 3390 4536 seu
3408 4478 3739 4534 dilectionis.

2229 4587 2319 4642 67.
2358 4585 2556 4641 Cuncti
2587 4583 2680 4637 alii
2710 4581 2959 4648 allectus,
2997 4585 3090 4630 aut
3121 4575 3446 4628 irascentem
3478 4571 3743 4623 duntaxat

2161 4679 2329 4734 animi
2358 4686 2590 4746 partem,
2648 4683 2744 4727 aut
2773 4670 3257 4738 concupiscentem
3283 4664 3591 4733 attingunt;
3649 4667 3744 4714 aut

2159 4771 2323 4826 etiam
2350 4767 2582 4823 rationis
2605 4765 2941 4824 facultatem,
2991 4769 3049 4814 ut
3071 4757 3274 4812 oblin'o
3301 4767 3358 4810 et
3387 4751 3694 4824 ignorantia
3725 4767 3740 4804 :

2162 4859 2353 4917 acedia
2379 4873 2535 4923 vero,
2567 4869 2758 4911 omnes
2779 4852 2977 4906 anima;
3008 4851 3155 4903 vires
3184 4847 3514 4917 corripiens,
3550 4858 3744 4896 omnes

2163 4955 2280 5010 fere
2351 4953 2514 5007 simul
2585 4963 2806 5017 unoque
2871 4947 3079 5015 impetu
3123 4943 3360 4996 allectus
3409 4943 3740 4992 commovet.

2165 5049 2513 5116 Quapropter
2541 5043 2706 5098 etiam
2744 5039 2957 5095 cunctis
2984 5037 3106 5092 aliis
3136 5033 3428 5090 all'ectibus
3462 5029 3746 5084 molestior

2166 5150 2270 5195 est.
2307 5140 2452 5193 Bene
2493 5137 2659 5207 igitur
2696 5133 2984 5196 Dominus,
3009 5129 3284 5200 assignato
3312 5125 3580 5180 adversus
3623 5135 3745 5176 eam

2168 5229 2553 5286 remedio:ln
2605 5227 2862 5298 patientia
2925 5233 3120 5285 vestra,
3177 5221 3376 5292 inquit,
3437 5216 3749 5289 possidentis

2172 5323 2380 5374 animus
2407 5329 2606 5372 vestras
2632 5319 2698 5370 ”.

2283 5435 2328 5464 "
2361 5433 2496 5488 Luc.
2527 5447 2636 5496 xxi,
2673 5432 2757 5486 19.

2166 5566 2287 5619 Non
2317 5565 2408 5618 hic
2438 5563 2507 5618 de
2532 5563 2745 5627 dolore,
2777 5560 2872 5615 sed
2898 5561 2966 5614 de
2987 5559 3220 5613 libidine
3245 5573 3429 5612 sermo
3469 5563 3552 5610 est
3576 5553 3752 5627 Magi.

2169 5651 2290 5698 nio;
2319 5651 2481 5703 quam
2507 5650 2574 5687 ex
2606 5624 2794 5703 rerum
2833 5647 2958 5691 usu,
2994 5631 3058 5703 _in
3084 5627 3420 5703 memoriam
3468 5624 3755 5703 cogitatio.

2171 5695 2380 5772 nesqu'c
2409 5704 2578 5757 animi
2615 5702 2856 5771 imprimi
2888 5717 2952 5772 ac
2977 5697 3378 5772 derivari,_rit_e
3406 5695 3597 5760 tradit,
3623 5709 3752 5747 wer-

2172 5766 2372 5844 bisque
2409 5774 2648 5844 propriis
2674 5766 2823 5826 nulla
2851 5771 3078 5840 ambage
3111 5766 3394 5836 exprimit.
