4070 6410
447 381 563 445 975

1631 381 1691 440 s.
1735 377 2020 440 maxum
2059 372 2566 457 CONFESSORIS

3610 376 3704 439 976

531 501 619 557 68.
658 499 739 556 Nc
767 513 930 569 quem
978 496 1212 551 fratrum
1255 494 1586 566 pulsaveris,
1619 496 1925 564 praesertim
1959 498 2044 552 in-

2219 491 2320 564 ξην.
2354 491 2446 562 Μὴ
2470 490 2684 563 πλήξῃς
2711 489 2842 544 ποτέ
2872 507 2992 544 τινα
3025 491 3133 546 τῶν
3147 458 3395 560 ἀδελφῶν
3424 491 3517 564 (k),
3554 511 3700 566 παρα.

391 633 402 666 ε
459 591 716 649 consulto
739 605 843 645 nec
870 590 1020 658 justa
1053 588 1188 644 satis
1217 588 1400 658 aliqua
1429 603 1631 654 causa;
1672 603 1744 642 ne
1772 587 1914 642 forte
1934 601 2046 640 non

460 683 645 737 ferens
698 681 1030 754 molestiam,
1095 679 1214 750 ipse
1240 695 1299 734 se
1337 679 1696 744 subduxerit;
1729 679 1953 748 ﬁatque,
1987 685 2050 732 ut

454 789 745 844 nunquam
773 782 832 828 tu
864 774 979 844 ipse
1010 772 1365 828 conscientiae
1391 771 1882 843 reprehensionem
1905 769 2050 826 effu-

459 867 595 937 gias,
637 881 762 936 quas
814 866 959 920 inter
993 865 1331 935 precandum
1367 866 1552 936 iugem
1593 863 1693 918 tibi
1755 876 2050 918 maerorem

461 957 677 1021 atl‘crat,
702 965 1054 1027 mentemque
1091 973 1123 1012 a
1162 955 1363 1011 ﬁducia
1384 955 1572 1012 divina
1607 954 1872 1010 excutiat.

533 1050 623 1106 69.
664 1050 743 1104 Ne
773 1049 1140 1120 suspiciones,
1159 1064 1258 1104 seu
1288 1048 1460 1103 etiam
1492 1048 1771 1118 homines,
1811 1046 2052 1102 otl'endi-

469 1143 593 1200 cula
618 1142 717 1197 tibi
744 1142 1014 1197 adversus
1045 1141 1263 1211 aliquos
1305 1140 1642 1210 ingerentes,
1668 1139 1946 1209 patienter
1973 1137 2054 1192 fe-

464 1252 574 1292 ras.
609 1235 714 1302 Qui
757 1236 913 1290 enim.
958 1235 1076 1288 ullo
1106 1233 1272 1288 modo
1291 1249 1361 1288 ex
1385 1233 1454 1287 iis
1481 1241 1606 1302 qua:
1634 1231 1721 1286 vel
1765 1230 2052 1284 voluntate

465 1329 604 1382 tiunt
639 1328 727 1382 vel
778 1335 978 1397 pmter
1026 1342 1150 1381 eam
1190 1325 1478 1388 eveniunt,
1517 1323 1695 1379 creari
1730 1322 1840 1380 sibi
1868 1321 2050 1376 offen-

464 1421 678 1475 sionem
699 1420 998 1482 sustinent,
1022 1419 1167 1472 viam
1191 1417 1367 1488 pacis,
1396 1415 1464 1470 ad
1486 1414 1582 1470 Dei
1611 1414 1902 1469 scientiam
1923 1412 2057 1468 chae

466 1511 630 1566 ritate
649 1512 853 1566 comite
890 1510 1040 1565 illius
1061 1518 1338 1564 amatores
1369 1507 1690 1572 ducentem,
1722 1505 2001 1560 nesciunt.

536 1685 624 1740 70.
666 1686 912 1742 Necdum
963 1684 1266 1755 perfectam
1319 1683 1653 1740 charitatem
1702 1691 1898 1738 nactus
1947 1689 2053 1745 est,

463 1777 560 1845 qui
602 1791 702 1846 pro
742 1777 1028 1830 hominum
1064 1775 1235 1829 variis
1273 1773 1584 1838 affectibus,
1631 1772 2056 1842 animorumque

2149 585 2323 654 λόγως
2349 584 2586 654 μάλιστα
2606 598 2619 613 '
2661 583 2735 654 μή
2769 599 2899 636 ποτε
2936 583 3011 654 μὴ
3039 583 3222 654 φέρων
3246 585 3346 655 τὴν
3369 585 3565 655 θλίψιν.
3589 587 3710 640 imo-

2149 677 2376 748 χωρήσῃ
2406 692 2420 707 ο
2466 675 2642 729 καὶού
2686 675 2760 746 μὴ
2803 674 3046 748 ἐκφεύξῃ
3088 675 3218 728 ποτὲ
3237 675 3342 754 κτὸν
3385 677 3602 749 ἔλεγχον
3626 679 3713 732 τοῦ

2151 768 2472 833 συνειδότος,
2503 767 2592 821 ἀεί
2622 783 2704 820 σοι
2754 766 2934 837 λύπην
2975 768 3032 819 ὲν
3074 766 3152 838 τῷ
3195 767 3372 839 καιρῷ
3423 769 3520 840 τῆς
3566 788 3716 842 προσ.

2151 861 2318 932 ευχῆς
2352 859 2745 933 προξενοῦντα,
2801 860 2899 916 καὶ
2947 859 3048 930 τῆς
3099 859 3252 924 θείας
3287 862 3597 934 παρρησίας
3631 869 3717 918 τῦν

2151 951 2278 1007 νοῦν
2301 952 2704 1008 ἀπελαύνοντα.

2223 1044 2321 1112 ξδ’.
2357 1045 2451 1117 Μὴ
2470 1045 2682 1117 ἀνάσχῃ
2712 1044 2824 1099 τῶν
2854 1043 3132 1098 σκάνδαλά
3167 1061 3251 1098 σοι
3286 1045 3571 1116 φερουσῶν
3597 1046 3722 1100 bno-

2152 1139 2338 1203 νοιῶν,
2371 1134 2406 1196 ἢ
2439 1137 2534 1192 καὶ
2561 1137 2887 1208 ἀνθρώπων,
2923 1137 3067 1191 κατά
3106 1154 3287 1192 τινων.
3330 1138 3393 1190 0i
3419 1137 3530 1208 γὰρ
3555 1152 3718 1208 παρα-

2151 1229 2434 1302 δεχόμενοι
2475 1230 2751 1286 σκάνδαλα
2780 1233 2840 1284 ὲν
2867 1225 2966 1301 οἴῳ
2997 1231 3200 1302 δήποτε
3233 1231 3421 1302 τρόπῳ
3448 1230 3557 1283 τῶν
3589 1233 3721 1285 κατᾶ

2155 1322 2475 1394 προαίρεσιν
2503 1323 2538 1395 ἢ
2591 1322 2742 1394 παρά
2797 1323 3119 1395 προαίρεσιν
3163 1322 3594 1392 συμϐαινόντων,
3629 1326 3724 1376 οὐκ

2156 1416 2303 1470 ῐσασι
2329 1415 2430 1486 τὴν
2459 1416 2577 1470 ὁδὸν
2626 1414 2726 1486 τῆς
2777 1417 3026 1486 εἰρήνης,
3055 1414 3154 1486 τὴν
3202 1415 3482 1488 φέρουσαν
3519 1415 3606 1470 διά
3630 1415 3724 1485 τῆς

2155 1508 2377 1579 ἀγάπης
2432 1509 2515 1572 εις
2581 1507 2680 1581 τὴν
2725 1507 2931 1577 γνῶσιν
2989 1506 3082 1561 τοῦ
3132 1505 3273 1561 Θεοῦ
3336 1509 3466 1572 τοὺς
3532 1507 3725 1579 ταύτης

2155 1600 2414 1671 ἐραστάς.

2228 1697 2293 1747 ο’.
2326 1691 2494 1746 Οὔπω
2548 1689 2661 1762 ἔχει
2706 1689 2920 1746 τελείαν
2974 1689 3074 1762 τὴν
3134 1690 3381 1762 ἀγάπην,
3428 1692 3458 1745 ό
3489 1688 3569 1745 ἔτι
3617 1691 3729 1753 ταῖς

2156 1781 2404 1852 γνώμαις
2441 1782 2551 1837 τῶν
2587 1781 2890 1853 ἀνθρώπων
2932 1781 3430 1854 συνδιατιθέμενος.
3458 1779 3602 1848 Οἷον,
3644 1781 3729 1834 τὸν

464 1865 784 1920 diversitate
814 1866 963 1919 varie
997 1863 1255 1919 aﬂlcitur.
1298 1865 1458 1929 Puta,
1494 1863 1590 1934 qui
1629 1863 1755 1928 hac,
1792 1863 1954 1917 illave
1984 1861 2055 1916 de

2161 1872 2260 1943 μὲν
2295 1871 2530 1941 ἀγαπῶν
2551 1912 2566 1940 ,
2594 1874 2687 1928 τὸν
2717 1873 2776 1927 δὲ
2801 1872 2997 1942 μισῶν,
3033 1872 3121 1926 διὰ
3150 1872 3271 1926 τόδε
3308 1871 3343 1943 ἢ
3375 1872 3495 1926 τόδε
3521 1887 3534 1902 ο
3571 1872 3604 1942 ἢ
3643 1872 3730 1924 καὶ

462 1972 646 2021 causa,
677 1957 825 2012 hunc
853 1956 1049 2027 diligit,
1083 1957 1240 2012 illum
1263 1955 1404 2011 odit.
1438 1955 1567 2011 Sive
1597 1955 1766 2010 etiam
1795 1952 2053 2010 eumdem

461 2049 684 2104 easdem
708 2049 779 2103 ob
802 2064 997 2104 causas
1032 2048 1198 2103 modo
1231 2048 1435 2119 diligit,
1468 2046 1634 2102 modo
1660 2045 1801 2102 odit.

533 2141 622 2196 Ἡ.
664 2141 917 2196 Perfecta
953 2141 1219 2204 charitas,
1246 2140 1534 2196 hominum
1560 2152 1730 2193 unam
1766 2145 2051 2201 naturam,

461 2247 565 2304 pro
586 2248 654 2287 eo
676 2247 741 2288 ac
773 2232 851 2288 illi
883 2233 1100 2290 diverse
1145 2230 1348 2300 animis
1377 2229 1682 2300 comparati
1705 2236 1838 2284 sunt
1863 2267 1878 2294 ,
1931 2241 2046 2282 non

463 2322 667 2377 scindit
692 2339 706 2388 ;
752 2322 848 2377 sed
881 2321 950 2376 ad
977 2337 1098 2377 eam
1127 2337 1348 2392 semper
1369 2321 1699 2392 respiciens,
1731 2334 1924 2374 omnes
1951 2319 2054 2374 ho-

466 2415 646 2470 mines
665 2431 820 2485 aeque
847 2414 1060 2486 diligit,
1090 2413 1266 2470 bones
1287 2413 1513 2484 quidem
1551 2428 1617 2468 ac
1651 2411 1952 2478 studiosos,
1995 2421 2058 2466 ut

464 2507 710 2574 amicos;
731 2508 826 2577 qui
853 2515 1038 2562 autem
1061 2507 1188 2562 mali
1216 2507 1347 2568 sint,
1389 2505 1570 2576 diligit
1605 2515 1668 2560 ut
1695 2504 1973 2569 inimicos,
1999 2504 2055 2558 in

387 2627 393 2632 -
464 2614 562 2654 eos
593 2599 861 2655 beneﬁcia
882 2600 1197 2664 conferens,
1221 2614 1286 2653 ac
1304 2598 1698 2668 longanimiter
1719 2611 1908 2668 agens,
1934 2611 2054 2653 ma-

465 2694 626 2763 laque
667 2693 737 2749 ab
763 2693 848 2748 eis
876 2693 1026 2747 illata
1051 2692 1328 2762 patienter
1349 2690 1535 2746 ferens
1559 2690 1796 2745 :malum
1827 2703 2058 2759 prorsus

463 2801 576 2840 non
614 2793 908 2856 reputans;
937 2785 1070 2856 quin
1096 2784 1305 2855 potius,
1331 2792 1498 2838 etiam
1526 2799 1629 2855 pro
1661 2783 1790 2847 illis,
1816 2782 1860 2836 si
1895 2796 2057 2838 occa-

464 2877 548 2934 sio
568 2879 871 2945 vocaverit,
912 2879 1056 2933 mala
1089 2879 1350 2942 tolerans,
1375 2886 1438 2934 ut
1457 2884 1515 2932 et
1534 2878 1680 2942 illos,
1705 2877 1749 2931 si
1775 2876 1894 2932 fieri
1922 2891 2056 2947 pos-~

463 2970 560 3036 sit,
611 2971 818 3026 amicos
857 2970 1082 3036 reddat;
1124 2970 1210 3026 sin
1242 2979 1450 3035 autem,
1485 2985 1641 3024 suam
1679 2969 1773 3024 illa
1805 2968 2056 3025 affectio-

465 3080 593 3119 nem
630 3081 736 3119 non
773 3064 1008 3130 deserit,
1028 3079 1186 3134 aque
1222 3079 1441 3133 semper
1478 3063 1534 3118 in
1561 3077 1756 3118 omnes
1803 3061 2058 3118 homines

465 3158 680 3212 fructus
708 3156 998 3212 eharitatis
1022 3155 1429 3211 demonstrans.
1460 3154 1733 3222 Quocirca
1752 3153 1920 3210 etiam
1951 3155 2062 3210 Do-
2083 3193 2126 3253 ο

465 3247 651 3306 minus
686 3250 853 3322 ῆοᾰ,
880 3258 1068 3305 noster
1106 3265 1171 3306 ac
1191 3250 1337 3305 Deus
1365 3249 1526 3306 Jesus
1551 3248 1828 3316 Christus,
1853 3265 1966 3305 sua
2000 3249 2057 3305 in

465 3359 572 3399 nos
600 3343 886 3398 charitatis
908 3342 1188 3414 specimen
1215 3341 1506 3407 exhibens,
1537 3357 1640 3413 pro
1668 3341 1930 3397 universo
1957 3341 2062 3396 hu-

465 3451 632 3491 mano
651 3451 855 3507 genere
879 3443 1134 3490 mortuus
1151 3444 1257 3500 est,
1280 3436 1610 3504 cunctisque
1633 3449 1702 3489 ex
1729 3448 1890 3504 aequo
1911 3433 2058 3488 elar-

464 3526 614 3596 gitus
657 3534 742 3581 est
781 3523 1213 3580 resurrectionis
1244 3539 1422 3595 spem,
1470 3523 1577 3580 etsi
1631 3523 1868 3594 quisque
1919 3523 2051 3591 sibi,

466 3618 616 3689 quod
645 3618 847 3690 dignus
871 3617 1047 3689 gloria
1074 3616 1481 3688 autsupplicio,
1505 3625 1703 3672 auctor
1740 3615 1984 3672 exsistit.

541 3710 628 3765 72.
675 3709 936 3766 Nondum
980 3709 1285 3781 perfectam
1325 3709 1656 3764 charitatem
1685 3707 1922 3779 adeptus
1949 3715 2056 3774 est,

467 3803 564 3874 qui
599 3804 830 3875 gloriam
870 3810 930 3859 et
975 3802 1362 3874 ignominiam,
1401 3801 1625 3858 divitias
1653 3809 1710 3857 et
1759 3807 2058 3872 pauperta-

467 3905 600 3960 tem,
624 3896 965 3966 voluptatem
985 3902 1043 3949 et
1063 3893 1344 3950 tristitiam
1365 3893 1646 3965 animique
1672 3892 1920 3948 dolorem
1946 3907 2056 3948 non

466 3988 701 4059 spernit.
735 3987 987 4043 Perfecta
1023 3995 1211 4042 autem
1255 3985 1501 4042 Charitas
1531 3985 1738 4041 nedum
1767 3984 1887 4040 haec
1907 3999 2061 4056 sper-

465 4075 570 4140 nit,
618 4090 809 4130 verum
859 4075 1028 4130 etiam
1093 4082 1512 4144 temporaneam
1563 4073 1742 4145 ipsam
1783 4073 1956 4130 vitam
1993 4087 2060 4129 ac

466 4175 703 4223 mortem
726 4166 1052 4223 contemnit.

538 4259 629 4313 75.
667 4258 832 4323 Audi,
859 4256 955 4328 qui
975 4256 1278 4328 perfectam
1306 4256 1637 4312 charitatem
1655 4254 1920 4326 consequi
1944 4270 2062 4310 me-

468 4357 727 4412 ruerunt,
779 4348 963 4419 qualia
1001 4349 1302 4418 loquantur
1339 4365 1361 4402 ::
1385 4345 1515 4414 Quis
1563 4363 1659 4403 nos
1710 4347 1982 4417 separabit
2025 4363 2060 4401 a

470 4442 732 4495 charitate
761 4439 956 4496 Christi
982 4440 1015 4493 2"
1034 4439 1304 4495 tribulatio
1331 4440 1354 4495 ?
1382 4457 1452 4494 an
1487 4439 1737 4510 angustia
1763 4438 1788 4492 ?
1821 4454 1891 4492 an
1932 4454 2058 4509 per-

2153 1966 2246 2019 τὸν
2282 1965 2446 2019 αὐτδν
2476 1965 2609 2020 ποτε
2647 1965 2745 2038 μὲν
2767 1965 3016 2035 ἀγαπῶν,
3048 1966 3181 2020 ποτε
3208 1965 3266 2019 δὲ
3299 1965 3499 2036 μισῶν,
3529 1962 3618 2018 διὰ
3640 1965 3732 2026 τὰς

2155 2055 2330 2118 αὺτάς
2361 2055 2566 2120 αἰτίας.

2225 2155 2323 2204 οα’.
2364 2149 2430 2203 Ἡ
2478 2149 2661 2202 τελεία
2714 2148 2903 2218 ἀγάπη
2951 2147 3013 2200 ού
3060 2147 3427 2218 συνδιασχίζει
3478 2147 3576 2219 τὴν
3612 2147 3735 2218 μίαν

2154 2241 2264 2298 τῶν
2295 2239 2602 2311 ἀνθρώπων
2659 2239 2844 2310 φύσιν,
2895 2241 3013 2304 ταῖς
3060 2239 3339 2310 διαφόροις
3384 2237 3566 2295 αὐτῶν
3600 2238 3732 2310 γνὼ-

2159 2346 2325 2403 μαιςο
2376 2331 2494 2384 ἀλλ’
2550 2332 2632 2396 είς
2675 2331 2843 2396 αὐτὴν
2887 2331 2976 2384 ἀεὶ
3016 2329 3477 2402 ἀποϐλεπομένη,
3531 2330 3730 2394 πάντας

2155 2423 2480 2496 ἀνθρώπους
2502 2422 2563 2489 ἐξ
2597 2425 2713 2477 ῐσου
2742 2424 2935 2495 ἀγαπᾷ
2955 2439 2968 2456 ο
3001 2424 3128 2486 τοὺς
3156 2421 3255 2493 μὲν
3287 2422 3631 2488 σπουδαίους,
3662 2422 3734 2486 ὡς

2157 2517 2346 2587 φίλους
2369 2534 2383 2549 ι
2435 2517 2563 2580 τοὺς
2606 2515 2664 2570 δὲ
2700 2516 2959 2586 φαύλους,
2995 2515 3070 2580 ὡς
3109 2514 3340 2586 δχθροὺς
3386 2515 3598 2586 ἀγαπᾷ,
3643 2514 3730 2568 εύ-

2157 2605 2459 2677 εργετοῦσα
2494 2605 2589 2660 καὶ
2633 2605 3082 2677 μακροθυμοὼα,
3132 2607 3226 2660 καὶ
3270 2606 3621 2676 ὑπομένουσα
3670 2605 3732 2657 τὰ

2156 2696 2290 2769 παρ’
2334 2695 2518 2751 αὐτῶν
2553 2697 2914 2768 ἑπαγόμενα·
2964 2697 3027 2750 τὸ
3072 2696 3247 2750 κακὸν
3286 2696 3348 2749 τὸ
3389 2695 3622 2760 συνόλως
3662 2696 3732 2766 μὴ

2155 2789 2505 2861 λογιζομένη,
2558 2788 2697 2844 ἀλλά
2741 2789 2838 2843 καὶ
2889 2790 3180 2859 πάσχουσα
3223 2787 3368 2859 ὑπὲρ
3415 2786 3633 2852 αὐτῶν,
3688 2786 3733 2838 εί

2156 2881 2348 2954 καιρὸς
2391 2881 2694 2948 καλέσειεν,
2719 2881 2806 2934 ἵνα
2841 2881 2936 2934 καὶ
2985 2879 3185 2943 αὐτοὺς
3228 2879 3445 2952 ποιήσῃ,
3481 2878 3662 2948 φίλους
3687 2879 3737 2929 εἰ

2155 2969 2267 3028 οἷόν
2297 2990 2390 3028 τε·
2424 2975 2472 3028 εί
2502 2975 2558 3028 δὲ
2598 2975 2708 3046 μὴ,
2739 2974 2840 3046 τῆς
2874 2989 2940 3042 γε
2989 2972 3125 3037 ιδίας
3175 2971 3478 3035 διαθέσεως
3515 2972 3615 3026 οὐκ
3645 2972 3730 3023 ὲκ-

2157 3066 2368 3132 πίπτει,
2399 3066 2530 3130 τοὺς
2556 3069 2659 3137 τῆς
2691 3067 2917 3137 ἀγάπης
2955 3066 3204 3138 καρποὺς
3231 3066 3318 3120 ἀεὶ
3360 3065 3425 3132 ἐξ
3457 3066 3572 3120 ῐσου
3605 3065 3730 3136 πρὸς

2159 3156 2369 3220 πάντας
2412 3156 2735 3228 ἀνθρώπους
2758 3157 3170 3230 ἐνδεικνυμένη.
3199 3157 3294 3211 Διὸ
3324 3159 3425 3212 καὶ
3465 3159 3495 3212 ὁ
3541 3156 3734 3228 Κύριος

2159 3248 2319 3320 ἡμῶν
2345 3249 2448 3306 καὶ
2474 3247 2608 3313 Θεὸς
2645 3248 2855 3322 Ἰησοῦς
2877 3249 3136 3323 Χριστὸς,
3178 3249 3281 3321 τὴν
3311 3249 3490 3304 αὐτοῦ
3527 3250 3740 3319 ἀγάπην

2159 3343 2241 3405 είς
2269 3342 2416 3412 ἡμᾶς
2439 3339 2842 3412 ἐνδειξάμενος,
2869 3342 3011 3415 ὑπὲρ
3037 3341 3169 3413 ὅλης
3198 3341 3302 3413 τῆς
3322 3341 3736 3415 ἀνθρωπύτητος

2159 3433 2382 3498 ἔπαθεν,
2417 3434 2514 3488 καὶ
2552 3435 2724 3488 πᾶσιν
2753 3435 2816 3500 ἐξ
2863 3435 2979 3489 τσου
3020 3435 3123 3507 τὴν
3154 3433 3345 3492 ἐλπίδα.
3375 3435 3478 3507 τῆς
3509 3435 3740 3490 ἀναστά-

2161 3543 2300 3592 σεως
2325 3526 2624 3598 ἐχαρίσατο
2643 3543 2658 3557 ·
2693 3527 2744 3581 ει
2771 3526 2870 3589 καὶ
2903 3527 3136 3592 ἕκαστος
3169 3525 3394 3594 ἑαυτὸν,
3433 3527 3543 3582 εῐτε
3565 3525 3739 3597 δόξης,

2159 3618 2274 3673 εἴτε
2307 3619 2584 3683 κολάσεως
2613 3617 2937 3690 καθίστησιν
2960 3618 3138 3684 ἀξιον.

2229 3708 2331 3780 οβ’.
2370 3709 2441 3764 '0
2479 3709 2557 3782 μὴ
2587 3710 2948 3782 καταφρονῶν
2978 3710 3138 3780 δόξης
3170 3712 3268 3768 καὶ
3299 3711 3556 3783 ἀτιμίας,
3585 3707 3738 3764 πλού-

2159 3817 2255 3868 του
2282 3801 2377 3855 καὶ
2392 3801 2607 3866 πενίας,
2628 3802 2824 3873 ἡδονῆς
2843 3814 2902 3855 τε
2933 3801 3026 3857 καὶ
3057 3800 3256 3874 λύπης,
3284 3802 3504 3858 τελείαν
3525 3802 3744 3870 ἀγάπην

2160 3890 2315 3946 οὔπω
2363 3892 2654 3964 ἐκτήσατο.
2714 3892 2780 3946 Ἦ
2829 3892 2943 3964 γὰρ
2991 3893 3175 3947 τελεία
3220 3894 3419 3966 ἀγάπη
3472 3895 3536 3948 ού
3589 3892 3738 3965 μόνον

2158 3983 2367 4038 τούτων
2399 3985 2755 4054 καταφρονεῖ,
2778 3985 2914 4039 ἀλλά
2941 3985 3036 4038 καὶ
3065 3985 3239 4056 αὐτῆς
3273 3989 3376 4057 τῆς
3406 3985 3744 4056 ποοσκαίρου

2166 4075 2314 4148 ζωῆς
2346 4093 2407 4129 τε
2441 4076 2534 4132 καὶ
2562 4075 2657 4130 τοῦ
2689 4075 2946 4131 θανάτου.

2231 4253 2330 4324 ογ’.
2342 4256 2540 4310 Ἄκουε
2559 4254 2668 4309 τῶν
2686 4255 3135 4320 καταξιωθέντων
3155 4255 3256 4326 τῆς
3274 4255 3492 4324 τελείας
3509 4257 3742 4325 ἀγάπης,

2164 4347 2293 4399 ποῖα
2319 4346 2538 4416 λέγουσι
2569 4363 2582 4377 ·
2620 4347 2717 4413 Τίς
2754 4345 2914 4416 ἡμᾶς
2947 4348 3190 4416 χωρίσει
3219 4348 3339 4403 ἀπὸ
3365 4349 3478 4417 τῆς
3511 4347 3739 4418 ἀγάπης

2163 4439 2270 4495 τοῦ
2296 4439 2588 4509 Χριστοῦ;
2622 4439 2829 4508 θλίψις
2845 4456 2864 4506 ;
2895 4438 2934 4508 ἣ
2957 4441 3362 4515 στενρχωρίω
3396 4441 3435 4511 ἢ
3464 4439 3736 4510 διωγμόςὶ

452 4532 664 4586 ,sccutio
684 4529 709 4583 ?
731 4548 801 4584 an
818 4530 985 4601 fames
1001 4529 1110 4584 ?an
1134 4529 1387 4585 nuditas?
1409 4547 1480 4585 an
1496 4527 1790 4602 periculum
1808 4528 1834 4582 ?
1847 4545 1920 4583 an
1944 4527 2055 4600 gla-

2165 4532 2204 4602 ἣ
2234 4533 2446 4601 «laude;
2479 4530 2520 4599 ἢ
2546 4532 2892 4601 γυμνότηςς
2919 4531 2958 4600 ἢ
2991 4531 3320 4614 κινβυτ·ος;
3373 4533 3416 4602 ἢ
3447 4533 3741 4604 μάχαιρα;

469 4623 584 4676 dius
612 4622 636 4676 ?
663 4624 799 4677 sicut
824 4624 1078 4695 scriptum
1111 4632 1188 4678 est
1227 4641 1244 4678 :
1275 4621 1413 4690 Quia
1435 4628 1651 4694 propter
1683 4628 1733 4675 te
1764 4621 2075 4692 mortiﬁca-q

469 4731 590 4769 mur
619 4724 729 4770 tota
757 4717 871 4783 die;
920 4717 1170 4771 cestimati
1205 4733 1386 4771 sumus
1434 4717 1569 4770 sicut
1612 4731 1730 4770 om
1763 4715 2058 4769 occisionis.

471 4805 575 4861 Sed
599 4811 654 4862 in
677 4810 756 4864 his
786 4809 1029 4864 omnibus
1058 4825 1395 4880 superamus,
1421 4817 1640 4880 prapter
1688 4824 1830 4874 eum,
1859 4809 1950 4880 qui
1974 4807 2066 4863 di-

471 4898 598 4954 lexit
641 4919 756 4956 nos.
790 4900 978 4957 Certus
1006 4918 1124 4956 sum
1162 4903 1302 4957 enim
1334 4902 1459 4972 quia
1495 4916 1663 4972 neque
1694 4916 1857 4966 mors,
1892 4915 2061 4970 neque

469 4994 598 5059 vita,
626 5011 792 5066 neque
819 4992 1017 5066 angeli,
1039 5011 1208 5065 neque
1247 4995 1599 5066 principatus,
1626 5007 1795 5063 neque
1812 4993 2056 5057 virtutes,

471 5102 637 5157 neque
666 5089 954 5154 instantia,
993 5103 1162 5158 neque
1191 5087 1395 5157 futura,
1423 5101 1588 5156 neque
1609 5085 1857 5151 altitudo,
1893 5097 2061 5156 neque

469 5179 814 5250 profundum,
838 5195 1006 5251 neque
1037 5177 1152 5232 ulla
1183 5175 1296 5232 alia
1319 5184 1570 5231 creatura
1607 5179 1803 5248 poterit
1841 5192 1936 5230 nos
1977 5192 2061 5230 se-

542 5335 615 5408 (k)
641 5337 742 5408 Μὴ
775 5335 1022 5408 πλήξῃς
1060 5336 1206 5408 ποτέ
1254 5351 1388 5389 τινα
1430 5333 1554 5408 τῶν
1580 5335 1906 5408 ἀδελφῶν.
1945 5334 2044 5391 Di-

472 5405 621 5462 ctum
652 5406 706 5460 id
732 5414 919 5475 putem
951 5405 1004 5459 in
1034 5406 1303 5470 seniores,
1346 5405 1443 5475 qui
1509 5405 1793 5475 subjectos
1845 5406 2048 5462 fratres.

471 5474 804 5546 quandoque
842 5490 942 5545 pro
1000 5490 1100 5530 sua
1152 5474 1471 5531 morositate
1517 5474 1716 5530 durius
1749 5477 2043 5538 haberent,

471 5563 576 5602 nec
637 5548 772 5602 satis
809 5546 1153 5600 humanitate
1218 5547 1396 5600 zelum
1451 5553 1841 5615 temperarent.
1901 5546 2046 5612 Quin

458 5619 618 5670 enim
643 5625 895 5672 veterum
933 5615 1093 5670 multi
1134 5631 1196 5670 ea
1229 5615 1523 5685 disciplina
1547 5616 1770 5685 modum
1791 5631 2048 5672 excesse-

472 5687 602 5743 rint.
638 5702 740 5742 nec
767 5687 953 5756 paucis
969 5685 1261 5741 deserendi
1289 5684 1580 5741 sanctioris
1600 5684 1834 5740 instituti
1856 5695 2050 5741 aucto-

473 5769 562 5808 res
597 5755 825 5826 fuerint,
848 5756 996 5826 quod
1045 5755 1137 5810 hic
1178 5757 1485 5824 ὑποχωρεῖν
1539 5763 1701 5826 vocat
1759 5756 2048 5817 Maximus,

478 5825 618 5882 haud
645 5824 980 5880 dubiumsit.
1011 5826 1079 5881 Ut
1127 5835 1326 5881 caetera
1379 5839 1490 5879 non
1561 5825 1867 5881 admodum.
1910 5827 2052 5880 bene

2164 4623 2362 4691 καθὼς
2405 4622 2756 4694 γέγραπται·
2793 4623 2924 4678 Ὅτι
2969 4623 3150 4679 ἕνεκα
3182 4622 3302 4679 σοῦ
3332 4626 3743 4694 θανατούμεθα

2164 4719 2319 4787 ὅλην
2377 4716 2494 4786 τὴν
2551 4718 2782 4786 ἡμέραν
2801 4733 2814 4748 ο
2873 4717 3280 4787 ἐλογίσθημεν
3349 4717 3435 4784 ὡς
3488 4717 3742 4786 πρόϐατα

2165 4806 2428 4879 σφαγῆς.
2471 4808 2622 4862 Ἀλλ’
2679 4808 2752 4862 ἐν
2786 4809 3023 4876 τούτοις
3075 4809 3268 4865 πᾶσιν
3311 4807 3736 4878 ὑπερνικῶμεν.

2166 4898 2266 4953 διὰ
2305 4899 2414 4953 τοῦ
2445 4897 2884 4967 ἀγαπήσαντος
2911 4897 3091 4969 ἡμᾶς.
3122 4899 3459 4970 Πέπεισμαι
3492 4899 3625 4969 τὰρ,
3659 4895 3741 4950 ὅτι

2167 4990 2307 5044 οὔτε
2350 4989 2642 5058 θάνατος,
2689 4991 2830 5046 οὔτε
2877 4988 2994 5060 ζωὴ
3017 5027 3032 5057 ,
3098 4991 3238 5047 οὔτε
3283 4992 3564 5064 ἄγγελοι,
3612 4990 3740 5044 οὔτε

2165 5082 2364 5150 ἀρχαὶ,
2389 5081 2530 5138 οὔτε
2552 5081 2868 5152 δυνάμεις,
2895 5083 3034 5138 οὔτε
3066 5081 3386 5147 ἐνεστῶτα,
3440 5084 3581 5138 οὔτε
3604 5082 3742 5152 μέλ’

2167 5179 2378 5243 λυντα,
2410 5177 2552 5232 οὔτε
2580 5176 2818 5246 ὕψωμα,
2849 5177 2992 5232 οὔτε
3017 5177 3234 5245 βάθος,
3269 5179 3410 5233 οὔτε
3437 5195 3530 5244 τις
3555 5177 3742 5239 κτίσις

2150 5333 2360 5406 Obsop.
2387 5333 2630 5406 et_Gesn.
2664 5335 2747 5406 sic
2766 5335 2915 5391 istud
2945 5337 3096 5392 male
3159 5335 3470 5406 eodemque
3519 5346 3738 5406 errore:

2195 5403 2320 5460 ueni
2347 5404 2548 5479 sufﬁgi,
2601 5421 2657 5459 ιι.
2689 5405 2744 5479 _8
2775 5423 2788 5460 :
2819 5405 3032 5479 Καὶ-οὺ
3085 5406 3159 5479 μὴ
3201 5403 3442 5479 ἐκφεύξῃ
3491 5403 3620 5479 ποτὲ
3646 5405 3740 5479 τιν

2188 5477 2379 5546 λεγχον
2406 5475 2500 5528 τοῦ
2533 5475 2850 5539 συνειδότος·
2899 5472 3097 5547 Neque‘
3123 5472 3301 5547 tamen
3349 5472 3581 5547 effugias
3607 5472 3736 5542 ejus.

2156 5547 2250 5615 qui
2281 5544 2374 5600 tibi
2392 5547 2627 5599 conscius
2658 5554 2754 5612 est,
2784 5544 3222 5612 tribulationem;
3268 5544 3435 5602 Gesn.
3456 5544 3468 5546 ἡ
3488 5544 3737 5615 redargu-

2159 5610 2374 5670 iionem.
2408 5616 2500 5671 Sic
2520 5610 2755 5671 arduum
2783 5631 2947 5673 nosse
2998 5617 3093 5671 τοῦ
3124 5610 3426 5676 συνειδότος
3472 5610 3740 5684 significa-

2159 5685 2402 5752 tionem;
2454 5685 2636 5755 idest,
2683 5689 3055 5754 conscientia;
3116 5697 3174 5743 et
3200 5686 3350 5758 quod
3403 5685 3503 5740 illa
3528 5681 3739 5736 ’κάστ-

2161 5765 2315 5824 gnat,
2337 5764 2448 5810 etc.
