4070 6424
396 396 499 463 977

1302 382 1640 445 CAPITUM
1682 380 1779 440 DE
1817 378 2247 439 CHARITATE
2286 380 2427 438 (ΖΕΝ
2447 381 2671 439 l‘UliIA
2717 382 2765 439 ῐ.

3551 382 3657 444 9'78

392 517 566 581 ἑτέρα
592 512 919 577 δυνήσεται
956 507 1110 577 ἡμᾶς
1146 511 1396 578 χωρίσαι
1438 508 1558 563 ἀ.τό
1602 505 1713 573 τῆς
1740 502 1974 573 ἀγάπης

2092 519 2288 571 parare
2318 524 2349 559 a
2370 508 2630 560 charitate
2664 505 2781 570 Dei,
2813 520 2928 575 qua:
2958 513 3031 558 est
3064 505 3119 559 in
3157 502 3365 560 Christo
3402 503 3527 559 Iesu
3562 504 3641 558 De

394 605 501 660 τοῦ
529 602 697 666 Θεοῦ,
726 601 830 666 τῆς
857 603 927 654 ἐν
952 600 1182 668 Χριστῷ
1218 599 1421 667 Ἰησοῦ
1452 596 1531 664 τῷ
1558 597 1752 666 Κυρίῳ
1782 594 1969 664 ἡμῶν.

466 693 558 746 06’.
596 692 727 762 Περὶ
753 693 809 744 δὲ
850 690 948 761 τῆς
980 691 1059 753 εἰς
1092 690 1182 743 τὸν
1239 688 1469 760 πλησίον
1521 688 1761 759 ἀγάπης,
1806 686 1972 739 ἄκουε

394 785 559 838 πάλιν
582 778 669 835 οἷα
689 782 937 850 λέγουσιν
961 762 989 812 ³
1013 780 1321 847 Ἀλήθειαν
1345 779 1501 848 λέγω
1517 778 1588 832 ἐν
1618 775 1872 848 Χριστῷ,
1901 779 1973 831 οὐ

391 876 713 945 ψεύδομαι,
749 873 1296 943 συμμαρτυρούσης
1347 888 1448 941 μοι
1485 870 1583 924 καί
1634 870 1745 938 τῆς
1774 885 1975 924 συνει-

392 968 631 1036 δήσεώς
675 985 803 1036 μου
844 966 915 1020 ἐν
952 966 1252 1033 Πνεύματι
1300 964 1484 1032 ἀγίῳο
1531 962 1621 1017 ὅτι
1670 963 1836 1030 λύπη
1871 964 1976 1033 μοι

394 1064 530 1116 ἐστι
562 1061 788 1129 πολλὴ,
835 1060 934 1113 καὶ
971 1058 1354 1123 ἀδιάλειπτος
1399 1057 1584 1124 ὀδύνη
1637 1055 1712 1126 τῇ
1761 1055 1975 1125 καρδίᾳ

391 1172 533 1223 μου.
562 1154 851 1223 Ηὺχόμην
885 1152 995 1223 γὰρ
1023 1152 1289 1220 ἀνάθεμα
1321 1146 1472 1205 εἶναι
1498 1150 1682 1215 αὐτὸς
1709 1147 1823 1219 ἐγὼ
1855 1148 1972 1203 ἀπὸ

394 1245 505 1299 τοῦ
529 1246 788 1315 Χριστοῦ
826 1244 979 1313 ὑπὲρ
1023 1244 1142 1298 τῶν
1172 1242 1455 1313 ἀδελφῶν
1500 1261 1642 1314 μου,
1672 1243 1792 1297 τῶν
1827 1258 1975 1313 συγ·-

392 1336 587 1407 γενῶν
612 1356 733 1407 μου
771 1337 921 1391 κατὰ
960 1334 1178 1404 σάρκα,
1219 1334 1438 1402 οἵτινές
1470 1337 1629 1389 εἰσιν
1678 1335 1974 1404 Ἰσραηλῖυ

394 1446 513 1493 ται,
552 1430 649 1482 καὶ
686 1428 757 1481 τὰ
812 1428 959 1499 ἑξῆς.
1001 1426 1278 1490 Ὡσαύτως
1305 1427 1398 1480 καὶ
1440 1428 1468 1480 6
1502 1426 1764 1497 Μωῦσῆς,
1796 1426 1890 1479 καὶ
1923 1427 1971 1479 oi

391 1522 576 1575 λοιποὶ
606 1520 752 1587 ἆγιοι
784 1518 944 1591 [unus
980 1518 1108 1589 Reg.
1133 1520 1226 1573 καὶ
1257 1519 1461 1583 πάντες
1491 1521 1538 1572 οἱ
1566 1518 1757 1590 amet].

468 1619 561 1669 σε’.
597 1613 664 1665 '0
701 1611 776 1683 μὴ
824 1610 1183 1681 καταφρονῶν
1217 1610 1373 1680 δόξης
1404 1611 1496 1664 καὶ
1534 1611 1726 1682 ἡδονῆς
1748 1611 1845 1682 (9),
1880 1612 1973 1665 καὶ

392 1700 498 1770 τῆς
526 1699 737 1753 τούτων
770 1700 1093 1770 αὐξητικῆς,
1127 1700 1221 1752 καὶ
1247 1700 1313 1753 δι’
1356 1700 1527 1762 αὑτὰς
1557 1701 1969 1770 συνισταμένης,

2087 596 2230 649 mino
2262 610 2440 651 nostro
2472 599 2537 653 “.

2157 684 2244 737 74.
2286 686 2363 740 De
2402 685 2672 739 ebaritate
2725 693 2909 739 autem
2959 698 3091 754 erga
3133 684 3484 753 proximum,
3533 686 3664 739 andi

2085 793 2277 832 rursus
2302 778 2483 847 qualia
2515 777 2808 832 enuntiant
2850 793 2863 829 :
2903 776 3186 830 Veritatem
3212 777 3327 830 dico
3349 777 3403 831 in
3433 775 3664 841 Christo,

2082 887 2187 924 non
2222 872 2463 935 mentior,
2515 869 2869 923 testimonium
2910 868 3036 921 mihi
3066 868 3501 938 perhibenteipsa
3534 886 3665 922 con-

2077 962 2298 1014 scientia
2314 977 2429 1014 mea
2458 962 2511 1015 in
2535 960 2737 1031 Spiritu
2766 967 2950 1013 sancto
2972 975 2989 1013 :
3013 959 3268 1029 quoniam
3298 959 3514 1014 tristitia
3537 961 3663 1014 mihi

2081 1070 2276 1123 magna
2308 1061 2403 1119 est,
2444 1062 2492 1107 et
2540 1054 2817 1107 continuus
2860 1050 3013 1104 dolor
3052 1050 3197 1104 cordi
3228 1066 3361 1103 meo.
3402 1049 3663 1120 Optabam
3688 1065 3699 1073 '

2078 1144 2219 1196 enim
2246 1158 2339 1212 ego
2381 1143 2490 1213 ipse
2514 1143 2799 1195 anathema
2830 1155 2940 1194 esse
2979 1157 3012 1193 α
3047 1138 3256 1195 Christo
3283 1156 3379 1211 pro
3410 1139 3665 1209 fratribus

2081 1234 2233 1296 meis,
2266 1235 2355 1303 qui
2382 1242 2509 1287 sunt
2561 1233 2773 1303 cognati
2820 1233 2921 1285 mei
2962 1231 3249 1286 secundum
3304 1247 3539 1295 carnem,
3578 1233 3666 1301 qui

2077 1330 2200 1377 sunt
2224 1321 2487 1377 Israelita:
2511 1322 2579 1385 ⁸⁷,
2620 1330 2677 1375 et
2708 1336 2832 1391 quae
2863 1329 3194 1390 sequuntur.
3234 1319 3501 1375 Similiter
3522 1334 3665 1388 quo-

2077 1430 2186 1485 que
2217 1416 2429 1490 Moyses
2450 1413 2519 1481 ’⁸,
2548 1430 2615 1469 ac
2643 1414 2820 1470 sancti
2846 1415 3067 1487 reliqui.

2147 1596 2238 1649 75.
2274 1593 2378 1660 Qui
2410 1592 2639 1664 gloriam
2655 1602 2711 1647 et
2740 1593 3101 1662 voluptatem,
3136 1606 3202 1645 ac
3253 1607 3375 1661 quae
3416 1591 3526 1646 illis
3565 1606 3664 1645 au-

2075 1694 2324 1741 mentum
2361 1684 2602 1754 praebet,
2636 1699 2941 1753 earumque
2991 1683 3166 1752 gratia
3209 1682 3487 1748 consistit,
3521 1676 3665 1757 java-

395 1791 783 1862 φιλαργυρίας,
817 1793 915 1855 τὰς
956 1791 1048 1844 τοῦ
1095 1790 1268 1859 θυμοῦ
1321 1792 1628 1862 προφάσεις
1677 1792 1967 1845 ἐκκόπτειν

2089 1776 2255 1830 titiam
2283 1791 2393 1829 non
2425 1775 2753 1839 contemnit,
2784 1774 2830 1828 is
2860 1774 2958 1828 iraa
2993 1775 3317 1829 occasiones
3339 1773 3667 1828 exscindere

390 1858 460 1936 οὐ
488 1858 733 1937 δόναται,
772 1884 830 1935 Ὀ
872 1882 927 1935 δὲ
966 1858 1178 1945 ταύτας
1202 1882 1278 1954 μὴ
1303 1858 1570 1948 ἐκόπτων,
1618 1882 1717 1951 τῆς
1759 1882 1969 1947 τελείας

2089 1877 2187 1916 non
2254 1862 2523 1931 poluerit.
2564 1860 2667 1927 Qui
2694 1870 2882 1916 autem
2932 1860 3033 1915 has
3079 1875 3191 1914 non
3242 1866 3513 1930 amputat,
3564 1874 3668 1915 nec

393 1972 624 2045 ἀγάπης
649 1975 831 2045 τυχεῖν
863 1974 925 2027 οὐ
955 1972 1199 2028 δύναται.

470 2067 577 2126 οςθ.
615 2062 961 2125 Ταπείνωσις
984 2062 1079 2115 καὶ
1109 2060 1473 2129 κακοπάθεια,
1498 2064 1677 2135 πάσης
1699 2065 1974 2136 ἁμαρτίας

396 2152 748 2225 ἐλευθεροῦσι
775 2154 867 2208 τὸν
895 2153 1182 2225 ἄνθρωπον
1205 2168 1220 2184 ·
1258 2156 1292 2227 ἠ
1335 2155 1455 2227 μὲν,
1481 2154 1549 2208 τά
1574 2156 1673 2226 τῆς
1696 2157 1874 2227 ψυχῆς
1893 2173 1905 2185 ’
1938 2159 1972 2229 ἡ

392 2245 478 2308 δὲ,
509 2244 578 2298 τὰ
602 2244 696 2299 τοῦ
726 2245 974 2317 σώματος
1010 2244 1425 2318 περικόπτουσα
1450 2246 1621 2316 πάθη.
1667 2247 1836 2301 Τοῦτο
1866 2247 1975 2321 γὰρ

398 2334 574 2388 ποιῶν
603 2337 698 2388 καὶ
718 2337 747 2389 6
779 2336 1049 2406 μακάριος
1077 2335 1328 2407 φαίνεται
1356 2336 1539 2403 Δαϐὶδ,
1560 2339 1617 2392 ἐν
1642 2335 1723 2402 οἷς
1756 2337 1973 2410 εὔχεται

396 2425 541 2494 πρὸς
566 2424 655 2479 τὸν
684 2425 840 2492 Θεὸν,
895 2425 1099 2497 λέγων·
1149 2427 1255 2481 Ἰδὲ
1291 2426 1407 2496 τὴν
1451 2430 1821 2483 ταπείνωσίν
1857 2446 1978 2499 μου

397 2512 503 2568 καί
534 2514 646 2569 τόν
687 2518 884 2572 κόπον
905 2536 1047 2590 μου,
1087 2520 1187 2574 καὶ
1233 2518 1384 2591 agree
1416 2520 1620 2589 πάσας
1657 2521 1765 2589 τὰς
1795 2522 1980 2593 ἀμαρ-

395 2605 534 2671 tiae
546 2623 689 2675 μου.

471 2697 568 2763 οξ.
601 2698 705 2753 Διὰ
735 2701 834 2770 μὲν
865 2700 975 2756 τῶν
1006 2702 1237 2761 ἐντολῶν
1265 2707 1295 2759 6
1333 2706 1558 2778 Κύριος,
1587 2705 1818 2773 ἀπαθεῖς
1853 2708 1981 2773 τοὺς

397 2788 808 2861 ἐργαζομένους
861 2793 1036 2858 αὐτάς
1073 2794 1363 2849 ἀποτελεῖ⁶
1423 2797 1513 2852 διὰ
1558 2796 1617 2851 δὲ
1664 2796 1773 2851 τῶν
1819 2797 1981 2851 θείων

394 2884 707 2955 δογμάτων,
740 2888 831 2944 τὸν
865 2888 1146 2960 φωτισμὸν
1195 2889 1295 2960 τῆς
1318 2889 1573 2959 γνώσεως
1602 2891 1786 2958 αὐτοῖς
1820 2890 1982 2964 χαρί-

394 2974 581 3041 (erat.

473 3078 572 3142 οη¹.
607 3070 885 3127 Πάντατά
908 3072 1175 3144 δόγματα,
1206 3073 1241 3142 ἢ
1281 3075 1410 3145 περὶ
1438 3076 1575 3130 Θεοῦ
1604 3077 1763 3143 εἰσιν,
1792 3076 1825 3148 ἢ
1854 3077 1985 3145 περὶ

2072 1954 2374 2025 perfectam
2414 1954 2742 2009 cbaritatem
2766 1952 3033 2024 consequi
3058 1952 3253 2023 possit.

2148 2042 2240 2097 76.
2279 2040 2574 2097 Humilitas
2601 2042 2896 2111 carnisque
2925 2039 3227 2105 afﬂictatio,
3250 2039 3321 2095 ab
3356 2038 3508 2095 omni
3541 2054 3667 2109 pec-

2075 2144 2199 2191 cato
2229 2136 2510 2190 hominem
2548 2135 2791 2190 liberant
2824 2153 2837 2188 :
2876 2150 3113 2205 quarum
3158 2134 3275 2199 illa,
3304 2132 3516 2199 animi;
3548 2131 3666 2187 hinc

2074 2244 2231 2294 vero,
2269 2228 2525 2298 corporis
2563 2224 2811 2297 amputat
2836 2226 2990 2281 vitia.
3033 2226 3147 2281 Hoc
3190 2226 3339 2282 enim
3366 2234 3422 2281 et
3468 2226 3669 2280 beatus

2076 2316 2247 2371 David
2282 2326 2539 2387 praestare
2575 2324 2939 2381 monstratur,
2976 2331 3101 2371 cum
3133 2317 3189 2371 in
3231 2316 3350 2371 hinc
3379 2312 3551 2371 verba
3596 2313 3667 2369 ad

2077 2409 2250 2463 Deum
2286 2416 2574 2480 precatur:
2605 2408 2728 2462 Vide
2758 2407 3115 2463 humilitatem
3149 2425 3323 2463 meam
3353 2416 3404 2462 et
3437 2407 3669 2463 laborem

2080 2513 2271 2561 meum,
2293 2506 2341 2550 et
2368 2496 2572 2550 dimitte
2594 2496 2771 2550 omnia
2791 2505 3007 2566 peccata
3035 2512 3149 2550 mea
3175 2498 3243 2550 ’9.

2153 2688 2240 2741 77.
2283 2682 2552 2739 Dominus
2589 2698 2687 2753 per
2726 2682 3004 2747 mandata,
3054 2696 3152 2736 eos
3196 2681 3290 2752 qui
3334 2692 3557 2738 servant
3602 2696 3670 2741 ac

2081 2787 2403 2849 operantur,
2437 2777 2508 2832 ab
2537 2776 2830 2831 alIectibus
2852 2790 2919 2830 ac
2944 2774 3106 2847 5.05
3137 2774 3368 2831 libidine
3395 2775 3670 2832 immunes

2082 2872 2266 2927 reddit
2301 2888 2316 2925 :
2348 2886 2448 2941 per
2469 2869 2656 2925 divina
2683 2875 2867 2925 autem
2894 2868 3171 2940 dogmata,
3203 2868 3450 2923 scientia:
3480 2867 3562 2923 eis
3604 2867 3673 2921 il-

2083 2964 2471 3020 lustrationem
2490 2962 2708 3018 tribuit.

2156 3058 2245 3113 78.
2287 3057 2549 3127 Dogmata
2572 3054 2756 3109 omnia
2775 3069 2839 3108 ac
2870 3052 3117 3117 decreta,
3148 3061 3245 3110 aut
3272 3052 3340 3109 de
3371 3053 3483 3109 Deo
3519 3061 3672 3120 sunt,

401 3160 617 3234 ὁρατῶν
637 3163 734 3217 καὶ
760 3163 1029 3236 ἀοράτων,
1063 3165 1098 3236 ἢ
1119 3168 1250 3240 περὶ
1287 3167 1388 3239 τῆς
1419 3168 1477 3221 ἐν
1513 3167 1696 3233 αὐτοῖς
1728 3145 1983 3240 προνοίας

2090 3160 2186 3205 aut
2207 3149 2275 3205 de
2305 3149 2471 3203 rebus
2493 3148 2551 3203 in
2571 3156 2856 3218 aspectum
2872 3146 3219 3213 cadentibus,
3240 3155 3335 3202 aut
3360 3161 3483 3216 quae
3500 3145 3675 3201 aciem

408 3252 508 3307 καὶ
530 3252 785 3324 κρίσεως.

477 3431 578 3487 σθ’.
618 3432 685 3486 Ἦ
721 3432 819 3504 μὲν
882 3433 1220 3508 ἐλεημοσύνη
1248 3436 1383 3508 (10),
1427 3439 1489 3492 τὸ
1531 3438 1763 3511 θυμικὸν
1819 3441 1985 3512 μέρος

401 3525 503 3594 τῆς
537 3524 714 3596 ψυχῆς
743 3526 1066 3597 θεραπεύει·
1114 3532 1145 3600 ὴ
1189 3529 1246 3583 δὲ
1280 3532 1529 3601 νηστεία,
1560 3532 1659 3603 τὴν
1708 3533 1809 3603 μὲν
1861 3536 1983 3587 ἐπι-

404 3616 609 3686 θυμίαν
646 3619 932 3689 μαραίνει·
958 3620 991 3691 ὴ
1030 3620 1086 3674 δὲ
1112 3624 1411 3693 προσευχὴ,
1436 3622 1528 3675 τὸν
1553 3623 1677 3676 νοῦν
1708 3624 1982 3693 καθαίρει,

410 3708 507 3759 καὶ
547 3707 684 3778 πρὸς
730 3710 829 3780 τὴν
879 3710 987 3763 τῶν
1040 3710 1210 3765 ὄντων
1267 3712 1503 3783 θεωρίαν
1546 3715 1985 3785 παρασκευάζει.

412 3795 554 3867 [ῐρὸς
593 3799 701 3869 γάρ
732 3800 829 3862 τάς
858 3800 1121 3871 δυνάμεις
1156 3801 1257 3872 τῆς
1285 3801 1486 3873 ψυχῆς,
1519 3804 1611 3855 καὶ
1639 3802 1738 3867 τὰς
1765 3804 1989 3868 ἐντολὰς

405 3890 437 3942 6
469 3888 675 3961 Κύριος
696 3893 834 3963 ἡμῖν
855 3892 1171 3962 ἐχαρίσατο.

481 3989 557 4037 π’.
591 3982 820 4039 Μάθετε
846 3986 948 4041 ἀπ’
977 3987 1145 4055 ἐμοῦ,
1178 3986 1363 4057 φησιν,
1388 3987 1478 4041 ὅτι
1506 3986 1697 4057 πρᾶός
1736 3991 1851 4059 είμι
1891 3989 1990 4044 καὶ

406 4077 693 4143 ταπεινὸς
715 4076 790 4146 τῇ
812 4077 1047 4147 καρδίᾳ,
1077 4079 1173 4132 καὶ
1206 4080 1273 4134 τά
1304 4080 1453 4150 ἑξῆς.
1495 4081 1559 4134 Ἦ
1591 4081 1689 4151 μὲν
1722 4083 1986 4155 πραότης,

408 4167 691 4237 ἀτάραχον
730 4167 823 4221 τὸν
864 4169 1035 4239 θυμὸν
1057 4169 1411 4240 διαφυλάττει
1437 4189 1450 4204 ·
1484 4176 1516 4243 ή
1550 4173 1606 4226 δὲ
1632 4174 1988 4239 ταπείνωσις,

408 4257 585 4327 τύφου
608 4258 704 4313 καὶ
736 4259 1043 4324 κενοδοξίας
1071 4262 1165 4315 τὸν
1196 4261 1322 4316 νοῦν
1343 4263 1643 4337 ἐλευθεροῖ.

486 4444 597 4492 πα’.
626 4438 812 4503 Διττός
855 4441 1004 4493 ἐστιν
1028 4442 1056 4494 6
1075 4439 1170 4493 τοῦ
1196 4441 1331 4495 Θεοῦ
1364 4442 1528 4511 φόϐος
1549 4460 1561 4472 ·
1596 4446 1625 4498 6
1654 4446 1753 4515 μὲν
1789 4447 1852 4499 ἐκ
1884 4447 1993 4499 τῶν

2090 3244 2377 3299 oculorum
2418 3241 2654 3314 fugiunt,
2684 3250 2781 3295 aut
2812 3240 2879 3295 de
2904 3234 3266 3310 providenth
3296 3254 3361 3294 ac
3396 3237 3588 3310 judicii
3618 3237 3672 3292 in

2089 3336 2171 3390 eis
2198 3335 2525 3390 rationibus.

2161 3432 2248 3485 79.
2290 3431 2621 3501 Eleemoyna
2677 3430 3007 3486 irascentem
3048 3427 3217 3483 animi
3248 3435 3458 3496 partem
3486 3441 3674 3494 curat;

2087 3525 2358 3598 jejunium
2416 3526 2775 3595 cupiditatem
2836 3530 3082 3578 macerat
3129 3540 3141 3575 :
3187 3521 3369 3576 oratio
3433 3527 3676 3574 mentem

2093 3627 2311 3689 purgat,
2336 3626 2391 3672 et
2413 3616 2479 3672 ad
2504 3633 2687 3672 rerum
2714 3615 3241 3685 contemplationem
3260 3611 3675 3684 prmparat.Pro

2093 3710 2416 3772 facultatum
2439 3710 2587 3764 enim
2619 3708 2787 3764 animi
2823 3707 3064 3776 ratione,
3089 3706 3256 3761 etiam
3288 3704 3543 3760 mandata
3571 3702 3675 3757 Do-

2096 3804 2283 3857 minus
2320 3802 2567 3857 tradidit.

2166 3989 2254 4044 80.
2294 3988 2490 4042 Discite
2524 4005 2556 4040 a
2583 4003 2683 4051 me,
2722 3985 2923 4054 inquit,
2966 3985 3093 4055 quia
3120 3984 3260 4038 mitis
3277 3998 3395 4037 sum
3428 3990 3476 4035 et
3510 3979 3681 4033 humi-

2099 4077 2162 4130 lis
2194 4075 2347 4129 corde
2369 4074 2437 4139 ³⁸,
2478 4081 2534 4129 et
2556 4088 2679 4143 qua:
2706 4080 3034 4140 sequuntur.
3076 4068 3225 4123 Mitis
3255 4066 3424 4121 animi
3460 4063 3687 4119 affectio

2096 4183 2195 4225 seu
2242 4167 2458 4232 lenitas,
2511 4165 2607 4221 irae
2654 4163 2969 4218 facultatem
3019 4159 3356 4216 inturbatam
3399 4154 3679 4221 custodit;

2100 4260 2381 4315 humilitas
2429 4273 2562 4312 vero
2598 4273 2627 4311 a
2675 4255 2951 4326 superbiae
3013 4252 3157 4309 fastu
3198 4266 3261 4307 ac
3318 4250 3470 4306 inani
3512 4246 3685 4321 gloria

2099 4361 2341 4407 mentem
2366 4351 2596 4405 liberam
2624 4347 2827 4403 reddit.

2172 4446 2259 4499 8L
2290 4444 2501 4513 Duplex
2525 4449 2611 4497 est
2647 4441 2742 4495 Dei
2768 4440 2933 4494 timor
2968 4458 2980 4493 :
3022 4439 3182 4502 alter,
3209 4452 3375 4508 quem
3410 4435 3681 4490 minarum

410 4529 657 4583 ἀπειλῶν
697 4532 798 4602 τῆς
832 4530 1108 4595 κολάσεως
1139 4533 1271 4602 ἡμῖν
1320 4534 1719 4606 ἐντικτόμενος,
1762 4535 1831 4589 δι’
1864 4537 1922 4589 ὃν
1955 4541 1983 4607 ἡ

2099 4539 2183 4593 vis
2213 4538 2577 4604 incussusquc
2614 4532 2869 4603 supplicii
2899 4542 3081 4587 terror
3116 4531 3171 4584 in
3195 4529 3357 4585 nobis
3387 4528 3557 4599 parit;
3584 4542 3682 4598 per

410 4623 716 4693 ἐγκράτεια
747 4624 843 4677 καὶ
868 4626 901 4695 ἡ
925 4626 1193 4698 ὑπομονὴ,
1218 4626 1313 4681 καὶ
1344 4629 1377 4698 ἡ
1415 4628 1495 4689 εἰς
1518 4628 1652 4682 Θεὸν
1690 4630 1868 4693 ἐλπὶς,
1901 4632 1995 4684 καὶ

413 4714 452 4782 ἡ
480 4713 738 4780 ἀπάθεια,
769 4717 827 4783 ἐξ
852 4711 979 4789 ἦςή
1030 4718 1245 4789 ἀγάπη,
1284 4718 1428 4772 κατά
1472 4718 1627 4784 τάξιν
1676 4720 1809 4791 ἡμῖν
1845 4721 1996 4789 ἐγγί-

410 4819 630 4857 νονται·
665 4806 692 4857 6
720 4804 796 4871 δὲ,
818 4807 957 4877 αὐτῇ
988 4810 1056 4878 τῇ
1081 4808 1271 4881 ἀγάπῃ
1302 4808 1677 4874 συνέζευκται,
1708 4811 1997 4867 εὐλάϐειαν

411 4894 486 4963 τῇ
515 4892 659 4966 ψυχῇ
700 4895 789 4948 ἀεὶ
822 4896 1088 4967 ἐμποιῶν,
1125 4899 1212 4952 ἵνα
1246 4899 1321 4970 μὴ
1350 4900 1438 4953 διά
1485 4900 1585 4971 τῆν
1636 4901 1734 4971 τῆς
1775 4903 1999 4976 ἀγάπης

412 4986 754 5057 παρρησίαν,
780 4990 859 5052 είς
889 4990 1297 5064 καταφρόνησιν
1327 4992 1461 5045 Θεοῦ
1492 4992 1641 5066 ἔλθῃ.

490 5077 599 5147 πβ¹.
635 5078 740 5132 Τὸν
794 5081 894 5150 μὲν
929 5081 1142 5152 πρῶτον
1173 5082 1337 5151 φόϐον
1377 5082 1483 5147 ἔξω
1518 5083 1700 5154 βάλλει
1734 5087 1766 5156 ἡ
1818 5087 2001 5141 τελεία

412 5170 605 5241 ἀγάπη
657 5172 756 5242 τῆς
807 5172 988 5243 ψυχῆς
1022 5172 1122 5242 τῆς
1174 5176 1521 5246 κεκτημένης
1559 5177 1754 5249 αὐτὴν,
1802 5182 2002 5251 μηκέτι

415 5262 521 5329 τὴν
563 5263 788 5317 κόλασιν
834 5264 1206 5335 φοὸουμένηςο
1263 5266 1357 5319 τὸν
1400 5267 1457 5320 δὲ
1500 5268 1777 5341 δεύτερον,
1834 5274 2000 5345 ἑαυτῇ

414 5354 534 5424 εχει
582 5356 691 5421 ἀεὶ,
726 5356 803 5422 ὡς
852 5357 1069 5428 εἴρηται
1110 5360 1564 5430 συνεζευγμένον.
1618 5364 1728 5417 Καὶ
1776 5364 1853 5435 τῷ
1899 5367 2001 5435 μὲν

414 5444 623 5519 πρώτῳ
654 5448 828 5519 φόϐῳ,
858 5447 1087 5520 ἁρμόζει
1114 5449 1194 5516 τὸ,
1235 5448 1319 5516 Τῷ
1343 5452 1504 5520 φόϐῳ
1544 5455 1763 5522 Κυρίου
1793 5457 1998 5512 ἐκκλί-

418 5557 508 5596 νει
555 5539 675 5607 πᾶς
710 5540 831 5596 ἀπὸ
870 5542 1077 5597 κακοῦ.
1129 5542 1260 5611 Καὶ,
1313 5544 1496 5614 Ἀρχή
1547 5546 1768 5615 σοφίας
1815 5549 1999 5618 φόϐος

490 5725 538 5758 ⁸⁸
561 5722 733 5794 Rom.
768 5742 879 5787 vni,
910 5726 997 5782 55.
1101 5727 1143 5757 ’⁷
1172 5726 1329 5781 Rom.
1385 5742 1457 5789 Ix,
1492 5728 1541 5794 l,
1582 5729 1635 5783 5.

419 5799 463 5832 ³¹
496 5796 518 5854 ι
546 5793 706 5852 Joan.
746 5812 819 5860 tv,
852 5796 936 5852 18.
1014 5797 1057 5828 ³³
1086 5795 1244 5851 Prov.
1275 5814 1361 5865 xv,
1394 5797 1480 5852 27.

1742 5734 1787 5766 ’⁸
1817 5734 1989 5791 Exod.
2023 5750 2186 5802 χχιιι,
2215 5735 2275 5791 δι

2096 4645 2262 4701 quem
2288 4627 2655 4690 continentia,
2683 4624 2969 4696 patientia,
2995 4638 3121 4694 spes
3165 4623 3221 4677 in
3244 4622 3437 4686 Deum,
3479 4621 3682 4690 imper-

2098 4722 2343 4778 turbatio
2380 4719 2469 4793 (ex
2498 4735 2605 4790 qua
2644 4716 2907 4787 cbaritas)
2958 4715 3200 4786 quadam
3230 4714 3287 4768 in
3331 4712 3495 4767 nobis
3536 4710 3679 4766 serie

2096 4814 2524 4887 progignuntur;
2550 4812 2711 4875 alter,
2737 4809 2841 4880 ipsi
2877 4808 3207 4879 conjunctus
3235 4804 3512 4869 cbaritati,
3538 4818 3683 4859 sem-

2099 4923 2197 4978 per
2221 4907 2465 4962 animum
2503 4904 2708 4975 pietate
2749 4914 3089 4970 componens
3136 4913 3201 4954 ac
3250 4896 3585 4961 reverentia,
3612 4912 3682 4952 ne

2099 5016 2198 5071 per
2220 4996 2507 5054 eharitatis
2536 4995 2789 5050 ﬁduciam
2816 4994 2871 5048 in
2902 5000 3283 5061 contemptum
3310 4988 3408 5045 Dei
3433 4989 3644 5044 veniat.

2168 5091 2257 5147 82.
2298 5090 2542 5145 Primum
2566 5088 2818 5143 timorem
2872 5084 3020 5140 foras
3054 5082 3225 5138 mittit
3270 5081 3514 5153 perfecta
3550 5080 3685 5136 Chil-

2104 5186 2237 5241 ritas
2270 5185 2337 5251 δι,
2363 5183 2593 5253 ejusque
2616 5180 2803 5235 animo
2848 5177 3023 5249 ejicit,
3042 5176 3138 5247 qui
3171 5176 3263 5230 illa
3298 5174 3565 5246 praeditus
3587 5172 3681 5236 sit,

2102 5294 2174 5333 ne
2201 5279 2309 5349 jam
2355 5276 2546 5330 timeat
2582 5262 2814 5343 poenam
2852 5289 2864 5324 :
2901 5270 3138 5324 alterum
3162 5283 3316 5333 vero,
3348 5267 3429 5323 uti
3474 5265 3683 5320 dictum

2103 5356 2213 5436 est,
2255 5382 2476 5438 semper
2511 5364 3097 5435 babet-conjunctum.
3138 5360 3212 5416 Ac
3250 5359 3424 5431 priori
3459 5357 3684 5430 quidem

2107 5461 2292 5519 timori
2313 5459 2570 5532 quadrat,
2592 5457 2737 5527 quod
2770 5456 2845 5512 ita
2858 5455 3063 5511 dicitur
3090 5471 3103 5507 :
3130 5453 3335 5510 Timore
3351 5451 3563 5506 Domini
3590 5449 3680 5501 de-

2105 5552 2270 5607 clinat
2303 5552 2473 5605 omnis
2498 5568 2531 5604 α
2555 5546 2698 5602 mata
2729 5547 2797 5601 ³⁸.
2828 5546 2896 5601 Et
2928 5563 2941 5599 :
2983 5543 3205 5599 Initium
3231 5540 3502 5611 sapientia
3530 5540 3689 5593 timor

2420 5734 2464 5766 ²⁹
2499 5732 2637 5790 Psal.
2683 5750 2865 5798 cum,
2916 5730 3032 5785 I55.
3167 5733 3209 5763 ”
3254 5724 3441 5781 Matth.
3488 5741 3560 5789 χι,
3602 5723 3688 5781 29.
