4070 6398
329 319 436 386 931

1229 329 1568 391 CAPITUM
1608 329 1707 390 DE
1745 328 2185 390 CHARITATE
2224 332 2616 393 CENTURIA
2655 334 2683 391 Ι

3502 330 3624 396 ’982

410 441 523 506 πτγ.
563 435 734 490 Ὅταν
757 435 845 490 ἀεὶ
875 437 934 492 ἐν
965 438 1045 510 τῷ
1073 439 1254 512 καιρῷ
1281 442 1382 513 τῆς
1415 443 1728 514 προσευχῆς
1757 417 1923 514 μηδὲν

2102 441 2191 498 88.
2227 441 2365 498 Cum
2419 443 2565 499 inter
2591 441 2884 509 orandum,
2930 444 3078 498 nulla
3131 457 3373 514 unquam
3436 458 3622 498 rerum

330 529 447 582 τῶν
477 527 573 582 τοῦ
616 531 825 601 κόσμου
873 533 1163 604 νοημάτων
1204 534 1526 608 διενοχλήσῃ
1557 535 1634 607 τῷ
1671 535 1767 607 νῷ,
1798 536 1924 589 τότε

2052 536 2213 590 ιεουιί
2237 537 2476 606 cogitata
2518 536 2751 591 molesta
2781 536 3116 607 ingruerint,
3153 545 3286 592 tunc
3312 547 3470 591 extra
3517 537 3623 590 im-

334 621 575 687 γίνωσκε
609 623 806 676 σαυτὸν
839 623 914 696 μὴ
961 623 1066 689 ἔξω
1117 620 1260 680 εἶναι
1302 626 1412 681 τῶν
1444 629 1587 698 ὅρων
1635 627 1739 698 τῆς
1784 627 1926 681 ἀπα-

333 715 516 779 θείας.

413 806 522 858 πθ¹.
561 807 731 860 Ὅταν
761 810 795 880 ἡ
820 808 973 878 ψυχὴ
1004 808 1242 881 ἄρχηται
1269 811 1367 882 τῆς
1400 810 1536 874 ίδίας
1558 811 1750 880 ὑγείας
1770 813 1928 866 ἐπαι-

336 897 660 965 σθάνεσθαι,
692 902 814 954 τότε
850 903 946 956 καὶ
977 902 1077 966 τὰς
1127 905 1184 956 ἐν
1217 905 1331 967 τοῖς
1369 901 1565 967 ὕπνοις
1595 903 1926 974 φαντασίας,

331 989 506 1060 ψιλὰς
540 994 635 1045 καὶ
661 994 974 1065 ἀταράχους
1005 996 1229 1067 ἄρχεται
1263 996 1503 1066 βλέπειν.

415 1082 490 1149 Lf.
525 1083 696 1137 Ὤσπε
707 1101 736 1155 ρ
767 1085 859 1138 τὸν
887 1087 1146 1157 αἰσθητὸν
1172 1088 1508 1161 ὀφθαλμὺνὴ
1557 1089 1792 1162 καλλονή
1821 1089 1930 1143 τῶν

328 1175 592 1245 ὁρατῶν·
621 1175 766 1231 οὕτω
805 1178 1015 1232 καὶτὸν
1041 1180 1280 1252 καθαρὸν
1319 1179 1463 1248 νσῦν,
1509 1185 1540 1253 ή
1579 1181 1779 1251 γνῶσις
1821 1183 1932 1238 τῶν

332 1270 597 1340 ἀοράτων
626 1271 763 1341 πρὸς
795 1272 997 1345 ἑαυτὴν
1030 1275 1354 1330 ἐπισπᾶται.
1395 1274 1634 1347 Ἀόρατα
1663 1276 1718 1330 δὲ
1760 1277 1930 1347 λέγω,

332 1360 414 1413 τὰ
440 1360 730 1431 ἀσώματα.
1468 1365 1476 1372 ’

419 1546 528 1610 1.,αῆ
569 1543 730 1612 Μέγα
765 1545 864 1614 μὲν
890 1545 951 1599 τὸ
978 1545 1116 1618 πρὸς
1148 1548 1217 1602 τὰ
1252 1549 1554 1619 πράγματα
1579 1552 1653 1623 μὴ
1679 1552 1932 1624 πάσχεινο

335 1638 535 1706 μεῖζον
583 1637 638 1690 δὲ
697 1638 904 1709 πολλῷ,
950 1641 1011 1694 τὸ
1067 1641 1204 1712 πρὸς
1263 1643 1364 1705 τὰς
1407 1645 1711 1713 φαντασίας
1757 1647 1935 1701 αὐτῶν

330 1727 530 1800 ἀπαθῆ
570 1730 864 1800 διαμεῖναι.
911 1733 1055 1786 Δεότι
1103 1735 1131 1787 ὁ
1175 1733 1264 1788 διὰ
1313 1735 1420 1787 τῶν
1471 1735 1748 1808 λογισμῶν
1799 1742 1936 1808 πρὸς

330 1821 498 1890 ἡμᾶς
527 1822 637 1874 τῶν
671 1822 943 1893 δαιμόνων
980 1825 1214 1896 πόλεμος
1239 1866 1253 1890 ,
1285 1827 1379 1880 τοῦ
1412 1827 1498 1881 διὰ
1532 1829 1641 1883 τῶν
1675 1831 1938 1901 πραγμά-

329 1931 454 1966 των
486 1914 726 1984 πολέμου
757 1918 874 1969 ἐστὶ
901 1917 1306 1990 χαλεπώτερος.

417 2007 524 2076 113',
583 2006 644 2062 Ὀ
687 2008 787 2072 τὰς
836 2009 1042 2082 ἀρετὰς
1095 2011 1472 2083 κατορθώσας,
1505 2014 1602 2068 καὶ
1645 2018 1711 2088 τῇ
1738 2015 1939 2085 γνώσει

329 2100 678 2173 πλουτήσας,
703 2102 778 2166 ὡς
807 2104 1054 2173 φυσικῶς
1079 2105 1266 2159 λοιπὸν
1290 2108 1361 2160 τὰ
1392 2109 1695 2180 πράγματα
1720 2109 1937 2182 διορῶν,

331 2193 527 2248 πάντα
561 2194 704 2249 κατά
733 2195 824 2249 τὸν
858 2195 1018 2273 ὀρθὸν
1050 2197 1210 2266 λόγον
1247 2199 1344 2252 καὶ
1372 2201 1605 2270 πράττει
1637 2202 1731 2255 καὶ
1765 2203 1942 2258 διαλέ-

330 2304 526 2355 γεται,
559 2287 618 2340 τὸ
654 2287 873 2344 σύνολον
905 2289 983 2360 μὴ
1019 2291 1526 2363 παρατρεπόμενος.
1573 2294 1668 2346 Ἐκ
1707 2293 1816 2366 γὰρ
1844 2294 1940 2349 τοῦ

333 2383 587 2449 εὐλόγως
623 2385 656 2454 ἦ
702 2384 1034 2456 παραλόγως
1067 2387 1180 2450 τοῖς
1212 2387 1506 2459 πράγμασι
1542 2387 1874 2459 χρήσασθαι,
1904 2389 1939 2461 ἢ

333 2477 659 2549 ἐνάρετοιῆ
702 2478 900 2547 φαῦλοι
941 2479 1230 2550 γινόμεθα.

420 2574 529 2637 ιπγθ.
558 2570 794 2640 Σημεῖον
813 2570 992 2642 ἄκρας
1016 2571 1312 2640 ἀπαθείας,
1342 2573 1402 2626 τὸ
1433 2572 1565 2643 ψιλά
1589 2573 1655 2626 τὰ
1689 2575 1942 2644 νοήματα

335 2661 456 2714 τῶν
485 2661 829 2732 πραγμάτων
860 2662 952 2740 ἀεὶ,
977 2663 1296 2718 ἀναϐαίνειν
1325 2665 1418 2718 ἐπὶ
1437 2665 1538 2735 τὴν
1568 2664 1820 2734 καρδίαν,
1847 2666 1944 2720 καὶ

340 2753 718 2824 ἐγρηγορότος
748 2751 842 2806 τοῦ
873 2751 1149 2824 σώματος,
1180 2756 1275 2808 καὶ
1306 2755 1450 2810 κατὰ
1484 2757 1611 2820 τοὺς
1646 2755 1868 2822 ὕπνους.

414 2930 522 2999 ιβ’.
568 2932 666 2985 Διά
712 2933 812 3002 μὲν
852 2895 952 3002 πῆς
979 2933 1243 3004 ἐργασίας
1272 2932 1380 2987 τῶν
1410 2933 1659 3000 ἐντολῶν,
1687 2934 1755 2987 τὰ
1792 2934 1941 3005 πάθη

342 3024 378 3076 ὁ
408 3024 532 3088 νοῦς
564 3021 878 3077 ἀποδύεται·
912 3024 1000 3077 διὰ
1027 3025 1084 3078 δὲ
1112 3028 1211 3096 τῆς
1255 3027 1363 3078 τῶν
1401 3025 1613 3097 ὁρατῶν
1640 3044 1936 3096 πνευματι-

2027 625 2486 702 perturbatiqnis,
2524 623 2805 694 animique
2849 624 3271 694 tranquillitatis
3305 624 3511 679 sedatis
3535 626 3618 678 af-

2027 715 2268 772 fectibus
2293 717 2449 782 ﬁnes,
2484 715 2631 770 haud
2657 724 2708 770 te
2736 715 3096 770 constitutum
3121 731 3241 770 esse
3267 717 3509 771 noveris.

2101 808 2189 864 89.
2231 809 2336 867 Ubi
2373 811 2592 864 animus
2624 824 2738 865 sua:
2785 807 3040 864 sanitatis
3072 822 3295 863 sensum
3327 809 3616 879 percipere

2032 903 2284 974 emperit,
2331 913 2464 960 tunc
2514 918 2570 960 et
2600 921 2722 976 quae
2774 905 2832 960 in
2874 905 3085 960 somnis
3119 904 3239 974 visa
3271 897 3431 971 ﬁant,
3477 905 3624 959 nuda
3693 971 3697 976 .

2034 996 2284 1066 citraque
2311 999 2792 1067 perturbationem
2820 998 3014 1053 videre
3047 998 3264 1068 incipit.

2105 1088 2193 1144 90.
2235 1090 2713 1156 Quemadmodum
2766 1107 2952 1146 rerum
2983 1092 3284 1148 visibilium
3316 1091 3632 1163 pulchritu-

2035 1178 2128 1244 do,
2159 1181 2381 1268 oculum
2415 1182 2674 1238 sensibus
2703 1183 2983 1254 obiectum
3009 1201 3023 1250 ;
3057 1183 3136 1240 sic
3161 1195 3218 1240 et
3236 1200 3433 1254 puram
3467 1202 3629 1241 mcu-

2038 1282 2146 1328 tem
2195 1273 2262 1328 ad
2307 1289 2368 1330 se
2421 1275 2596 1330 allicit
2668 1276 2912 1347 cognitio
2980 1292 3170 1332 rerum
3242 1277 3626 1332 invisibilium.

2034 1363 2198 1436 407
2222 1366 2530 1421 lnvisibilia
2581 1376 2767 1424 autem
2811 1383 2972 1433 voco,
3019 1367 3264 1440 Spiritus
3299 1370 3516 1424 scilicet
3567 1388 3631 1424 ac

2036 1457 2131 1527 qui
2165 1458 2479 1530 incorporei
2506 1470 2659 1518 sunt.

2107 1549 2198 1605 91.
2218 1549 2472 1622 Magnum
2498 1553 2722 1622 quidem
2742 1569 2927 1608 rerum
2944 1553 3173 1610 libidine
3193 1554 3416 1608 minime
3447 1553 3588 1608 allici
3615 1572 3627 1606 :

2038 1650 2095 1696 at
2127 1642 2290 1714 longe
2315 1645 2514 1716 majus,
2538 1645 2620 1700 sic
2647 1661 3035 1716 perseverare,
3074 1653 3234 1702 utne
3272 1662 3466 1701 earum
3503 1649 3628 1716 qui-

2039 1735 2163 1791 dem
2206 1737 2637 1807 cogitationibus
2666 1737 2940 1793 al'liciaris.
2975 1738 3189 1808 Quippe
3217 1739 3441 1810 gravius
3483 1739 3630 1808 quod

2041 1844 2141 1897 per
2186 1845 2279 1884 eas
2322 1829 2626 1896 daemones,
2664 1847 2830 1901 quam
2851 1831 2998 1902 quod
3022 1848 3122 1902 per
3149 1847 3240 1887 res
3267 1832 3434 1903 ipsas,
3459 1832 3513 1886 in
3531 1847 3633 1888 nos

2041 1919 2246 1974 bellum
2271 1920 2573 1976 instruunt.

2112 2011 2201 2066 92.
2231 2012 2334 2079 Qui
2364 2015 2476 2084 jam
2496 2013 2735 2070 virtutes
2780 2013 3038 2084 adeptus,
3067 2029 3133 2069 ac
3150 2013 3385 2070 scientia
3426 2014 3635 2085 potitus

2042 2110 2148 2168 est,
2175 2110 2236 2156 ut
2275 2103 2368 2172 qui
2411 2103 2678 2174 deinceps
2715 2120 2805 2160 res
2839 2104 3097 2175 dispiciat
3135 2106 3216 2160 uti
3262 2113 3461 2160 natura
3485 2120 3636 2160 com-

2042 2201 2300 2264 paratum
2325 2203 2432 2260 est,
2482 2203 2686 2250 cuncta
2720 2203 2874 2250 recta
2915 2195 3134 2250 ratione
3193 2203 3308 2250 tum
3341 2196 3478 2266 agit,
3517 2204 3634 2250 tum

2043 2284 2316 2354 loquitur,
2349 2285 2506 2340 nullo
2530 2301 2766 2356 prorsus
2795 2285 2857 2339 in
2884 2287 3077 2357 aliquo
3106 2301 3304 2341 errore
3336 2286 3634 2340 abductus.

2044 2376 2125 2430 Ex
2160 2392 2228 2431 eo
2265 2377 2416 2430 enim
2449 2377 2599 2446 quod
2637 2385 2789 2432 recte
2840 2393 2908 2456 ei;
2961 2377 3174 2432 ratione
3217 2393 3289 2431 ac
3327 2377 3639 2432 inconsulte

2045 2467 2214 2523 rebus
2244 2477 2493 2534 utamur,
2523 2477 2620 2523 aut
2649 2468 2888 2524 studiosi
2919 2469 3166 2524 autmali
3200 2468 3492 2525 elﬁcimur.

2116 2560 2205 2615 9'5.
2227 2559 2466 2614 Summm
2494 2560 3014 2630 imperturbationis
3044 2561 3329 2631 animique
3350 2560 3642 2616 affectibus

2043 2652 2207 2707 vacui
2238 2652 2504 2707 indicium
2533 2662 2638 2717 est,
2659 2652 2807 2722 quod
2828 2653 2990 2708 nudae
3020 2669 3239 2724 semper
3268 2669 3332 2707 ac
3357 2654 3642 2724 simplices

2047 2756 2235 2794 rerum
2290 2741 2547 2795 notiones
2589 2742 2871 2811 'sensaquc
2908 2741 2966 2796 in
3016 2759 3115 2798 cor
3165 2743 3487 2806 ascendant,
3524 2744 3640 2799 sive

2046 2831 2174 2887 dum
2209 2849 2412 2901 corpus
2441 2833 2650 2903 vigilat,
2677 2833 2793 2888 sive
2821 2833 2952 2888 dum
2979 2851 3146 2905 sopor
3178 2844 3350 2890 tenet.
3611 2909 3614 2912 ξ

2118 2924 2206 2979 94.
2240 2925 2563 2980 Ρταξδῑιιιιιίο
2588 2925 2865 2985 mandata.
2894 2926 3114 2981 animus
3133 2927 3398 2981 libidines
3423 2942 3488 2981 ac
3509 2927 3643 2980 vitia

2046 3021 2202 3076 exuit
2230 3039 2242 3074 :
2285 3037 2472 3076 rerum
2526 3037 2659 3076 vero
2693 3021 2747 3076 in
2773 3032 3058 3093 aspectum
3092 3022 3410 3078 cadentium
3447 3038 3646 3092 specu-

349 3115 460 3185 κῆς
487 3116 742 3187 Θεωρίας,
779 3116 848 3170 τά
893 3116 1120 3188 ἐμπαθῆ
1153 3119 1263 3172 τῶν
1302 3117 1646 3188 πραγμάτων
1669 3120 1938 3188 νοήματα.

2052 3114 2279 3180 latione,
2303 3113 2633 3170 libidinosas
2673 3123 2840 3184 atque
2868 3115 3005 3170 vitio
3033 3116 3310 3171 haerentes
3335 3131 3521 3172 rerum
3545 3131 3635 3170 co-

350 3206 455 3261 Διά
506 3207 562 3259 δὲ
617 3209 717 3278 τῆς
761 3208 870 3262 τῶν
916 3209 1163 3280 ἀοράτων
1194 3209 1444 3278 γνώσεως
1496 3209 1630 3280 (15),
1692 3210 1788 3282 τὴν
1834 3210 1945 3265 τῶν

348 3296 564 3367 ὁρατῶν
599 3296 854 3368 θεωρίαν⁴
901 3297 1105 3370 ταύτην
1138 3298 1216 3364 δὲ,
1275 3299 1363 3353 διὰ
1408 3303 1508 3371 τῆς
1560 3297 1818 3368 γνώσεως
1846 3300 1945 3370 τῆς

347 3387 516 3455 ἁγίας
547 3389 802 3461 τριάδος.

423 3486 527 3549 ῑιεν.
561 3483 774 3550 Ὥσπερ
811 3485 838 3536 ό
885 3483 1040 3554 ἥλιος
1090 3482 1402 3537 ἀνατέλλων
1455 3483 1546 3536 καὶ
1595 3483 1686 3536 τὸν
1743 3482 1946 3552 κόσμον

351 3573 628 3642 φωτίζων,
660 3574 902 3628 δείκνυσί
934 3593 992 3628 τε
1029 3575 1221 3628 ἐαυτὸν
1247 3576 1342 3628 καὶ
1369 3575 1438 3628 τὰ
1471 3575 1744 3629 ὑπἀὐτοῦ
1779 3594 1946 3645 φωτι-

355 3667 556 3738 ζόμενα
589 3667 913 3738 πράγματα·
930 3666 1073 3720 οὕτω
1098 3666 1235 3720 καὶὸ
1253 3666 1352 3737 τῆς
1380 3666 1731 3738 δικαιοσύνης
1759 3668 1947 3731 Ἥλιος

351 3759 433 3830 τῷ
462 3759 688 3831 καθαρῷ
730 3758 805 3828 νῷ
848 3757 1177 3822 ἀνατέλλων,
1204 3760 1300 3812 καὶ
1339 3757 1527 3812 ἐαυτὸν
1561 3757 1821 3824 δείκνυσι,
1853 3759 1948 3812 καὶ

349 3851 573 3904 πάντων
603 3851 712 3905 τῶν
746 3851 836 3904 ὑπ’
884 3849 1050 3903 αὑτοῦ
1082 3849 1384 3918 γεγονότων
1428 3850 1524 3904 καὶ
1566 3849 1949 3921 γενησομένων

347 3946 482 4008 τοὺς
501 3945 716 4014 λόγους.

422 4042 541 4106 ιιςι.
575 4039 692 4092 Οὐκ
730 4039 796 4092 ἐκ
827 4037 928 4109 τῆς
952 4037 1142 4101 οὐσίας
1180 4035 1347 4092 αὑτοῦ
1387 4037 1480 4091 τὸν
1523 4036 1656 4090 Θεὸν
1684 4035 1950 4106 γινώσκο-

351 4149 480 4202 μεν,
515 4131 633 4185 ἀλλ’
662 4133 729 4184 ἐκ
766 4131 864 4200 τῆς
899 4129 1306 4201 μεγαλουργίας
1336 4127 1502 4183 αὐτοῦ
1557 4129 1655 4182 καὶ
1689 4128 1950 4200 προνοίας

346 4224 464 4278 τῶν
494 4223 682 4278 ὄντων.
743 4222 842 4277 Διά
887 4222 1094 4275 τούτων
1141 4223 1250 4292 γὰρ
1286 4221 1363 4285 ὡς
1393 4221 1462 4274 δι’
1490 4221 1796 4292 ἐσόπτρων,
1842 4221 1946 4292 τὴν

347 4314 606 4384 ἄπειρον
632 4312 945 4384 ἀγαθότητα
994 4313 1090 4366 καὶ
1135 4311 1330 4382 σοφίαν
1365 4312 1460 4365 καὶ
1512 4310 1741 4382 δύναμιν
1778 4329 1949 4366 κατα-

351 4421 608 4476 νοουμεν.

2049 3207 2372 3278 gitationes;
2401 3222 2589 3261 rerum
2623 3215 2808 3261 autem
2845 3207 3210 3263 invisibiliqu
3240 3207 3490 3272 scientia,
3517 3206 3634 3262 visi-

2049 3299 2244 3354 bilium
2275 3299 2714 3369 speculationem
2743 3315 2756 3352 :
2789 3299 2932 3354 hanc
2954 3299 3195 3370 denique
3245 3297 3649 3354 sanetze'l‘rini—

2049 3392 2180 3447 tatis
2209 3391 2442 3447 scientia
2479 3391 2692 3463 alijicit.

2120 3486 2209 3540 95.
2251 3484 2731 3551 Quemadmodum
2763 3484 2843 3539 sol
2875 3484 3066 3539 oriens
3091 3501 3157 3538 ac
3206 3483 3476 3538 mundum
3517 3483 3648 3537 illu-

2049 3577 2293 3640 minans,
2350 3584 2467 3630 tum
2516 3576 2634 3645 ipse
2695 3590 2776 3642 se,
2832 3585 2948 3630 tum
2979 3590 3102 3644 qua:
3137 3575 3288 3628 illius
3340 3573 3650 3645 fulgoribus

2050 3668 2474 3729 collustrantur,
2518 3663 2707 3734 prodit
2743 3680 2756 3718 :
2800 3663 2882 3717 sic
2934 3671 2992 3717 et
3022 3661 3254 3733 iustitiae
3300 3659 3391 3715 Sol
3429 3659 3652 3715 mundae

2018 3779 2020 3781 ·
2056 3759 2229 3814 menti
2272 3757 2556 3822 exoriens,
2596 3764 2711 3810 tum
2748 3755 3028 3825 seipsum,
3078 3763 3194 3808 tum
3242 3753 3362 3823 ipso
3418 3751 3648 3807 auctore

2053 3850 2407 3906 conditorum
2441 3847 2690 3902 omnium
2716 3860 2781 3900 ac
2807 3843 3225 3900 eondendorum
3268 3843 3515 3898 rationes
3554 3858 3647 3896 os-

2055 3941 2258 3998 tendit.

2126 4030 2218 4086 96.
2256 4029 2378 4086 Non
2418 4045 2487 4085 ex
2530 4028 2845 4084 substantia
2879 4042 2979 4082 sua
3014 4025 3187 4082 Deum
3239 4025 3648 4098 cognoscimus,

2055 4122 2152 4178 sed
2188 4138 2256 4176 ex
2301 4121 2603 4177 creationis
2646 4119 3056 4192 magniﬁcentia
3110 4133 3411 4189 rerumque
3465 4119 3655 4189 provi-

2057 4217 2269 4273 dentia.
2297 4217 2405 4270 Per
2439 4215 2556 4270 haec
2585 4214 2735 4269 enim
2791 4222 2854 4268 ut
2899 4228 2998 4284 per
3053 4212 3276 4283 specula
3305 4253 3320 4277 ,
3378 4210 3654 4266 inﬁnitam

2063 4308 2434 4380 intelligimus
2476 4307 2785 4363 bonitatem
2839 4315 2896 4362 et
2949 4305 3282 4377 sapientiam
3337 4314 3394 4359 et
3452 4315 3652 4375 poten-

2060 4402 2217 4456 tiam.

428 4497 534 4567 ιιξν.
576 4499 638 4552 '0
668 4498 911 4570 καθαρὸς
940 4496 1089 4562 νοῦς,
1134 4497 1166 4570 ἦ
1219 4499 1277 4551 ἐν
1322 4499 1436 4560 τοῖς
1481 4493 1680 4568 ψιλοῖς
1715 4497 1940 4569 νοήμασι

2130 4496 2220 4550 97.
2260 4493 2467 4549 Munda
2505 4507 2688 4559 mens,
2740 4500 2837 4546 aut
2863 4491 2922 4546 in
2974 4489 3140 4551 nudis
3164 4489 3536 4544 humanarum
3563 4504 3654 4544 re-

350 4591 466 4646 τῶν
497 4591 856 4664 ἀνθρωπίνων
887 4592 1230 4663 πραγμάτων
1289 4591 1628 4662 εὑρίσκεται,
1681 4591 1714 4660 ἢ
1771 4594 1831 4645 ἐν
1877 4594 1942 4664 τῇ

348 4683 466 4738 τῶν
491 4682 705 4754 ὁρατῶν
740 4686 948 4755 φυσικῇ
985 4684 1212 4755 θεωρίᾳ,
1255 4683 1288 4755 ἢ
1325 4686 1383 4737 ἐν
1427 4685 1494 4754 τῇ
1529 4683 1638 4738 τῶν
1675 4683 1948 4756 ἀοράτωνο

349 4775 392 4840 ἦ
423 4777 480 4860 ἐν
505 4775 582 4848 τῷ
610 4775 751 4846 φωτὶ
796 4777 896 4848 τῆς
937 4777 1100 4846 ἁγίας
1131 4775 1380 4848 Τριάδος.

431 4957 540 5025 ιιηῆ
559 4954 738 5026 Ἐνιτῇ
762 4952 872 5007 τῶν
899 4950 1113 5024 ὁρατῶν
1145 4951 1350 5023 θεωρίᾳ
1376 4951 1720 5022 γενόμενος.ὀ
1751 4949 1896 5016 νοῦςν
1918 4951 1952 5024 ἦ

351 5047 486 5112 τοὺς
508 5047 774 5116 φυσικοὺς
820 5044 1002 5100 αὐτῶν
1049 5044 1242 5113 λόγους
1275 5043 1554 5116 ἐρευνᾷ,ἢ
1589 5044 1716 5108 τοὺς
1755 5043 1823 5097 δι’
1858 5043 1958 5096 αὺ-

352 5138 470 5193 τῶν
497 5138 953 5211 σημαινομένους,
985 5137 1020 5210 ἢ
1056 5139 1230 5210 αὐτὴν
1255 5139 1354 5209 τὴν
1393 5138 1575 5191 αίτίαν
1603 5135 1775 5208 ζητεῖ.

434 5329 538 5398 ιιθκ
592 5330 682 5385 Ἐν
729 5329 786 5383 δέ
826 5331 893 5401 τῇ
926 5328 1037 5382 τῶν
1087 5327 1338 5400 ἀοράτων
1374 5326 1693 5399 διατρίϐων,
1735 5325 1859 5390 τούς
1891 5342 1952 5381 τε

357 5425 630 5494 φυσικοὺς
679 5421 864 5477 αὐτῶν
910 5422 1103 5491 λόγους
1145 5420 1324 5490 ζητεῖ,
1376 5421 1470 5477 καὶ
1501 5420 1599 5492 τὴν
1645 5419 1826 5475 αἰτίαν
1853 5419 1954 5490 τῆς

357 5519 632 5589 γενέσεως
675 5516 879 5582 αὐτῶν,
931 5515 1026 5568 καὶ
1069 5514 1137 5568 τὰ
1169 5513 1382 5577 τούτοις
1411 5512 1701 5568 ἀκόλουθα.
1736 5514 1846 5567 Καὶ
1871 5513 1956 5578 τίς

361 5610 397 5679 ἡ
438 5607 569 5680 περὶ
611 5606 812 5670 αὐτοὺς
843 5606 1072 5678 πρόνοια
1111 5604 1206 5659 καὶ
1251 5604 1454 5676 κρίσις.

436 5787 505 5854 ρ’.
550 5782 639 5835 Ἐν
687 5780 743 5835 δὲ
775 5781 892 5852 Θεῷ
919 5783 1211 5854 γενόμενος
1236 5822 1250 5848 ,
1298 5783 1424 5846 τοὺς
1462 5782 1588 5854 περὶ
1630 5784 1728 5856 τῆς
1769 5785 1957 5852 οὐσίας

2059 4605 2186 4644 rum
2222 4586 2661 4659 cogitationibus
2707 4601 2772 4640 ac
2829 4583 3216 4653 conceptibus,
3248 4591 3349 4636 aut
3385 4582 3442 4634 in
3486 4591 3654 4635 natu-

2062 4681 2164 4734 rali
2191 4675 2382 4735 Pcrum
2413 4678 2721 4733 visibilium
2755 4682 2852 4730 aut
2894 4673 3256 4730 invisibilium
3307 4671 3654 4742 contempla-

2061 4773 2250 4837 tione;
2288 4779 2388 4825 aut
2413 4769 2655 4840 denique
2682 4768 2739 4822 in
2772 4773 2978 4822 sanetae
3031 4763 3323 4820 Trinitatis
3358 4761 3481 4816 luce
3526 4776 3656 4814 vcr-

2061 4875 2238 4922 satur.

2133 4959 2225 5015 98.
2252 4959 2314 5013 In
2346 4970 2538 5012 rerum
2594 4949 2774 5012 oculis
2836 4951 3213 5021 subjectarum
3271 4944 3653 5020 speculatione

2061 5065 2295 5107 versans
2349 5048 2613 5112 animus,
2672 5053 2770 5101 aut
2813 5042 3094 5098 naturales
3152 5055 3346 5095 earum
3407 5037 3656 5091 rationes

2058 5149 2364 5206 scrutatur,
2396 5148 2492 5195 aut
2513 5154 2637 5210 quae
2672 5153 2771 5208 per
2798 5151 2894 5192 eas
2917 5133 3321 5205 significantur,
3350 5140 3446 5187 aut
3471 5130 3653 5200 ipsum

2058 5251 2248 5290 earum
2280 5240 2567 5288 auctorem
2611 5231 2866 5284 rimatur.

2135 5328 2224 5385 99.
2265 5326 2472 5381 Earum
2523 5338 2656 5377 vero
2701 5337 2824 5392 quae
2876 5321 3163 5376 oculorum
3223 5318 3399 5372 aciem
3441 5314 3658 5385 fugiunt

2064 5417 2534 5488 contemplatione
2571 5413 2807 5478 deﬁxus,
2840 5410 3387 5479 naturalesipsarum
3416 5405 3658 5474 exquirit

2059 5515 2325 5574 rationes,
2386 5522 2606 5562 necnon
2669 5503 3078 5575 procreationis
3127 5513 3373 5562 causam,
3435 5503 3493 5550 et
3532 5502 3656 5564 quz’e

2059 5606 2226 5680 408
2255 5603 2342 5658 liis
2371 5606 2736 5656 consectanca
2766 5604 2919 5653 sunt.
2949 5593 3211 5662 Quaenam
3252 5588 3494 5657 denique
3522 5601 3652 5657 erga

2061 5699 2291 5770 spiritus
2311 5691 2661 5765 providentia
2691 5707 2756 5745 ac
2784 5688 3056 5760 judicium
3081 5687 3175 5740 sit.

2137 5786 2258 5839 100.
2293 5785 2359 5836 At
2395 5782 2486 5835 ubi
2511 5780 2576 5834 ad
2619 5781 2791 5833 Deum
2833 5778 3092 5840 evaserit,
3139 5772 3380 5844 primum
3427 5768 3651 5839 quidem
