4076 6478
480 374 591 438 985

1359 373 1691 433 CAPITUM
1729 373 1826 432 DE
1865 372 2295 432 CHARITATE
2333 375 2720 435 CENTURIA
2769 375 2849 435 II.

3624 378 3731 440 980

475 488 672 543 τούτου
713 484 1025 557 συμϐαίνει,
1058 485 1126 538 τὸ
1160 484 1587 556 ἀπερισπάστως
1636 483 2046 557 προσεύχεσθαι.

2160 486 2486 555 expediant;
2531 486 2680 542 unde
2728 487 2808 541 illi
2854 484 3147 556 contingit,
3187 491 3249 538 ut
3290 484 3431 539 nihil
3471 500 3603 555 vaga
3641 496 3735 538 aut

551 670 614 719 ε’.
651 663 767 717 Οὐκ
812 663 975 733 ἀρκεῖ
1019 660 1298 732 πρακτικὴ
1350 660 1571 730 μέθοδος
1606 660 1683 731 (η)
1717 660 1853 731 πρὸς
1887 660 1947 713 τὸ
1976 677 2059 714 τε·

477 757 641 821 λείως
674 756 766 810 τὸν
818 755 944 809 νοῦν
994 754 1185 808 παθῶν
1235 752 1672 824 ἐλευθερωθῆναι
1718 753 1854 822 (15),
1914 753 2055 806 ὥστε

478 851 777 921 δυνηθῆναι
807 848 971 902 αὑτὸν
988 849 1416 920 ἀπερισπάστως
1446 846 1866 917 προσεύχεσθαι,
1893 847 1944 898 εί
1982 846 2057 915 μὴ

481 945 577 995 καὶ
608 943 856 1014 διάφοροι
883 941 1046 996 αὑτὸν
1066 940 1397 1005 διαδέξονται
1418 939 1779 1009 πνευματικαὶ
1809 938 2054 1008 θεωρίαι.

488 1033 559 1084 Ἦ
597 1032 694 1101 μὲν
742 1033 874 1103 γὰρ,
917 1032 1191 1103 ἀκρασίας
1241 1033 1335 1085 καὶ
1391 1031 1583 1101 μίσους
1626 1030 1784 1100 μόνον
1810 1030 1903 1083 τὸν
1932 1029 2058 1083 νοῦν

477 1123 778 1192 ἐλευθεροῖ·
808 1126 863 1177 αί
892 1124 971 1186 δὲ,
1005 1125 1097 1177 καὶ
1121 1123 1292 1195 λήθης
1320 1123 1415 1176 καὶ
1446 1121 1668 1190 ἀγνοίας
1689 1120 1851 1175 αὑτὸν
1879 1120 2056 1174 ἀπαλ-

478 1216 753 1277 λάττουσι·
788 1216 882 1268 καὶ
908 1214 1051 1268 οὕτω
1093 1215 1379 1287 δυνήσεται
1416 1214 1492 1278 ὡς
1524 1214 1605 1266 δεῖ
1633 1212 2058 1285 προσεύξασθαι.

549 1400 625 1459 ς’.
660 1393 775 1463 Τῆς
822 1393 1070 1466 καθαρᾶς
1104 1392 1414 1466 προσευχῆς
1444 1392 1536 1446 δύο
1580 1393 1719 1446 εἰσὶν
1762 1392 2059 1462 ἀκράταται

478 1484 861 1548 καταστάσεις*
893 1488 927 1554 ἠ
974 1485 1090 1556 μὲν,
1154 1487 1267 1548 τοῖς
1322 1486 1647 1555 πρακτικοῖς
1673 1502 1689 1518 ·
1740 1485 1773 1555 ή
1827 1485 1908 1549 δὲ,
1944 1487 2058 1547 τοῖς

477 1577 833 1646 θεωρητικοῖς
872 1576 1363 1647 ἐπισυμδαίνουσα.
1411 1577 1521 1630 Καὶ
1552 1578 1585 1647 ἡ
1630 1578 1750 1647 μὲν,
1784 1578 1851 1629 ἐκ
1885 1576 2053 1646 φόϐου

477 1668 616 1725 Θεοῦ
646 1668 739 1721 καὶ
780 1668 995 1731 ἐλπίδος
1037 1668 1251 1738 ἀγαθῆς
1297 1670 1365 1739 τῇ
1408 1667 1553 1739 ψυχῇ
1581 1668 1879 1735 ἐγγίνεται·
1906 1669 1941 1739 ή
1975 1667 2054 1735 δὲ,

477 1759 589 1812 ἀπὸ
609 1758 753 1813 θείου
785 1758 988 1830 ἔρωτος
1036 1760 1134 1812 καὶ
1187 1760 1497 1831 ἀκροτάτης
1537 1742 1877 1831 καθάρσεως.
1907 1760 2055 1813 Γνω-

2157 579 2585 648 cogitationibus
2606 578 2870 633 distracta
2889 577 3123 631 orationi
3147 576 3452 631 incumbat.

2225 668 2390 740 409
2420 670 2472 724 5.
2533 669 2652 723 Non
2692 667 2893 722 suﬂicit
2955 666 3197 721 colendae
3242 666 3477 720 actionis
3538 670 3624 720 via
3672 681 3737 720 ac

2158 761 2317 823 ratio,
2343 760 2413 813 ad
2435 760 2680 814 animum
2697 759 2765 812 ab
2787 757 3078 813 all‘ectibus
3095 756 3337 826 perfecte
3357 757 3730 821 liberandum,

2159 859 2220 906 ut
2249 851 2572 905 indistracte
2598 865 2661 904 ac
2688 857 2873 903 mente
2929 863 3041 902 non
3094 863 3230 916 vaga
3268 856 3460 901 vacare
3494 848 3731 900 orationi

2158 942 2362 1011 possit;
2390 940 2490 995 nisi
2508 941 2677 994 etiam
2698 939 2930 993 diversa:
2943 937 3438 1006 contemplationes
3461 936 3735 1005 spiritales

2158 1034 2510 1088 accesserint.
2548 1033 2685 1087 Nam
2723 1031 2869 1087 actio
2925 1031 3151 1100 quidem
3216 1030 3283 1083 ah
3333 1029 3733 1082 incontinentia

2157 1133 2321 1195 atque
2347 1126 2473 1179 odio
2506 1132 2750 1177 mentem
2776 1123 3005 1189 liberat;
3042 1119 3536 1188 contemplationes
3580 1133 3732 1181 vero,

2157 1213 2226 1268 ab
2259 1213 2536 1269 oblivione
2565 1220 2622 1267 et
2656 1211 2964 1281 ignorantia
2994 1228 3008 1264 :
3058 1228 3087 1266 a
3111 1212 3317 1281 quibus
3344 1208 3636 1279 expeditus
3670 1224 3737 1262 ac

2156 1303 2439 1373 liber..pro
2459 1318 2526 1357 eo
2546 1318 2611 1357 ac
2636 1302 2795 1356 decet
2828 1301 3030 1372 poterit
3061 1315 3240 1356 orare.

2228 1395 2281 1450 6.
2316 1394 2533 1449 Mundae
2585 1394 2856 1451 orationis
2885 1393 2996 1447 duo
3041 1400 3171 1447 sunt
3208 1390 3453 1461 supremi
3511 1397 3687 1444 status
3719 1406 3729 1438 :

2157 1500 2394 1556 quorum
2421 1486 2560 1539 alter
2580 1484 2895 1539 colentibus
2925 1482 3199 1535 actionem
3243 1478 3535 1543 convenit;
3571 1476 3731 1538 alter,

2156 1578 2244 1632 his
2270 1577 2364 1647 qui
2392 1575 2847 1646 contemplationi
2879 1573 3123 1629 student.
3174 1572 3253 1627 Ac
3299 1572 3451 1642 prior
3484 1570 3730 1640 quidem,

2155 1686 2223 1725 ex
2248 1669 2345 1724 Dei
2374 1669 2570 1723 timore
2600 1669 2813 1723 acbona
2834 1681 2952 1737 spe,
2977 1664 3165 1719 animo
3196 1663 3445 1727 accedit;
3498 1652 3732 1715 alterum

2156 1776 2310 1827 vero,
2334 1761 2429 1815 Dei
2455 1776 2610 1815 amor
2637 1773 2962 1827 summaque
2986 1755 3287 1811 mundities
3311 1754 3476 1825 parit.
3526 1753 3735 1807 Prioris

480 1854 726 1924 ρίσματα
753 1852 811 1905 δὲ
840 1852 934 1906 τοῦ
965 1853 1064 1923 μὲν
1100 1852 1316 1924 πρώτου
1370 1852 1591 1924 μέτρου,
1619 1854 1680 1907 τὸ
1711 1855 1769 1905 ἐν
1809 1853 1888 1925 τῷ
1926 1871 2046 1907 συν.

2156 1854 2306 1908 modi
2340 1852 2544 1907 indicia
2571 1859 2722 1916 sunt,
2760 1851 2995 1905 collecta
3022 1856 3206 1904 mente
3234 1863 3265 1901 a
3291 1845 3585 1901 mundanis
3611 1858 3733 1897 om-

478 1948 709 2015 αγαγεῖν
742 1946 835 1999 τὸν
889 1945 1016 1999 νοῦν
1062 1947 1127 1999 ἐκ
1172 1945 1390 1999 πάντων
1419 1946 1528 2000 τῶν
1565 1945 1659 1999 τοῦ
1690 1947 1897 2017 κόσμου
1932 1960 2057 2017 νοη-

480 2037 688 2105 μάτων,
721 2035 817 2091 ml.
844 2035 1104 2107 ὡςάὑτῷ
1137 2035 1303 2090 αὐτοῦ
1340 2037 1739 2107 περισταμένου
1767 2038 1862 2091 τοῦ
1895 2037 2052 2107 Θεοῦ,

475 2127 667 2199 ὥσπερ
703 2128 797 2181 καὶ
822 2127 1095 2198 παρέστη,
1134 2126 1408 2183 ποιεῖσθαι
1433 2128 1533 2191 τὰς
1566 2128 1880 2200 προσευχὰς
1916 2130 2053 2183 ἀπε-

479 2221 794 2293 ρισπάστως
824 2221 919 2275 καὶ
949 2220 1338 2292 ἀνενοχλήτως·
1371 2220 1464 2275 τοῦ
1500 2220 1557 2274 δὲ
1600 2221 1879 2292 δευτέρου,
1908 2222 1970 2276 τὸ
1996 2224 2055 2277 ἐν

474 2315 615 2385 αὐτῇ
647 2317 714 2384 τῇ
755 2315 901 2385 ὁρμῇ
949 2314 1048 2384 τῆς
1080 2315 1387 2385 προσευχῆς
1439 2314 1753 2386 ἀρπαγῆναι
1792 2317 1882 2369 τὸν
1929 2314 2055 2369 νοῦν

476 2403 585 2456 ὑπὸ
610 2402 705 2456 τοῦ
739 2402 885 2455 θείου
922 2403 1018 2455 καὶ
1047 2404 1276 2475 ἀπείρου
1320 2403 1517 2471 φωτὸς,
1553 2403 1648 2456 καὶ
1690 2404 1827 2473 μήτε
1859 2404 2053 2458 ἑαυτοῦ

477 2494 619 2566 μήτε
658 2492 805 2557 τινὸς
840 2493 1002 2547 ἀλλου
1029 2494 1139 2549 τῶν
1182 2494 1349 2548 ὄντων
1387 2496 1447 2547 τὸ
1477 2493 1693 2548 σύνολον
1726 2496 2052 2550 ἐπαισθάνε-

475 2584 625 2647 σθαι,
658 2585 708 2637 εἰ
757 2585 835 2654 μὴ
880 2583 1044 2654 μόνου
1072 2582 1166 2636 τοῦ
1209 2583 1296 2636 διὰ
1324 2584 1421 2653 τῆς
1447 2584 1666 2654 ἀγάπης
1692 2585 1750 2637 ἐν
1779 2585 1927 2655 αὐτῷ
1955 2587 2053 2657 τὴν

472 2675 732 2745 τοιαύτην
770 2673 1033 2744 ἓλλαμψιν
1090 2674 1462 2745 ἐνεργοῦντος.
1518 2675 1650 2728 Τότε
1692 2676 1749 2728 δὲ
1785 2676 1878 2728 καὶ
1925 2677 2053 2746 περὶ

473 2766 602 2827 τοὺς
649 2764 779 2835 περὶ
819 2762 955 2816 Θεοῦ
1009 2762 1201 2830 λόγους
1251 2762 1608 2835 κινούμενος,
1658 2764 1902 2835 καθαρὰς
1958 2767 2053 2818 καὶ

471 2854 679 2927 σεμνὰς
703 2856 801 2918 τὰς
833 2856 961 2927 περὶ
992 2853 1156 2908 αὐτοῦ
1186 2854 1450 2926 λαμϐάνει
1489 2856 1777 2926 ἐμφάσεις.

544 2945 611 3011 ζ’.
645 2948 713 3001 Ὃ
733 2964 817 3011 τις
852 2949 1063 3018 ἀγαπᾷ,
1116 2946 1306 3003 τούτου
1356 2948 1449 3001 καὶ
1496 2948 1782 3017 ἀντέχεται
1811 2948 2049 3012 πάντως·

370 3072 377 3077 -
473 3041 570 3094 καὶ
614 3039 834 3095 πάντων
874 3039 982 3092 τῶν
1029 3038 1166 3111 πρὸς
1217 3038 1374 3092 τοῦτο
1424 3039 1826 3109 ἐμποδιζόντων
1878 3038 2046 3111 αὐτῷ,

2160 1943 2326 1999 nibus
2348 1943 2800 2015 cogitationibus,
2858 1941 3119 2010 velutque
3162 1939 3275 1994 Deo
3330 1938 3414 1992 illi
3465 1944 3734 2007 praesente

2159 2040 2261 2112 (uti
2298 2050 2354 2096 et
2392 2056 2525 2095 vere
2553 2054 2797 2111 praesens
2842 2037 2946 2108 est)
2988 2036 3321 2091 indistracte'
3354 2034 3616 2103 omnique
3646 2045 3734 2087 se-

2155 2139 2303 2185 mota
2342 2131 2738 2201 cogitationum
2773 2126 3244 2199 interpellantium
3295 2125 3480 2189 turba,
3526 2138 3728 2177 orare:

2154 2224 2478 2295 posterioris
2510 2238 2665 2283 vero.
2719 2221 2824 2277 sub
2883 2222 3005 2291 ipso
3039 2218 3317 2288 {orationis
3354 2217 3564 2287 impetu
3612 2216 3731 2286 rapi

2156 2317 2399 2369 animum
2423 2315 2610 2369 divina
2636 2321 2695 2369 et
2723 2312 2936 2367 inﬁnita
2957 2313 3103 2375 luce,
3124 2326 3189 2364 ac
3217 2324 3396 2378 neque
3419 2307 3528 2372 sui,
3552 2321 3733 2375 neque

2156 2407 2304 2462 illius
2342 2423 2570 2476 prorsus
2618 2405 2855 2459 aliarum
2911 2417 3100 2457 rerum
3152 2415 3379 2456 sensum
3421 2398 3730 2469 percipere,

2156 2508 2522 2570 praeterquam
2571 2499 2693 2569 ejus
2743 2497 3030 2563 duntaxat,
3084 2495 3180 2565 qui
3241 2509 3340 2564 per
3382 2493 3731 2557 charitatem,

2156 2593 2320 2647 talem
2355 2593 2411 2646 in
2465 2607 2533 2646 eo
2586 2589 3012 2645 illustrationem
3050 2587 3235 2642 aillatu
3285 2601 3387 2641 suo
3446 2593 3731 2654 operatur.

2155 2683 2418 2751 Tuncque
2472 2681 2612 2735 adeo
2660 2680 2828 2735 etiam
2873 2678 3020 2733 circa
3050 2678 3292 2732 rationes
3340 2691 3463 2745 quae
3513 2674 3582 2729 de
3620 2675 3733 2727 Deo

2154 2780 2302 2835 sunt,
2340 2779 2545 2834 motus,
2571 2770 2749 2825 claras
2777 2769 2846 2824 dc
2899 2770 2994 2823 illo
3040 2784 3106 2823 ac
3155 2766 3483 2836 conspicuas
3532 2764 3733 2834 accipit

2152 2861 2686 2933 repraesentationes.

2226 2954 2278 3007 7.
2319 2953 2475 3019 Quod
2502 2952 2627 3021 quis
2651 2951 2855 3021 diligit,
2890 2949 3118 3004 omnino
3173 2948 3341 3004 etiam
3381 2945 3732 3015 amplectitur

2153 3053 2210 3100 et
2233 3044 2398 3110 colit;
2419 3059 2481 3098 ac
2500 3044 2546 3097 si
2576 3043 2712 3113 quid
2737 3043 2815 3097 illi
2848 3041 3245 3111 impedimento
3280 3039 3372 3104 sit,
3396 3037 3728 3099 contemnit,

472 3134 827 3203 καταφρονεῖ,
868 3132 957 3187 ἵνα
1005 3131 1081 3203 μὴ
1112 3130 1276 3185 αὑτοῦ
1319 3130 1591 3203 στερηθῇ,
1639 3133 1732 3186 καὶ⁴
1780 3134 1870 3187 τὸν
1918 3132 2046 3189 Θεὸν

2158 3151 2228 3189 ne
2257 3136 2351 3190 illo
2369 3134 2574 3205 privari
2602 3135 2780 3203 ipsum
2811 3132 3132 3202 contigerit;
3164 3130 3258 3200 qui
3279 3144 3411 3199 ergo
3444 3129 3617 3183 Deum
3647 3126 3733 3179 di-

472 3224 727 3290 ἀγαπῶν,
761 3223 1104 3293 ἐπιμελεῖται
1158 3222 1407 3294 καθαρᾶς
1455 3224 1787 3293 προσευχῆς·
1815 3226 1910 3277 καὶ
1940 3226 2046 3278 πᾶν

2152 3226 2293 3296 ligit,
2328 3242 2481 3295 pura:
2505 3224 2744 3279 orationi
2773 3223 3116 3295 diligentiam
3164 3221 3353 3286 habet,
3398 3233 3731 3288 omnemque

473 3310 645 3375 πάθος
680 3312 816 3384 πρὸς
854 3312 1011 3371 τοῦτο
1061 3310 1355 3382 ἐμποδίζον
1404 3310 1588 3382 αὐτῷ,
1642 3311 1937 3372 ἀποϐάλλει
1989 3313 2049 3380 ἐξ

458 3402 668 3457 ἐαυτοῦ
1958 3470 1961 3471 ν

539 3501 613 3565 η’.
660 3495 720 3550 Ὀ
766 3494 866 3567 τὴν
920 3494 1134 3565 μητέρα
1174 3495 1281 3549 τῶν
1325 3494 1512 3548 παθῶν
1545 3494 1837 3549 ἀποϐαλὼν
1864 3494 2052 3563 φιλαυ-

464 3586 613 3652 τίαν,
669 3585 766 3639 καὶ
798 3584 868 3641 τὰ
915 3585 1078 3638 λοιπά
1131 3585 1372 3655 εὐχερῶς
1420 3586 1515 3638 σὺν
1559 3583 1678 3655 Θεῷ
1709 3584 2045 3639 ἀποτίθεται·

467 3673 580 3732 οἷον
608 3679 801 3749 ὀργὴν,
838 3676 1037 3747 λύπην,
1088 3674 1476 3747 μνησικακίαν,
1523 3674 1617 3727 καὶ
1649 3673 1719 3727 τὰ
1759 3674 1906 3745 ἐξῆς·
1939 3674 1967 3727 6
1993 3674 2050 3727 δέ

469 3770 576 3823 ὑπὸ
606 3772 701 3823 τοῦ
754 3766 972 3840 πρώτου
1036 3766 1434 3837 κρατούμενος,
1484 3764 1588 3819 ὑπὸ
1626 3766 1720 3818 τοῦ
1769 3764 2043 3836 δευτέρου,

465 3859 570 3914 κᾶν
629 3860 703 3932 μὴ
762 3860 925 3929 θέλῃ,
978 3856 1363 3927 τιτρώσκεται.
1401 3856 1663 3911 Φιλαυτία
1710 3854 1769 3910 δέ
1806 3858 1954 3919 ἐστι,
1988 3854 2049 3908 τὸ

462 3936 604 4024 πρὸς
630 3951 693 4004 τὸ
737 3951 896 4021 σῶμα
927 3948 1117 4013 πάθος.

536 4128 603 4181 θ’.
636 4124 736 4180 Διά
764 4126 863 4189 τάς
892 4125 1053 4179 πέντε
1087 4124 1289 4188 ταύτας
1318 4122 1500 4187 αἰτίας
1520 4124 1568 4177 οἱ
1601 4122 1877 4196 ἄνθρωποι
1906 4123 2047 4192 ἀγα-

465 4219 641 4272 πῶσιν
666 4219 950 4289 ἀλλήλους,
991 4216 1101 4269 εἴτε
1134 4216 1456 4279 ἐπαινετῶς,
1487 4215 1597 4268 εἴτε
1620 4215 1859 4286 ψεκτῶς.
1896 4210 2043 4281 Οἷον,

462 4309 499 4382 ἢ
533 4310 620 4364 διὰ
661 4310 748 4363 τὸν
787 4309 939 4373 Θεὸν,
976 4307 1050 4371 ὡς
1097 4309 1125 4360 ὁ
1175 4306 1431 4377 ἐνάρετος
1474 4305 1720 4371 πάντας,
1769 4306 1864 4359 καὶ
1912 4305 1987 4369 ὡς
2018 4309 2047 4361 6

457 4400 554 4455 τὸν
583 4401 836 4472 ἐνάρετον
865 4399 967 4453 κᾶν
1008 4401 1173 4470 μήπω
1222 4396 1498 4469 ἐνάρετος·
1539 4397 1573 4471 ἢ
1623 4397 1711 4451 διά
1752 4398 1934 4467 φύσιν,
1970 4399 2047 4463 ὡς

2152 3318 2411 3372 allectum
2442 3332 2507 3372 ac
2530 3316 2819 3375 libidinem
2854 3326 2912 3372 et
2936 3313 3463 3379 incommodantem,
3491 3327 3521 3366 a
3550 3326 3609 3366 se
3639 3326 3731 3365 re-

2144 3410 2286 3480 jicit.

2221 3501 2273 3555 8.
2302 3500 2407 3566 Qui
2433 3500 2731 3555 all'ectuum
2760 3499 3011 3555 omnium
3038 3513 3103 3554 ac
3134 3496 3397 3553 vitiorum
3418 3502 3726 3564 parentem,

2151 3607 2354 3647 caecum
2382 3595 2564 3647 carnis
2593 3607 2835 3649 amorem
2876 3590 3215 3663 (φιλαυτίαν)
3241 3588 3527 3658 abiecerit,
3570 3585 3729 3645 facile

2151 3683 2317 3738 etiam
2348 3699 2471 3752 quae
2500 3691 2631 3749 sunt
2652 3683 2865 3752 reliqua
2899 3682 3052 3745 vitia,
3087 3680 3183 3736 Dei
3212 3694 3339 3749 ope,
3373 3675 3726 3738 eliminahit;

2153 3774 2290 3828 iram
2315 3774 2549 3839 scilicet,
2576 3758 2878 3836 tristitiam,
2906 3772 3240 3844 iniuriarum
3294 3767 3641 3831 memoriam,
3671 3776 3729 3821 et

2150 3881 2273 3935 quae
2304 3873 2632 3933 sequuntur.
2675 3863 2776 3929 Qui
2813 3872 2995 3917 autem
3025 3878 3054 3915 a
3094 3861 3278 3931 priore
3309 3860 3404 3913 illo
3458 3858 3727 3931 viueitvr,

2148 3971 2179 4009 a
2211 3954 2456 4019 secundo
2480 3955 2616 4020 velit
2638 3954 2779 4008 nolit
2807 3954 3149 4013 vulneratur.
3176 3953 3274 4007 Est
3294 3960 3478 4006 autem
3529 3949 3726 4018 φιλαυ-

2148 4046 2257 4109 τία,
2288 4062 2396 4117 qua
2415 4045 2649 4100 libidine
2677 4060 2881 4114 corpus
2903 4043 3316 4114 prosequimur.

2219 4139 2271 4194 9.
2295 4137 2549 4207 Quinque
2573 4137 2657 4193 ha:
2677 4152 2856 4192 causae
2899 4145 3028 4191 sunt
3058 4150 3121 4189 ac
3164 4134 3430 4199 rationes,
3472 4134 3549 4188 ob
3587 4147 3727 4202 quas

2149 4227 2406 4281 homines
2435 4226 2529 4280 alii
2562 4225 2704 4280 alios
2732 4225 2987 4296 diligunt,
3020 4224 3136 4279 sive
3160 4238 3225 4277 ea
3260 4221 3557 4277 dilectione
3602 4237 3728 4291 qua:

2148 4314 2366 4372 laudem
2392 4316 2615 4379 haheat,
2643 4316 2758 4370 sive
2788 4331 2910 4385 qua:
2933 4314 3053 4370 vitii
3080 4329 3298 4377 noxam,
3324 4328 3388 4366 ac
3418 4312 3581 4382 digna
3636 4311 3727 4367 vis

2149 4405 2366 4476 tuperio
2391 4404 2478 4459 sit.
2505 4404 2615 4458 Aut
2641 4402 2790 4459 enim
2814 4411 3042 4473 propter
3071 4401 3266 4466 Deum,
3293 4408 3355 4455 ut
3377 4400 3474 4470 qui
3516 4400 3729 4454 virtute

406 4530 416 4544 .
457 4492 512 4546 οἱ
549 4494 724 4560 γονεῖς
746 4491 815 4545 τὰ
844 4489 1047 4553 τέκνα,
1083 4488 1176 4542 καὶ
1214 4487 1470 4559 ἔμπαλιν·
1508 4488 1535 4557 ἣ
1576 4488 1666 4542 διὰ
1713 4488 2037 4555 κενοδοξίαν,

2150 4496 2407 4568 ρνωάίιυε
2433 4502 2539 4560 est,
2582 4510 2778 4549 omnes
2812 4494 3030 4564 diligit;
3065 4509 3129 4548 ac
3157 4493 3301 4550 sicut
3328 4492 3534 4547 virtute
3584 4506 3724 4560 pra:-

457 4585 537 4647 ώς
568 4587 595 4637 6
633 4583 987 4654 δοξαζόμενος
1011 4581 1102 4636 τὸν
1144 4581 1452 4646 δοξάζοντα·
1480 4579 1511 4651 ἢ
1544 4580 1630 4634 διὰ
1659 4580 2045 4652 φιλαργυρίαν,

456 4673 533 4735 ὡς
564 4674 592 4725 6
629 4672 721 4726 τὸν
751 4671 1007 4725 πλούσιον
1034 4671 1123 4724 διά
1153 4670 1333 4739 λῆψιν·
1364 4669 1396 4740 ἢ
1439 4669 1527 4722 διά
1553 4668 1885 4739 φιληδονίαν,
1913 4669 1989 4731 ὡς
2016 4671 2045 4722 6

451 4764 556 4833 τὴν
587 4764 836 4832 γαστέρα
881 4763 1318 4834 θεραπευόμενος
1367 4762 1463 4815 καὶ
1494 4761 1563 4814 τά
1615 4761 1719 4814 ὑπὸ
1771 4763 2036 4832 γαστέρα.

2146 4586 2346 4651 ditum,
2368 4584 2462 4655 qui
2495 4585 2733 4640 necdum
2760 4585 2877 4653 ipse
2900 4585 3146 4639 animum
3185 4583 3379 4637 virtuti
3408 4581 3721 4637 addixerit:

2145 4678 2230 4733 vel
2259 4684 2491 4748 propter
2524 4685 2803 4740 naturam,
2842 4676 2921 4729 uti
2968 4683 3229 4745 parentes
3273 4674 3520 4735 liberos,
3559 4671 3708 4725 vicis

2142 4766 2358 4835 simque
2382 4764 2550 4837 410
2583 4782 2596 4817 :
2629 4773 2725 4819 aut
2757 4765 2938 4821 inanis
2972 4764 3159 4835 gloria:
3200 4757 3400 4826 causa,
3436 4768 3495 4814 ut
3550 4759 3597 4813 is
3625 4757 3730 4831 qui

454 4856 568 4908 Kal.
598 4857 631 4926 ή
668 4856 766 4926 μὲν
797 4852 1007 4928 πρώτη,
1043 4856 1326 4925 ἐπαινετή·
1354 4856 1386 4926 ἡ
1417 4854 1474 4907 δὲ
1507 4855 1760 4926 δευτέρα,
1785 4854 1947 4926 μέση·
1980 4856 2037 4913 αἱ

2150 4857 2421 4923 laudatur,
2463 4873 2592 4912 eum
2619 4856 2817 4926 diligit,
2845 4856 2939 4925 qui
2964 4855 3153 4909 laudat
3178 4872 3191 4907 :
3228 4861 3325 4907 aut
3343 4858 3568 4921 propter
3590 4864 3719 4903 ava-

450 4942 514 4996 δὲ
551 4944 755 5011 λοιπαὶ,
784 4944 1074 5014 ἐμπαθεῖς.

2139 4946 2346 5011 ritiam,
2370 4953 2432 5001 ut
2455 4944 2549 5017 qui
2576 4946 2806 5001 divitem
2828 4944 3008 5015 diligit
3046 4951 3273 5015 propter
3299 4953 3529 4995 munera
3556 4956 3569 4991 :
3624 4952 3723 4997 aut

449 5035 695 5107 denique
725 5037 1109 5093 ohlihidinem
1157 5053 1221 5094 ac
1255 5040 1615 5110 voluptatem,
1661 5047 1722 5094 ut
1767 5041 1863 5109 qui
1906 5049 2153 5097 ventrem
2186 5058 2251 5098 ac
2313 5055 2553 5098 venerea
2605 5042 2758 5098 colit.
2794 5041 2874 5097 Ac
2927 5040 3152 5111 quidem
3210 5037 3365 5109 prior
3403 5050 3591 5100 causa,
3632 5034 3713 5088 in-

452 5136 540 5183 ter
560 5143 655 5184 eas
681 5128 933 5183 habenda
964 5136 1068 5196 est,
1103 5145 1226 5200 quae
1277 5131 1485 5186 habent
1515 5132 1770 5198 laudem;
1805 5134 2001 5197 altera,
2045 5137 2191 5191 inter
2228 5136 2471 5203 medias;
2518 5136 2764 5206 reliqum,
2804 5134 2940 5190 vitio
2973 5134 3203 5189 haerent.

526 5228 578 5277 t'.
627 5220 752 5275 Ἐὰν
790 5222 943 5286 τινάς
991 5224 1089 5294 μὲν
1142 5227 1324 5297 μισῇς,
1373 5226 1524 5289 τινάς
1577 5226 1635 5280 δὲ
1664 5227 1783 5280 οὐδὲ
1813 5229 2032 5299 ἀγαπᾷς

446 5311 573 5367 οὐδὲ
606 5316 790 5385 μισῇς·
840 5315 1060 5385 ἐτέρους
1115 5316 1172 5369 δὲ
1220 5317 1473 5389 ἀγαπᾷς,
1502 5317 1641 5371 ἀλλά
1674 5320 2025 5390 συμμέτρως·

445 5402 643 5469 ἄλλους
694 5405 753 5460 δὲ
808 5408 1014 5478 σφόδρα
1045 5408 1286 5487 ἀγαπᾷς·
1324 5412 1389 5463 ἐκ
1420 5410 1627 5482 ταύτης
1654 5411 1755 5482 τῆς
1780 5413 2030 5484 ἀνισότη-

2208 5230 2293 5285 1θ.
2329 5230 2386 5286 Si
2427 5231 2563 5285 alios
2592 5230 2792 5295 odisti;
2844 5229 2983 5283 alios
3033 5243 3137 5282 nec
3181 5222 3386 5298 diligis,
3420 5238 3523 5278 nec
3583 5237 3715 5277 vero

2136 5322 2340 5388 odisti;
2378 5322 2517 5377 alios
2561 5332 2744 5376 autem
2790 5320 2976 5391 diligis
3020 5319 3268 5390 quidem,
3304 5317 3405 5374 sed
3450 5316 3663 5372 modice
3695 5333 3717 5370 ι

2136 5414 2275 5475 alios
2305 5413 2548 5484 denique
2580 5412 2967 5467 vehementius
2995 5411 3197 5482 diligis,
3230 5425 3298 5465 ex
3330 5409 3434 5464 hac
3466 5409 3717 5477 inaequae‘.

518 5556 599 5637 (ῃ)
638 5559 957 5637 ’Πρακεικὴ
991 5560 1262 5637 μέθοδος,
1301 5564 1462 5619 Ratio
1509 5565 1725 5637 scilicet
1770 5564 2019 5620 colenda:

2150 5566 2375 5637 nihilque
2399 5582 2587 5637 vagam
2614 5567 2667 5621 in
2696 5584 2758 5621 ea
2794 5567 3184 5623 continenuam
3212 5576 3475 5637 mentem.
3501 5562 3706 5633 Ob30p.

445 5629 684 5704 actionis
718 5643 783 5704 ac
812 5630 1040 5704 virtutis
1072 5633 1326 5698 moralis;
1368 5649 1490 5704 quae
1516 5635 1772 5689 videlicet
1821 5645 2012 5690 contra

444 5698 789 5779 θεωρητικὴν
820 5700 1079 5755 distincta
1111 5704 1213 5779 sit_:_
1236 5698 1403 5779 quam
1433 5714 1722 5779 utramque
1750 5721 2011 5779 necessa-

444 5766 586 5842 riam
637 5766 902 5839 Maximus
956 5766 1268 5827 contendit-
1293 5775 1358 5828 ad
1407 5766 1673 5830 orationis
1720 5777 2006 5854 quietem,

2121 5646 2177 5690 et
2206 5631 2375 5709 Gesn.
2416 5631 2615 5709 Eﬁicaa;
2648 5639 2787 5692 ratio
2817 5648 2864 5692 et
2893 5638 3198 5709 disciplina.
3244 5635 3399 5709 Nihil
3451 5641 3576 5704 apte
3600 5631 3713 5709 ιιι(

2120 5717 2176 5781 et
2218 5708 2286 5781 Δτὸ
2321 5704 2759 5781 arrepta-adsto);
2791 5704 3206 5781 προσεύχεσθαι,
3236 5706 3497 5777 indefessa
3540 5714 3589 5759 et
3624 5704 3707 5771 in;

2119 5777 2358 5833 desinens
2381 5778 2573 5833 orandi
2610 5779 2885 5835 sedulitas.
