4076 6562
424 376 533 438 τ’ῐὶἵ

1632 362 1697 422 S.
1738 355 2025 421 ΜΑΧΙΜΙ
2060 356 2572 419 CONFESSORIS

3676 350 3795 414 988

428 488 602 547 litate,
642 482 839 553 procul
874 488 927 537 te
958 496 989 535 a
1018 477 1265 550 perfecta
1318 475 1611 540 charitate,
1661 491 1785 545 quae
1821 487 2017 530 omnes

2142 488 2228 537 τος,
2264 471 2434 539 γνῶθι
2466 471 2551 523 ὅτι
2592 466 2812 540 μακρὰν
2840 461 2891 520 εἶ
2918 465 3017 535 τῆς
3053 463 3267 537 τελείας
3299 460 3609 534 ἀγάπης,
3659 457 3793 553 ῇξις

429 576 681 629 homines
705 589 774 628 ex
798 587 958 642 atquo
983 570 1148 626 docet
1176 569 1429 640 diligere.
1474 582 1597 622 esse
1623 566 1869 621 noveris.

498 754 585 808 ll.
627 752 901 806 Declinaa
938 751 1104 815 malo,
1139 759 1187 804 et
1226 751 1312 820 fac
1344 749 1538 803 bonum
1557 748 1622 803 ³⁷.
1654 750 1733 804 Ac
1759 748 1804 803 si
1841 746 2009 802 dicat:

422 846 612 916 Pugna
638 846 906 900 adversus
931 845 1140 907 hostes,
1174 851 1235 898 ut
1267 842 1529 898 libidines
1557 852 1721 912 atque
1746 841 1876 896 vitia
1914 841 2016 895 mi—

424 951 597 989 nuas:
633 944 747 989 tum
769 949 901 989 vero
925 934 1147 989 sobrius
1174 940 1295 988 esto
1324 948 1390 987 ac
1419 933 1604 1003 vigila,
1644 947 1714 986 ne
1741 931 1833 985 illa
1889 944 2015 985 suc-

420 1035 679 1082 crescant
701 1036 756 1082 et
788 1034 1112 1097 augeantur.
1146 1025 1223 1080 Ac
1245 1041 1439 1080 rursus
1467 1043 1480 1078 :
1510 1027 1720 1095 Pugna,
1749 1033 1808 1079 ut
1832 1024 2014 1078 virtu-

427 1127 510 1172 tes
546 1134 736 1187 pares;
758 1133 824 1172 ac
851 1117 1053 1172 deinde
1071 1118 1235 1187 vigila
1261 1126 1490 1189 estoque
1524 1118 1763 1180 sobrius,
1798 1125 1861 1172 ut
1879 1131 2015 1172 con-

428 1225 637 1265 serves.
665 1210 835 1279 quue
870 1210 1012 1266 adeo
1040 1209 1221 1265 facere
1247 1210 1435 1276 fuerit,
1473 1221 1530 1266 et
1560 1227 1777 1267 cavere.

503 1302 589 1355 1'2.
619 1301 722 1368 Qui
751 1300 843 1355 Dei
880 1303 1157 1371 permissu
1179 1319 1281 1357 nos
1314 1311 1547 1367 tentant,
1576 1312 1674 1357 aut
1696 1303 1805 1357 vim
1844 1302 2017 1357 animi

430 1387 920 1457 concupiscentem
972 1389 1352 1457 inﬂammant,
1415 1401 1514 1447 aut
1560 1393 1654 1448 ira:
1702 1392 2019 1448 facultatem

429 1480 791 1543 conturbant,
850 1490 948 1537 aut
996 1484 1273 1540 rationem
1326 1486 1716 1553 obtenebrant,
1767 1496 1864 1542 aut
1899 1503 2022 1542 cor-

430 1587 535 1643 pus
581 1573 869 1630 doloribus
936 1576 1284 1650 obcingunt,
1353 1587 1452 1635 aut
1510 1580 1800 1636 facultates
1880 1580 2019 1636 diri-

428 1663 521 1732 pia
532 1671 610 1717 nt.

504 1754 592 1809 13.
630 1756 938 1823 Daemones,
969 1758 1189 1828 autipsi
1226 1774 1326 1828 per
1361 1759 1575 1829 scipsos
1627 1774 1729 1816 nos
1783 1767 2017 1826 tentant,

2118 563 2431 618 ὑποτίθεται
2484 563 2663 617 πάντα
2704 559 2995 632 ἄνθρωπον
3033 557 3091 626 ἐξ
3121 560 3239 612 ῐσου
3266 554 3618 628 ἀγαπῆσαι
3658 549 3789 623 [Fn

2116 656 2335 728 ἀγαπᾷν

2193 751 2280 804 ια’.
2320 752 2652 805 Ἔκκλτνον
2683 748 2806 806 ἀπὸ
2836 747 3053 815 κακοῦ,
3094 745 3194 802 καὶ
3262 745 3583 812 ποίησον
3626 738 3793 808 ἀγα·

2116 844 2243 899 θόν.
2274 843 2555 907 Τουτέστι,
2584 841 2901 912 Πολέμησον
2920 839 3048 904 τοὺς
3069 837 3318 909 ἐχθροὺς,
3347 836 3463 890 ἵνα
3500 828 3793 903 μειὼσῃς

2114 934 2185 988 τὰ
2214 935 2361 1004 πάοη
2393 935 2489 1005 (0)*
2517 933 2710 1001 ἔπειτα
2743 933 2803 987 δὲ
2832 934 2993 1003 νῆφε,
3025 931 3112 985 ἵνα
3146 931 3221 1002 μὴ
3252 929 3611 1000 αὐξήσωσι.
3662 924 3791 977 Καὶ

2117 1027 2299 1081 πάλιν·
2335 1026 2672 1098 Πολέμησον,
2706 1025 2793 1080 ἵνα
2819 1025 3001 1097 κτήσῃ
3029 1021 3389 1092 τὰς,ἀρετάς’
3471 1016 3595 1071 καὶ
3636 1030 3788 1087 μετ-

2118 1119 2310 1173 έπειτα
2337 1118 2475 1190 νῆφε
2497 1158 2512 1181 ,
2568 1118 2656 1171 ἵνα
2715 1116 2889 1182 αὑτὰς
2939 1113 3291 1187 διαφυλάξῃς.
3325 1111 3456 1165 Καὶ
3490 1106 3693 1162 τοῦτο
3716 1105 3790 1159 ἂν

2117 1210 2226 1279 εἴη,
2259 1210 2320 1263 τὸ
2352 1207 2701 1279 ἐργάζεσθαι,
2734 1209 2828 1262 καὶ
2857 1206 3171 1276 φυλάσσειν.

2193 1301 2279 1371 ιβ’.
2311 1303 2374 1355 0i.
2424 1301 2568 1354 κατὰ
2600 1299 2948 1372 συγχώρησιν
2981 1296 3117 1351 Θεοῦ
3150 1294 3539 1366 πειράζοντες
3580 1292 3783 1361 ἡμᾶς,

2119 1393 2153 1465 ἢ
2193 1393 2256 1446 τὸ
2286 1392 2686 1464 ἐπιθυμητικὸν
2733 1393 2831 1463 τῆς
2868 1392 3049 1463 ψυχῆς
3077 1389 3604 1460 ὲκθερμαξνουσιν,
3638 1385 3678 1455 ἢ
3716 1384 3785 1437 τὸ

2121 1486 2356 1556 θυμικὸν
2404 1486 2858 1557 ἐκταράσσουσιν,
2891 1485 2926 1556 ἢ
2967 1484 3027 1538 τὸ
3065 1481 3285 1553 λογικὸν
3331 1477 3781 1550 ἐπισκοτεςου-

2124 1596 2229 1646 σιν,
2260 1579 2294 1650 ἢ
2328 1579 2390 1633 τὸ
2437 1579 2598 1650 σῶμα
2631 1577 2845 1642 ὀδύναις
2881 1575 3325 1648 περιϐάλλουσιν,
3355 1573 3390 1643 ἢ
3428 1572 3515 1626 τὰ
3555 1586 3780 1640 σωμα-

2122 1668 2249 1725 τικὰ
2274 1667 2686 1739 διαρπάζουσιν.

2196 1769 2287 1833 ιγ’.
2321 1763 2394 1815 “ll
2424 1762 2492 1816 δι’
2522 1760 2731 1815 ἑαυτῶν
2773 1760 2921 1830 ἡμᾶς
2973 1758 3023 1811 οἱ
3060 1756 3315 1827 δαίμονες
3350 1749 3779 1821 ἐκπειράζω-

430 1858 531 1903 aut
556 1864 674 1915 eos,
712 1852 807 1920 qui
843 1866 953 1906 non
986 1851 1217 1907 timeant
1254 1853 1548 1912 Dominum
1589 1852 1884 1908 adversum
1917 1868 2021 1909 nos

2142 1830 2299 1928 ιιν,νῆ
2342 1856 2469 1919 τοὺς
2517 1856 2593 1926 μὴ
2625 1852 2996 1925 φοϐουμένους
3038 1851 3130 1904 τὸν
3162 1849 3367 1917 Κύριον
3401 1843 3555 1899 καθ’
3592 1840 3773 1914 ἡμῶν

433 1950 666 1997 armant.
690 1942 768 1999 Ac
794 1943 1022 2013 quidem
1063 1960 1162 2014 per
1190 1944 1423 2014 seipsos,
1472 1960 1599 1999 cum
1638 1945 1871 2000 scorsim
1914 1944 2021 2016 ipsi

431 2035 500 2089 ab
531 2035 820 2091 hominum
846 2035 1081 2105 sejuncti
1110 2038 1365 2093 convictu
1391 2038 1629 2109 agimus,
1662 2038 1812 2094 velut
1839 2039 2024 2094 Domi-

431 2144 564 2183 num
604 2128 662 2184 in
682 2128 947 2186 deserto:
983 2146 1083 2201 per
1124 2130 1382 2186 homines
1432 2147 1601 2196 vero,
1643 2146 1768 2186 cum
1826 2146 2024 2187 eorum

428 2221 841 2277 consuetudine
875 2224 1108 2288 utimur,
1132 2223 1211 2279 uti
1244 2223 1539 2279 Dominum
1568 2240 1667 2293 per
1694 2224 2021 2279 Pharisaeos.

431 2312 544 2366 Nos
600 2313 910 2377 enimvero,
953 2316 1048 2384 qui
1085 2325 1338 2371 nostrum
1396 2316 1678 2392 exemplar
1729 2316 1799 2371 ob
1833 2317 2027 2371 oculos

434 2405 760 2471 habeamus,
788 2409 1048 2480 utrinque
1078 2423 1177 2462 eos
1210 2408 1561 2476 repellamus.

509 2498 597 2553 M.
629 2498 765 2554 Cum
795 2515 950 2555 mens
980 2506 1035 2555 in
1065 2501 1164 2555 Dei
1180 2499 1455 2555 charilate
1476 2498 1745 2569 proficere
1772 2499 2026 2571 coeperit,

438 2599 572 2646 tunc
596 2598 652 2646 et
677 2591 1035 2662 blasphemia:
1064 2593 1279 2649 daemon
1313 2593 1812 2663 tentare‘occipit;
1866 2595 2030 2649 tales-

430 2700 548 2754 que
577 2682 828 2756 suggerit
848 2686 1239 2756 cogitationes,
1272 2687 1468 2758 quales
1497 2687 1686 2742 nullus
1715 2687 2025 2753 hominum,

436 2778 593 2833 solus
614 2794 751 2834 vero
788 2794 983 2835 earum
1032 2794 1238 2850 parens
1290 2795 1355 2835 ac
1394 2780 1726 2846 fabricator,
1772 2781 2030 2837 diabolus

438 2870 672 2926 invenit.
700 2870 815 2927 Hoc
842 2880 1027 2927 autem
1065 2871 1218 2939 facit,
1246 2888 1357 2943 quo
1395 2873 1451 2928 in
1479 2873 1761 2930 hominem
1794 2876 1891 2930 Dei
1913 2877 2031 2930 cul-

437 2971 618 3017 torem
642 2962 817 3018 livore
845 2963 1166 3031 intabescit,
1201 2974 1266 3019 ut
1328 2964 1383 3019 in
1440 2964 1885 3036 desperationem
1935 2968 2031 3022 ad-

436 3063 621 3116 actus,
665 3063 923 3124 tanquam
957 3055 1063 3109 sibi
1102 3056 1221 3125 ipse
1251 3056 1469 3111 illarum
1504 3057 1900 3128 cogitationum
1933 3074 2033 3114 au-

2124 1951 2530 2020 ἐφοπλιζουσιν.
2568 1948 2678 2001 Καὶ
2712 1947 2779 2000 δι’
2817 1944 3027 1999 ἑαυτῶν
3057 1944 3178 2015 μὲν,
3207 1944 3338 1996 ὅταν
3374 1943 3443 1994 ὲκ
3476 1937 3617 1991 τῶν
3662 1937 3771 1989 ἀν-

2125 2043 2362 2116 θρώπων
2399 2042 2714 2109 ὶδιάσωμεν,
2737 2039 2927 2109 ὥσπερ
2955 2039 3047 2091 τὸν
3073 2037 3279 2107 Κύριον
3310 2035 3370 2087 ὲν
3395 2037 3466 2105 τῇ
3512 2032 3633 2101 ὲρή
3644 2045 3764 2100 μῳο

2123 2137 2214 2191 διὰ
2254 2136 2363 2191 τῶν
2402 2134 2707 2206 ἀνθρώπων
2747 2134 2834 2198 δὲ,
2877 2133 3005 2186 ὅταν
3062 2131 3204 2202 μετά
3258 2128 3371 2183 τῶν
3410 2125 3771 2192 ἀνθρώπων

2127 2229 2614 2301 συνδιατρίύωμεν,
2646 2227 2836 2299 ὥσπερ
2862 2226 2958 2279 καὶ
2985 2224 3079 2279 τὸν
3120 2222 3327 2294 Κύριον
3355 2221 3446 2274 διά
3477 2219 3613 2273 τῶν
3640 2218 3763 2271 Φασ-

2128 2323 2373 2397 ρισαίων.
2420 2319 2560 2374 Ἀλλ’
2606 2322 2768 2391 ἡμεῖς
2806 2319 2886 2382 εἰς
2934 2317 3027 2371 τὸν
3078 2315 3248 2370 τύπον
3276 2314 3435 2386 ἡμῶν
3483 2310 3761 2368 ἀποϐλε-

2131 2417 2379 2486 πόμενοι,
2409 2411 2798 2485 ἀμφοτέρωθεν
2836 2410 3034 2474 αὐτοὺς
3074 2404 3594 2479 ἀποκρουσώμεθα.

2204 2506 2285 2560 ιδ’.
2321 2508 2493 2560 Ὅταν
2541 2506 2777 2577 ἄρχηται
2821 2506 2850 2558 6
2895 2501 3020 2567 νοῦς
3070 2502 3152 2565 εἰς
3217 2500 3315 2571 τὴν
3354 2500 3601 2568 ἀγάπην
3654 2495 3759 2550 τοῦ

2127 2603 2265 2658 Θεοῦ
2304 2592 2661 2673 προκόπτειν,
2705 2599 2826 2654 τότε
2884 2599 2980 2652 καὶ
3029 2599 3056 2651 6
3093 2595 3303 2667 δαίμων
3343 2596 3443 2663 τῆς
3475 2594 3754 2665 βλασφη-

2132 2695 2262 2769 μίας
2292 2695 2522 2767 ἆρχεται
2553 2691 2907 2761 ἐκπειράζειν
2936 2688 3121 2743 αὐτόν*
3149 2689 3243 2743 καὶ
3274 2686 3563 2750 τοιούτους
3590 2682 3757 2754 αὐτῷ

2129 2790 2428 2860 λογισμοὺς
2463 2785 2777 2851 ὑποϐάλλει,
2829 2784 2977 2847 οἵους
3011 2782 3319 2855 ἀνθρώπων
3368 2780 3470 2851 μὲν
3525 2779 3747 2841 οὐδεὶς,

2133 2885 2295 2957 μόνος
2323 2883 2382 2937 δὲ
2410 2883 2438 2935 6
2456 2879 2661 2934 τούτων
2712 2876 2897 2948 πατὴρ
2920 2875 3165 2938 διάϐολος
3187 2872 3532 2949 ἐφευρίσκει.
3561 2869 3752 2924 Τοῦτο

2128 2978 2186 3032 δὲ
2237 2977 2402 3040 ποιεῖ,
2439 2971 2652 3043 φθονῶν
2700 2968 2779 3041 τῷ
2827 2968 3100 3037 θεοφιλείο
3157 2968 3247 3020 ἵνα
3288 2967 3369 3030 εἰς
3411 2965 3751 3033 ἀπόγνωσιν

2131 3068 2303 3124 ἐλθὼν
2354 3068 2430 3130 ὡς
2479 3062 2704 3119 τοιαῦτα
2741 3061 3064 3133 διανοηθεὶς,
3103 3058 3303 3132 μηκέτι
3349 3058 3615 3131 τολμήσῃ
3655 3056 3747 3110 διὰ

441 3155 584 3211 ctor,
634 3162 746 3200 non
778 3147 1018 3216 amplius
1070 3155 1335 3202 consueta
1385 3148 1583 3203 orandi
1644 3149 1907 3206 instantia
1961 3151 2027 3206 ad

2142 3165 2233 3235 τῆς
2287 3159 2555 3231 συνήθους
2615 3157 2926 3226 προσευχῆς
2988 3151 3127 3225 πρὸς
3172 3151 3336 3205 αὑτὸν
3388 3151 3745 3221 ἀναπτῆναι.

440 3238 618 3294 Deum
642 3239 846 3294 audeat
870 3240 1027 3294 eniti.
1051 3240 1197 3296 Nihil
1227 3249 1410 3297 tamen
1442 3241 1573 3297 inde
1601 3243 2028 3300 scelestissimus

2142 3255 2299 3311 υὺδὲν
2327 3253 2384 3307 δὲ
2442 3249 2691 3305 ἐντεῦθεν
2728 3246 3020 3318 ὠφελεῖται
3062 3247 3092 3300 6
3134 3244 3387 3316 ἀλάστωρ
3446 3244 3595 3316 πρὸς
3649 3243 3747 3297 τὸν

442 3330 686 3402 proficit,
715 3340 777 3386 ut
807 3331 956 3402 quod
996 3333 1226 3396 molitur
1265 3349 1330 3389 ac
1363 3333 1550 3400 struit,
1594 3334 2029 3405 hoc'conficiat;

444 3422 582 3493 quin
608 3431 665 3477 et
697 3422 858 3493 longe
896 3439 1002 3479 nos
1026 3422 1303 3480 firmiores
1326 3423 1453 3480 inde
1477 3423 1663 3481 efﬁcit.
1705 3426 1846 3481 Dum
1884 3428 2033 3482 enim

442 3529 629 3585 pugna
650 3514 915 3579 lacessiti,
942 3530 1180 3585 pugnam
1214 3514 1318 3587 ipsi
1348 3515 1678 3572 instruimus
1699 3532 1765 3573 ac
1787 3518 2037 3575 oblucta-

444 3621 596 3668 mur,
619 3605 969 3676 probatiores
1017 3607 1073 3661 in
1100 3607 1195 3662 Dei
1219 3607 1493 3664 charitate
1513 3610 1812 3676 enitemus,
1852 3626 1916 3667 ac
1939 3611 2036 3682 qui

448 3697 758 3753 sinceriore
786 3697 988 3753 affectu
1017 3696 1332 3771 diligamus.
1354 3700 1628 3757 Cancrum
1657 3722 1670 3757 :
1705 3702 1865 3775 5.11
1903 3704 2036 3762 Gla-

446 3789 568 3845 dius
599 3791 713 3856 eius
730 3792 893 3844 intret
916 3792 974 3845 in
1019 3808 1110 3846 cor
1138 3793 1275 3864 ejus,
1306 3803 1355 3848 et
1396 3810 1553 3849 arcus
1597 3793 1745 3850 illius
1801 3796 2040 3867 confrin-

448 3894 652 3958 gantur
679 3885 747 3940 ³⁸.

525 3977 615 4032 15.
639 3974 796 4031 Mens
825 3975 896 4031 iis
926 3990 987 4032 se
1008 3976 1178 4033 rebus
1217 3978 1499 4049 applicans
1523 3995 1647 4051 quae
1673 3980 1825 4037 cerni
1862 3981 2043 4038 oculis

452 4077 715 4139 possunt,
752 4084 854 4140 pro
881 4084 950 4125 eo
983 4084 1049 4125 ac
1078 4076 1279 4126 natura
1314 4081 1696 4144 comparatum
1743 4082 1829 4128 est
1875 4089 2043 4130 sensu

452 4163 641 4219 medio
668 4178 759 4218 res
786 4162 1063 4235 intelligit.
1098 4163 1177 4219 Ac
1221 4178 1404 4235 neque
1456 4180 1613 4220 mens
1666 4165 1783 4235 ipsa
1836 4167 2044 4221 malum

454 4264 564 4321 est,
584 4271 765 4325 neque
790 4255 867 4309 ita
895 4263 955 4309 ut
977 4264 1175 4310 natura
1193 4264 1571 4325 comparatum
1588 4265 1674 4311 est
1702 4255 2040 4330 intelligere;

454 4362 640 4416 neque
672 4361 809 4401 vero
835 4361 945 4409 res,
972 4360 1157 4418 neque
1191 4360 1406 4401 sensus.
1438 4345 1582 4401 Sunt
1606 4348 1755 4403 enim
1797 4348 1923 4404 hmc‘
1947 4351 2047 4405 Dei

456 4449 646 4505 opera.
682 4433 825 4500 Quid
848 4448 986 4504 ergo
1023 4434 1456 4490 malum?Plane
1499 4437 1674 4492 libido
1710 4448 1878 4508 atque
1911 4455 2047 4510 pas-

459 4523 545 4578 sio
588 4524 860 4578 naturalis
917 4533 1239 4595 conceptus,
1278 4542 1447 4596 quam
1494 4527 1633 4583 nihil
1696 4539 1864 4596 vetat,
1917 4533 2049 4587 dum
2085 4511 2128 4566 θ

459 4630 617 4671 mens
690 4616 1003 4688 vigilaverit
1044 4658 1059 4684 ,
1118 4633 1148 4673 a
1228 4620 1433 4674 mentis
1493 4616 1862 4693 conceptuum
1945 4642 2049 4683 usu

459 4708 676 4765 abesse.

535 4800 622 4858 l6.
649 4803 850 4860 Libido
872 4818 968 4860 seu
997 4805 1201 4876 passio,
1223 4812 1308 4862 est
1329 4805 1500 4861 animi
1526 4814 1711 4862 motus
1727 4816 1917 4865 contra
1944 4826 2049 4871 na-

532 4942 576 4975 ³⁷
606 4942 750 4997 Psal.
782 4956 930 5006 χχιιι,
958 4940 1049 5023 Ξῖ.
1130 4940 1174 4973 ³⁸
1200 4941 1343 4997 Psal.
1383 4957 1569 5008 xxxvr,
1605 4942 1693 4998 l5.

531 5050 606 5123 (0)
634 5052 771 5108 "Ira
809 5051 1076 5124 μειώσης
1097 5051 1170 5124 τά
1196 5050 1377 5120 πάθη.
1414 5052 1554 5108 Male
1588 5052 1797 5124 Obsop.
1829 5053 1899 5109 ad
1937 5071 2013 5110 nu
2041 5089 2047 5097 -

461 5138 678 5178 merum
722 5123 915 5183 trahit,
961 5132 1019 5176 ut
1073 5122 1357 5192 aﬂ‘ectuum
1407 5139 1690 5178 numerum
1726 5122 2049 5192 imminuta;

465 5195 717 5265 beneque
783 5194 952 5249 Gesn.
1020 5192 1375 5259 emendavit,
1447 5195 1659 5265 aﬂ'ectus
1736 5196 2048 5252 imminuas.

465 5262 671 5337 Nempe
724 5278 1053 5337 pugnamus,
1122 5278 1269 5337 non
1300 5272 1367 5337 ut
1409 5262 1518 5317 τῶν
1554 5265 1766 5337 παθῶν
1798 5267 2051 5337 quaedam

465 5332 953 5397 auferamus,'sed,
986 5342 1048 5387 ut
1074 5333 1142 5388 ad
1170 5334 1403 5390 rationis
1443 5332 1889 5392 mediocritatem
1927 5354 2051 5392 om-

466 5404 560 5474 nia
596 5404 983 5474 reducamus:
1046 5406 1196 5474 quod
1252 5413 1310 5469 et
1362 5407 1741 5474 praestandum
1787 5407 2053 5465 admonet

466 5473 759 5545 Maximus,
813 5482 871 5529 et
926 5473 1077 5545 eum?
1115 5473 1562 5545 praastiterimus,
1619 5477 1927 5534 cavendum
1980 5496 2051 5535 ne

469 5544 804 5669 negligentia
840 5553 1035 5599 nostra
1065 5544 1267 5601 iterum
1311 5558 1596 5615 crescant;
1659 5548 1744 5604 vel
1777 5556 1838 5604 ut
1880 5561 2052 5618 partae

469 5628 616 5669 seme
672 5614 909 5669 virtutes
939 5614 1103 5669 nobis
1132 5615 1415 5669 dillluant:
1462 5619 1611 5669 quod
1670 5618 1747 5669 ait
1786 5618 1970 5669 facere
1997 5627 2052 5669 et

465 5614 638 5670 semel
672 5614 909 5687 virtutes
939 5614 1103 5687 nobis
1132 5615 1415 5684 dillluant;
1462 5614 1612 5687 quod
1670 5618 1747 5673 ait
1785 5614 1970 5674 facere
1997 5627 2055 5674 et

469 5699 700 5751 cavere;
734 5685 1067 5756 ἐργάζεσθαι
1099 5687 1193 5740 καὶ
1218 5685 1534 5760 φυλάσσειν
1563 5705 1662 5745 seu
1701 5690 1871 5744 etiam
1893 5705 2055 5760 para-

473 5764 639 5836 re,.et
660 5765 821 5836 parta
849 5769 1218 5823 conservare;
1266 5757 1417 5829 quod
1477 5765 1777 5835 utrumque
1825 5757 1910 5816 eaw
1946 5776 2051 5817 vox

474 5832 684 5898 patitur
712 5833 775 5881 ut
805 5840 1162 5901 exponamus.
1693 5832 1699 5835 '
1734 5834 1739 5839 ‘

2136 3350 2267 3403 ἴδιον
2295 3345 2517 3401 σκοπόνσ
2566 3341 2705 3398 ἀλλὰ
2756 3341 2851 3395 καὶ
2907 3338 3109 3410 μᾶλλον
3152 3336 3537 3409 βεϐαιοτέρους
3586 3338 3747 3408 ἡμᾶς

2135 3437 2535 3513 ἀπεργάζεται.
2579 3432 2987 3504 Πολεμούμενοι
3030 3429 3140 3499 γὰρ
3169 3429 3265 3483 καὶ
3298 3427 3741 3500 ἀντιπολεμοῦν-

2136 3550 2249 3597 τες,
2281 3528 2640 3601 δοκιμώτεροι
2694 3527 2789 3580 καὶ
2820 3524 3185 3594 γνησιώτεροι
3239 3521 3322 3584 εἰς
3371 3518 3470 3593 τὴν
3506 3517 3745 3585 ἀγάπην

2106 3608 2119 3697 Α,
2137 3626 2234 3681 τοῦ
2269 3623 2406 3679 Θεοῦ
2443 3620 2836 3693 εὑρισκόμεθα.
2888 3618 2950 3673 Ἠ
2977 3615 3046 3671 δὲ
3068 3613 3339 3686 ῥομφαία
3374 3610 3568 3665 αὑτοῦ
3605 3609 3740 3662 εισ-

2139 3719 2305 3775 ἐλθοι
2336 3719 2425 3784 εἰς
2452 3715 2709 3785 καρδίαν
2729 3711 2941 3776 αὐτοῦ.
2967 3710 3065 3765 καὶ
3095 3708 3171 3763 τὰ
3192 3706 3339 3773 τόξα
3367 3702 3559 3760 αὑτοῦ
3585 3717 3742 3757 συν-

2142 3810 2391 3880 τριὸείη.

2219 3995 2300 4043 ιε’.
2335 3987 2394 4040 '0
2444 3982 2570 4047 νοῦς
2607 3977 2915 4037 ἐπιϐάλλων
2966 3978 3081 4039 τοῖς
3115 3972 3352 4046 ὁρατοῖς,
3393 3967 3538 4022 κατά
3574 3964 3739 4037 φύσιν

2147 4084 2257 4139 νοεῖ
2274 4080 2345 4136 τὰ
2371 4077 2677 4150 πράγματα
2706 4072 2796 4131 διὰ
2824 4071 2997 4142 μέσης
3012 4067 3113 4137 τῆς
3136 4064 3466 4147 αἰσθήσεως·
3490 4058 3589 4114 καὶ
3613 4056 3736 4150 οὔτε

2106 4160 2111 4165 ’
2146 4179 2175 4232 6
2215 4173 2336 4239 νοῦς
2384 4148 2577 4237 κακὸν,
2603 4166 2728 4222 οὕτε
2770 4166 2830 4218 τὸ
2856 4163 2998 4218 κατά
3027 4159 3187 4230 φύσιν
3221 4160 3381 4211 νοεῖνο
3416 4151 3542 4208 οὔτε
3575 4152 3633 4206 δὲ
3667 4148 3735 4203 τά

2150 4266 2478 4338 πράγματα,
2511 4259 2637 4314 οὔτε
2681 4258 2715 4329 ἡ
2770 4255 3043 4326 αἴσθησις·
3092 4248 3228 4306 Θεοῦ
3274 4249 3382 4320 γάρ
3425 4248 3532 4338 εἶσι
3565 4241 3734 4338 ταῦτα

2151 4332 2218 4413 τά
2250 4332 2418 4427 Δἔργα.
2449 4346 2516 4407 Τί
2540 4346 2634 4405 οῦν
2677 4348 2792 4401 ἐστι
2825 4345 2886 4401 τὸ
2911 4344 3080 4398 κακόν
3106 4360 3120 4409 ;
3147 4342 3314 4421 Δῆλον
3356 4340 3437 4393 ὅτι
3471 4332 3733 4427 ’τὸ-πάθος

2152 4447 2247 4505 τοῦ
2278 4423 2421 4501 πατά
2466 4442 2630 4514 φύσιν
2655 4440 2948 4511 νοήματος,
2979 4437 3117 4506 ὅπερ
3146 4432 3368 4487 δύναται
3403 4431 3479 4502 μὴ
3511 4423 3650 4483 εἶναι
3680 4426 3731 4476 ἐν

2156 4544 2225 4614 τῇ
2247 4539 2356 4593 τῶν
2387 4532 2677 4613 νοημάτων
2720 4529 2941 4604 χρήσει,
2966 4527 3062 4582 ἐὰν
3105 4527 3134 4580 6
3164 4523 3289 4587 νοῦς
3322 4522 3595 4623 γρηγορῇ.

2231 4813 2328 4876 ις’.
2363 4802 2546 4867 Πάθος
2572 4798 2692 4855 ἐστὶ
2718 4788 2808 4871 (ρ)
2846 4797 3064 4869 κίνησις
3080 4790 3258 4864 ψυχῆς
3299 4785 3451 4857 παρὰ
3490 4780 3731 4857 φύσιν,ἢ

2194 5053 2300 5128 ~(p)
2327 5050 2705 5128 Πάρος-ἐστι.
2735 5047 2830 5104 Sic
2849 5046 3081 5128 Genti},-
3108 5058 3160 5128 c.
3188 5045 3280 5110 ‘55,
3328 5057 3478 5128 unus
3505 5050 3577 5128 ‘et
3603 5041 3736 5128 alter

2148 5113 2307 5198 Regii
2332 5113 2760 5198 ceddfhabent,
2801 5133 2919 5198 non
2957 5117 3174 5188 adjecta
3197 5130 3334 5172 voce
3354 5113 3586 5198 ψεκτὸν,
3617 5126 3733 5198 quae

2148 5189 2262 5253 nec
2283 5193 2581 5268 admodum
2605 5189 2944 5268 necessaria,
2980 5203 3108 5268 cum
3140 5189 3451 5268 praesertim
3474 5193 3738 5268 sequatur

2150 5269 2330 5323 altero
2356 5264 2541 5320 statim
2576 5278 2701 5332 cap.
2729 5260 3005 5332 κ’ᾼπάθειά
3046 5253 3182 5311 ἐστὶ.
3227 5253 3302 5313 Ut
3335 5255 3484 5332 enim
3525 5253 3647 5332 haec
3684 5254 3737 5332 in

2151 5338 2445 5401 virtutem;
2470 5335 2555 5390 sic
2608 5325 2764 5405 illud
2782 5331 2841 5405 in
2879 5329 3077 5405 vitium
3125 5333 3318 5405 sonat,_
3360 5326 3442 5382 sic
3472 5325 3737 5405 absolute

2195 5394 2469 5471 relatum;
2504 5413 2567 5460 ut
2589 5412 2646 5459 et
2673 5401 2838 5458 nobis
2872 5397 3320 5471 libido,ac(q_uod
3339 5394 3739 5471 passimreddit

2181 5466 2701 5560 lieronym'usoeam
2748 5470 2965 5560 vocem)
3015 5466 3366 5560 gertt‘tfbgtio}
3435 5466 3596 5550 Unde
3643 5479 3740 5520 nec

2155 5548 2330 5609 Stoici
2363 5538 2421 5603 in
2447 5545 2699 5616 sapiente
2720 5543 2789 5598 τὰ
2817 5538 2965 5610 πάθη
2990 5538 3396 5620 admittebant;
3423 5539 3507 5620 sic
3540 5550 3736 5620 nempe

2156 5607 2354 5674 stricte
2400 5607 2631 5686 accepta
2673 5630 2739 5688 ea
2795 5607 2984 5688 voce;
3037 5624 3167 5666 cum
3207 5607 3741 5688 p_ietas_(_3hri_stiana

2156 5705 2267 5743 non
2302 5678 2564 5757 respuat}
2598 5684 2696 5741 sed
2727 5683 3050 5757 μειωθέντα,
3080 5687 3138 5734 et
3183 5678 3254 5757 ad
3300 5678 3739 5757 mediocritatem

2158 5746 2967 5830 rationis-redacta,quomodo
3013 5753 3129 5830 jam
3162 5748 3319 5830 fluvit
3351 5749 3612 5830 virtutes.
3648 5746 3741 5805 llic

2156 5830 2426 5884 Maximus
2459 5827 2615 5898 quasi
2649 5818 2818 5880 unum
2850 5818 3032 5878 habet
3054 5821 3135 5887 τὸ,
3162 5818 3341 5884 Πάοος
3371 5828 3429 5875 et
3460 5819 3670 5874 Κακία.
