4076 6472
397 389 513 445 9511'}

1307 395 1641 454 CAPlTUM
1666 395 1774 475 DE
1815 394 2246 452 CHARITATE
2287 395 2676 457 CENTURIA
2714 399 2796 457 II.

3581 397 3688 459 990

396 503 507 554 ἐπὶ
535 502 716 573 φιλίαν
760 503 1026 575 ἄλογον,ἢ
1066 506 1157 558 ἐπὶ
1205 508 1360 575 μῖσος
1413 508 1658 577 ἄκριτον,
1700 508 1734 578 ἡ
1772 510 1974 570 τινος,έ

2108 513 2429 570 turam,aut
2477 508 2530 561 in
2575 524 2817 562 amorem
2872 512 3088 565 ratione
3134 519 3436 574 carentem,
3488 518 3585 564 aut
3635 510 3690 561 in

390 596 497 650 διά
534 615 586 649 τι
616 597 726 649 τῶν
762 599 1057 667 αἰσθητῶν.
1089 593 1213 651 Οἷον
1242 602 1333 653 ἐπὶ
1373 601 1470 669 μὲν
1501 600 1684 666 φιλίαν
1715 600 1928 666 ἄλογον,
1962 600 1994 669 ἢ

400 692 740 761 βρωμάτων,
767 693 1097 762 ἢγυναικὸς,
1128 692 1161 761 ἢ
1191 693 1511 761 χρημάτων,
1540 692 1571 760 ἢ
1605 690 1764 760 δόξης
1799 707 1998 760 παρερ-

396 783 669 851 χομένης,
710 782 912 852 ἧτινος
952 783 1114 835 ἄλλου
1146 784 1251 835 τῶν
1284 782 1579 852 αἰσθητῶν,
1616 783 1647 852 ἢ
1682 783 1769 834 δια
1797 782 1990 834 ταῦτα.

415 873 430 891 1

368 873 541 951 ’,ἰηζπὶ
569 879 723 943 μῖσος
757 876 831 929 δὲ,
859 876 1101 943 ἄκριτον·
1136 871 1246 928 οἷον
1289 876 1322 945 ἦ
1358 892 1500 937 τινος
1529 874 1634 926 τῶν
1660 874 1997 943 προειρημέ-

398 987 532 1023 νων.
565 970 635 1031 ὡς
666 970 902 1038 εἴρηται,
946 969 976 1037 ἢ
1010 968 1144 1038 πρός
1178 985 1298 1019 τινα
1331 967 1418 1019 διὰ
1441 966 1638 1019 ταῦτα.

2103 602 2291 655 odium
2331 604 2700 674 sincjudicio,
2740 605 2854 659 sive
2884 605 3116 674 alicujus
3166 605 3267 665 rei,
3301 603 3418 657 sive
3460 610 3690 671 propter

2096 707 2213 744 rem
2239 678 2489 761 aliquam.
2511 695 2561 747 in
2590 711 2813 751 sensum
2848 694 3157 748 cadentem.
3188 696 3322 748 Puta
3358 693 3410 746 in
3440 707 3685 746 amorem

2100 787 2315 839 ratione
2345 796 2646 848 carentem,
2682 795 2776 839 aut
2807 786 3078 848 cibormn,
3102 795 3193 838 aut
3220 784 3405 838 uxoris
3437 800 3533 837 seu
3561 800 3677 837 mu-

2096 871 2270 936 lieris,
2299 886 2394 927 aut
2419 877 2794 944 pecuniarum.
2836 886 2929 929 aut
2958 874 3114 928 fluxae
3139 876 3342 944 glorire,
3376 884 3468 927 aut
3494 875 3683 944 cujus—

2098 971 2240 1037 piam
2283 974 2513 1027 alterius
2559 975 2947 1037 sensibilium,
3000 982 3094 1027 aut
3148 981 3372 1041 propter
3426 972 3562 1025 lucc.
3622 970 3679 1022 In

398 1063 598 1131 udium
630 1079 759 1116 vero
783 1062 902 1118 sine
930 1061 1160 1130 judicio,
1201 1071 1354 1129 puta,
1384 1069 1478 1113 aut
1519 1061 1753 1132 alicujus
1800 1076 1991 1113 eorum
2034 1077 2153 1131 quae
2184 1066 2329 1120 dicta
2360 1076 2508 1131 sunt,
2539 1070 2615 1121 uti
2646 1068 2854 1123 dictum
2879 1076 2984 1130 est,
3013 1078 3107 1120 aut
3167 1066 3220 1118 in
3282 1065 3516 1133 aliquem
3550 1079 3678 1132 pro-

398 1169 527 1225 pter
557 1156 667 1209 illa.

480 1248 568 1311 ιζ’.
615 1249 687 1300 Ἣ
728 1247 892 1301 πάλιν
946 1247 1113 1301 κακία
1165 1247 1332 1309 ἐστὶν,
1380 1244 1759 1315 ὴὲσςαλμένη
1810 1245 1989 1314 κρίσις

395 1337 512 1390 τῶν
546 1343 857 1408 νοημάτων,
983 1338 1344 1391 ἐπακοὶουθεῖ
1403 1340 1435 1407 ἡ
1482 1338 1829 1407 παράχρησις
1882 1336 1988 1389 τῶν

399 1432 773 1501 πραγμάτων.
810 1427 934 1484 Οἷον
964 1432 1037 1494 ὡς
1070 1430 1164 1481 ἐπὶ⁸
1189 1430 1287 1498 τῆς
1328 1429 1603 1497 γυναικὸς,
1638 1431 1670 1499 ἡ
1702 1427 1835 1498 ὀρθὴ
1864 1427 1988 1495 κρί-

401 1541 489 1585 σις
524 1524 623 1593 τῆς
654 1524 961 1586 συνουσίας,
1011 1525 1038 1574 ὁ
1090 1522 1292 1584 σκοπός
1325 1524 1441 1574 ἐστι
1480 1520 1580 1587 τῆς
1624 1519 1981 1580 παιδοποιίας.

411 1616 474 1666 't)
504 1611 599 1668 οῦν
632 1616 711 1679 εἰς
756 1616 857 1685 τὴν
881 1614 1072 1685 ἡδονὴν
1104 1614 1570 1682 ἀποϐλεψάμενος,
1615 1612 1822 1680 ἐσφάλη
1859 1610 1985 1679 περὶ

2174 1248 2259 1302 17.
2297 1251 2403 1305 Aut
2429 1268 2621 1305 rursus
2661 1252 2854 1305 vitium
2884 1250 3097 1304 estsive
3130 1249 3370 1318 pravitas
3398 1263 3461 1299 ac
3521 1245 3677 1299 mali-

2101 1339 2194 1404 tia,
2225 1342 2420 1396 falsum
2452 1345 2618 1397 animi
2672 1352 3038 1412 conccptuum
3088 1354 3482 1403 sensorumque
3532 1337 3683 1407 judi-

2096 1428 2267 1493 cium,
2305 1432 2449 1499 quod
2479 1432 2685 1485 abusus
2728 1448 2908 1485 rerum
2970 1429 3243 1498 sequitur.
3275 1427 3434 1480 Verbi
3480 1425 3674 1495 gratia,

2095 1519 2148 1572 in
2178 1538 2369 1586 uxore,
2397 1533 2609 1577 rectum
2643 1523 2852 1592 copula:
2898 1522 3169 1591 judicium
3217 1527 3320 1584 est,
3368 1519 3675 1571 liberorum

2095 1604 2576 1680 suscipiendOrum
2610 1613 2754 1667 ﬁnis.
2778 1613 2879 1678 Qui
2916 1614 3080 1683 igitur
3100 1612 3166 1665 ad
3203 1610 3538 1678 voluptatem
3576 1623 3675 1661 seu

396 1706 503 1776 τὴν
560 1708 766 1777 κρίσιν,
810 1707 871 1759 τὸ
905 1707 978 1776 μὴ
1015 1707 1178 1758 καλὸν
1205 1705 1279 1768 ὼς
1309 1704 1473 1757 καλὸν
1507 1704 1874 1772 ἡγησάμενος.
1928 1702 1974 1754 '(l

2094 1702 2379 1756 libidinem
2407 1703 2638 1773 aspexit,
2677 1704 2723 1757 is
2750 1704 2957 1773 judicio
2984 1702 3151 1756 falsus
3180 1710 3283 1765 est,
3312 1701 3404 1779 qui
3438 1715 3547 1751 non
3574 1699 3676 1751 bo-

396 1800 535 1863 γοῦν
562 1798 824 1862 τοιοῦτος,
855 1796 1211 1868 παραχρῆται
1242 1797 1463 1864 γυναικὶ
1482 1794 1985 1863 συνουσιαζὸμενος.

398 1891 518 1943 Καὶ
544 1891 636 1942 ἐπὶ
711 1890 820 1942 τῶν
890 1889 1064 1943 ἄλλων
1142 1888 1489 1958 πραγμάτων
1549 1888 1642 1939 καὶ
1701 1886 1989 1957 νοημάτων

394 1982 626 2052 ὁμοίως.

477 2076 566 2141 ιη’.
601 2071 729 2123 Ὅτε
779 2069 867 2123 τὸν
896 2071 1020 2123 νοῦν
1073 2087 1166 2123 σου
1219 2072 1269 2123 οἱ
1310 2069 1422 2141 [Fr.
1468 2069 1635 2121 Ὅταν
1690 2069 1868 2121 τοίνυν
1897 2069 1987 2121 τὸν

394 2161 524 2215 νοῦν
568 2160 641 2232 οἱ]
686 2161 937 2231 δαίμονες
978 2161 1078 2230 τῆς
1113 2162 1471 2233 σωφροσύνης
1502 2160 1821 2223 ἐκϐαλόντες
1876 2161 1985 2220 τοῖς

393 2255 499 2323 τῆς
534 2255 791 2323 πορνείας
820 2255 1099 2325 λογισμοῖς
1155 2252 1635 2324 περυιυκλώσωσι,
1688 2254 1808 2305 τότε
1848 2253 1984 2323 μετὰ

391 2346 651 2416 δακρὰων
692 2345 816 2412 λέγε
854 2347 987 2415 πρὸς
1022 2347 1110 2398 τὸν
1146 2347 1446 2416 Δεσπότηνο
1492 2347 1887 2413 Ἐκϐαλόντες
1909 2365 1984 2415 με

392 2440 517 2493 νῦν
565 2440 1062 2506 περιεκύκλωσάν
1100 2457 1196 2507 με,
1230 2441 1294 2492 τὸ
1336 2438 1685 2509 circumicch
1717 2458 1834 2509 μου
1874 2441 1983 2493 λύ-

392 2532 621 2598 τρωσαί
650 2531 885 2599 με,ἀπὸ
920 2532 1037 2583 τῶν
1065 2531 1513 2584 κυκλωσάντων
1534 2549 1610 2600 με
1634 2548 1645 2559 ’
1683 2533 1776 2584 καὶ
1812 2531 1977 2603 σώζῃ.

472 2622 553 2676 ιο¹.
602 2624 783 2689 Βαρὺς
813 2625 840 2675 ὁ
891 2623 990 2692 τῆς
1031 2622 1288 2691 πορνείας
1338 2624 1572 2693 δαίμων,
1609 2625 1704 2677 καὶ
1738 2625 1981 2694 σφοδρῶς

391 2716 697 2774 ἐπιτίθεται
732 2718 844 2780 τοῖς
906 2717 1049 2769 κατὰ
1101 2717 1194 2769 τοῦ
1258 2717 1463 2781 πάθους
1532 2719 1976 2789 ἀγωνιζομένοις·
2042 2782 2047 2785 _

390 2808 490 2861 καὶ
526 2807 759 2877 μάλιστα
798 2809 856 2858 ὲν
886 2810 951 2877 τῇ
988 2805 1219 2877 ἀμελείᾳ
1248 2807 1347 2876 τῆς
1371 2809 1603 2877 διαίτης,
1641 2812 1732 2862 καὶ
1766 2812 1821 2863 ἐν
1858 2816 1978 2873 ταῖς

390 2900 708 2971 συντυχίαις
730 2899 838 2952 τῶν
858 2899 1154 2968 γυναικῶν.
1178 2899 1495 2969 Λεληθὸτως
1519 2900 1627 2969 γάρ
1651 2905 1715 2972 τῇ
1744 2901 1978 2971 λειότητι

388 2994 492 3062 τῆς
527 2992 721 3062 ἡδονῆς
757 2992 1111 3047 ὑποκλέπτων
1162 2992 1252 3043 τὸν
1305 2992 1448 3056 νοῦν,
1484 2981 1775 3062 μετέπειτα
1809 2996 1903 3045 ἐπε
1915 3014 1979 3063 μ-

389 3085 569 3137 ϐαίνει
602 3085 687 3137 διὰ
718 3087 815 3155 τῆς
849 3086 1068 3154 μνήμης
1098 3086 1424 3155 ἡσυχάζοντι
1456 3085 1555 3155 (τι),
1596 3086 1655 3137 τό
1727 3104 1786 3137 τε
1817 3088 1975 3155 σῶμα

392 3174 732 3244 ὲμπυρίζων,
767 3176 860 3228 καὶ
900 3176 1150 3239 ποικίλας
1190 3175 1405 3246 μορφὰς
1445 3176 1522 3246 τῷ
1562 3177 1636 3245 νῷ
1670 3178 1972 3248 παριστιῖιν.

394 3266 489 3321 Διὸ
524 3267 617 3317 καὶ
662 3265 799 3336 πρὸς
841 3266 938 3333 τὴν
992 3267 1395 3335 συγκατάθεσιν
1443 3267 1539 3337 τῆς
1570 3267 1845 3337 ἁμαρτίας
1877 3269 1975 3320 αὺο

386 3357 485 3411 τὸν
524 3358 857 3411 ἐκκαλεῖταιο
891 3359 961 3422 ἂς
1000 3359 1095 3411 ἐὰν
1126 3360 1287 3431 θέλῃς
1319 3359 1394 3431 μὴ
1422 3360 1754 3430 ἐγχρονίζειν
1787 3363 1843 3413 ἐν
1869 3360 1969 3419 σοὶ,

384 3452 648 3519 νηστείαν
680 3452 951 3505 ἀναλαϐοῦ
1004 3453 1109 3521 καὶ,
1161 3454 1328 3507 κόπον
1379 3455 1472 3505 καὶ
1521 3454 1849 3523 ἀγρυπνίαν,
1880 3455 1973 3508 καὶ

383 3540 488 3609 τὴν
515 3541 683 3609 καλὴν
714 3541 944 3611 ἡσυχίαν
982 3541 1120 3610 μετὰ
1149 3542 1399 3606 ἐκτενοῦς
1433 3544 1759 3613 προσευχῆς.

464 3725 530 3773 κ’.
570 3720 633 3771 Οἱ
688 3719 785 3789 τὴν
830 3718 1007 3788 ψυχὴν
1057 3718 1212 3789 ἡμῶν
1267 3718 1352 3771 ἀεὶ
1383 3718 1691 3787 ζητοῦντες,
1748 3720 1833 3774 διὰ
1864 3722 1971 3774 τῶν

384 3811 653 3881 ἑμπαθῶν
678 3810 954 3879 λογισμῶν
983 3810 1239 3880 ζητοῦσιν
1271 3812 1402 3881 (lii),
1439 3812 1525 3863 ἵνα
1558 3813 1725 3882 αὐτὴν
1758 3814 1837 3877 είς
1874 3814 1972 3883 τὴν

380 3906 530 3963 κατᾶ
562 3905 824 3968 διάνοιαν,
862 3904 896 3972 ἢ
929 3903 1025 3972 τὴν
1071 3903 1192 3956 κατ’
1241 3903 1519 3973 ἐνέργειαν
1565 3906 1838 3975 ἁμαρτίαν
1872 3907 1972 3975 ἐμ-

380 3996 645 4050 ϐάλωσιν.
673 3998 844 4049 Ὅταν
883 3991 975 4048 οῦν
1029 3994 1231 4067 εὕρωσι
1274 3996 1365 4048 τὸν
1398 3996 1523 4050 νοῦν
1561 3997 1635 4068 μὴ
1675 3999 1973 4069 παραδεχό-

386 4098 573 4152 μενον,
639 4082 760 4155 τότε
813 4081 1269 4151 αἱσχυνθήσονται
1340 4084 1433 4135 καὶ
1503 4086 1967 4156 ἐντραπήσονται·

378 4174 518 4227 ὅταν
551 4171 617 4251 δὲ.
636 4175 702 4243 τῇ
730 4175 1076 4243 πνευματικῇ
1110 4171 1315 4245 θεωρίᾳ
1338 4175 1817 4246 ἐνασχοὶούμενον,
1848 4178 1970 4230 τότε

380 4263 904 4334 ἁποστραφήσονται
930 4264 1024 4317 καὶ
1053 4265 1610 4335 καταισχυνθήσονται
1650 4268 1851 4339 σφόδρα
1883 4270 1969 4323 διὰ

378 4369 600 4423 τάχους.

462 4447 566 4493 κα’.
631 4443 890 4498 Διακόνου
951 4443 1108 4511 λόγον
1166 4446 1352 4515 ἐπέχει
1396 4447 1489 4517 (r),
1548 4449 1576 4499 ὁ
1647 4450 1785 4520 πρὸς
1840 4453 1966 4515 τοὺς

384 4534 571 4605 ἱεροὺς
600 4535 816 4609 ἀγῶνας
858 4535 1095 4603 ἀλείφων
1120 4536 1210 4588 τὸν
1236 4537 1379 4600 νοῦν,
1418 4539 1512 4591 καὶ
1537 4539 1661 4600 τοῦς
1706 4542 1970 4610 ἐμπαθεῖς

378 4624 682 4694 λογισμοὺς
722 4625 1045 4678 ἀπελαύνων
1091 4628 1186 4679 ἀπ’
1228 4628 1413 4680 αὐτοῦ·
1472 4631 1845 4700 πρεσϐυτέρου
1889 4633 1964 4697 δὲ,

377 4718 414 4768 ὁ
452 4719 533 4780 εἰς
561 4720 660 4787 τὴν
698 4719 901 4787 γνῶσιν
940 4723 1048 4773 τῶν
1077 4721 1246 4773 ὅντων
1276 4721 1547 4789 φωτίζων,
1590 4725 1683 4776 καὶ
1713 4726 1810 4796 τὴν
1844 4727 1969 4795 ψευ-

460 4852 503 4885 ³⁹
534 4854 675 4909 Psal.
709 4873 815 4922 XVI,
848 4857 942 4924 ll;
976 4874 1121 4923 xxxx,
1153 4859 1204 4913 7.
1282 4860 1485 4913 “’Psal.
1516 4877 1592 4927 vt,
1630 4862 1715 4915 11.

462 4994 538 5063 (q)
582 4995 955 5069 Ἐπεμϐαζνει
996 4996 1098 5069 διὰί
1132 4996 1241 5063 τῆς
1272 4996 1956 5069 μνήμηςᾉήσυχίίζοντι.

381 5063 446 5118 Id
466 5065 769 5138 przesertim
796 5066 865 5119 ad
887 5068 1209 5129 monachos,
1231 5063 1324 5136 qui
1351 5063 1800 5137 ἡσυχάζοντεξθι
1832 5074 1960 5138 ἠσυ-

380 5135 589 5206 χασταὶ
634 5146 1044 5205 nuncupantur,
1097 5135 1262 5206 quasi
1312 5135 1488 5192 amica
1519 5140 1819 5195 solitudine
1853 5135 1954 5195 sa:-

383 5204 671 5275 eularium
724 5204 972 5259 munium
1006 5223 1069 5261 ac
1114 5204 1371 5260 curarum
1434 5208 1812 5275 immunitate,
1862 5214 1956 5265 uni

381 5274 524 5352 Deo,
558 5289 620 5352 ac
643 5274 709 5327 iis
733 5290 866 5352 qum,
887 5286 1015 5329 sunt
1035 5276 1246 5352 salutis,
1275 5286 1554 5352 vacantes.
1583 5280 1697 5335 Illis
1744 5274 1876 5352 ergo
1927 5300 1955 5337 a

381 5344 725 5412 neglectiore
760 5345 939 5400 victus
980 5346 1214 5406 ratione.
1268 5362 1331 5400 ac
1357 5344 1959 5405 muliereularumvcol-

381 5413 611 5485 loquiis,
650 5430 749 5485 per
781 5416 1107 5469 memoriam
1157 5417 1437 5485 obrepunt
1480 5419 1778 5483 daemones,
1826 5423 1957 5475 dum

382 5483 586 5536 sedent
606 5484 862 5549 solitarii,
891 5502 957 5540 ac
981 5502 1104 5540 cum
1142 5503 1239 5555 per
1270 5483 1585 5547 solitudinis
1611 5493 1955 5545 occasionem

384 5567 447 5606 se
474 5555 885 5626 supra__levare
924 5556 1228 5626 deberent:
1282 5558 1502 5626 jamque
1550 5559 1602 5612 in
1637 5562 1958 5615 cmlestibus

382 5622 802 5698 versari_.ul‘iihil
830 5640 939 5698 egre
968 5624 1173 5698 Obsop.
1196 5622 1531 5698 Ac‘dcinceps
1562 5646 1655 5697 per
1691 5634 1960 5685 memoriw

382 5692 837 5764 tranquillitatem
858 5692 1173 5764 ingreditur.
1223 5698 1300 5750 Ac
1356 5692 1653 5752 nec'Ge'sn.
1692 5702 1960 5755 Memoria:

379 5762 656 5823 incautiet
683 5762 1205 5819 securise'insinuat.
1240 5766 1331 5819 Sic
1380 5767 1642 5821 nimirum
1677 5770 1960 5825 Calvinia-

384 5847 495 5897 nus
542 5834 769 5900 candor,
813 5836 868 5891 ni
913 5836 1086 5907 magis
1123 5837 1412 5906 supinitas,
1469 5838 1658 5909 reique
1695 5842 1957 5897 ecclesia-

2092 1811 2223 1847 num
2255 1803 2509 1865 tanquam
2541 1797 2744 1851 bonum
2767 1796 3142 1850 :estimavcrit.
3192 1793 3295 1858 Qui
3348 1794 3515 1862 igitur
3551 1792 3676 1845 talis

2091 1895 2197 1945 est,
2262 1887 2457 1955 copula
2501 1887 2772 1941 abutitur.
2820 1885 3087 1940 Similiter
3148 1898 3365 1953 quoque
3398 1883 3453 1936 in
3509 1882 3675 1936 rebus

2089 1975 2232 2036 aliis,
2262 1986 2425 2044 atque
2446 1976 2614 2030 animi
2639 1977 2836 2031 sensis.

2166 2067 2246 2121 18.
2271 2068 2406 2123 Cum
2432 2069 2613 2138 itaque
2644 2070 2921 2123 diemones
2949 2076 3187 2121 mentem
3233 2076 3379 2120 tuam
3417 2081 3447 2118 a
3496 2064 3662 2118 casti-

2089 2160 2220 2213 tatis
2246 2177 2373 2215 aree
2405 2162 2697 2233 dejectam,
2738 2161 3095 2215 scortationis
3122 2176 3186 2213 ac
3234 2158 3482 2212 libidinis
3519 2157 3668 2225 cogi-

2089 2252 2391 2306 tationibus
2418 2253 2910 2316 circumdederint,
2930 2263 3057 2306 tunc
3084 2252 3138 2305 in
3170 2252 3441 2320 lacrymas
3461 2248 3671 2301 effusus

2089 2344 2265 2397 (licito
2316 2344 2383 2397 ad
2418 2346 2710 2399 Dominum
2749 2364 2760 2400 :
2798 2346 3080 2415 Fjicientcs
3126 2360 3207 2397 me
3260 2358 3397 2395 nunc
3442 2342 3668 2393 circum—

2085 2433 2343 2485 dederunt
2383 2452 2496 2500 me;
2532 2435 2819 2489 exsultatio
2851 2452 2966 2488 mea
3003 2450 3128 2487 erue
3150 2449 3238 2485 mc
3266 2449 3296 2484 a
3327 2430 3670 2484 circumdan—

2085 2526 2220 2578 tibus
2250 2544 2329 2579 me
2361 2527 2404 2557 ’9
2430 2544 2444 2592 ;
2472 2537 2526 2581 et
2554 2528 2737 2581 salvus
2772 2527 2905 2581 eris.

2156 2617 2244 2671 19.
2272 2616 2465 2671 Gravis
2498 2626 2583 2672 est
2618 2628 2674 2673 et
2708 2619 2975 2672 molestus
3022 2616 3377 2673 scortationis
3434 2615 3668 2675 dmmon,

2083 2708 2576 2778 vehementiusque
2602 2725 2700 2764 eos
2733 2710 3040 2780 impugnat,
3089 2711 3182 2779 qui
3218 2710 3483 2764 adversus
3541 2707 3669 2761 libi-

2082 2799 2265 2852 dinem
2311 2808 2590 2853 certamen
2619 2810 2985 2870 susccperunt
3015 2819 3028 2854 :
3058 2801 3223 2870 idque
3260 2801 3493 2854 maxime
3540 2816 3667 2854 cum

2081 2891 2386 2959 neglectior
2409 2892 2591 2945 victus
2621 2893 2762 2946 ratio
2796 2901 2902 2955 est,
2939 2892 3068 2945 etin
3126 2892 3420 2960 colloquiis
3471 2892 3668 2946 mulie-

2082 2998 2223 3033 rum.
2263 2982 2603 3051 lmprudenti
2658 2984 2806 3037 enim
2850 2985 3151 3054 voluptatis
3179 2986 3437 3040 illceebra
3480 2986 3664 3039 animo

2083 3072 2375 3141 obrepens,
2419 3074 2770 3142 postmodum
2802 3090 2987 3129 secum
3020 3076 3220 3145 ipsum,
3250 3076 3473 3143 otioque
3504 3090 3667 3143 agen-
3722 3071 3730 3077 ’

2085 3172 2216 3227 tem,
2246 3180 2346 3233 per
2376 3166 2698 3220 memoriam
2721 3168 3057 3236 aggreditur,
3098 3176 3211 3220 tum
3264 3182 3469 3237 corpus
3500 3166 3667 3219 ardo-

2084 3253 2238 3306 ribus
2266 3253 2589 3319 incendens,
2624 3264 2739 3308 tum
2777 3271 2908 3308 vero
2938 3255 3108 3309 menti
3161 3256 3410 3309 diversas
3463 3254 3666 3308 formas

2082 3344 2410 3399 obtendens.
2436 3345 2563 3409 Has,
2588 3346 2630 3400 si
2657 3347 2709 3398 in
2746 3355 2795 3399 te
2823 3346 3027 3399 morari
3058 3347 3221 3411 nolis,
3252 3347 3523 3417 jejunium
3575 3361 3665 3399 as-

2083 3454 2238 3490 sume
2296 3445 2351 3491 et
2402 3438 2644 3491 laborem
2692 3448 2749 3491 et
2793 3438 3030 3507 vigilias,
3093 3438 3493 3507 honestamque
3538 3453 3663 3491 cum

2081 3529 2293 3599 prolixa
2340 3527 2502 3600 412
2534 3529 2785 3583 oratione
2812 3530 3059 3582 vacantis
3103 3528 3273 3581 animi
3315 3529 3557 3597 quietem
3602 3543 3664 3582 ac

2081 3619 2453 3673 solitudinem.

2148 3719 2235 3773 20.
2256 3720 2359 3786 Qui
2391 3720 2630 3773 animam
2655 3730 2901 3774 nostram
2926 3737 3147 3791 semper
3171 3729 3446 3790 quaerunt,
3470 3737 3570 3790 per
3594 3721 3651 3775 li-

2080 3812 2362 3867 bidinosas
2383 3820 2547 3881 atque
2562 3812 2695 3865 vitio
2714 3811 2984 3866 bmrcntes
3001 3810 3360 3881 cogitationes
3385 3820 3660 3880 qmerunt,

2080 3915 2141 3959 ut
2166 3903 2219 3956 in
2250 3912 2534 3972 peccatum
2580 3904 2726 3972 quod
2764 3903 2818 3955 in
2844 3912 3027 3956 mente
3068 3913 3340 3964 versatur,
3380 3903 3466 3956 vel
3511 3903 3659 3971 quod

2080 3992 2199 4062 ipso
2236 4003 2361 4046 actu
2387 4001 2659 4061 patratur,
2700 3992 3020 4062 eonjiciant.
3048 3992 3152 4047 Ubi
3191 3992 3362 4061 igitur
3413 3991 3658 4045 animum

2078 4085 2178 4138 bas
2204 4101 2313 4137 non
2362 4084 2745 4138 admittentem
2802 4084 3135 4151 invenerint,
3170 4092 3302 4138 tunc
3330 4083 3657 4137 crubescent

2078 4191 2140 4230 ac
2164 4176 2376 4246 pudore
2406 4176 2830 4241 suffundcntur;
2858 4175 2953 4229 ubi
2981 4184 3166 4229 autem
3198 4175 3433 4245 spiritali
3467 4190 3657 4227 vacan-

2078 4276 2185 4323 tem
2221 4267 2692 4337 contemplationi,
2716 4275 2848 4321 tunc
2885 4283 2943 4322 se
2970 4268 3025 4320 in
3049 4268 3229 4338 fugam
3262 4269 3573 4339 proripient
3600 4279 3655 4325 et

2076 4360 2483 4415 confundentur
2513 4359 2673 4413 valde
2715 4359 2979 4413 velOciter
2996 4359 3062 4413 ιο.

2146 4453 2237 4507 21.
2260 4451 2485 4505 Diaconi
2511 4467 2800 4521 personam
2834 4452 2998 4522 gerit,
3031 4452 3125 4520 qui
3152 4451 3217 4505 ad
3239 4466 3425 4507 sacros
3454 4466 3655 4521 agones

2074 4545 2319 4598 animum
2353 4545 2590 4614 inungit,
2623 4553 2786 4613 atque
2811 4544 2877 4596 ab
2908 4559 2974 4597 eo
3013 4544 3336 4598 libidinosas
3372 4543 3655 4613 cogitatio-

2073 4654 2173 4693 nes
2196 4637 2369 4708 abigit
2403 4656 2416 4691 :
2449 4638 2759 4707 presbyteri
2800 4646 3009 4699 autem,
3039 4638 3133 4706 qui
3177 4653 3359 4691 rerum
3422 4637 3653 4691 scientia

2074 4729 2331 4794 illustrat,
2360 4744 2423 4784 ac
2448 4728 2571 4783 falsi
2595 4729 2835 4783 nominis
2865 4727 3151 4783 scientiam
3183 4731 3497 4799 proscribit.
3524 4731 3653 4799 Epi-

2066 5005 2219 5059 sticre
2252 5006 2580 5074 ignorantia,
2612 5006 2737 5060 unis
2777 5006 2887 5060 illis
2922 5005 3255 5076 indulgenda
3292 5004 3384 5073 qui
3418 5021 3519 5059 nec
3542 5005 3648 5062 Ec-

2066 5076 2288 5129 clesiam
2325 5077 2556 5130 scivere.

2139 5144 2208 5215 (r)
2234 5147 2525 5200 Διακόνου
2562 5146 2747 5212 λόγον
2784 5144 3007 5213 ἐπέχει.
3035 5145 3242 5214 Obsop.
3271 5144 3504 5199 Ministri
3537 5165 3650 5201 ser—

2065 5230 2270 5268 monem
2285 5216 2553 5284 sapienter
2569 5216 2811 5267 sustinet.
2832 5216 3037 5285 Inepte.
3060 5216 3229 5269 Paulo
3247 5215 3463 5271 melius.
3480 5217 3647 5273 Gesn.

2069 5284 2291 5339 Diacom’
2315 5302 2404 5338 seu
2428 5286 2665 5358 ministri
2698 5285 2959 5358 rationem
2986 5290 3226 5358 sustinet.
3268 5287 3647 5358 Πρεσϐυτέρου

2070 5370 2269 5409 nomen
2296 5355 2442 5425 quod
2465 5356 2687 5406 senioris
2740 5356 2905 5408 ambo
2955 5355 3218 5419 reddunt,
3254 5372 3363 5409 non
3420 5355 3651 5413 satis'ex

2068 5424 2581 5496 usuecclesiastico;
2602 5440 2668 5476 ex
2688 5440 2798 5492 quo
2817 5426 3107 5496 presbyteri
3129 5426 3367 5479 reddidi.
3392 5428 3536 5482 Bene
3560 5437 3643 5482 est

2066 5495 2213 5566 quod
2284 5495 2883 5566 Maximusunguenti
2932 5496 3330 5564 perfectionem
3397 5498 3643 5566 episcopi

2066 5565 2237 5617 dicit:
2270 5574 2331 5618 ut
2350 5574 2404 5618 et
2428 5564 2573 5633 quod
2607 5574 2821 5633 ungunt
2846 5564 3162 5619 (ἶνιεοοι-υη]
3194 5564 3644 5621 ιηίηοτρείειιροίη-

2067 5635 2247 5697 dotes,
2306 5651 2416 5688 non
2462 5635 2671 5703 proprii
2725 5634 2969 5702 ipsorum
3029 5637 3276 5690 muneris
3318 5636 3409 5697 sit.
3446 5636 3541 5690 sed
3574 5653 3641 5694 cx

2068 5705 2429 5775 concessione
2452 5720 2515 5757 ac
2546 5704 2887 5775 indulgentia
2910 5705 3296 5775 episc0porum
3326 5704 3436 5759 illis
3474 5708 3639 5762 attri.

2070 5774 2297 5827 butum:
2345 5790 2468 5827 cum
2507 5773 2689 5828 tanien
2738 5789 2834 5841 per
2856 5773 3211 5830 Occidentem
3263 5775 3384 5843 ejus
3435 5776 3512 5829 rei
3547 5777 3637 5834 in-

2069 5844 2356 5915 dulgentia:
2378 5845 2628 5910 facultas,
2656 5845 2821 5898 unius
2849 5844 2919 5898 sit
2940 5846 3171 5901 Romani
3204 5847 3491 5905 antistitis.
