4076 6452
563 333 659 397 991

1727 337 1788 396 S.
1831 333 2116 395 MAXlMI
2154 329 2661 390 CONFESSORIS

3739 320 3837 380 99:2

567 442 718 512 scopi
747 441 1005 512 denique,
1026 443 1120 513 qui
1145 459 1302 498 sacro
1333 452 1613 513 unguento
1632 444 1877 499 scientias
1905 442 2121 498 adoran

2242 437 2488 507 δώνυμον
2517 438 2720 506 γνῶσιν
2769 436 3148 507 ἐξαφανίζων⁹
3209 431 3528 486 ὲπισκοποῦ
3579 428 3663 493 δὲ,
3701 429 3730 481 ό
3763 427 3836 496 τῷ

564 532 649 586 da:
676 542 986 604 sanctasque
1023 534 1308 590 Trinitatis
1341 535 1570 605 perlicit.

636 703 723 759 22.
750 707 1102 763 lnﬁrmantur
1121 709 1417 772 daemones,
1442 708 1573 762 dum
1596 708 1692 777 qui
1714 707 1768 762 in
1800 706 1961 763 nobis
2005 705 2138 762 all‘e-

560 803 688 850 ctus
719 806 927 854 suntac
947 800 1227 865 libidines,
1250 800 1501 855 mandata
1537 799 1845 870 praastando
1876 799 2138 853 minuun-

570 892 690 938 tur:
720 896 957 956 pereunt
983 885 1135 961 vero,
1185 905 1310 944 cum
1345 900 1501 960 parta
1558 891 1727 946 animi
1767 891 2138 960 imperturba-

563 973 735 1039 tione,
799 978 894 1033 illo
951 980 1331 1051 proﬂigantur,
1369 997 1477 1035 non
1512 982 1747 1051 amplius
1795 981 2141 1037 invenientes

557 1067 765 1135 quibus
793 1069 848 1122 in
875 1086 942 1125 eo
975 1072 1312 1138 residebant,
1341 1089 1406 1127 ac
1436 1073 1581 1128 bello
1612 1073 1974 1128 lacessebant.
2023 1071 2138 1127 Sit-

554 1173 667 1226 que
685 1159 740 1212 id
774 1161 919 1229 quod
953 1162 1026 1216 ita
1061 1163 1269 1219 dictum
1297 1175 1410 1220 est:
1435 1164 1878 1234 Inﬁrmabuntur,
1911 1172 1961 1218 et
1989 1165 2134 1235 peri-

553 1247 687 1301 bunt
723 1269 756 1304 a
789 1252 924 1320 facie
953 1261 1045 1308 tua
1073 1253 1140 1309 “.

627 1337 718 1393 25.
751 1342 858 1396 Alii
879 1343 1166 1400 hominum
1199 1345 1441 1400 humano
1478 1346 1675 1402 timore
1715 1362 1772 1402 se
1796 1362 1826 1401 a
1847 1346 2001 1401 vitiis
2031 1345 2132 1401 ab-

555 1427 798 1496 stinent;
829 1432 945 1497 alii,
977 1433 1160 1500 inanis
1192 1436 1399 1506 gloriae;
1423 1436 1538 1502 alii,
1561 1436 1915 1495 continentiae
1943 1452 2130 1504 causa;

555 1518 650 1572 alii
690 1519 928 1592 denique
959 1524 1027 1579 iis
1077 1525 1405 1594 liberantur,
1445 1528 1762 1584 divinorum
1791 1527 2132 1600 judiciorum

558 1621 765 1668 terrore
797 1617 1070 1672 exterriti.

620 1703 710 1759 24.
744 1705 940 1762 Cuncti
964 1709 1180 1765 Domini
1215 1726 1521 1778 sermones,
1552 1722 1794 1782 quatuor
1829 1713 1946 1768 haec
1977 1729 2130 1769 com-

2244 529 2385 600 ἁγίῳ
2423 529 2581 600 μύρῳ
2609 529 2834 582 τελειῶν
2878 530 2979 600 τῆς
3009 527 3264 598 γνώσεως
3302 523 3400 594 τῆς
3436 518 3834 591 προσκυνητῆς

2240 618 2335 671 καὶ
2380 619 2542 687 ἁγίας
2569 619 2820 688 Τριάδος.
3277 684 3280 685 ν

2311 707 2414 778 κβ’.
2463 707 2778 760 Ἀσθενοῦσι
2835 707 2934 777 μὲν
2989 706 3040 758 οί
3097 704 3368 774 δαίμονες,
3418 701 3563 754 ὃταν
3599 697 3691 750 διὰ
3730 696 3833 750 τῶν

2239 798 2469 851 ἐντολῶν
2503 798 2764 869 μειῶνται
2794 797 2862 850 τὰ
2897 797 3046 866 πάθη
3083 795 3152 848 τά
3183 794 3241 846 ἐν
3283 795 3439 863 ἡμῖν’
3495 788 3835 844 ἀπόλλυνται

2237 889 2316 955 δὲ,
2343 890 2472 945 ὅταν
2500 894 2580 954 είς
2606 891 2759 954 τέλος
2793 889 2882 944 διὰ
2919 890 3020 958 τῆς
3049 886 3315 948 ἀπαθείας
3337 875 3460 955 τεῆς
3503 881 3696 952 ψυχῆς
3747 879 3831 944 ἐξ·

2238 983 2632 1050 αφανίζωνται,
2668 983 2869 1053 μηκέτι
2899 981 3242 1051 εὑρίσκοντες
3287 977 3356 1030 τὰ
3385 975 3459 1030 δι’
3484 967 3568 1026 ὧν
3609 976 3670 1026 ὲν
3698 973 3831 1042 αὑτῇ

2237 1074 2550 1144 εὑρίσκοντο
2600 1075 2693 1126 καὶ
2740 1074 3036 1143 ἐπολέμουν
3074 1071 3275 1142 αὑτήν·
3307 1068 3402 1122 καὶ
3433 1065 3610 1120 τοῦτο
3643 1066 3710 1118 ἂν
3750 1063 3829 1134 εἴη

2234 1160 2316 1226 τὸ,
2362 1161 2806 1230 Ἁσθενήσουσι,
2834 1163 2928 1217 καὶ
2955 1161 3324 1217 ἀπολοῦνται
3352 1156 3477 1214 ἀπὸ
3501 1155 3832 1225 προσώπου

2235 1267 2373 1307 σου.

2309 1348 2412 1411 κγ’.
2449 1343 2513 1397 Οί
2562 1343 2660 1413 μὲν
2696 1341 2804 1398 τῶν
2832 1343 3135 1417 ἀνθρώπων
3163 1344 3252 1398 διὰ
3276 1342 3443 1414 φόϐον
3481 1338 3830 1407 ἀνθρώπινον

2233 1432 2341 1487 τῶν
2380 1433 2566 1488 παθῶν
2611 1435 2923 1506 ἀπέχονται·
2961 1439 3011 1490 οἱ
3053 1436 3129 1500 δὲ,
3164 1436 3253 1489 διὰ
3304 1432 3627 1498 κενοδοξίαν
3685 1429 3827 1482 ἄλλοι

2232 1525 2311 1587 δὲ,
2331 1525 2398 1578 δι’
2419 1527 2769 1596 ἐγκράτειαν·
2797 1528 2976 1600 ἕτεροι
2999 1529 3076 1596 δὲ,
3101 1527 3189 1581 διὰ
3217 1526 3377 1580 θείων
3401 1523 3706 1595 χριμάτων
3725 1521 3826 1574 τῶν

2235 1616 2425 1670 παθῶν
2444 1618 2878 1689 ἐλευθεροῦνται.

2309 1711 2404 1765 κδ’.
2432 1714 2641 1778 Πάντες
2663 1714 2712 1766 οἱ
2745 1712 3011 1782 λόγοιτοῦ
3043 1713 3273 1784 Κυρίου,
3303 1710 3374 1765 τὰ
3408 1709 3669 1778 τέσσαρα
3695 1703 3823 1758 ταῦ-

550 1795 904 1865 plectuntur;
935 1801 1146 1856 scilicet
1196 1803 1474 1870 mandata,
1501 1780 1722 1860 decreta
1737 1819 1834 1860 seu
1851 1806 2121 1876 dogmata,

2231 1820 2297 1856 τα
2338 1806 2673 1876 περιέχουσιν
2709 1780 3088 1871 τὰς-ἐντολὰς,
3121 1780 3191 1858 τὰ
3223 1805 3498 1874 δόγματα,
3534 1801 3640 1861 τὰς
3672 1799 3820 1852 ἀπει-

552 1889 750 1956 minas,
785 1893 1054 1961 promissa
1090 1913 1102 1948 :
1138 1911 1469 1967 omnemque
1500 1896 1744 1954 durioris
1778 1898 1904 1952 vita:
1960 1898 2130 1953 disci-

548 1981 757 2050 plinam
815 1983 1158 2042 sustinemus
1192 1987 1412 2042 illorum
1468 2003 1668 2056 causa;
1715 1997 1848 2060 puta
1897 1989 2126 2060 jejunia,

546 2072 782 2142 vigilias,
825 2075 1212 2143 humisternia,
1271 2079 1492 2135 labores
1531 2089 1588 2136 et
1649 2081 1930 2136 molestias
1983 2082 2128 2137 inter

553 2161 1003 2232 ministrandum,
1041 2167 1368 2238 injuriarum
1402 2171 1818 2240 procacitatem,
1853 2171 2126 2237 infamias,

547 2260 846 2319 tormenta,
885 2264 1112 2322 mortes,
1170 2266 1336 2328 atque
1383 2259 1470 2314 his
1496 2259 1715 2314 similia.
1743 2260 1835 2314 Ait
1862 2261 2075 2316 etenim
2109 2277 2126 2315 :

547 2341 774 2414 Propter
798 2347 956 2402 verba
1007 2346 1272 2404 (abiaram
1313 2358 1528 2405 tuorum
1579 2367 1672 2422 ego
1721 2353 1975 2407 custodivi
2015 2358 2128 2429 vias

544 2435 710 2490 duras
740 2437 808 2491 δ’.

615 2528 706 2583 25.
733 2528 1103 2586 Continentiaa
1131 2546 1367 2599 merces,
1395 2535 1676 2607 tranquilli
1707 2537 1877 2591 animi
1904 2536 2127 2593 habitus

543 2634 608 2675 ac
648 2620 1073 2690 imperturbatio
1121 2635 1249 2680 est:
1305 2624 1436 2680 ﬁdei
1479 2635 1686 2692 autem,
1741 2627 1991 2683 scientia.
2047 2629 2126 2685 Ac

541 2711 766 2781 quidem
801 2713 1244 2784 imperturbatio,
1259 2717 1649 2775 discretionem
1669 2736 1684 2787 ;
1704 2719 1940 2776 scientia
1969 2736 2122 2790 vero,

541 2804 870 2861 charitatem
911 2808 968 2862 in
999 2807 1175 2864 Deum
1211 2811 1381 2882 parit.

608 2895 698 2949 36.
736 2895 889 2952 Mens
922 2898 1029 2953 rite
1067 2901 1285 2957 actione
1314 2901 1638 2973 defungens,
1674 2903 1743 2958 ad
1770 2905 2123 2974 prudentiam

540 2987 799 3056 proiicit;
841 2988 1075 3062 fungens
1109 3007 1240 3047 vero
1304 2994 1796 3063 contemplatione,
1829 2998 1897 3052 ad
1939 3000 2124 3054 scien-

539 3078 695 3132 tiam.
729 3079 809 3134 Ac
838 3079 1043 3149 prioris
1063 3081 1289 3150 quidem
1345 3083 1521 3139 munii
1549 3091 1656 3149 est,
1690 3096 1752 3142 ut
1795 3088 1864 3143 ad
1895 3085 2122 3147 virtutis

537 3179 702 3240 atque
725 3171 844 3226 vitii
874 3172 1286 3239 discretionem,
1316 3182 1619 3231 certantem
1646 3178 1922 3246 adducat;
1981 3183 2120 3238 alte-

539 3263 657 3316 rius
690 3279 846 3327 vero,
875 3271 937 3317 ut
972 3279 1100 3318 eum
1137 3265 1231 3334 qui
1271 3265 1422 3321 illius
1444 3267 1722 3340 particeps
1745 3271 1834 3337 sit,
1856 3273 1924 3327 ad
1952 3275 2118 3343 spiri-

536 3369 694 3412 tuum
720 3373 1128 3427 corporumque
1156 3357 1319 3430 413
1343 3360 1588 3415 rationes
1616 3364 1904 3432 provehat.
1931 3364 2120 3422 Gratia

537 3457 726 3504 autem
780 3449 1095 3520 theologica
1123 3459 1258 3504 tunc
1288 3450 1512 3505 demum
1551 3451 1833 3523 dignatur,
1869 3472 1994 3513 cum
2032 3459 2121 3514 his

533 3558 657 3612 quae
705 3541 854 3597 dicta
891 3551 1040 3606 sunt,
1101 3543 1362 3598 omnibus
1427 3545 1720 3614 superatis,
1755 3559 2025 3621 nactaque
2059 3561 2120 3606 ut

532 3635 610 3690 sit
637 3635 692 3691 in
725 3634 859 3696 Deo.
889 3650 1013 3704 quae
1050 3636 1198 3692 circa
1231 3637 1406 3693 Deum
1437 3650 1542 3707 est,
1575 3641 1868 3708 rationem,
1915 3658 2016 3713 pro
2049 3659 2118 3699 eo

531 3743 598 3782 ac
631 3727 888 3781 humanae
921 3727 1093 3781 menti
1116 3743 1442 3784 concessum
1458 3738 1564 3796 est,
1591 3747 1689 3802 per
1714 3733 1969 3803 spiritum
1993 3750 2118 3790 con-

530 3821 817 3878 siderabit.

599 3913 690 3968 27.
716 3913 923 3969 Divina:
956 3913 1234 3980 scientiae,
1259 3915 1482 3986 Deoque
1517 3931 1744 3987 operam
1776 3927 2112 3984 navaturus,

529 4021 601 4061 ne
641 4005 788 4075 ipsas
827 4005 948 4077 ejus
987 4003 1237 4062 rationes
1271 4005 1534 4076 exquiras
1578 4006 1782 4079 (neque
1819 4008 1969 4062 enim
2005 4008 2115 4065 ulla

532 4112 775 4168 unquam
827 4096 1068 4153 humana
1114 4107 1302 4154 mente
1349 4107 1482 4154 sunt
1526 4099 2007 4170 pervestigabiles;
2058 4107 2116 4156 at

530 4208 711 4262 neque
750 4193 920 4247 ullius
964 4192 1214 4258 alterius,
1245 4209 1462 4258 eorum,
1489 4208 1613 4263 quae
1648 4210 1680 4249 a
1721 4195 1834 4250 Deo
1871 4195 2113 4251 secunda

529 4282 681 4354 sunt)
717 4282 814 4337 sed
846 4298 1040 4337 eorum
1073 4299 1197 4354 qua).
1227 4283 1375 4338 circa
1407 4290 1566 4348 sunt,
1594 4284 1774 4354 quoad
1810 4301 1910 4356 per
1937 4284 2112 4340 facul-

529 4383 699 4428 tatem
732 4373 982 4438 licuerit,
1007 4373 1246 4443 dispice;
1281 4382 1412 4442 puta
1439 4374 1795 4441 aeternitatis,
1825 4375 2112 4432 inﬁnitatis

2229 1892 2350 1956 λὰς,
2378 1894 2474 1958 τὰς
2512 1895 2864 1964 ὲπαγγελίας’
2900 1895 2995 1950 καὶ
3043 1897 3222 1949 πᾶσαν
3271 1890 3713 1964 σκληραγωγίαν
3739 1887 3820 1939 διὰ

2228 1981 2403 2036 ταῦτα
2425 1984 2790 2058 ὑπομένομεν·
2821 1980 2954 2051 οἷον,
2989 1985 3266 2056 νηστείας,
3299 1981 3639 2057 ἀγρυπνίας.
3677 1995 3816 2050 χαμ-

2231 2073 2435 2141 ευνίας,
2502 2078 2705 2142 κόπους
2749 2081 2845 2132 καὶ
2876 2076 3108 2149 μόχθους
3146 2079 3202 2130 ὲν
3228 2075 3564 2140 διακονίαις,
3606 2073 3814 2140 ὕϐρεις,

2229 2167 2476 2238 ἀτιμίας,
2511 2169 2894 2242 στρεϐλώσεις,
2927 2171 3218 2235 θανάτους,
3251 2171 3347 2223 καὶ
3378 2167 3449 2220 τὰ.
3492 2167 3682 2237 ὃμοια.
3721 2163 3815 2216 Διὰ

2229 2259 2338 2332 γὰρ
2376 2259 2516 2326 τοὺς
2567 2263 2790 2331 λόγους
2839 2261 2955 2316 τῶν
2984 2262 3204 2332 χειλῶν
3252 2275 3405 2326 σου,
3454 2260 3631 2329 φησιν
3659 2297 3674 2323 ,
3708 2255 3814 2323 ἐγὼ

2228 2351 2502 2420 ἐφύλαξα
2541 2351 2721 2421 ὀδοὺς
2767 2351 3066 2424 σκληράς.
3116 2342 3118 2344 ’
3776 2365 3782 2371 ’

2298 2539 2400 2588 κε’.
2436 2533 2644 2597 Μισθὸς
2693 2535 2796 2606 τῆς
2820 2534 3149 2605 ἐγκρατείας
3173 2575 3189 2598 ,
3240 2535 3273 2605 ἡ
3329 2531 3603 2588 ἀπάθειαο
3636 2529 3732 2600 τῆς
3759 2525 3808 2580 δὲ

2227 2621 2483 2686 πίστεως,
2515 2624 2548 2692 ἡ
2593 2621 2815 2691 γνῶσιςν
2845 2625 2937 2678 καὶ
2970 2625 3002 2695 ἠ
3045 2624 3144 2695 μὲν
3186 2622 3448 2686 ἀπάθεια,
3502 2622 3682 2674 τίκτει
3716 2618 3808 2688 τὴν

2224 2710 2516 2781 διάκρισιν”
2548 2714 2581 2783 ἡ
2613 2713 2670 2766 δὲ
2708 2713 2930 2782 γνῶσις,
2975 2714 3076 2785 τὴν
3124 2716 3204 2780 είς
3235 2714 3366 2769 Θεὸν
3416 2711 3650 2782 ἀγάπην
3699 2707 3802 2781 [ΡΥ.

2223 2799 2322 2870 τὴν
2353 2799 2502 2854 θείαν
2527 2801 2796 2876 ἀγάπην]·.

2296 2892 2408 2957 κςῖ
2439 2893 2758 2967 Πρακτικὴν
2815 2894 2913 2965 μὲν
2958 2897 2987 2950 ὁ
3030 2895 3157 2959 νοῦς
3188 2893 3500 2965 κατορθῶν,
3557 2893 3640 2955 είς
3675 2888 3801 2960 φρό‹

2224 3000 2380 3054 νησιν
2410 2985 2744 3056 προκόπτει·
2781 2985 3124 3059 θεωρητικὴν
3173 2986 3253 3049 δὲ,
3310 2987 3390 3049 είς
3435 2983 3668 3054 γνῶσιν.
3697 2979 3799 3051 Τῆς

2229 3074 2328 3145 μὲν
2351 3076 2460 3146 γάρ
2501 3077 2670 3142 ἐστιν,
2721 3079 2803 3140 είς
2829 3078 3102 3149 διάκρισιν
3129 3077 3329 3148 ἀρετῆς
3358 3077 3452 3130 καὶ
3482 3075 3685 3137 κακίας
3715 3072 3800 3141 φέ-

2228 3184 2342 3240 ρειν
2367 3167 2458 3220 τδν
2483 3167 2916 3238 ἀγωνιζόμενονο
2965 3171 3066 3240 τῆς
3095 3171 3172 3236 δὲ,
3223 3171 3302 3233 είς
3329 3169 3455 3230 τοὺς
3503 3165 3635 3237 περὶ
3661 3166 3798 3240 ἀσω-

2227 3259 2414 3328 μάτων
2442 3261 2537 3314 καὶ
2567 3261 2836 3332 σωμάτων
2867 3262 3060 3332 λόγους
3094 3263 3250 3332 ἀγειν
3277 3261 3370 3316 τὸν
3402 3261 3657 3332 μέτοχον,
3693 3255 3796 3324 Τῆς

2222 3352 2278 3404 δὲ
2322 3351 2642 3431 θεολογικῆς
2689 3354 2934 3425 χάριτος,
2987 3353 3351 3426 τοτηνικαῦτα
3404 3349 3792 3416 καταξιοῢται,

2221 3443 2456 3513 ὁπηνίκα
2488 3444 2556 3497 τὰ
2583 3445 2960 3517 προειρημένα
2988 3446 3165 3499 πάντα
3193 3446 3280 3499 διὰ
3308 3445 3415 3498 τῶν
3446 3446 3557 3514 τῆς
3586 3443 3794 3511 ἀγάπης

2222 3535 2438 3606 πτερῶν
2465 3535 2824 3606 διαπεράσας,
2854 3537 2948 3590 καὶ
2980 3539 3037 3589 ἐν
3058 3536 3179 3611 Θεῷ
3207 3537 3522 3608 γενόμενος,
3553 3535 3643 3588 τὸν
3674 3532 3792 3601 περὶ

2220 3624 2386 3681 αὑτοῦ
2426 3627 2584 3696 λόγον
2615 3627 2706 3681 διὰ
2737 3627 2831 3681 τοῦ
2872 3628 3207 3698 πνεύματος,
3247 3628 3322 3692 ὡς
3353 3628 3682 3700 ἀνθρωπίνῳ
3722 3620 3790 3692 νῷ

2218 3718 2465 3795 δυνατὸν,
2494 3720 2876 3790 διασκοπήσει.

2226 3883 2236 3892 ’
2291 3902 2392 3965 κζ⁴.
2423 3905 2441 3925 ⁶
2475 3902 2760 3971 Θεολογεῖν
2793 3902 3026 3976 μέλλων,
3073 3905 3148 3975 μὴ
3187 3904 3314 3966 τοὺς
3347 3902 3467 3956 κατ’
3516 3901 3672 3957 αὑτὸν
3701 3895 3784 3967 ζη-

2217 3996 2389 4068 τήσῃς
2425 3994 2619 4063 λόγους
2682 3995 2785 4067 (οὑ.
2813 3996 2888 4067 μὴ
2935 3995 3046 4066 γὰρ
3080 3994 3215 4068 εὕρῃ
3249 3995 3598 4066 ἀνθρώπινος
3629 3991 3743 4052 νοῦς
3767 4003 3780 4017 ⁸

2217 4087 2333 4143 ἀλλ’
2375 4086 2495 4141 οὑδὲ
2547 4089 2706 4144 ἄλλου
2754 4092 2900 4154 τινὸς
2947 4089 3056 4146 τῶν
3102 4087 3244 4161 μετὰ
3279 4087 3458 4162 Θεὸν),
3512 4085 3644 4142 ἀλλὰ
3670 4082 3781 4144 τοὺς

2217 4182 2345 4254 περὶ
2376 4181 2537 4236 αὑτὸν
2556 4224 2572 4250 ,
2609 4182 2685 4246 ὡς
2717 4177 2830 4236 οἷόν
2851 4197 2914 4236 τε
2938 4226 2953 4250 ,
2984 4181 3288 4236 διασκόπει.
3319 4176 3444 4235 Οἷον
3487 4181 3614 4243 τοὺς
3666 4172 3779 4244 περὶ

2215 4261 2515 4345 ὰῖδιότητος
2537 4315 2550 4338 ,
2584 4274 2843 4345 ἀπειρίας
2875 4291 2934 4328 τε
2969 4276 3063 4329 καὶ
3100 4273 3383 4344 ἀοριστίας
3404 4313 3420 4338 ,
3457 4265 3776 4342 ἀγαθότητός

2215 4383 2274 4419 τε
2304 4367 2399 4420 καὶ
2430 4366 2624 4436 σοφίας
2670 4367 2764 4419 καὶ
2797 4366 3116 4434 δυνάμεως,
3150 4365 3554 4435 δημιουργικῆς
3593 4378 3649 4414 τε
3693 4358 3774 4411 καὶ

528 4479 594 4521 ac
656 4441 1113 4530 immensitatisp
1150 4441 1524 4536 bonitatisque
1586 4476 1642 4521 et
1709 4466 1993 4536 sapientiae
2053 4476 2110 4523 et

2224 4455 2599 4527 προνοητικῆς,
2636 4455 2728 4508 καὶ
2756 4453 3011 4525 κριτικῆς
3035 4453 3145 4508 τῶν
3179 4452 3369 4506 ὄντων.
3403 4448 3570 4515 Οὗτος
3602 4441 3701 4518 γὰρ
3725 4446 3774 4495 ὲν

528 4556 811 4625 potentiae,
839 4555 1045 4626 quibus
1074 4572 1164 4611 res
1191 4557 1461 4624 condidit,
1491 4558 1708 4629 illisque
1741 4560 2016 4631 providet,
2048 4575 2112 4616 ac

522 4646 732 4716 judicio
786 4647 946 4718 regit.
1001 4645 1102 4701 Hic
1161 4646 1311 4702 enim
1372 4648 1519 4702 inter
1569 4649 1831 4704 mortales
1881 4664 2112 4720 magnus

529 4737 815 4810 theologus
846 4745 951 4805 est,
972 4738 1069 4809 qui
1105 4740 1304 4793 horum
1339 4738 1584 4818 rationes
1615 4739 1885 4809 tantisper
1913 4740 2108 4795 saltem

523 4829 828 4886 adinvenit.

591 4920 682 4977 28.
708 4921 803 4976 Ille
826 4921 913 4976 vir
937 4929 1135 4992 potens
1164 4929 1271 4986 est,
1300 4923 1394 4994 qui
1429 4921 1722 4978 scientiam
1748 4917 1953 4980 actioni
1971 4939 2105 4980 con-

519 5013 720 5083 junxit.
759 5013 896 5080 Nam
942 5014 1116 5069 altera
1159 5015 1416 5084 quidem,
1463 5014 1822 5085 cupiditatem
1867 5024 2108 5072 macerat

521 5105 772 5174 iramque
799 5107 982 5172 sedat;
1011 5108 1184 5162 altera
1203 5122 1359 5175 vero,
1383 5116 1569 5162 mente
1592 5107 1846 5163 sublimis
1862 5109 2030 5174 volat,
2055 5119 2110 5165 et

522 5196 578 5261 in
606 5197 778 5251 Deum
809 5198 1049 5254 excedit.

591 5290 682 5343 29.
727 5289 866 5344 Cum
912 5291 1047 5348 dicit
1095 5293 1362 5349 Dominus
1411 5312 1423 5347 :
1480 5293 1592 5365 Ego
1641 5303 1688 5349 et
1735 5293 1900 5348 Pater
1941 5311 2105 5350 unum

518 5398 702 5442 Munus
727 5381 792 5448 “,
827 5384 1078 5438 eamdem
1124 5401 1246 5440 esse
1295 5386 1590 5442 essentiam
1639 5385 1931 5458 signiﬁcat.
1966 5386 2104 5442 Cum

520 5489 654 5537 vero
684 5474 886 5530 iterum
918 5475 1029 5531 ait:
1063 5476 1175 5548 Ego
1207 5480 1264 5533 in
1292 5477 1476 5546 Patre,
1502 5487 1551 5535 et
1579 5477 1744 5536 Pater
1770 5479 1825 5533 in
1843 5496 1924 5534 me
1940 5486 2014 5534 est
2035 5479 2102 5546 “,

2213 4547 2523 4619 ἀνθρώποις
2557 4547 2733 4618 μέγας
2769 4543 3055 4616 θεολόγος,
3110 4549 3138 4601 ὁ
3169 4545 3377 4601 τούτων
3422 4544 3552 4609 τοὺς
3600 4539 3771 4603 λόγους

2214 4642 2315 4701 κᾶν
2345 4639 2528 4706 ποσῶς
2562 4639 2915 4716 ἐξευρίσκων.

2280 4934 2386 4998 κη’.
2419 4925 2657 4989 Δυνατδς
2685 4924 2846 4997 ἀνὴρ,
2873 4925 2901 4977 ὁ
2929 4925 2996 4996 τῇ
3027 4923 3224 4995 πράξει
3255 4920 3356 4992 τὴν
3376 4918 3573 4989 γνῶσιν
3599 4907 3769 4976 sucus:

2209 5018 2324 5085 ξας.
2360 5021 2440 5090 Τῇ
2478 5017 2578 5088 μὲν
2607 5017 2719 5088 γὰρ
2743 5057 2758 5082 ,
2804 5015 2903 5087 τὴν
2937 5013 3233 5084 ἐπιθυμίαν
3270 5011 3525 5084 μαραίνει
3562 5007 3653 5061 καὶ
3691 5000 3767 5054 τὸν

2207 5113 2381 5184 θυμὸν
2425 5112 2627 5184 ἡμεροϊ
2648 5126 2663 5140 ·
2720 5111 2789 5180 τῇ
2844 5108 2901 5163 δὲ
2921 5148 2937 5173 ,
2989 5108 3081 5161 τδν
3109 5107 3234 5162 νοῦν
3265 5107 3457 5177 πτεροῐ
3484 5143 3500 5168 ,
3529 5099 3620 5157 καὶ
3646 5093 3764 5164 πρὸς

2207 5203 2340 5256 Θεὸν
2364 5201 2615 5274 ὲκδημεῐ.

2280 5296 2383 5350 κθθ.
2423 5295 2592 5348 Ὅταν
2613 5291 2749 5364 λέγῃ
2796 5291 3028 5362 Κύριος·
3067 5289 3227 5359 Ἐγὼ,
3279 5289 3378 5344 καί
3407 5293 3442 5345 ό
3468 5284 3681 5352 Πατὴρ,
3705 5283 3762 5338 ἓν

2215 5387 2406 5454 ἐσμεν
2434 5425 2449 5450 ,
2501 5383 2565 5438 τὸ
2604 5383 2802 5436 ταυτὸν
2847 5383 2947 5452 τῆς
2993 5382 3182 5442 οὐσίας
3224 5381 3503 5452 σημαίνει.
3533 5379 3688 5429 Ὅταν
3714 5364 3760 5417 δὲ

2211 5475 2374 5532 πάλιν
2402 5473 2537 5545 λέγῃ
2559 5487 2574 5505 δ
2619 5473 2765 5544 Ἐγὼ
2792 5471 2862 5526 ἐν
2892 5468 2971 5537 τῷ
3018 5469 3220 5538 "arpi,
3252 5468 3354 5524 καί
3404 5469 3438 5524 ὁ
3480 5462 3672 5532 Πατὴρ
3701 5455 3758 5508 έν

553 5613 596 5658 θ’
625 5615 766 5679 Psal.
808 5633 885 5684 ιχ,
916 5618 969 5673 4.
1049 5616 1093 5648 ⁸⁵⁸
1139 5618 1280 5673 Psal.
1319 5620 1542 5714 “1.”:
1621 5619 1666 5653 ⁸³
1693 5620 1849 5676 Joan.
1889 5638 1941 5686 χ,
1973 5619 2061 5676 50.

2225 5617 2361 5675 ibid.
2393 5614 2485 5671 ~58.

599 5757 613 5782 ε
645 5752 869 5819 Eadem.
906 5753 1019 5814 fere
1051 5763 1195 5810 cent.
1229 5771 1265 5818 l,
1302 5773 1349 5811 ρ.
1385 5756 1482 5821 ult.
