4076 6414
282 402 395 468 993

1205 398 1537 461 CAPITUM
1578 398 1677 459 DE
1716 397 2146 460 CHARITATE
2182 398 2572 463 CENTURIA
2612 403 2695 463 ΙΙ.

3440 403 3551 465 99$

281 509 422 578 ἐμοὶ
444 547 459 572 ,
488 508 550 561 τὸ
587 505 894 579 ἀχώριστον
938 504 1088 577 δηλοῖ
1125 506 1230 560 τῶν
1259 508 1630 562 ὑποστάσεων.
1683 509 1745 561 Oi
1779 503 1870 561 οὗν

1985 508 2267 563 indivisam
2318 525 2677 578 personarum
2724 510 3165 581 coniunctionem
3212 510 3552 567 manifestat.

295 598 576 671 Γριθεϊται
616 598 944 669 χωρίζοντες
978 597 1069 651 τοῦ
1103 597 1314 668 Πατρδς
1345 598 1437 650 τὸν
1474 599 1628 663 Υίὸν,
1659 600 1738 660 είς
1765 599 1873 669 ἀμ-

287 695 606 762 φίκρημνον
636 690 1026 761 ἐμπίπτουσιν.
1065 689 1136 743 Ἢ
1176 690 1285 760 γάρ
1325 691 1597 744 συναῖδιον
1626 690 1875 758 λέγοντες

284 784 371 855 τῷ
417 783 594 856 Πατρὶ
625 784 718 838 τ’ὸν
752 783 881 837 Υἱδν
906 823 920 848 ,
954 783 1278 853 χωρίζοντες
1310 782 1368 835 δὲ
1409 783 1572 836 αὐτὸν
1603 782 1661 849 ἐξ
1688 783 1873 847 αὐτοῦ,

286 880 703 948 ἀναγκάζονται
747 878 928 947 λέγειν
964 878 1040 949 μὴ
1070 877 1128 944 ἐξ
1158 878 1324 932 αὑτοῦ
1359 878 1734 949 γεγεννῆσθαι,
1783 878 1878 932 καὶ

289 974 558 1043 ἐμπεσεῖν
588 974 668 1035 είς
695 972 757 1024 τὸ
784 974 931 1042 τρεῖς
953 970 1133 1040 λέγειν
1156 971 1345 1035 Θεοὺς,
1376 970 1471 1023 καὶ⁸
1503 973 1652 1041 τρεῖς
1676 972 1873 1042 ἀρχάς·

289 1065 326 1135 ἢ
371 1065 432 1130 ἐξ
476 1063 642 1120 αὑτοῦ
691 1062 1046 1133 γεγεννῆσθαι
1092 1063 1342 1131 λέγοντες
1371 1103 1386 1127 ,
1425 1064 1749 1134 χωρίζοντες
1799 1064 1875 1132 δὲ,

290 1156 704 1226 ἀναγκάζονται
737 1155 918 1222 λέγειν
964 1155 1039 1227 μὴ
1072 1156 1336 1209 συναῖδιον
1382 1152 1522 1209 εἶναι
1567 1155 1645 1226 τῷ
1682 1158 1875 1226 Πατρῒ,

289 1250 394 1303 καὶ
420 1250 645 1321 ποιῆσαι
693 1249 799 1302 ὑπὸ
843 1249 1032 1319 χρόνον
1078 1248 1172 1301 τὸν
1213 1248 1323 1301 τῶν
1351 1248 1557 1319 χρόνων
1588 1249 1873 1319 δεσπότην.

291 1344 420 1413 Χρὴ
460 1337 569 1413 γὰρ
618 1343 717 1396 καὶ
760 1341 853 1395 τὸν
903 1341 999 1396 ἕνα
1040 1340 1173 1394 Θεὸν
1217 1343 1441 1411 τηρεῖν,
1480 1341 1702 1404 καὶτὰς
1730 1344 1878 1413 τρεῖς

295 1436 630 1498 ὑποστάσεις
657 1435 940 1506 ὁμολογεῖν
960 1475 976 1501 ,
1021 1433 1163 1488 κατά
1197 1435 1287 1487 τὸν
1331 1434 1504 1502 μέγαν
1539 1434 1578 1486 Γ
1586 1435 1840 1505 ρηγόριον
1860 1451 1873 1464 ο

294 1528 397 1579 καὶ
417 1526 657 1596 ἑκάστην
688 1528 828 1597 μετά
854 1526 950 1595 τῆς
982 1525 1264 1594 ἰδιότητος.
1322 1526 1431 1579 Καὶ
1462 1525 1568 1596 γὰρ
1602 1546 1619 1577 ι
1656 1527 1880 1596 διαιρεῖ-

293 1638 392 1673 ται
435 1640 453 1671 ι
492 1620 629 1689 μὲν,
663 1618 776 1673 ἀλλ’
808 1637 827 1670 ι
868 1617 1228 1690 ἁδιαιρέτως,
1266 1617 1407 1672 κατά
1455 1619 1546 1671 τὸν
1590 1618 1751 1671 αὑτὸν
1784 1617 1879 1671 καὶ

298 1711 634 1764 συνάπτεται
669 1710 792 1780 μὲν.
846 1709 1195 1780 διῃρημένως
1227 1708 1308 1775 δέ,
1335 1727 1351 1758 ι
1414 1710 1524 1762 Καὶ
1566 1709 1655 1762 διὰ
1698 1709 1874 1775 τοῦτο,

294 1800 613 1873 παράδαξος
671 1800 763 1854 καὶ
902 1799 1163 1871 διαίρεσις
1226 1800 1319 1852 καὶ
1369 1800 1401 1870 ἡ
1459 1799 1668 1863 ἓνωσις.
1725 1800 1875 1853 Ἐπεὶ

293 1895 351 1947 τί
394 1893 507 1964 ἔχει
536 1893 595 1946 τὸ
628 1892 933 1963 παράδοξον
960 1892 1049 1963 (ε),
1098 1894 1146 1945 εί
1183 1892 1257 1955 ὡς
1291 1891 1576 1962 ἄνθρωπος
1607 1891 1878 1963 ἀνθρώπῳ

293 1984 509 2056 ἦνωταί
560 2002 621 2037 τε
675 1984 770 2038 καὶ
801 1982 1177 2056 κεχώρισται,
1221 1981 1363 2038 οὕτω
1407 1983 1501 2038 καὶ
1544 1984 1575 2035 ὁ
1630 1984 1754 2048 Υἱὸς
1800 1982 1879 2053 τῷ

294 2076 500 2148 Πατρὶ,
530 2076 622 2130 καὶ
647 2076 799 2130 οὐδὲν
823 2076 983 2129 πλέον
1008 2092 1022 2139 ;

368 2169 437 2222 λ’.
490 2170 547 2221 Ὁ
576 2167 780 2230 τέλειος
811 2169 868 2220 ἐν
898 2167 1090 2239 ἀγάπῃ
1114 2207 1128 2232 ,
1161 2167 1255 2220 καὶ
1284 2169 1363 2231 είς
1410 2167 1579 2237 άκρον
1606 2167 1880 2231 ἀπαθείας

296 2261 493 2325 ἐλθὼν,
527 2260 625 2313 οὐκ
657 2259 947 2313 ἐπίσταται
986 2258 1250 2330 διαφορὰν
1283 2259 1416 2311 ίδίου
1447 2259 1542 2312 καὶ
1572 2259 1876 2331 ἀλλοτρίου,

291 2354 330 2424 ἢ
384 2352 521 2414 ἰδίας
560 2350 655 2404 καὶ
688 2350 979 2420 ἀλλοτρίας
1004 2389 1018 2415 ,
1076 2350 1110 2420 ἦ
1167 2348 1363 2403 πιστοῦ
1402 2351 1497 2403 καὶ
1542 2350 1802 2413 ἀπίστου,
1845 2350 1879 2422 ἢ

295 2448 493 2501 δούλου
532 2446 625 2500 καὶ
663 2445 972 2518 ἐλευθέρου,
1006 2444 1038 2516 ἢ
1072 2445 1209 2508 ὅλως
1237 2446 1467 2515 ἄρσενος
1500 2448 1594 2499 καὶ
1623 2446 1837 2515 θηλείας
1864 2462 1877 2477 ·

296 2536 706 2605 ἁλλ’ἀνώτερος
731 2536 831 2605 τῆς
867 2535 973 2589 τῶν
998 2535 1191 2590 παθῶν
1220 2536 1536 2604 τυραννίδος
1568 2537 1879 2606 γενόμενος,

299 2628 401 2681 καὶ
444 2629 525 2690 είς
550 2626 647 2699 τὴν
692 2626 823 2697 μίαν
868 2626 1034 2694 φύσιν
1075 2624 1189 2677 τῶν
1228 2625 1537 2697 ἀνθρώπων
1579 2626 1882 2678 ἀποϐλεπό-

304 2736 488 2790 μενος,
516 2717 725 2780 πάντας
748 2716 807 2783 ὲξ
835 2716 948 2769 ἴσου
979 2716 1193 2787 θεωρεῖ,
1222 2718 1317 2768 καὶ
1348 2716 1485 2786 πρὸς
1512 2717 1717 2779 πάντας
1755 2717 1883 2779 ἴσως

301 2810 595 2863 διάκειται.
629 2809 743 2861 Οὐκ
775 2806 1027 2877 ἔστιγὰρ
1072 2810 1130 2860 ὲν
1163 2806 1314 2876 αὐτῷ
1354 2807 1557 2878 Ἕλλην
1604 2808 1699 2861 καὶ
1749 2809 1881 2860 Ἰου-

296 2904 471 2966 δαῖος,
507 2900 633 2955 οὐδὲ
663 2900 831 2965 ἄρσεν
861 2900 954 2953 καὶ
995 2899 1152 2963 θῆλω,
1206 2899 1325 2951 οὐδὲ
1369 2899 1555 2962 δοῦλος
1605 2900 1697 2953 καὶ
1728 2899 1883 2952 ἐλεύ-

304 2997 464 3065 θερος
493 3007 507 3022 '
541 2991 679 3046 ἀλλά
704 2992 772 3044 τὰ
807 2991 985 3044 πάντα
1026 2990 1116 3044 καὶ
1153 2991 1211 3043 ἐν
1246 2992 1379 3043 πᾶσι
1410 2991 1669 3061 Χριστός.

377 3084 480 3137 λα’.
541 3082 637 3134 Ἐκ
684 3080 793 3134 τῶν
835 3080 1216 3149 ὑποκειμένων
1263 3081 1320 3132 ὲν
1366 3082 1430 3150 τῇ
1478 3080 1625 3151 ψυχῇ
1671 3080 1882 3143 παθῶν,

1977 600 2166 670 Itaque
2210 602 2531 667 Tritheitaa,
2580 602 2671 672 qui
2724 602 2923 656 Filium
2972 618 3004 656 a
3046 602 3205 657 Patre
3254 616 3550 673 separant.

1978 692 2238 763 utrinque
2286 694 2339 748 in
2392 695 2758 764 przecipitium
2808 694 3031 749 cadunt.
3075 694 3185 749 Aut
3227 696 3372 750 enim
3419 696 3551 749 dum
3664 710 3671 729 ’

1976 783 2177 838 Filium
2224 786 2372 840 Patri
2412 798 2745 841 comternum
2792 787 3011 850 docent,
3044 801 3109 841 ac
3148 794 3330 841 tamen
3375 789 3444 842 ab
3483 804 3551 842 eo

1978 878 2309 946 sejungunt,
2356 894 2582 933 necesse
2629 878 2835 933 habent
2880 886 2939 931 ut
2986 883 3052 931 ex
3094 892 3161 931 eo
3202 888 3389 932 natum
3430 895 3551 933 esse

1978 978 2201 1039 negent.
2228 986 2405 1040 coque
2436 970 2692 1034 evadant,
2722 978 2781 1023 ut
2812 979 2925 1023 tres
2951 970 3093 1023 Deos
3118 984 3182 1022 ac
3212 969 3315 1023 tria
3345 970 3552 1039 princi-

1978 1061 2067 1132 pia
2112 1060 2328 1127 dicant;
2378 1070 2474 1116 aut
2515 1078 2638 1116 cum
2687 1078 2752 1117 ex
2802 1062 2896 1116 illo
2941 1071 3130 1116 natum
3176 1070 3445 1125 statuant,
3492 1078 3556 1115 ac

1981 1160 2162 1206 tamen
2211 1154 2521 1223 sejungant,
2553 1169 2776 1208 necesse
2822 1164 2907 1208 est
2947 1162 3009 1207 ut
3052 1154 3238 1209 dicant
3279 1171 3387 1209 non
3432 1172 3556 1207 esse

1980 1252 2314 1297 comternum
2348 1244 2517 1308 Patri,
2547 1245 2889 1314 temporique
2930 1254 3237 1315 temporum
3274 1256 3553 1299 auctorem

1980 1336 2295 1407 subjiciam.
2332 1337 2570 1391 Necesse
2615 1337 2763 1391 enim
2809 1348 2927 1400 est,
2964 1347 3025 1392 ut
3067 1348 3123 1393 et
3166 1354 3336 1393 unum
3383 1340 3555 1394 Deum

1980 1437 2287 1493 teneamus,
2316 1437 2371 1482 et
2403 1437 2516 1483 tres
2548 1444 2832 1497 personas,
2859 1437 2921 1482 ut
2947 1430 3128 1500 magni
3154 1426 3405 1500 Gregorii
3435 1446 3560 1484 sen-

1981 1522 2154 1576 tentia
2195 1530 2281 1575 est
2306 1523 2344 1585 ',
2381 1520 2766 1586 conﬁtcamur,
2805 1537 3249 1591 unamquamque
3292 1538 3413 1577 cum
3460 1539 3556 1577 sua

1980 1613 2336 1683 proprietate.
2379 1631 2397 1664 ι
2437 1612 2771 1667 Dividuntur
2812 1632 2832 1663 ›
2876 1613 3055 1678 enim,
3090 1620 3149 1666 ut
3184 1614 3328 1668 idem
3367 1615 3559 1676 sentit,

1980 1704 2077 1759 sed
2123 1723 2143 1754 ι
2190 1703 2455 1769 indivise;
2495 1712 2553 1757 et
2590 1712 3015 1765 connectuntur.
3047 1703 3143 1758 sed
3185 1702 3454 1770 discrete;
3502 1714 3563 1757 ut

1980 1805 2036 1853 et
2069 1796 2332 1852 discretio
2366 1811 2510 1850 nova
2544 1796 2635 1860 sit,
2666 1805 2723 1850 et
2753 1796 2904 1849 unio.
2938 1815 2956 1845 ι
2996 1796 3215 1865 Alioqui
3247 1797 3394 1849 enim
3428 1789 3561 1865 quid

1981 1904 2187 1944 novum
2224 1897 2279 1943 et
2312 1888 2629 1953 insolitum,
2664 1887 2811 1956 quod
2843 1887 2922 1942 sic
2952 1887 3125 1941 Filius
3156 1888 3303 1942 Patri
3338 1887 3564 1943 uniatur

1978 1990 2036 2038 et
2067 1981 2135 2036 ab
2169 1996 2237 2035 eo
2270 1980 2583 2045 dirimatur,
2616 1979 2893 2049 quomodo
2927 1980 3093 2034 homo
3125 1980 3337 2034 homini
3374 1981 3564 2036 unitus

1980 2084 2085 2139 est,
2116 2083 2171 2128 et
2201 2074 2269 2127 ab
2296 2089 2363 2127 eo
2386 2073 2689 2139 discretus;
2720 2088 2825 2126 nee
2850 2072 3056 2142 aliquid
3084 2074 3353 2142 amplius?

2052 2166 2140 2221 50.
2175 2166 2280 2232 Qui
2316 2166 2370 2219 in
2403 2165 2671 2219 charitate
2705 2165 3013 2235 perlectus,
3044 2181 3424 2236 summamque
3456 2168 3562 2221 im-

1980 2259 2287 2329 perturbati
2325 2258 2494 2311 animi
2531 2258 2985 2326 tranquillitatem
3026 2258 3261 2326 adeptus
3292 2268 3397 2324 est,
3433 2275 3563 2328 pro-

1982 2352 2089 2421 prii
2121 2359 2178 2404 et
2207 2350 2395 2416 alieni,
2433 2349 2548 2404 sive
2576 2350 2815 2418 propriae
2844 2358 2899 2403 et
2924 2349 3137 2414 aliena,
3165 2348 3342 2404 ﬁdelis
3367 2359 3423 2404 et
3446 2351 3569 2404 inﬁ-

1983 2444 2157 2507 delis,
2186 2443 2329 2498 servi
2367 2457 2430 2497 ac
2461 2442 2650 2506 liberi,
2684 2455 3020 2511 prorsusque
3052 2441 3280 2495 masculi
3311 2457 3374 2496 ac
3404 2442 3573 2513 515,

1982 2535 2202 2589 feminae
2251 2533 2552 2588 discrimen
2608 2532 2820 2586 nullum
2874 2532 3063 2597 novit;
3122 2532 3217 2586 sed
3267 2531 3569 2586 affectuum

1983 2632 2243 2695 superata
2274 2625 2581 2695 tyrannide,
2609 2624 2775 2692 inque
2810 2638 2975 2677 unam
3002 2624 3287 2676 hominum
3312 2631 3569 2677 naturam

1984 2717 2306 2787 respiciens,
2341 2732 2534 2771 omnes
2579 2708 2832 2784 perzeque
2871 2715 3203 2778 considerat,
3239 2716 3570 2785 cunctisque

1983 2807 2271 2877 arqualiter
2304 2807 2536 2861 alfectus
2566 2815 2670 2861 est.
2700 2804 2819 2859 Non
2855 2807 3001 2859 enim
3037 2807 3091 2859 in
3122 2822 3190 2860 eo
3225 2815 3308 2860 est
3343 2806 3571 2861 Graecus

1984 2915 2047 2953 ac
2070 2899 2311 2960 Judaeus,
2337 2899 2617 2952 masculus
2642 2905 2698 2951 ct
2722 2897 2947 2962 femina,
2972 2913 3165 2951 servus
3190 2906 3248 2953 et
3272 2898 3440 2965 liber;
3467 2898 3570 2953 sed

1985 2992 2170 3045 omnia
2199 2990 2254 3043 in
2284 2991 2543 3044 omnibus
2571 2989 2827 3043 Christus
2846 2988 2913 3041 ⁸⁵.

2058 3085 2147 3137 51.
2182 3084 2467 3136 Daemones
2510 3096 2577 3134 ex
2624 3079 2889 3149 subjectis
2930 3080 2984 3133 in
3022 3080 3207 3134 animo
3248 3079 3573 3144 affectibus,

302 3176 679 3248 Μμῦάνουσιν
706 3175 759 3228 οί
805 3173 1058 3245 δαίμονες
1102 3174 1201 3237 τὰς
1251 3175 1510 3245 ἀφορμὰς
1565 3174 1660 3228 τοῦ
1718 3178 1883 3229 κινεῖν

1992 3178 2311 3231 occasiones
2342 3190 2643 3243 ansamque
2677 3174 2973 3244 arripiunt,
3003 3182 3064 3228 ut
3094 3174 3319 3229 vitiosas
3350 3190 3415 3230 ac
3446 3175 3576 3229 libi-

308 3274 372 3324 ὲν
402 3271 533 3341 ἡμῖν
563 3269 687 3334 τοὺς
722 3268 992 3338 ἐμπαθεῖς
1029 3266 1344 3336 λογισμούς.
1374 3262 1514 3321 Εἶτα
1562 3267 1649 3321 διὰ
1672 3267 1887 3323 ’τούτων

306 3357 676 3431 πολεμοῦντες
707 3358 802 3412 τὸν
838 3357 997 3420 νοῦν,
1044 3355 1389 3419 ἐκϐιάζονται
1439 3356 1603 3409 αὑτὸν
1645 3359 1724 3420 είς
1757 3374 1888 3425 συγ-

304 3456 605 3511 κατάθεσιν
664 3454 839 3507 ὲλθεῖν
897 3452 998 3523 τῆς
1055 3452 1350 3522 ἁμαρτίας.
1419 3452 1775 3523 Ἦττηθέντος
1830 3453 1888 3506 δὲ

306 3551 501 3617 αὐτοῦ,
554 3551 785 3621 ἄγουσιν
832 3552 913 3615 είς
951 3549 1051 3620 τὴν
1095 3549 1237 3604 κατά
1296 3549 1535 3604 διάνοιαν
1586 3551 1888 3621 ἁμαρτίαν.

308 3646 425 3700 Καὶ
464 3645 670 3717 ταύτης
698 3642 1155 3713 ἀποτελεσθείσης
1175 3682 1191 3707 ,
1227 3642 1486 3714 φέρουσιν
1512 3643 1676 3697 αὐτδν
1702 3643 1888 3697 λοιπὺν

312 3735 657 3805 αἰχμάλωτον
682 3734 762 3797 εἰς
789 3732 889 3803 τήν
922 3732 1141 3802 πρᾶξιν.
1174 3733 1330 3786 Μετά
1350 3732 1407 3786 δὲ
1439 3732 1645 3804 ταύτην
1679 3733 1887 3799 λοιπὸν,

311 3828 362 3879 οἱ
396 3824 495 3895 τὴν
529 3824 710 3895 ψυχὴν
748 3823 835 3878 διά
860 3822 968 3877 τῶν
1003 3822 1281 3894 λογισμῶν
1315 3822 1706 3894 ἐρημώσαντες
1726 3863 1740 3888 ,
1792 3824 1890 3877 σὺν

310 3915 501 3979 αὐτοῖς
545 3912 913 3985 ὑποχωροῦσι.
948 3912 1116 3967 Μένει
1173 3913 1230 3966 δὲ
1269 3914 1428 3983 μόνον
1479 3915 1537 3966 ὲν
1584 3912 1661 3984 τῷ
1713 3913 1788 3984 νῷ
1828 3914 1891 3966 τὸ

310 4005 537 4059 εἴδωλον
572 4005 672 4076 τῆς
716 4003 994 4075 ἁμαρτίας
1020 4042 1034 4069 ,
1088 4004 1218 4075 περὶ
1248 3998 1309 4059 οὗ
1360 4021 1526 4075 φησιν
1578 4007 1606 4059 ὁ
1644 4007 1848 4076 Κύριος
1873 4022 1888 4036 ·

313 4098 508 4149 Ὅταν
555 4096 720 4164 ιδητε
750 4096 818 4150 τὸ
847 4094 1165 4164 βδέλυγμα
1192 4094 1303 4163 τῆς
1322 4096 1675 4166 ἐρημώσεως
1702 4098 1892 4165 ἑστὼς

311 4188 390 4240 ἐν
417 4187 578 4254 τόπῳ
612 4187 780 4257 ἁγίῳ,
812 4190 844 4241 ὁ
881 4185 1316 4257 ἀναγινώσκων
1347 4190 1555 4243 νοείτω
1575 4207 1589 4221 ·
1614 4192 1696 4244 ὅτι
1728 4192 1893 4255 τόπος

313 4278 474 4346 ἅγιος
504 4279 599 4331 καὶ
622 4278 747 4341 ναὸς
779 4277 939 4342 Θεοῦ,
977 4279 1012 4331 ὁ
1037 4277 1162 4343 νοῦς
1194 4278 1432 4351 ὑπάρχει
1458 4280 1563 4334 τοῦ»
1581 4282 1893 4355 ἀνθρώπου,

313 4370 375 4420 ἑν
501 4368 551 4420 οἱ
583 4368 836 4438 δαίμονες
879 4368 965 4422 διά
1015 4369 1125 4423 τῶν
1163 4370 1427 4438 ὲμπαθῶν
1475 4372 1749 4445 λογισμῶν
1794 4375 1894 4447 τὴν

310 4456 497 4527 ψυχὴν
525 4457 930 4529 ἐρημώσαντες,
961 4457 1023 4517 τὸ
1047 4458 1263 4511 εἴδωλον
1286 4460 1388 4530 τῆς
1426 4461 1699 4532 ἁμαρτίας
1728 4464 1890 4535 ἕστη-

1991 3270 2214 3324 dinosas
2249 3269 2304 3322 in
2339 3267 2502 3321 nobis
2535 3268 2898 3337 cogitationes
2929 3267 3287 3322 exsuscitent.
3321 3266 3578 3338 Tumque

1989 3376 2090 3430 per
2122 3361 2242 3414 illas
2277 3360 2521 3413 animum
2560 3358 2969 3428 impugnantcs,
3000 3358 3056 3412 in
3090 3359 3301 3428 peccati
3334 3374 3573 3414 consen-

1990 3468 2110 3507 sum
2160 3459 2387 3521 cogunt.
2424 3451 2611 3520 quue
2657 3459 2949 3519 superato,
2986 3450 3040 3503 in
3091 3458 3378 3519 peccatum
3421 3451 3574 3519 quod

1990 3545 2194 3598 mentis
2270 3543 2513 3613 cogitatu
2572 3542 2772 3611 agitur,
2844 3541 3092 3595 trahunt.
3145 3540 3266 3606 Quo
3345 3540 3573 3595 demum

1990 3644 2235 3706 peracto,
2272 3634 2550 3703 captivum
2578 3632 2633 3686 in
2651 3633 2924 3686 actionem
2950 3646 3014 3686 ac
3034 3648 3175 3702 opus
3200 3632 3404 3685 ferunt.
3443 3632 3573 3688 Post

1991 3727 2265 3783 actionem
2292 3739 2424 3780 vero
2449 3741 2514 3780 ac
2542 3740 2701 3794 opus,
2725 3724 2820 3793 qui
2855 3723 3113 3779 immissis
3143 3724 3577 3795 cogitationibus

1991 3820 2228 3874 animam
2273 3818 2697 3881 desolaverunt,
2739 3832 2864 3871 cum
2913 3816 2996 3871 eis
3037 3815 3334 3882 secedunt;
3385 3826 3574 3871 manet

1990 3928 2123 3967 vero
2149 3911 2205 3966 in
2234 3920 2417 3965 mente
2448 3910 2627 3963 solum
2656 3910 2817 3963 inane
2846 3908 3057 3977 peccati
3091 3909 3470 3973 simulacrum,
3501 3909 3574 3963 de

1991 4018 2101 4073 quo
2150 4002 2226 4056 ait
2272 4002 2537 4055 Dominus
2592 4017 2604 4053 :
2659 3998 2795 4054 Cum
2843 3999 3077 4053 videritis
3126 4000 3573 4054 abominationem

1992 4096 2331 4151 desalationis
2363 4103 2592 4147 stantem
2619 4095 2671 4146 in
2706 4093 2814 4146 loco
2840 4100 3055 4157 sancto;
3083 4094 3172 4163 qui
3204 4092 3345 4162 legit,
3372 4092 3577 4147 intelli-

1993 4186 2180 4259 gat“;
2229 4201 2459 4255 nempe,
2494 4186 2675 4239 locum
2725 4194 2974 4237 sanctum
3022 4170 3086 4238 ac
3127 4184 3223 4238 Dei
3273 4184 3572 4253 templum,

1993 4294 2114 4334 esse
2142 4277 2382 4332 hominis
2409 4278 2654 4331 animum
2680 4290 2776 4330 seu
2801 4284 3064 4338 mentem,
3084 4276 3138 4329 in
3165 4291 3277 4345 qua
3297 4276 3579 4331 daamones

1993 4385 2093 4439 per
2118 4369 2444 4423 libidinosas
2466 4367 2830 4438 cogitationes
2857 4367 3102 4421 desolata
3132 4367 3333 4432 anima,
3361 4370 3578 4437 peccati

1997 4462 2203 4516 idolum
2235 4467 2567 4515 statuerunt.
2597 4458 2724 4514 Haec
2751 4474 2883 4513 vero
2914 4459 3081 4512 etiam
3111 4459 3265 4529 juxta
3297 4459 3375 4513 rei
3409 4470 3582 4530 gesta;

316 4526 596 4602 σανξὍτι
707 4549 801 4601 καὶ
830 4549 1115 4618 ίστορικῶς
1136 4549 1233 4620 ἠδη
1262 4526 1437 4604 ταῦτα
1460 4526 1700 4621 γέγονεν,
1719 4526 1883 4620 οὐδείς

2000 4551 2164 4607 iidem
2204 4553 2313 4621 jam
2339 4551 2622 4615 evenisse,
2656 4566 2840 4617 nemo,
2875 4551 3138 4615 arbitror,
3172 4550 3442 4619 ambiget,
3478 4551 3581 4619 qui

313 4638 430 4692 τῶν
467 4639 537 4693 τὰ
576 4640 908 4711 Ἱωσήππεια
935 4640 1321 4709 ἀνεγνωκότων
1342 4683 1358 4709 ,
1400 4642 1475 4706 ὡς
1499 4640 1656 4713 οἶμαι
1676 4688 1691 4712 ,
1723 4649 1895 4717 ἀμφι-

1994 4642 2171 4697 libros
2199 4658 2226 4695 a
2254 4642 2495 4712 losepho
2521 4643 2867 4713 conscriptos
2891 4643 3086 4712 legerit
3115 4640 3197 4709 (ι).
3228 4640 3367 4695 Sunt
3391 4650 3581 4696 tamen

317 4730 529 4785 ϐάλλει.
580 4731 728 4802 Πλὴν
775 4733 921 4795 τινές
952 4749 1084 4802 φασι
1130 4734 1225 4787 καὶ
1254 4735 1348 4788 ἐπὶ
1384 4736 1479 4789 τοῦ
1521 4737 1883 4810 Ἀντιχρίστοι

1999 4737 2095 4807 qui
2114 4745 2373 4807 tempore
2406 4735 2765 4800 Antichristi,
2790 4737 2906 4789 haec
2934 4734 3129 4789 eadem
3155 4734 3341 4788 futura
3367 4733 3561 4787 dicant

310 4820 489 4877 ταῦτα
508 4822 854 4893 γενήσεσθαι.

388 4912 489 4984 λβ’.
524 4914 665 4984 Τρία
690 4914 801 4968 eici
827 4913 897 4968 τὰ
925 4915 1179 4969 κινοῦντα
1200 4915 1347 4986 ἡμᾶς
1382 4917 1473 4970 ἐπὶ
1506 4916 1576 4971 τὰ
1600 4919 1745 4973 καλά
1767 4938 1780 4952 ·
1825 4919 1897 4974 τὰ

276 5081 283 5085 _
316 5004 528 5071 φυσικά
565 5005 859 5077 σπέρματα
880 5020 896 5035 ο
928 5004 987 5058 αἱ
1014 5003 1167 5073 ἅγιαι
1210 5006 1502 5076 Δυνάμεις,
1536 5008 1685 5078 καὶὴ
1713 5010 1891 5081 ἀγαθὴ

314 5093 661 5165 προαίρεσις.
690 5092 804 5148 Καὶ
840 5092 909 5147 τὰ
937 5092 1035 5162 μὲν
1062 5094 1271 5161 φυσικὰ
1316 5094 1629 5165 σπέρματα,
1667 5097 1742 5162 ὼς
1767 5098 1894 5151 ὅταν

324 5292 349 5314 σ
394 5232 445 5265 ⁸⁵
468 5231 643 5288 Galat.
682 5247 763 5296 nr,
790 5231 885 5285 28.
958 5232 1005 5264 “
1033 5233 1228 5288 Matth.
1260 5250 1407 5298 xxxv,
1443 5232 1535 5288 15.

385 5351 424 5369 ⁶⁴
450 5346 607 5403 Orat.
637 5347 705 5403 15
733 5356 791 5403 et
813 5348 967 5415 alibi,
992 5348 1081 5414 '59,
1115 5348 1203 5404 49.

390 5460 458 5532 (ε)
497 5461 660 5515 Ἐπεὶ
693 5462 750 5532 τί
776 5462 900 5531 ἔχει
922 5462 1283 5531 παράδοξον.
1317 5462 1475 5529 Quod
1504 5463 1770 5519 Maximus
1799 5465 1893 5519 in-

316 5532 659 5603 conveniens
684 5531 843 5603 aii‘ert
894 5533 1161 5588 adversus
1184 5533 1505 5595 Tritheitas,
1550 5534 1697 5603 quod
1738 5535 1890 5589 nulla

318 5602 663 5673 majorrurnio
695 5602 938 5673 sitjuxta
970 5602 1115 5673 illos,
1158 5603 1283 5657 Filii
1320 5619 1443 5657 cum
1472 5602 1655 5669 Patre,
1718 5621 1885 5673 quam

319 5682 408 5727 est
437 5672 532 5725 lilii
562 5671 803 5743 hominis
822 5683 947 5726 cum
980 5672 1207 5743 homine
1238 5682 1415 5742 patre,
1448 5672 1501 5726 id
1520 5689 1650 5727 vero
1681 5671 1885 5743 Obsop.

320 5749 591 5795 assertum
638 5741 803 5813 facit,
840 5756 904 5795 ac
946 5742 1015 5813 si_
1051 5741 1253 5797 doceat
1276 5743 1562 5804 Maximus.
1613 5746 1759 5813 quod
1788 5741 1890 5799 nec

320 5814 465 5866 forte
523 5811 911 5880 grammaticus
951 5810 1311 5877 admitteret,
1359 5828 1463 5867 nec
1522 5810 1663 5867 alius
1702 5831 1767 5868 ex
1826 5832 1891 5869 ea

1986 5675 2324 5737 emendavit,
2348 5692 2411 5731 ac
2451 5675 2534 5730 sic

2070 4920 2159 4974 52.
2187 4919 2312 4974 Tria
2340 4927 2466 4975 sunt
2497 4934 2598 4973 nos
2623 4918 2688 4973 ad
2718 4933 2787 4972 ea
2810 4932 2931 4988 quae
2956 4917 3188 4971 honesta
3216 4924 3347 4969 sunt
3369 4930 3431 4969 ac
3458 4914 3584 4968 oﬂi~

1999 5011 2072 5065 cii
2133 5010 2521 5080 provocantia;
2556 5009 2827 5065 naturalia
2861 5008 3073 5063 scilicet
3104 5008 3342 5070 semina,
3374 5014 3584 5060 sanctae

1999 5101 2268 5167 Virtutes,
2311 5112 2370 5157 et
2407 5102 2553 5157 bona
2594 5100 2881 5157 voluntas.
2913 5098 2994 5154 Ac
3036 5098 3259 5168 quidem
3303 5096 3585 5151 naturalia

1986 5464 2196 5519 schola.
2239 5465 2381 5519 Nam
2406 5465 2486 5520 sic
2518 5465 2731 5521 reddit:
2766 5462 3225 5531 Quemadmodum
3254 5462 3395 5515 enim
3413 5463 3576 5515 homo

1986 5536 2186 5607 [omini
2220 5538 2398 5589 unitas
2445 5545 2641 5607 catae:
2690 5545 3038 5607 segregatus,
3088 5535 3164 5586 sic
3208 5533 3370 5607 etiam
3410 5531 3581 5607 ~Patri

1987 5604 2179 5676 Filius,
2215 5616 2265 5658 et
2331 5606 2464 5660 nihil
2520 5606 2660 5676 plus.
2715 5601 3027 5676 S'ed'bene
3075 5612 3179 5667 est,
3216 5602 3362 5671 quod
3401 5601 3579 5656 Gesn.

2242 5676 2324 5755 fit.
2348 5692 2411 5731 ac
2435 5675 2768 5755 _sic‘pu_tida_
2800 5675 3099 5755 sustulit;

2061 5744 2146 5815 (τ)
2195 5746 2362 5801 Libro
2423 5746 2500 5800 De
2547 5740 2679 5802 b'ello
2732 5746 2979 5801 Iudaico.
3037 5742 3176 5798 Vide
3245 5741 3445 5796 Baron.
3500 5740 3580 5793 ad-

1987 5830 2079 5868 an.
2112 5816 2201 5868 68.
