4076 6420
570 391 681 460 995
1742 391 1807 450 S.
1849 386 2137 449 MAXIMI

2257 385 2687 447 DNFESSORIS
2918 386 2925 393 '
3709 399 3793 465 995

573 508 808 571 semina,
833 515 917 570 ut,
948 516 1074 559 cum
1102 501 1163 559 id
1200 503 1347 574 quod
1382 504 1636 558 volumus
1671 511 1733 556 ut
1763 502 1968 556 faciant
1999 500 2155 556 nobis

2262 499 2290 552 ὀ
2318 500 2546 571 θέλομεν
2588 502 2673 554 ἴνα
2709 501 2938 554 ποιῶσιν
2970 503 3103 573 ἡμῖν
3134 500 3186 555 oi
3223 490 3515 573 ἄνθρωποι,
3549 510 3635 560 καὶ
3658 515 3795 582 ἡμεῖς

573 600 859 658 homines.
900 614 1004 653 nos
1041 612 1264 667 quoque
1310 596 1422 651 illis
1465 596 1722 651 similiter
1762 594 2060 649 fecerimus
2080 593 2155 659 M;

2261 593 2461 662 ὁμοίως
2497 595 2741 663 ποιῶμεν
2769 594 2952 657 αὐτοῖς
2976 607 2990 623 ⁸
3045 595 3077 664 ἢ
3116 594 3193 658 ὡς
3246 595 3374 649 ὅταν
3406 596 3597 668 ἴδωμέν
3616 619 3723 657 τινα
3748 612 3795 662 ἐν

571 696 690 758 vel,
732 701 795 746 ut
833 708 961 748 cum
1008 692 1250 761 aliquem
1291 691 1347 745 in
1395 689 1653 759 angustia
1692 697 1787 742 aut
1832 687 2155 743 necessitate

2264 684 2519 737 στενώσει
2550 686 2581 755 ἢ
2644 686 2702 738 ὲν
2750 687 2962 757 ἀνάγκῃ
2992 726 3006 748 ,
3060 687 3157 739 καὶ
3192 686 3436 755 φυσικῶς
3473 689 3711 761 ἐλεῶμεν.
3742 698 3796 752 Αἱ

572 788 857 851 videntes,
903 786 1086 851 illius,
1128 784 1367 839 naturali
1422 783 1593 837 ductu
1645 790 1809 850 atque
1861 780 2155 843 instinctu,

2259 775 2317 829 δὲ
2356 778 2506 847 amt
2544 778 2849 848 Δυνάμεις,
2885 775 2997 833 οἷον
3045 780 3173 833 ὅταν
3206 779 3512 850 κινούμενοι
3560 787 3644 839 ἐπὶ
3668 790 3797 861 καλῷ

572 881 784 934 miserti
828 880 1123 935 fuerimus.
1159 877 1370 933 Sanctae
1412 883 1596 931 autem
1641 874 1898 937 virtutes,
1932 882 1994 926 ut
2034 888 2155 927 cum

2261 871 2570 945 πράγματι,
2606 870 2857 942 εὕρωμεν
2887 872 3180 943 συνεργίαν
3210 872 3440 943 ἀγαθὴν,
3484 878 3575 930 καὶ
3627 896 3800 934 κατευ-

572 974 867 1027 honestum
901 971 1109 1040 aliquid
1128 984 1192 1024 ac
1221 968 1384 1023 ofﬁcii
1420 968 1682 1038 aggressi,
1703 966 1910 1020 bonum
1943 964 2155 1035 adjuto-

2260 962 2531 1033 οδὼμεθα.
2575 962 2640 1016 Ἠ
2687 963 2742 1016 δὲ
2772 964 2951 1035 ἀγαθὴ
2996 965 3345 1036 προαίρεσις,
3376 965 3449 1030 ὡς
3473 967 3594 1023 ὅταν
3620 971 3801 1045 διακρί-

573 1067 717 1119 rium
756 1064 1157 1127 invenerimus,
1189 1076 1391 1131 resque
1420 1060 1583 1114 nobis
1615 1073 1879 1129 prospere
1908 1056 2155 1112 cesserit.

2262 1071 2445 1118 νοντες
2500 1055 2607 1108 ἀπὸ
2661 1054 2756 1109 τοῦ
2808 1056 2979 1110 κακοῦ
3036 1057 3098 1111 τὸ
3166 1057 3371 1124 καλὸν,
3427 1059 3698 1132 αἱρώμεθα
3750 1069 3801 1120 τὸ

572 1157 720 1211 Bona
764 1156 1005 1224 denique
1055 1155 1348 1217 voluntas,
1397 1161 1457 1206 ut
1501 1166 1627 1207 eum
1678 1150 1887 1205 bonum
1936 1164 1970 1203 a
2017 1150 2163 1203 malo
2261 1146 2488 1215 ἀγαθόν.

572 1246 973 1308 discernentes,
1000 1244 1053 1297 id
1080 1243 1227 1313 quod
1254 1250 1339 1297 est
1367 1242 1571 1295 bonum
1599 1240 1953 1310 elegerimus.

643 1335 731 1388 55.
763 1333 892 1388 Tria
929 1349 1126 1387 rursus
1160 1341 1290 1387 sunt
1319 1347 1439 1400 quae
1475 1347 1577 1384 nos
1609 1338 1832 1383 movent
1864 1329 1931 1383 ad
1968 1328 2108 1383 mala
2144 1346 2158 1381 :

570 1446 770 1500 nempe
814 1431 1046 1484 ati'eetus
1097 1445 1193 1483 seu
1266 1427 1743 1497 perturbationes,
1784 1426 2062 1481 daemones
2106 1433 2164 1480 et

573 1524 716 1577 mala
740 1523 1016 1576 voluntas.
1041 1520 1118 1575 Ac
1144 1520 1367 1590 quidem
1399 1520 1631 1574 aﬂ‘ectus
1661 1536 1757 1574 seu
1791 1519 2163 1588 perturbatio-

572 1632 706 1679 nes,
741 1624 802 1668 ut
835 1630 959 1667 cum
994 1613 1165 1667 invita
1200 1612 1443 1675 ratione,
1478 1610 1557 1665 rei
1591 1611 1825 1681 alicujus
1861 1610 2161 1679 cupiditate

572 1709 859 1772 ducimur;
898 1714 1029 1775 puta
1061 1704 1193 1768 cibi,
1224 1712 1424 1772 praiter
1454 1717 1617 1773 quam
1654 1700 1802 1771 quod
1833 1702 1918 1755 vel
1953 1715 2155 1770 oppor-

2262 1700 2453 1771 καιρὸν
2481 1741 2494 1764 ,
2532 1702 2563 1771 ἢ
2596 1700 2747 1772 παρὰ
2801 1702 2900 1771 τὴν
2945 1702 3135 1772 χρείαν
3158 1743 3172 1768 ,
3219 1705 3253 1775 ἢ
3285 1696 3544 1772 γυναικὸς
3574 1706 3712 1776 παρὰ
3732 1707 3807 1757 τὶν

573 1810 768 1854 tunum
817 1790 1064 1866 tempus,
1097 1796 1183 1849 vel
1222 1796 1372 1865 justa
1416 1793 1721 1848 necessitas
1764 1792 2031 1857 suaserit;
2073 1792 2155 1845 vel

2265 1791 2467 1846 σκοπὸν
2494 1793 2594 1862 τῆς
2623 1794 2990 1858 παιδοποιίας,
3025 1794 3119 1847 καὶ
3149 1794 3248 1864 τῆς
3302 1795 3378 1865 μὴ
3428 1795 3673 1865 νομίμου.
3717 1796 3808 1848 Καὶ

575 1884 762 1938 uxoris
793 1883 904 1936 alio
942 1881 1045 1936 line
1077 1896 1240 1950 quam
1277 1880 1615 1950 suscipiendi
1652 1880 1888 1944 liberos,
1921 1888 2017 1933 aut
2049 1895 2155 1934 non

2267 1882 2472 1949 πάλιν,
2515 1886 2646 1937 ὅταν
2696 1884 3081 1956 ὀργιζώμεοα,
3134 1885 3166 1957 ἦ
3226 1886 3529 1956 λυπώμεθα
3580 1887 3719 1959 παρὰ
3760 1888 3809 1940 τὲ

568 1976 734 2048 415
775 1976 1035 2045 legitima:
1071 1975 1356 2045 conjugis,
1393 1990 1457 2029 ac
1498 1989 1710 2036 rursus,
1763 1989 1888 2028 cum
1932 1982 2027 2026 aut
2063 1974 2155 2028 irzu

2266 1975 2413 2038 εἰκός
2436 1991 2449 2005 ’
2491 1970 2622 2040 οἷον,
2657 1977 2801 2029 κατὰ
2827 1977 2922 2031 τοῦ
2960 1978 3348 2048 ἀτιμάσαντος,
3376 1976 3409 2049 ἢ
3442 1978 3806 2049 ζημιώσαντος.

570 2080 667 2124 aut
693 2070 931 2123 tristitixe
964 2069 1360 2123 indulserimus
1389 2084 1551 2123 secus
1578 2083 1642 2123 ac
1666 2069 1853 2133 decet;
1885 2076 2039 2137 puta,
2065 2066 2155 2122 ad-

2266 2068 2327 2120 Οί
2354 2066 2409 2120 δὲ
2439 2066 2716 2137 δαίμονες,
2748 2062 2859 2122 οἷον
2885 2069 3012 2122 ὅταν
3049 2071 3107 2122 ὲν
3132 2072 3198 2141 τῇ
3246 2069 3479 2141 ἀμελείᾳ
3508 2069 3675 2140 ἡμῶν,
3709 2088 3812 2124 καιο

570 2177 768 2216 versus
791 2177 917 2215 eum
948 2161 1042 2231 qui
1075 2160 1281 2231 probro
1313 2159 1517 2224 affecit,
1543 2169 1641 2213 aut
1662 2159 1924 2213 damnum
1952 2158 2155 2212 intulit.

2266 2158 2663 2230 ροσκοποῦντες
2707 2159 3057 2214 ὲπιτίθωνται
3099 2163 3231 2233 ἡμῖν
3278 2161 3437 2230 ἄφνω
3474 2161 3607 2232 μετὰ
3639 2162 3810 2233 πολλῆς

570 2254 858 2309 Daemones
879 2268 1031 2316 vero,
1057 2262 1117 2306 ut
1140 2268 1264 2307 cum
1290 2252 1453 2306 nobis
1475 2252 1846 2322 negligentius
1872 2253 2155 2322 agentibus

2266 2251 2632 2323 σφοδρότητος
2680 2251 2963 2319 κινοῦντες
3016 2255 3086 2308 τὰ
3136 2255 3518 2326 προειρημένα
3547 2254 3706 2325 πάθη,
3735 2257 3812 2308 καὶ

572 2344 918 2399 occasionem
948 2351 1251 2412 captantes,
1275 2343 1577 2414 derepente
1601 2358 1797 2413 magna
1816 2344 2155 2398 vehementia

2265 2343 2336 2397 τὰ
2357 2345 2539 2413 ὅμοια.
2574 2344 2639 2396 Ἢ
2665 2344 2721 2398 δὲ
2745 2344 2890 2416 κακὴ
2915 2346 3256 2417 προαίρεσις,
3284 2341 3419 2413 οἷον,
3446 2347 3535 2400 ὅτε
3566 2348 3621 2400 ὲν
3640 2346 3811 2416 γνώσει

572 2451 638 2490 ac
671 2436 878 2504 impetu
916 2436 969 2488 in
1006 2450 1107 2488 nos
1139 2434 1473 2499 invaserint,
1507 2434 1807 2499 movendo,
1837 2451 1976 2504 quos
2011 2435 2155 2501 dixi,

2264 2435 2359 2489 τοῦ
2392 2434 2583 2500 καλοῦ,
2617 2437 2805 2492 κακῶν
2843 2436 3252 2509 ἀνθαιρὼμεθα.
3332 2442 3339 2451 ‘

571 2533 826 2597 allectus,
859 2542 1024 2602 atque
1056 2532 1143 2586 his
1176 2531 1406 2587 similes.
1442 2531 1579 2587 Mala
1606 2532 1847 2602 denique
1877 2532 2150 2597 voluntas,
2194 2540 2253 2588 ut
2276 2548 2402 2588 cum
2428 2532 2648 2604 cognito
2668 2534 2814 2603 quod
2838 2534 3132 2589 honestum
3157 2534 3229 2590 sit
3249 2551 3315 2591 ac
3348 2534 3534 2601 ollicii,
3582 2549 3686 2605 pra:
3735 2533 3810 2587 illo

570 2634 754 2681 tamen
781 2624 981 2677 malum
1009 2621 1283 2692 eligimus.

644 2714 733 2768 54.
772 2712 1083 2776 Laborum,
1125 2725 1265 2780 quos
1306 2710 1530 2764 virtutis
1577 2725 1743 2765 causa
1787 2709 2155 2780 suscipimus,

569 2805 817 2875 priemia,
846 2801 1232 2873 imperturbati
1264 2802 1434 2855 animi
1471 2802 1844 2872 tranquillitas
1878 2818 1942 2857 ac
1972 2802 2155 2856 scien-

2262 2801 2498 2855 ἀπάθεια
2528 2802 2621 2854 καὶ
2649 2805 2681 2873 ή
2709 2804 2929 2871 γνῶσις.
2969 2799 3137 2858 Αὗται
3170 2806 3279 2876 γὰρ
3321 2807 3573 2877 πρόξενοι
3601 2808 3811 2875 γίνονται

573 2899 666 2954 tia.
696 2896 790 2952 lla:
834 2897 982 2950 enim
1031 2902 1180 2958 sunt,
1209 2910 1331 2964 qua:
1378 2894 1542 2948 nobis
1585 2894 1884 2948 conciliant
1925 2909 2155 2963 regnum

2265 2894 2542 2964 βασιλείας
2575 2895 2821 2966 οὐρανῶν
2846 2912 2859 2927 ·
2893 2896 2968 2959 ὡς
2990 2897 3173 2950 καὶτὰ
3205 2898 3352 2968 πάθη
3384 2898 3477 2952 καὶ
3507 2900 3540 2971 ἡ
3576 2900 3809 2967 ἀγνωσία,

571 2990 871 3051 cmlorum;
914 2983 1379 3054 quemadmodum
1417 2983 1584 3037 etiam
1622 2983 1854 3037 allectus
1892 3000 1989 3037 seu
2029 3001 2155 3053 per-

2268 2986 2541 3049 κολάσεως
2565 2988 2805 3041 αἰωνίου.
2855 2988 2914 3041 '0
2947 2984 3041 3043 οὖν
3078 2989 3305 3053 τούτους
3336 2989 3353 3061 [
3365 2992 3418 3044 in
3452 3008 3555 3045 uno
3579 2989 3698 3062 Reg.
3726 3008 3810 3045 ent.

570 3078 939 3141 turbationes,
979 3091 1043 3130 ac
1096 3076 1437 3147 ignorantia,
1480 3075 1814 3144 supplicium
1861 3085 2153 3130 aeternum.

2265 3078 2493 3150 ταύτας]
2544 3078 2635 3132 διὰ
2684 3079 2841 3144 δόξαν
2887 3077 3193 3151 ἀνθρώπων
3243 3082 3469 3154 ζητῶν,
3512 3084 3606 3138 καὶ
3645 3081 3715 3153 μὴ
3757 3082 3812 3135 δι’

572 3170 678 3237 Qui
707 3169 875 3241 igitur
899 3168 1154 3221 humanae
1182 3166 1374 3235 gloria:
1400 3181 1586 3230 causa,
1612 3166 1697 3220 vel
1728 3167 1858 3231 alio,
1882 3181 2043 3236 quam
2078 3167 2155 3221 rei

2261 3172 2394 3225 αὐτὸ
2419 3170 2480 3224 τὸ
2508 3170 2703 3237 καλὸν,
2751 3173 2939 3226 ἀκούει
2978 3173 3129 3243 παρὰ
3156 3174 3257 3244 τῆς
3286 3176 3519 3247 Γραφῆς
3543 3192 3557 3207 ο
3590 3174 3813 3239 Δίτεῖτε,

571 3263 750 3333 ipsius
781 3260 1117 3322 honestatis,
1148 3258 1256 3312 fine
1275 3298 1289 3322 ,
1316 3258 1432 3312 haec
1463 3258 1662 3327 quaerit
1690 3273 1754 3312 ac
1787 3267 2155 3324 consectatur,

2260 3263 2359 3318 καὶ
2389 3265 2461 3319 οὐ
2488 3263 2824 3334 λαμϐάνετε
2842 3306 2857 3331 ,
2892 3264 3044 3320 διότι
3081 3266 3278 3334 κακῶς
3302 3266 3586 3322 αἰτεῖσθε.

574 3355 675 3409 abs
699 3353 986 3422 Scriptura
1008 3350 1164 3405 audit
1187 3368 1200 3404 :
1222 3349 1431 3415 Petitis,
1456 3360 1504 3404 et
1529 3366 1635 3404 non
1660 3350 1916 3421 accipitis,
1939 3366 1997 3403 eo
2019 3351 2160 3422 quod

574 3443 717 3498 male
743 3444 937 3514 petatis
959 3442 1025 3495 ³⁸.

644 3535 734 3590 '55.
766 3534 933 3588 Multa
973 3539 1125 3595 sunt,
1153 3545 1369 3595 eorum,
1401 3546 1527 3600 quae
1560 3530 1802 3586 humano
1837 3533 2023 3587 studio
2060 3548 2157 3602 ge-

2330 1327 2433 1396 λγ’.
2479 1327 2618 1398 Τρία
2646 1329 2702 1381 δὲ
2729 1329 2889 1383 πάλιν
2935 1326 3041 1384 eici.
3073 1331 3141 1385 τὰ
3179 1330 3432 1387 κινοῦντα
3468 1336 3609 1405 ἡμᾶς
3645 1337 3727 1391 ἐπὶ
3750 1338 3806 1392 τά

2262 1422 2411 1474 κακά
2441 1436 2454 1449 ·
2486 1422 2553 1475 τὰ
2591 1423 2760 1491 πάθη,
2798 1424 2848 1475 οί
2894 1422 3172 1493 δαίμονες,
3211 1427 3305 1479 καὶ
3336 1428 3368 1496 ἡ
3404 1429 3543 1498 κακὴ
3576 1423 3804 1502 προαίρε-

2264 1530 2368 1577 αις.
2405 1514 2513 1567 Καὶ
2541 1513 2613 1567 τὰ
2648 1515 2747 1583 μὲν
2779 1514 2923 1586 πάθη
2948 1556 2961 1577 ,
3002 1516 3080 1579 ὼς
3127 1517 3257 1570 ὅταν
3288 1518 3639 1590 ἐπιθυμῶμεν
3683 1524 3804 1591 πρά-

2260 1624 2471 1677 γματος
2514 1608 2667 1679 παρὰ
2712 1608 2873 1676 λόγον
2904 1624 2916 1638 ·
2969 1605 3081 1662 οἷον
3130 1609 3162 1681 ἢ
3202 1609 3516 1681 βρώματος,
3557 1613 3697 1683 παρὰ
3734 1618 3806 1666 τεν

2336 2710 2428 2765 λδ’.
2486 2711 2686 2765 Μισοοὶ
2744 2712 2851 2764 τῶν
2923 2713 3100 2766 πίνων
3156 2713 3258 2783 τῆς
3316 2715 3557 2787 ἀρετῆς,
3609 2716 3735 2768 εἰσὶν
3783 2716 3811 2784 ἡ

2328 3531 2425 3587 λε’.
2461 3531 2586 3584 Eiet
2631 3530 2802 3586 πολλά
2832 3549 2956 3586 τινα
2989 3531 3151 3601 φύσει
3184 3535 3329 3589 καλὰ
3357 3533 3465 3589 ὑπο
3499 3534 3608 3589 τῶν
3631 3530 3814 3605 ἀνθρώι

2262 3638 2377 3677 πων
2406 3623 2691 3701 γινόμενα,
2738 3624 2854 3678 ἀλλ’
2885 3624 2946 3677 οὐ
2981 3624 3124 3680 καλὰ
3151 3625 3315 3679 πάλιν
3346 3626 3442 3680 διά
3476 3643 3599 3681 τινα
3621 3625 3811 3679 ιιίτίιιν⁸

2258 3710 2390 3779 οἷον,
2438 3715 2660 3785 νηστεία
2707 3716 2802 3769 καὶ
2860 3717 3157 3787 ἀγρυπνία,
3199 3720 3483 3790 προσευχὴ
3527 3718 3620 3773 καὶ
3657 3717 3819 3788 ψαλμ-

2258 3805 2426 3877 ῳδία,
2456 3807 2792 3879 ἐλεημοσύνη
2824 3809 2918 3862 καὶ
2952 3808 3246 3880 ξενοδοχία,
3298 3812 3465 3879 φύσει
3512 3808 3649 3864 καλὰ
3697 3807 3814 3878 ἔργα

2258 3900 2396 3953 εἰσίν
2416 3916 2431 3933 ο
2489 3901 2605 3955 ἀλλ’
2656 3902 2786 3956 ὅταν
2836 3902 2924 3956 διὰ
2957 3900 3267 3967 κενοδοξίαν
3290 3902 3560 3973 γίνωνται
3582 3940 3596 3966 ,
3628 3901 3723 3955 οὐκ
3747 3898 3815 3951 ἔτι

2258 3992 2420 4048 καλά.

573 3637 794 3691 runtur,
826 3635 1022 3680 natura
1052 3640 1153 3679 sua
1182 3623 1324 3677 bona
1353 3632 1520 3693 atque
1549 3623 1801 3690 honesta,
1831 3626 1947 3695 ipsa
1976 3633 2158 3681 tamen

573 3734 769 3775 rursus
796 3719 980 3788 aliqua
1008 3731 1078 3772 ex
1104 3732 1271 3771 causa
1299 3732 1413 3770 non
1440 3716 1584 3771 bona
1614 3733 1677 3771 ac
1730 3717 1992 3784 honesta;
2025 3727 2156 3790 puta

569 3812 840 3885 jejunium
865 3819 921 3864 et
941 3809 1162 3881 vigiliae,
1185 3808 1362 3863 oratio
1384 3817 1441 3863 et
1464 3809 1788 3878 psalmodia,
1810 3810 2157 3882 eleemosyna

572 3912 630 3961 et
652 3904 1020 3975 hospitalitas,
1043 3917 1212 3972 opera
1244 3908 1376 3957 sunt
1400 3912 1598 3957 natura
1625 3902 1767 3957 bona
1797 3913 1961 3973 atque
1986 3903 2157 3958 hone-

574 4006 687 4062 sta;
716 3996 834 4065 ipsa
868 4004 1049 4048 tamen
1085 4009 1195 4047 non
1226 3993 1462 4062 amplius
1489 3992 1634 4047 bona
1657 4008 1723 4047 ac
1750 3993 2002 4060 honesta,
2030 4008 2156 4049 cum

574 4088 755 4143 inanis
781 4087 967 4157 gloria:
996 4084 1179 4140 studio
1207 4083 1360 4139 fiant.
3742 4132 3747 4137 ,

643 4177 731 4233 56.
766 4175 1045 4238 Omnium,
1079 4188 1201 4241 quae
1244 4189 1276 4227 a
1312 4173 1473 4229 nobis
1511 4181 1770 4244 aguntur,
1804 4173 1952 4229 Deus
1989 4173 2155 4228 finem

2326 4170 2437 4237 λς’.
2485 4171 2711 4224 Πάντων
2755 4167 2867 4223 τῶν
2919 4169 3308 4241 πραττομένων
3367 4170 3461 4237 ὑφ’
3523 4168 3677 4240 ἡμῶν
3737 4165 3813 4219 τὸν

570 4268 789 4338 quaerit,
816 4267 932 4321 sive
967 4273 1196 4336 propter
1238 4264 1440 4335 ipsum,
1467 4266 1585 4321 sive
1624 4267 1707 4340 ob.
1731 4266 1893 4321 aliam
1930 4281 2151 4321 causam

2259 4262 2463 4317 σκοπὸν
2494 4262 2650 4332 ζητεῖ
2676 4263 2705 4313 ὁ
2729 4261 2861 4324 Θεός
2881 4278 2895 4293 ο
2924 4261 3034 4315 εἶτε
3059 4261 3127 4315 δι’
3159 4261 3323 4315 αὐτὸν
3355 4261 3688 4335 πράττομεν,
3719 4258 3812 4312 εἴτε

571 4361 808 4429 agimus.

2257 4355 2321 4409 δι’
2360 4354 2527 4424 ἀλλην
2566 4355 2764 4407 αίτιαν.

640 4450 730 4505 57.
756 4448 893 4504 Cum
923 4447 1168 4504 audieris
1197 4463 1265 4503 ex
1291 4446 1577 4518 Scriptura
1612 4465 1625 4501 :
1656 4447 1923 4513 Quoniam
1954 4457 2009 4502 tu
2038 4450 2155 4503 red-

2326 4447 2423 4510 λζν.
2460 4446 2573 4514 (l7)
2607 4445 2778 4499 Ὅταν
2832 4444 3076 4517 ἀκούσῃς
3114 4444 3212 4517 τῆς
3257 4447 3489 4517 Γραφῆς
3539 4444 3808 4515 λεγούσης·

572 4542 662 4595 des
692 4540 973 4611 unicuique
1002 4539 1293 4593 secundum
1320 4555 1482 4609 opera
1510 4555 1609 4592 sua
1632 4538 1708 4603 u;
1741 4553 1872 4593 eave
1906 4538 1980 4593 ita
2009 4538 2155 4593 acci—

2257 4538 2386 4591 Ὄτι
2406 4536 2489 4591 σὺ
2518 4536 2854 4603 ἀποδώσεις
2876 4536 3112 4604 ἑκάστῳ
3138 4537 3289 4591 κατὰ
3324 4540 3403 4593 τὰ
3430 4540 3579 4609 ἔργα
3615 4533 3808 4590 αὑτοῦ·

572 4634 713 4703 pias,
740 4640 802 4687 ut
831 4631 1135 4687 secundum
1167 4646 1252 4697 ea,
1284 4646 1408 4700 quae
1436 4644 1548 4684 non
1580 4639 1731 4685 recto
1757 4639 1995 4700 aguntur
2025 4630 2153 4697 fine,

2257 4630 2312 4683 οὐ
2356 4628 2424 4682 τά
2464 4630 2619 4698 παρὰ
2649 4628 2741 4681 τὸν
2774 4628 2937 4698 ὀρθὸν
2968 4628 3174 4682 σκοπὸν
3206 4630 3564 4700 πραττόμενα
3588 4670 3604 4695 ,
3650 4629 3695 4680 εί
3734 4625 3811 4678 καὶ

571 4725 741 4780 etiam
771 4723 815 4778 si
840 4723 985 4777 bona
1012 4720 1308 4776 videantur
1335 4735 1401 4774 ac
1433 4719 1687 4785 honesta,
1713 4718 1860 4773 Deus
1891 4719 2035 4773 bona
2065 4734 2155 4774 re-

2257 4721 2401 4775 δοκεῖ
2444 4721 2588 4775 καλὰ
2619 4717 2780 4788 εἶναι,
2809 4723 2837 4775 ὁ
2863 4722 2996 4787 Θεὸς
3025 4722 3165 4776 καλὰ
3196 4723 3533 4778 ἀποδίδωσιν
3551 4739 3566 4753 ·
3605 4719 3730 4777 ἀλλὰ
3754 4716 3812 4770 τὰ

572 4814 809 4877 tribuat;
852 4811 949 4866 sed
989 4810 1293 4866 secundum
1333 4825 1398 4864 ea
1440 4808 1649 4877 utique,
1675 4823 1797 4877 qua;
1827 4807 1966 4862 fiunt
1997 4816 2147 4863 recto

2257 4812 2398 4866 κατὰ
2426 4812 2514 4867 τὸν
2560 4813 2720 4883 ὀρθὸν
2762 4814 3025 4886 δηλονότι.
3074 4816 3150 4869 Οὐ
3188 4815 3297 4887 γὰρ
3325 4818 3410 4882 εἰς
3442 4816 3514 4869 τὰ
3553 4814 3807 4883 γινόμεναι

571 4904 699 4959 fine.
744 4904 841 4959 Dei
887 4903 1034 4958 enim
1071 4902 1341 4973 judicium
1388 4916 1497 4954 non
1550 4899 1666 4969 ipsa
1717 4898 1979 4964 attendit,
2022 4913 2146 4969 qua:

2257 4905 2369 4959 ἀλλ’
2397 4907 2477 4968 εἰς
2515 4906 2607 4959 τὸν
2635 4907 2836 4961 σκοπὸν
2859 4907 2970 4961 τῶν
2999 4908 3321 4979 γινομένων,
3353 4910 3387 4979 ἡ
3418 4907 3517 4962 τοῦ
3554 4905 3685 4961 Θεοῦ
3708 4900 3810 4973 κρί-

570 4996 728 5060 fiunt,
752 4997 849 5051 sed
880 5004 1071 5051 eorum
1095 4994 1258 5050 finem
1284 5009 1349 5050 ac
1375 4992 1738 5063 propositum.

2257 5008 2338 5057 σις
2374 4996 2566 5065 ἐφορᾷ.

638 5087 727 5142 58.
767 5087 1053 5157 Superbia:
1097 5086 1342 5149 dazmon,
1379 5084 1586 5154 duplici
1629 5082 1891 5154 praeditus
1934 5082 2144 5137 malitia

2320 5086 2424 5157 λη’.
2467 5086 2525 5139 '0
2548 5085 2649 5155 τῆς
2676 5084 3056 5155 ὑπερηφανίας
3084 5084 3311 5156 δαίμων,
3343 5086 3544 5156 διπλῆν
3586 5084 3696 5155 ἔχει
3724 5079 3806 5150 τὴν

568 5188 656 5232 est
683 5195 698 5232 :
724 5188 821 5233 aut
843 5179 989 5233 enim
1019 5177 1291 5233 monacho
1323 5183 1518 5230 auctor
1541 5184 1645 5240 est,
1676 5182 1737 5229 ut
1764 5174 1867 5228 sibi
1897 5174 2013 5243 ipse
2036 5173 2151 5227 vir-

2257 5177 2520 5248 πονηρίαν
2544 5195 2557 5208 ⁸
2587 5178 2620 5248 ἢ
2658 5178 2767 5255 γὰρ
2796 5175 2973 5247 ἑαυτῷ
3003 5177 3285 5231 ἀναπείθει
3314 5177 3409 5231 τὸν
3445 5177 3677 5247 μοναχὸν
3709 5175 3808 5255 ἔπιέ

574 5268 709 5323 tutis
734 5284 899 5338 opera
929 5269 1189 5333 ascribat,
1253 5283 1363 5322 non
1399 5274 1578 5321 autem
1605 5266 1737 5331 Deo,
1769 5265 1863 5334 qui
1893 5274 1950 5319 et
1975 5264 2148 5319 bono-

2257 5266 2491 5338 γράφειν
2515 5265 2584 5320 τά
2622 5252 3044 5335 κατορθώματα,
3072 5266 3166 5318 καὶ
3190 5265 3312 5334 οὐχὶ
3339 5261 3423 5334 τῷ
3461 5264 3603 5334 Θεῷ,
3630 5257 3705 5330 τῷ
3729 5252 3810 5309 καὶ

569 5374 693 5413 rum
735 5357 963 5428 largitor
1000 5369 1111 5423 est,
1147 5369 1202 5414 et
1235 5358 1304 5413 ad
1344 5357 1653 5428 prazstanda
1691 5355 1910 5411 virtutis
1945 5372 2142 5426 opera,

568 5447 816 5519 adjutor;
865 5458 987 5511 aut,
1025 5449 1130 5502 nisi
1176 5450 1448 5518 paruerit,
1482 5447 1919 5519 imperfectiores
1962 5447 2144 5502 adhuc

569 5539 800 5596 ﬁ'atrum
841 5541 1277 5596 contemnendos
1316 5540 1578 5611 suggerit.
1632 5539 1848 5608 ignorat
1881 5554 2014 5593 vero
2047 5538 2142 5608 qui

637 5696 683 5732 ⁸⁷
719 5696 912 5752 Matth.
948 5713 1045 5762 vn,
1082 5695 1169 5749 12.
1248 5697 1291 5727 ⁸⁸
1320 5695 1434 5751 Jac.
1465 5711 1537 5760 tv,
1565 5695 1616 5749 '5.
1697 5694 1742 5727 "
1771 5695 1931 5749 Rom.
1959 5709 2016 5758 ιι,
2048 5694 2082 5747 6

2252 5357 2474 5429 χορηγῷ
2524 5357 2635 5410 τῶν
2678 5355 2861 5410 καλῶν
2887 5396 2902 5417 ,
2942 5356 3034 5409 καὶ
3073 5354 3254 5426 βοηθῷ
3280 5352 3421 5425 πρὸς
3455 5350 3805 5423 κατόρθωσινο

2249 5450 2283 5520 ἢ
2315 5447 2489 5518 τούτῳ
2517 5446 2593 5519 μὴ
2629 5448 2950 5517 πειθόμενον
2975 5486 2989 5510 ,
3020 5448 3146 5509 τοὺς
3175 5445 3254 5498 ἔτι
3300 5444 3691 5515 ἀτελεστέρους
3716 5435 3809 5491 τῶν

2249 5538 2492 5609 ἀδελφῶν
2533 5538 2647 5610 (ιι)
2682 5538 2975 5593 ὑποϐάλλει
3019 5536 3340 5603 ὲξουθενεῖν.
3399 5537 3614 5603 Ἀγνοεῖ
3649 5530 3704 5585 δὲ
3731 5529 3810 5581 καὶ

642 5830 720 5902 (ιι)
755 5831 877 5887 Τῶν
921 5830 1220 5901 ἀδελφῶν.
1278 5829 1598 5899 Simplicior
1658 5828 1792 5883 mihi
1849 5828 1965 5882 visa
2015 5826 2133 5881 lucc
2169 5825 2336 5881 lectio
2382 5840 2446 5881 ac
2468 5824 2686 5890 verior,
2743 5839 2867 5896 quae
2908 5823 3025 5895 ipsa
3086 5824 3251 5881 unius
3291 5820 3419 5879 cod.
3475 5817 3635 5891 Regii
3698 5819 3806 5877 est;
