4076 6486
346 419 470 486 1001

1262 424 1599 487 CAPITUM
1639 427 1736 487 DE
1774 427 2209 487 CIIARITATE
2247 428 2635 489 OENTURIA
2677 431 2758 492 II.

3481 432 3618 502 100%

341 539 512 592 κακὸν
542 538 665 591 ἀντὶ
698 536 867 592 κακοῦ
903 537 977 608 μὴ
1020 537 1347 601 ἀποδοῦναι,
1383 541 1473 592 διὰ
1520 542 1618 612 τὴν
1661 542 1880 612 ἐντολήν
1909 557 1922 572 ο

2032 543 2175 595 enim
2201 583 2215 607 ,
2246 543 2351 596 etsi
2394 543 2638 597 nondum
2682 545 2900 615 diligat,
2926 547 3132 602 malum
3175 564 3275 619 pro
3319 553 3464 608 malo
3503 571 3614 609 non

337 634 403 686 οὐ
450 633 670 697 πάντως
718 635 774 687 δὲ
819 632 898 686 ἔτι
940 634 1034 686 καὶ
1079 634 1242 686 καλὸν
1291 636 1682 690 ἀνταποδοῦναι
1729 637 1928 702 κακοῦ,

338 724 638 786 ἀϐιάστως.
679 724 752 776 Τὸ
795 723 904 794 γὰρ
939 725 1002 776 ὲκ
1047 723 1342 787 διαῌέσεως
1391 725 1571 789 καλῶς
1617 730 1789 780 ποιεῖν
1817 729 1930 791 τοῖς

341 815 601 885 μισοῦσι,
678 815 848 886 μόνης
925 815 1044 868 ἐστὶ
1120 818 1220 886 τῆς
1289 817 1666 888 πνευματικῆς
1716 815 1940 883 τελείας

339 909 582 980 ἀγάπης.

414 1003 478 1056 ν’.
517 1005 628 1073 Οὐχ
661 1007 687 1057 6
717 1004 790 1074 μὴ
823 1005 1054 1073 ἀγαπῶν
1085 1022 1230 1067 τινα,
1279 1005 1377 1076 ἤδη
1410 1006 1624 1070 πάντως
1654 1008 1748 1060 καὶ⁵
1782 1010 1932 1078 μισεῖ

337 1100 541 1152 αὐτόν·
592 1101 712 1153 οὐδὲ
747 1100 908 1153 πάλιν
933 1143 946 1166 ,
979 1104 1006 1153 6
1040 1100 1114 1171 μὴ
1166 1101 1373 1170 μισῶν,
1427 1102 1528 1172 ἤδη
1571 1103 1787 1166 πάντως
1835 1105 1930 1157 καὶ

337 1192 550 1261 ἀγαπᾷ.
608 1191 766 1244 Ἀλλὰ
801 1193 1021 1245 δύναται
1069 1192 1143 1254 ὡς
1182 1193 1344 1262 μέσος
1379 1188 1519 1247 εἶναι
1555 1194 1690 1264 πρὸς
1724 1196 1884 1248 αὐτόν
1912 1211 1924 1225 ·

334 1284 608 1348 τουτέστι,
645 1285 782 1354 μήτε
816 1286 1059 1356 ἀγαπᾷν,
1095 1286 1232 1356 μήτε
1271 1288 1471 1354 μισεῖν.
1505 1285 1616 1356 Τὴν
1648 1286 1756 1358 γὰρ
1790 1288 1926 1354 ἀγα-

340 1376 580 1446 πητικὴν
616 1375 858 1429 διάθεσιν
881 1419 895 1442 ,
943 1379 1094 1448 μόνοι
1125 1380 1172 1431 οἱ
1204 1378 1260 1429 ἐν
1301 1377 1377 1448 τῷ
1428 1379 1602 1448 ἐνάτῳ
1648 1381 1930 1452 κεφαλαίῳ

337 1466 542 1537 ταύτης
597 1471 692 1540 τῆς
737 1471 1090 1533 ὲκατοντάδος
1141 1471 1426 1541 εἰρημένοι
1490 1471 1646 1524 πέντε
1697 1473 1928 1543 τρόποι,

333 1561 588 1630 ἐμποιεῖν
627 1561 972 1628 πεφύκασιν,
1021 1564 1049 1616 ὅ
1098 1581 1157 1617 τε
1209 1557 1621 1628 ἐπαινετὸςκαὶ
1663 1566 1691 1618 6
1742 1565 1928 1635 μέσος,

335 1657 438 1708 καὶ
463 1659 512 1710 οἱ
552 1656 764 1726 ψεκτοί.

411 1843 512 1890 ναν.
549 1837 719 1890 Ὅταν
755 1837 870 1906 ἴδῃς
920 1838 1011 1892 τὸν
1061 1839 1186 1894 νοῦν
1220 1857 1312 1893 σου
1364 1845 1474 1907 τοῖς
1525 1843 1731 1904 ὑλικοῖς
1762 1841 1929 1913 ἡδέως

332 1927 797 1998 ἐνασχολούμενον
819 1969 834 1993 ,
876 1931 972 1983 καὶ
1004 1934 1117 1994 τοῖς
1167 1931 1374 1988 τούτων
1404 1935 1671 2003 νοήμασιν
1700 1934 1927 2004 ἐμφιλο-

333 2020 668 2091 χωροῦντα,
718 2022 955 2090 γίνωσκε
1015 2025 1242 2078 σεαυτὸν
1294 2026 1467 2079 ταῦτα
1520 2027 1722 2096 μᾶλλον
1773 2026 1930 2098 ἢτὸν

331 2112 472 2166 Θεὸν
496 2114 818 2181 ἀγαπῶντα.
855 2116 1048 2169 Ὅπου
1077 2115 1186 2186 γάρ
1205 2118 1375 2171 ἐστιν
1399 2121 1432 2171 ὁ
1461 2121 1767 2186 θησαυρός
1791 2137 1928 2184 σου,

333 2206 506 2278 φησιν
538 2208 566 2258 6
595 2207 820 2278 Κύριος,
860 2209 995 2262 ἐκεῖ
1027 2209 1125 2262 καὶ
1173 2211 1210 2276 ἡ
1249 2210 1461 2278 καρδία
1493 2212 1684 2265 ἔσται.

410 2297 512 2368 νβ’.
550 2298 695 2362 Νοῦς
725 2299 844 2370 Θεῷ
881 2302 1286 2372 συναπτόμενος
1310 2340 1325 2366 ,
1360 2302 1454 2355 καὶ
1486 2301 1636 2370 αὐτῷ
1676 2303 1930 2374 ἐγχρονί-

333 2387 449 2453 ζων
475 2389 559 2442 διὰ
595 2390 907 2462 προσευχῆς
950 2391 1044 2444 καὶ
1099 2393 1356 2462 ἀγάπης,
1391 2390 1555 2459 σοφὸς
1592 2391 1801 2458 γίνεται
1835 2393 1932 2445 καὶ

331 2481 547 2548 ἀγαθὸς
589 2482 684 2534 καὶ
719 2482 947 2546 δυνατὸς
983 2484 1078 2537 καὶ
1124 2484 1508 2556 φιλάνθρωπος
1541 2485 1632 2537 καὶ¹
1682 2485 1929 2556 ἐλεήμων

332 2577 433 2627 καὶ
466 2575 822 2646 μακρόθυμος
849 2593 862 2607 ⁸
917 2579 1012 2630 κοιλ⁸
1064 2577 1254 2642 ἁπλῶς
1287 2580 1497 2641 εἰπεῖν,
1533 2578 1712 2631 πάντα
1746 2578 1931 2648 σχεδὸν

330 2668 406 2721 τὰ
465 2668 584 2722 θεῖα
620 2668 890 2738 ἰδιώματα
939 2671 998 2723 ὲν
1055 2670 1234 2741 ἑαυτῷ
1285 2670 1595 2742 περιφέρει.
1637 2670 1840 2724 Τούτου
1874 2671 1931 2723 δὲ

332 2758 642 2829 ἀναχωρῶν
699 2758 825 2831 [Fr.
859 2761 1188 2832 ἀποχωρῶν]
1210 2802 1224 2825 ,
1261 2762 1486 2815 καὶτῶν
1521 2761 1726 2815 ὺλικῶν
1758 2776 1932 2834 προσ-

331 2848 533 2920 χωρῶν
571 2890 584 2914 ,
655 2850 687 2921 ἢ
727 2851 1009 2922 κτηνώδης
1055 2851 1267 2919 γίνεται
1309 2851 1589 2922 φιλήδονος
1643 2852 1884 2920 γεγονώς
1911 2866 1926 2881 ⁸

331 2941 370 3012 ἢ
430 2939 741 3012 Θηριὼδης,
803 2942 893 2996 διὰ
923 2942 1121 2997 ’ταῦτα
1193 2945 1305 3007 τοῖς
1384 2943 1700 3014 ἀνθρώποις
1758 2944 1926 3016 μαχό-

336 3051 521 3106 μενος.

409 3131 513 3193 νγ⁹.
546 3124 768 3192 Κόσμον
796 3125 946 3195 λέγει
1007 3128 1041 3198 ἡ
1083 3127 1274 3199 Γραφὴ
1313 3127 1380 3182 τὰ
1409 3128 1571 3182 ὑλικὰ
1601 3129 1929 3200 πράγματα·

2032 632 2301 698 reddere,
2353 634 2498 702 quod
2553 635 2628 688 ita
2683 646 3019 706 praeceptum
3071 640 3176 706 sit;
3227 658 3338 697 non
3387 648 3615 702 omnino

2031 732 2215 776 autem
2244 724 2426 778 adhuc
2457 725 2620 778 etiam
2664 725 2868 780 bonum
2908 743 3009 795 pro
3044 731 3188 785 malo
3229 734 3374 789 ultro
3414 753 3614 807 repen-

2032 814 2184 870 dere.
2212 815 2357 870 Bene
2397 816 2544 870 enim
2586 833 2653 895 ex
2693 818 2877 872 animo
2917 820 3096 874 facere
3130 823 3327 894 bisqui
3353 828 3614 897 oderunt,

2032 907 2287 976 perfectae
2314 908 2579 962 duntaxat
2602 909 2864 978 spiritalis
2888 913 3172 968 cbaritatis
3194 923 3298 972 est.

2105 997 2193 1052 50.
2240 999 2345 1064 Qui
2391 1016 2501 1054 non
2549 1000 2728 1070 diligit
2771 1001 3046 1071 aliquem,
3087 1022 3198 1060 non
3235 1008 3349 1078 jam
3393 1012 3618 1067 omnino

2033 1085 2196 1139 etiam
2227 1087 2374 1153 odit;
2408 1104 2509 1142 nec
2538 1107 2566 1142 e
2593 1097 2805 1153 contra,
2833 1092 2928 1160 qui
2957 1108 3066 1147 non
3096 1095 3232 1156 odit,
3254 1097 3364 1167 jam
3390 1103 3618 1157 omnino

2034 1177 2199 1231 etiam
2228 1179 2406 1249 diligit
2432 1198 2444 1232 :
2479 1180 2574 1234 sed
2605 1189 2663 1234 ut
2687 1182 2902 1236 medius
2928 1199 3054 1254 erga
3084 1186 3237 1240 illum
3266 1204 3387 1243 esse
3412 1199 3613 1260 potest,

2036 1267 2088 1322 id
2117 1277 2230 1333 est,
2255 1270 2337 1324 sic
2359 1270 2541 1324 animo
2570 1283 2948 1341 comparatus,
2976 1285 3037 1328 ut
3063 1292 3242 1346 neque
3268 1279 3486 1350 diligat,
3514 1299 3611 1338 ne-

2033 1375 2141 1429 que
2181 1361 2382 1415 oderit.
2408 1362 2729 1417 Dilectionis
2755 1365 2901 1418 enim
2931 1366 3218 1433 ali‘ectum,
3244 1369 3323 1424 illi
3352 1372 3620 1430 duntaxat

2035 1452 2282 1522 quinque
2315 1453 2463 1507 modi
2495 1453 2549 1507 in
2581 1454 2742 1508 nobis
2773 1456 2978 1511 habent
3006 1458 3257 1529 gignere,
3289 1477 3430 1532 quos
3468 1481 3617 1521 nono

2033 1545 2212 1613 capite
2253 1545 2420 1616 413
2453 1561 2518 1600 ex
2559 1546 2647 1602 his
2684 1556 2908 1602 centum
2948 1551 3142 1618 retuli;
3179 1561 3293 1607 tum
3323 1570 3520 1626 nempe
3570 1558 3618 1613 is

2032 1637 2127 1706 qui
2154 1638 2368 1692 laudem
2395 1638 2582 1706 habet,
2607 1649 2721 1693 tum
2747 1641 2841 1710 qui
2869 1643 3080 1698 medius
3099 1654 3203 1710 est,
3227 1656 3342 1701 tum
3369 1651 3462 1719 qui
3488 1661 3619 1706 sunt

2035 1727 2309 1795 vilnperio
2330 1726 2477 1797 digni

2105 1819 2194 1870 5i.
2223 1817 2359 1872 Cum
2403 1820 2637 1874 terrenis
2667 1820 2833 1875 rebus
2859 1837 3161 1892 earumque
3192 1827 3616 1897 cogitationibus

2037 1919 2274 1963 tuentem
2324 1918 2472 1964 tuam
2518 1911 2754 1965 libenter
2800 1912 3080 1968 immorari
3121 1916 3355 1984 videris;
3402 1920 3520 1976 haec
3564 1933 3617 1977 te

2034 2001 2226 2071 magis,
2250 2018 2414 2072 quam
2455 2003 2626 2056 Deum
2667 2003 2915 2075 diligere,
2941 2009 3164 2062 noveris
3196 2027 3209 2062 :
3244 2010 3341 2066 Ubi
3370 2015 3510 2067 enim
3534 2019 3615 2070 est

2035 2096 2312 2148 thesaurus
2343 2103 2486 2160 tuus,
2514 2096 2591 2150 ait
2617 2093 2902 2166 Dominus,
2927 2100 2998 2154 ibi
3025 2108 3073 2154 et
3099 2117 3190 2155 cor
3215 2104 3314 2157 erit
3334 2104 3402 2159 ⁵³.

2101 2284 2187 2340 52.
2228 2285 2339 2341 Deo
2374 2287 2706 2358 conj-unctus
2744 2290 2990 2355 animus,
3021 2291 3183 2362 eique
3222 2296 3491 2352 orationis
3527 2299 3616 2353 in-

2031 2378 2234 2433 stantia
2275 2389 2330 2433 et
2366 2379 2636 2436 charitate
2679 2382 2961 2449 assiduus,
2997 2385 3214 2455 sapiens
3254 2397 3311 2442 et
3346 2389 3527 2446 bonus
3561 2399 3620 2447 et

2032 2480 2230 2540 potens
2282 2479 2338 2526 et
2393 2472 2664 2544 benignus
2712 2483 2768 2528 et
2815 2475 3133 2533 misericors
3185 2489 3242 2534 et
3286 2482 3620 2553 longanimis

2031 2561 2266 2616 efﬁcitur
2308 2580 2321 2614 :
2367 2571 2552 2632 atque,
2579 2572 2641 2617 ut
2678 2565 2850 2619 verbo
2888 2565 3098 2632 dicam,
3136 2580 3362 2627 cunctas
3400 2572 3516 2629 fere
3558 2575 3619 2630 in

2032 2653 2214 2722 seipso
2242 2654 2458 2708 divinas
2489 2654 2807 2708 circumfert
2835 2656 3009 2711 dotes.
3043 2657 3182 2713 Dum
3211 2672 3365 2725 vero,
3385 2678 3452 2718 eo
3484 2665 3617 2719 reli-

2033 2745 2395 2809 cto,terrcnis
2424 2761 2482 2800 se
2514 2746 2682 2801 rebus
2713 2747 2980 2818 adjungit,
3007 2759 3103 2804 aut
3129 2753 3399 2820 pecuinus
3429 2756 3617 2811 evadit

2034 2833 2320 2904 (voluptati
2362 2837 2574 2891 scilicet
2613 2853 2679 2892 ac
2716 2837 2931 2892 libidini
2973 2840 3214 2912 deditus)
3251 2851 3346 2898 aut
3383 2845 3615 2910 ferinus,

2031 2930 2218 2975 carum
2257 2935 2421 2978 causa
2462 2925 2741 2982 hostiliter
2773 2941 3009 2998 pugnam
3047 2929 3300 3003 rixasque
3332 2934 3618 2994 instruens

2033 3027 2157 3066 cum
2187 3013 2527 3070 hominibus.
3145 3012 3147 3014 ’

2103 3117 2190 3172 55.
2221 3118 2484 3174 Mundam
2534 3114 2824 3192 Scriptura
2887 3140 2978 3180 res
3029 3138 3279 3185 terrenas
3316 3140 3504 3197 vocat;
3552 3149 3620 3190 ac

333 3217 436 3271 καὶ
467 3219 723 3287 κοσμικοί
766 3222 909 3287 εἰσι,
956 3221 1004 3273 oi
1048 3221 1259 3285 τούτοις
1297 3222 1388 3274 τὸν
1423 3221 1546 3274 νοῦν
1577 3217 1931 3293 ἒνασχολοῦν-

2034 3210 2296 3265 mundani
2333 3220 2483 3276 sunt,
2508 3214 2602 3282 qui
2641 3215 2728 3269 his
2760 3225 2954 3271 vacant
2987 3227 3151 3289 atque
3184 3221 3371 3276 animo
3405 3223 3619 3294 impen-

336 3327 464 3373 τες,
526 3311 658 3381 πρὸς
702 3311 798 3375 οὓς
855 3315 950 3366 καὶ
1020 3313 1168 3383 λέγει
1232 3313 1770 3384 ἐντρεπτικὼτεροψ
1829 3313 1926 3382 Μὴ

334 3402 609 3471 ἀγαπᾶτε
654 3403 762 3456 τὸν
810 3405 1082 3474 κόσμον,
1131 3406 1288 3475 μηδὲ
1344 3405 1417 3460 τὰ
1459 3407 1529 3460 ἐν
1570 3405 1651 3471 τῷ
1699 3409 1924 3474 κόσμῳ.

343 3495 410 3548 Ἠ
426 3494 712 3563 ἐπιθυμία
738 3495 849 3565 τῆς
869 3497 1118 3565 σαρκὸς,
1145 3499 1244 3552 καὶ
1267 3498 1549 3565 ἐπιθυμία
1572 3495 1690 3550 τῶν
1707 3499 1930 3564 6900M-

327 3584 502 3654 μῶν,
550 3586 649 3640 καὶ
692 3588 731 3655 ἡ
780 3587 1100 3648 ἀλαζονεία
1159 3590 1265 3644 τοῦ
1331 3591 1508 3657 βίου,
1574 3591 1686 3643 οὐκ
1758 3589 1930 3643 ἔστιν

334 3677 403 3728 ἑκ
443 3679 550 3731 τοῦ
587 3679 734 3732 Θεοῦ
759 3696 773 3709 ο
832 3680 968 3733 ἀλλ’
1017 3681 1086 3734 ἐκ
1116 3680 1221 3735 τοῦ
1253 3681 1485 3751 κόσμου
1526 3680 1682 3743 ἐστι,
1725 3680 1820 3734 καὶ
1861 3679 1930 3733 τὰ

341 3769 492 3839 ἑξῆς.

422 3863 504 3915 ινδκ
544 3866 790 3937 Μοναχός
822 3869 967 3920 ἐστιν
987 3907 1001 3930 ,
1033 3868 1060 3918 ὁ
1087 3867 1194 3921 τῶν
1224 3866 1426 3920 ὑλικῶν
1462 3866 1806 3938 πραγμάτιον
1837 3865 1929 3923 τὸν

335 3952 465 4007 νοῦν
507 3955 893 4026 ἀποχωρίσαςο
947 3959 1043 4009 καὶ
1094 3958 1161 4010 δι’
1195 3958 1526 4026 ἐγκρατείας
1561 3957 1656 4009 καὶ
1706 3958 1930 4028 ἀγάπης

334 4049 433 4099 καὶ
493 4047 814 4120 ψαλμῳδίας
863 4051 958 4102 καὶ
1001 4050 1308 4120 προσευχῆς
1367 4049 1798 4120 προσκαρτερῶν
1851 4047 1930 4118 τῷ

336 4137 486 4209 Θεῷ.

409 4237 507 4285 γε’.
539 4232 924 4303 Κτηνοτρόφος
969 4231 1066 4301 μέν
1104 4233 1253 4285 ἐστιν
1278 4232 1490 4303 νοητὸς,
1529 4233 1558 4284 6
1583 4231 1888 4304 πρακτικός
1910 4247 1925 4262 ·

334 4325 558 4395 κτηνῶν
585 4327 693 4396 γὰρ
719 4326 876 4395 λόγον
911 4329 1170 4395 ἐπέχουσι
1194 4325 1264 4378 τὰ
1300 4326 1474 4395 ἠθικὰ
1505 4325 1925 4397 κατορθώματα·

333 4419 421 4472 διὸ
473 4420 569 4471 καὶ
625 4419 810 4488 ἔλεγεν
868 4422 895 4473 ὁ
943 4421 1139 4472 Ἰακωό
1170 4437 1183 4450 ο
1233 4419 1476 4488 Ἄνδρες
1533 4421 1930 4489 κτηνοτρόφοι

335 4511 505 4564 εἰσὶν
533 4513 586 4565 οἱ
619 4511 829 4576 παῖδές
855 4527 993 4565 σου.
1054 4510 1264 4580 Ποιμὴν
1293 4511 1348 4564 δὲ
1380 4512 1699 4591 προϐάτων,
1724 4514 1754 4564 6
1786 4529 1928 4579 γνω-

340 4600 552 4662 στικός.
589 4602 884 4672 Προόάτων
913 4602 1021 4672 γὰρ
1059 4601 1216 4670 λόγον
1246 4602 1536 4672 ἐπέχουσιν
1572 4603 1620 4655 οἱ
1647 4602 1921 4672 λογισμοὶ,

338 4693 436 4744 ἐπὶ
469 4693 539 4746 τὰ
575 4692 676 4765 ὄρη
707 4692 815 4745 τῶν
842 4692 1218 4765 Θεωρημάτων
1250 4692 1354 4746 ὑπὸ
1380 4692 1476 4746 τοῦ
1513 4694 1605 4747 νοῦ
1636 4694 1924 4764 ποιμαινό-

344 4802 524 4855 μενον..
571 4786 673 4838 Διά
724 4786 883 4840 τοῦτο
931 4787 1026 4839 καὶ
1056 4787 1375 4855 Βδέλυγμα
1421 4787 1547 4852 τοῖς
1580 4787 1927 4857 Αἰγυπτίοις

340 4876 464 4942 πᾶς
500 4878 727 4948 ποιμὴν
758 4877 1098 4947 προϐάτων,
1153 4878 1321 4947 ἤγουν
1351 4881 1472 4941 ταῖς
1516 4880 1786 4943 ἐναντίαις
1837 4878 1928 4931 δυ·-

341 4968 568 5038 νάμεσι.

421 5149 534 5208 νςν.
571 5144 629 5197 '0
659 5145 760 5214 μὲν
790 5145 992 5213 φαῦλος
1022 5145 1167 5210 νοῦς,
1215 5147 1538 5218 κινουμένου
1560 5147 1652 5201 τοῦ
1683 5147 1937 5219 σώματος

347 5235 440 5288 διὰ
486 5236 598 5288 τῶν
655 5237 964 5306 αἰσθήσεων
1019 5239 1111 5291 ἐπὶ
1170 5239 1268 5302 τὰς
1310 5239 1448 5302 ἰδίας
1496 5240 1795 5309 ἐπιθυμίας
1842 5240 1939 5294 καὶ

346 5327 950 5398 ἡδονὰς,ὲξακολουθεῖ,
987 5330 1082 5382 καὶ
1114 5329 1568 5399 συγκατατίθεται
1600 5333 1718 5394 ταῖς
1746 5329 1936 5384 τούτου

349 5419 680 5488 φαντασίαις
720 5422 814 5473 καὶ
855 5423 1050 5492 ὁρμαῖς
1078 5441 1092 5454 ⁸
1123 5425 1150 5475 ὁ
1189 5423 1246 5476 δὲ
1292 5423 1569 5494 ἐνάρετος,
1601 5424 1935 5494 ἐγκρατεύε-

349 5528 462 5574 ται,
502 5511 596 5563 καὶ
638 5513 858 5582 κατέχει
910 5513 1101 5567 ἑαυτὸν
1138 5513 1246 5567 ἀπὸ
1285 5513 1392 5567 τῶν
1438 5514 1704 5583 ἐμπαθῶν
1729 5532 1934 5583 φαντα·⁴

352 5601 487 5654 σιῶν
540 5603 633 5656 καὶ
674 5604 903 5674 ὁρμῶν,
954 5606 1047 5658 καὶ
1100 5605 1302 5674 μᾶλλον
1365 5606 1647 5675 φιλοσοφεῖ
1693 5605 1935 5676 βελτίους

350 5695 580 5762 ποιῆσαι
611 5694 708 5758 τὰς
743 5697 1002 5758 τοιαύτας
1031 5695 1198 5752 αὐτοῦ
1231 5698 1495 5768 κινήσεις.

341 5848 384 5880 ⁵¹
422 5845 616 5900 Matth.
650 5863 724 5911 γι,
755 5847 846 5900 21.

602 5941 878 6002 Ρλτιιοι.
913 5943 1027 6003 Gn.
1067 5943 1188 6003 XC.

2031 3303 2268 3367 duntur,
2305 3305 2507 3374 quibus
2554 3307 2720 3362 etiam
2765 3311 3040 3365 austerius
3084 3313 3428 3384 objurganda
3474 3318 3553 3372 ait
3599 3336 3614 3372 :

2029 3393 2206 3448 Nolite
2250 3394 2470 3467 diligere
2515 3399 2804 3462 mundum,
2841 3417 3008 3471 neque
3051 3418 3110 3456 ea
3157 3419 3276 3475 qua:
3317 3407 3372 3459 in
3417 3410 3616 3463 mundo

2028 3496 2171 3542 sunt.
2203 3487 2636 3562 Concupiscentia
2673 3495 2879 3555 carnis,
2906 3503 2956 3546 et
2987 3498 3404 3566 concupiscentia
3437 3502 3617 3556 oculo-

2030 3595 2170 3643 rum,
2193 3587 2240 3632 et
2265 3581 2509 3651 superbia
2537 3583 2678 3648 vitae,
2701 3600 2805 3637 non
2833 3592 2954 3638 sunt
2977 3602 3040 3638 ea:
3059 3586 3190 3654 Deo,
3215 3589 3306 3642 sed
3331 3603 3395 3644 ea:
3420 3593 3614 3647 mundo

2029 3681 2153 3726 sunt
2178 3671 2244 3738 ⁸³,
2271 3681 2327 3728 et
2352 3689 2473 3744 quae
2502 3683 2830 3745 sequuntur.

2102 3845 2190 3899 54.
2225 3844 2526 3901 Monachus
2561 3853 2679 3910 est,
2710 3845 2803 3916 qui
2844 3853 3084 3902 mentem
3119 3863 3275 3904 suam
3310 3866 3342 3906 a
3377 3854 3614 3910 terrenis

2030 3937 2196 3993 rebus
2221 3936 2516 4003 abstraxit;
2543 3953 2606 3992 ac
2631 3938 2722 4008 qui
2749 3952 2849 4008 per
2867 3940 3262 3997 continentiam
3287 3950 3344 3998 et
3364 3944 3614 4001 dilectio-

2029 4047 2155 4086 nem
2190 4040 2246 4085 et
2277 4030 2634 4100 psalmodiam
2672 4031 2977 4102 orandique
3013 4033 3259 4090 studium
3280 4075 3296 4102 ,
3329 4037 3441 4094 Deo
3469 4043 3611 4096 assi-

2030 4123 2174 4178 duus
2199 4124 2435 4179 exsistit.

2101 4211 2188 4270 55.
2223 4215 2500 4286 Spiritalis
2538 4230 2796 4286 pecorum
2842 4225 3030 4287 pastor
3067 4227 3182 4285 est,
3212 4219 3309 4291 qui
3339 4223 3614 4279 actionem

2031 4312 2164 4367 colit
2207 4327 2221 4366 :
2264 4328 2524 4382 pecorum
2560 4313 2708 4367 enim
2747 4313 3019 4368 rationem
3061 4315 3290 4384 habent,
3321 4318 3613 4374 muralium

2031 4419 2200 4474 Opera
2229 4405 2515 4459 virtutum.
2545 4404 2760 4459 Idcirco
2789 4406 2953 4460 etiam
2982 4407 3164 4462 aiebat
3187 4408 3356 4464 Jacob
3385 4428 3398 4463 :
3423 4409 3618 4468 Pasto-

2031 4517 2116 4554 ηε
2155 4517 2398 4572 pecorum
2436 4508 2561 4553 sunt
2598 4501 2732 4554 servi
2776 4500 2851 4553 tui
2871 4499 2936 4555 ⁸⁵.
2966 4498 3161 4555 Ovium
3205 4493 3387 4557 autem
3429 4515 3617 4572 pastor

2031 4605 2144 4660 est,
2175 4597 2269 4666 qui
2310 4595 2496 4651 studet
2530 4596 2776 4650 scientia:
2814 4611 2879 4651 ac
2914 4597 3382 4667 contemplationi.
3415 4597 3612 4654 Ovium

2030 4691 2179 4745 enim
2209 4689 2478 4744 rationem
2505 4689 2711 4744 habent
2738 4690 3096 4760 cogitationes
3123 4690 3401 4760 animique
3429 4707 3609 4756 sensa,

2033 4798 2156 4852 quae
2192 4783 2246 4836 in
2287 4783 2568 4837 montibus
2604 4778 2934 4853 spiritalium
2979 4783 3505 4852 contemplationum
3548 4801 3615 4840 ac

2035 4875 2321 4928 nationum
2369 4891 2398 4928 a
2447 4882 2629 4929 mente
2678 4880 2999 4942 pascuntur.
3044 4873 3339 4942 Propterea
3381 4875 3547 4929 etiam
3599 4894 3612 4930 :

2036 4967 2371 5023 Abominatio
2407 4975 2482 5020 est
2519 4963 2785 5036 ﬁgyptiis
2820 4965 2988 5019 omnis
3026 4972 3210 5036 pastor
3245 4966 3418 5019 ovium
3439 4966 3516 5034 ",
3559 4967 3614 5022 id

2035 5068 2140 5124 est,
2169 5057 2500 5113 adversariis
2526 5057 2908 5127 potestatibus.

2110 5147 2194 5203 56.
2229 5149 2400 5202 Prava
2431 5162 2608 5212 mens,
2639 5146 2868 5202 incitato
2898 5160 3126 5215 corpore
3156 5161 3416 5201 sensuum
3449 5163 3617 5219 opera

2038 5239 2095 5293 in
2125 5254 2251 5295 suas
2284 5238 2618 5307 cupiditates
2647 5254 2711 5294 ac
2744 5238 3006 5294 libidines
3026 5279 3041 5304 ,
3068 5239 3311 5309 proclive
3342 5242 3617 5312 sequitur,

2037 5332 2377 5401 assentitque
2414 5332 2563 5386 illius
2595 5331 3026 5402 cogitationibus
3058 5341 3113 5388 et
3141 5334 3572 5404 appetitionibus
3600 5353 3615 5391 :

2038 5431 2093 5478 at
2121 5423 2211 5492 qui
2241 5422 2461 5476 virtutis
2486 5423 2666 5478 cultor
2687 5429 2792 5488 est,
2813 5422 2928 5493 ipse
2957 5439 3015 5477 se
3039 5425 3304 5491 continet,
3328 5434 3618 5496 temperat-

2038 5530 2145 5583 que
2178 5529 2208 5569 a
2240 5514 2455 5568 vitiosis
2485 5515 2912 5588 cogitationibus
2943 5525 3000 5570 et
3029 5517 3479 5587 appetitionihus,
3508 5534 3622 5572 ma-

2037 5607 2230 5676 gisque
2263 5606 2705 5676 philosophatur,
2729 5622 2799 5673 ac
2829 5609 3015 5666 studet
3047 5619 3107 5669 ut
3135 5610 3403 5683 ejusmodi
3439 5619 3621 5667 motus

2037 5698 2249 5752 meliori
2281 5698 2438 5767 fruge
2469 5707 2780 5770 componat.

921 5849 965 5883 ⁵³
993 5849 1011 5901 Ι
1037 5849 1195 5903 Joan.
1232 5864 1290 5916 ιι,
1327 5849 1411 5904 15.
1488 5850 1534 5882 ⁸³
1567 5849 1703 5904 Gen.
1740 5865 1902 5917 XLVII,
1923 5851 1974 5905 5.
2055 5853 2098 5883 ⁸³
2123 5851 2264 5906 Gen.
2298 5867 2441 5918 XLVI,
2480 5854 2567 5908 5i.
