4076 6406
482 321 618 385 1093
1655 321 1715 381 S.
1755 315 2044 381 MAXIMI

2172 314 2588 380 NFESSORIS
3617 325 3742 391 ιοοι

478 422 483 431 ’
550 430 638 488 57.
670 431 984 494 Virtutum,
1021 429 1140 485 alim
1175 443 1430 501 corporis
1467 440 1622 495 sunt;
1667 430 1816 494 aliae,
1853 428 2067 484 animae.

2251 428 2348 492 νςι.
2385 430 2505 483 Τῶν
2542 431 2789 503 ἀρετῶν,
2825 434 2880 487 αἰ
2912 433 3013 505 μέν
3052 435 3159 490 εἰσι
3196 435 3508 508 σωματικαί
3536 453 3549 468 θ
3586 438 3747 501 αἰδὲ,

478 531 557 581 Ac
599 523 846 593 corporis
883 521 1107 593 quidem
1153 530 1313 585 sunt,
1350 521 1518 594 419
1557 522 1727 576 veluti
1766 521 2067 592 jejunium,

2173 520 2426 592 ψυχικαί.
2477 524 2586 577 Καὶ
2640 527 2952 595 σωματικαὶ
3000 538 3103 597 μεν
3142 528 3315 593 εἰσιν,
3365 523 3478 583 οἷον
3509 526 3743 600 νηστεία,

476 614 700 686 vigiliae,
725 611 1116 672 humisternia,
1140 611 1495 676 ministratio,
1521 627 1781 666 manuum
1806 611 1983 674 labor,
2006 625 2067 664 ne

2172 616 2454 686 ἀγρυπνία
2473 657 2489 681 ,
2523 618 2795 688 χαμευνία
2815 658 2829 681 ,
2861 619 3114 674 διακονία
3132 663 3148 685 ,
3184 621 3503 691 ἐργόχειρον
3530 621 3667 691 πρὸς
3691 620 3746 674 τὸ

449 782 454 803 ι
483 721 648 777 quem
678 720 990 776 gravemus,
1019 704 1105 758 vel
1139 711 1199 757 ut
1224 702 1347 757 aliis
1373 702 1703 767 tribuamus,
1730 712 1842 758 etc.
1865 701 2067 757 Animae

2177 707 2252 779 μὴ
2276 710 2613 781 ἐπιϐαρῆσαί
2642 728 2787 773 τινα,
2818 711 2851 784 ἢ
2885 712 3021 784 πρὸς
3053 714 3362 783 μετάδοσιν,
3392 714 3487 771 καὶ
3515 715 3582 768 τὰ
3602 714 3744 783 ἑξῆς.

477 810 663 856 autem
706 799 792 872 (id
827 806 943 860 est,
977 806 1288 867 spectantes
1321 795 1389 850 ad
1425 795 1692 864 animam)
1732 803 1891 858 sunt,
1925 794 2067 848 velut

2172 762 2420 877 ἱΙλ“ύχικαἰ
2542 807 2681 859 εἰσιν
2702 846 2718 871 ,
2748 762 2859 860 οῖον

482 893 725 949 charitas
772 906 870 947 seu
911 889 1168 953 dilectio,
1209 887 1628 959 longanimitas,
1671 886 2067 950 mansuetudo,

2170 915 2272 969 της
2295 938 2310 962 ,
2372 899 2673 969 ἐγκράτεια
2695 941 2711 965 ,
2741 900 3019 972 προσευχὴ
3043 938 3060 964 ,
3091 901 3187 955 καὶ
3215 902 3283 956 τά
3315 902 3467 972 ἑξῆς.
3506 901 3632 956 Ἐὰν
3662 898 3749 956 οὖν

477 984 845 1049 continentia,
870 982 1069 1047 oratio,
1096 988 1204 1035 etc.
1235 978 1517 1050 Siquidem
1546 977 1714 1049 igitur
1736 992 1805 1033 ex
1834 975 2067 1048 quadam

2173 991 2237 1046 εκ
2270 1009 2415 1055 τινος
2452 990 2699 1063 ἀνάγκης
2720 1032 2735 1057 ,
2781 992 2817 1065 ἢ
2858 994 3235 1063 περιστάσεως
3258 998 3615 1067 σωματικῆς,
3645 988 3749 1049 οἷον

479 1077 830 1139 necessitate,
862 1080 959 1128 aut
985 1070 1258 1143 corporali
1294 1086 1425 1126 casu
1457 1077 1622 1140 atque
1680 1077 1882 1124 eventu
1917 1067 2067 1140 (puta

2174 1083 2520 1156 ἀρρωστίας,
2568 1084 2603 1155 η
2651 1101 2797 1149 τινος
2836 1084 2948 1141 τῶν
2979 1084 3263 1152 τοιούτων,
3293 1086 3476 1158 συμϐῇ
3510 1088 3647 1158 ἡμῖν
3679 1086 3750 1159 μὴ

479 1166 827 1238 aegritudine,
853 1179 951 1219 seu
975 1161 1171 1232 quovis
1200 1160 1310 1215 alio
1339 1160 1459 1230 ejus
1486 1158 1726 1231 generis)
1756 1158 2069 1230 contigerit,

482 1267 544 1312 ut
583 1272 705 1321 eas,
740 1270 863 1325 quae
904 1252 1152 1324 corporis
1192 1260 1342 1316 sunt,
1377 1251 1616 1307 virtutes
1654 1259 1915 1321 praestare
1959 1266 2071 1305 non

478 1349 663 1411 liceat,
691 1344 904 1400 veniam
935 1342 1203 1397 habemus
1229 1357 1260 1395 ιι
1287 1341 1541 1407 Domino,
1567 1341 1658 1396 cui
1688 1350 1745 1396 et
1768 1355 1951 1396 causae
1976 1355 2072 1396 ex-

479 1440 707 1510 ploratae
735 1444 883 1491 sunt.
916 1435 1013 1491 Sin
1046 1443 1229 1489 autem
1267 1434 1361 1499 iis,
1387 1448 1511 1504 qum
1543 1441 1674 1489 sunt
1704 1433 1931 1497 animae,
1959 1447 2071 1487 non

478 1530 868 1599 defungamur,
892 1527 1100 1581 nullam
1134 1525 1380 1580 habituri
1409 1540 1604 1580 sumus
1632 1525 2067 1581 excusationem.

476 1622 601 1679 Non
627 1621 779 1675 enim
806 1619 892 1674 hac
918 1618 1146 1689 perinde
1169 1632 1233 1672 ac
1256 1616 1575 1687 corporales
1602 1626 1733 1672 sunt
1754 1615 2069 1672 necessitati

478 1717 763 1774 subiectae.

549 1736 585 1772 ι)
606 1736 763 1773 ecce.

547 1736 637 1863 5’8.
679 1806 812 1873 Quae
831 1805 888 1859 in
912 1804 1086 1859 Deum
1116 1809 1202 1857 est
1234 1799 1497 1862 charitas,
1522 1797 1728 1853 ﬂuxam
1749 1812 1970 1854 omnem
2001 1812 2068 1854 ac

476 1897 740 1957 caducam
763 1896 1124 1965 voluptatem,
1154 1906 1488 1961 omnemque
1508 1890 1756 1945 laborem
1780 1899 1945 1962 atque
1966 1890 2067 1945 do-

474 1992 653 2048 lerem
682 1998 745 2044 ut
781 1994 1120 2050 contemnat,
1148 1985 1196 2040 is
1228 1983 1325 2055 qui
1360 1982 1452 2038 illa
1485 1976 1753 2054 praeditus
1774 1989 1882 2047 est,
1911 1981 2063 2037 facit.

476 2084 778 2153 Fidemque
805 2080 1013 2136 faciant
1039 2076 1214 2134 sancti
1236 2090 1453 2143 omnes,
1480 2082 1633 2130 tanta
1654 2081 1883 2147 propter
1899 2072 2065 2130 Chri-

474 2184 622 2232 stum
647 2171 917 2245 perpessi.

547 2265 638 2323 59.
673 2260 912 2319 Attende
944 2257 1044 2314 tibi
1093 2272 1125 2312 a
1168 2255 1441 2311 malorum
1483 2262 1734 2326 parente,
1783 2254 2067 2324 φιλαυτίας

478 2361 668 2430 (quam
690 2353 914 2425 vocant)
949 2360 1145 2422 estque
1169 2363 1350 2405 caecus
1370 2349 1489 2403 sine
1516 2347 1732 2403 ratione
1757 2361 1914 2402 amor
1941 2362 2067 2402 cor-

476 2450 651 2523 poris.
685 2448 767 2503 Ex
794 2447 901 2500 hac
924 2443 1074 2499 enim
1100 2440 1257 2496 velut
1314 2438 1605 2509 apparenti
1647 2438 1887 2508 quadam
1917 2437 2065 2509 aequi

476 2541 664 2614 specie
701 2538 986 2602 oriuntur,
1030 2533 1210 2606 prima
1242 2531 1333 2586 illa
1385 2544 1450 2585 ac
1479 2529 1896 2600 generalissima
1928 2529 2068 2608 furj-

478 2632 667 2691 bunda
696 2631 804 2688 tria
844 2628 1012 2694 vitia;
1052 2625 1191 2697 gulae
1226 2622 1460 2687 scilicet,
1512 2621 1758 2676 avaritiae
1797 2628 1856 2676 et
1884 2620 2067 2676 inanis

474 2724 685 2799 gloriae,
717 2734 914 2777 causas
948 2716 1143 2787 utique
1181 2725 1487 2782 ansamque
1515 2710 1799 2775 habentia,
1852 2727 1922 2766 ex
1969 2726 2068 2765 ne-

474 2814 717 2875 cessaria
738 2810 988 2882 corporis
1018 2820 1150 2863 cura
1188 2823 1202 2861 :
1233 2820 1303 2860 ex
1331 2803 1538 2874 quibus
1581 2801 1853 2859 malorum
1883 2803 2067 2858 omnis

473 2923 636 2981 seges
651 2903 1025 2978 progignitur.
1056 2900 1250 2970 Operae
1276 2894 1517 2966 pretium
1542 2892 1713 2965 igitur
1741 2894 1834 2958 sit,
1863 2894 1944 2948 uti
1975 2893 2064 2948 di-

474 2999 691 3063 cebam,
715 3005 780 3052 ut
799 2991 1118 3051 necessario
1149 2989 1426 3054 attendas,
1448 2986 1735 3056 multaque
1761 2987 2064 3043 sobrietate

474 3106 544 3152 ac
578 3088 883 3161 diligentia
932 3083 1202 3141 adversus
1256 3081 1402 3135 hanc
1431 3077 1735 3148 depugnes.
1768 3078 1883 3133 Hac
1912 3079 2061 3133 enim

477 3180 713 3247 sublata,
744 3193 868 3250 quae
898 3192 967 3233 ex
998 3175 1092 3231 illa
1121 3180 1273 3240 sunt,
1300 3169 1435 3227 vitia
1462 3168 1650 3223 omnia
1681 3170 1932 3226 una-tolli
1965 3186 2062 3225 ne-

472 3287 630 3332 cesse
653 3279 759 3328 est.
836 3272 839 3275 ’

548 3362 641 3420 60.
678 3361 871 3419 Caecus
924 3360 1017 3416 ille
1064 3360 1319 3431 corporis
1375 3376 1552 3427 amor,
1597 3359 1651 3415 ei
1692 3355 1918 3429 quidem
1972 3354 2068 3425 qui

479 3455 786 3514 monachus
803 3454 898 3520 sit,
927 3454 1096 3524 inque
1115 3453 1342 3509 virtutis
1361 3455 1614 3524 palaestra
1635 3459 1913 3514 exerceat,
1936 3465 2070 3519 sug-

478 3549 643 3623 gerit,
695 3560 758 3604 ut
798 3546 1182 3603 misericordia
1216 3546 1437 3617 corpori
1488 3545 1796 3616 indulgeat,
1834 3558 1898 3599 ac
1922 3544 2068 3619 ultra

478 3656 647 3714 quam
676 3639 868 3695 deceat
889 3652 954 3693 ac
980 3637 1278 3691 honestum
1315 3616 1410 3701 sit,
1452 3636 1521 3690 ad
1546 3635 1704 3692 cibos
1731 3616 2065 3700 conveniat;

479 3730 716 3804 quadam
749 3728 965 3784 scilicet
1003 3726 1159 3782 velut
1204 3727 1468 3796 aequitate
1523 3742 1592 3783 ac
1639 3726 2066 3798 gubernatione,

478 3839 592 3897 quo
618 3821 889 3893 paulatim
926 3819 1210 3885 inductus,
1247 3818 1305 3875 in
1328 3819 1580 3876 libidinis
1611 3821 1853 3890 vitaeque
1903 3818 2065 3874 volu-

480 3916 674 3989 ptariae
695 3914 911 3970 foveam
936 3911 1166 3968 incidat.
1183 3909 1446 3968 Smculaﬁ
1471 3927 1627 3979 vero,
1647 3913 1762 3985 jam
1790 3911 1920 3969 inde
1945 3926 2072 3969 sua-

478 4009 596 4077 det,
633 4014 696 4064 ut
735 4006 920 4063 carnis
949 4019 1141 4060 curam
1169 4004 1227 4058 in
1253 4002 1552 4060 desideriis
1585 4003 1753 4060 faciat
1778 4005 1848 4060 ⁵⁸.

549 4102 641 4158 61.
681 4100 1018 4171 Supremum
1047 4096 1321 4152 orationis
1352 4103 1557 4152 statum
1606 4097 1761 4152 hunc
1815 4112 1940 4153 esse
1983 4097 2072 4155 di-

477 4205 634 4260 cunt,
666 4203 731 4251 ut
773 4208 932 4249 mens
971 4206 1139 4247 carne
1169 4199 1227 4246 et
1254 4189 1465 4245 mundo
1496 4190 1774 4246 excedens
1805 4198 2073 4261 extraque

478 4304 703 4348 omnem
736 4284 1051 4349 materiam,
1088 4297 1154 4338 ac
1194 4282 1365 4338 nullis
1394 4282 1609 4339 imbuta
1638 4298 1826 4338 rerum
1852 4282 2069 4351 formis,

480 4383 565 4440 sic
586 4380 898 4437 orationem
927 4382 1172 4447 peragat.
1200 4374 1363 4429 Hunc
1395 4374 1566 4446 igitur
1587 4382 1793 4431 statum
1817 4376 2071 4447 quisquis

2176 1175 2459 1230 ἐκτελέσαι
2510 1176 2808 1248 δυνηθῆναι
2835 1176 2938 1241 τὰς
2980 1180 3392 1251 προειρημένας
3433 1180 3749 1248 σωματικάς

2172 1270 2407 1342 ἀρετὰς,
2441 1269 2774 1341 συγγνώμην
2815 1269 3017 1341 ἔχομεν
3068 1271 3220 1341 παρά
3251 1272 3483 1343 Κυρίου,
3521 1272 3615 1324 τοῦ
3656 1272 3747 1325 καὶ

2170 1360 2270 1421 τὰς
2296 1360 2478 1422 αἰτίας
2521 1358 2758 1423 εἰδότος·
2797 1360 2897 1423 τὰς
2931 1359 2990 1413 δὲ
3014 1359 3253 1431 ψυχικὰς
3288 1361 3366 1432 μὴ
3401 1360 3747 1425 ἐκτελοῦντες

2169 1453 2428 1525 οὐδεμίαν
2489 1453 2685 1524 ἕξομεν
2742 1453 3065 1523 ἀπολογίαν.
3133 1455 3208 1508 Οὐ
3291 1454 3401 1526 γάρ
3460 1454 3604 1508 εἰσιν
3649 1452 3748 1507 ὑπὸ

2170 1549 2434 1619 ἀνάγκην.

2244 1814 2347 1888 νη’.
2388 1816 2453 1869 Ἥ
2487 1817 2567 1880 εἰς
2598 1814 2731 1869 Θεὸν
2759 1814 2972 1887 ἀγάπη,
2999 1815 3183 1887 πάσης
3233 1814 3430 1887 ἡδονῆς
3481 1831 3750 1888 παρερχο-

2176 1909 2366 1981 μένης,
2391 1911 2486 1963 καὶ
2512 1909 2714 1973 παντὸς
2739 1909 2905 1962 πόνου
2940 1907 3033 1961 καὶ
3062 1908 3239 1979 λύπης
3266 1908 3443 1963 πείθει
3469 1926 3748 1980 καταφρο-

2172 2003 2284 2054 νεῖν
2308 2001 2400 2054 τὸν
2433 1999 2660 2070 μέτοχον
2685 1998 2877 2069 αὐτῆς.
2910 1998 3021 2053 Καὶ
3042 1997 3383 2054 πειθέτωσάν
3415 2016 3475 2053 σε
3506 2001 3555 2054 οἰ
3602 2000 3747 2069 ἅγιοι

2173 2093 2398 2161 πάντες,
2427 2093 2668 2147 τοσαῦτα
2702 2091 3033 2156 πεπονθότες
3054 2089 3143 2144 διὰ
3165 2089 3426 2162 Χριστόν.

2243 2275 2342 2333 νϐ’.
2371 2277 2617 2348 Πρόσεχε
2658 2274 2871 2347 σεαυτῷ
2892 2273 3003 2329 ἀπὸ
3030 2273 3133 2345 τῆς
3165 2271 3372 2345 μητρὸς
3395 2270 3507 2327 τῶν
3543 2269 3750 2339 κακῶν,

2173 2372 2480 2442 φιλαυτίας,
2511 2371 2635 2442 ἥτις
2657 2369 2809 2424 ἐστὶν
2838 2371 2871 2439 ἡ
2913 2367 3010 2422 τοῦ
3065 2366 3321 2437 σώματος
3359 2365 3553 2431 ἄλογος
3580 2364 3746 2433 φιλία.

2185 2466 2281 2520 Ἐκ
2306 2464 2512 2534 ταύτης
2572 2462 2683 2534 γάρ
2722 2458 3106 2530 εὖλογοφανῶς
3152 2458 3430 2511 τίκτονται
3459 2456 3510 2511 οἰ
3549 2454 3750 2526 πρῶτοι

2172 2560 2266 2615 καὶ
2305 2556 2574 2629 ἐμπαθεῖς
2607 2554 2704 2609 καὶ
2741 2550 3103 2623 γενικώτατοι
3140 2552 3287 2622 τρεῖς
3309 2549 3580 2619 ἐμμανεῖς
3606 2545 3750 2615 λογιο

2174 2652 2302 2724 σμοί
2321 2669 2334 2683 '
2374 2653 2402 2704 ό
2425 2649 2525 2720 τῆς
2554 2645 3004 2719 γαστριμαργίας
3027 2643 3194 2712 λέγω,
3222 2641 3318 2695 καὶ
3346 2637 3712 2711 φιλαργυρίας
3733 2675 3747 2699 ,

2172 2747 2269 2801 καὶ
2293 2740 2604 2809 κενοδοξίας
2636 2739 2785 2802 ’.τὰς
2817 2736 3072 2810 ἀφορμάς
3098 2736 3164 2789 ὲκ
3188 2734 3291 2805 τῆς
3321 2732 3629 2803 ἀναγκαίας
3659 2729 3748 2785 τοῦ

2175 2838 2427 2910 σώματος
2458 2833 2620 2907 δῆθεν
2644 2830 3016 2903 λαμϐάνοντες
3039 2828 3230 2899 χρείας
3252 2843 3267 2857 '
3307 2824 3366 2894 ἐξ
3386 2817 3464 2880 ὧν
3499 2825 3752 2895 γεννᾶται

2173 2936 2321 2998 am;
2346 2934 2375 2987 δ
2404 2930 2514 2986 τῶν
2547 2926 2741 2984 κακῶν
2769 2924 3097 2994 κατάλογος.
3133 2924 3227 2975 Δεῖ
3262 2915 3377 2985 οὖν,
3403 2919 3481 2984 ὡς
3516 2918 3748 2991 εἴρηται,

2172 3026 2466 3102 προσέχειν
2491 3021 2825 3093 ἀναγκαίως,
2849 3019 2943 3074 καὶ
2973 3014 3145 3087 ταύτῃ
3176 3015 3435 3085 πολεμεῖν
3467 3011 3606 3084 μετά
3627 3008 3753 3064 πολ-

2164 3125 2264 3195 λῆς
2296 3121 2533 3194 νήψεως.
2598 3117 2817 3186 Ταύτης
2889 3113 2999 3184 γὰρ
3046 3108 3470 3183 ἀναιρουμένης,
3500 3119 3750 3160 συναναι-

2173 3220 2395 3291 ροῦνται
2427 3214 2631 3278 πάντες
2651 3212 2700 3266 οἰ
2741 3209 2802 3277 ἐξ
2822 3210 3016 3280 αὐτῆς.

2241 3370 2304 3439 ξ’.
2333 3370 2407 3424 Τὸ
2424 3370 2523 3441 τῆς
2554 3363 2845 3439 φιλαυτίας
2876 3361 3073 3427 πάθος,
3105 3356 3184 3431 τῷ
3221 3358 3320 3430 μὲν
3336 3352 3559 3427 μοναχῷ
3581 3351 3752 3408 ἐλεεῖν

2173 3464 2485 3521 ὑποτίθεται
2517 3461 2578 3515 τὸ
2609 3458 2792 3530 σῶμα,
2830 3457 2925 3511 καὶ
2952 3453 3226 3509 συνελθεῖν
3278 3447 3433 3519 παρά
3460 3449 3538 3500 -τδ
3588 3459 3752 3516 προσ-

2169 3560 2303 3631 ῆκον
2333 3559 2414 3620 εἰς
2452 3556 2522 3608 τὰ
2553 3551 2821 3624 βρώματα
2846 3567 2859 3581 °
2896 3545 3210 3616 οἰκονομίας
3257 3541 3424 3613 δῆθεν
3450 3538 3615 3611 χάριν
3660 3535 3752 3631 καὶ

2170 3626 2577 3721 κυϐερνήσεως,
2612 3646 2701 3699 ἵνα
2750 3640 2898 3698 κατά
2925 3638 3122 3712 μικρὸν
3152 3632 3627 3705 παρασυρόμενος,
3674 3626 3754 3721 εἰς

2168 3744 2261 3799 τὸν
2289 3718 2484 3813 βόθρον
2505 3739 2607 3810 τῆς
2636 3732 2948 3808 φιληδονίας
2974 3729 3215 3803 ἐμπέσῃ.
3251 3725 3345 3797 Τῷ
3392 3723 3451 3779 δὲ
3504 3718 3754 3813 κοσμικῷ

2168 3810 2420 3889 ὲντεῦθεν
2452 3830 2552 3902 ήδη
2580 3826 2838 3900 πρόνοιαν
2863 3824 2935 3895 (τ)
2959 3818 3111 3892 αὑτῷ
3145 3814 3425 3873 ποιεῖσθαι
3450 3814 3533 3877 εἰς
3559 3810 3750 3868 ἐπιθυ-

2174 3922 2306 3993 μίαν
2336 3917 2653 3974 ὑποϐάλλει.

2246 4100 2344 4169 ξα’.
2372 4099 2485 4171 Τὴν
2521 4099 2622 4169 τῆς
2662 4093 2973 4169 προσευχῆς
3030 4088 3341 4163 ἀκροτάτην
3394 4078 3754 4145 κατάστασιν,

2171 4198 2377 4266 ταύτην
2410 4192 2551 4248 εἶναι
2605 4190 2846 4259 λέγουσι,
2873 4186 2934 4239 τὸ
2991 4184 3097 4250 ἔξω
3153 4181 3361 4253 σαρκὸς
3399 4178 3498 4233 καὶ
3547 4177 3757 4246 κόσμου

2173 4289 2426 4362 γενέσθαι
2442 4285 2535 4339 τὸν
2548 4282 2696 4347 νοῦν,
2712 4283 2807 4336 καὶ⁵
2823 4281 2987 4336 ἀῦλον
3011 4278 3189 4347 πάντη
3207 4274 3304 4329 καὶ
3327 4272 3569 4329 ἀνείδεον
3594 4272 3653 4324 ὲν
3682 4266 3760 4362 τῷ

2175 4358 2595 4452 προσεύχεσθαι.
2668 4373 2727 4427 '0
2759 4367 2854 4426 οὖν
2899 4368 3107 4440 ταύτην
3161 4364 3442 4436 ἁλώϐητον
3483 4358 3763 4432 διατηρῶν

479 4477 760 4547 integrum
815 4471 1159 4540 illaasumque
1191 4467 1452 4536 servarit,
1475 4467 1569 4524 hic
1593 4483 1726 4526 vere
1750 4469 2067 4528 indesinen-

2177 4475 2277 4546 τὴν
2329 4470 2689 4533 κατάστασιν,
2748 4457 2909 4528 οὗτος
2957 4462 3130 4526 ὅντως
3175 4457 3544 4520 ἀδιαλείπτως
3584 4468 3761 4527 προσο

480 4578 567 4626 ter
592 4576 717 4624 orat
743 4567 811 4622 ⁸⁷.

550 4658 641 4715 62.
679 4651 1162 4725 Quemadmodum
1213 4664 1419 4722 corpus
1453 4652 1753 4721 emoriens,
1781 4669 1813 4710 a
1854 4656 2073 4715 cunctis

479 4753 609 4807 vita
642 4746 882 4820 negotiis
910 4744 1194 4815 rebusque
1220 4743 1408 4800 saeculi
1433 4745 1628 4815 procul
1661 4746 1913 4803 abscedit
1944 4765 1957 4803 :
1995 4749 2073 4805 ita

478 4849 538 4899 ει
563 4856 747 4908 mens,
776 4839 944 4913 420
986 4852 1219 4894 summa;
1253 4837 1404 4893 illius
1452 4837 1722 4895 orationis
1752 4841 1905 4897 cultu
1949 4857 2072 4899 mo-

480 4934 655 5001 riens,
699 4949 731 4989 a
760 4931 1059 4988 mundanis
1089 4929 1351 4987 omnibus
1378 4929 1814 5002 cogitationibus
1852 4949 2076 5007 separa-

551 5092 599 5128 "
637 5094 800 5150 Rom.
828 5106 944 5157 xm,
985 5090 1072 5145 M.
1150 5087 1198 5121 ⁸⁷
1229 5087 1254 5143 ι
1284 5086 1479 5144 Thess.
1506 5104 1562 5156 ν,
1595 5090 1683 5145 17.

553 5234 625 5310 (z)
665 5227 1493 5310 'EgvsﬁﬁsrﬁderJQémIav:
1539 5228 1878 5310 lﬂempejam
1934 5231 2064 5288 inde.

479 5297 662 5380 palam
684 5303 762 5380 _a_d
785 5297 1442 5380 explendamlibidinem.
1468 5297 1738 5380 inducens
1766 5297 1841 5380 ad
1871 5317 2060 5357 curam

479 5364 697 5448 corpori
724 5364 1031 5448 habendam
1054 5385 1071 5448 ξ
1110 5368 1315 5448 quippe
1342 5367 1718 5448 bominesqui
1762 5364 1959 5448 vivunt
2001 5381 2064 5428 ut

477 5439 670 5511 edant,
689 5461 754 5500 ac
785 5442 956 5514 genio
976 5439 1319 5514 indulgeant.
1351 5439 1430 5514 De
1456 5439 1914 5514 mundanis‘cnim
1944 5457 2067 5497 ser-

480 5535 571 5574 mo
602 5508 706 5575 est.
737 5508 878 5585 quos
909 5508 1180 5565 Maximus
1213 5508 1614 5585 opponit‘viris
1661 5510 1959 5585 religiosis,
1993 5519 2070 5585 et

477 5589 572 5659 qui
611 5578 983 5660 advirtutem
1006 5588 1324 5660 exerceant,
1371 5578 1585 5660 quibus
1610 5578 1857 5660 carnalia
1908 5583 2065 5646 vitia,

479 5648 701 5714 nonnisi
767 5652 955 5725 specie
1007 5648 1138 5705 boni
1185 5649 1419 5725 obtecta
1451 5648 1774 5725 obrepant._
1814 5653 1941 5708 llaec
1987 5654 2069 5725 sic

476 5729 647 5793 clara,
679 5718 960 5782 contrario
985 5735 1151 5793 sensu
1178 5718 1385 5787 Obsop.
1427 5719 1631 5793 reddit,
1673 5719 1915 5791 facitque
1947 5722 2069 5791 φιλ-

477 5789 693 5861 αυτίας,
732 5795 858 5851 arci
916 5791 1113 5847 amoris
1141 5805 1375 5861 corporis
1397 5828 1410 5855 ,
1447 5789 1593 5859 quod
1628 5792 1801 5863 magis
1827 5789 2068 5848 Charita-

2172 4581 2592 4725 εδέἒξῗὶιισπερ
2625 4647 2688 4701 τὸ
2716 4644 2881 4715 σῶμα
2908 4639 3256 4710 ἀποθνῆσκον
3278 4678 3295 4704 ,
3322 4635 3544 4693 πάντων
3595 4629 3764 4725 1”?"

2173 4723 2327 4813 ζεται
2355 4742 2467 4797 τῶν
2486 4739 2581 4795 τοῦ
2608 4737 2726 4810 βίου
2754 4733 3106 4807 πραγμάτων
3135 4744 3154 4764 ⁸
3181 4727 3325 4783 οὕτω
3357 4727 3451 4781 καὶ
3480 4727 3509 4780 ὁ
3531 4723 3660 4789 νοῦς
3703 4725 3765 4776 ἐν

2172 4839 2251 4911 τῷ
2276 4837 2464 4908 ἄκρως
2513 4828 2918 4905 προσεύχεσθαι
2962 4822 3345 4893 ἀποθνήσκων,
3376 4820 3597 4875 πάντων
3651 4833 3764 4886 χω-

2176 4905 2389 5006 ρίζεται
2436 4925 2549 4981 τῶν
2585 4921 2684 4979 τοῦ
2715 4921 2925 4992 κόσμου
2979 4914 3292 4988 νοημάτων.
3337 4912 3464 4966 Ἐὰν
3518 4907 3629 4979 γὰρ
3684 4905 3763 4976 μὴ

2171 5230 2263 5294 tis,
2288 5226 2501 5297 Deique
2523 5223 2644 5297 ejus
2668 5218 3218 5297 auctoris,_exsistat.
3245 5215 3342 5297 Sic
3383 5213 3531 5297 enim
3562 5211 3763 5297 infice-

2172 5284 2263 5355 tus
2300 5284 2468 5352 homo
2499 5312 2512 5348 :
2551 5284 2733 5359 Quare
2763 5284 2961 5347 Ιιοηιίἠί
2993 5288 3262 5344 mundano
3294 5293 3349 5359 et
3366 5284 3615 5359 singulari
3638 5284 3766 5359 διιδ-

2160 5354 2302 5441 jicit,
2332 5377 2391 5441 ut
2418 5354 2746 5441 providentia
2781 5362 3015 5434 quadam
3038 5361 3137 5441 sibi
3165 5355 3409 5441 consulat
3439 5357 3496 5409 in
3522 5354 3761 5441 cauenda

2164 5425 2610 5509 concupiscentia.
2643 5425 2803 5509 ‘Non'
2844 5440 2954 5487 tam
3009 5429 3248 5509 absurde
3272 5428 3461 5509 _Gesn‘.
3493 5425 3601 5509 etsi
3651 5440 3763 5508 nec

2164 5511 2256 5564 ille
2285 5494 2419 5563 satis
2443 5503 2706 5569 advertit,
2731 5519 2844 5573 quo
2894 5510 3107 5573 Spectet
3152 5498 3287 5555 illud
3323 5499 3403 5562 είς
3433 5494 3757 5573 επιθυμξαν.

2162 5580 2278 5635 Nec
2305 5578 2509 5632 mirum
2539 5577 2594 5630 in
2644 5566 2883 5638 medico,
2923 5566 3118 5643 'quern
3142 5586 3255 5643 par
3292 5578 3385 5643 est
3431 5568 3486 5643 in
3523 5566 3757 5643 Galen",

2163 5663 2328 5720 quam
2352 5647 2620 5720 in_Paulo
2659 5637 3031 5720 versatiOrein
3075 5637 3268 5720 fuisse.
3311 5639 3604 5709 Ascriptus
3635 5637 3761 5709 ejus

2164 5712 2342 5784 locus,
2367 5715 2434 5774 ad
2462 5732 2627 5787 quem
2659 5715 2929 5771 Maximus
2962 5712 3183 5768 alludit.
