4076 6412
379 326 400 392 1
412 330 521 393 005

1266 328 1602 389 CAPITUM
1646 328 1743 387 DE
1783 327 2220 387 CllARlTATE
2261 328 2651 389 CENTURIA
2694 331 2776 390 II.

3528 331 3668 400 1006

376 447 470 501 τὸν
492 443 735 499 τοιοῦτον
764 444 901 518 θάνῃ
927 443 1178 507 θάνατον,
1217 444 1355 515 μετά
1377 444 1513 498 Θεοῦ
1540 443 1836 516 εὑρεθῆναι
1866 443 1963 495 καὶ

2075 450 2181 496 tur.
2219 444 2335 498 Nisi
2365 444 2517 498 enim
2556 446 2677 515 ejus
2725 444 2946 515 generis
3002 450 3239 500 mortem
3284 444 3509 512 obierit,
3544 461 3673 502 cum

376 538 547 609 ζῆσαι
570 538 631 590 οὐ
662 537 905 591 δύναται.

453 627 554 697 ξγ’.
590 630 800 699 Μηδείς
822 648 881 683 σε
910 631 1192 701 ἀπατήσῃ,
1229 629 1455 701 μοναχὲ,
1491 630 1579 683 ὅτι
1617 630 1699 685 ενι
1739 646 1800 683 σε
1860 647 1968 683 σω-

378 721 541 792 θῆναι
578 722 737 794 ἡδονῇ
771 725 863 776 καὶ
889 721 1165 794 κενοδοξία
1183 720 1524 777 δουλεύοντα.

452 898 544 964 ξδ’.
570 900 779 969 Ὥσπερ
798 899 857 952 τὸ
886 898 1045 967 σῶμα
1072 898 1160 952 διὰ
1194 897 1303 951 τῶν
1333 898 1681 967 πραγμάτων
1716 896 1969 967 ἁμαρτά-

374 1010 483 1054 νει,
515 992 609 1046 καὶ
670 992 782 1062 ἔχει
826 992 965 1061 πρὸς
1026 990 1412 1058 παιδαγωγίαν
1472 988 1573 1050 τάς
1644 987 1972 1058 σωματικὰς

376 1085 605 1154 ἀρετὰς,
635 1084 722 1135 ἵνα
748 1085 1021 1153 σωφρονῇ·
1057 1082 1201 1134 οὕτω
1232 1081 1326 1135 κα)⁸
1352 1082 1381 1133 6
1398 1079 1523 1143 νοῦς
1548 1080 1635 1134 διὰ
1658 1081 1766 1133 τῶν
1788 1082 1972 1150 ὲμπα-

378 1174 491 1226 θῶν
548 1174 858 1244 νοημάτων,
902 1175 996 1225 καὶ
1036 1173 1149 1242 ἔχει
1191 1172 1457 1235 ὡσαύτως
1500 1172 1639 1243 πρὸς
1688 1171 1971 1241 παιδαγω-

375 1267 506 1334 γίαν
536 1266 632 1329 τὰς
652 1265 891 1335 ψυχικὰς
924 1266 1144 1335 ἀρετὰς,
1178 1265 1267 1318 ἵνα
1302 1264 1562 1336 καθαρῶς
1612 1264 1704 1317 καὶ
1745 1263 1973 1327 ἀπαθῶς

377 1355 523 1427 ὁρῶν
548 1356 615 1409 τὰ
644 1356 970 1426 πράγματα,
1016 1357 1294 1427 σωφρονῇ.

451 1528 544 1597 ξε’.
577 1532 786 1603 ’Ὠσπερ
816 1531 915 1594 τὰς
949 1530 1163 1601 ἡμέρας
1186 1530 1524 1601 διαδέχονται
1548 1530 1606 1583 αἱ
1636 1528 1853 1592 νύκτες,
1879 1527 1973 1582 καὶ

372 1623 448 1678 τὰ
474 1622 607 1693 θέρη
650 1624 699 1675 oi
759 1619 1029 1691 χειμῶνες
1062 1636 1075 1651 ο
1106 1619 1251 1672 οὕτω
1282 1616 1593 1683 κενοδοξίαν
1637 1617 1732 1670 καὶ
1753 1614 1969 1687 ἡδονὴν,

373 1714 549 1768 λύπαι
604 1714 702 1767 καὶ
754 1712 960 1777 ὀδύναι,
992 1710 1103 1764 εἴτε
1141 1712 1199 1765 ὲν
1246 1709 1326 1781 τῷ
1356 1711 1605 1783 παρόντι,
1637 1709 1748 1763 εἴτε
1791 1709 1851 1763 ὲν
1892 1707 1972 1778 τῷ

380 1807 651 1879 μέλλοντι.

450 1897 558 1967 Eg".
595 1899 711 1952 Οὐκ
741 1898 891 1951 ἔστιν
942 1899 1339 1971 ἀμαρτήσαντα
1375 1900 1638 1968 ἐκφυγεῖν
1685 1900 1786 1972 τὴν
1843 1901 1968 1972 μέλ-

380 1994 586 2047 λουσαν
648 1992 850 2062 κρίσιν,
898 1992 1025 2047 ἀνευ
1087 1992 1353 2045 ἑκουσίων
1400 1992 1636 2045 ἐνταῦθα
1692 1992 1965 2066 πόνων,ἢ

372 2083 649 2139 ἀκουσίων
683 2083 979 2153 ἐπιφορῶν.

449 2174 547 2242 EC.
572 2175 671 2228 Διά
717 2175 881 2228 πέντε
938 2176 1119 2239 αἰτίας
1173 2176 1308 2245 φασὶ
1338 2177 1791 2248 παραχωρεῖσθαι
1819 2180 1971 2249 ἡμᾶς

376 2270 485 2323 ὑπὸ
530 2266 665 2321 Θεοῦ
706 2266 1062 2337 πολεμεῖσθαι
1100 2268 1206 2322 ὑπὸ
1263 2268 1557 2339 δαιμόνων.
1587 2270 1699 2323 Καὶ
1745 2271 1971 2343 πρώτην

377 2362 479 2433 μὲν
503 2358 642 2413 εἷναί
664 2376 847 2429 φασιν,
884 2359 971 2413 ἵνα
1000 2360 1397 2432 πολεμούμενοι
1418 2362 1511 2415 καὶ
1541 2363 1970 2435 ἀντιπολεμοῦν-

370 2472 490 2518 τες,
517 2454 594 2515 εἰς
627 2454 901 2523 διάκρισιν
934 2455 1031 2522 τῆς
1057 2455 1262 2524 ἀρετῆς
1296 2456 1390 2507 καὶ
1422 2457 1523 2525 τῆς
1564 2455 1769 2519 κακίας
1800 2456 1971 2511 ἔλθω-

376 2550 501 2615 μεν.
532 2546 801 2615 Δευτέραν
836 2544 913 2606 δὲ,
948 2544 1035 2596 ἴνα
1069 2544 1295 2615 πολέμῳ
1328 2545 1423 2597 καὶ
1468 2547 1616 2616 πόνῳ
1642 2546 1743 2615 τὴν
1769 2547 1971 2618 ἀρετὴν

373 2635 669 2705 κτώμενοι,
700 2635 928 2706 βεϐαίαν
975 2635 1148 2706 αὐτὴν
1178 2635 1273 2688 καὶ
1302 2634 1705 2705 ἀμετάπτωτον
1734 2635 1967 2707 ἓξωμεν.

374 2729 581 2799 Τρίτην
628 2728 706 2788 δὲ,
742 2729 827 2780 ἵνα
876 2729 1283 2798 προκόπτοντες
1331 2728 1412 2791 εις
1466 2726 1565 2798 τὴν
1617 2729 1843 2799 ἀρετὴν,
1896 2730 1971 2800 μὴ

375 2822 888 2894 ὑψηλοφρονῶμεν,
949 2821 1089 2875 ἀλλά
1153 2820 1420 2892 μάθωμεν
1496 2826 1968 2893 ταπινοφρονεῖν.

374 2915 660 2986 Τετάρτην
724 2915 800 2976 δὲ,
825 2915 912 2967 ἴνα
959 2914 1323 2985 πειραθέντες
1366 2915 1468 2986 τῆς
1523 2914 1723 2978 κακίας
1747 2915 1848 2985 (a),
1878 2915 1971 2968 τέ-

373 3008 530 3061 λειον
568 3010 725 3078 μῖσος
755 3006 927 3077 αὐτὴν
957 3007 1304 3078 μισήσωμεν.
1341 3007 1612 3080 Πέμπτην
1644 3008 1704 3062 δὲ
1740 3008 1837 3062 ἐπὶ
1861 3009 1973 3063 πά-

378 3118 523 3167 σαις,
552 3103 642 3156 ἵνα
690 3100 925 3165 ἀπαθεῖς
970 3102 1277 3172 γενόμενοι,
1318 3102 1395 3174 μὴ
1442 3101 1840 3176 ἐπιλαθώμεθα
1864 3102 1969 3174 τῆς

377 3194 587 3259 οἰκείας
625 3192 932 3260 ἀσθενείας,
992 3194 1128 3266 μήτε
1188 3193 1287 3266 τῆς
1336 3193 1431 3248 τοῦ
1481 3193 1855 3267 βοηθήσαντος
1882 3194 1969 3249 δυ-

379 3285 620 3356 νάμεως.

450 3374 554 3448 ξη’.
588 3378 802 3449 Ὥσπερ
849 3376 945 3431 τοῦ
990 3376 1286 3441 πεινῶντος
1322 3380 1351 3432 6
1380 3378 1507 3442 νοῦς
1549 3378 1715 3450 ἄρτον
1764 3377 1973 3450 φαντά-

375 3468 556 3535 ζεται,
596 3470 687 3523 καὶ
714 3470 808 3523 τοῦ
836 3470 1099 3538 διψῶντος
1126 3469 1293 3541 ὕδωρ,
1321 3469 1465 3524 οὕτω
1494 3470 1591 3524 καὶ
1615 3470 1711 3524 τοῦ
1736 3486 1969 3542 γαστρι-

381 3564 597 3635 μάργου
637 3563 916 3626 ποικιλίας
976 3565 1293 3635 ἐδεσμάτων
1321 3578 1338 3594 ·
1364 3565 1460 3617 καὶ
1511 3563 1606 3619 τοῦ
1657 3563 1966 3633 φιληδόνου,

384 3655 601 3724 μορφὰς
636 3655 913 3723 γυναικῶν
938 3672 951 3685 ·
996 3656 1089 3708 καὶ
1115 3658 1143 3708 6
1175 3654 1271 3708 τοῦ
1294 3654 1575 3721 κενοδόξου
1596 3698 1610 3721 ,
1636 3656 1737 3719 τὰς
1777 3655 1837 3721 ἐξ
1875 3655 1968 3708 ἀν·

383 3745 615 3816 θρώπων
640 3747 806 3817 τιμάς
836 3763 847 3775 ·
875 3748 967 3800 καὶ
998 3746 1094 3800 τοῦ
1127 3745 1487 3817 φιλαργύρου,
1519 3745 1586 3798 τὰ
1621 3745 1789 3817 κέρδη
1823 3762 1837 3777 ·
1875 3746 1971 3799 καὶ

374 3839 474 3892 τοῦ
528 3840 895 3911 μνησικάκου,
929 3840 1027 3911 τὴν
1070 3841 1287 3909 ἄμυναν
1320 3837 1417 3892 τοῦ
1444 3838 1792 3911 λυπήσαντος
1818 3857 1832 3871 ’
1872 3839 1970 3895 καὶ

372 3933 473 3987 τοῦ
525 3933 813 4006 φθονεροῦ,
848 3936 948 4006 τὴν
981 3935 1227 3989 κάκωσιν
1274 3933 1370 3987 τοῦ
1431 3933 1828 4005 φθονουμένου,
1872 3934 1970 3989 καὶ⁴

374 4022 472 4076 ἐπὶ
512 4022 621 4076 τῶν
654 4024 830 4079 ἄλλων
866 4023 1056 4077 παθῶν
1092 4024 1312 4095 ὁμοίως.
1351 4024 1446 4077 Ἐκ
1481 4023 1591 4094 γὰρ
1626 4023 1736 4077 τῶν
1779 4024 1969 4078 παθῶν

373 4115 707 4186 ὀχλούμενος
733 4117 876 4181 νοῦς,
905 4117 1174 4187 λαμϐάνει
1207 4118 1275 4171 τὰ
1296 4116 1522 4188 ἐμπαθῆ
1555 4119 1807 4190 νοήματα
1826 4157 1841 4183 ,
1870 4118 1969 4172 καὶ

373 4212 743 4282 ἐγρηγορότος
793 4211 887 4265 τοῦ
950 4212 1224 4283 σώματος,
1256 4214 1349 4266 καὶ
1405 4213 1546 4265 κατὰ
1584 4214 1712 4277 τοὺς
1740 4212 1964 4278 ῦπνους.

452 4298 547 4364 ξο’.
575 4301 743 4354 Ὅταν
770 4301 1034 4371 ἐπιθυμία
1066 4303 1226 4376 αὔξῃ,
1253 4303 1352 4367 τὰς
1379 4305 1669 4374 ποιητικὰς
1696 4305 1808 4359 τῶν
1847 4306 1970 4375 ἡδο-

373 4391 484 4445 νῶν
550 4391 681 4453 ῦλας
731 4396 787 4446 ὲν
840 4396 952 4457 τοῖς
997 4394 1183 4458 ὕπνοις
1214 4398 1241 4449 ὁ
1274 4397 1398 4460 νοῦς
1448 4396 1806 4466 φαντάζεταιο
1839 4399 1968 4451 ὅταν

2081 532 2194 587 Deo
2218 534 2427 587 versari
2458 548 2524 588 ac
2548 535 2735 589 vivere
2756 551 2866 589 non
2892 544 3096 605 potest.

2150 626 2241 680 65.
2281 627 2455 681 Nemo
2492 638 2564 691 te,
2601 628 2696 697 qui
2736 629 3069 683 monachum
3114 629 3457 699 profitearis,
3504 629 3673 685 sed"-

2081 726 2189 784 cat,
2220 727 2483 789 tanquam
2506 719 2626 773 fieri
2660 721 2856 790 possit,
2884 729 2945 774 ut
2987 722 3260 791 voluptati
3284 737 3349 776 ac
3378 722 3530 777 inani
3556 724 3673 793 glo-

2083 811 2177 865 ria;
2210 811 2454 877 deditus,
2488 812 2723 866 salutem
2750 813 3135 883 consequaris.

2150 904 2237 958 64.
2281 904 2758 971 Quemadmodum
2787 921 2988 976 corpus
3036 922 3222 961 rerum
3267 906 3497 963 obtentu
3544 925 3673 979 pec—

2080 1005 2187 1062 cat,
2225 997 2500 1067 habetque
2531 998 2601 1053 ad
2650 998 3000 1069 disciplinam
3028 1015 3123 1055 eas
3148 1000 3405 1065 virtutes,
3449 1017 3572 1072 quae
3600 1003 3669 1057 ad

2079 1105 2282 1159 corpus
2312 1099 2583 1161 spectant,
2622 1099 2683 1146 ut
2719 1092 3011 1147 erudiatur
3044 1111 3057 1147 :
3094 1093 3176 1147 sic
3202 1102 3260 1148 et
3294 1110 3450 1149 mens
3479 1094 3671 1149 libidi-

2080 1196 2341 1237 nosarum
2372 1183 2597 1238 incursu
2633 1186 3052 1255 cogitationum,
3087 1185 3365 1256 habetque
3415 1187 3673 1242 similiter

2078 1275 2147 1330 ad
2178 1276 2527 1347 disciplinam
2569 1278 2767 1334 animae
2804 1280 3061 1346 virtutes,
3094 1280 3301 1351 quibus
3345 1280 3553 1336 munde
3589 1282 3672 1336 ci-

2082 1378 2277 1441 traque
2307 1372 2597 1428 libidinem
2641 1389 2732 1430 res
2774 1383 3070 1442 contuens,
3116 1375 3301 1431 sobria
3350 1375 3506 1447 fruge
3553 1377 3672 1447 ipsa

2079 1474 2467 1533 componatur.

2150 1555 2239 1611 65.
2282 1555 2763 1622 Quemadmodum
2823 1558 2933 1615 diei
2990 1560 3244 1617 succedit
3292 1578 3445 1623 nox,
3499 1571 3671 1632 atque

2078 1649 2254 1704 :estati
2294 1649 2515 1707 hiems:
2550 1651 2633 1707 sic
2678 1652 2899 1706 inanem
2948 1654 3176 1723 gloriam
3220 1670 3284 1709 ac
3328 1655 3669 1725 voluptatem

2078 1758 2223 1812 pone
2264 1754 2576 1813 sequuntur
2605 1744 2834 1799 tristitia
2876 1754 2933 1799 et
2962 1746 3141 1812 dolor,
3173 1746 3290 1801 sive
3326 1746 3381 1801 in
3409 1747 3670 1817 praesenti

2003 1814 2049 1870 Β
2076 1834 2301 1897 sarculo,
2334 1834 2450 1889 sive
2482 1835 2539 1889 in
2564 1834 2776 1891 futuro.

2146 1922 2235 1977 66.
2280 1922 2428 1977 Fieri
2461 1938 2573 1978 non
2604 1933 2789 1994 potest
2812 1932 2872 1979 ιιι
2892 1925 3104 1995 peccati
3140 1941 3269 1982 reus
3304 1925 3556 1982 futurum
3581 1927 3670 1998 ju-

2071 2013 2280 2070 dicium
2325 2015 2545 2081 evadat,
2599 2017 2808 2088 absque
2856 2018 3145 2073 laboribus
3170 2019 3284 2073 vita
3331 2021 3435 2075 hac
3467 2031 3667 2091 sponte

2072 2107 2391 2178 assumptis,
2427 2108 2515 2164 vel
2550 2109 2717 2164 illatis
2750 2110 2933 2173 malis,
2967 2126 3091 2180 quae
3118 2112 3398 2181 patienter
3430 2113 3592 2167 ferat.

2142 2201 2231 2255 67.
2268 2199 2527 2270 Quinque
2580 2200 2821 2255 afferunt
2870 2216 3087 2267 causas,
3113 2202 3185 2256 ob
3218 2218 3357 2272 quas
3390 2218 3493 2257 nos
3521 2203 3668 2259 Deus

2072 2308 2104 2347 a
2135 2291 2481 2347 dzemonibus
2509 2292 2817 2362 oppugnari
2869 2290 3036 2347 sinat.
3070 2292 3150 2347 Ac
3171 2294 3405 2362 primam
3438 2294 3666 2363 quidem

2072 2398 2194 2437 esse
2229 2384 2407 2448 aiunt,
2446 2392 2509 2438 ut
2551 2382 2683 2437 dum
2749 2398 2933 2453 pugna
2967 2383 3129 2455 petiti
3176 2399 3569 2454 repugnamus,
3606 2402 3670 2441 ac

2074 2475 2406 2539 resistimus,
2442 2474 2666 2530 virtutis
2695 2474 2928 2545 vitiique
2963 2475 3357 2532 discretionem
3386 2494 3666 2547 paremus.

2073 2564 2318 2620 Alteram
2349 2574 2556 2631 autem,
2585 2575 2646 2621 ut
2669 2575 2826 2637 parta
2853 2567 3000 2621 bello
3024 2567 3232 2623 virtute
3260 2576 3427 2639 atque
3454 2570 3666 2632 labore,

2074 2656 2287 2711 ﬁrmam
2337 2658 2483 2712 illam
2520 2658 2915 2729 immotamque
2950 2666 3256 2715 teneamus.
3296 2660 3563 2720 Tertiam,
3608 2672 3669 2715 ut

2072 2748 2297 2802 virtutis
2351 2749 2603 2818 profectu
2633 2764 2742 2803 non
2794 2751 2965 2804 altum
3012 2751 3310 2821 sapiamus,
3338 2751 3435 2806 sed
3470 2767 3671 2806 sensus

2073 2839 2403 2895 modestiam
2450 2841 2751 2896 discamus.
2799 2841 3087 2908 Quartam,
3123 2851 3185 2897 ut
3216 2842 3339 2898 vitii
3389 2842 3535 2897 facto
3573 2860 3672 2914 pe-

2074 2928 2273 2995 riculo,
2309 2928 2556 2998 perfecto
2585 2930 2765 3000 ipsum
2792 2930 2921 2986 odio
2944 2946 3367 3002 prosequamur.
3404 2932 3671 3000 Quintam

2073 3021 2316 3092 denique
2347 3037 2411 3077 ac
2441 3038 2784 3094 supremam,
2811 3032 2873 3078 ut
2899 3024 3289 3095 imperturbati
3314 3026 3484 3081 animi
3516 3033 3671 3081 tran-

2074 3118 2406 3187 quillitatem
2437 3119 2647 3190 adepti,
2676 3119 3076 3177 imbecillitatis
3108 3123 3350 3193 propria:
3388 3140 3499 3178 non
3528 3123 3673 3177 obli-

2074 3204 2375 3268 viscamur,
2394 3221 2499 3261 nec
2532 3208 2689 3278 ejus,
2723 3208 2819 3279 qui
2852 3208 3075 3280 adjutor
3108 3208 3235 3276 fuit,
3267 3212 3529 3281 potentia:
3567 3212 3673 3266 im-

2074 3312 2351 3354 memores
2383 3298 2559 3355 simus

2145 3391 2233 3447 68.
2275 3392 2754 3459 Quemadmodum
2790 3393 3029 3451 famelici
3065 3395 3306 3463 animus,
3341 3413 3540 3467 panem
3571 3414 3671 3453 co-

2074 3484 2342 3557 gitatione
2368 3485 2651 3553 informat,
2688 3502 2755 3541 ac
2782 3486 3071 3553 sitibundi,
3099 3502 3299 3558 aquam
3324 3506 3339 3555 ;
3384 3490 3464 3543 sic
3487 3498 3543 3543 et
3568 3506 3671 3561 gu-

2073 3576 2200 3643 losi,
2237 3576 2415 3633 varias
2438 3577 2701 3648 cupedias
2716 3586 2774 3633 et
2799 3578 3013 3647 edulia;
3046 3578 3339 3647 luxuriosi,
3370 3580 3666 3636 mulierum

2073 3664 2313 3733 formas;
2342 3666 2524 3722 inanis
2558 3667 2745 3738 gloriae
2775 3667 2989 3738 cupidi,
3024 3670 3300 3725 humanos
3335 3672 3578 3727 honores
3602 3688 3667 3727 ac

2074 3758 2303 3825 laudes;
2334 3760 2509 3826 avari,
2534 3761 2724 3827 lucra;
2752 3777 3042 3820 rancorem
3080 3763 3362 3831 habentis,
3393 3766 3515 3836 ejus
3537 3766 3665 3819 vin-

2077 3848 2277 3903 dictam
2309 3864 2339 3903 a
2368 3864 2479 3919 quo
2514 3850 2773 3921 injuriam
2796 3852 3011 3920 accepit
3036 3870 3050 3918 ;
3086 3852 3281 3916 invidi,
3309 3855 3429 3925 ejus
3456 3856 3664 3910 malum

2074 3939 2131 3993 in
2162 3954 2327 4009 quem
2354 3940 2563 3993 exarsit
2592 3939 2834 4007 invidia;
2865 3940 3124 4012 idemque
3148 3942 3204 3997 in
3236 3943 3469 4014 reliquis
3488 3946 3662 4000 vitiis.

2072 4031 2308 4085 Animus
2346 4031 2496 4085 enim
2528 4032 2636 4087 illis
2662 4041 2940 4102 gravatus,
2973 4034 3173 4106 hisque
3198 4036 3276 4090 illi
3304 4037 3666 4092 obtundenti-

2073 4121 2202 4186 bus,
2247 4120 2575 4176 libidinosas
2620 4122 3004 4193 cogitationes,
3064 4126 3181 4180 sive
3229 4141 3463 4198 corpore
3520 4128 3663 4200 vigi-

2074 4216 2246 4279 lante,
2283 4214 2399 4269 sive
2427 4215 2482 4269 in
2512 4213 2745 4280 somnis,
2773 4217 3032 4273 assumit.

2143 4306 2303 4378 421
2329 4307 2417 4362 69.
2458 4306 2632 4361 Aucta
2657 4308 2827 4362 semel
2864 4308 3337 4380 concupiscentia,
3368 4309 3585 4365 animus
3608 4312 3683 4367 in'

2074 4401 2283 4456 somnis
2316 4416 2381 4455 ea
2413 4399 2695 4465 informat,
2732 4415 2857 4471 quae
2901 4402 3243 4471 voluptatem
3283 4418 3347 4456 ac
3372 4402 3665 4457 libidinem

372 4487 433 4540 δὲ
461 4487 489 4537 6
528 4487 718 4558 θυμὸς,
753 4488 823 4541 τὰ
855 4490 1037 4559 φόϐων
1088 4494 1345 4560 ποιητικὰ
1389 4491 1577 4560 βλέπει
1637 4491 1965 4562 πράγματα.

2077 4499 2289 4548 creant.
2322 4492 2582 4552 Auctiore
2609 4507 2741 4546 vero
2777 4492 2880 4557 ira,
2914 4508 3004 4547 res
3051 4492 3322 4549 terrificas
3346 4494 3516 4549 videt.
3549 4494 3667 4548 Au-

376 4580 615 4647 Αῦξουσι
659 4584 842 4652 μέντοι
893 4584 961 4637 τά
1014 4584 1185 4654 πάθη,
1246 4587 1292 4637 οἱ
1343 4586 1645 4656 ἀκάθαρτοι
1689 4587 1967 4657 δαίμονες,

375 4675 647 4743 συνεργὸν
675 4677 770 4744 τὴν
824 4677 1100 4747 ἡμετέραν
1146 4676 1407 4746 ἀμέλειαν
1442 4677 1839 4746 λαμϐάνοντες,
1876 4679 1972 4730 καὶ

373 4765 551 4818 ταῦτα
602 4767 956 4837 ἐρεθίζοντες.
1004 4768 1319 4822 Ἑλαττοῦσι
1377 4770 1433 4822 δὲ
1487 4772 1535 4822 οἱ
1599 4771 1746 4838 ἅγιοι
1804 4771 1971 4839 ἀγγε-

373 4859 495 4923 λοι,
532 4866 666 4931 πρὸς
726 4864 823 4933 τὴν
882 4863 990 4916 τῶν
1024 4864 1236 4934 ἀρετῶν
1285 4866 1429 4936 ἡμᾶς
1474 4864 1753 4928 κινοῦντες
1800 4867 1971 4937 ἐργα-

375 4952 523 5008 σίαν.

450 5044 514 5099 o’.
559 5046 631 5098 Τὸ
661 5048 759 5117 μὲν
790 5049 1189 5119 ἐπιθυμητικὸν
1245 5050 1345 5120 τῆς
1393 5048 1571 5120 ψυχῆς
1627 5050 1965 5119 πυκνότερον

374 5135 780 5207 ἐρεθιζόμενον,
822 5140 932 5206 ἕξιν
978 5139 1289 5209 φιληδονίας
1339 5139 1662 5209 δυσκίνητον
1708 5142 1773 5211 τῇ
1819 5140 1964 5211 ψυχῇ

375 5230 653 5301 ἐντίθησιν
684 5249 696 5262 °
730 5235 756 5285 6
791 5232 845 5285 δὲ
880 5233 1051 5303 θυμὸς
1093 5233 1337 5303 συνεχῶς
1382 5233 1794 5304 ταρασσόμενος
1816 5277 1830 5300 ,
1861 5235 1969 5287 δει-

373 5324 468 5377 λὸν
515 5326 610 5377 καὶ
657 5326 919 5397 ἄνανδρον
986 5328 1076 5378 τὸν
1125 5327 1250 5377 νοῦν
1286 5323 1683 5397 ἀπεργάζεται.
1748 5328 1967 5381 ’ἰῶνται

374 5418 458 5484 δὲ,
478 5418 535 5469 τὸ
555 5419 676 5489 μὲν,
706 5419 937 5490 ἄσκησις
956 5420 1320 5490 ἐπιτεταμένη
1350 5435 1415 5487 νη
1428 5418 1604 5480 ςτῑίας
1632 5421 1724 5472 καὶ
1748 5420 1967 5491 ἀγρυπ-

452 5574 530 5647 (a)
568 5577 702 5630 "Ira
749 5577 1129 5644 πειραθέντες
1184 5576 1296 5645 τῆς
1351 5580 1582 5645 κακίας.
1650 5579 1771 5633 Non
1826 5580 1969 5633 bene

375 5648 545 5703 ambo
573 5648 890 5717 superiores
922 5649 1155 5717 interpr.
1198 5648 1260 5702 Ut
1296 5651 1493 5703 tantuli
1528 5666 1544 5703 :
1574 5650 1709 5713 lmo,
1734 5658 1790 5702 ut
1848 5652 1962 5703 vitii

376 5718 945 5791 facioipcriéulotejus
996 5720 1218 5789 experti.
1274 5718 1364 5791 Sic
1414 5721 1561 5774 enim
1616 5721 1758 5775 bene
1802 5719 1965 5775 Suid.

376 5790 559 5862 πειρῶ
586 5798 641 5843 et
670 5790 968 5859 πειρῶμαι,
995 5793 1185 5860 γενικῇ
1217 5790 1524 5861 ἀπόπειραν
1549 5791 1829 5861 ποιοῦμαι.
1875 5808 1960 5861 pc-

2072 4594 2201 4659 gent
2232 4590 2401 4655 porro
2435 4584 2666 4639 affectus
2712 4599 2776 4638 ac
2804 4584 3274 4654 perturbationes,
3318 4585 3519 4653 impuri
3550 4585 3666 4640 da:-

2071 4694 2285 4741 mones,
2330 4677 2383 4730 id
2418 4676 2600 4746 ipsum
2632 4676 2782 4747 quod
2810 4678 2980 4731 vitam
3025 4678 3375 4747 negligimus,
3412 4678 3665 4731 subsidio

2071 4779 2416 4827 assumenles
2442 4786 2505 4824 ac
2540 4769 2900 4841 proritantes.
2925 4767 3183 4821 Minuunt
3200 4782 3332 4822 vero
3360 4768 3533 4821 sancti
3564 4782 3664 4820 an-

2071 4863 2178 4935 geli
2209 4862 2303 4932 qui
2336 4862 2404 4915 ad
2431 4858 2745 4930 praestanda
2776 4860 3048 4913 virtutum
3076 4873 3243 4928 opera
3286 4857 3521 4912 incitent
3542 4872 3666 4926 per-

2076 4964 2467 5023 lnovcantquc.

2148 5048 2235 5103 70.
2270 5047 2454 5101 Animi
2500 5045 2585 5100 vis
2610 5042 3010 5113 concupiscens
3041 5042 3173 5096 dum
3201 5040 3454 5095 crebrius
3490 5042 3639 5111 prori

2072 5149 2240 5204 tatur,
2278 5138 2530 5194 libidinis
2561 5136 2813 5191 habitum
2855 5135 3077 5190 difﬁcile
3104 5136 3365 5189 mobilem
3397 5135 3451 5188 in
3482 5136 3662 5188 anima

2073 5234 2228 5305 ponit
2255 5252 2268 5287 :
2307 5233 2385 5286 ira
2410 5247 2544 5285 vero
2573 5231 2780 5302 jugiter
2812 5240 3109 5293 commota,
3158 5230 3545 5283 meticulosum
3580 5238 3667 5281 at»

2072 5343 2180 5398 que
2222 5326 2501 5379 imbellem
2529 5325 2773 5379 animum
2807 5323 3011 5378 reddit.
3044 5324 3254 5377 Sanant
3285 5330 3469 5376 autem
3502 5332 3665 5389 atque

2076 5420 2390 5481 medentur,
2449 5417 2531 5470 illi
2588 5416 2847 5486 quidem,
2908 5416 3275 5486 jejuniorum,
3328 5414 3663 5484 vigiliarum,

2080 5577 2308 5632 riculum
2353 5576 2510 5699 (ario,
2558 5574 2959 5645 rmjieriorJloc
2982 5575 3129 5629 cnim
3182 5583 3287 5637 est,
3335 5570 3663 5651 quodper-

2080 5649 2275 5699 ii-etnm
2310 5649 2344 5699 il
2375 5649 2444 5699 ud
2475 5648 2664 5699 odium
2699 5647 2863 5699 narit.
2900 5646 2991 5698 ubi
3050 5645 3175 5699 nuis
3224 5644 3370 5698 serio
3406 5650 3660 5699 resmult,

2069 5649 2275 5703 fectum
2310 5644 2444 5701 illud
2475 5644 2664 5701 odium
2699 5647 2863 5716 parit.
2900 5646 2991 5698 ubi
3050 5645 3175 5715 quis
3224 5644 3379 5716 serio
3406 5644 3660 5716 resipuit,

2069 5719 2473 5786 amborumque
2501 5712 2801 5772 discrimen
2840 5716 2979 5785 (vitii
3006 5712 3083 5771 ac
3102 5714 3342 5770 virtutis)
3370 5714 3488 5783 ipso
3504 5712 3659 5783 quasi

2070 5799 2255 5861 gustu,
2282 5786 2360 5859 τῷ
2398 5789 2580 5854 πάθει,
2612 5789 2885 5861 cognovit.
