4076 6446
416 307 437 369 1
450 305 548 368 0οἹ

1538 310 1635 370 'S.
1671 310 1957 383 MAXIMI
1997 309 2505 371 CONFESSORIS

3541 306 3560 368 l
3570 309 3679 369 008

415 432 644 490 precum
692 427 953 475 contenta
982 420 1243 492 iugisque
1273 422 1640 488 exercitatio;
1672 423 1804 478 huic
1838 438 1994 487 vero,

2108 421 2221 484 νίας
2250 422 2345 474 καὶ
2377 419 2684 491 προσευχῆς
2709 437 2724 451 ο
2756 421 2849 475 τὸν
2875 420 2933 474 δὲ
2954 462 2968 483 ,
3002 423 3307 491 χρηστότης
3350 419 3447 474 καὶ
3480 420 3676 489 φιλαν-

414 508 632 574 lenitas,
657 509 988 580 benignitas,
1020 512 1286 579 eharitas,
1309 512 1710 571 misericordia.

485 599 574 653 71.
615 600 920 665 ῡωηιοιιεε,
974 610 1071 656 aut
1121 617 1309 656 rerum
1361 601 1585 658 incursu
1617 602 1823 658 bellum
1869 618 1993 656 mo-

411 697 563 755 vent,
606 700 702 745 aut
731 690 1154 749 libidinosarum
1182 694 1239 748 in
1279 694 1447 749 rebus
1470 694 1886 766 cogitationum.
1917 695 1997 749 Ae

411 781 636 851 quidem
666 798 853 836 rerum
898 784 1145 849 incursu,
1170 801 1269 841 eos
1318 785 1414 856 qui
1448 786 1505 840 in
1533 787 1699 841 rebus
1731 802 1795 841 ac
1829 801 1998 856 nego-

414 874 508 930 tiis
542 883 869 942 versantur;
904 877 1299 949 cogitationum
1324 894 1482 945 vero,
1527 894 1645 946 eos,
1673 879 1771 950 qui
1792 893 1853 934 se
1886 878 1996 935 illis

413 973 607 1044 procul
637 973 1043 1029 subduxerunt.

487 1063 575 1120 72.
615 1063 832 1131 Quanto
877 1062 1184 1134 proclivius
1239 1070 1325 1118 est
1379 1077 1445 1118 ac
1496 1060 1752 1128 facilius,
1812 1068 1996 1116 tecum

415 1157 601 1211 animo
642 1172 707 1211 ac
739 1155 1074 1227 cogitatione
1098 1168 1350 1224 peccare,
1406 1169 1572 1224 quam
1606 1154 1727 1224 ipso
1759 1163 1885 1210 actu
1917 1161 1999 1207 at-

413 1264 523 1318 que
544 1265 743 1319 opere;
784 1256 934 1303 tanto
980 1246 1202 1317 gravius
1231 1254 1314 1300 est
1348 1246 1581 1310 bellum,
1632 1244 1781 1315 quod
1805 1260 1874 1299 ex
1901 1259 1997 1298 co-

415 1341 797 1410 gitationibus,
825 1353 990 1411 quam
1024 1338 1173 1409 quod
1199 1353 1267 1394 ex
1300 1338 1470 1393 rebus
1498 1337 1845 1409 negotiisque
1868 1351 2000 1391 con-

416 1432 599 1487 ﬂatur.

490 1523 577 1577 75.
618 1521 728 1577 Res
760 1521 893 1592 ipsa:
925 1530 1082 1576 extra
1114 1528 1358 1575 mentem
1406 1527 1536 1575 sunt
1578 1537 1593 1574 :
1643 1534 1830 1575 rerum
1865 1532 2001 1573 vero

416 1610 799 1685 Cogitationes,
828 1612 971 1667 intra
991 1611 1320 1667 consistunt.
1348 1612 1483 1682 Ejus
1513 1611 1696 1682 itaque
1724 1611 2003 1669 facultatis

2097 512 2317 582 θρωπία
2342 513 2437 566 καὶ
2461 512 2649 582 ἀγάπη
2677 513 2771 565 καὶ
2805 511 2970 575 ἕλεος.

2164 602 2267 657 οα’.
2309 605 2375 657 Ἢ
2409 603 2499 656 διά
2522 604 2630 655 τῶν
2664 607 3003 673 πραγμάτων
3026 606 3075 659 οἱ
3117 604 3372 675 δαίμονες
3399 600 3678 673 πολεμοῦ-

2098 711 2200 756 σιν,
2237 696 2269 766 ἢ
2309 693 2397 747 διὰ
2435 694 2542 747 τῶν
2585 697 2643 746 ὲν
2676 695 2791 755 τοῖς
2813 694 3136 764 πράγμασιν
3175 692 3444 764 ὲμπαθῶν
3464 692 3678 763 νοημά-

2095 803 2226 843 των.
2279 787 2389 842 Καὶ
2440 787 2529 840 διά
2574 787 2675 857 μὲν
2718 786 2827 839 τῶν
2888 789 3256 858 πραγμάτων,
3279 787 3407 851 τοὺς
3458 788 3518 840 ὲν
3563 789 3679 850 τοῖς

2096 879 2416 950 πράγμασιν
2429 878 2589 943 ὂντας
2608 917 2624 943 ,
2653 878 2743 933 διά
2797 879 2854 933 δὲ
2909 879 3019 933 τῶν
3068 880 3379 952 νοημάτων,
3410 880 3537 945 τοὺς
3569 879 3680 934 τῶν

2099 973 2443 1044 πραγμάτοιν
2467 973 2937 1044 κεχωρισμένους.

2167 1061 2266 1131 οβ’.
2309 1060 2471 1117 Ὀσον
2536 1063 2686 1117 ἐστὶν
2733 1061 3113 1134 εὐκοπώτερον
3158 1061 3218 1117 τδ
3258 1062 3401 1116 κατά
3436 1062 3681 1117 διάνοιαν

2096 1155 2437 1225 ἁμαρτάνειν
2464 1153 2559 1207 τοῦ
2590 1153 2711 1229 κατξ
2743 1153 3051 1224 ἐνέργειαν,
3077 1153 3333 1207 τοσοῦτόν
3356 1154 3471 1206 ἐστι
3504 1153 3679 1224 βαρύ·

2096 1264 2254 1316 τερος
2282 1248 2310 1299 ό
2337 1245 2426 1300 διά
2480 1244 2590 1321 τῶν
2629 1244 2918 1318 νοημάτων
2964 1244 3237 1315 πόλεμος,
3285 1244 3381 1299 τοῦ
3433 1244 3522 1299 διά
3568 1245 3681 1297 τῶν

2099 1337 2466 1410 πραγμάτων.

2171 1510 2272 1582 ογ’.
2299 1514 2382 1569 Τά
2428 1513 2530 1586 μὲν
2580 1514 2885 1586 πράγματα
2920 1513 3120 1580 ἔξωθέν
3168 1516 3276 1569 εἱσι
3319 1513 3415 1569 τοῦ
3444 1513 3539 1569 νοῦ
3563 1533 3577 1547 ·
3611 1515 3680 1569 τὰ

2100 1604 2158 1661 δὲ
2182 1603 2387 1660 τούτων
2420 1606 2670 1675 νοήματα
2723 1603 2834 1659 lato
2865 1604 3231 1659 συνίστανται.
3277 1605 3366 1659 Ἐν
3395 1604 3548 1676 αὐτῷ
3584 1602 3683 1661 οὖν

416 1712 522 1766 est.
551 1705 692 1760 bene
723 1704 852 1768 illis,
881 1718 951 1757 an
983 1718 1167 1767 secus,
1205 1710 1413 1757 utatur.
1439 1702 1597 1769 Quod
1624 1704 1773 1758 enim
1806 1719 2001 1761 errore

2108 1698 2242 1762 ἑστι,
2274 1697 2337 1752 τὸ
2375 1694 2438 1752 εὖ
2490 1696 2706 1760 τούτοις
2756 1696 3087 1769 χρήσασθαι,
3122 1696 3156 1768 ἢ
3200 1696 3410 1762 κακῶς.
3435 1698 3514 1769 Τῇ
3571 1698 3685 1770 γὰρ

417 1794 589 1851 animi
623 1793 803 1850 sensis
832 1802 1075 1859 utamur,
1109 1808 1294 1848 rerum
1319 1792 1529 1850 abusus
1557 1794 1940 1866 consequitur.

2108 1788 2419 1861 ἑσφαλμένῃ
2446 1788 2556 1843 τῶν
2589 1789 2878 1859 νοημάτων
2938 1787 3133 1860 χρήσει
3162 1786 3238 1859 (b)
3265 1789 3300 1859 ή
3330 1789 3684 1861 παράχρησις

487 1980 576 2035 74.
615 1978 756 2045 Sunt
782 1978 899 2035 haec
928 1980 1030 2034 tria
1053 2021 1067 2045 ,
1116 1978 1264 2036 unde
1294 1995 1451 2036 mens
1494 1981 1822 2041 libidinosas
1855 1983 2008 2057 cogi-

420 2071 656 2129 tationes
678 2071 944 2140 assumit;
971 2086 1177 2144 nempe
1191 2088 1259 2129 ex
1283 2088 1471 2143 sensu,
1504 2090 1572 2131 ex
1600 2076 2003 2148 complexione,

417 2180 486 2218 ex
517 2162 806 2219 memoria.
838 2165 917 2219 Ae
950 2163 1175 2235 quidem
1204 2180 1271 2221 ex
1294 2179 1483 2233 sensu,
1513 2181 1641 2222 cum
1678 2183 1769 2223 res
1794 2167 1876 2222 illi
1901 2167 2006 2224 ob-

414 2257 575 2332 jecta:
606 2254 810 2326 quibus
848 2254 1139 2322 aﬂicimur,
1175 2256 1243 2319 ad
1289 2256 1619 2314 libidinosas
1643 2274 1763 2314 eam
1796 2259 2006 2330 cogita-

420 2346 602 2402 tiones
640 2346 950 2417 impellunt.
988 2346 1067 2401 Ex
1094 2347 1475 2416 complexione
1508 2355 1694 2404 autem
1739 2365 1838 2404 seu
1871 2358 2009 2405 tem-

421 2447 773 2509 peramento,
807 2452 934 2492 cum
966 2452 1066 2507 per
1096 2436 1439 2493 luxuriosam
1466 2439 1649 2495 victus
1693 2440 1964 2496 rationem
1989 2481 2004 2507 ,

421 2536 521 2583 aut
553 2527 878 2598 operatione
935 2525 1273 2593 dmmonum,
1335 2534 1431 2582 aut
1464 2542 1564 2597 per
1620 2526 2007 2599 aegritudinem

358 2636 367 2643 ο
421 2622 664 2692 aliquam
718 2618 965 2677 deterior
996 2618 1141 2674 facta
1203 2634 1267 2674 ac
1321 2620 1631 2685 immutata,
1667 2620 1737 2676 ad
1779 2621 2010 2676 vitiosas

421 2713 689 2785 ejusmodi
726 2710 1093 2783 cogitationes
1139 2712 1361 2778 excitat,
1394 2712 1481 2767 vel
1538 2711 1764 2783 obloqui
1814 2712 2005 2767 Provi-

420 2804 627 2859 dentiae
680 2803 849 2873 cogit.
904 2800 986 2856 Ex
1018 2802 1287 2858 memoria
1322 2818 1473 2871 vero,
1511 2818 1639 2859 cum
1693 2803 1787 2858 illa
1822 2818 2007 2859 rerum

410 2894 629 2966 .quibus
676 2891 861 2950 οπεριί
904 2890 999 2946 aut
1034 2891 1291 2950 delectati
1340 2910 1555 2961 sumus,
1592 2902 1897 2967 conceptus
1921 2911 2009 2951 re-

425 2986 605 3052 fricat,
662 2980 941 3055 similique
995 2983 1208 3039 ratione
1241 2984 1309 3039 ad
1362 2985 1593 3041 vitiosas
1643 2984 2008 3058 cogitationes

426 3083 628 3130 movet.
1963 3135 1979 3151 _

457 3221 464 3227 .
498 3167 587 3221 75.
628 3167 836 3223 Rerum
870 3171 1032 3227 nobis
1058 3189 1088 3228 a
1121 3173 1235 3229 Deo
1282 3170 1341 3225 in
1373 3184 1534 3225 usum
1578 3182 1965 3225 conuessarum
1989 3208 2005 3236 ,

410 3256 548 3313 'aiiae
578 3257 634 3312 in
666 3260 852 3314 animo
875 3270 1025 3327 sunt,
1050 3262 1172 3317 aliae
1199 3261 1254 3316 in
1289 3274 1543 3330 corpore,
1580 3258 1702 3314 aliae
1720 3258 1869 3314 circa
1892 3273 2010 3313 cor-

412 3364 552 3419 ,pus.
593 3350 729 3404 Puta
776 3350 832 3405 iu
895 3353 1125 3419 animo,
1183 3352 1306 3424 ejus
1364 3351 1545 3418 vires;
1610 3350 1666 3405 in
1731 3364 2007 3421 corpore,

414 3441 590 3513 422
621 3458 883 3498 sensuum
922 3460 1123 3516 organa
1158 3460 1223 3501 ac
1279 3443 1529 3499 membra
1564 3441 1779 3512 reliqua
1808 3459 1821 3496 :
1856 3441 2009 3497 circa

429 3547 651 3602 corpus,
686 3534 818 3592 cibi.
853 3536 1250 3605 possessiones,
1296 3550 1451 3605 opes,
1478 3548 1544 3589 ae
1586 3531 1644 3587 id
1675 3547 1851 3603 genus
1877 3531 2007 3587 alia.

414 3623 585 3690 Quod
608 3625 694 3680 bis
723 3625 892 3697 igitur
914 3626 1054 3682 bene
1075 3635 1171 3681 aut
1195 3626 1337 3681 male
1372 3634 1614 3690 utamur,
1651 3638 1765 3699 seu.
1787 3623 1855 3679 iis
1886 3637 2011 3695 qua:

414 3715 575 3770 circa
608 3716 721 3772 haec
752 3718 1030 3786 accidunt,
1055 3718 1188 3774 boni
1217 3726 1313 3773 aut
1338 3717 1465 3772 mali
1500 3715 1793 3772 efﬁcimur.

500 3993 588 4049 76.
630 3993 1011 4051 Accidentium
1075 3999 1130 4051 in
1169 3997 1354 4063 rebus,
1405 3997 1512 4051 alia
1558 3996 1615 4051 iu
1651 3995 1837 4051 animo
1858 4006 2008 4064 sunt,

426 4084 537 4139 alia
593 4085 649 4140 in
685 4100 951 4157 corpore;
985 4089 1092 4144 alia
1124 4088 1195 4144 iis
1238 4088 1295 4143 in
1330 4087 1520 4155 rebus,
1554 4101 1678 4158 qua:
1709 4096 1840 4143 sunt
1864 4089 2011 4146 circa

429 4191 652 4246 corpus.
706 4176 787 4232 Ac
830 4179 1054 4248 quidem
1092 4179 1147 4233 in
1204 4180 1412 4245 animo,
1469 4179 1643 4234 veluti
1695 4178 1927 4245 scientia
1957 4187 2013 4235 et

431 4265 763 4338 ignorantia,
800 4268 1009 4323 oblivio
1033 4277 1091 4323 et
1125 4268 1413 4335 memoria,
1449 4268 1675 4325 dilectio
1709 4276 1766 4325 et
1798 4268 2008 4333 odium.

442 4355 609 4410 timor
623 4359 678 4411 e‘t
708 4356 959 4423 audacia,
992 4359 1213 4414 tristitia
1234 4367 1290 4414 et
1314 4359 1597 4430 gaudium,
1624 4366 1790 4430 atque
1819 4359 1905 4415 his
1939 4360 2013 4416 si-

2033 3116 2081 3177 ο

2105 1882 2215 1935 τῶν
2248 1882 2594 1953 πραγμάτων
2618 1879 2921 1936 ἀκολουθεῖ.

2176 1971 2267 2026 οδ’.
2293 1972 2393 2027 Διά
2422 1971 2531 2026 τῶν
2560 1971 2729 2044 τριῶν
2756 1971 2963 2026 τούτων
2982 1971 3254 2042 λαμϐάνει
3275 1973 3304 2026 ὁ
3331 1971 3457 2036 νοῦς
3488 1974 3559 2026 τά
3587 1974 3683 2043 εμ-

2107 2064 2254 2137 παθῆ
2282 2067 2531 2136 νοήματα
2547 2080 2561 2094 ·
2584 2065 2674 2120 διά
2695 2064 2795 2135 τῆς
2818 2064 3145 2135 αἰσθήσεως,
3174 2064 3264 2119 διά
3291 2068 3391 2137 τῆς
3410 2066 3682 2136 κράσεω·,

2107 2154 2200 2209 διά
2228 2154 2330 2224 τῆς
2367 2154 2608 2225 μνήμης.
2645 2155 2752 2209 Καὶ
2787 2154 2877 2208 διὰ
2908 2154 3008 2224 μὲν
3039 2154 3138 2225 τῆς
3180 2154 3491 2225 αἰσθήσεως
3511 2198 3525 2219 ,
3557 2157 3684 2208 ὃταν

2110 2238 2519 2310 προσϐάλλοντα
2547 2238 2684 2309 αὐτῇ
2717 2236 2786 2291 τά
2814 2237 3117 2308 πράγματα
3140 2237 3277 2307 πρὸς
3305 2237 3450 2310 ἀπερ
3477 2237 3548 2293 τά
3586 2240 3683 2294 πάι·

2110 2331 2178 2401 θη
2228 2329 2581 2401 κεκτήμεθα,
2626 2331 2752 2401 κινῇ
2805 2329 2970 2384 αὐτὸν
3019 2329 3157 2401 πρὸς
3225 2331 3497 2403 ἐμπαθεῖς
3538 2332 3684 2400 λογιι

2110 2423 2300 2494 σμούς.
2326 2423 2495 2477 Διάδὲ
2521 2423 2620 2493 τῆς
2651 2423 2921 2494 κράσεως,
2956 2423 3086 2477 ὅταν
3117 2421 3179 2488 ἐξ
3207 2422 3510 2477 ἀκολάστου
3549 2423 3684 2477 διαί-

2108 2533 2229 2585 της,
2260 2515 2294 2586 ἢ
2320 2515 2602 2586 ἐνεργείας
2647 2515 3001 2585 δαιμόνων,ῆ
3060 2515 3364 2586 νοσήματος
3414 2531 3562 2579 τινος
3593 2517 3685 2571 ἀλ-

2108 2604 2457 2679 λοιουμένηή
2490 2605 2585 2661 τοῦ
2630 2606 2884 2677 σώματος
2915 2609 3135 2678 κρᾶσις,
3166 2608 3288 2678 κινῇ
3320 2607 3485 2661 αὑτὸν
3525 2607 3687 2662 πάλιν

2110 2700 2245 2772 πρὸς
2271 2700 2539 2772 ἐμπαθεῖς
2559 2699 2879 2771 λογισμοὺς,
2903 2701 2938 2771 ἢ
2959 2699 3102 2755 κατά
3138 2700 3239 2771 τῆς
3273 2700 3557 2772 Προνοίας.
3588 2701 3686 2754 Διά

2108 2792 2166 2847 δὲ
2198 2792 2298 2863 τῆς
2332 2794 2574 2863 μνήμης,
2597 2794 2723 2848 ὅταν
2775 2791 2885 2846 τῶν
2944 2792 3287 2863 πραγμάτων
3341 2792 3481 2865 πρὸς
3545 2791 3687 2862 ἅπερ

2110 2885 2465 2956 πεπόνθαμεν
2492 2884 2562 2939 τά
2594 2886 2843 2957 νοήματα
2880 2886 2913 2957 ή
2956 2886 3147 2956 μνήμη
3172 2885 3445 2959 ἀναφέρῃ,
3477 2886 3573 2940 καὶ
3605 2903 3687 2940 κι-

2110 2979 2175 3049 νῇ
2207 2977 2370 3032 αὐτὸν
2398 2977 2601 3050 ὁμοίως
2636 2978 2772 3051 πρὸς
2800 2977 3066 3050 ἐμπαθεῖς
3092 2976 3407 3049 λογισμούς.

2180 3158 2274 3216 οε’.
2307 3160 2428 3215 Τῶν
2475 3162 2555 3226 εἰς
2619 3162 2814 3234 χρῆσιν
2856 3161 3012 3233 παρά
3066 3160 3203 3215 Θεοῦ
3256 3160 3522 3217 δοθέντων
3558 3163 3687 3234 ἡμῖν

2110 3252 2503 3325 πραγμάτων,
2538 3253 2606 3308 τά
2655 3255 2778 3325 μὲν,
2816 3254 2875 3307 ὲν
2912 3256 2978 3325 τῇ
3032 3254 3221 3327 ψυχῇ,
3262 3254 3331 3309 τά
3384 3255 3463 3322 δὲ,
3504 3256 3564 3308 ὲν
3610 3255 3701 3326 τῷ

2111 3344 2375 3414 σώματι,
2429 3344 2501 3398 τά
2550 3343 2641 3408 δὲ,
2683 3343 2814 3415 περὶ
2854 3343 2918 3397 τὸ
2960 3343 3121 3415 σῶμα
3171 3344 3509 3415 εὑρίσκεται,
3557 3341 3685 3406 οἷον,

2110 3437 2169 3490 ὲν
2222 3436 2323 3507 μὲν
2374 3439 2442 3508 τῇ
2492 3436 2662 3509 ψυχῇ,
2699 3437 2756 3491 αί
2810 3436 3072 3508 δυνάμεις
3130 3438 3304 3510 αὐτῆς
3340 3454 3355 3470 ⁸
3386 3440 3446 3493 ὲν
3500 3439 3558 3493 δὲ
3613 3437 3688 3509 τῷ

2112 3529 2346 3599 σώματι,
2386 3528 2456 3583 τά
2492 3529 2825 3602 αίσθητήρια
2863 3530 2961 3584 καὶ
2985 3530 3054 3585 τά
3090 3529 3256 3585 λοιπά
3282 3531 3421 3602 μέλη
3445 3547 3459 3563 ⁸
3484 3531 3687 3603 περἰδὲ

2109 3621 2171 3674 τὸ
2219 3620 2419 3692 σῶμα,
2455 3621 2756 3694 βρώματα,
2798 3624 3081 3694 κτήματα,
3141 3623 3236 3678 καὶ
3278 3623 3347 3678 τά
3399 3623 3550 3694 ἑξῆς.
3617 3624 3686 3676 Τὸ

2111 3708 2205 3768 οὖν
2256 3708 2316 3769 εὖ
2373 3714 2583 3780 τούτοις
2635 3715 3010 3787 χρήσασθαιῆ
3067 3716 3341 3789 κακῶς,ῆ
3403 3718 3515 3780 τοῖς
3562 3718 3686 3786 περὶ

2112 3804 2284 3858 ταῦτα
2342 3805 2766 3877 συμϐεϐηκόσιν,
2800 3806 2835 3877 ἢ
2867 3807 3212 3879 ἐναρέτουςῆ
3242 3807 3484 3879 φαύλους
3543 3809 3688 3880 ἡμᾶς

2111 3896 2427 3968 ἀποφαίνει.

2187 3985 2293 4053 ος’.
2318 3988 2439 4041 Τῶν
2471 3989 2529 4041 ὲν
2550 3991 2661 4053 τοῖς
2699 3989 2994 4062 πράγμασι
3023 3988 3474 4061 συμὸεβηκότων,
3492 3990 3564 4045 τά
3594 3992 3689 4062 μέν

2111 4062 2219 4136 εισι
2243 4079 2351 4135 τῶν
2381 4081 2440 4135 ἐν
2477 4084 2542 4153 τῇ
2573 4080 2719 4154 ψυχῇ
2746 4121 2761 4147 ,
2791 4083 2860 4136 τά
2882 4082 2969 4149 δὲ,
2996 4083 3106 4137 τῶν
3135 4085 3194 4137 ἐν
3223 4083 3304 4155 τῷ
3337 4082 3550 4156 σώματι
3574 4124 3589 4149 ,
3623 4086 3690 4138 τὰ

2112 4172 2193 4239 δὲ,
2224 4174 2334 4227 τῶν
2365 4175 2497 4244 περὶ
2528 4173 2588 4228 τδ
2619 4173 2782 4246 σῶμα
2813 4176 3175 4247 πραγμάτων.
3206 4176 3320 4232 Καὶ
3365 4177 3474 4231 τῶν
3506 4177 3606 4248 μὲν
3633 4179 3689 4231 ἐν

2111 4268 2177 4340 τῇ
2206 4266 2374 4339 ψυχῇ,
2410 4261 2544 4333 οἷον,
2588 4267 2792 4337 γνῶσις
2846 4267 2942 4322 καὶ
2994 4268 3207 4338 ἄγνοια,
3265 4270 3404 4340 λήθη
3435 4272 3529 4325 καὶ
3556 4272 3688 4342 μνήο

2116 4376 2192 4431 μη
2215 4399 2230 4423 ,
2264 4359 2452 4431 ἀγάπη
2473 4353 2580 4413 ’καὶ
2614 4363 2794 4430 μῖσος,
2823 4359 2987 4431 φόϐος
3024 4360 3119 4415 καὶ
3144 4360 3345 4433 θάρσος
3372 4401 3388 4428 ,
3422 4362 3566 4433 λύπη
3598 4363 3687 4417 καὶ

432 4443 601 4499 milia.
638 4445 696 4500 In
730 4461 965 4515 corpore
1011 4456 1219 4510 autem,
1265 4456 1399 4517 puta
1460 4448 1714 4519 voluptas
1740 4457 1796 4506 et
1828 4450 2005 4516 dolor,

2114 4450 2280 4523 χαρά,
2320 4451 2417 4505 καὶ
2469 4451 2539 4505 τὰ
2596 4451 2726 4522 ἑξῆς
2751 4468 2764 4482 ·
2798 4452 2905 4506 τῶν
2944 4452 3001 4507 δὲ
3051 4455 3110 4507 ἐν
3155 4454 3234 4524 τῷ
3289 4454 3524 4526 σώματι,
3553 4451 3685 4518 οἷον,

431 4548 626 4593 sensus
670 4547 726 4594 et
758 4538 987 4605 orbitas,
1052 4538 1312 4593 valetudo
1349 4547 1406 4594 et
1437 4539 1740 4610 aegritudo,
1803 4540 1916 4597 vita
1951 4551 2011 4598 et

428 4642 601 4696 mors,
652 4639 711 4685 et
741 4628 966 4703 similia.
1000 4629 1161 4686 Circa
1202 4646 1408 4702 corpus
1441 4646 1595 4697 vero,
1630 4631 1801 4687 veluti
1855 4633 2007 4703 larga

2118 4544 2280 4616 ἡδονὴ
2303 4545 2399 4598 καὶ
2441 4545 2627 4610 πόνος,
2691 4546 2945 4618 αἴσθησις
2963 4548 3057 4600 καὶ
3084 4548 3337 4618 πήρωσις
3361 4585 3377 4611 ,
3415 4547 3572 4616 ὑγεία
3600 4548 3689 4602 καὶ

2114 4638 2291 4704 νόσος,
2351 4636 2465 4709 ζωὴ
2510 4638 2603 4691 καὶ
2660 4637 2909 4701 θάνατος,
2941 4639 3037 4691 καὶ
3085 4638 3155 4692 τὰ
3196 4640 3442 4695 τοιαῦτα.
3474 4640 3597 4695 Τῶν
3637 4641 3694 4693 δὲ

430 4720 616 4792 proles
642 4721 873 4794 ejusque
915 4722 1183 4789 carentia,
1214 4722 1423 4779 divitiae
1450 4732 1507 4778 et
1541 4732 1864 4794 paupertas,
1899 4724 2005 4796 glo-

2114 4730 2245 4801 περὶ
2270 4727 2330 4783 τὸ
2360 4728 2541 4800 σῶμα,
2580 4723 2715 4795 οἷον,
2749 4729 3003 4784 εὐτεκνία
3032 4731 3127 4784 καὶ
3171 4731 3419 4799 ἀτεχνία,
3465 4731 3693 4796 πλοῢτσς

431 4810 515 4866 ria
563 4819 622 4867 et
674 4811 999 4882 ignominia,
1063 4828 1131 4869 ac
1165 4812 1437 4886 ejusmodi
1497 4814 1731 4885 reliqua.
1780 4815 2011 4882 Horum,

429 4901 536 4958 alia
584 4901 749 4970 bona,
786 4905 893 4960 alia
927 4905 1071 4960 mala
1132 4905 1423 4961 hominum
1449 4906 1659 4977 judicio
1713 4905 2009 4974 habentur,

431 5010 555 5052 cum
609 4996 749 5053 nihil
805 4996 864 5051 in
909 4997 992 5052 eis
1029 4998 1232 5053 malum
1291 4999 1364 5055 sit
1426 4998 1647 5069 propria
1704 4999 1883 5069 ipsius
1917 5015 2009 5055 ra-

500 5127 573 5202 (b)
612 5129 691 5199 Τῇ
717 5131 1071 5203 ἐσφαλμένῃ
1107 5133 1230 5189 τῶν
1255 5134 1573 5204 νοημάτων
1608 5133 1844 5204 χρήσει.
1901 5136 2009 5192 Usu

427 5217 548 5278 eum
580 5204 1080 5278 errorgponjunctq.
1117 5205 1271 5261 Unus
1294 5206 1500 5278 Regius
1555 5204 1776 5278 habuit;
1803 5207 2004 5278 κρίσει.

430 5270 624 5345 Sedet
642 5285 692 5324 c.
724 5271 812 5345 θῇ,
840 5270 935 5327 η’ῠί
966 5275 1160 5345 eadem
1208 5270 1483 5331 sententia
1528 5283 1634 5341 est,
1690 5270 2008 5345 habentque

428 5340 662 5467 perinde
684 5340 856 5421 edita,
889 5344 1102 5422 χρήσει,
1132 5345 1471 5427 βοεὶἰροόό.
1509 5352 1565 5399 et
1624 5340 1785 5400 'Dul‘r.
1826 5340 2007 5416 κρίσει

469 5411 671 5467 abem:
707 5411 811 5464 fuit
839 5410 999 5467 facile
1031 5422 1359 5467 anttauarns
1393 5416 1629 5467 alterum
1655 5415 1831 5467 altero
1883 5431 2002 5467 mu-

446 5410 671 5481 iabent:
707 5411 811 5464 fuit
839 5410 999 5467 facile
1031 5410 1359 5484 antiquariis
1393 5416 1629 5471 alterum
1655 5415 1831 5470 altero
1868 5410 2002 5472 'mu-

428 5493 568 5544 tare,
583 5495 713 5554 cum
743 5496 936 5554 sensus
949 5494 1208 5554 neutrum
1230 5485 1483 5551 videatur
1510 5500 1790 5554 respuere,
1825 5493 1881 5540 et
1904 5501 2006 5540 vo-

429 5567 521 5607 ces
549 5552 630 5607 sic
655 5565 793 5606 sono
815 5550 1008 5624 aliines
1032 5552 1154 5624 sint
1198 5550 1423 5623 ipsaque
1471 5550 1793 5624 scriptione.
1839 5554 2011 5622 Magis

429 5632 611 5693 tamen
635 5630 821 5693 putem
850 5621 1138 5691 scripsisse
1197 5621 1414 5693 χρήσει,
1474 5621 1620 5693 quod
1667 5634 1725 5679 ct
1780 5625 2005 5679 retinui.

431 5691 586 5747 Unde
607 5706 727 5761 cap.
757 5691 825 5748 78
861 5708 874 5744 :
912 5692 1005 5765 Μὴ
1031 5691 1299 5764 παραχρῶ
1318 5695 1434 5749 τοῖς
1483 5691 1747 5763 νοήμασιν
1808 5698 2010 5759 ubique

2111 4821 2208 4876 καὶ
2276 4819 2459 4884 πενία,
2514 4821 2642 4886 δόξα
2692 4822 2788 4874 καὶ
2832 4821 3058 4887 ἀδοξία,
3089 4824 3187 4878 καὶ
3227 4825 3297 4877 τά
3347 4824 3500 4896 ἑξῆς.
3555 4825 3692 4878 Τοὺ-

2109 4928 2220 4965 των
2248 4911 2339 4975 δὲ,
2373 4910 2444 4965 τά
2496 4911 2598 4983 μὲν
2632 4911 2795 4987 παλά,
2818 4912 2887 4965 τά
2914 4913 2997 4966 -δὲ
3035 4912 3185 4967 κακά
3220 4916 3338 4978 τοῖς
3385 4914 3693 4988 ἀνθρώποις
3764 4976 3771 4981 θ

2110 5001 2413 5073 νομίζεται,
2448 5001 2600 5056 οὐδὲν
2644 5001 2825 5058 αὐτῶν
2887 5005 3056 5058 κακὸν
3099 5003 3160 5059 ὃν
3199 5005 3277 5077 τῷ
3345 5006 3461 5078 ἰδίῳ
3523 5006 3692 5077 λόγῳ’

2104 5154 2452 5210 componens
2484 5154 2643 5196 usum
2679 5140 2829 5208 usui,
2857 5141 2912 5197 in
2939 5143 3107 5198 animi
3147 5143 3461 5200 rationibus
3530 5152 3586 5200 et
3639 5144 3693 5198 in

2110 5210 2318 5294 rebus;
2352 5212 2682 5282 egregieque
2706 5214 2937 5294 exponit
2961 5223 3157 5271 auctor
3188 5213 3375 5294 §chol.
3432 5230 3501 5269 ex
3540 5214 3690 5294 θυῖε.

2109 5280 2234 5355 cod.
2293 5281 2350 5334 in
2395 5280 2729 5355 Vsaerarum_
2766 5280 3090 5355 imaginum,
3156 5284 3265 5336 τῶν
3325 5289 3693 5355 χαρακτήρων

2109 5352 2407 5427 νοήμασιν·
2442 5351 2647 5427 quibus
2680 5351 3092 5427 abutiostendit
3120 5355 3213 5424 qui
3243 5351 3692 5427 easimpugnent.

2110 5420 2577 5495 Repraesentanda
2600 5422 2721 5495 lucc
2750 5422 2959 5495 scholia
2982 5432 3108 5495 post
3133 5420 3395 5495 quartum
3434 5420 3699 5495 centena-

2112 5490 2282 5563 rium,
2308 5506 2435 5563 qua;
2454 5492 2685 5563 alterius
2717 5492 2903 5561 potius
2935 5490 3219 5559 videntur,
3246 5508 3412 5563 quam
3458 5494 3693 5558 Maximi,

2114 5574 2179 5611 ac
2201 5561 2321 5632 ejus
2346 5562 2440 5630 qui
2466 5571 2588 5632 post
2614 5562 3080 5618 leonoelastarum
3106 5561 3292 5619 natam
3343 5563 3597 5621 haeresim
3621 5565 3697 5619 vi-

2116 5639 2278 5684 XCI'IL
