4076 6460
361 447 497 512 1009

1238 455 1570 518 CAPITUM
1612 454 1708 512 DE
1748 445 2178 510 CIIARITATE
2213 445 2602 505 CENTURIA
2641 446 2723 505 II.

3479 440 3616 504 ιιιιο

361 563 513 633 παρά
540 561 596 616 δέ
624 562 722 630 τὴν
750 565 965 636 χρῆσιν,
993 565 1101 620 εἴτε
1141 567 1289 622 κακά
1327 567 1552 639 κυρίως,
1588 567 1698 618 εἴτε
1758 561 1938 631 ἀγαθὰ

2048 555 2226 621 tione;
2264 555 2360 610 sed
2405 571 2578 624 penes
2635 569 2793 607 usum
2849 567 2977 607 vere
3009 561 3104 606 aut
3138 553 3299 614 mala,
3341 560 3436 605 aut
3469 549 3615 605 bona

361 654 695 726 εὑρίσκεται.

434 747 528 815 οξ·
560 752 714 825 Καλὴ
761 755 796 823 ἡ
849 755 1051 824 γνῶσις
1095 759 1164 828 τῇ
1227 756 1430 825 φύσει·
1489 755 1692 826 ὁμοίως
1746 753 1802 806 δὲ
1845 756 1939 806 καὶ

361 841 524 912 ὑγεία
547 861 560 874 ·
587 845 724 899 ἀλλὰ
757 849 1019 903 τάναντία
1039 850 1167 913 τοὺς
1187 849 1414 913 πολλοὺς
1437 850 1579 920 ἢπερ
1601 849 1773 901 ταῦτα
1796 845 1940 915 ὠνη-

365 951 476 988 σςν.
519 935 644 999 Τοῖς
698 939 804 1010 γὰρ
842 939 1066 1008 φαύλοις
1134 942 1234 994 οὐκ
1295 942 1376 1005 είς
1445 941 1609 994 καλὸν
1649 940 1680 1009 ἡ
1728 939 1942 1006 ’γνῶσις

364 1026 674 1096 συμϐαίνει,
705 1031 754 1082 εί
789 1031 882 1085 καὶ
907 1035 973 1103 τῇ
1010 1033 1190 1102 φύσει,
1221 1034 1296 1096 ὡς
1322 1033 1538 1104 εἴρηται
1559 1073 1574 1097 ,
1607 1033 1724 1085 ἐστὶ
1759 1031 1897 1101 καλή
1924 1047 1937 1060 ·

361 1118 563 1184 ὁμοίως
582 1119 636 1172 δὲ
655 1121 773 1174 ούδέ
792 1123 968 1191 ὑγεία,
993 1124 1113 1178 οὐδὲ
1136 1125 1384 1188 πλοῦτος,
1408 1123 1528 1177 οὐδὲ
1543 1124 1706 1194 χαρά.
1734 1125 1807 1176 Ού
1833 1121 1940 1193 γὰρ

367 1209 754 1280 συμφερόντως
775 1212 986 1276 τούτοις
1016 1214 1333 1284 κέχρηνται.
1364 1215 1509 1286 ’Ἄρα
1546 1211 1640 1268 οὖν
1674 1213 1937 1268 τάναντία

365 1299 577 1362 τούτοις
607 1303 897 1373 συμφέρει.
935 1305 1146 1359 Οὐκοῦν
1176 1306 1299 1359 ούδέ
1332 1306 1518 1360 ἐκεῖνα
1553 1306 1703 1360 κακὰ
1724 1306 1800 1376 τῷ
1827 1305 1941 1376 ἰδίῳ

365 1391 509 1461 λύγῳ
540 1393 819 1463 τυγχάνει,
842 1397 899 1448 σί
930 1396 1022 1450 καὶ
1050 1396 1198 1452 δοκεῖ
1223 1397 1369 1451 κακά
1399 1394 1560 1452 εἶναι.

437 1561 539 1636 οη’.
567 1566 657 1636 Μὴ
684 1568 958 1640 παραχρῶ
995 1570 1108 1632 τοῖς
1141 1569 1407 1639 νοήμασιν
1435 1567 1569 1640 (l9),
1609 1569 1697 1622 ἵνα
1749 1568 1824 1639 μὴ
1883 1568 1943 1633 ἐξ

369 1655 619 1726 ἀνάγκης
672 1658 910 1722 καὶτοῖς
958 1660 1247 1731 πράγμασι
1296 1661 1648 1731 παραχρήσῃ.
1682 1661 1805 1714 Ἐὰν
1835 1661 1942 1731 γὰρ

369 1747 446 1816 μή
480 1764 561 1811 τις
628 1748 844 1819 πρῶτον
905 1749 1047 1803 κατά
1102 1749 1340 1804 διάνοιαν
1395 1751 1828 1821 ἁμαρτάνῃ,ούκ
1874 1750 1942 1805 ἂν

369 1835 592 1908 ἁμάρτῃ
626 1838 756 1891 ποτέ
787 1841 908 1892 κατ’
934 1841 1238 1911 ἐνέργειαν.

2043 647 2478 715 comperiantur.

2115 739 2202 791 77.
2245 738 2394 792 Bona
2455 745 2540 792 est
2586 744 2783 789 natura
2841 735 3112 800 scientia;
3173 734 3432 789 similiter
3484 748 3621 788 vero

2042 829 2210 884 etiam
2267 830 2475 884 sanitas
2515 847 2529 882 :
2565 829 2754 882 multis
2817 836 3000 882 tamen
3051 827 3225 898 magis
3290 827 3622 896 profuerunt
3670 842 3675 864 τ

2045 920 2244 975 horum
2285 921 2583 977 contraria.
2636 921 2792 975 Malis
2823 920 2971 975 enim
3007 933 3073 974 ac
3102 917 3391 990 improbis,
3418 933 3528 972 non
3563 918 3620 970 in

2044 1013 2252 1076 bonum
2279 1012 2427 1068 cedit
2461 1012 2723 1078 scientia;
2753 1011 2972 1067 tametsi
3010 1010 3124 1075 illa,
3172 1017 3233 1063 ut
3257 1008 3463 1063 dictum
3514 1014 3619 1068 est,

2043 1113 2240 1158 natura
2273 1105 2346 1160 sit
2376 1105 2552 1171 bona;
2587 1105 2814 1175 parique
2851 1104 3064 1159 ratione
3088 1115 3194 1158 nec
3219 1101 3499 1164 vale-tudo,
3521 1114 3626 1153 nec

2045 1195 2272 1260 divitiae,
2300 1211 2484 1266 neque
2529 1196 2810 1267 gaudium.
2844 1195 2965 1250 Non
3017 1194 3165 1250 enim
3220 1193 3310 1249 his
3370 1199 3623 1254 utuntur,

2047 1295 2109 1341 ut
2141 1287 2251 1342 illis
2282 1297 2368 1343 est
2399 1288 2556 1344 mile.
2604 1287 2776 1358 Igitur
2807 1287 3128 1344 conducunt
3167 1286 3364 1340 borum
3402 1291 3623 1339 contra-

2047 1378 2149 1432 ria.
2185 1378 2330 1448 Ergo
2355 1394 2460 1433 nec
2491 1379 2584 1433 illa
2617 1380 2760 1433 mala
2793 1388 2923 1433 sunt
2985 1378 3208 1449 pr0pria
3253 1377 3501 1447 ipsorum
3539 1390 3627 1428 ra-

2047 1470 2219 1534 tione,
2249 1471 2353 1526 etsi
2383 1471 2644 1526 videntur
2676 1487 2797 1527 esse
2831 1471 2992 1526 mala.

2121 1561 2208 1615 78.
2246 1560 2388 1616 Cave
2428 1562 2674 1617 abutaris
2723 1561 3156 1633 c0gitationibus
3189 1559 3470 1628 animique
3501 1573 3627 1612 sen-

2043 1652 2126 1708 sis
2155 1694 2169 1715 ,
2233 1670 2303 1709 ne
2364 1663 2420 1710 et
2449 1655 2616 1710 rebus
2671 1655 2984 1711 necessario
3018 1654 3284 1709 abutaris.
3327 1653 3440 1707 Nisi
3477 1651 3624 1705 enim

2045 1745 2172 1814 quis
2195 1746 2351 1815 prius
2385 1757 2570 1802 mente
2602 1755 2811 1818 peccet,
2847 1762 3130 1818 nunquam
3157 1747 3277 1817 ipso
3307 1753 3433 1801 actu
3459 1753 3626 1814 atque

2046 1850 2212 1905 opere
2243 1839 2573 1906 peccaverit.

437 1927 736 1986 οθ⁹.Είκὼν
783 1932 878 1985 τοῦ
920 1933 1108 2003 χοϊκοῦ
1169 1936 1227 1988 αἱ
1272 1934 1485 2003 γενικαὶ
1522 1934 1712 1990 κακίαι
1770 1935 1942 2007 ὑπάρ-

2083 1900 2202 1981 -79.
2244 1900 2474 1984 ἰΓειΊ-ειιὶ
2514 1932 2692 2002 imago
2745 1941 2875 1986 sunt
2908 1932 3185 2003 generalia
3233 1931 3400 1986 vitia:
3437 1930 3624 1986 stulti-

363 2042 554 2096 χουσιν
586 2042 599 2057 ο
645 2023 778 2092 οἷον,
829 2028 1130 2099 ἀφροσύνη,
1163 2024 1370 2093 δειλία,
1412 2027 1697 2093 ἀκολασία,
1736 2028 1938 2084 ἀδικία.

371 2116 557 2173 Είκὼν
587 2119 643 2173 δὲ
663 2121 758 2174 τοῦ
783 2121 1128 2191 ἐπουρανίου,
1169 2123 1224 2174 αί
1267 2122 1482 2190 γενικα¹ι
1524 2121 1715 2191 ἀρεταὶ
1742 2160 1758 2186 ,
1790 2117 1902 2174 οἷον
1926 2161 1940 2187 ,

367 2211 656 2280 φρόνησις,
721 2213 964 2286 ἀνδρεία,
997 2215 1344 2286 σωφροσύνη,
1377 2214 1716 2284 δικαιοσύνη.
1755 2213 1942 2267 Ἀλλὰ

366 2302 563 2369 καθὼς
584 2303 956 2373 ἐφορέσαμεν
975 2305 1090 2374 τὴν
1111 2308 1314 2361 εἰκόνα
1343 2305 1450 2361 τοῦ
1485 2306 1693 2375 χοϊκοῦ
1721 2345 1735 2369 ,
1769 2303 1942 2374 φορέ-

365 2409 572 2462 σωμεν
595 2395 693 2448 καὶ
734 2395 850 2464 τὴν
873 2398 1081 2451 εἰκόνα
1111 2397 1217 2452 τοῦ
1250 2398 1639 2466 ἐπουρανίου.

439 2484 512 2539 π’.
555 2488 617 2541 Εἰ
645 2486 820 2551 Θέλεις
849 2489 1032 2558 εύρεῖν
1066 2489 1165 2560 τὴν
1197 2490 1315 2544 ὁδὸν
1363 2489 1460 2560 τὴν
1498 2490 1825 2558 ’ἀπάγουσαν
1863 2492 1942 2553 είς

361 2580 462 2649 τὴν
495 2579 660 2651 ζωὴν,
695 2581 754 2633 ἐν
787 2584 853 2652 τῇ
877 2581 980 2652 ὁδῷ
1001 2581 1170 2652 αὐτὴν
1219 2582 1392 2652 ζήτει,
1423 2584 1587 2637 κάκεῖ
1620 2583 1792 2653 αὐτὴν
1845 2583 1940 2635 εὑ-

366 2674 598 2743 ρίσκεις,
632 2676 697 2745 τῇ
725 2675 952 2745 είπούσῃ
983 2691 997 2706 ·
1042 2674 1184 2745 Ἐγώ
1207 2677 1323 2746 ειμι
1348 2677 1387 2745 ἡ
1429 2675 1588 2741 ὁδὸς,
1621 2677 1720 2729 καί
1750 2677 1788 2744 ἡ
1809 2672 1922 2742 (wh

364 2763 522 2830 καὶή
562 2763 833 2830 ἀλήθεια.
865 2765 1013 2837 Πλὴν
1051 2767 1260 2838 σφόδρα
1311 2767 1567 2838 ἐμπόνως
1607 2766 1783 2838 ζήτει,
1806 2765 1941 2818 διότι

365 2855 562 2926 ὀλίγοι
599 2857 764 2911 εἰσιν
808 2860 862 2911 οι
912 2857 1301 2925 εὑρίσκοντες
1337 2858 1568 2926 αὐτήνο
1601 2859 1697 2912 καὶ
1751 2860 1943 2930 μήπως

363 2944 476 2998 τῶν
537 2945 736 3015 ὀλίγων
791 2946 1162 3016 ἀπολειφθεὶς,
1220 2948 1358 3019 μετὰ
1417 2948 1525 3004 τῶν
1596 2949 1809 3002 πολλῶν
1855 2951 1944 3002 εύ-

373 3036 609 3109 ρεθήσῃ.

438 3134 549 3181 πα’.
569 3127 668 3181 Διά
696 3127 763 3182 τὰ
774 3129 934 3185 πέντε
955 3130 1127 3185 ταῦτα
1156 3133 1188 3204 ἡ
1213 3132 1358 3204 ψυχὴ
1378 3133 1484 3187 ἀπὸ
1510 3134 1794 3206 ἁμαρτιῶν
1813 3134 1944 3187 ἀνα-

2047 2017 2142 2081 tia,
2173 2017 2408 2088 ignavia,
2471 2020 2914 2091 intemperantia,
2958 2022 3246 2092 iniustitia.
3301 2022 3486 2092 Imago
3519 2037 3621 2076 auv

2046 2118 2153 2164 tem
2196 2113 2456 2174 caalestis,
2513 2115 2830 2182 prudentia,
2889 2114 3178 2179 fortitudo,
3228 2114 3621 2184 temperantia,

2043 2202 2253 2271 justitia
2299 2221 2312 2256 :
2356 2204 2548 2258 Verum
2571 2208 2707 2259 sicut
2739 2208 3064 2275 portavimus
3094 2207 3379 2277 imaginem
3405 2207 3622 2270 terreni,

2047 2304 2312 2363 portemus
2342 2304 2390 2348 et
2420 2298 2705 2368 imaginem
2739 2298 2957 2353 cariestis
2979 2300 3121 2353 ⁸⁶’⁵⁹.

2111 2493 2198 2548 80.
2240 2495 2297 2549 Si
2346 2495 2431 2550 vis
2466 2495 2717 2552 invenire
2769 2496 2940 2562 viam,
2991 2511 3114 2566 qua:
3147 2495 3300 2551 ducit
3332 2494 3400 2551 ad
3435 2494 3626 2559 vitam,

2043 2600 2166 2640 eam
2193 2585 2247 2639 in
2283 2585 2372 2640 via
2406 2599 2612 2656 quaarc,
2651 2585 2839 2656 ibique
2872 2601 2992 2664 eam
3027 2585 3307 2651 invenies;
3335 2599 3534 2654 nempe
3571 2584 3627 2638 in

2045 2675 2154 2739 via,
2187 2693 2310 2745 quae
2358 2677 2453 2741 ait,
2494 2677 2606 2748 Ego
2655 2694 2775 2732 sum
2825 2679 2932 2753 uia,
2981 2685 3030 2730 et
3064 2679 3172 2730 vita
3227 2684 3277 2729 et
3329 2677 3523 2729 veritas
3559 2674 3624 2728 “.

2045 2765 2237 2832 Quaere
2295 2781 2430 2822 vero
2459 2775 2706 2832 strenue,
2758 2766 3147 2834 indefessoque
3188 2765 3376 2819 labore
3409 2773 3466 2819 et
3512 2763 3627 2819 acri

2046 2857 2335 2923 industria,
2395 2873 2463 2913 eo
2519 2858 2664 2927 quod
2702 2857 2858 2928 pauci
2911 2866 3053 2920 sunt,
3108 2858 3200 2926 qui
3255 2854 3628 2910 inveniuntil-

2048 2947 2157 3002 lam
2190 2949 2264 3013 δίς
2305 2962 2374 3003 ιιε
2420 2948 2564 3002 forte
2613 2962 2916 3016 paucorum
2959 2946 3180 3001 illorum
3213 2945 3472 3000 exclusus
3513 2959 3624 2997 nu-

2048 3055 2221 3105 mero,
2253 3056 2378 3095 cum
2415 3039 2605 3096 multis
2633 3039 2956 3094 inveniaris.

2122 3132 2209 3186 8|.
2251 3131 2508 3202 Quinque
2544 3133 2648 3188 ista
2679 3140 2831 3197 sunt,
2861 3132 2934 3186 ob
2965 3146 3088 3202 quae
3116 3131 3334 3185 animus
3368 3145 3398 3185 a
3431 3144 3628 3200 pecca-

371 3218 636 3274 κόπτεται
669 3236 683 3250 ο
719 3221 751 3293 ἢ
783 3221 872 3275 διὰ
903 3223 994 3276 τὸν
1013 3222 1177 3291 φόϐον
1205 3222 1654 3295 τῶνάνθρώπων,
1688 3223 1832 3296 ἢδιά
1853 3224 1944 3277 τὸν

2050 3223 2120 3278 ιὶε
2159 3223 2532 3290 absterretur;
2565 3232 2662 3280 aut
2724 3239 2925 3293 nempe
2990 3224 3233 3277 humano
3288 3222 3504 3284 timore,
3535 3226 3632 3274 aut

371 3311 538 3379 φόϐον
563 3312 658 3382 τῆς
685 3313 939 3384 κρίσεως,
974 3314 1007 3386 ἦ
1039 3315 1126 3369 διὰ
1145 3314 1241 3387 τὴν
1278 3315 1580 3386 μέλλουσαν
1613 3315 1938 3387 μισθαποδο-

2048 3314 2232 3391 iudicii
2276 3323 2462 3380 metu,
2515 3323 2610 3370 aut
2637 3330 2734 3393 spe
2783 3315 2984 3371 futurae
3035 3314 3331 3378 mercedis,
3377 3321 3472 3368 aut
3528 3313 3631 3367 Dei

369 3401 514 3467 σίαν,
543 3402 574 3474 ἢ
608 3403 694 3457 διὰ
713 3405 812 3476 τὴν
840 3406 1064 3476 ἀγάπην
1084 3405 1181 3460 τοῦ
1211 3406 1372 3472 Θεοῦ,
1429 3408 1462 3479 ἢ
1504 3406 1814 3462 τελευταῖον
1853 3408 1940 3462 διὰ

2048 3406 2335 3472 charitate,
2357 3417 2453 3462 aut
2479 3415 2761 3478 postremo
2791 3407 2966 3478 ipsius
2997 3407 3350 3463 conscientiae
3374 3405 3626 3460 verbere.

367 3492 677 3569 συνείδησιν
700 3495 1027 3549 τύπτουσαν.

439 3582 551 3655 πβ’.
586 3586 746 3650 Τινές
781 3605 964 3657 φασιν,
997 3591 1082 3642 ὅτι
1116 3591 1216 3643 οὐκ
1247 3589 1314 3644 ἂν
1337 3583 1404 3660 ἦν
1427 3588 1488 3642 τὸ
1518 3589 1689 3644 κακὸν
1729 3593 1788 3644 ἐν
1829 3594 1943 3656 τοῖς

365 3668 541 3740 οὖσιν,
570 3677 619 3728 εί
657 3680 787 3748 μήτι
809 3679 854 3731 δ’
885 3678 948 3732 ἂν
979 3680 1142 3750 ἑτέρα
1169 3697 1255 3742 τις
1283 3675 1351 3751 ἦν
1382 3679 1634 3751 δύναμις,
1668 3682 1700 3751 ή
1751 3681 1944 3735 ἀνθέλ-

374 3782 540 3820 κουσα
569 3767 717 3837 ἡμᾶς
747 3769 834 3822 ἐπ’
863 3770 1014 3825 αὐτό.
1047 3771 1201 3838 Αὕτη
1249 3771 1306 3825 δέ
1344 3773 1492 3826 ἐστιν
1531 3773 1685 3827 οὐδὲν
1734 3773 1942 3846 ἕτερον,

373 3855 406 3926 ἦ
448 3857 620 3927 ἡτῶν
676 3859 816 3915 κατά
872 3861 1035 3931 φύσιν
1093 3863 1188 3918 τοῦ
1233 3863 1326 3918 νοῦ
1359 3865 1656 3936 ἐνεργειῶν
1689 3866 1943 3938 ἀμέλεια.

368 3948 575 4020 Διόπερ
600 3950 649 4003 οἱ
673 3951 878 4006 τούτων
909 3954 1008 4024 τὴν
1029 3955 1350 4026 ἐπιμέλειαν
1377 3956 1711 4028 ποιούμενοι,
1751 3959 1820 4014 τὰ
1849 3960 1948 4030 μὲν

372 4039 542 4106 καλὰ,
611 4041 700 4094 ἀεὶ
750 4043 964 4098 ποιοῦσι
995 4062 1008 4076 ·
1044 4046 1114 4100 τὰ
1137 4047 1195 4100 δὲ
1230 4048 1375 4102 κακά
1410 4048 1673 4122 [Γπ-,Ὅρα
1725 4051 1778 4104 τί
1833 4055 1949 4107 ἐστι

369 4130 586 4203 auxia],
621 4132 894 4191 οὐδέποτε.
944 4135 1011 4191 Εἰ
1041 4132 1133 4191 οὖν
1164 4137 1341 4203 Θέλεις
1369 4141 1465 4198 καὶ
1491 4142 1578 4206 σὺ,
1605 4141 1828 4198 ἄπωσαι
1853 4144 1951 4216 τὴν

371 4224 658 4292 ἀμέλειαν,
690 4227 784 4280 καὶ
810 4228 1231 4295 συναπελαύνεις
1257 4231 1357 4303 τὴν
1385 4233 1584 4287 κακίαν
1607 4250 1620 4263 '
1652 4234 1774 4305 ἥτις
1805 4238 1952 4291 ἐστιν

368 4318 404 4384 ἡ
438 4316 752 4389 ἐσφαλμένη
786 4320 982 4391 χρῆσις
1014 4322 1122 4375 τῶν
1150 4324 1436 4393 νοημάτων
1457 4363 1472 4388 ,
1592 4326 1954 4382 ἐπακολουθεῖ

370 4407 404 4474 ἡ
440 4407 789 4480 παράχρησις
811 4411 920 4464 τῶν
948 4413 1314 4484 πραγμάτων.

445 4495 556 4566 πγ’.
585 4500 740 4554 Κατά
768 4501 928 4571 φύσιν
959 4504 1076 4557 ἐστὶ
1100 4505 1192 4558 τοῦ
1223 4507 1282 4560 ἐν
1308 4508 1442 4576 ἡμῖν
1475 4507 1694 4577 λογικοῦ
1728 4511 1950 4581 μέρους,

369 4590 435 4641 τό
467 4607 527 4644 τε
555 4591 894 4662 ὑποταγῆναι
951 4594 1028 4666 τῷ
1076 4594 1205 4668 θείῳ
1263 4598 1407 4670 λόγῳ
1436 4641 1451 4666 ,
1511 4602 1605 4654 καὶ
1654 4602 1710 4654 τὸ
1765 4602 1954 4674 ἄρχειν

373 4681 470 4735 τοῦ
504 4682 564 4736 ἐν
590 4685 724 4754 ἡμῖν
780 4685 977 4755 ἀλόγου
1036 4687 1260 4760 μέρους.
1292 4689 1444 4762 Αὕτη
1500 4688 1596 4745 οὖν
1629 4694 1660 4764 ἠ
1713 4693 1867 4759 τάξις
1896 4696 1952 4746 ἐν

375 4772 515 4824 πᾶσι
574 4773 945 4844 φυλαχθήτω,
1006 4779 1103 4830 καὶ
1172 4777 1301 4832 οὔτε
1331 4779 1393 4833 τὸ
1461 4782 1633 4836 κακὸν
1687 4782 1836 4837 ἔσται
1898 4785 1956 4838 ἐν

373 4861 493 4926 τοῖς
551 4859 720 4930 οὖσιν,
785 4864 911 4921 οὕτε
968 4867 1030 4920 τὸ
1076 4869 1165 4922 ἐπ’
1220 4870 1352 4925 αὐτὸ
1412 4872 1672 4928 ἀνθέλκον
1719 4874 1952 4947 εὑρεθή-

379 4969 559 5006 σεται.

453 5039 556 5096 πδ’.
592 5045 654 5096 Ol
708 5045 807 5115 μὲν
856 5047 967 5100 τῶν
1027 5047 1326 5120 λογισμῶν,
1382 5052 1546 5108 ἀπλοῖ
1587 5056 1747 5120 εἰσιν,
1798 5059 1849 5111 οἱ
1901 5057 1958 5111 δὲ

378 5135 649 5192 σύνθετοι.
684 5139 793 5192 Καὶ
813 5139 976 5192 ἀπλοί
1002 5140 1102 5210 μέν
1123 5142 1281 5208 είσιν,
1317 5143 1366 5196 οἱ
1397 5142 1631 5208 ἀπαθεῖς
1664 5162 1678 5177 ο
1714 5146 1973 5203 σύνθετοι⁸

376 5224 460 5291 δὲ,
494 5225 544 5277 οἱ
571 5227 860 5296 ἐμπαθεῖς,
892 5229 970 5294 ὡς
1001 5231 1065 5283 ἐκ
1091 5231 1296 5296 πάθους
1326 5234 1421 5288 καὶ
1446 5236 1719 5306 νοήματος
1742 5240 1963 5308 συγκεί-

293 5353 303 5365 .
380 5331 556 5382 μενοι.
593 5316 812 5372 Τούτων
845 5317 1022 5384 οὕτως
1063 5320 1320 5390 ἐχόντων,
1360 5324 1591 5389 πολλοὺς
1635 5327 1745 5381 τῶν
1773 5330 1961 5385 ἁπλῶν

377 5407 530 5460 ἔστιν
585 5409 711 5464 ἰδεῖν
746 5412 1045 5481 ἑπομένους
1073 5415 1184 5476 τοῖς
1207 5413 1504 5484 συνθέτοις,
1531 5419 1657 5472 ὅταν
1686 5419 1958 5490 ἄρξωνται

378 5502 652 5558 κινεῖσθαι
682 5506 819 5576 πρὸς
863 5507 926 5561 τὸ
967 5508 1109 5563 κατά
1145 5509 1388 5565 διάνοιαν
1415 5512 1771 5584 ἁμαρτάνειν.
1809 5510 1954 5583 Οῗον,

377 5593 411 5646 ιῖ
435 5611 460 5657 ς
519 5595 613 5646 ἐπί
664 5595 759 5650 τοῦ
790 5598 1014 5668 χρυσίου
1056 5613 1071 5630 ⁸
1112 5600 1277 5670 ἀνέϐη
1309 5601 1400 5654 ἐπὶ
1430 5603 1530 5674 τὴν
1565 5605 1786 5675 μνήμην
1815 5609 1959 5672 τινος

378 5682 642 5755 λλγισμδς
697 5687 827 5757 περὶ
874 5690 1100 5760 χρυσίου
1156 5689 1450 5761 ἐμπαθής’
1481 5695 1574 5748 καὶ
1631 5695 1860 5766 ὥρμησε
1891 5702 1955 5770 τῇ

2113 3591 2276 3663 423
2313 3592 2402 3648 82.
2442 3592 2585 3649 Sunt
2610 3595 2706 3665 qui
2757 3596 2965 3660 dicant,
3005 3611 3116 3649 non
3169 3594 3287 3649 fore
3335 3594 3539 3648 malum
3573 3592 3628 3647 in

2046 3681 2234 3747 rebus,
2267 3682 2376 3737 nisi
2398 3693 2548 3738 esset
2588 3685 2693 3739 alia
2723 3685 2973 3756 quaedam
3022 3686 3106 3740 vis
3145 3686 3428 3740 contrario
3471 3684 3628 3754 quasi

2048 3773 2289 3845 impulsu
2320 3775 2377 3829 in
2411 3775 2548 3831 illud
2581 3778 2827 3833 trahens.
2847 3775 2973 3832 Haec
3004 3793 3140 3832 vero
3172 3778 3311 3831 nihil
3342 3776 3490 3830 aliud
3517 3787 3624 3838 est,

2048 3881 2216 3935 quam
2264 3867 2602 3922 naturalium
2651 3869 2823 3923 animi
2864 3869 3068 3923 virium
3125 3867 3628 3938 operatiouumquc

2048 3956 2372 4026 neglectus;
2416 3973 2590 4027 quare
2631 3960 2725 4029 qui
2759 3960 2955 4014 harum
2991 3975 3179 4014 curam
3215 3968 3433 4029 gerunt,
3489 3959 3629 4012 bona

2049 4063 2269 4119 semper
2299 4059 2488 4120 agunt,
2514 4051 2658 4106 mala
2688 4067 2841 4118 vero,
2866 4067 3167 4121 nunquam.
3199 4051 3371 4121 Igitur
3401 4060 3458 4104 tu
3489 4066 3630 4119 quo—

2051 4158 2159 4212 que
2210 4143 2256 4198 si
2303 4145 2408 4208 vis,
2452 4145 2596 4214 pelle
2647 4144 3056 4215 negligentiam,
3093 4157 3311 4212 unaque
3342 4141 3534 4196 vitium
3569 4156 3632 4195 ac

2053 4233 2318 4288 malitiam
2368 4235 2666 4304 expulisti;
2703 4235 2949 4289 fallacem
2992 4233 3205 4289 scilicet
3239 4231 3406 4286 animi
3461 4231 3631 4283 ratio-

2054 4341 2186 4379 num
2218 4341 2400 4391 usum,
2447 4327 2536 4380 cui
2580 4326 2766 4382 statim
2812 4341 2995 4380 comes
3032 4334 3118 4378 est
3150 4324 3265 4393 ipse
3308 4322 3515 4376 abusus
3547 4336 3636 4375 re-

2056 4430 2202 4470 l'lllll.

2127 4508 2214 4562 85.
2263 4508 2305 4562 E
2336 4515 2530 4562 natura
2586 4516 2689 4572 est,
2725 4509 2845 4578 ejus
2896 4507 2949 4560 in
2980 4507 3140 4562 nobis
3165 4505 3358 4576 partis,
3393 4521 3514 4575 qum
3548 4521 3634 4558 ra..-

1989 4587 2031 4642 D
2059 4599 2211 4654 tione
2237 4599 2434 4665 utitur,
2465 4609 2546 4666 ut,
2579 4608 2634 4654 et
2659 4599 2861 4654 divinae
2910 4599 3176 4654 subdatur
3207 4597 3428 4660 rationi,
3476 4605 3531 4650 et
3557 4597 3635 4650 iiIi

2054 4691 2197 4762 parti
2230 4691 2486 4762 imperet,
2511 4707 2633 4760 qum
2657 4690 2712 4744 in
2746 4689 2908 4745 nobis
2930 4687 3164 4743 rationis
3190 4701 3386 4756 expers
3406 4694 3508 4740 est.
3538 4685 3637 4739 Hic

2054 4783 2224 4855 igitur
2257 4784 2395 4838 ordo
2450 4783 2504 4838 in
2533 4782 2792 4837 omnibus
2831 4790 3036 4845 teneat,
3076 4795 3141 4834 ac
3189 4794 3370 4847 neque
3428 4778 3632 4832 malum

2054 4875 2164 4929 erit
2191 4873 2249 4928 in
2295 4875 2482 4937 rebus,
2539 4888 2642 4928 nec
2677 4875 2938 4926 occurret
2985 4869 3195 4951 aliquid
3225 4867 3371 4938 quod
3399 4867 3468 4922 ad
3497 4867 3635 4921 illud

2058 4966 2354 5021 adversum
2392 4964 2595 5020 trahat.

2133 5069 2220 5124 84.
2263 5068 2445 5124 Animi
2487 5067 2729 5123 rationes
2764 5081 2827 5121 ac
2865 5063 3248 5135 cogitationes,
3281 5061 3401 5117 aliae
3427 5061 3639 5132 simpli-

2060 5173 2151 5215 ces
2182 5168 2330 5223 sunt,
2354 5159 2474 5213 aliae
2495 5157 2830 5228 compositae.
2850 5157 2928 5211 Ac
2948 5155 3227 5224 simplices
3241 5153 3462 5224 quidem
3487 5162 3636 5218 sunt,

2060 5248 2409 5304 illibidinosae
2433 5257 2489 5302 et
2513 5249 2633 5303 sine
2663 5246 2914 5317 passione
2941 5263 2954 5299 :
2981 5244 3297 5314 composita:
3321 5260 3476 5310 vero,
3506 5244 3640 5298 libi—

2063 5339 2269 5395 dinosae
2295 5355 2358 5395 ac
2394 5339 2638 5410 passioni
2674 5339 3002 5409 conjunctae,
3037 5345 3298 5408 tauquam
3319 5353 3382 5392 ex
3410 5337 3641 5392 libidine

2064 5442 2160 5481 seu
2185 5427 2460 5496 passione,
2496 5427 2809 5494 mentisque
2836 5431 3107 5492 conceptu
3146 5424 3480 5493 compositae.
3516 5423 3640 5478 llaec

2063 5534 2190 5574 cum
2218 5519 2292 5573 ita
2328 5534 2388 5574 se
2425 5518 2684 5580 habeant,
2728 5516 2920 5571 videre
2951 5524 3038 5571 est
3070 5517 3272 5571 multas
3305 5515 3640 5585 simplicium

2064 5610 2458 5681 cogitationum
2488 5609 2642 5678 sequi
2679 5607 3028 5677 compositas,
3071 5623 3197 5662 cum
3229 5604 3431 5660 moveri
3459 5621 3642 5674 coepe-

2065 5703 2179 5758 rint
2211 5703 2266 5757 in
2298 5709 2608 5773 peccatum,
2637 5700 2781 5771 quod
2814 5700 2964 5755 intus
2997 5700 3181 5756 animo
3213 5699 3445 5769 geritur.
3478 5698 3648 5752 \‘clut

453 5865 578 5906 “~59
610 5865 779 5924 lCor.
814 5885 903 5935 xv,
934 5871 1022 5925 49.
1099 5873 1142 5903 ⁶⁰
1182 5871 1341 5928 Joan.
1370 5889 1424 5928 IV
1457 5913 1474 5941 ,
1510 5873 1564 5930 6.
1642 5875 1682 5908 “
1718 5874 1912 5931 Mallll-
1946 5893 2041 5945 VII.
2081 5879 2166 5932 Μ-
