4076 6412
392 342 530 407 1θ13

1284 334 1623 396 CAPITUM
1665 334 1761 394 DE
1800 329 2234 392 CHARITATE
2273 327 2661 388 CENTURIA
2699 329 2779 388 II.

3532 329 3668 394 1014

462 449 568 515 νίζ’.
597 451 757 520 Τρεῖς
803 449 942 500 είσιν
991 442 1181 514 ἠθικαὶ
1213 443 1581 504 καταστάσεις
1611 439 1972 510 γενικώτεραι

2148 435 2236 490 87.
2271 435 2404 490 Tres
2451 445 2581 490 sunt
2612 436 3018 505 generalissimi
3043 445 3222 494 status
3256 439 3495 494 moralcs
3521 441 3664 496 inter

388 545 462 615 (e)
496 544 553 596 ἐν
605 543 714 604 τοῖς
769 539 1042 610 μοναχοῖς.
1094 537 1206 589 Καὶ
1258 533 1448 605 πρώτη
1509 533 1632 602 μὲν,
1691 532 1750 585 τὸ
1803 530 1973 601 μηδὲν

390 634 731 706 ἁμαρτάνειν
763 631 885 686 κατ’
919 630 1200 700 ἐνέργειαν
1236 643 1250 658 ’
1277 626 1509 696 δευτέρα
1528 625 1605 686 δὲ,
1638 624 1696 676 τὸ
1752 622 1826 694 μὴ
1877 624 1972 689 ἐγ-

385 728 662 798 χρονίζειν
690 727 749 778 ἐν
786 726 854 795 τῇ
922 722 1070 792 ψυχῇ
1120 719 1246 782 τοὺς
1295 716 1566 787 ἐμπαθεῖς
1631 713 1924 784 λογισμούς
1959 729 1970 742 °

387 822 550 892 τρίτη
575 819 652 884 δὲ,
680 818 742 871 τὸ
761 817 860 880 τὰς
898 814 1111 886 μορφὰς
1141 812 1251 864 τῶν
1291 809 1587 879 γυναικῶν.
1621 809 1715 860 καὶ
1742 809 1851 858 τῶν
1877 807 1972 857 λυο

391 914 687 987 πησάντων
715 907 942 972 ἀπαθῶς
972 907 1198 976 θεωρεῖν
1223 904 1366 957 κατὰ
1394 902 1656 956 διάνοιαν.

461 1112 576 1187 σπη’.
617 1113 906 1183 Ἀκτήμων
943 1107 1092 1162 ἐστὶν
1143 1107 1172 1158 ὀ
1205 1101 1618 1173 ἀποταξάμενος
1671 1101 1808 1154 πᾶσι
1863 1101 1976 1162 τοῖς

391 1208 735 1278 ὑπάρχουσιν
769 1199 918 1270 αὑτῷ
944 1239 958 1264 ,
992 1198 1089 1251 καὶ
1147 1194 1312 1267 μηδὲν
1355 1191 1417 1246 τὸ
1468 1191 1687 1245 σύνολον
1732 1189 1827 1242 ἐπὶ
1872 1188 1978 1257 γῆς

391 1298 734 1369 κεκτημένος
774 1294 912 1363 πλὴν
941 1291 1034 1344 τοῦ
1063 1290 1319 1361 σώματος
1347 1302 1363 1319 ο
1400 1286 1496 1338 καὶ
1528 1286 1629 1355 τὴν
1664 1284 1804 1354 πρὸς
1843 1283 1977 1336 αὐτὸ

385 1391 450 1444 δέ
509 1389 693 1460 σχέσιν
737 1384 1060 1457 διαρρήξας,
1087 1381 1164 1452 τῷ
1191 1379 1314 1450 Θεῷ
1335 1378 1429 1432 καὶ
1458 1378 1572 1441 τοῖς
1600 1375 1852 1430 εὐσεϐέσι
1879 1375 1978 1445 τὴν

390 1480 586 1537 ἐαυτοῦ
616 1480 1038 1534 και-ἐπίστευσεν
1062 1473 1397 1544 οἰκονομίαν.

465 1655 573 1712 πθ’.
597 1655 717 1710 Τῶν
753 1651 1055 1724 κτωμένων
1101 1650 1152 1704 οἱ
1195 1648 1293 1721 μὲν
1323 1647 1550 1711 ἀπαθῶς
1585 1646 1822 1701 κτῶνται
1846 1661 1859 1676 ·
1899 1645 1981 1700 διὸ

392 1753 490 1805 καὶ
519 1749 870 1820 στερούμενοι
900 1746 1113 1811 αὐτῶν,
1145 1744 1207 1798 οὐ
1265 1742 1562 1798 λυποῦνται
1590 1755 1605 1771 ⁸
1644 1742 1719 1806 ὡς
1764 1744 1816 1795 oi
1870 1743 1972 1814 τὴν

388 1844 649 1913 ἁρπαγὴν
679 1841 785 1895 τῶν
815 1839 1170 1911 ὑπαρχόντων
1207 1837 1394 1901 αὐτοῖς
1430 1836 1570 1907 μετὰ
1601 1837 1775 1907 χαρᾶς
1805 1853 1973 1906 προσ-

389 1936 694 2006 δεξάμενοι.
725 1935 788 1986 Οί
818 1933 874 1986 δὲ
909 1930 1173 2002 ἐμπαθῶς
1205 1929 1448 1984 κτῶνται
1474 1943 1490 1959 ⁸
1517 1928 1652 1982 διότι
1687 1929 1976 2000 μέλλοντες

390 2027 728 2098 στερεῖσθαι,
768 2024 1062 2094 περίλυποι.
1121 2023 1367 2093 γίνονται
1408 2039 1421 2054 ο
1451 2021 1528 2084 ὼς
1557 2023 1585 2074 ὁ
1612 2023 1669 2075 ἐν
1699 2021 1774 2092 τῷ
1803 2023 1979 2090 Εὐαγ-

389 2121 559 2191 γελίῳ
571 2119 844 2184 πλούσιος,
877 2116 1118 2184 ἀπῆλθε
1138 2116 1545 2184 λυπούμενος.
1571 2113 1633 2166 Ei
1657 2112 1712 2166 δὲ
1730 2113 1826 2166 καὶ
1852 2131 1977 2166 στε-

393 2209 637 2281 ροῦνται,
688 2208 854 2280 μέχρι
906 2206 1139 2260 θανάτου
1192 2204 1507 2259 λυποῦνται.
1537 2203 1644 2256 Τοῦ
1695 2201 1787 2258 οὖν
1839 2205 1981 2257 ἁπα-

389 2300 520 2364 οοῦς
573 2301 665 2354 καὶ⁸
715 2299 810 2352 τοῦ
860 2297 1146 2370 ἐμπαθοῦς
1191 2297 1291 2368 τὴν
1340 2296 1582 2351 διάθεσιν
1668 2297 1702 2366 ή
1783 2296 1980 2368 στέρη-

391 2409 478 2455 σις
514 2390 746 2461 ἐλέγχει.

459 2573 532 2637 [τ’.
566 2569 706 2632 Τοὺς
753 2567 853 2638 μὲν
897 2568 1085 2637 ἄκρως
1157 2566 1632 2636 προσευχομένους
1678 2567 1768 2638 (f)
1819 2567 1978 2620 πολε-

389 2659 586 2732 μοῦσιν
624 2660 674 2712 οἱ
705 2658 981 2728 δαίμονες,
1036 2657 1123 2710 ἵνα
1163 2656 1234 2709 τά
1269 2657 1519 2727 νοήματα
1549 2655 1657 2710 τῶν
1707 2658 1980 2728 αἰσθητῶν

386 2751 734 2825 πραγμάτων
790 2749 923 2820 ψιλὰ
957 2749 1030 2820 μὴ
1067 2748 1530 2818 άναλαμὸάνωσι·
1570 2750 1697 2813 τοὺς
1741 2750 1797 2802 δὲ
1840 2768 1981 2818 γνω-

387 2845 632 2909 στικοὺς,
670 2843 758 2897 ἵνα
793 2842 1184 2912 ἐγχρονίζωσιν
1208 2841 1268 2894 ἐν
1297 2840 1484 2905 αὐτοῖς
1514 2843 1563 2895 οί
1593 2841 1866 2912 ἐμπαθεῖς
1895 2842 1981 2895 λο-

382 2936 577 3006 γισμοί
601 2950 615 2962 ·
641 2935 766 2997 τοὺς
794 2933 851 2986 δὲ
886 2933 1014 3004 περὶ
1047 2933 1144 3002 τὴν
1175 2931 1376 3002 πρᾶξιν
1400 2931 1859 3002 ἀγωνιζομένους,
1894 2931 1982 2986 ἵνα

384 3027 653 3081 πείσωσιν
705 3027 903 3088 αὐτοὺς
936 3025 1058 3078 κατ’
1102 3024 1386 3093 ἐνέργειαν
1415 3024 1754 3094 ἁμαρτάνειν
1775 3041 1787 3054 ·
1818 3025 1982 3078 παντὶ

379 3115 444 3170 δὲ
461 3117 647 3187 τρόπῳ
691 3115 824 3187 πρὸς
846 3116 1058 3177 πάντας
1079 3113 1464 3182 ἀγωνίζονται,
1485 3113 1577 3168 ῐνα
1597 3115 1704 3168 ἀπὸ
1726 3113 1822 3169 τοῦ
1843 3114 1978 3168 Θεοῦ

385 3209 442 3263 ol.
463 3207 681 3263 δείλαιοι
705 3211 839 3274 τοὺς
866 3206 1190 3280 ἀνθρώπους
1215 3207 1519 3278 χωρίσωσι.

455 3471 568 3536 ιιαν.
603 3468 666 3522 Οἱ
714 3465 860 3521 κατὰ
898 3465 991 3520 τὸν
1022 3464 1137 3537 βίον
1174 3463 1366 3519 τοῦτον
1391 3464 1498 3519 ὑπὸ
1528 3465 1628 3533 τῆς
1651 3463 1803 3529 θείας
1845 3483 1979 3535 προ·

378 3559 537 3622 νοίας
567 3560 649 3623 είς
677 3557 963 3613 εὐσέϐειαν
1013 3557 1508 3627 ἐγγυμναζόμενοι,
1537 3555 1627 3609 διά
1667 3556 1776 3610 τῶν
1807 3557 1976 3628 τριῶν

380 3650 590 3705 τούτων
613 3652 936 3724 πειρασμῶν
963 3647 1377 3721 δοκιμάζονται·
1407 3644 1540 3711 οἷον,
1575 3648 1607 3720 ἢ
1639 3649 1728 3702 διὰ
1746 3651 1843 3718 τῆς
1866 3650 1975 3704 τῶν

385 3742 554 3812 ἡδέων
584 3743 807 3809 δόσεως,
839 3743 914 3806 ὡς
945 3742 1037 3795 ἐπὶ
1068 3740 1258 3808 ὑγείας
1289 3740 1384 3794 καὶ
1424 3740 1656 3804 κάλλους
1688 3741 1782 3795 καὶ
1827 3741 1978 3794 εὐτε-

454 3879 501 3912 ⁶³
538 3877 708 3932 Hebr.
739 3893 794 3943 Χ,
827 3877 916 3931 54.
993 3875 1039 3908 ⁸⁸
1071 3873 1264 3929 Matth.
1302 3891 1412 3940 Xlx,
1443 3874 1534 3930 22.

379 4018 649 4090 ponitque
683 4017 920 4090 Targum
942 4015 1352 4090 anelosltnm
1372 4017 1552 4090 herbis
1588 4017 1828 4090 angoris;
1863 4017 1973 4074 sic-

425 4104 494 4143 ue
527 4085 693 4142 etiam
735 4085 845 4143 Leo
870 4086 1042 4158 Judas
1070 4086 1136 4158 in,
1172 4087 1326 4158 Bibl.
1372 4085 1597 4157 Tigur.;
1640 4087 1970 4158 Cyprianus,

425 4107 494 4143 ue
527 4107 693 4142 etiam
735 4107 845 4143 μου
870 4107 1042 4142 Jlluas
1070 4107 1125 4140 In
1172 4107 1316 4141 DIDI.
1382 4107 1597 4157 ugur.;
1640 4107 1970 4156 thl‘lanllS,

379 4107 518 4215 gum
540 4158 823 4228 picridibus
879 4155 1552 4228 edent;iSyxt._interpr.
1599 4147 1763 4228 paulo
1827 4158 1972 4214 forte

382 4225 698 4298 religiosior
725 4227 1018 4282 retinenda
1046 4225 1234 4298 phrasi
1263 4225 1488 4289 Graeca,
1518 4225 1676 4298 super
1724 4228 1970 4298 pierides.

381 4297 726 4370 Significari‘
758 4312 933 4368 genus
985 4297 1216 4370 herba:_,
1269 4305 1326 4350 et
1375 4297 1601 4370 quidem
1647 4297 1865 4370 agreste
1916 4309 1975 4355 et

381 4367 654 4434 amarum,
682 4367 821 4440 citra
851 4367 1414 4440 controversiamest.
1432 4368 1629 4440 Genus
1673 4367 1853 4440 ifntybi
1882 4378 1971 4424 est

2085 531 2410 586 monachos.
2450 532 2528 584 Ac
2560 531 2774 599 primus
2799 531 3024 598 quidem
3047 541 3151 598 est,
3189 533 3329 586 nihil
3372 540 3498 587 actu
3539 547 3668 602 pe:-

2083 639 2229 688 carc,
2275 630 2440 692 atque
2481 636 2650 692 opere
2686 638 2700 674 :
2731 622 2870 675 alter
2901 637 3056 688 vero,
3094 623 3424 679 libidinosas
3455 633 3512 678 et
3545 637 3666 677 cum

2083 711 2286 768 affectu
2313 711 2680 782 cogitationes
2717 711 2984 765 inanimo
3030 714 3235 767 morari
3287 729 3398 767 non
3434 714 3619 768 sinere
3651 731 3665 768 :

2085 806 2304 869 tertius,
2347 804 2642 860 mulierum
2677 802 2826 872 ipsas
2871 803 3098 869 formas,
3133 820 3196 859 ac
3225 820 3420 859 eorum
3450 806 3544 876 qui
3577 807 3668 860 in-

2079 897 2225 967 juria
2267 897 2560 959 lzeserunt,
2615 894 2766 949 nulla
2846 893 3079 950 libidine
3135 911 3201 950 ac
3247 897 3668 965 perturbatione

2084 997 2272 1043 mente
2299 988 2644 1058 conspicere.

2154 1080 2244 1136 88.
2281 1081 2498 1150 Pauper
2530 1088 2617 1134 est
2648 1078 2787 1134 nihil
2843 1079 3086 1143 habens,
3134 1080 3228 1150 qui
3268 1081 3527 1136 omnibus
3555 1083 3672 1137 suis

2086 1172 2445 1228 facultatibus
2477 1171 2913 1238 abrenuntiavit,
2955 1172 3208 1243 nihilque
3236 1189 3468 1244 prorsus
3503 1189 3672 1245 super

2088 1272 2316 1329 terram,
2350 1275 2582 1334 excepto
2619 1264 2888 1319 duntaxat
2921 1281 3180 1335 corpore,
3216 1268 3502 1336 possidet:
3541 1284 3673 1340 erga

2086 1359 2234 1428 quod
2262 1358 2429 1413 etiam
2472 1358 2708 1428 abrupto
2736 1357 2888 1412 omni
2927 1357 3129 1412 affectu
3163 1375 3226 1414 ac
3251 1360 3502 1424 libidine,
3547 1376 3674 1416 sua-

2087 1465 2211 1503 rum
2256 1448 2384 1503 vitas
2430 1449 2706 1502 rationum
2751 1448 3174 1519 dispositionem
3205 1467 3268 1506 ac
3302 1467 3516 1517 curam,
3561 1451 3673 1508 Deo

2086 1542 2304 1611 piisque
2330 1540 2464 1596 viris
2487 1539 2854 1595 concredidit.

2156 1633 2244 1690 89.
2278 1634 2486 1688 Eorum
2540 1634 2634 1703 qui
2684 1633 2890 1687 habent
2935 1634 3340 1704 possessiones,
3402 1636 3497 1690 alii
3551 1637 3672 1692 sine

2089 1718 2312 1774 aﬂ'ectu-
2347 1736 2412 1774 ac
2457 1721 2690 1775 libidine
2726 1721 2952 1787 habent,
2991 1723 3139 1778 unde
3170 1732 3227 1778 et
3256 1725 3475 1779 illarum
3507 1726 3672 1780 amis-

2007 1805 2048 1864 B
2083 1811 2238 1865 sione
2274 1827 2381 1864 non
2415 1811 2644 1865 dolent:
2680 1812 2833 1867 velut
2863 1812 2944 1867 illi
2972 1814 3067 1883 qui
3111 1827 3240 1870 cum
3286 1816 3488 1886 gaudio
3519 1819 3670 1888 rapi-

2079 1917 2206 1956 nam
2285 1902 2554 1958 bonorum
2598 1919 2828 1958 suorum
2888 1915 3253 1976 susceperunt
3294 1908 3381 1972 “5;
3435 1908 3528 1962 alii
3579 1923 3671 1963 au-

2079 2003 2187 2048 tem
2244 2010 2368 2050 cum
2426 1996 2628 2051 alfecttt
2673 2012 2737 2050 ac
2788 1996 3020 2051 libidine
3061 1997 3268 2052 habent
3310 1998 3458 2053 unde
3486 1999 3660 2054 etiam

2078 2100 2207 2140 cum
2238 2087 2347 2140 illis
2371 2087 2623 2156 privandi
2664 2087 2796 2151 sint,
2824 2089 3032 2143 morosi
3061 2087 3202 2143 fiunt
3230 2105 3295 2142 ac
3319 2089 3540 2154 tristes;
3576 2105 3671 2145 vc-

2079 2177 2163 2232 lut
2192 2178 2348 2233 dives
2383 2179 2474 2234 ille
2521 2179 2576 2232 in
2610 2179 2906 2249 Evangelio
2932 2197 2946 2232 :
2972 2180 3116 2234 Abiit
3149 2183 3318 2235 tristis
3349 2183 3393 2215 “
3456 2200 3469 2235 :
3524 2199 3588 2238 ac
3622 2183 3666 2238 si

2080 2270 2264 2340 reipsa
2296 2271 2502 2340 privari
2532 2272 2849 2342 contigerit,
2878 2272 2946 2326 ad
2987 2283 3221 2328 mortem
3252 2291 3428 2345 usque
3454 2276 3667 2333 dolent.

2081 2361 2392 2416 Libidinosi
2425 2377 2558 2433 ergo
2603 2373 2661 2419 ct
2692 2379 2803 2418 non
2848 2363 3138 2422 libidinosi
3193 2367 3461 2433 animum,
3492 2370 3674 2441 arguit

2081 2463 2248 2523 atque
2271 2456 2528 2524 explorat
2556 2457 2636 2511 rei
2663 2456 2781 2526 ipsa
2811 2455 3074 2526 privatio.

2151 2545 2316 2617 425
2346 2547 2434 2602 90.
2466 2549 2574 2602 Eos
2597 2549 2690 2618 qui
2717 2564 3038 2620 supremum
3069 2567 3134 2607 ac
3157 2553 3515 2622 purisSimum
3546 2570 3673 2626 pro-

2083 2636 2242 2690 candi
2268 2652 2442 2707 genus
2473 2645 2887 2704 consectantur,
2915 2639 3241 2711 impugnant
3276 2642 3573 2709 dmulones,
3604 2659 3673 2698 ne

2083 2743 2272 2782 rerum
2315 2729 2370 2782 in
2421 2745 2646 2784 sensum
2691 2729 3006 2786 cadentium
3059 2735 3672 2806 nudas-simplicesque

2081 2819 2268 2874 animo
2303 2821 2546 2876 rationes
2571 2837 2843 2893 sensaque
2867 2825 3324 2894 apprenhendant
3348 2844 3361 2880 :
3386 2828 3674 2884 studentes

2083 2919 2271 2965 autem
2305 2913 2550 2967 scientiae
2579 2928 2644 2968 ac
2676 2916 3153 2986 contemplationi,
3181 2927 3245 2972 ut
3269 2919 3582 2976 libidinosae
3616 2929 3675 2975 et

2083 3018 2212 3058 cum
2261 3003 2462 3058 all'ectu
2510 3006 2874 3075 cogitationes
2920 3009 2976 3063 in
3012 3009 3096 3065 eis
3142 3024 3354 3064 moram
3405 3012 3671 3066 trahant:

2085 3093 2465 3164 eosdemque
2512 3096 2610 3166 qui
2657 3096 2716 3151 in
2759 3097 2978 3154 actione
3025 3107 3307 3155 certamen
3346 3100 3572 3168 habent,
3613 3114 3676 3158 ut

2009 3163 2052 3219 Ε
2087 3194 2212 3242 actu
2255 3201 2321 3242 ac
2355 3163 2478 3256 ipso
2510 3163 2676 3258 opere
2711 3204 2944 3259 peccare
2973 3192 3262 3246 suadeant.
3299 3191 3460 3246 Omni
3487 3163 3672 3249 autem

2087 3281 2254 3335 modo
2301 3280 2571 3338 adversus
2620 3298 2835 3350 omnes,
2871 3285 3125 3340 scelerati
3175 3286 3464 3343 decertant
3508 3298 3674 3360 atque

2086 3372 2391 3437 luctantur,
2431 3383 2493 3428 ut
2522 3375 2774 3430 homines
2799 3390 2827 3429 a
2855 3375 2968 3431 Deo
3000 3377 3320 3448 abjungant.

2156 3461 2246 3516 9i.
2283 3461 2389 3528 Qui
2429 3463 2485 3518 in
2527 3464 2632 3519 hac
2677 3465 2900 3519 mortali
2931 3466 3068 3531 vita,
3105 3466 3291 3521 divina
3325 3468 3675 3537 providentia

2081 3553 2150 3608 ad
2182 3554 2446 3624 pietatem
2471 3563 2822 3619 exercentur,
2855 3555 3058 3625 triplici
3080 3555 3183 3610 hac
3214 3558 3520 3613 tentatione
3541 3575 3673 3629 pro-

2080 3646 2308 3704 bantur.
2343 3649 2440 3705 νει
2471 3648 2617 3718 quod
2651 3649 2970 3703 tribuantur
3001 3665 3123 3720 quae
3149 3650 3330 3705 dulcia
3355 3662 3504 3718 sunt,
3538 3661 3672 3722 puta

2083 3743 2322 3809 sanitas,
2377 3742 2766 3814 pulchritudo,
2817 3743 3056 3815 ingenua
3112 3745 3407 3815 amplaque
3455 3747 3670 3816 proles,

2081 4019 2344 4075 carnibus
2376 4019 2642 4076 etlarido.
2680 4018 2900 4090 Egregii
2925 4019 3428 4089 verointerpretes.
3464 4020 3669 4090 quibus

2080 4091 2163 4144 sic
2187 4091 2352 4145 liceat
2382 4091 2436 4145 in
2456 4090 2628 4146 sacris
2663 4089 2877 4152 ludere,
2925 4091 3009 4144 vel
3037 4098 3318 4159 stuporem
3351 4089 3668 4147 ostendere.

2077 4161 2205 4232 Non,
2235 4162 2394 4216 licuit
2437 4159 2682 4215 Hebraeis
2735 4159 3071 4229 profecturis
3122 4175 3296 4230 panes
3325 4176 3588 4232 coquere,
3613 4172 3672 4219 et

2078 4231 2237 4286 licuit
2261 4232 2591 4286 salsamenta
2616 4246 2812 4300 parare
2837 4231 2849 4284 ι

2155 4300 2224 4373 (e)
2263 4302 2422 4368 Τρεῖς
2449 4304 2608 4373 είσινζ
2651 4300 2860 4373 ἠθικαὶ
2911 4300 3315 4367 καταστάσεις
3366 4301 3672 4370 γενικώτε-

2074 4371 2212 4438 ραίζ
2243 4373 2504 4427 Videatur
2537 4371 2736 4441 triplex
2762 4371 2865 4426 iste
2893 4373 3268 4426 exercentium
3299 4372 3368 4427 ad
3408 4373 3667 4441 pietatem

383 4440 595 4510 πικρίς,
620 4439 941 4517 Δτοάἁὶειιιιο
966 4437 1111 4517 {Irata
1153 4437 1301 4507 apud
1349 4437 1518 4517 arisi.
1576 4447 1633 4517 et
1690 4437 1968 4507 Tlieoplir.
2007 4461 2049 4517 ι)
2077 4437 2285 4517 gradus
2323 4459 2388 4498 ac
2417 4437 2944 4517 status,'e_xplicalio
2977 4444 3096 4513 ejus
3148 4443 3294 4517 quod
3325 4437 3539 4498 dixerat
3575 4462 3670 4500 su-

381 4507 776 4580 amdraginem.
809 4508 950 4580 Plin.
1001 4507 1100 4561 lib.
1124 4524 1255 4580 xix,
1286 4523 1336 4562 c.
1357 4509 1389 4563 8
1417 4527 1430 4562 :
1468 4508 1761 4580 Pessimum
1807 4527 1971 4580 genus

379 4597 504 4650 cum
530 4578 934 4650 exprobratione
962 4578 1343 4650 amaritudinis
1365 4579 1707 4650 appellavere
1745 4578 1968 4650 piérida.

380 4647 663 4706 Dioscﬁl.
721 4666 781 4714 ιι,
827 4647 1168 4721 ιϐθιέΣέρας
1233 4647 1590 4721 δισσὴέῶνὴ
1670 4647 1768 4721 μὲν
1802 4650 1971 4720 ἀγρία

383 4721 593 4790 πικρὶς,
643 4722 685 4792 κὴ
741 4721 836 4773 καὶ
870 4717 1130 4792 κιχὼριον
1180 4717 1523 4792 καλουμένη.
1561 4717 1969 4792 Est'_intybuln

379 4788 695 4859 agreste,iii
722 4806 833 4859 quo
851 4788 1081 4860 perinde
1117 4803 1182 4842 ac
1215 4788 1559 4860 inplacentis
1613 4788 1973 4846 infermenta-

382 4858 479 4923 tis,
504 4861 682 4915 voluit
709 4858 870 4914 Deus
905 4858 1290 4929 reprmsentati
1339 4858 1748 4916 festinationem
1818 4862 1970 4916 illam

381 4945 640 5002 egressus
661 4947 728 5002 es
761 4929 1193 5002 [Egyptmquasi
1222 4930 1580 4986 tumultuarie
1599 4939 1656 4985 et
1708 4931 1972 5002 improvi-

382 5016 444 5054 se
473 5001 624 5054 nullo
649 5001 720 5074 ad
757 4999 970 5074 tantum
1010 4999 1126 5074 iter
1191 5010 1524 5065 commeatu,
1559 5017 1659 5074 per
1690 4999 1973 5074 Eg’yptio-

384 5085 510 5123 rum
546 5071 942 5140 cxpellentium
972 5071 1125 5143 vimg
1161 5077 1222 5124 ut
1248 5080 1592 5143 cumsatyrre
1621 5071 1809 5127 herbaé
1831 5071 1970 5127 inon

383 5139 869 5222 suppeterent_,nex
895 5139 1206 5222 agrestibus
1225 5139 1540 5222 “supplenda
1568 5142 1737 5222 fuerit
1754 5158 1970 5222 _earum

386 5210 572 5292 inopia
605 5229 618 5264 :
645 5227 715 5266 ex
745 5211 841 5266 illo
871 5210 1278 5292 sci‘licetintybi
1299 5227 1522 5291 genere,
1549 5212 1696 5292 quod
1712 5213 1788 5292 _ab
1822 5229 1972 5268 ama-

387 5280 632 5335 ritudine
656 5297 856 5335 nomen
871 5281 1060 5346 habet,
1096 5280 1339 5348 satisque
1380 5280 1808 5350 ipsumsalubre
1837 5295 1922 5340 est
1953 5301 1966 5339 :

383 5350 546 5432 cujus
587 5353 815 5432 multam
846 5352 1064 5432 copiam
1105 5350 1159 5404 in
1193 5349 1628 5432 digxptopotuit
1653 5369 1796 5432 esse,
1830 5369 1971 5424 pene

386 5421 494 5473 'am
521 5420 746 5476 ineunte
771 5420 980 5486 testate,
1003 5436 1103 5492 pro
1121 5420 1358 5490 regionis
1382 5420 1530 5476 illius
1552 5420 1972 5492 temperie,cum

380 5438 646 5544 ilebraeos
667 5491 846 5544 primo
874 5507 1062 5544 mense
1081 5506 1145 5544 ea
1167 5491 1397 5544 contigit
1416 5492 1590 5544 exire.
1628 5493 1972 5544 Salsamenta

413 5490 646 5545 lebraeos
667 5491 846 5560 primo
874 5490 1062 5546 mense
1081 5506 1145 5546 ea
1167 5491 1397 5560 contigit
1416 5492 1590 5547 exire.
1628 5490 1972 5550 salsamenta

383 5560 484 5630 qui
517 5561 795 5626 redderet,
813 5578 955 5634 unus
985 5560 1189 5634 Obsop.
1218 5563 1618 5634 exspectandus
1640 5572 1780 5629 erat,
1812 5565 1974 5634 eique

385 5646 598 5706 morem
618 5647 835 5706 gerens,
857 5632 1024 5706 Gesn.
1047 5632 1250 5706 Notum
1267 5631 1405 5706 quid
1424 5633 1773 5706 salsamenta,
1822 5631 1974 5706 ταρι-

386 5699 660 5774 χεύματα,
690 5702 746 5756 in
772 5702 1016 5770 piscibus
1047 5699 1320 5772 praecipue
1354 5703 1522 5768 dicta,
1583 5705 1679 5774 qui
1747 5699 1828 5760 Sic
1860 5699 1973 5761 sale

389 5770 730 5828 condiuntur
771 5781 826 5828 et
885 5770 1238 5829 macerantur
1271 5789 1285 5826 :
1318 5770 1652 5846 quandoque
1699 5777 1868 5832 etiam
1916 5777 1971 5832 in

2076 4513 2281 4635 ραι-ἰοτὶ
2305 4529 2425 4583 cap.
2457 4512 2728 4567 servanda
2761 4511 3021 4582 quaedam
3042 4511 3300 4568 mandata
3324 4521 3382 4569 et
3406 4530 3669 4583 corpora-

2101 4582 2278 4635 iteret
2297 4583 2660 4635 sniritaliter:
2715 4582 3029 4635 spiritaliter
3089 4582 3147 4635 δέ
3188 4583 3458 4635 τοισσῶς·
3518 4587 3666 4635 mmd

2101 4582 2660 4653 iteretspiritaliter;
2715 4582 3029 4653 spiritaliter
3089 4582 3147 4635 δὲ
3188 4583 3458 4653 τρισσῶς·
3508 4582 3666 4653 ’quod

2077 4668 2188 4707 non
2211 4653 2573 4708 reddiderunt
2597 4652 2803 4720 Obsop.
2839 4661 2894 4708 et
2923 4652 3088 4707 Gesn.
3113 4652 3260 4722 quod
3283 4654 3422 4707 forte
3440 4652 3656 4710 inscitia

2076 4738 2273 4780 vacare
2300 4732 2581 4794 putarent.
2623 4723 2856 4794 Triplex
2887 4739 3033 4794 ergo,
3052 4723 3144 4777 illa
3187 4724 3481 4777 moralium
3523 4741 3666 4793 prat-

2076 4792 2366 4864 ceptorum
2423 4792 2692 4864 spiritalis
2758 4793 3075 4847 observatio
3129 4794 3229 4847 ista
3270 4801 3395 4858 est;
3447 4792 3665 4864 utinec

2076 4863 2284 4933 opere.
2344 4863 2469 4919 neci
2501 4878 2720 4918 morosa
2794 4863 3128 4933 cogitatione
3198 4863 3658 4932 transgrediaris,

2076 4937 2486 5002 perfectamque
2511 4943 2709 4987 nactus
2765 4933 3070 4996 ἀπάθειαν,
3142 4949 3212 4988 ne
3282 4933 3475 4988 formis
3541 4936 3666 5002 qui-

2076 5005 2203 5086 dem
2235 5007 2364 5061 ullis
2412 5003 2672 5076 cogitatis
2709 5003 2896 5060 animo
2935 5003 3194 5059 aﬂiciaris
3220 5014 3317 5058 aut
3369 5007 3666 5074 perturbe-

2073 5091 2171 5130 l‘lS.

2149 5146 2212 5216 (Γ)
2269 5143 2415 5216 Τοὺς
2466 5143 2661 5216 ᾅκρως
2721 5143 3268 5216 προσευχομένους.
3327 5143 3660 5215 Supremum

2076 5213 2224 5271 istud
2249 5213 2519 5286 orationis
2545 5213 2744 5285 genus,
2780 5229 2892 5286 quo
2933 5213 3004 5270 sit
3031 5213 3425 5270 indesinenter
3453 5231 3658 5286 orare.

2073 5285 2627 5357 explicuitMaximus
2651 5301 2701 5340 c.
2733 5285 2822 5357 6i,
2854 5302 2989 5355 pura
3021 5287 3137 5356 ipsa
3168 5294 3352 5339 mente
3374 5285 3663 5340 adhaeren—

2075 5356 2152 5412 do
2188 5357 2321 5420 Deo,
2351 5357 2559 5424 absque
2585 5357 2713 5410 ullis
2741 5356 2910 5411 etiam
2940 5372 3126 5410 rerum
3158 5357 3354 5411 formis
3382 5374 3394 5409 :
3421 5357 3514 5425 qui
3552 5363 3662 5408 sta-

2077 5437 2168 5484 tus
2199 5428 2366 5482 etiam
2395 5427 2504 5479 τῶν
2534 5426 2878 5488 Γνωστικῶν,
2918 5433 2975 5480 et
3015 5442 3210 5480 eorum
3241 5427 3336 5496 qui
3381 5425 3660 5496 spiritales

2076 5507 2226 5562 sunt,
2286 5513 2384 5552 seu
2426 5496 2882 5566 contemplationi
2929 5495 3320 5566 impeduntur,
3380 5495 3659 5566 communi

2070 5577 2222 5623 statu
2270 5566 2526 5635 superior
2570 5563 2666 5620 hic
2728 5567 2964 5620 Maximo
3007 5563 3357 5621 insinuatur.
3439 5563 3658 5635 Frigida

2075 5653 2209 5709 ergo
2242 5634 2444 5707 Obsop.
2470 5635 2693 5692 Crebros
2727 5637 3055 5708 precationes
3097 5638 3184 5692 ad'
3219 5637 3386 5690 Deum
3435 5634 3658 5705 {unden-

2077 5717 2173 5764 tes.
