4076 6448
1546 208 1601 230 ,ω

493 330 634 400 1015

1620 330 1625 333 ’
1660 333 1701 394 S
1762 333 2054 396 MAXIMI
2093 332 2610 399 CONFESSORIS

3623 338 3742 410 1016

492 450 728 517 divitiae,
753 449 951 520 gloria,
980 458 1039 506 et
1063 447 1267 506 similia
1298 466 1312 504 :
1344 447 1433 505 vel
1454 447 1604 519 quod
1633 449 1811 504 tristia
1840 448 2090 504 inferan-

2197 449 2354 512 κνίας
2382 449 2478 503 καὶ
2509 448 2810 520 χρημάτων
2848 449 2945 504 καὶ
2978 447 3163 519 δόξης,
3203 445 3296 503 καὶ
3318 447 3426 503 τῶν
3466 451 3677 521 ὁμοίων·
3716 457 3743 530 ἢ

495 559 608 611 tur,
662 550 799 614 puta
822 541 1040 598 orbatio
1063 542 1394 610 liberorum,
1419 557 1586 613 opum
1607 541 1907 612 gloriaeque
1926 541 2095 597 amis-

488 635 578 690 sio
611 652 626 689 :
658 643 756 690 aut
777 634 1024 706 denique
1051 651 1152 707 per
1183 651 1249 691 ea
1276 651 1400 707 qua:
1428 650 1633 705 corpus
1657 635 2001 699 excruciant,
2034 641 2096 689 ut

490 734 623 781 sunt
667 726 848 782 morbi
895 736 953 783 et
992 736 1293 794 tormenta,
1331 736 1499 799 atque
1533 727 1622 784 his
1650 726 1877 783 similia.
1911 726 2094 798 Atque

488 814 559 870 ad
580 814 800 886 priores
824 817 1074 888 quidem,
1096 818 1178 872 ait
1201 814 1509 873 Dominus:
1537 815 1596 873 Si
1617 819 1739 890 quis
1762 834 1869 872 non
1899 833 2097 872 renun-

487 910 605 971 tiat.
640 910 882 965 omnibus
930 928 1049 983 quae
1094 912 1356 984 possidet,
1410 929 1517 967 non
1567 920 1734 983 potest
1780 927 1927 966 meus
1985 927 2097 967 esse

489 1001 786 1073 discipulus
826 1004 893 1060 ⁸⁷.
927 1004 1010 1060 Ad
1052 1020 1152 1060 eos
1194 1014 1380 1061 autem
1422 1005 1515 1075 qui
1565 1004 1798 1061 secundi
1840 1020 1906 1060 ac
1944 1006 2093 1061 tertii

491 1090 707 1147 ordinis
742 1101 920 1148 sunt:
952 1093 1019 1149 In
1063 1097 1324 1165 patientia
1371 1105 1546 1151 vestra
1586 1096 1847 1167 possidete
1885 1098 2094 1152 animas

491 1191 695 1238 uestras
724 1183 792 1237 ⁸⁸.

564 1276 657 1331 92.
698 1275 952 1342 Quatuor
984 1276 1137 1341 haec,
1189 1278 1443 1351 corporis
1495 1280 1934 1350 cemplexionem
1994 1296 2092 1335 seu

496 1374 999 1437 temperamentum
1038 1369 1336 1427 immutare
1385 1371 1565 1437 aiunt,
1606 1387 1785 1442 eaque
1831 1372 2091 1428 immuta-

496 1459 650 1516 tione
686 1461 1055 1532 cogitationes
1095 1462 1303 1529 animo,
1349 1464 1436 1518 vel
1470 1464 1818 1528 libidinosas,
1855 1465 1944 1519 vel
1979 1479 2091 1519 non

492 1550 858 1617 libidinosas,
930 1555 1284 1619 ministrare;
1336 1557 1600 1612 videlicet
1664 1557 1923 1628 angelos,
1980 1557 2094 1615 dse-

494 1658 710 1710 mones,
755 1643 907 1700 aeris
950 1647 1431 1716 temperationem,
1477 1657 1535 1703 et
1571 1648 1753 1703 victus
1791 1648 2088 1703 rationem.

491 1734 575 1794 Ac
602 1735 829 1806 quidem
853 1738 1082 1809 angelos
1123 1739 1281 1794 aiunt
1322 1756 1580 1796 sermone
1607 1742 1935 1808 immutare;
1977 1739 2090 1795 daa-

493 1840 691 1883 mones
737 1835 958 1895 autem,
1007 1838 1216 1886 attactu
1269 1846 1365 1885 seu
1416 1830 1888 1897 contrectatione;
1942 1831 2092 1887 aeris

494 1918 981 1988 temperationem,
1012 1937 1119 1992 qua
1160 1924 1296 1979 alias
1338 1925 1585 1994 aliasque
1630 1924 1782 1980 subit
1821 1924 2091 1979 mutatio-

491 2018 595 2059 nes
627 2021 642 2058 :
681 2006 862 2063 victus
899 2010 1197 2077 rationem,
1239 2029 1495 2068 escarum
1534 2028 1601 2070 ac
1642 2021 1876 2085 potuum
1907 2013 2091 2085 quali-

494 2096 724 2164 tatibus,
750 2116 1061 2174 eorumque
1090 2104 1430 2164 abundantia
1456 2121 1522 2162 ac
1549 2106 1862 2178 parcitate;
1893 2115 2097 2177 praeter

495 2186 619 2247 illas
669 2189 1119 2262 immutationes,
1169 2213 1293 2268 qua:
1336 2213 1405 2254 ex
1458 2198 1764 2266 memoria,
1810 2199 2093 2270 rebusque

491 2277 630 2333 visis
682 2288 850 2351 atque
899 2284 1108 2343 auditis
1157 2288 1235 2344 illi
1292 2289 1554 2345 accidunt
1596 2306 1611 2343 :
1650 2289 1729 2345 ita
1772 2291 1987 2347 scilicet
2029 2298 2094 2347 ut

494 2369 653 2449 prior
685 2372 908 2437 animus
936 2376 1229 2446 adiciatur,
1260 2396 1329 2436 ex
1371 2380 1460 2447 iis,
1489 2397 1613 2452 qua:
1651 2382 1731 2437 illi
1775 2382 1955 2438 tristia
1994 2383 2092 2440 lte-

496 2468 623 2515 tave
653 2464 945 2521 eveniunt.
977 2467 1160 2539 Atque
1197 2486 1264 2534 ex
1310 2471 1398 2527 his
1434 2473 1661 2542 quidem
1705 2473 1939 2530 aﬁectus
1972 2475 2096 2530 ani-

2197 541 2285 596 διά
2305 542 2408 611 τῆς
2427 543 2538 595 τῶν
2561 541 2821 615 λυπηρῶν
2842 542 3111 612 ἐπιφορᾶς
3138 540 3251 613 (20)
3277 558 3291 573 ·
3319 536 3450 609 οἷον,
3474 547 3748 616 στερήσεως

2196 632 2427 698 τέκνων,
2465 635 2562 688 καὶ
2586 635 2887 705 χρημάτων
2920 635 3013 688 καὶ
3038 632 3200 702 δόξης
3227 650 3240 663 ·
3279 633 3311 704 ἢ
3341 634 3430 687 διὰ
3450 636 3554 689 τῶν
3584 637 3751 705 ὀδύνας

2198 724 2570 795 ἐμποιούντων
2600 723 2677 794 τῷ
2716 724 2962 795 σώματι·
2990 718 3124 781 οἷον.
3153 724 3473 795 νοσημάτων
3498 726 3587 779 καὶ
3609 727 3750 797 βασά-

2197 832 2326 883 νων,
2360 815 2584 871 καὶτῶν
2606 815 2755 886 ἑξῆς.
2789 816 2901 870 Καὶ
2933 814 3069 885 πρὸς
3094 814 3192 884 μὲν
3216 815 3342 878 τοὺς
3364 815 3604 886 πρώτους
3623 818 3752 887 λέγει

2196 909 2227 962 6
2259 907 2466 979 Κύριος
2487 924 2501 938 ·
2523 908 2595 962 Εἴ
2630 926 2721 974 τις
2742 909 2853 962 οὐκ
2882 906 3294 963 ἀποτάσσεται
3327 905 3480 961 πᾶσι
3516 909 3633 975 τοῖς
3660 915 3754 966 ὐπ-

2196 998 2494 1069 ἀρχουσιν
2518 998 2700 1065 αὐτῷ,
2728 1001 2801 1053 οὐ
2843 999 3099 1053 δύναταί
3135 1016 3255 1068 μου
3303 993 3457 1054 εἶναι
3489 1003 3752 1070 μαθητής.

2199 1093 2343 1165 Πρὸς
2375 1093 2431 1148 δὲ
2461 1094 2589 1157 τοὺς
2615 1092 2904 1165 δευτέρους
2927 1092 3021 1146 καὶ
3044 1092 3261 1162 τρίτους
3282 1108 3296 1123 ·
3341 1091 3440 1145 Ἐν
3459 1090 3529 1160 τῇ
3554 1095 3753 1164 ὑπομο-

2196 1183 2277 1254 νῇ
2307 1184 2477 1255 ὑμῶν
2498 1185 2808 1254 κτήσασθε
2841 1185 2948 1250 τὰς
2982 1184 3189 1254 ψυχὰς
3221 1181 3408 1252 ὑμῶν.

2268 1276 2375 1344 ιβ’.
2406 1277 2487 1331 Τὰ
2517 1277 2760 1347 τέσσαρα
2790 1276 2967 1332 ταῦτά
2990 1294 3157 1347 φασιν
3189 1277 3481 1333 ἀλλοιῶσαι
3513 1277 3606 1350 τὴν
3635 1281 3729 1350 διρᾶ

2198 1385 2284 1422 σιν
2308 1369 2404 1422 τοῦ
2439 1368 2713 1439 σώματος,
2738 1370 2835 1424 καὶ
2858 1370 3060 1424 διδόναι
3087 1369 3165 1440 τῷ
3207 1370 3285 1442 νῷ
3314 1371 3624 1442 λογισμοὺς,
3660 1374 3753 1426 εἴτε

2196 1460 2467 1530 ἐμπαθεῖς
2494 1462 2561 1514 δι’
2604 1463 2794 1532 αὐτῆς,
2846 1462 2956 1516 εἴτε
2990 1463 3221 1527 ἀπαθεῖς
3241 1480 3254 1493 ·
3282 1458 3417 1528 οἷον,
3455 1463 3579 1527 τοὺς
3612 1464 3758 1532 ἀγγέ-

2196 1556 2344 1622 λους,
2375 1557 2502 1619 τοὺς
2541 1554 2826 1626 δαίμονας,
2874 1557 3002 1621 τοὺς
3037 1556 3229 1625 ἀέρας,
3285 1556 3387 1627 τὴν
3424 1556 3647 1612 δίαιταν.
3672 1558 3762 1610 Καὶ

2195 1649 2323 1712 τοὺς
2357 1647 2458 1719 μὲν
2511 1648 2775 1716 ἀγγέλους
2824 1646 2970 1719 λόγῳ
3001 1649 3169 1719 φασὶν
3214 1647 3541 1702 ἀλλοιῶσαι·
3575 1648 3689 1711 τοὺς
3716 1647 3762 1702 δὲ

2196 1739 2484 1810 δαίμονας,
2523 1740 2592 1794 δι’
2625 1740 2840 1811 ἐπαφῆς
2868 1755 2881 1769 °
2915 1740 3044 1803 τοὺς
3095 1740 3153 1793 δὲ
3186 1739 3382 1810 ἀέρας,
3413 1742 3531 1803 ταῖς
3560 1739 3764 1809 μεταϐο-

2127 1810 2171 1868 Β
2197 1832 2318 1896 λαῖς
2337 1850 2351 1864 υ
2377 1832 2476 1903 τὴν
2506 1832 2565 1885 δὲ
2594 1832 2828 1897 δίαιταν,
2857 1834 2979 1895 ταῖς
3004 1828 3115 1886 τῶν
3145 1832 3455 1903 βρωμάτων
3480 1830 3574 1885 καὶ
3611 1830 3763 1901 πομά-

2198 1942 2309 1979 των
2338 1924 2612 1995 ποιότησι,
2648 1923 2745 1978 καὶ
2765 1922 3095 1995 πλεονασμῷ
3116 1925 3213 1978 καὶ
3255 1921 3551 1978 ἐλαττώσει
3572 1938 3584 1952 ·
3614 1922 3765 1995 παρὲξ

2199 2014 2311 2069 τῶν
2337 2014 2425 2068 διὰ
2456 2015 2679 2085 μνήμης
2709 2014 2803 2068 καὶ
2838 2015 3009 2085 ἀκοῆς
3032 2015 3127 2068 καὶ
3172 2015 3420 2085 ὁράσεως
3461 2011 3765 2083 συμϐαινου-

2205 2107 2315 2162 σῶν
2347 2107 2484 2179 αὐτῇ
2517 2105 2881 2169 ἀλλοιώσεων,
2905 2104 3378 2178 πρωτοπαθούσης
3397 2105 3498 2175 τῆς
3529 2104 3693 2175 ψυχῆς
3711 2105 3765 2156 ὲκ

2199 2197 2308 2255 τῶν
2330 2198 2753 2269 συμπιπτόντων
2788 2199 2926 2268 αὐτῇ
2957 2198 3220 2269 λυπηρῶν
3252 2198 3284 2268 ἢ
3314 2195 3641 2267 χαροποιῶν.
3675 2196 3766 2250 Καὶ

2201 2292 2267 2346 ὲκ
2291 2290 2495 2346 τούτων
2528 2290 2626 2361 μὲν
2656 2291 2942 2361 πάσχουσα
2971 2293 3003 2361 ἡ
3036 2290 3206 2361 ψυχὴ,
3240 2290 3448 2344 ἀλλοιοί
3472 2290 3568 2360 τὴν
3594 2288 3765 2358 κρᾶσιν

2202 2383 2296 2438 τοῦ
2331 2381 2612 2453 σώματος’
2665 2385 2731 2437 ὲκ
2785 2382 2842 2436 δὲ
2899 2383 3006 2437 τῶν
3042 2382 3462 2454 προειρημένων
3519 2384 3553 2453 η
3594 2382 3766 2453 κρᾶσις

2201 2476 2589 2548 ἀλλοιουμένη,
2618 2476 2850 2548 παρέχει
2881 2476 2959 2548 τῷ
2985 2477 3061 2548 νῷ
3084 2477 3404 2549 λογισμούς.

492 2570 640 2622 mus,
667 2562 919 2629 corporis
954 2570 1450 2635 temperamentum
1478 2569 1766 2637 immutat;
1795 2571 2089 2643 ipsumque
2126 2587 2195 2628 ex
2224 2573 2355 2641 illis,
2383 2590 2507 2644 quae
2566 2575 2716 2631 dicta
2745 2583 2898 2641 sunt,
2958 2575 3198 2631 subinde
3227 2574 3607 2640 immutatum,
3641 2568 3769 2641 cogi-

492 2645 738 2703 tationes
758 2649 946 2707 animo
970 2652 1254 2717 ministrat
1281 2671 1345 2711 ac
1377 2658 1605 2726 praebet.
2816 2685 2821 2691 ‘

567 2737 655 2793 95.
698 2740 846 2797 Mors
875 2742 1099 2812 quidem
1140 2760 1273 2801 vere
1309 2762 1374 2801 ac
1411 2750 1661 2818 proprie,
1698 2751 1977 2820 separatio
2009 2758 2095 2805 est

2265 2752 2375 2818 Lf.
2404 2748 2647 2813 Θάνατος
2691 2750 2791 2820 μέν
2844 2750 2962 2804 ἐστι
3008 2751 3217 2822 κυρίως
3254 2752 3283 2805 6
3309 2749 3409 2804 τοῦ
3452 2751 3587 2805 Θεοῦ
3619 2766 3766 2824 χωρι·

490 2843 524 2898 a
553 2824 666 2884 Deo
702 2846 716 2883 :
750 2831 947 2888 mortis
985 2841 1172 2889 autem
1223 2836 1509 2904 stimulus,
1548 2849 1840 2908 peccatum
1863 2842 1947 2909 ⁶⁹;
1983 2856 2095 2912 quo

2197 2839 2365 2910 σμὸς⁶
2403 2841 2631 2912 κέντρον
2658 2842 2716 2896 δὲ
2751 2841 3006 2901 Θανάτου.
3048 2843 3081 2914 ἡ
3123 2843 3411 2915 ἁμαρτίαν
3454 2843 3482 2897 ὃ
3504 2843 3768 2914 δεξάμενος

490 2918 741 2985 Adamus
772 2935 1054 2994 suscepto,
1083 2928 1249 2983 simul
1278 2944 1309 2983 a
1338 2929 1491 3001 ligno
1520 2932 1669 2998 vitae,
1695 2943 1752 2987 et
1776 2949 1805 2988 a
1840 2934 2095 3004 paradiso

2197 2933 2221 2986 6
2262 2932 2456 3003 Ἀδὰμ,
2484 2933 2623 3004 ὁμοῦ
2658 2932 2752 2987 τοῦ
2779 2934 2881 3005 τῆς
2904 2934 3054 3005 ζωῆς
3078 2935 3262 3003 ξύλου,
3290 2936 3500 2989 καὶτοῦ
3532 2935 3767 3008 παραδεί-

492 3025 552 3071 et
593 3017 706 3074 Deo
751 3023 994 3079 extorris
1041 3023 1223 3080 factus
1271 3036 1390 3092 est;
1451 3032 1879 3101 necessarioque
1927 3033 2095 3087 etiam

2197 3040 2290 3077 σου
2315 3024 2411 3077 καὶ
2440 3024 2535 3078 τοῦ
2565 3023 2703 3078 Θεοῦ
2747 3025 3030 3097 ὲξόριστος
3068 3027 3261 3096 γέγονε
3284 3045 3297 3057 ·
3337 3025 3384 3096 ᾧ
3423 3028 3767 3099 ἐπηκολούθη-

494 3121 649 3175 mors
685 3112 940 3183 corporis
970 3126 1272 3172 consecuta
1310 3126 1418 3174 est.
1447 3119 1591 3175 Vere
1632 3132 1817 3176 autem
1846 3123 1960 3178 vita
1982 3130 2087 3189 est,

2197 3129 2290 3166 σεν
2325 3110 2387 3178 ὲξ
2419 3114 2669 3186 ἀνάγκης
2709 3116 2805 3171 καὶ
2834 3118 2863 3169 6
2899 3115 2996 3171 τοῦ
3048 3116 3304 3188 σώματος
3367 3119 3615 3183 θάνατος.
3662 3117 3767 3190 Zeti;

492 3204 590 3275 qui
626 3204 705 3259 ait
737 3223 751 3261 :
780 3205 896 3277 Ego
921 3225 1040 3263 sum
1079 3208 1255 3281 426
1282 3212 1394 3266 vita
1418 3212 1486 3266 ’°.
1527 3212 1632 3268 Hie
1660 3214 1926 3282 moriens,
1959 3231 2088 3273 eum

2197 3205 2250 3259 δὲ
2274 3206 2480 3283 κυρίως
2538 3207 2688 3261 ἐστὶν
2711 3209 2740 3261 ὁ
2766 3206 2938 3263 εἰπών
2955 3227 2968 3240 ·
3003 3207 3151 3280 Ἐγώ
3169 3212 3286 3280 ειμι
3306 3211 3350 3280 ἡ
3383 3208 3515 3278 ζωή.
3541 3206 3697 3275 Οὗτος
3719 3211 3768 3266 ἓν

492 3298 590 3369 qui
621 3307 741 3354 erat
767 3308 1024 3357 mortuus
1049 3301 1117 3357 ad
1147 3302 1315 3358 vitam
1346 3320 1543 3360 rursus
1571 3307 1874 3363 revocavit.

564 3475 661 3547 94.
696 3474 873 3545 Quem
903 3493 1221 3548 sermonem
1251 3481 1679 3550 conscribimus,
1719 3484 1805 3539 vel
1846 3499 1916 3540 eo
1956 3501 2092 3541 eon-

493 3566 797 3626 seribimus
825 3576 885 3626 ut
910 3571 1032 3641 ejus
1063 3572 1503 3641 meminerimus,
1536 3575 1636 3630 vel
1654 3585 1716 3630 ut
1737 3578 2092 3633 commodum

495 3658 843 3730 referamus;
878 3664 966 3718 vel
1014 3665 1182 3721 etiam
1239 3672 1475 3737 utraque
1518 3682 1586 3723 ex
1638 3683 1806 3724 causa
1850 3687 1865 3724 :
1901 3672 1989 3726 vel
2035 3679 2097 3726 ut

496 3751 761 3822 damnum
808 3754 1145 3823 quibusdam
1195 3757 1523 3824 inferamus,
1564 3760 1652 3815 vel
1703 3763 2095 3822 ostentationis

497 3860 688 3916 causa,
720 3846 808 3902 vel
837 3848 969 3920 quia
1002 3850 1359 3905 conscribere
1390 3853 1661 3922 cogimur.

568 3931 660 4006 95.
702 3932 883 3990 Locus
916 3952 1153 4006 pascuae,
1185 3937 1367 3992 virtus
1398 3948 1484 3994 est
1520 3940 1574 3994 in
1617 3941 1837 3998 actione
1876 3943 2093 4013 posita;

496 4041 642 4097 aqua
669 4041 804 4081 vero
826 4028 1148 4086 refectionis
1175 4030 1243 4096 ",
1275 4044 1457 4084 rerum
1484 4033 1734 4090 scientia.
1914 4036 1917 4039 ’

569 4117 660 4179 96.
701 4117 908 4173 Umbra
958 4121 1157 4176 mortis
1210 4131 1316 4190 est,
1355 4123 1597 4178 humana
1644 4124 1778 4179 vita.
1828 4123 2097 4198 Quisquis

500 4207 671 4279 igitur
701 4224 827 4264 cum
858 4210 974 4266 Deo
1010 4220 1289 4279 versatur,
1326 4230 1392 4270 ac
1435 4228 1625 4270 secum
1665 4216 1839 4273 Deum
1872 4234 2099 4275 versan-

504 4306 615 4354 tem
658 4298 858 4364 babet,
907 4300 1001 4356 bic
1042 4302 1260 4371 liquido
1305 4303 1492 4360 dicere
1543 4315 1724 4375 potest
1765 4309 1952 4364 :Nam
2001 4311 2098 4365 etsi

502 4389 848 4457 ambulavero
898 4393 955 4446 in
1005 4393 1176 4447 medio
1226 4395 1428 4449 ωπον-ω
1482 4399 1703 4465 mortis,
1755 4416 1860 4454 non
1907 4402 2097 4457 timebo

504 4478 676 4544 mala,
703 4481 958 4550 quoniam
985 4489 1042 4535 tu
1069 4498 1274 4538 mecum
1301 4499 1353 4538 es
1373 4486 1438 4539 ⁷⁸.

542 4646 543 4649 η
577 4583 665 4649 9Ἱ.
708 4584 854 4640 Pura
889 4601 1068 4655 mens,
1097 4595 1279 4642 rectas
1322 4603 1410 4643 res
1450 4589 1601 4645 videt
1630 4608 1644 4644 :
1681 4595 2094 4666 exercitataque

504 4677 686 4747 oratio
731 4692 798 4734 ac
840 4679 1114 4735 sermonis
1154 4680 1260 4748 vis,
1299 4695 1423 4752 quae
1455 4693 1585 4739 sunt
1621 4684 1759 4754 visa,
1800 4687 1905 4744 sub
1936 4705 2096 4760 aspe-

506 4778 657 4825 ctum
688 4770 847 4851 ponit
877 4786 893 4824 :
923 4772 1042 4827 haec
1061 4788 1214 4841 vero,
1249 4774 1400 4830 auris
1430 4776 1581 4843 clara
1607 4779 1857 4849 suscipit.
1882 4781 1973 4849 At,
1999 4782 2097 4853 qui

509 4862 688 4918 tibus
735 4862 857 4919 istis
898 4872 1073 4931 caret,
1118 4864 1397 4922 dicentem
1442 4868 1721 4939 improbat
1772 4886 1838 4933 ac
1876 4873 1956 4931 illi
1993 4872 2095 4929 de-

510 4956 697 5012 lrlhit.

583 5032 671 5088 98.
702 5032 840 5093 Cum
868 5038 981 5094 Deo
1009 5045 1116 5105 est,
1137 5038 1234 5109 qui
1257 5045 1505 5094 sanctam
1533 5037 1859 5095 Trinitatem
1886 5051 2097 5108 cogno-

510 5128 641 5194 scit,
687 5131 917 5203 ejusque
963 5131 1248 5203 opiﬁcium
1297 5140 1355 5189 et
1402 5130 1843 5203 providentiam;
1882 5132 2095 5202 quique

578 5279 623 5313 ⁸⁷
657 5287 795 5355 Luc.
820 5307 932 5358 xw,
969 5293 1059 5348 53.
1136 5292 1180 5327 ⁸⁸
1212 5293 1348 5351 Luc.
1375 5311 1487 5362 xxi,
1522 5294 1609 5351 i9.
1687 5295 1732 5327 °’
1762 5292 1784 5350 Ι
1809 5293 1939 5351 Cor.
1967 5310 2057 5361 xv,
2085 5292 2174 5350 56.
2214 5320 2219 5323 -
2251 5296 2298 5329 '°
2322 5294 2486 5351 Joan.
2512 5310 2623 5360 xxv,
2653 5295 2707 5351 6.

585 5427 664 5502 (9)
706 5426 811 5483 Ἕν
833 5426 913 5503 τῷ
940 5431 1174 5503 θανάτῳ
1202 5434 1544 5502 γενόμενος.
1584 5433 1644 5488 ln
1694 5441 1871 5489 morte
1914 5447 2101 5489 versa-

513 5500 865 5573 tus,morte‘
902 5500 1277 5573 perfunctus;
1335 5500 1400 5559 ac
1463 5503 1612 5573 quod
1670 5503 1929 5566 reddidi,
1982 5518 2105 5557 mo-

519 5584 688 5641 nens.
748 5569 938 5640 lnepta
982 5569 1187 5641 Obsop.
1242 5569 1683 5639 circumlocutio,
1774 5573 1839 5628 In
1923 5574 2108 5629 mortis

517 5640 718 5698 positus
744 5641 1025 5712 angustiis,
1056 5640 1168 5711 quo
1212 5658 1318 5699 nec
1364 5659 1495 5699 vere
1542 5654 1798 5700 mortuus
1832 5643 2109 5716 signiﬁce-

520 5716 634 5771 tur.

596 5777 672 5850 (h)
704 5777 823 5848 Τὸν
839 5776 1118 5850 εἰρηκότα
1139 5780 1375 5846 κακίζει.
1405 5782 1571 5839 Gesn.
1600 5782 1656 5838 in
1681 5782 2110 5856 margJ’identur

2192 3293 2274 3365 τῷ
2307 3294 2525 3368 θανάτῳ
2549 3297 2844 3368 γενόμενος
2870 3297 2969 3370 (g),
3000 3298 3093 3353 τὸν
3136 3299 3493 3372 νεκρωθέντα
3522 3301 3672 3356 πάλιν
3700 3300 3768 3364 εἰς

2192 3386 2291 3458 τὴν
2325 3386 2472 3459 ζωὴν
2512 3389 2879 3458 ἐπανήγαγεν.

2266 3479 2369 3545 ἥδ’.
2413 3479 2471 3531 Ὀ
2505 3478 2663 3549 λόγος
2704 3480 3181 3553 συγγραψάμενος,
3214 3480 3247 3552 ἢ
3291 3481 3436 3553 πρὸς
3466 3479 3562 3552 τὴν
3595 3476 3768 3535 ἑαυτοῦ

2194 3569 2506 3641 ὑπόμνησιν
2557 3573 2953 3642 ουγγράιρεται,
3007 3571 3041 3643 ἢ
3094 3572 3233 3642 πρὸς
3277 3571 3573 3643 ὠφέλειαν,
3627 3569 3771 3644 ﬂuat

2193 3663 2384 3732 ἄμφω,
2416 3663 2449 3733 ἢ
2484 3663 2623 3743 πρός
2663 3663 2867 3736 ϐλάϐην
2896 3664 3081 3732 τινῶν,
3115 3664 3314 3740 ἠπρὸς
3354 3664 3630 3732 ἐπίδειξιν,
3666 3660 3770 3737 ηιξ

2195 3755 2470 3826 ἀνάγκης.

2269 3942 2369 4006 ιιεσ.
2406 3937 2581 4000 Τόπος
2610 3938 2728 3991 ἐστὶ
2770 3939 2939 4010 χλόης
3005 3939 3038 4008 ἡ
3095 3924 3385 4013 πρακτικὴ
3421 3941 3619 4013 ἀρετή·
3647 3939 3771 4011 ὕδωρ

2193 4026 2585 4092 ἀναπαύσεως.
2621 4028 2655 4099 ἡ
2678 4027 2885 4095 γνῶσις
2913 4029 3023 4082 τῶν
3048 4031 3380 4097 γεγονότων.

2267 4119 2384 4189 ις’.
2419 4119 2556 4173 Σκιά
2576 4118 2812 4174 Θανάτου
2841 4121 2989 4173 ἐστὶν
3018 4123 3051 4193 ἡ
3083 4121 3405 4193 ἀνθρωπίνη
3441 4123 3576 4194 ζωή.
3618 4120 3682 4175 Εἴ
3699 4136 3769 4184 τις

2196 4210 2289 4269 οὖν
2316 4214 2434 4268 ἐστι
2471 4214 2613 4285 μετά
2637 4212 2731 4267 τοῦ
2754 4214 2911 4278 Θεοῦ,
2942 4215 3036 4268 καὶ
3057 4215 3086 4269 ό
3114 4214 3249 4278 Θεὸς
3286 4218 3408 4285 μετ’
3433 4214 3596 4269 αὺτοῦ
3619 4216 3768 4277 ἐστιν,

2196 4300 2356 4371 οὗτος
2385 4287 2610 4361 δόναται
2661 4307 2835 4361 εἰπεῖν
2856 4306 3107 4378 ἐναργῶς
3136 4306 3217 4374 τὸ,
3282 4309 3422 4362 Ἐὰν
3446 4309 3555 4378 γὰρ
3579 4320 3770 4375 ,πορευ-

2198 4399 2281 4456 θῶ
2314 4401 2381 4454 ἐν
2400 4400 2570 4471 μέσῳ
2597 4397 2779 4468 σκιᾶς
2811 4400 3092 4468 θανάτου,
3117 4401 3190 4456 οὐ
3231 4401 3653 4473 φοϐηθήσομαι
3683 4414 3769 4453 κα-

2128 4502 2174 4560 ί)
2201 4491 2298 4558 κὰ,
2327 4492 2417 4546 ὅτι
2453 4493 2536 4547 σὺ
2560 4494 2689 4563 μετ’
2722 4493 2870 4562 ἐμοῦ
2899 4489 2973 4549 εἷ.

2268 4583 2374 4653 ιιξό
2407 4585 2552 4648 Νοῦς
2582 4585 2680 4656 μὲν
2701 4584 2942 4653 καθαρὸς
2969 4584 3108 4658 ὀρθὰ
3157 4585 3346 4657 βλέπει
3370 4586 3442 4640 τὰ
3470 4586 3767 4658 πράγματα·

2197 4676 2357 4745 λόγος
2388 4674 2446 4731 δὲ
2474 4676 2948 4749 γεγυμνασμένος,
2982 4679 3073 4732 ὑπ’
3093 4678 3216 4750 ὄψιν
3253 4677 3378 4747 ἄγει
3408 4678 3478 4732 τὰ
3508 4674 3767 4750 ὁραθέντα’

2196 4771 2335 4842 ἀκοὴ
2368 4770 2425 4826 δὲ
2459 4772 2689 4844 λαμπρὰ
2744 4772 3067 4843 ὑποδέχεται
3101 4771 3263 4827 αὐτά.
3308 4772 3368 4826 Ὀ
3397 4767 3595 4826 δὲ’τῶν
3623 4764 3770 4840 τριῶν

2203 4864 2590 4935 ἐστερημένος,
2622 4864 2714 4918 τὸν
2742 4865 3004 4937 εἰρηκότα
3032 4864 3250 4930 κακίζει
3286 4863 3387 4936 (Ιι).

2274 5046 2382 5111 ιπηα
2409 5042 2566 5096 Μετά
2596 5041 2689 5096 τοῦ
2744 5043 2880 5098 Θεοῦ
2929 5044 3078 5100 ἐστιν
3110 5044 3138 5097 ό
3182 5043 3280 5115 τὴν
3311 5042 3474 5111 ἁγίαν
3511 5035 3770 5107 γινώσκων

2208 5132 2437 5205 Τριάδα,
2471 5131 2567 5186 καὶ
2615 5132 2714 5204 τὴν
2742 5133 3110 5205 δημιουργίαν
3157 5133 3348 5203 αὐτῆς,
3390 5132 3485 5185 καὶ
3511 5129 3608 5199 τὴν
3656 5121 3769 5194 πρό·

2810 5295 2855 5328 ⁷⁸
2888 5294 3034 5350 Psal.
3066 5309 3197 5361 xx",
3232 5294 3286 5348 2.
3324 5360 3328 5363 _
3383 5292 3431 5325 ⁷⁸
3464 5288 3599 5346 ibid.
3624 5286 3676 5340 4.

2209 5434 2318 5508 Ilth
2351 5433 2617 5508 obscura;
2650 5449 2715 5490 ac
2731 5431 3227 5508 certepbscuravit
3255 5424 3629 5508 Obsop..mal.a
3663 5434 3767 5508 ver:

2211 5504 2393 5568 sione,
2414 5520 2558 5575 meum
2584 5504 2701 5575 ipsa
2751 5503 3103 5575 intelligenti,
3167 5510 3226 5558 et
3279 5508 3339 5555 ut
3390 5495 3624 5575 reddidi,
3673 5495 3768 5575 sint

2212 5562 2471 5629 claraIIn
2497 5590 2557 5631 se
2588 5562 2774 5646 itaque
2832 5562 3343 5646 Maiimusjerum
3395 5573 3651 5646 expertus
3695 5562 3766 5646 eff

2213 5626 2375 5700 suum
2408 5626 3423 5711 seminataazaeadicentem;
3464 5626 3761 5711 reprehendi

2214 5714 2428 5769 scilicet
2456 5705 2641 5781 abiis,
2671 5715 2876 5785 quibus
2904 5705 3088 5770 desint
3125 5713 3206 5769 illi
3243 5705 3685 5768 commembrata.
3712 5705 3764 5750 ιιι

2215 5800 2343 5843 eum
2376 5785 2512 5843 satis
2531 5787 2748 5859 assequi
2774 5785 3009 5859 possint.
