4076 6412
398 343 532 408 ῙῡΠ

1277 355 1612 416 ΟΛΡΙῙἪΜ
1650 355 1746 416 DE
1784 357 2218 419 CIIARITATE
2256 360 2646 423 CENTURIA
2686 364 2803 427 III.

3521 369 3660 432 1013

399 499 542 536 νοιαν
565 500 579 513 ·
618 484 790 538 καὶτὸ
815 484 1056 556 παθητὸν
1087 486 1254 559 μέρος
1295 489 1394 560 τῆς
1425 489 1606 560 ψυχῆς
1641 489 1850 552 ἀπαθὲς
1889 508 1945 543 κε

2046 513 2051 532 .
2083 473 2366 542 patibilem
2408 474 2578 528 animi
2617 484 2828 545 partem
2878 476 3170 536 affectibus
3213 497 3442 538 vacuam
3479 496 3675 542 nactus

393 592 498 644 κτη
510 576 691 644 μένος.

461 663 566 732 1.,θῖ
600 665 713 735 Τὴν
752 665 945 735 ῥάϐδον
982 668 1269 738 σημαίνειν
1309 671 1442 739 φασὶ
1499 671 1599 742 τὴν
1655 673 1844 744 κρίσιν
1881 671 1979 742 τὴν

388 757 483 809 τοῦ
507 755 676 809 Θεοῦο
703 757 805 826 τὴν
843 759 898 812 δὲ
930 758 1256 831 βακτηρίαν,
1301 765 1399 830 τὴν
1429 765 1706 835 πρόνοιαν.
1743 763 1850 816 Τοῦ
1885 759 1979 816 οὖν

387 853 487 919 τῆς
535 849 739 902 τούτων
793 850 1048 917 γνώσεως
1082 852 1473 924 μετειληφότος
1520 855 1637 908 ἐστὶ
1668 855 1728 908 τὸ
1757 855 1934 924 λέγειν
1961 873 1974 887 ·

397 941 695 1008 Ἠράϐὃος
725 955 842 994 σου
866 941 965 995 καί
990 941 1027 1010 ὴ
1050 943 1354 1014 βακτηρία
1373 962 1511 1010 σου,
1536 944 1715 1002 αὗταί
1727 965 1806 1017 με
1829 963 1978 1016 παρ-

384 1034 716 1092 εκὰλεσαν.

459 1125 525 1197 ρ’.
559 1127 690 1183 Ὅτε
724 1130 752 1182 ὁ
775 1128 895 1192 νοῦς
921 1129 1111 1182 παθῶν
1141 1131 1426 1202 γυμνωθῇ,
1453 1135 1546 1185 καὶ
1577 1137 1642 1204 τῇ
1675 1133 1778 1186 τῶν
1807 1133 1976 1185 ὄντων

382 1218 819 1290 καταλάμπηται
845 1221 1071 1293 θεωρίᾳ,
1106 1224 1227 1275 τότε
1259 1221 1482 1277 δύναται
1519 1226 1614 1279 καὶ
1647 1226 1704 1278 ὲν
1734 1223 1852 1295 Θεῷ
1883 1239 1976 1292 γε-

379 1311 592 1378 νέσθαι,
619 1313 712 1366 καὶ
737 1311 813 1377 ὡς
844 1313 926 1366 δεῖ
959 1313 1377 1386 προσεύχεσθαι.

949 1517 1091 1571 ΤΟΥ
1137 1517 1385 1571 ΑΥΤΟΥ

694 1608 832 1678 Περὶ
853 1608 1081 1680 ἀγάπης
1115 1610 1280 1677 τρίτη
1309 1609 1651 1678 ἑκατοντάς.

2086 579 2191 623 est.

2161 662 2247 717 99.
2281 663 2501 733 Virgam
2528 663 2685 718 aiunt
2710 663 3018 734 signiﬁcare
3042 666 3137 720 Dei
3163 668 3432 736 judicium
3463 687 3476 723 :
3503 670 3672 723 bacu-

2085 755 2200 808 lum
2246 771 2412 819 vero,
2470 755 2900 824 providentiam.
2949 757 3080 826 Ejus
3128 774 3278 827 ergo,
3319 761 3412 829 qui
3469 763 3667 816 horum

2085 848 2336 917 percepit
2363 848 2672 911 scientiam,
2699 858 2784 902 est
2814 857 2875 902 ut
2902 848 3049 902 dicat
3077 867 3088 902 :
3117 849 3272 920 Virga
3304 860 3394 905 tua
3421 861 3470 904 et
3503 851 3666 907 bacu-

2081 939 2164 993 lus
2193 947 2334 1002 tuus,
2359 939 2476 1009 ipsa
2503 955 2584 992 me
2613 936 2885 993 consolata
2911 946 3034 991 sunt
3063 938 3134 991 ⁷³.

2155 1130 2272 1182 10L).
2319 1129 2422 1184 Ubi
2465 1145 2620 1184 mens
2664 1129 2867 1183 nudata
2898 1128 3212 1194 alrectibus,
3246 1145 3432 1183 rerum
3470 1145 3664 1198 specu-

2075 1219 2284 1274 latione
2327 1220 2764 1284 collustrabitur,
2791 1228 2906 1273 tum
2944 1236 3068 1275 cum
3091 1221 3205 1274 Deo
3235 1220 3466 1286 versari,
3498 1228 3574 1284 et,
3604 1226 3664 1274 ut

2075 1319 2315 1380 oportet,
2355 1328 2514 1367 orare
2552 1313 2778 1382 poterit.

2691 1493 2772 1547 ΕΙ
2782 1493 3019 1548 USDEM

2313 1586 2389 1641 De
2420 1588 2682 1641 charitate
2714 1587 2867 1639 tertio
2901 1592 3121 1638 centena
3151 1585 3347 1655 capita.

456 1709 526 1758 α’.
577 1703 640 1755 Ἠ
673 1675 783 1773 μὲν
803 1675 1165 1770 εῦλογοςίτῶν
1189 1702 1479 1772 νοημάτων
1511 1675 1622 1758 καὶὴ
1654 1703 1762 1758 τῶν
1788 1722 1945 1775 πραγι

2144 1680 2196 1734 1.
2234 1678 2583 1734 Conveniens
2631 1693 2696 1731 ex
2742 1677 2956 1730 ratione
2999 1675 3395 1745 cogitationum
3434 1688 3654 1728 rerum-

383 1796 574 1866 μάτων
612 1795 826 1867 χρῆσις,
878 1794 1233 1865 σωφροσύνης
1282 1795 1378 1848 καὶ
1423 1795 1644 1866 ἀγάπης
1689 1798 1782 1850 καὶ
1825 1797 1967 1866 γνώ-

381 1887 524 1950 σεώς
570 1890 688 1940 ἐστι
738 1887 1034 1957 ποιητικήο
1081 1888 1115 1958 ὴ
1155 1886 1211 1940 δὲ
1270 1888 1502 1956 ἄλογος,
1538 1888 1837 1954 ἀκολασίας
1872 1893 1964 1944 καὶ

383 1979 575 2050 μίσους
607 1979 703 2033 καὶ
731 1979 989 2049 ἀγνοίας.,

454 2161 520 2232 β’.
558 2162 916 2232 ἨτοΙμασας
946 2159 1206 2215 ἐνώπιόν
1245 2177 1366 2230 μου
1420 2158 1731 2228 τράπεζαν,
1765 2160 1859 2214 καὶ
1897 2160 1965 2216 τὰ

377 2251 525 2322 ἑξῆς.
574 2251 637 2304 'li
665 2251 912 2320 τράπεζα
941 2249 1176 2304 ἐνταῦθα
1205 2251 1462 2322 σημαίνει
1514 2251 1614 2320 τὴν
1651 2252 1963 2323 πρακτικὴν

374 2345 604 2416 ἀρετήν.
651 2344 796 2416 Δῦτη
845 2345 951 2415 γὰρ
983 2345 1040 2410 ἐξ
1080 2345 1329 2408 ἐναντίας
1361 2343 1470 2398 τῶν
1500 2343 1787 2398 θλιϐόντων
1815 2347 1962 2415 ἡμᾶς

375 2436 531 2505 παρά
561 2435 799 2506 Χριστοῦ
832 2436 1161 2508 ὴτοιμάσθη.
1219 2436 1291 2489 Τὸ
1323 2436 1379 2490 δὲ
1404 2436 1584 2489 ἔλαιον
1609 2437 1670 2488 τὸ
1715 2435 1960 2489 λιπαίνον

373 2528 466 2578 τὸν
495 2526 642 2589 νοῦν,
669 2527 767 2598 τὴν
796 2528 1030 2598 Θεωρίαν
1049 2527 1159 2580 τῶν
1185 2528 1504 2596 γεγονότων.
1533 2529 1606 2580 Τὸ
1629 2528 1682 2581 δὲ
1704 2532 1960 2598 ποτήριον

371 2616 468 2670 τοῦ
495 2617 632 2670 Θεοῦ
673 2616 690 2688 (
709 2618 781 2687 ἱ),
816 2619 916 2688 τὴν
944 2618 1148 2687 γνῶσιν
1175 2619 1276 2689 τὴν
1317 2619 1410 2672 τοῦ
1442 2619 1599 2672 Θεοῦ.
1634 2621 1705 2672 Τὸ
1725 2619 1778 2671 δὲ
1813 2620 1960 2683 ἔλεος

373 2707 564 2774 αὐτοῦ,
589 2710 679 2761 τὸν
700 2709 873 2778 Λόγον
903 2710 1068 2764 αὐτοῦ
1090 2711 1185 2762 καὶ
1215 2710 1368 2763 Θεόν.
1402 2705 1571 2773 Οὗτος
1602 2711 1710 2782 γὰρ
1743 2710 1832 2764 διὰ
1858 2710 1958 2780 τῆς

369 2801 698 2872 ὲνανθρωπή
708 2819 843 2865 σεως
869 2801 1032 2854 αὐτοῦ
1055 2801 1382 2855 καταδιώκει
1406 2802 1587 2865 πάσας
1604 2803 1701 2865 τὰς
1720 2802 1954 2874 ἡμέρας,

368 2893 475 2956 ἕως
512 2887 571 2945 οῦ
600 2893 811 2957 πάντας
843 2893 1127 2965 καταλάϐῃ
1146 2894 1273 2958 τοὺς
1304 2893 1740 2963 σωθησομένους,
1767 2895 1956 2966 ὥσπερ

365 2984 460 3038 τὸν
491 2985 721 3039 Παῦλον.
742 2985 799 3038 '0
828 2986 885 3039 δὲ
911 2982 1081 3050 οἶκος,
1108 2987 1207 3057 τὴν
1230 2986 1530 3056 βασιλείαν,
1565 2988 1622 3040 ὲν
1709 2987 1956 3042 ἀποκαθ-

370 3078 617 3130 ίστανται
656 3079 860 3143 πάντες
920 3081 968 3133 οί
996 3081 1161 3148 ἅγιοι.
1199 3079 1266 3132 Ἢ
1293 3078 1351 3132 δὲ
1388 3078 1668 3150 μακρότης
1694 3079 1802 3134 τῶν
1823 3083 1956 3151 ἡμε-

373 3169 506 3241 ρῶν,
535 3171 632 3243 τὴν
668 3170 886 3226 αἰώνιον
907 3172 1074 3241 ζωήν.

439 3262 508 3329 γ’.
545 3264 700 3317 Κατὰ
746 3265 1095 3336 παράχρησιν
1148 3265 1205 3318 αἱ
1247 3265 1440 3318 κακίαι
1482 3265 1592 3318 τῶν
1642 3265 1741 3336 τῆς
1774 3265 1953 3337 ψυχῆς

359 3354 648 3425 δυνάμεων
677 3358 806 3427 ἡμῖν
834 3357 1324 3427 ἐπισυμϐαίνουσιν
1344 3374 1358 3388 θ
1389 3353 1523 3422 οἷον,
1551 3361 1650 3429 τῆς
1681 3376 1740 3411 τε
1763 3359 1952 3412 ἐπιθυ-

362 3448 624 3518 μητικῆς,
652 3451 746 3502 καὶ
789 3450 890 3520 τῆς
940 3450 1279 3520 θυμοειδοῦς,
1331 3451 1424 3504 καὶ
1453 3453 1553 3520 τῆς
1610 3453 1944 3522 λογιστικῆς.

359 3537 473 3592 Καὶ
493 3538 593 3609 τῆς
623 3538 722 3609 μὲν
746 3539 1060 3611 λογιπικῆς
1088 3540 1372 3610 δυνάμεως
1398 3541 1743 3614 παράχρησίς
1775 3542 1944 3605 ἐστιν,

358 3631 608 3698 ἀγνωσία
639 3632 734 3685 καλ⁵
767 3632 1048 3704 ἀφροσύνη
1075 3648 1088 3663 ·
1130 3632 1230 3703 τῆς
1257 3634 1316 3686 δὲ
1345 3633 1664 3704 θυμοειδοῦς
1704 3635 1796 3686 καὶ
1828 3635 1947 3685 ὲπι-

361 3721 693 3795 θυμητικῆς,
724 3727 878 3796 μῖσος
927 3727 1022 3781 καὶ
1070 3725 1356 3781 ἀκολασία.
1391 3727 1598 3798 Χρῆσις
1629 3726 1685 3778 δὲ
1715 3727 1942 3792 τούτων,

356 3814 560 3884 γνῶσις
583 3817 679 3870 καὶ
712 3819 976 3888 φρόνησις
997 3859 1010 3880 ,
1047 3819 1236 3890 ἀγάπη
1268 3835 1328 3871 τε
1356 3819 1451 3872 καὶ
1480 3819 1821 3889 σωφροσύνη.
1881 3821 1944 3873 El

351 3907 412 3960 δὲ
446 3907 628 3973 τοῦτο,
659 3909 810 3963 οὐδὲν
836 3910 945 3964 τῶν
972 3911 1076 3965 ὑπὸ
1104 3910 1238 3964 Θεοῦ
1296 3912 1624 3966 κτισθέντων
1654 3913 1746 3966 καὶ
1778 3929 1939 3981 γεγο·

349 4001 525 4054 νότων
562 4002 681 4054 ἐστὶ
711 4002 904 4058 κακόν.
1644 4006 1650 4013 ’

423 4093 488 4146 δ’.
519 4096 594 4147 οὐ
623 4096 692 4147 τὰ
733 4093 998 4166 βρώματα
1045 4096 1213 4160 κακὰ,
1265 4095 1378 4148 ἀλλ’
1422 4097 1454 4167 ή
1489 4098 1936 4168 γαστριμαργίω

347 4187 474 4241 esse
497 4187 530 4257 ἡ
563 4188 897 4254 παιδοποιία,
921 4188 1035 4242 ἀλλ’
1061 4190 1095 4259 η
1131 4188 1356 4258 πορνεία
1379 4203 1391 4217 ⁸
1413 4190 1536 4243 οὐδὲ
1564 4190 1634 4243 τὰ
1657 4193 1935 4261 χρήματα,

347 4280 468 4332 ἀλλ’
497 4281 531 4351 ὴ
567 4280 900 4351 φιλαργυρία
924 4298 935 4309 ·
970 4281 1090 4334 οὐδὲ
1125 4282 1159 4352 ἡ
1191 4281 1338 4346 δόξα,
1400 4283 1515 4337 ἀλλ’
1566 4285 1599 4355 ὴ
1636 4285 1932 4350 κενοδοξία.

350 4372 418 4424 Εἰ
440 4370 498 4424 δὲ
512 4369 690 4438 τοῦτο,
715 4373 872 4426 οὐδὲν
903 4373 961 4425 ὲν
987 4375 1100 4437 τοῖς
1130 4368 1248 4426 οὖσι
1279 4373 1471 4438 κακὸν,
1502 4376 1552 4428 εί
1590 4376 1663 4446 μὴ
1691 4377 1722 4446 ἡ
1759 4378 1937 4447 παρά-

349 4479 572 4532 χρησις,
599 4462 722 4532 ἥτις
747 4461 1034 4532 συμϐαίνει
1058 4465 1124 4517 ὲκ
1155 4463 1256 4535 τῆς
1277 4463 1372 4517 τοῦ
1402 4463 1496 4518 νοῦ
1519 4465 1780 4535 ἀμελείας
1810 4469 1935 4537 περὶ

343 4553 447 4623 τὴν
485 4554 724 4624 φυσικὴν
752 4554 1050 4624 γεωργίαν.

418 4650 480 4698 ε’.
513 4644 586 4696 Τὸ
607 4647 663 4696 ἐν
689 4645 908 4716 δαίμοσι
940 4646 1109 4700 κακὸν
1157 4646 1333 4699 ταῦτα
1379 4642 1517 4701 εἷναί
1567 4665 1734 4720 φησιν
1759 4650 1788 4702 ὁ
1824 4668 1924 4719 μαι

345 4735 540 4807 κάριος
580 4738 854 4801 Διονύσιος
906 4738 994 4810 (i)
1024 4778 1038 4804 ,
1078 4739 1250 4809 Θυμὸν
1297 4739 1512 4808 ἄλογον,
1547 4741 1708 4794 ἄνουν
1734 4743 1927 4795 ἐπιθυ-

347 4827 502 4897 μίαν,
539 4827 838 4895 φαντασίαν
872 4830 1143 4899 προπετῆ.
1191 4829 1409 4898 Ἀλογία
1439 4831 1496 4884 δὲ
1525 4832 1617 4885 καὶ
1652 4833 1806 4887 ἄνοια
1835 4834 1930 4888 καὶ

342 4922 646 4990 προπέτεια
674 4921 767 4973 ἐπὶ
789 4921 896 4974 τῶν
919 4921 1154 4990 λογικῶν
1181 4926 1467 4994 στερήσεις
1515 4927 1623 4978 εἰσὶ
1651 4925 1808 4996 λόγου
1835 4927 1930 4980 καὶ

338 5005 434 5060 νοῦ
466 5008 562 5060 καὶ
601 5008 1000 5080 περισκέψεως.
1043 5011 1109 5063 Αἱ
1139 5011 1196 5064 δὲ
1244 5014 1528 5083 στερήσεις
1551 5058 1566 5078 ,
1603 5015 1710 5068 τῶν
1761 5015 1927 5082 agam

339 5099 450 5153 είσι
483 5100 752 5174 δεύτεραι.
782 5105 926 5175 Ἀρα
947 5099 1039 5158 οὖν
1063 5099 1130 5176 ἦν
1153 5106 1240 5158 ὅτε
1266 5107 1512 5179 ὑπῆρχεν
1538 5111 1595 5164 ἐν
1625 5109 1808 5173 αὐτοῖς
1836 5102 1926 5164 λόέ

420 5255 468 5289 ’³
492 5255 636 5312 Psal.
672 5272 800 5324 nu,
834 5257 888 5312 4.
967 5259 1014 5290 ⁷⁵
1043 5259 1184 5316 Psal.
1218 5276 1349 5326 χχιι,
1383 5261 1435 5318 5.

409 5415 471 5498 (ἱ)
504 5417 572 5470 Τὸ
601 5416 671 5470 δὲ
701 5417 988 5488 ποτήριον
1014 5421 1121 5502 τοῦ
1149 5421 1317 5476 Θεοῦ.
1347 5423 1609 5493 Sequitur
1651 5427 1921 5483 maximus

333 5485 657 5546 lectionem.
683 5504 848 5564 quam
884 5490 1078 5564 haberi
1101 5494 1158 5564 εν
1183 5496 1246 5564 τῇ
1276 5498 1452 5564 κοινῇ,
1482 5505 1677 5549 auctor
1724 5495 1919 5551 lliero-

333 5572 564 5628 nymus;
591 5567 782 5626 estque
815 5560 1068 5615 Psalterii
1095 5560 1312 5618 Arabici
1352 5560 1686 5628 et'Romani,
1739 5566 1914 5620 Pocu-

335 5626 450 5680 lnm
477 5636 638 5704 tuum
676 5628 968 5684 inebrians.
1017 5631 1180 5704 Cypr.
1235 5635 1272 5688 Ι.
1332 5650 1366 5688 ll
1391 5675 1404 5699 ,
1453 5635 1615 5702 epist.
1653 5626 1686 5688 3
1722 5635 1917 5692 :Calix

334 5697 760 5774 ξααρὶιιεὸνὶαῃε,
785 5715 1042 5774 perquam
1061 5697 1333 5774 :optimua.
1354 5697 1710 5774 Schol,Dul‘r.
1737 5705 1872 5762 Cod.
1898 5726 1910 5761 :

335 5767 451 5824 Καὶ
477 5766 539 5820 τὸ
569 5766 829 5842 ποτήριόν
861 5766 954 5823 σου
981 5766 1250 5845 μεθύσκον
1286 5791 1373 5845 με,
1403 5775 1476 5837 ὡς
1501 5771 1556 5828 εἷ
1599 5777 1904 5848 κράτιστον.

2069 1788 2177 1842 que
2213 1786 2277 1826 ac
2302 1769 2648 1838 negotiorum
2680 1784 2835 1832 usus,
2875 1767 3295 1836 temperantiam
3334 1783 3398 1821 ac
3431 1765 3657 1820 castita-

2070 1873 2214 1928 tem,
2266 1863 2590 1916 charitatem
2643 1871 2700 1915 et
2745 1859 3036 1914 scientiam
3090 1859 3282 1926 parit:
3321 1858 3416 1925 qui
3464 1864 3652 1910 autem

2065 1953 2327 2007 abhorret
2373 1967 2404 2006 a
2446 1951 2681 2016 ratione,
2718 1950 3223 2019 intemperantiam,
3263 1948 3564 2018 odiumque
3595 1957 3654 2006 et

2064 2046 2450 2117 ignorantiam.
2943 2051 2949 2056 '

2132 2137 2188 2191 2.
2249 2137 2466 2191 Parnsti
2520 2137 2577 2189 in
2638 2143 2914 2205 conspectu
2970 2149 3084 2186 meo
3143 2149 3379 2186 mensam
3414 2132 3483 2198 ⁷⁸,
3537 2141 3646 2190 etc.

2064 2227 2249 2284 Mensa
2286 2229 2377 2282 hic
2401 2228 2666 2282 virtutem
2699 2226 2993 2296 signiﬁcat,
3020 2241 3142 2294 qua:
3168 2224 3385 2278 actione
3411 2225 3644 2294 geritur.

2064 2319 2371 2376 Haec-enim
2405 2337 2436 2374 a
2468 2319 2691 2375 Christo
2721 2326 2912 2388 parata
2943 2326 3046 2382 est,
3076 2331 3145 2372 ex
3181 2315 3416 2372 adverso
3449 2331 3646 2371 eorum

2061 2414 2159 2484 qui
2206 2412 2476 2467 tribulant
2519 2426 2641 2465 nos.
2686 2409 2880 2465 Oleum
2927 2416 3113 2463 autem
3159 2417 3400 2462 mentem
3438 2409 3645 2478 impin-

2062 2521 2264 2577 guans,
2302 2522 2487 2560 rerum
2539 2514 2848 2560 creatarum
2897 2503 3353 2573 speculationem.
3386 2503 3483 2557 Dei
3511 2519 3646 2558 vero

2061 2598 2223 2660 calix,
2260 2597 2353 2650 Dei
2388 2595 2760 2665 cognitionem
2799 2609 2861 2648 ae
2895 2593 3202 2648 scientiam.
3244 2592 3372 2662 Ejus
3405 2592 3644 2662 denique

2061 2689 2462 2750 misericordia,
2496 2688 2670 2756 ipsius
2695 2685 2938 2740 Verbum
2965 2700 3028 2738 ac
3049 2685 3242 2738 Deum.
3271 2684 3452 2753 Ipsum
3479 2683 3641 2754 427

2058 2780 2206 2836 enim
2252 2795 2358 2850 qua
2404 2779 2685 2832 hominem
2739 2775 2938 2840 induit,
2981 2775 3333 2845 persequitur
3381 2774 3644 2829 omnibus

2057 2871 2288 2936 diebus,
2335 2869 2513 2924 donec
2557 2884 2750 2923 omnes
2797 2866 3089 2921 salvandos
3131 2865 3639 2935 comprehenderit,

2059 2964 2141 3016 uti
2163 2963 2418 3017 Paulum.
2452 2961 2678 3026 Domus,
2715 2976 2942 3032 regnum
2966 2967 3051 3014 est
3073 2959 3131 3014 in
3160 2958 3308 3028 quod
3340 2957 3641 3012 reducendi

1983 3057 2025 3117 C
2059 3063 2189 3110 sunt
2213 3070 2408 3109 omnes
2435 3053 2628 3109 sancti.
2670 3052 2980 3124 Longitudo
3009 3051 3247 3116 dierum,
3270 3049 3383 3106 vita
3411 3059 3639 3105 πίοι-[ιθ.

2124 3289 2177 3342 5.
2217 3287 2409 3342 Abusu
2438 3288 2642 3343 virium
2682 3289 2900 3357 animae,
2924 3290 3059 3345 vitia
3093 3290 3259 3346 nobis
3292 3291 3635 3358 inolescunt;

2053 3388 2168 3434 tum
2218 3381 2428 3436 scilicet
2471 3382 2941 3451 concupiscentis,
2985 3392 3098 3436 tum
3141 3383 3431 3438 irascentis
3466 3383 3635 3438 animi

2050 3473 2154 3539 vis,
2195 3482 2312 3529 tum
2346 3474 2520 3544 partis
2558 3475 2812 3530 rationis.
2847 3475 2926 3529 Ac
2949 3475 3172 3544 quidem
3201 3475 3375 3544 partis
3403 3475 3636 3530 rationis

2049 3565 2288 3630 abusus,
2333 3566 2643 3636 ignorantia
2692 3574 2776 3621 est
2825 3576 2881 3621 et
2905 3567 3171 3632 stultitia;
3217 3568 3310 3622 irae
3347 3579 3530 3624 autem
3577 3578 3633 3625 et

2047 3657 2387 3727 cupiditatis,
2428 3657 2615 3711 odium
2656 3668 2712 3710 et
2755 3657 3175 3727 intemperantia
3212 3676 3224 3712 :
3260 3660 3450 3712 harum
3497 3675 3630 3714 vero

2047 3762 2200 3813 usus,
2235 3746 2468 3800 scientia
2509 3756 2566 3799 et
2607 3745 2924 3815 prudentia,
2961 3746 3297 3818 dilectioque
3332 3756 3389 3802 et
3420 3758 3629 3819 tempe-

2046 3838 2248 3894 rantia.
2295 3837 2452 3904 Quod
2507 3837 2550 3892 si
2592 3837 2667 3892 ita
2707 3847 2812 3901 cst,
2856 3837 2993 3892 nihil
3029 3853 3223 3893 eorum
3276 3856 3398 3910 qua:
3441 3855 3470 3894 a
3516 3842 3630 3895 Deo

2043 3937 2228 3985 creata
2261 3935 2414 3992 sunt,
2447 3927 2676 3997 ipsoque
2706 3936 2934 3982 auctore
2968 3937 3028 3982 ut
3059 3936 3247 3984 essent
3271 3941 3626 4000 acceperunt,

2042 4021 2247 4074 malum
2271 4029 2374 4077 est.

2109 4113 2164 4167 4.
2204 4114 2324 4170 Νοη
2359 4118 2469 4173 cibi
2511 4121 2637 4175 mali
2673 4133 2821 4187 sunt,
2858 4122 2952 4178 sed
2986 4121 3144 4192 gula;
3185 4139 3289 4177 nec
3323 4124 3625 4178 liberorum

2040 4209 2378 4274 procreatio,
2411 4212 2508 4266 sed
2558 4215 2849 4279 scortatio;
2887 4231 2989 4269 nec
3043 4217 3312 4284 pceunize,
3354 4216 3448 4270 scd
3495 4232 3624 4270 ava-

2038 4299 2198 4366 ritia;
2242 4318 2420 4372 neque
2447 4305 2640 4374 gloria,
2671 4307 2766 4360 sed
2805 4307 2983 4362 inanis
3017 4308 3210 4377 gloria.
3252 4309 3408 4373 Quod
3451 4309 3495 4362 si
3549 4308 3624 4364 ita

1970 4411 2012 4466 D
2038 4398 2144 4456 est,
2177 4392 2314 4447 nihil
2354 4393 2410 4448 in
2449 4396 2618 4451 rebus
2657 4399 2863 4451 malum
2901 4408 3004 4464 est,
3042 4398 3147 4452 nisi
3189 4398 3416 4464 abusus,
3451 4415 3520 4453 ex
3556 4413 3624 4453 eo

2037 4498 2236 4552 nempe
2277 4486 2625 4556 contingens,
2663 4489 2809 4558 quod
2848 4491 3067 4545 animus
3097 4506 3161 4544 ea
3199 4505 3322 4559 qua:
3361 4499 3490 4546 sunt
3526 4507 3623 4545 na-

2036 4581 2172 4627 tura:
2206 4576 2388 4629 colere
2423 4579 2668 4648 negligit.

2107 4661 2158 4714 5.
2201 4661 2399 4716 Malum
2454 4664 2511 4718 in
2566 4666 2908 4724 dmmonibus
2947 4668 3060 4723 haic
3105 4686 3248 4735 esse,
3298 4672 3374 4724 ait
3424 4672 3619 4725 beatus

2035 4751 2350 4822 Dionysius,
2389 4753 2524 4808 iram
2554 4757 2766 4812 scilicet
2794 4759 3000 4828 absque
3036 4761 3268 4825 ratione,
3304 4762 3613 4816 dementem

2034 4839 2342 4906 libidinem,
2372 4845 2757 4912 cogitationem
2786 4849 3142 4918 praacipitem.
3167 4851 3354 4920 Atqui,
3383 4853 3613 4907 rationis

2035 4934 2345 5003 mentisque
2395 4935 2673 5002 absentia,
2715 4948 2771 4994 et
2820 4956 3062 5010 princeps
3110 4943 3280 4999 animi
3331 4946 3609 5015 cogitatio,

2031 5022 2370 5090 privationes
2396 5035 2526 5082 sunt
2556 5029 2804 5094 rationis,
2826 5033 3136 5102 mentisque
3170 5036 3522 5105 perspicacis,
3549 5055 3610 5094 ac

2032 5121 2254 5169 attenta:
2286 5116 2743 5177 considerationis
2773 5140 2784 5175 :
2817 5123 3155 5192 privationes
3189 5138 3396 5196 autem,
3422 5139 3606 5200 posto-

2025 5432 2117 5516 ᾼίξ
2166 5433 2315 5489 Hier.
2373 5437 2599 5515 Hebrzea
2621 5451 2676 5496 et
2707 5441 2877 5516 LXX,
2921 5458 3224 5516 omnesque
3279 5447 3604 5516 interpretes

2026 5501 2232 5585 habere
2263 5513 2494 5585 'ttou,_ut
2516 5519 2572 5585 et
2601 5521 2794 5585 nostra
2838 5501 2974 5585 Vulg
3003 5532 3015 5568 :
3049 5501 3206 5569 Calia:
3285 5501 3438 5570 ηιδαὶ
3489 5501 3605 5570 ἐκεί

2025 5571 2227 5658 brians.
2263 5571 2384 5631 Uno
2413 5579 2586 5648 Regio
2613 5582 2737 5658 cod.
2766 5583 2923 5638 deest
2943 5571 3063 5640 Vvox
3085 5585 3243 5651 Θεοῦ,
3274 5586 3370 5642 sed
3403 5602 3600 5658 parum

2025 5643 2370 5724 relerthcutn
2391 5643 2590 5724 omnes
2627 5651 2718 5724 alii
2750 5664 3160 5723 reprzesentent.

2095 5715 2159 5784 (j)
2192 5714 2265 5769 De
2297 5717 2484 5773 divinis
2507 5714 2828 5790 nominibus,
2851 5739 2970 5795 cap.
2991 5726 3044 5792 4,
3072 5740 3127 5796 p.
3152 5724 3282 5782 212.
