4076 6420
444 280 449 288 ’
524 311 660 379 rma

1690 323 1752 383 S.
1787 322 2076 383 ΜΑΧΙΜΙ
2113 322 2621 394 CONFESSORIS

3619 355 3733 425 Ῑθῖθ

515 428 695 485 riores
724 434 852 483 sunt
889 427 1197 487 habitibus.
1241 431 1377 488 Erat
1407 447 1542 506 ergo
1576 449 1701 490 cum
1741 435 1798 489 in
1832 435 1916 490 eis
1941 444 2088 489 erant

2205 453 2302 504 γος
2332 441 2424 494 καὶ
2458 442 2583 508 νοῦς
2614 444 2710 498 καὶ
2766 446 3089 520 περίσκεψις
3120 450 3373 525 εὐλαϐής.
3412 455 3477 510 Et
3494 458 3546 514 δὲ
3583 466 3730 530 τοῦτο,

515 516 678 581 ratio,
711 520 1024 589 mentisque
1053 522 1415 592 perspicacia,
1457 533 1514 578 et
1548 525 1793 594 prudens
1831 533 2101 595 cautaque

513 605 905 662 consideratio.
952 610 1049 665 Sin
1093 621 1278 667 autem
1314 613 1390 669 ita
1429 629 1488 670 se
1532 630 1622 671 res
1659 615 1846 679 habet,
1887 632 1956 671 ne
1996 617 2101 686 ipsi

512 697 737 765 quidem
769 699 1050 756 daemones
1085 714 1283 760 natura
1326 707 1457 761 mali
1491 717 1659 775 sunt;
1694 708 1792 764 sed
1826 724 1890 765 ex
1932 726 2101 780 pravo

513 804 615 843 usu
649 793 986 848 naturalium
1014 796 1215 851 virium
1244 800 1374 854 mali
1404 801 1532 855 facti
1566 810 1706 857 sunt

583 882 635 937 6.
677 882 1023 953 Aﬂ‘eetuum,
1074 889 1169 944 alii
1214 890 1541 959 libidinem,
1592 894 1687 949 alii
1738 897 1957 963 odium,
2006 897 2101 953 alii

511 980 815 1046 utrumque
870 978 1125 1048 pariunt:
1182 987 1301 1036 tum
1353 985 1565 1041 scilicet
1621 986 1938 1057 libidinem,
1981 998 2097 1046 tum

510 1065 724 1121 odium.

587 1160 642 1213 7.
681 1158 936 1217 Edaeitas
982 1163 1348 1237 ciborumque
1392 1169 1667 1240 exquisita
1703 1172 1981 1239 lautities,
2026 1174 2097 1230 li-

512 1247 760 1305 bidinem
788 1253 1124 1325 progignunt
1151 1275 1164 1311 :
1201 1260 1431 1317 avaritia
1454 1278 1587 1319 vero
1613 1272 1671 1319 et
1693 1264 1872 1321 inanis
1898 1268 2096 1337 gloria,

512 1340 702 1395 odium
750 1341 810 1397 in
850 1346 1165 1415 proximum
1209 1368 1223 1404 :
1271 1362 1329 1408 at
1377 1353 1579 1410 horum
1626 1372 1827 1427 parens
1863 1361 2099 1418 carnalis

511 1446 669 1487 amor
697 1432 999 1509 (φιλαυτία)
1032 1441 1322 1513 utriusque
1348 1454 1432 1500 est
1459 1455 1672 1504 auctor.

581 1523 634 1579 8.
674 1525 934 1581 Φιλαυτία
964 1530 1066 1601 (sic
1092 1531 1261 1603 dicta)
1305 1535 1634 1594 libidinosus
1670 1551 1756 1597 est
1793 1558 1859 1597 ac
1894 1544 2096 1601 rationi

509 1614 815 1675 adversans
859 1636 1016 1678 amor
1050 1640 1116 1680 ac
1156 1626 1333 1682 libido
1369 1632 1637 1699 corporis.
1679 1632 1819 1688 Huic
1855 1634 2097 1692 eharitas

507 1710 965 1784 continentiaque
993 1726 1375 1786 opponuntur.
1412 1721 1586 1792 Igitur
1624 1724 1679 1778 in
1714 1740 1824 1794 quo
1849 1736 1933 1781 est
1970 1743 2096 1782 cor-

509 1802 662 1867 poris
692 1801 784 1858 ille
824 1818 1002 1873 amor,
1034 1816 1249 1865 certum
1287 1820 1368 1867 est
1402 1813 1552 1868 vitiis
1586 1815 1845 1871 omnibus
1882 1826 2093 1875 scatere

505 1907 571 1948 ac
603 1894 904 1955 affectibus.

574 1981 628 2037 9.
662 1982 858 2053 Nemo,
907 1986 1092 2058 inquit
1137 1993 1468 2062 Apostolus,
1514 2011 1728 2051 carnem
1774 2015 1930 2055 suam
1974 2001 2093 2056 odio

501 2073 685 2129 habuit
711 2076 792 2143 7’;
821 2079 1079 2151 suggillat
1104 2091 1283 2139 tamen
1308 2096 1358 2141 et
1386 2089 1442 2142 in
1470 2092 1783 2146 servitutem
1810 2094 1999 2166 redigit
2020 2095 2089 2160 ⁷⁸,

501 2167 644 2222 nihil
684 2171 923 2242 amplius
961 2174 1014 2228 ei
1058 2177 1335 2244 prabens,
1378 2196 1546 2251 quam
1593 2184 1779 2240 cibum
1821 2196 1880 2242 et
1923 2187 2092 2245 indu-

501 2266 714 2328 menta;
738 2260 966 2332 haecque
989 2265 1128 2321 adeo
1147 2278 1415 2338 quantum
1431 2271 1500 2326 ad
1521 2274 1694 2328 solam
1713 2276 1838 2334 vitae
1870 2286 2092 2334 susten-

504 2349 768 2406 tationem
779 2352 948 2425 428
964 2359 1343 2415 necessarium
1360 2363 1452 2418 sit.
1480 2362 1572 2420 Sic
1592 2365 1762 2436 igitur
1784 2369 1910 2439 quis
1927 2370 2096 2425 illibi—

501 2439 702 2498 dinose
736 2445 1002 2516 nulloque
1029 2449 1168 2505 vitio
1206 2466 1327 2507 eam
1352 2454 1558 2526 diligit;
1598 2473 1663 2513 ac
1700 2460 1853 2516 velut
1887 2462 2092 2520 divinis

500 2534 852 2593 aneillantem
891 2540 993 2595 alit
1027 2550 1085 2597 et
1123 2543 1294 2611 fovet,
1332 2547 1446 2605 illis
1481 2549 1749 2608 duntaxat
1789 2558 2089 2626 concessis,

498 2626 706 2697 quibus
727 2631 848 2700 ejus
871 2632 1177 2706 indigentia
1206 2639 1417 2710 expleri
1445 2645 1640 2712 possit.

572 2718 656 2774 lO.
689 2720 861 2787 Quem
886 2725 1013 2794 quis
1034 2726 1232 2799 diligit,
1260 2733 1487 2789 omnino
1508 2736 1675 2791 etiam
1699 2739 1884 2796 colere
1912 2739 2091 2798 ofﬁcio

495 2811 717 2881 satagit.
753 2812 810 2868 Si
845 2816 972 2885 quis
1002 2833 1136 2891 ergo
1167 2820 1342 2878 Deum
1387 2824 1588 2898 diligit,
1631 2845 1862 2900 prorsus
1896 2834 2089 2901 etiam,

500 2914 624 2969 qua:
667 2902 746 2958 illi
795 2905 1002 2975 placita
1040 2921 1169 2967 sunt
1204 2925 1469 2983 praestare
1506 2920 1693 2978 studet
1724 2939 1738 2976 :
1776 2923 1860 2980 sin
1905 2934 2089 2983 autem

500 3004 763 3061 carnem,
807 3011 931 3068 quae
979 3014 1103 3057 eam
1146 3003 1478 3064 oblectando
1519 3009 1654 3081 sint,
1695 3013 1814 3072 haec
1852 3016 2092 3077 libenter

497 3078 654 3139 faeit.

572 3187 661 3243 il.
698 3189 812 3246 Deo
846 3194 1072 3264 quidem
1107 3198 1331 3270 placent
1362 3205 1605 3265 eharitas
1641 3220 1698 3267 et
1728 3218 2091 3285 temperantia

498 3293 600 3334 seu
650 3283 897 3352 castitas,
935 3293 1330 3363 contemplatio
1381 3297 1512 3354 item
1565 3312 1624 3357 et
1673 3283 1880 3374 oratio;
1933 3312 2089 3367 carni

499 3388 653 3441 vero,
684 3378 811 3448 gula
846 3389 903 3436 et
942 3380 1369 3456 intemperantia
1406 3407 1506 3447 seu
1544 3393 1750 3463 libido;
1784 3414 1848 3453 ac
1885 3401 2090 3470 quibus

502 3464 594 3520 illa
632 3478 927 3540 augentur.
962 3473 1174 3532 Idcirco
1205 3496 1219 3532 :
1253 3477 1356 3545 Qui
1387 3483 1444 3535 in
1474 3501 1636 3539 carne
1662 3496 1806 3555 sunt,
1832 3464 1943 3545 Deo
1970 3493 2091 3563 pla-

498 3573 615 3612 cere
646 3576 752 3615 non
781 3573 1003 3633 possunt
1029 3568 1096 3623 ⁷⁷.
1133 3568 1236 3636 Qui
1261 3582 1438 3629 autem
1466 3587 1589 3632 sunt
1625 3577 1841 3649 Christi,
1872 3602 2089 3642 carnem

496 3664 652 3707 suam
689 3655 1069 3725 cruciﬁxerunt
1106 3679 1225 3717 cum
1279 3666 1417 3720 vitiis
1459 3677 1510 3721 et
1556 3676 1986 3744 concupiscentiis
2015 3678 2085 3735 ⁷⁸.

569 3741 657 3797 ιε.
696 3743 933 3803 Animus
978 3749 1035 3804 in
1079 3752 1251 3808 Deum
1293 3771 1545 3827 vergens,
1577 3741 1828 3833 nutuque
1870 3766 1929 3821 in
1958 3783 2087 3823 eum

496 3835 844 3904 propensior,
883 3855 1090 3911 corpus
1123 3859 1345 3902 servum
1374 3849 1561 3917 habet,
1598 3868 1703 3910 nec
1731 3866 1932 3925 praeter
1959 3859 2088 3916 vita:

496 3928 808 3984 necessaria
834 3932 1137 4003 quidquam
1163 3937 1243 3992 illi
1265 3941 1476 4009 praebet
1507 3960 1521 3997 :
1553 3944 1639 3999 sin
1665 3956 1848 4004 autem
1876 3950 1934 4006 in
1962 3967 2086 4008 car-

494 4029 621 4070 nem
665 4018 820 4073 vitiis
867 4024 1235 4096 mancipatur,
1285 4030 1434 4087 illius
1493 4048 1713 4106 semper
1784 4054 1973 4097 curam
2026 4043 2086 4100 in

495 4105 789 4167 desideriis
811 4127 981 4184 agens
1008 4117 1077 4170 τ’.

567 4202 655 4257 15.
697 4203 754 4258 Si
799 4205 907 4262 hoe
937 4209 1129 4266 studes
1170 4225 1229 4269 ut
1264 4216 1662 4286 cogitationum
1703 4237 1932 4296 compos
1965 4225 2084 4282 elli-

492 4290 682 4357 ciaris,
709 4295 941 4353 affectus
973 4314 1111 4356 cura
1159 4319 1224 4359 ac
1262 4305 1543 4375 libidines,
1579 4310 1892 4385 horumque
1926 4314 2082 4374 facile

490 4381 689 4450 vietor,
728 4387 915 4443 animo
962 4389 1086 4447 illas
1125 4393 1336 4463 ejicies.
1386 4398 1523 4454 Puta
1594 4401 1652 4456 in
1693 4403 2078 4476 fornicatione,

485 4475 695 4547 jejuna,
730 4479 917 4551 vigila,
961 4482 1173 4551 labora,
1222 4488 1505 4547 solitarius
1550 4508 1682 4566 age;
1737 4496 1792 4552 in
1831 4498 1911 4552 ira
1949 4516 2081 4557 vero

490 4582 555 4622 ac
591 4568 837 4637 tristitia,
881 4573 1111 4643 gloriam
1154 4586 1212 4633 et
1257 4579 1560 4649 infamiam,
1591 4601 1789 4656 resque
1830 4598 2079 4648 terrenas

489 4668 801 4718 contemne.
855 4664 915 4718 In
973 4666 1299 4738 injuriarum
1353 4675 1619 4729 memoria
1665 4692 1730 4732 ac
1775 4678 2074 4749 simultate,

487 4767 583 4807 ora
621 4769 722 4824 pro
753 4772 820 4812 eo
847 4758 943 4828 qui
983 4758 1114 4816 fecit
1141 4762 1423 4835 injuriam,
1460 4774 1518 4822 et
1544 4766 1893 4826 liberaberis.

561 4934 642 4986 ιι.
682 4932 761 4991 N'e
832 4945 887 4993 te
921 4938 1381 5000 imbecillioribus
1418 4945 1705 5002 hominum
1748 4950 2072 5006 commetia-

489 5023 586 5085 ris,
622 5024 718 5079 sed
767 5028 941 5097 magis
981 5032 1051 5086 ad
1095 5032 1412 5092 dilectionis
1455 5049 1787 5110 praeceptum
1834 5042 2073 5113 teipsum

488 5115 778 5171 contende.
827 5119 989 5177 Prius
1033 5124 1183 5179 enim
1226 5127 1273 5181 si
1320 5129 1531 5199 egeris,
1583 5131 1640 5186 in
1682 5134 2072 5193 ostentationis

487 5202 700 5260 foveam
759 5208 956 5277 cades;
1011 5213 1098 5268 sin
1159 5223 1345 5271 autem
1400 5218 1673 5287 alterum,
1715 5221 1784 5276 ad
1836 5224 2074 5280 modesti

485 5305 681 5347 sensus
709 5294 1107 5357 sublimitatem
1145 5307 1443 5373 provehes.

556 5382 643 5439 l5.
687 5384 744 5441 Si
804 5390 1031 5447 omnino
1093 5394 1405 5456 dilectionis
1456 5402 1695 5472 proximi
1747 5406 2069 5465 mandatum

2204 532 2326 585 οὐδὲ
2357 535 2406 587 οἱ
2436 534 2690 607 δαίμονες
2715 539 2878 608 φύσει
2904 545 3099 598 κακοί·
3129 545 3247 600 ἀλλ’
3274 547 3341 601 ὲκ
3379 557 3733 629 παραχρήσεως

2202 622 2312 679 τῶν
2336 627 2587 695 φυσικῶν
2618 628 2902 703 δυνάμεων
2932 635 3097 691 κακοὶ
3123 637 3423 707 γεγόνασι.-

2273 880 2347 939 ς’.
2383 876 2464 929 Τὰ
2490 876 2590 947 μὲν
2626 878 2737 933 τῶν
2757 881 2966 946 παθῶν,
3000 885 3298 954 ἀκολασίας
3316 904 3331 919 '
3353 891 3419 946 τά
3442 893 3519 960 δὲ,
3551 896 3734 966 μίσους*

2200 965 2269 1020 τὰ
2298 967 2377 1035 δὲ,
2414 969 2509 1024 καὶ
2540 971 2839 1037 ἀκολασίας
2864 976 2958 1030 καὶ
2999 978 3195 1049 μίσους
3232 981 3338 1036 είσὶ
3365 965 3627 1058 ποιητικά.

2270 1166 2336 1233 ζ’.
2370 1170 2686 1242 Πολυφαγία
2718 1172 2810 1228 καὶ
2835 1176 3141 1249 ήδυφαγία,
3181 1181 3476 1252 ἀκολασίας
3518 1191 3643 1245 εἰσιν
3670 1196 3740 1249 ατ-

2197 1277 2290 1315 τια
2319 1261 2439 1335 [Fr.
2482 1265 2675 1339 αἴτιαι]
2697 1283 2712 1298 ⁶
2747 1268 3080 1343 φιλαργυρία
3137 1274 3194 1328 δὲ
3235 1278 3329 1331 καὶ
3355 1281 3636 1352 κενοδοξία,
3664 1288 3742 1356 μί-

2199 1368 2328 1419 σους
2364 1356 2499 1428 πρὸς
2523 1357 2614 1413 τὸν
2643 1359 2887 1431 πλησίον.
2929 1363 2996 1417 Ἡ
3024 1364 3082 1419 δὲ
3106 1367 3310 1424 τούτων
3359 1372 3538 1446 μήτηρ
3578 1377 3743 1447 φιλαυ-

2196 1446 2287 1500 τία
2325 1449 2436 1501 τῶν
2470 1452 2798 1524 ἀμφοτέρων
2822 1456 2970 1509 ἐστὶν
2998 1459 3165 1515 αἰτία.

2268 1545 2338 1610 η’.
2380 1541 2640 1598 Φιλαυτία
2694 1548 2846 1599 ἐστὶν
2877 1549 2908 1617 ἡ
2936 1550 3072 1620 πρὸς
3098 1551 3159 1605 τὸ
3195 1554 3355 1624 σῶμα
3392 1559 3629 1631 ἐμπαθὴς
3666 1564 3748 1617 καὶ

2197 1631 2390 1697 ἄλογος
2432 1635 2613 1704 φιλία·
2754 1639 3056 1696 ἀντίκειται
3095 1645 3287 1716 ἀγάπη
3320 1649 3412 1700 καὶ
3458 1651 3745 1719 ἐγκράτεια.

2209 1724 2268 1778 '0
2297 1724 2437 1796 ἔχων
2491 1728 2588 1801 τὴν
2638 1731 2954 1801 φιλαυτίαν,
3001 1734 3161 1808 δῆλον
3209 1738 3292 1792 ὅτι
3343 1739 3457 1812 ἔχει
3502 1745 3665 1798 πάντα
3693 1750 3748 1804 τὰ

2125 1780 2168 1836 Β
2197 1780 2369 1891 alter;

2267 1999 2328 2057 θ’.
2364 2000 2596 2070 Οὐδείς,
2628 2006 2793 2076 φησὶν
2827 2006 3167 2078 Ἀπόστολος,
3199 2013 3316 2084 τὴν
3339 2016 3555 2074 ἑαυτοῦ
3575 2021 3749 2091 σάρκα

2192 2091 2490 2161 ἐμίσησεν
2509 2110 2521 2123 ·
2547 2095 2688 2149 ἀλλ’
2713 2097 3022 2160 ὑποπιάζει
3044 2100 3328 2169 δηλονότι
3357 2108 3457 2162 καὶ
3476 2108 3749 2181 δουλαγω-

2192 2182 2304 2252 rei,
2340 2183 2511 2254 μηδὲν
2540 2184 2704 2241 πλέον
2733 2189 2870 2260 αὐτῇ
2925 2192 3207 2264 παρέχων,
3250 2195 3392 2269 πλὴν
3436 2199 3522 2254 διὰ
3568 2204 3749 2274 τροφῆς

2193 2275 2287 2328 καὶ
2317 2277 2728 2347 σκεπασμάτων
2754 2294 2767 2309 ·
2800 2281 2895 2335 καὶ
2924 2281 3130 2338 τούτων
3162 2286 3363 2357 μόνων,
3411 2290 3520 2345 τῶν
3551 2293 3677 2363 πρὸς
3699 2293 3751 2348 τδ

2192 2365 2297 2438 ζῇν
2317 2367 2652 2437 ἀναγκαίων.
2675 2369 2863 2436 Οὕτως
2887 2370 2980 2428 οὖν
3004 2375 3231 2442 ἀπαθῶς
3251 2395 3339 2443 τις
3372 2382 3561 2455 ἀγαπᾷ
3582 2383 3746 2456 αὑτήνο

2191 2457 2288 2511 καὶ
2333 2458 2410 2522 ὡς
2460 2460 2728 2532 ὑπηρέτιν
2773 2463 2882 2517 τῶν
2939 2464 3099 2519 θείων
3152 2469 3413 2540 ἐκτρέφει
3454 2472 3637 2544 αὐτὴν,
3669 2476 3750 2528 καὶ

2193 2549 2391 2605 θάλπει
2425 2552 2537 2617 τοῖς
2568 2554 2666 2625 τὴν
2707 2554 2919 2611 ἔνδειαν
2952 2557 3124 2630 αὐτῆς
3151 2559 3538 2635 ἀποπληροῦσι
3566 2564 3747 2635 μόνοις.

2267 2732 2317 2780 ι’.
2352 2727 2451 2781 "Ov
2480 2744 2565 2792 τις
2594 2728 2804 2801 ἀγαπᾷ,
2834 2731 3024 2787 τοῦτον
3051 2734 3270 2801 πάντως
3302 2737 3401 2792 καὶ
3428 2740 3640 2795 σπεύδει
3670 2740 3747 2795 θε-

2195 2819 2474 2891 ραπεύειν.
2514 2822 2577 2875 Et
2606 2818 2700 2877 οὖν
2721 2824 2812 2879 τὸν
2836 2824 2969 2880 Θεόν
2990 2845 3076 2892 τις
3102 2829 3315 2903 ἀγαπᾷ,
3348 2831 3566 2898 πάντως
3585 2833 3750 2888 καὶτὰ

2190 2913 2398 2984 ἀρεστὰ
2430 2915 2579 2987 αὐτῷ
2630 2916 2851 2971 σπεύδει
2896 2923 3075 2976 ποιεῖν
3097 2936 3113 2952 ·
3150 2924 3200 2977 εί
3225 2923 3282 2978 δὲ
3312 2924 3418 2999 τὴν
3457 2926 3651 2998 σάρκα,
3691 2925 3750 2981 τὰ

2189 3003 2397 3076 ταύτην
2417 3006 2687 3079 τέρποντα
2715 3010 2977 3067 ἐκτελεῖν.

2263 3190 2356 3239 ια’.
2393 3184 2484 3257 Τῷ
2513 3186 2615 3257 μὲν
2646 3188 2765 3260 Θεῷ
2788 3190 3014 3261 ἀρέσκει
3043 3192 3232 3266 ἀγάπη
3286 3196 3383 3252 καὶ
3426 3198 3750 3270 σωφροσύνη.

2191 3274 2287 3329 καὶ
2325 3274 2527 3347 θεωρία
2548 3277 2645 3332 καὶ
2673 3281 2949 3353 προσευχὴ
2971 3297 2986 3312 ·
3024 3285 3092 3356 τῇ
3114 3284 3172 3337 δὲ
3199 3286 3389 3358 σαρκὶ,
3426 3306 3751 3360 γαστριμαρ-

2190 3365 2288 3435 γία
2333 3368 2428 3421 καὶ
2478 3368 2764 3437 ἀκολασία,
2817 3373 2915 3427 καὶ
2973 3374 3044 3428 τὰ
3092 3377 3299 3433 τούτων
3355 3381 3642 3453 αὐξητικά.
3669 3380 3754 3433 Διὰ

2188 3459 2369 3525 τοῦτο,
2392 3463 2460 3516 Οί
2486 3461 2558 3515 ἐν
2578 3464 2759 3532 σαρκὶ
2785 3466 3107 3534 ὄντες-,Θεῷ
3130 3469 3349 3538 ἀρέσαι
3374 3475 3446 3529 οὐ
3463 3472 3751 3527 δύνανται.

2193 3552 2262 3605 οι
2303 3551 2373 3605 δὲ
2397 3552 2503 3634 τοῦ
2538 3556 2825 3624 Χριστοῦ,
2852 3556 2968 3626 τὴν
3000 3558 3202 3629 σάρκα
3222 3562 3624 3634 ἐσταύρωσαν
3647 3562 3757 3620 σὺν

2187 3643 2315 3710 τοῖς
2341 3630 2657 3717 παθήμασι
2683 3648 2783 3704 καί
2809 3650 2939 3717 ταῖς
2964 3651 3322 3724 ἐπιθυμίαις.

2263 3736 2353 3806 ιβ’.
2400 3737 2459 3791 '0
2481 3739 2605 3803 νοῦς
2635 3740 2731 3795 ὲάν
2767 3737 2867 3813 μὲν
2893 3742 3059 3816 νεύσῃ
3086 3746 3224 3817 πρὸς
3266 3747 3426 3814 Θεὸν,
3457 3748 3570 3822 ἔχει
3590 3746 3759 3804 δοῦ)ον

2186 3829 2248 3885 τὸ
2269 3831 2449 3902 σῶμα,
2477 3833 2573 3886 καὶ
2598 3833 2762 3889 πλέον
2785 3835 2938 3890 οὐδὲν
2971 3837 3123 3908 αὐτῷ
3150 3839 3388 3912 παρέχει
3418 3843 3530 3897 τῶν
3556 3842 3687 3915 πρὸς
3703 3840 3757 3894 τὺ

2188 3918 2288 3993 ζῇν
2312 3923 2630 4006 ἀναγκαίων
2651 3941 2666 3956 ο
2699 3925 2796 3979 ἐὰν
2828 3926 2888 3981 δὲ
2918 3926 3085 4002 νεύσῃ
3114 3929 3249 4001 πρὸς
3281 3930 3384 4004 τὴν
3420 3934 3621 4006 σάρκα,
3648 3932 3758 3988 δου-

2186 4013 2375 4069 λοῦται
2405 4002 2520 4080 τοῖς
2579 4016 2805 4085 πάθεσι,
2836 4020 3096 4091 πρόνοιαν
3147 4002 3447 4094 αὐτῆςήάεὶ
3474 4002 3557 4091 είς
3581 4023 3758 4080 ἐπιθυ-

2187 4108 2319 4179 μίας
2348 4109 2690 4179 ποιούμενος.

2260 4204 2349 4266 ιγ’.
2373 4198 2438 4252 Εί
2469 4198 2647 4264 θέλεις
2670 4199 2781 4255 τῶν
2828 4200 3112 4274 λογισμῶν
3150 4205 3556 4276 περιγίνεσθαι,
3588 4207 3762 4277 ὲπιμε·

2183 4288 2278 4344 λοῦ
2302 4289 2412 4344 τῶν
2448 4290 2659 4357 παθῶν,
2687 4292 2784 4345 καὶ
2815 4293 3060 4367 εὐχερῶς
3089 4297 3286 4364 αὐτοὺς
3319 4300 3386 4354 ἐκ
3416 4301 3516 4355 τοῦ
3539 4299 3634 4356 νοῦ
3665 4299 3761 4354 ἀπὸ

2183 4383 2389 4435 τούτων
2411 4383 2718 4448 ἐξελαύνεις
2746 4383 2870 4457 [Fr.
2893 4387 2957 4440 ὲκ
2976 4387 3072 4442 τοῦ
3096 4388 3190 4443 νοῦ
3222 4390 3597 4465 ἀπελαύνεις].
3627 4388 3756 4455 Οίον,

2186 4474 2279 4527 ἐπὶ
2304 4474 2403 4545 μὲν
2424 4475 2526 4543 τῆς
2569 4477 2846 4545 πορνείας,
2876 4479 3124 4550 νήστευε,
3155 4481 3451 4550 ἀγρύπνει,
3486 4484 3760 4545 κοπίασον,

2189 4565 2412 4620 ίδίασον.
2452 4566 2576 4620 Ἐπὶ
2600 4567 2658 4621 δὲ
2689 4569 2789 4639 τῆς
2818 4569 2990 4643 ὀργῆς
3017 4573 3111 4626 καὶ⁵
3141 4573 3241 4641 τῆς
3260 4574 3463 4646 λύπης,
3498 4575 3760 4648 καταφρό·

2182 4674 2265 4710 νει
2292 4657 2453 4728 δόξης
2480 4658 2575 4712 καὶ
2607 4660 2833 4732 ἀτιμίας
2876 4662 2973 4716 καὶ
2999 4663 3108 4717 τῶν
3133 4664 3338 4720 ὖλικῶν
3363 4670 3705 4740 πραγμάτων
3723 4670 3757 4721 ⁸.

2194 4748 2320 4803 Ἐπὶ
2346 4748 2403 4804 δὲ
2436 4751 2537 4822 τῆς
2565 4753 2954 4822 μνησικακίας,
2980 4756 3283 4829 προσεύχου
3308 4759 3455 4832 ὑπὲρ
3484 4760 3579 4815 τοῦ
3600 4760 3760 4830 λυπή-

2182 4858 2398 4910 σαντος,
2428 4844 2523 4897 καὶ
2549 4844 2890 4919 ἀπαλλάττῃ.

2252 4955 2334 5010 ιδ’.
2364 4957 2457 5030 Μὴ
2484 4958 2594 5012 τῶν
2622 4958 2927 5031 ἀνθρώπων
2968 4964 3079 5028 τοῖς
3115 4964 3532 5037 ἀσθενεστέροις
3577 4962 3758 5020 ἑαυτὸν

2179 5047 2547 5120 παραμέτρει,
2605 5049 2739 5104 ἀλλά
2790 5053 2855 5122 τῇ
2907 5053 3092 5125 ἐντολῇ
3141 5055 3241 5126 τῆς
3287 5055 3516 5128 ἀγάπης
3569 5054 3757 5127 μᾶλλον

2181 5137 2529 5211 παράτεινον.
2563 5139 2691 5205 Τοῖς
2728 5141 2829 5211 μὲν
2862 5140 2973 5213 γὰρ
2995 5142 3395 5216 παραμετρῶν,
3422 5148 3507 5210 είς
3550 5146 3641 5199 τὸν
3672 5142 3753 5214 βό-

2180 5229 2307 5299 θρον
2343 5231 2441 5302 τῆς
2462 5232 2692 5303 οἰήσεως
2727 5233 3056 5305 ἐμπίπτειςο
3090 5239 3155 5307 τῇ
3188 5235 3245 5290 δὲ
3276 5239 3648 5308 παρατείνων,
3681 5237 3753 5298 είς

2176 5319 2240 5373 τὸ
2263 5318 2399 5389 ὕψος
2431 5322 2530 5391 τῆς
2554 5324 3063 5396 ταπεινοφροσύνης
3086 5327 3440 5399 προκόπτεις.

2249 5417 2330 5466 ιε’.
2362 5412 2426 5465 Εί
2456 5412 2594 5477 ὅλως
2613 5413 2712 5487 τῆς
2732 5414 2868 5485 πρὸς
2900 5417 2996 5471 τὸν
3028 5418 3255 5490 πλησίον
3289 5420 3516 5493 ἀγάπης
3545 5419 3643 5491 τὴν
3672 5421 3751 5474 ὲν·

552 5540 599 5572 ⁷⁸
624 5540 832 5612 Ephes.
862 5560 919 5611 ν,
944 5544 1036 5602 29.
1112 5548 1160 5579 ⁷⁸
1185 5548 1208 5605 ι
1235 5549 1364 5607 Cor.
1395 5569 1471 5620 rx,
1500 5554 1592 5611 27.
1669 5558 1715 5590 "
1747 5559 1909 5616 Rom.
1941 5576 2055 5630 vm,
2082 5568 2088 5615 1

2212 5564 2259 5598 ⁷⁸
2281 5562 2455 5621 Galat.
2480 5582 2535 5635 ν,
2561 5567 2653 5624 24.
2728 5570 2775 5603 ⁷³
2807 5571 2966 5627 Rom.
2997 5589 3114 5639 xm,
3143 5574 3231 5630 14.

553 5680 576 5764 ξ
604 5680 695 5785 Fr'.
718 5682 1033 5785 Enusiué‘g‘ov
1060 5686 1176 5753 πῶς
1200 5690 1307 5764 χρὴ
1333 5694 1715 5765 περιγενέσθαι
1746 5698 1952 5757 παθῶν.
1993 5701 2088 5756 ’Δνι

2190 5704 2289 5761 ωθι
2317 5706 2378 5762 τὸ
2396 5708 2642 5764 εἰκοστόν
2663 5724 2676 5740 ³
2703 5708 2953 5780 Observa,
2979 5713 3240 5783 quomodo
3259 5715 3365 5770 sint
3394 5712 3747 5785 expugnanda

482 5748 631 5805 vitia.
664 5748 811 5822 Lege
834 5770 879 5807 ε.
907 5754 996 5812 ἓθ.
