4076 6426
348 379 481 442 1021

1234 384 1572 445 CAPITUM
1614 383 1711 443 DE
1750 381 2185 441 CIIARITATE
2225 381 2615 442 CENTUIIIA
2655 384 2773 444 III.

3501 383 3639 444 1022

346 490 510 560 τολὴν
541 489 855 559 φυλάττεις,
896 491 1036 564 ὑπὲρ
1069 491 1212 555 τίνος
1241 493 1316 557 (k)
1341 492 1442 561 τῆς
1487 492 1624 563 πρὸς
1649 491 1812 545 αὑτὸν
1851 489 1948 543 λύι-
1981 541 1982 546 η

2061 491 2321 554 custodis,
2352 508 2452 547 cur
2481 492 2678 546 offensi
2712 493 2763 545 in
2789 509 2912 546 eum
2951 495 3116 548 animi
3150 495 3504 548 acerbitatem
3540 509 3632 560 pa-

342 599 461 653 πης
501 582 603 653 τὴν
637 583 869 653 πικρίαν
897 581 1185 648 ἐντίκτεις,
1221 584 1254 654 ἢ
1287 583 1446 653 δῆλον
1493 585 1577 638 ὅτι
1620 584 1823 653 ταύτης
1875 582 1947 636 τά

2061 584 2158 637 ris?
2197 584 2336 638 Num
2372 586 2533 653 plane
2560 584 2707 652 quod
2739 586 3108 654 temporaneis
3139 586 3303 639 rebus
3334 600 3453 638 eam
3485 593 3638 652 post-

344 672 666 743 πρόσκαιρα
696 672 984 743 προτιμῶν
1009 673 1106 726 καὶ
1137 672 1320 726 αὐτῶν
1352 672 1826 743 ἀντιποιούμενος,
1853 671 1947 724 τὸν

2061 674 2273 739 ιιιιιεεε,
2309 690 2370 729 ac
2407 675 2553 744 ipsas
2586 674 2754 740 colas,
2791 675 2950 729 fratri
2985 675 3232 730 infensus
3266 674 3525 729 exsistis?

345 763 578 831 ἀδελφὸν
617 765 884 834 πολεμεῖς
916 781 932 831 ;

427 863 520 922 ις’.
549 855 626 908 Ob
659 855 750 908 διά
778 855 877 927 τὴν
904 856 1098 928 χρείαν
1133 854 1390 910 τοσοῦτον
1419 855 1481 908 τὸ
1525 855 1746 925 χρυσίον
1770 855 1946 924 ζηλωο

343 948 441 1001 τὸν
471 950 586 1012 τοῖς
611 946 928 1018 ἀνθρώποις
971 948 1220 1017 γέγονεν,
1254 948 1380 1001 ὅσον
1423 948 1484 1000 τὸ
1521 946 1588 999 δι’
1624 945 1791 1000 αὐτοῦ
1821 947 1947 1008 τοὺς

346 1038 580 1100 πολλοὺς
613 1038 717 1101 τὰς
754 1038 951 1108 ἡδονάς
981 1037 1330 1109 θεραπεύειν.

426 1129 514 1194 ιζ’.
562 1128 703 1201 Τρία
759 1130 869 1183 εἰσὶ
899 1129 968 1182 τά
1006 1128 1160 1182 αἴτια
1196 1129 1299 1199 τῆς
1336 1127 1446 1182 τῶν
1481 1127 1787 1199 χρημάτων
1815 1127 1949 1193 ἀγά-

347 1236 464 1290 πης
496 1219 632 1287 (21),
679 1219 985 1292 φιληδονία,
1031 1219 1310 1286 κενοδοξία
1354 1221 1452 1274 καὶ⁴
1488 1221 1740 1276 ἀπιστία.
1774 1219 1949 1274 Χαλε-

348 1311 579 1382 πωτέρα
605 1311 664 1364 δέ
692 1311 802 1366 τῶν
830 1311 925 1366 δύο
956 1315 987 1382 ἡ
1023 1313 1254 1366 ἀπιστία
1276 1311 1639 1386 καθέστηκεν.

431 1485 523 1558 ιη’.
575 1487 633 1539 '0
666 1488 767 1558 μέν
801 1488 1087 1560 φιλήδονος
1133 1489 1327 1562 ἀγαπᾷ
1373 1489 1680 1560 ἀργύριον,
1738 1488 1825 1542 ῖνα
1880 1488 1950 1542 δι’

353 1579 524 1632 αὐτοῦ
548 1581 800 1652 τρυφήοῃ
823 1597 836 1610 ·
862 1583 890 1635 6
938 1581 996 1636 δέ
1025 1580 1328 1647 κενόδοξος,
1385 1581 1474 1637 ἵνα
1499 1581 1570 1635 δι’
1600 1579 1766 1634 αὐτοῦ
1797 1579 1951 1647 δοξα-

356 1670 462 1742 σθῇ
485 1689 497 1700 ·
529 1673 557 1726 6
589 1671 647 1725 δὲ
693 1673 944 1738 ἄπιστος,
980 1673 1068 1726 ἵνα
1101 1673 1288 1746 κρύψῃ
1341 1675 1438 1729 καὶ
1493 1673 1706 1745 φυλάξῃ
1732 1714 1747 1736 ,
1790 1673 1950 1743 λιμὸν

356 1762 718 1834 φοϐούμενος,
759 1764 792 1836 ἢ
849 1765 1029 1837 γῆρας
1058 1764 1092 1834 ἢ
1147 1765 1302 1819 νόσον
1329 1765 1362 1837 ἢ
1398 1765 1663 1831 ξενιτείαν
1689 1782 1702 1795 ·
1731 1767 1828 1820 καὶ
1861 1765 1950 1818 ἐπ’

2121 850 2208 903 16.
2249 850 2369 903 Non
2425 858 2536 904 tam
2577 849 2737 920 justas
2784 849 3133 904 necessitatis
3190 865 3390 915 causa,
3440 865 3639 905 aurum

2049 941 2368 997 hominibus
2417 943 2786 1011 expetendum
2838 943 3019 997 visum
3083 950 3202 1008 est,
3263 957 3428 1011 quam
3491 941 3637 1011 quod

2047 1035 2246 1104 vulgo:
2275 1033 2588 1103 voluptates
2619 1049 2683 1088 ac
2701 1033 2991 1088 libidinem
3025 1034 3120 1088 illo
3150 1032 3392 1087 foveant.

2122 1125 2208 1177 I7.
2252 1125 2474 1194 Triplex
2523 1140 2687 1179 causa
2730 1133 2814 1179 est
2865 1141 2930 1179 ac
2977 1125 3118 1179 ratio
3165 1123 3430 1195 diligendi
3471 1138 3642 1193 pecu-

2049 1214 2200 1279 nias;
2244 1216 2593 1284 voluptatum
2632 1230 2808 1280 amor,
2855 1215 3035 1269 inanis
3073 1215 3246 1285 gloria
3290 1220 3346 1267 et
3388 1211 3642 1267 difﬁden-

2049 1305 2150 1360 tia.
2207 1306 2449 1376 Utraque
2507 1316 2694 1362 autem
2750 1308 2906 1378 pejor
2953 1323 3017 1362 ac
3068 1306 3310 1361 deterior
3363 1313 3447 1359 est
3505 1301 3644 1358 difﬁ-

2052 1397 2263 1453 dentia.

2125 1488 2213 1543 18.
2254 1490 2306 1544 Is
2335 1489 2560 1559 quidem
2596 1490 2691 1560 qui
2722 1489 2992 1561 voluptati
3034 1489 3257 1544 deditus
3291 1495 3396 1555 est,
3433 1488 3645 1544 idcirco

2051 1581 2320 1651 pecunias
2359 1581 2558 1653 diligit,
2603 1588 2665 1635 ut
2709 1597 2809 1651 per
2847 1596 2943 1636 eas
2985 1580 3202 1634 deliciis
3241 1579 3454 1634 diffluat
3492 1595 3507 1632 :
3546 1577 3645 1648 qui

2053 1681 2238 1728 autem
2274 1673 2456 1727 inanis
2490 1673 2678 1743 gloriae
2719 1671 2954 1741 cupidus
2989 1670 3154 1742 429
3193 1679 3297 1737 est,
3329 1678 3391 1724 ut
3421 1685 3522 1739 per
3553 1684 3647 1724 eas

2054 1764 2229 1836 gloria
2253 1764 2460 1835 fulgeat
2486 1782 2499 1817 :
2532 1771 2606 1827 at,
2634 1765 2728 1834 qui
2764 1763 3066 1818 diﬂidentia
3097 1764 3310 1818 laborat
3339 1778 3436 1817 seu
3460 1762 3646 1816 incre-

355 1853 510 1924 αὑτῷ
533 1853 736 1924 μᾶλλον
763 1855 997 1922 ἐλπίζει,
1032 1857 1064 1928 ἢ
1101 1858 1194 1911 ἐπὶ
1223 1857 1300 1929 τῷ
1340 1859 1462 1929 Θεῷ
1493 1857 1572 1930 τῷ
1621 1859 1805 1930 πάσης
1833 1859 1952 1912 κτί-

2061 1857 2221 1911 dulus
2244 1865 2348 1922 est,
2376 1865 2436 1910 ut
2465 1857 2707 1911 occultct
2734 1870 2798 1910 ac
2823 1862 3026 1920 servet,
3060 1854 3258 1909 famem
3287 1855 3510 1919 timens,
3552 1861 3648 1907 aut

358 1958 506 2005 σεως
553 1943 896 2016 δημιουργῷ,
930 1947 1023 2001 καὶ
1061 1948 1357 2018 προνοητῇ,
1406 1946 1513 2012 ἕως
1558 1948 1664 2003 τῶν
1708 1947 1955 2018 ἐσχάτων

359 2033 459 2088 καὶ
497 2035 844 2106 μικροτάτων
877 2034 1052 2102 ζώων.

435 2301 524 2357 ιϐ’.
562 2303 843 2375 Τέσσαρές
879 2303 1017 2358 είσιν
1047 2305 1096 2358 oi
1157 2303 1608 2376 περιποιούμενοι
1661 2305 1952 2376 χρήματα·

356 2394 411 2448 οι
442 2394 835 2464 προειρημένοι
884 2396 1056 2466 τρεῖς,
1091 2394 1188 2448 καὶ
1218 2397 1246 2448 6
1277 2395 1643 2464 οἰκονομικός.
1692 2395 1870 2458 Μόνος
1897 2395 1956 2447 δὲ

356 2479 518 2551 οὗτος
538 2485 784 2557 δηλονότι
813 2486 990 2558 ὀρθῶς
1027 2490 1418 2559 περιποιεῖται,
1466 2488 1552 2541 ἵνα
1599 2487 1815 2559 ἑκάστῳ
1855 2487 1956 2557 τὴν

357 2581 551 2654 χρείαν
575 2582 832 2652 παρέχων
861 2580 936 2653 μὴ
965 2581 1216 2654 διαλείπῃ
1245 2581 1395 2636 ποτέ.

431 2865 504 2915 κ’.
533 2859 746 2923 Πάντες
790 2860 839 2913 οἱ
870 2858 1138 2930 ἐμπαθεῖς
1175 2858 1428 2930 λογισμοὶ
1456 2859 1490 2933 ἢ
1524 2859 1585 2914 rb
1623 2859 1955 2932 ἐπιθυμητι-

356 2951 455 3006 κὸν
481 2953 582 3022 τῆς
605 2950 788 3022 ψυχῆς
831 2949 1173 3022 ἐρεθίζουσιν
1193 2991 1208 3015 ,
1242 2950 1276 3022 ἢ
1309 2951 1370 3005 τὸ
1397 2951 1630 3023 θυμικὸν
1677 2951 1953 3024 ἐκταράσ-

358 3059 566 3108 σουσιν,
593 3041 628 3112 ἢ
659 3040 721 3094 τὸ
740 3040 1052 3110 λογιστικὸν
1075 3040 1483 3106 ἐπισκοτίζουσι
1506 3059 1521 3073 °
1548 3043 1644 3096 καὶ
1671 3043 1736 3096 ἐκ
1766 3042 1955 3096 τούτου

362 3131 652 3202 συμϐαίνει
671 3131 765 3184 τὸν
800 3130 926 3185 νοῦν
955 3131 1332 3202 όφθαλμιάσαι
1355 3133 1496 3206 πρὸς
1523 3135 1622 3206 τὴν
1651 3150 1956 3204 πνευματι-

362 3223 467 3297 κὴν
495 3222 746 3295 θεωρίαν,
775 3224 872 3277 καὶ
897 3223 996 3295 τὴν
1032 3224 1131 3295 τῆς
1154 3227 1470 3298 προσευχῆς
1496 3227 1786 3298 ἐκδημίαν.
1844 3228 1955 3280 Καὶ

358 3315 554 3370 τούτου
584 3316 746 3387 χάριν
771 3316 980 3386 ὀφείλει
1003 3319 1032 3369 6
1066 3318 1324 3389 μοναχὺς,
1358 3319 1454 3372 καὶ
1486 3320 1726 3390 μάλιστα
1757 3321 1784 3373 6
1827 3321 1957 3391 ἡσυ-

358 3407 571 3480 χάζων,
632 3408 878 3478 ἀκριϐῶς
926 3411 1038 3472 τοῖς
1065 3409 1350 3479 λογισμοῖς
1383 3410 1694 3482 προσέχειν,
1737 3411 1958 3475 καὶτὰς

355 3499 569 3553 τούτων
597 3500 775 3565 αἰτίας
801 3501 898 3553 καλ⁵
925 3501 1130 3568 γνῶναι
1160 3501 1257 3554 καὶ
1289 3501 1604 3555 ἐκκόπτειν.
1655 3501 1956 3556 Γινώσκειν

357 3591 418 3646 δὲ
446 3591 655 3656 οὕτως·
689 3588 823 3654 οἷον,
852 3593 1161 3664 ἐρεθίζουσι
1198 3593 1260 3646 rb
1305 3594 1704 3664 ἐπιθυμητικὸν
1729 3596 1828 3664 τῆς
1858 3595 1958 3663 ψυ-

365 3685 468 3755 χῆς
493 3685 551 3737 αἱ
588 3683 859 3756 ἐμπαθεῖς
889 3685 1103 3755 μνῆμαι
1152 3684 1262 3738 τῶν
1295 3684 1605 3753 γυναικῶν⁸
1659 3685 1866 3739 τούτων
1901 3687 1957 3739 δὲ

364 3774 538 3840 αἰτία,
571 3776 606 3846 ἡ
631 3773 744 3828 τῶν
774 3774 1085 3847 βρωμάτων
1114 3777 1210 3829 καὶ
1248 3776 1514 3846 πομάτων
1547 3777 1811 3849 ἀκρασία,
1863 3777 1957 3831 καὶ

360 3870 395 3940 ή
435 3865 617 3921 αὐτῶν
639 3868 750 3921 τῶν
775 3867 1058 3936 γυναικῶν
1095 3865 1277 3939 πυκνὴ
1304 3868 1398 3921 καὶ
1437 3867 1632 3937 ἄλογος
1671 3868 1954 3939 συντυχία.

362 3957 696 4030 Περικόπτει
729 3957 788 4012 δὲ
839 3958 1044 4022 ταύτας
1075 3961 1241 4014 πεῖνα
1263 3959 1359 4012 καὶ
1390 3959 1521 4030 δίψα
1549 3959 1644 4014 καὶ
1678 3960 1960 4031 ἀγρυπνία

363 4052 460 4106 καὶ
483 4051 856 4124 ἀναχώρησις.
887 4050 993 4105 Τὸν
1016 4051 1074 4106 δὲ
1106 4050 1279 4122 θυμὸν
1312 4051 1477 4106 πάλιν
1526 4053 1960 4124 ἐκταράσσουσιν

364 4145 423 4199 αί
449 4143 722 4216 ἐμπαθεῖς
755 4144 968 4216 μνῆμαι
1001 4143 1111 4199 τῶν
1138 4144 1536 4217 λυπησάντωνο
1563 4145 1713 4199 αἰτία
1739 4146 1797 4200 δὲ
1835 4145 1962 4200 τού-

363 4252 499 4302 των,
530 4235 816 4307 φιληδονία
844 4236 940 4290 καὶ
973 4234 1250 4301 κενοδοξία
1281 4236 1378 4291 καὶ
1419 4236 1689 4306 φιλοῦλία.
1720 4236 1822 4291 Διά
1852 4237 1963 4310 γὰρ

363 4326 542 4383 ταῦτα
571 4329 600 4381 6
631 4327 892 4399 ἐμπαθὴς
933 4327 1208 4391 λυπεῖται,
1254 4326 1288 4397 ἢ
1342 4327 1420 4391 ὡς
1472 4326 1784 4399 στερηθεὶς,
1815 4327 1849 4398 ἢ
1885 4327 1963 4392 ὡς

370 4419 448 4492 μὴ
478 4417 774 4489 ἐπιτυχών.
797 4418 1128 4489 Περικόπτει
1160 4418 1217 4471 δέ
1238 4417 1440 4482 ταύτας
1486 4417 1750 4490 ήτούτων
1781 4419 1965 4475 αὐτῶν

2058 1957 2421 2014 senectutem,
2463 1957 2559 2002 aut
2598 1947 2882 2012 morbum,
2930 1955 3028 2001 aut
3069 1945 3368 2001 incolatum
3414 1963 3427 1996 :
3471 1944 3648 2015 magis

2057 2041 2112 2094 in
2150 2040 2251 2110 eis,
2286 2055 2451 2109 quam
2501 2039 2555 2093 in
2605 2040 2739 2103 Deo,
2779 2053 2967 2093 rerum
3005 2036 3254 2091 omnium
3298 2044 3546 2100 auctore,
3582 2050 3648 2090 ac

2057 2133 2152 2203 qui
2187 2130 2403 2185 cunctis
2427 2130 2736 2200 provideat,
2774 2129 2842 2184 ad
2877 2141 3152 2184 extremas
3186 2143 3362 2199 usque
3389 2128 3650 2183 minutis-

2057 2224 2336 2294 simasque
2361 2223 2689 2288 animantes,
2717 2236 2871 2292 spem
2898 2238 3132 2292 ponens.

2129 2316 2218 2370 I9.
2260 2314 2508 2381 Quatuor
2557 2322 2706 2369 sunt-
2732 2314 3020 2368 hominum
3061 2328 3294 2384 genera,
3336 2311 3432 2381 qui
3477 2327 3636 2381 pecu-

2056 2410 2167 2466 niis
2210 2410 2465 2477 student;
2501 2411 2605 2466 tria
2651 2412 2766 2482 jam
2819 2411 3123 2473 nominata,
3164 2419 3221 2465 et
3265 2412 3423 2482 cujus
3466 2419 3651 2481 partes

2057 2502 2416 2573 dispensandi
2470 2501 2613 2567 sint,
2665 2502 2754 2556 vel
2805 2501 3013 2571 publici
3056 2501 3141 2556 vel
3195 2502 3393 2570 privati
3443 2501 3647 2554 aerarii.

2059 2594 2222 2650 Solus
2268 2605 2453 2649 autem
2501 2594 2594 2648 hic
2652 2601 2802 2648 recte
2843 2593 2911 2648 iis
2945 2609 3133 2648 curam
3182 2594 3370 2657 habet,
3406 2599 3467 2646 ut
3505 2607 3650 2646 nun-

2058 2702 2222 2757 quam
2247 2685 2413 2752 desit,
2438 2700 2550 2757 quo
2573 2685 2736 2756 justaa
2765 2687 3033 2757 cujusque
3056 2684 3376 2741 necessitati
3400 2682 3652 2738 sufficere

2064 2780 2261 2851 possit.
3031 2777 3038 2781 ’

2126 2869 2218 2925 20.
2259 2870 2484 2926 Vitiosa:
2531 2885 2725 2926 omnes
2775 2884 2840 2926 ac
2891 2870 3205 2926 libidinosae
3252 2869 3649 2941 cogitationes,

2060 2971 2157 3018 aut
2204 2955 2696 3033 concupiscentem
2747 2961 2918 3016 animi
2962 2970 3176 3032 partem
3224 2961 3520 3031 proritant,
3557 2969 3655 3015 aut

2061 3052 2392 3108 irascentem
2428 3051 2786 3116 conturbant,
2822 3058 2918 3106 aut
2955 3051 3226 3105 rationem
3261 3050 3650 3104 obtenebrant.

2064 3141 2311 3211 Hincque
2357 3141 2632 3212 contingit
2677 3141 2937 3196 cazcutire
2984 3149 3226 3196 mentem
3268 3139 3414 3209 quod
3459 3138 3658 3193 attinet

2059 3233 2128 3288 ad
2160 3233 2463 3303 spiritalem
2501 3233 3056 3303 contemplationem,
3090 3242 3146 3287 et
3189 3240 3250 3285 ut
3294 3238 3559 3300 evagetur
3599 3229 3658 3282 in

2057 3326 2330 3380 oratione.
2369 3325 2583 3380 Idcirco
2617 3325 2783 3379 etiam
2814 3339 2997 3395 operae
3027 3323 3267 3394 pretium
3325 3330 3410 3376 est
3446 3328 3506 3375 ut
3536 3334 3656 3372 mo-

2058 3418 2292 3482 nachus,
2325 3415 2561 3470 maxime
2591 3430 2724 3470 vero
2755 3414 2848 3485 qui
2877 3415 3159 3470 solitarius
3189 3420 3332 3484 agat,
3363 3412 3659 3482 diligenter

2058 3507 2490 3578 cogitationibus
2537 3507 2781 3560 animum
2824 3505 3096 3570 attendat,
3127 3517 3430 3572 earumque
3463 3516 3658 3556 causas

2060 3611 2177 3656 tum
2224 3599 2478 3663 noverit,
2531 3606 2646 3652 tum
2697 3597 3000 3652 exscindat.
3052 3596 3278 3651 Noverit
3320 3604 3504 3650 autem
3548 3594 3657 3648 hoc

2059 3692 2178 3747 fere
2230 3691 2430 3755 modo,
2484 3689 2642 3745 verbi
2694 3689 2890 3761 gratia,
2942 3688 3426 3758 concupiscentem
3487 3685 3657 3740 animi

2061 3791 2273 3855 partem
2305 3782 2581 3853 proritant
2601 3782 2911 3837 libidinosa":
2942 3782 3236 3836 mulierum
3267 3780 3513 3850 repetitae
3546 3793 3662 3832 me-

2060 3874 2270 3929 morias.
2321 3873 2529 3928 Harum
2585 3880 2768 3928 autem
2819 3888 3020 3937 causa,
3075 3871 3325 3927 ciborum
3382 3879 3657 3940 potusque

2063 3965 2492 4036 intemperantia
2523 3973 2630 4031 est,
2674 3967 3033 4036 ipsarumque
3073 3963 3370 4018 mulierum
3406 3962 3659 4017 crebrius

2062 4065 2329 4128 extraque
2372 4059 2646 4112 rationem
2689 4057 2934 4126 expetita
2983 4054 3276 4125 colloquia.
3313 4051 3661 4108 Exscindunt

2063 4165 2196 4204 vero
2239 4149 2378 4214 haec,
2411 4147 2586 4204 fames
2615 4156 2671 4203 et
2703 4149 2823 4202 sitis
2849 4157 2904 4204 et
2933 4148 3157 4218 vigiliaa,
3183 4153 3240 4202 ει
3274 4159 3528 4200 secessus
3561 4159 3657 4199 seu

2066 4240 2387 4297 solitudinis
2411 4248 2630 4310 captata
2661 4239 2902 4295 silentia.
2936 4240 3038 4294 Irae
3068 4239 3180 4292 vim
3211 4252 3406 4292 rursus
3437 4244 3662 4290 contur-

2065 4331 2222 4397 bant,
2260 4346 2386 4386 cum
2419 4331 2622 4386 aﬂ‘cctu
2662 4332 2972 4401 conjuncta;
3009 4346 3203 4385 eorum
3248 4327 3664 4383 recordationes

2068 4416 2165 4495 qui
2194 4423 2457 4493 injuriam
2493 4422 2696 4478 fecere.
2730 4423 2938 4477 Harum
2967 4430 3153 4477 autem
3183 4435 3368 4485 causa,
3409 4420 3663 4489 volupta-

367 4509 775 4581 καταφρόνησις
831 4509 928 4564 καὶ
975 4509 1365 4577 ἐξουδένωσις,
1414 4510 1503 4566 διὰ
1548 4509 1649 4583 τὴν
1688 4512 1770 4576 είς
1825 4511 1959 4566 Θεὸν

2068 4523 2186 4569 tum
2231 4513 2425 4578 libido,
2463 4512 2754 4582 inanisque
2789 4512 2962 4583 gloria
3001 4527 3065 4566 ac
3099 4519 3449 4565 terrenorum
3486 4524 3662 4562 amor.

367 4599 617 4669 ἀγάπην.

2068 4605 2198 4660 Hinc
2237 4604 2385 4659 enim
2432 4612 2582 4666 sunt,
2619 4619 2858 4672 quorum
2901 4617 3066 4656 causa
3115 4615 3356 4655 mcerore
3403 4598 3662 4664 afﬁcitur,

367 4693 464 4763 qui
497 4693 788 4749 affectibus
822 4693 1058 4761 laborat,
1091 4694 1178 4748 vel
1209 4694 1368 4764 quasi
1395 4693 1664 4759 amiserit,
1725 4696 1811 4750 vel
1879 4697 2027 4766 quod
2067 4698 2296 4753 minime
2335 4712 2563 4766 compos
2600 4696 2777 4750 factus
2811 4695 2902 4750 sit.
2946 4694 3073 4749 Htec
3103 4707 3233 4748 vero
3263 4697 3531 4760 amputat,
3560 4692 3648 4746 ho-

371 4802 496 4841 rum
531 4785 778 4856 ipsorum
818 4793 1172 4854 contemptus
1212 4801 1275 4840 ac
1318 4785 1622 4855 despectio,
1649 4802 1757 4856 qua
1792 4789 1964 4842 Deum
2005 4791 2278 4845 charitate
2315 4789 2614 4860 diligimus.

441 4884 546 4933 κα’.
582 4877 848 4932 Γινώσκει
882 4880 910 4932 6
933 4877 1064 4943 Θεὸς
1091 4880 1303 4945 ἐαυτὸν,
1345 4881 1606 4948 γινώσκει
1642 4881 1736 4934 καὶ
1765 4883 1832 4935 τὰ
1871 4883 1963 4934 ὑπ’

371 4969 538 5023 αὐτοῦ
567 4969 852 5037 γεγονότα.
907 4967 1250 5022 Γινώσκουσι
1296 4969 1355 5022 δὲ
1383 4970 1478 5023 καὶ
1504 4971 1561 5022 αἱ
1596 4970 1747 5038 ἀγιαι
1797 4972 1965 5026 Δυνά-

356 5075 501 5132 ¹μεις
534 5061 627 5115 τὸν
658 5060 792 5115 Θεόν
813 5075 828 5090 ’
853 5059 1186 5130 γινώσκουσι
1212 5060 1270 5114 δὲ
1300 5061 1484 5114 καὶτὰ
1504 5060 1609 5113 ὑπὸ
1641 5061 1776 5113 Θεοῦ
1805 5078 1964 5130 γεγο-

371 5154 522 5208 νότα.
563 5153 702 5206 Ἀλλ’
737 5153 835 5223 οὐχ
872 5152 948 5216 ὡς
989 5155 1017 5207 6
1047 5153 1180 5216 Θεὸς
1215 5151 1476 5221 γινώσκει
1524 5153 1716 5206 ἑαυτὸν
1772 5153 1868 5206 καὶ
1900 5154 1968 5208 τὰ

375 5245 469 5298 ὑπ’
496 5243 663 5298 αὐτοῦ
695 5243 985 5314 γεγονότα,
1017 5243 1160 5298 οὕτω
1187 5244 1283 5297 καὶ
1313 5247 1368 5298 αί
1399 5245 1552 5315 ἆγιαι
1585 5245 1856 5316 Δυνάμεις
1877 5246 1966 5300 τὸν

376 5333 514 5389 Θεὸν
536 5337 630 5389 καὶ
668 5335 737 5390 τά
774 5335 867 5388 ὑπ’
888 5335 1058 5389 αὐτοῦ
1086 5336 1375 5404 γεγονότα.

451 5453 523 5522 (It)
564 5452 743 5520 Ὑπὲρ
770 5454 955 5517 τίνος.
991 5451 1072 5506 Ab
1095 5452 1220 5515 hac,
1253 5467 1364 5506 non
1393 5451 1600 5507 infelici
1624 5451 1718 5505 illo
1744 5451 1968 5521 quidem

377 5525 720 5590 conjectura,
747 5524 863 5592 ipsa
891 5533 1072 5576 tamen
1130 5523 1274 5576 haud
1325 5522 1555 5585 difﬁcili,
1585 5524 1670 5576 vel
1705 5522 1748 5575 si
1805 5522 1967 5576 codd.

379 5594 667 5654 deessent,
703 5594 897 5662 incipit
930 5593 1144 5659 Billius,
1172 5593 1537 5661 quorumdam
1590 5593 1807 5646 Maximi
1881 5609 1974 5646 ca-

379 5663 558 5733 pitum
589 5662 658 5717 de
689 5664 957 5718 charitate
1005 5663 1486 5724 emendationem,
1548 5671 1698 5716 tanta
1763 5663 1972 5717 scilicet

379 5733 558 5803 Augia
589 5743 792 5802 spreta,
826 5745 1088 5803 quantam
1123 5734 1507 5803 superioribus
1538 5733 1736 5802 partim
1786 5743 1972 5785 osten-

383 5803 552 5870 di,ac
583 5804 956 5876 quasidigito,
985 5803 1268 5859 nonnullis
1335 5803 1400 5857 ad
1449 5803 1728 5872 specimen
1790 5804 1970 5858 allatis

2138 4885 2229 4939 2-1.
2263 4884 2409 4938 Deus
2439 4898 2497 4937 se
2532 4883 2648 4951 ipse
2680 4875 2995 4948 cognoscit;
3032 4871 3315 4944 cognoscit
3347 4868 3512 4923 etiam
3541 4882 3662 4935 qua:

2072 4975 2142 5029 ab
2174 4975 2292 5045 ipso
2327 4973 2549 5028 condita
2578 4979 2726 5025 sunt.
2766 4968 2871 5023 Sed
2903 4975 2959 5020 et
2991 4973 3194 5020 sancta:
3219 4961 3464 5016 Virtutes
3491 4959 3662 5012 Deum

2075 5071 2436 5136 cognoscunt;
2457 5063 2592 5132 quin
2618 5061 2783 5115 etiam
2804 5063 3167 5128 cognoscunt,
3188 5068 3311 5122 quae
3337 5067 3368 5105 a
3392 5051 3505 5104 Deo
3532 5063 3663 5101 con-

2077 5157 2192 5212 dita
2219 5162 2367 5211 sunt.
2405 5155 2470 5207 At
2497 5169 2611 5206 non
2641 5152 2784 5205 sicut
2813 5151 2957 5203 Deus
2978 5164 3035 5202 se
3057 5148 3237 5214 ipsum
3262 5139 3566 5213 cognoscit,
3599 5152 3665 5192 ac

2072 5261 2196 5316 quae
2227 5246 2296 5300 ab
2324 5246 2442 5315 ipso
2471 5243 2690 5297 condita
2713 5248 2863 5304 sunt,
2894 5239 2974 5293 sic
3005 5236 3170 5290 etiam
3189 5242 3394 5290 sanctae
3418 5231 3665 5286 Virtutes

2071 5337 2244 5393 Deum
2258 5345 2622 5408 cognoscunt,
2639 5349 2702 5387 ac
2717 5348 2838 5402 qute
2869 5332 2981 5384 Deo
3002 5336 3232 5382 auctore
3263 5324 3485 5381 condita
3512 5327 3660 5388 sunt.

2071 5468 2138 5508 ac
2168 5451 2402 5514 sulIixis,
2436 5448 2762 5504 monstravi.
2826 5445 2940 5500 Nec
2983 5438 3458 5516 _i_n__sequen_tibus
3502 5434 3664 5516 longe

2070 5523 2187 5578 fere
2222 5510 2494 5592 majorem
2549 5520 2636 5592 vir
2682 5518 2880 5592 doctus
2932 5512 3157 5567 adhibet
3211 5510 3665 5592 diligentiamgugt

2069 5576 2217 5662 quod
2245 5576 2326 5645 illi
2357 5591 2412 5644 in
2446 5589 2682 5664 Maximo
2734 5585 3013 5664 positum_
3035 5597 3239 5664 operte,
3288 5576 3660 5664 haud_magn_i

2069 5654 2160 5727 sit,
2184 5675 2496 5732 quanquam
2525 5669 2582 5716 ct
2641 5654 2760 5731 ipse
2811 5654 3251 5711 eruditissimum
3300 5654 3482 5703 virum
3531 5658 3661 5701 eum

2069 5732 2335 5805 agnoscit.
