4076 6458
480 366 614 432 1023

1638 376 1700 436 S.
1743 373 2029 434 ΜΑΧΙΜΙ
2069 372 2576 430 CONFESSORIS

3588 374 3711 439 103‘.

544 479 634 534 Ἡ.
671 479 815 535 Deus
858 479 974 551 ipse
1022 480 1289 552 seipsum,
1325 498 1393 538 ex
1434 484 1593 541 beata
1637 502 1738 542 sua
1778 485 2060 557 cognoscit

2234 485 2338 555 κβ’.
2375 487 2434 538 '0
2463 485 2564 555 μὲν
2606 485 2738 548 Θεὸς
2786 487 2976 542 ἑευτδν
3009 487 3290 556 γινώσκει,
3322 488 3390 542 ὲκ
3417 489 3516 560 τῆς
3549 507 3716 560 μακα-

477 571 752 639 essentia;
787 589 912 643 quae
964 580 1149 629 autem
1199 575 1318 646 ipso
1365 576 1532 648 430
1571 589 1796 636 auctore
1839 585 2060 640 condita

476 671 623 723 sunt,
655 677 720 715 ex
751 678 848 718 sua
891 665 1201 734 sapientia;
1244 682 1344 736 per
1369 683 1556 736 quam,
1590 678 1646 725 et
1679 672 1733 726 in
1757 689 1865 741 qua
1903 690 2060 729 crea-

476 752 556 804 vit
599 755 802 808 omnia.
842 754 1056 810 Sancta:
1101 765 1285 812 autem
1319 758 1588 823 Virtutes,
1623 761 1795 816 Deum
1836 766 2059 832 quidem

476 843 901 913 participatione
929 855 1291 915 cognoscunt,
1317 848 1412 917 qui
1445 850 1620 920 major
1646 851 1718 905 sit
1747 853 1898 906 omni
1930 866 2060 923 par-

478 933 831 1003 ticipatione;
868 951 959 991 res
999 946 1187 993 autem
1227 939 1295 994 ab
1325 955 1393 994 eo
1430 941 1706 1007 conditas,
1735 945 1969 1015 legendo
1998 962 2062 1002 ac

476 1024 839 1094 percipiendo
867 1043 989 1097 qua:
1020 1029 1074 1082 in
1104 1030 1186 1084 eis
1212 1031 1453 1086 rationes
1484 1049 1548 1087 ac
1582 1049 1742 1088 sensa
1770 1045 1917 1090 sunt.

545 1114 636 1168 25.
671 1115 836 1172 Extra
867 1125 1107 1173 mentem
1151 1130 1280 1175 sunt
1319 1137 1408 1176 res
1443 1133 1673 1190 creatas;
1700 1142 1890 1181 earum
1927 1143 2061 1182 vero

477 1203 625 1259 intra
661 1221 719 1260 se
768 1208 1002 1263 assumit
1049 1213 1592 1282 contemplationem.
1637 1216 1792 1271 Haud
1833 1234 1966 1273 vero
2003 1235 2061 1275 se

477 1314 568 1355 res
610 1301 685 1355 ita
727 1302 894 1358 habet
942 1305 998 1358 in
1042 1305 1177 1371 Deo,
1210 1307 1304 1374 qui
1349 1310 1742 1378 sempiternus,
1789 1313 2059 1378 inﬁnitus,

479 1388 803 1457 immensus,
844 1401 979 1448 tum-
1010 1395 1179 1451 rebus
1237 1399 1430 1453 tribuit
1480 1411 1541 1456 ut
1588 1411 1790 1468 essent,
1836 1413 1952 1458 tum
2001 1412 2062 1458 ut

475 1484 616 1537 bene
646 1484 918 1556 beateque
951 1502 1017 1542 ac
1047 1487 1102 1542 in
1132 1499 1460 1559 perpetuum
1493 1501 1735 1570 essenta

543 1575 634 1630 2t.
671 1577 909 1634 Ratione
949 1581 1262 1649 mentisque
1292 1583 1654 1654 intelligentia
1682 1593 1843 1641 utens
1869 1601 2058 1642 essen-

475 1663 551 1719 tia
583 1680 677 1720 seu
705 1675 922 1734 natura,
951 1669 1049 1724 Dei
1074 1672 1247 1725 sancti
1274 1672 1549 1743 particeps
1575 1685 1659 1728 est
1686 1675 1826 1746 (ejus
1849 1678 2063 1733 scilicet

474 1757 739 1814 bonitatis
761 1769 818 1815 et
840 1761 1142 1833 sapientiae)
1169 1778 1236 1817 eo
1259 1763 1407 1833 quod
1431 1774 1536 1830 est,
1559 1775 1616 1819 et
1637 1767 1784 1835 quod
1813 1777 1871 1822 ut
1901 1769 2062 1824 beata

2165 578 2286 648 ρίας
2338 579 2525 642 οὐσίας
2554 577 2756 635 αὐτοῦ’
2806 581 2874 634 τά
2923 581 2979 634 δὲ
3027 581 3118 636 ὑπ’
3155 582 3318 636 αὐτοῦ
3347 583 3621 651 γεγονότα,
3659 586 3716 639 ὲκ

2159 670 2261 740 τῆς
2295 672 2486 739 σοφίας
2507 670 2674 727 αὐτοῦ
2695 688 2708 702 ·
2756 671 2823 725 δι’
2848 667 2916 745 ἧς
2949 674 3047 726 καὶ
3079 675 3136 727 έν
3236 675 3303 728 τὰ
3334 675 3515 730 πάντα
3545 676 3718 747 ἐποίη-

2162 778 2272 816 σεν.
2292 763 2357 814 Αἰ
2383 762 2439 815 δὲ
2459 762 2613 832 ἅγιαι
2630 763 2896 834 Δυνάμεις
2938 765 3029 818 τὸν
3053 767 3151 834 μὲν
3183 767 3314 819 Θεὸν
3344 770 3543 838 μετοχῇ
3570 769 3717 836 γινώ-

2161 865 2404 913 σκουσιν,
2439 851 2580 920 ὑπὲρ
2618 852 2854 923 μετοχὴν
2884 852 3014 906 ὄντα
3035 869 3048 883 ο
3082 855 3149 908 τὰ
3184 854 3240 907 δὲ
3271 856 3360 907 ὑπ’
3384 855 3550 909 αὐτοῦ
3577 875 3722 927 γεγο-

2161 942 2310 1009 νότα,
2337 942 2610 1015 ἀναλήψει
2643 943 2753 997 τῶν
2790 946 2848 997 ὲν
2878 945 3062 1009 αὐτοῖς
3095 944 3486 1017 θεωρημάτων.

2232 1117 2340 1189 κγ.
2371 1120 2518 1185 Ἔξω
2546 1122 2646 1192 μὲν
2677 1120 2773 1175 τοῦ
2825 1121 2916 1175 νοῦ
2948 1123 3054 1176 εἰσι
3083 1122 3152 1176 τὰ
3180 1123 3443 1191 γεγονότα
3463 1139 3478 1154 ⁸
3509 1121 3650 1176 ἔνδον
3670 1125 3720 1177 δὲ

2161 1211 2261 1282 τὴν
2298 1212 2478 1266 αὐτῶν
2511 1213 2749 1284 Θεωρίαν
2779 1213 3171 1284 ἀναλαμϐάνει.
3205 1215 3319 1285 Οὐχ
3363 1214 3539 1278 οὕτως
3559 1215 3614 1268 δὲ
3642 1217 3723 1269 ἐπὶ

2161 1304 2298 1358 Θεοῦ
2333 1305 2426 1358 τοῦ
2473 1306 2644 1360 ἀϊδίου
2684 1307 2779 1361 καὶ
2824 1308 3053 1378 ἀπείρου
3103 1309 3198 1362 καὶ
3246 1308 3523 1377 ἀορίστου,
3553 1308 3723 1360 καὶτὸ

2163 1390 2302 1448 εἶναι
2335 1395 2428 1448 καὶ
2458 1391 2514 1448 εὖ
2543 1391 2682 1449 εἶναι
2710 1395 2805 1449 καὶ
2843 1397 2929 1449 ἀεὶ
2965 1391 3105 1450 εἶναι
3136 1400 3248 1459 τοῖς
3279 1393 3400 1450 οὖσι
3435 1396 3721 1467 χαρισαμέ-

2161 1499 2253 1537 νου
2261 1524 2274 1537 .

2235 1576 2334 1632 κδ’.
2359 1575 2496 1630 Θεοῦ
2527 1577 2745 1648 μετέχει
2773 1576 3050 1646 τοῦάγίου
3080 1578 3114 1648 ή
3143 1574 3428 1646 λογιστική
3452 1578 3546 1628 καὶ
3577 1575 3725 1644 νοερᾶ

2162 1667 2344 1733 οὐσία,
2391 1669 2540 1739 αὐτῷ
2575 1687 2634 1722 τε
2687 1669 2764 1740 τῷ
2793 1665 2953 1732 εἶναι,
3005 1669 3103 1722 καὶ
3141 1670 3209 1739 τῇ
3258 1667 3395 1739 πρὸς
3424 1667 3486 1718 τὸ
3515 1662 3571 1719 εὖ
3601 1663 3724 1718 εἶναι

2161 1759 2562 1831 ἐπιτηδειότητι
2583 1776 2596 1788 ·
2619 1758 2955 1829 ἀγαθότητός
2981 1759 3042 1812 τέ
3078 1776 3244 1829 φημι,
3273 1761 3368 1811 καὶ
3399 1757 3587 1826 σοφίας
3607 1772 3619 1785 °
3645 1757 3726 1809 καὶ

475 1845 547 1898 sit
589 1845 784 1902 idonea
821 1857 941 1916 est;
989 1865 1098 1920 qua
1144 1851 1274 1906 item
1330 1855 1501 1923 gratia
1557 1853 1616 1909 in
1659 1858 2060 1928 sempiternum

2164 1854 2228 1922 τῇ
2257 1852 2393 1923 πρὸς
2422 1853 2483 1905 τὸ
2501 1852 2589 1907 ἀεὶ
2609 1849 2748 1908 εἶναι
2778 1853 2988 1924 χάριτι.
3021 1853 3209 1923 Ταύτῃ
3237 1850 3329 1906 οὖν
3357 1853 3453 1905 τὸν
3495 1852 3624 1904 Θεὸν
3660 1868 3727 1918 γι-

473 1956 595 1995 esse
641 1950 840 2012 potest.
887 1943 998 2000 Hac
1045 1945 1231 2016 itaque
1277 1950 1492 2004 ratione
1533 1950 1705 2005 Deum
1754 1955 2058 2022 cognoscit.

475 2033 584 2088 Res
613 2045 799 2091 autem
847 2038 918 2093 ab
961 2053 1030 2093 eo
1073 2040 1345 2108 conditas,
1377 2057 1521 2109 eam,
1546 2059 1668 2113 quae
1694 2043 1749 2098 in
1780 2044 1890 2099 illis
1920 2047 2062 2102 arti-

475 2126 665 2182 ﬁciose
707 2130 934 2186 elucens
983 2133 1390 2200 consideratur,
1435 2135 1514 2189 uti
1559 2135 1771 2190 dictum
1817 2145 1936 2202 est,
1986 2137 2064 2192 le-

473 2215 652 2284 gendo
696 2232 760 2272 ac
803 2221 1162 2290 percipiendo
1201 2222 1560 2292 sapientiam;
1597 2239 1719 2292 quae
1762 2223 1878 2292 ipsa
1914 2225 2062 2280 nuda

470 2313 557 2360 est
603 2322 669 2362 ac
709 2308 966 2379 simplex,
1003 2326 1116 2365 non
1158 2328 1290 2367 vere
1331 2322 1392 2367 ut
1427 2314 1656 2372 exsistat
1698 2313 2061 2371 substantiam

473 2395 704 2464 habens,
733 2401 828 2455 sed
862 2401 918 2455 in
949 2413 1133 2458 mente
1163 2404 1492 2460 consistens.

543 2489 632 2544 25.
667 2491 917 2557 Quatuor
943 2493 1158 2550 divinas
1188 2496 1366 2561 dotes,
1395 2497 1600 2566 quibus
1635 2514 1725 2554 res
1757 2499 2062 2564 contineat,

472 2579 766 2650 foveatque
795 2599 860 2638 ac
888 2585 1196 2641 incolumes
1227 2596 1470 2656 praestet,
1496 2604 1596 2658 per
1622 2605 1892 2644 summam
1919 2592 2065 2646 Deus

472 2669 811 2738 bonitatem,
859 2677 1314 2740 communicavit,
1365 2678 1726 2749 producendo
1771 2681 2064 2737 essentiam

471 2771 570 2821 seu
598 2768 852 2814 naturam
882 2770 1128 2817 utentem
1162 2765 1375 2820 ratione
1403 2774 1460 2820 et
1488 2766 1884 2837 intelligentem
1916 2788 1930 2822 :
1960 2767 2067 2823 hoe

471 2858 672 2914 nempe
704 2847 852 2916 quod
877 2857 963 2903 est
989 2865 1110 2904 esse
1141 2858 1197 2905 et
1228 2867 1448 2923 semper
1470 2870 1612 2920 esse,
1649 2856 2064 2928 bonitatemque

467 2941 528 2988 et
559 2935 907 3005 sapientiam.
937 2937 1186 3004 Quorum
1217 2941 1350 3006 duo,
1382 2945 1637 2999 essentia:
1663 2946 1889 3012 tribuit;
1927 2947 2067 3001 duo-

469 3040 579 3094 que
610 3027 843 3096 reliqua,
873 3029 1175 3085 voluntatis
1205 3033 1501 3102 aptitudini
1530 3049 1595 3089 ac
1629 3035 1846 3092 arbitrii
1886 3037 2068 3106 (boni-

471 3122 643 3170 tatem
667 3118 882 3173 scilicet
905 3126 958 3174 et
981 3121 1334 3196 sapientiam)
1362 3125 1592 3196 utquod
1617 3126 1732 3196 ipse
1758 3142 1857 3196 per
1878 3143 2066 3183 essen-

469 3209 605 3263 tiam
660 3218 779 3276 est,
832 3211 888 3266 id
942 3221 1197 3270 creatura
1251 3216 1400 3272 illius
1451 3219 1786 3274 commercio
1836 3220 2053 3276 evadat.
2091 3195 2132 3254 θ

468 3299 712 3370 Ejusque
756 3318 949 3370 causa,
997 3305 1141 3361 facta
1184 3306 1392 3362 dicitur
1427 3310 1496 3365 ad
1531 3311 1626 3365 Dei
1671 3311 1964 3382 imaginem
1999 3322 2056 3368 et

468 3391 890 3449 similitudinem
915 3397 983 3449 ⁸ο.
1015 3396 1094 3452 Ae
1121 3397 1343 3468 quidem
1385 3399 1452 3454 ad
1492 3399 1808 3470 imaginem,
1841 3409 1901 3454 ut
1935 3417 2056 3471 quae

469 3483 562 3546 sit,
593 3483 714 3554 ejus
745 3485 840 3556 qui
879 3495 996 3553 est;
1043 3503 1108 3544 ac
1150 3506 1274 3560 qua:
1318 3507 1537 3561 semper
1566 3492 1657 3556 sit,
1686 3494 1805 3562 ejus
1841 3493 1933 3562 qui
1973 3503 2057 3548 est

469 3589 716 3644 semper;
757 3592 1074 3648 quanquam
1125 3597 1237 3636 non
1279 3582 1347 3637 ab
1374 3593 1582 3638 aeterno
1610 3592 1666 3638 et
1701 3584 1819 3638 sine
1848 3585 2060 3654 princi-

470 3663 583 3732 pio,
617 3665 672 3719 in
710 3679 984 3723 aeternum
1032 3679 1240 3736 tamen,
1270 3682 1326 3728 et
1373 3683 1434 3728 ut
1465 3674 1518 3729 ei
1559 3674 1705 3744 quod
1750 3685 1836 3730 est
1873 3676 2061 3730 nullus

470 3754 598 3810 linis
648 3759 926 3828 succedat.
974 3760 1055 3815 Ad
1111 3763 1532 3820 similitudinem
1585 3781 1750 3832 vero,
1799 3776 2056 3835 tanquam

399 3921 402 3923 Α
470 3848 670 3916 bonus,
704 3853 823 3923 ejus
856 3855 948 3924 qui
992 3855 1173 3912 bonus
1215 3865 1318 3922 est,
1351 3865 1407 3912 et
1446 3867 1505 3912 ut
1534 3859 1774 3928 sapiens,
1811 3861 1930 3930 ejus
1963 3858 2058 3928 qui

2164 1939 2384 1998 νὼσκει.
2426 1945 2507 1998 Τὰ
2543 1943 2600 1998 δὲ
2633 1947 2725 1998 ὑπ’
2752 1944 2920 1998 αὐτοῦ
2947 1946 3230 2013 γεγονότα,
3261 1948 3325 2015 τῇ
3356 1943 3637 2013 ἀναλήψει,
3661 1943 3728 2005 ὡς

2165 2035 2400 2108 εἴρηται,
2431 2038 2531 2109 τῆς
2559 2040 2617 2090 ὲν
2645 2041 2758 2102 τοῖς
2793 2039 3042 2107 γεγονόσι
3073 2038 3459 2110 θεωρουμένης
3491 2036 3726 2107 τεχνικῆς

2167 2129 2359 2198 σοφίας
2387 2129 2535 2199 (22)·
2576 2130 2698 2200 ἥτις
2751 2129 2869 2182 ἐστὶ
2921 2129 3052 2201 ψιλὴ
3092 2131 3178 2202 (ί)
3229 2131 3328 2183 καὶ
3373 2130 3726 2190 ἀνυπόστατος

2165 2219 2222 2271 έν
2244 2218 2320 2290 τῷ
2355 2219 2430 2290 νῷ
2461 2220 2851 2292 συνισταμένη.

2239 2474 2337 2530 κε’.
2390 2477 2649 2548 Τέσσαρα
2709 2479 2818 2531 τῶν
2872 2476 3031 2531 θείων
3088 2478 3417 2548 ἰδιωμάτων,
3450 2477 3728 2530 συνεκτικὰ

2166 2570 2261 2622 καὶ
2287 2569 2632 2641 φρουρητικὰ
2663 2571 2758 2623 καὶ
2779 2571 3113 2624 διασωστικά
3137 2570 3244 2623 τῶν
3273 2571 3466 2632 ὄντων,
3487 2570 3552 2623 δι’
3572 2570 3729 2639 ἄκραν

2165 2662 2479 2732 ἀγαθότητα
2515 2662 2924 2733 ἐκοινοποίησεν
2957 2666 2984 2716 ὁ
3014 2663 3167 2728 Θεὸς,
3201 2663 3547 2734 παραγαγὼν
3584 2663 3657 2725 εἰς
3676 2662 3729 2713 τὸ

2167 2747 2306 2804 εῖναι
2335 2752 2433 2822 τὴν
2477 2751 2701 2821 λογικὴν
2737 2752 2834 2804 καὶ
2884 2751 3079 2822 νοεράν
3113 2752 3332 2805 οὐσίαν·
3368 2754 3430 2806 τὸ
3468 2754 3548 2813 ὃν,
3577 2753 3632 2804 τὸ
3651 2753 3726 2806 ἀεὶ

2165 2843 2247 2905 ὃν,
2285 2842 2382 2914 τὴν
2410 2842 2727 2913 ἀγαθότητα
2773 2843 2869 2896 καὶ
2897 2845 3112 2912 σοφίαν.
3155 2842 3377 2897 Τούτων
3408 2843 3475 2896 τὰ
3529 2843 3621 2914 μὲν
3649 2841 3728 2896 δύο

2166 2938 2233 3007 τῇ
2261 2935 2418 3002 οὐσίᾳ
2449 2933 2726 3004 παρέσχεν
2781 2934 2846 2986 τὰ
2874 2933 2932 2986 δὲ
2961 2934 3074 2999 δύο,
3118 2939 3184 3006 τῇ
3240 2938 3496 3006 γνωμικῇ
3553 2937 3727 3002 ἐπιτη-

2166 3025 2400 3094 δειότητι
2422 3041 2435 3055 ·
2470 3024 2569 3096 τὴν
2593 3025 2906 3097 ἀγαθότητα
2931 3026 3024 3078 καὶ
3067 3026 3167 3095 τὴν
3200 3025 3394 3094 σοφίαν
3422 3043 3436 3056 ο
3476 3027 3562 3080 ἵνα
3600 3025 3727 3094 ἅπερ

2168 3118 2314 3170 ἐστὶν
2344 3117 2506 3179 αὐτὸς
2537 3119 2659 3170 κατ’
2682 3117 2889 3180 οὐσίαν,
2916 3119 3134 3187 γίνηται
3163 3119 3195 3186 ἡ
3219 3117 3402 3190 κτίσις
3426 3116 3565 3170 κατά
3611 3134 3726 3187 μετ-

2165 3208 2373 3262 ουσίαν.
2396 3207 2495 3261 Διά
2526 3207 2731 3278 ταύτην
2759 3206 3008 3279 [Calecas
3031 3207 3250 3279 ταῦτα],
3278 3209 3374 3262 καί
3405 3209 3526 3262 κατ’
3561 3207 3726 3260 εἰκόνα

2166 3299 2262 3351 καὶ
2299 3298 2559 3367 ὁμοίωσιν
2595 3296 2732 3350 Θεοῦ
2784 3298 3004 3366 λέγεται
3054 3299 3411 3368 γεγενῆσθαι.
3465 3299 3576 3351 Καὶ
3623 3298 3726 3350 κατ’

2163 3390 2347 3444 εἰκόνα
2378 3390 2498 3460 μὲν,
2524 3389 2600 3454 ὡς
2631 3389 2712 3456 ὃν,
2743 3391 2895 3453 ὄντος
2919 3407 2933 3420 ⁸
2971 3391 3066 3444 καὶ
3112 3391 3186 3454 ὠς
3225 3391 3312 3443 ἀεὶ
3338 3389 3420 3457 ὃν,
3461 3392 3547 3444 ἀεὶ
3572 3390 3726 3452 ἰᾶντος⁶

2163 3485 2213 3536 εί
2243 3484 2338 3537 καὶ
2369 3483 2446 3555 μὴ
2479 3484 2750 3555 ἀνάρχως,
2799 3483 2913 3536 ἀλλ’
2952 3484 3322 3554 ἀτελευτήτως
3347 3498 3362 3512 °
3414 3483 3535 3537 καθ’
3554 3482 3730 3552 ὁμοίω-

2151 3594 2253 3629 σιν
2276 3576 2354 3639 δὲ,
2395 3578 2470 3639 ὡς
2525 3576 2754 3642 ἀγαθὸς,
2791 3575 2998 3643 ἀγαθοῦ
3022 3593 3034 3606 θ
3068 3576 3164 3629 καὶ
3212 3576 3288 3638 ὼς
3324 3577 3509 3644 σοφὸς,
3543 3571 3726 3641 σοφοῦ·

2166 3669 2261 3720 τοῦ
2294 3667 2436 3720 κατά
2468 3669 2652 3737 φύσιν,
2684 3669 2713 3720 ὁ
2740 3669 2880 3721 κατά
2907 3667 3086 3738 χάριν.
3116 3667 3225 3719 Καὶ
3247 3670 3368 3720 κατ’
3393 3667 3577 3720 εἰκόνα
3617 3665 3724 3735 μὲν,

2169 3764 2317 3816 πᾶσα
2341 3762 2503 3830 φύσις
2532 3761 2724 3832 λογική
2756 3762 2874 3814 ὲστι
2903 3760 2996 3812 τοῦ
3023 3759 3159 3814 Θεοῦ
3181 3779 3192 3790 ·
3232 3761 3354 3814 καθ’
3379 3760 3633 3830 ὁμοίωσιν
3655 3756 3723 3819 δὲ,

2171 3856 2322 3925 μόνοι
2351 3857 2400 3908 οἱ
2427 3855 2625 3924 ἀγαθοί
2652 3856 2744 3908 καὶ
2775 3855 2950 3924 σοφοί.

469 3945 692 4014 sapiens
719 3955 839 4015 est;
873 3951 1013 4021 ejus,
1045 3951 1138 4022 qui
1177 3967 1274 4020 per
1305 3961 1582 4018 naturam,
1605 3953 1651 4007 is
1685 3951 1779 4021 qui
1809 3967 1910 4022 per
1938 3949 2167 4022 gratiam
2203 3964 2267 4004 ac
2299 3948 2486 4002 divino
2517 3963 2770 4002 munere.
2826 3947 3005 4017 Atque
3053 3948 3122 4002 ad
3186 3946 3280 4001 Dei
3349 3945 3569 4016 quidem
3602 3945 3726 3998 ima-

469 4037 652 4106 ginem
699 4047 782 4095 est
817 4043 998 4097 omnis
1040 4053 1237 4099 natura
1276 4053 1438 4100 utens
1507 4044 1768 4100 ratione:
1839 4043 1908 4099 ad
1979 4040 2401 4097 similitudinem
2439 4056 2593 4106 vero,
2636 4040 2674 4093 ii
2719 4040 2987 4095 duntaxat
3035 4040 3130 4110 qui
3177 4039 3309 4093 boni
3357 4047 3417 4094 et
3468 4039 3728 4109 sapientes

466 4129 761 4185 exsistunt.

537 4222 628 4277 26.
664 4223 853 4280 Omnis
877 4225 1185 4281 substantia
1210 4227 1424 4283 ratione
1450 4236 1613 4284 utens
1635 4244 1700 4284 ac
1723 4228 2056 4299 intelligens,

471 4313 526 4366 in
580 4313 721 4368 duos
770 4315 948 4370 divisa
1000 4317 1225 4373 ordines
1272 4329 1390 4384 est;
1442 4319 1496 4373 in
1548 4329 1802 4375 naturam
1850 4321 2062 4375 scilicet

467 4401 770 4471 angelicam
807 4413 863 4457 et
893 4404 1212 4458 humanam.
1246 4407 1568 4476 Rursusque
1599 4409 1844 4476 angelica
1878 4409 2059 4463 omnis

467 4501 687 4558 natura,
725 4494 777 4548 in
821 4495 960 4551 duas
1001 4497 1342 4552 universales
1378 4501 1692 4555 voluntates
1738 4508 2058 4572 turmasque

469 4581 646 4636 divisa
671 4590 775 4649 est,
805 4593 919 4638 tum
950 4585 1165 4640 scilicet
1197 4596 1414 4642 sanctas
1435 4587 1592 4660 43],
1626 4598 1739 4642 tum
1764 4589 2055 4655 scelestas;

469 4672 575 4727 hoc
617 4682 722 4740 est,
760 4675 817 4730 in
861 4690 1082 4732 sanetas
1131 4677 1506 4734 Fortitudines
1547 4690 1602 4733 et
1649 4679 1896 4748 impuros
1945 4679 2056 4733 dae-

469 4781 679 4822 mones.
709 4767 903 4825 Omnis
932 4769 1062 4823 item
1098 4771 1336 4826 humana
1367 4779 1585 4838 natura,
1606 4771 1660 4826 in
1689 4771 1826 4825 duas
1849 4771 2048 4826 solumv

471 4858 634 4913 modo
677 4859 854 4916 divisa
891 4871 974 4917 est
1011 4863 1352 4942 universales
1386 4865 1697 4920 voluntates
1735 4879 1799 4920 ac
1838 4872 2060 4918 senten-

471 4949 603 5017 tias;
635 4951 755 5020 pias
783 4953 999 5010 scilicet
1028 4964 1086 5010 et
1110 4954 1328 5024 impias.

543 5111 588 5143 ⁸ο
624 5111 762 5166 Gen.
799 5127 838 5178 ι,
869 5113 961 5168 26.

541 5246 604 5316 (ἰ)
645 5247 804 5312 “Huc
832 5247 1153 5315 ἐστίψιλή.
1179 5246 1387 5317 Nempe
1413 5261 1514 5316 pro
1533 5246 1895 5301 fundamento
1922 5254 2052 5300 sunt

469 5317 602 5386 ipsae
646 5324 933 5388 creaturae,
968 5327 1028 5371 ut
1081 5318 1337 5388 divinam
1374 5318 1551 5388 ipsam
1593 5317 1948 5388 sapientiam_
1987 5331 2058 5370 ac'

470 5388 714 5440 rationes
739 5386 794 5438 in
820 5386 933 5439 Deo
965 5396 1286 5441 eonnotant.
1317 5386 1411 5442 Sic
1437 5389 1584 5441 enim
1613 5387 1816 5441 dicitur
1836 5386 2052 5454 sapien-

471 5457 606 5511 tiam
631 5455 897 5511 eﬂ‘udisse
920 5471 1088 5526 super
1102 5457 1288 5527 omnia
1307 5473 1474 5527 opera
1505 5473 1600 5512 sua
1625 5473 1763 5526 ;qua
1789 5457 2050 5510 nimirum

470 5527 659 5581 divina
682 5543 782 5581 sua
807 5533 926 5580 arte
953 5527 1028 5581 ita
1075 5526 1352 5591 condidit,
1400 5539 1459 5582 ut
1487 5543 1679 5585 earum
1727 5527 2048 5581 considera-

471 5596 622 5668 tione
636 5605 696 5668 et
724 5595 1108 5668 intelligentia,
1151 5603 1363 5668 natura:
1396 5599 1766 5668 intelligentes
1798 5597 1927 5666 ipsa
1964 5611 2050 5649 sa-

472 5667 736 5738 pientiam
765 5666 1033 5738 ingmente
1056 5666 1468 5738 consistentem,
1515 5666 1836 5738 ignorantiae
1878 5681 2052 5736 oppo-

473 5735 655 5808 sitam,
689 5736 977 5808 acquirant
1001 5755 1014 5803 ;
1040 5736 1198 5808 quasi
1217 5738 1330 5808 Deo
1355 5755 1453 5807 per
1477 5735 2047 5808 creaturasdoce’nte',

474 5819 596 5861 cum
641 5806 758 5875 ipse
780 5806 849 5862 ab
874 5805 984 5863 illis
1009 5805 1148 5862 nihil
1173 5805 1427 5877 accipiat,
1470 5807 1564 5862 sed
1590 5807 1644 5860 in
1663 5807 1930 5876 sapientia
1956 5822 2052 5861 sua

2241 4230 2352 4289 xg’.
2377 4224 2536 4276 Πᾶσα
2569 4220 2602 4291 ἡ
2646 4218 2840 4290 λογικὴ
2872 4217 2967 4272 καὶ⁵
2990 4216 3152 4286 νοερὰ
3191 4215 3351 4269 οὐσία
3381 4216 3629 4286 διῄρηται
3656 4215 3726 4274 εἷς

2165 4320 2287 4374 δύο·
2326 4315 2627 4380 τουτέστιν,
2663 4313 2744 4375 είς
2776 4312 2875 4382 τὴν
2926 4309 3222 4378 ἀγγελικὴν
3266 4309 3364 4361 καὶ
3394 4309 3492 4378 τὴν
3531 4306 3724 4376 ἀνθρω-

2167 4410 2330 4480 πίνην
2360 4407 2542 4478 φύσιν.
2575 4405 2683 4457 Καὶ
2712 4405 2862 4457 πᾶσα
2912 4403 2945 4472 ἡ
3003 4399 3268 4470 ἀγγελικὴ
3303 4399 3466 4469 φύσις
3494 4398 3726 4469 διῄρηται

2166 4504 2329 4558 πάλιν
2352 4505 2431 4566 εἰς
2458 4500 2552 4554 δύο
2583 4497 2876 4560 καθολικὰς
2907 4497 3132 4566 γνώμας
3159 4512 3220 4547 τε
3256 4496 3352 4550 καὶ
3386 4494 3584 4562 ἀγέλας
3617 4491 3722 4562 (ιιι).

2165 4599 2325 4666 ἁγίας
2359 4611 2416 4648 τε
2437 4593 2532 4647 καὶ
2562 4593 2777 4658 ἐναγεῖς
2799 4606 2811 4618 °
2840 4589 3136 4653 τουτέστιν,
3174 4588 3256 4651 εἰς
3287 4588 3445 4656 ἁγίας
3473 4585 3722 4652 Δυνάμεις

2163 4687 2259 4742 καὶ
2297 4685 2645 4754 ἀκαθάρτους
2679 4680 2960 4750 δαίμονας.
2998 4677 3110 4732 Καὶ
3144 4679 3297 4732 πᾶσα
3340 4679 3373 4748 ἡ
3427 4673 3720 4746 ἀνθρωπίνη

2162 4778 2419 4850 διῄρηται
2446 4775 2526 4837 είς
2555 4772 2780 4843 γνώμας
2814 4771 2975 4843 μόνον
3024 4769 3318 4833 καθολικὰς
3353 4769 3466 4833 δύο,
3498 4765 3721 4826 εύσεὸεῖς

2162 4872 2306 4940 λέγω
2337 4868 2429 4924 καὶ
2459 4865 2696 4929 ἀσεϐεῖς.

2155 5253 2212 5300 et
2249 5254 2404 5308 arte;
2471 5241 2550 5313 (in
2609 5241 2836 5313 decreto
2878 5253 2992 5313 sua:
3041 5233 3366 5307 voluntatis)
3408 5249 3548 5290 unus
3590 5233 3714 5301 ipse,

2157 5314 2342 5369 omnia
2369 5310 2490 5382 (μιαέ
2512 5321 2643 5367 sunt
2674 5312 2788 5364 ullo
2813 5310 2995 5382 modo,
3025 5314 3339 5382 cognoscat.

2231 5383 2326 5454 (mi)
2387 5373 2987 5454 Ἐίςίδύομκαοολικὰς
3015 5373 3251 5454 γνώμας
3285 5374 3472 5454 tequ
3493 5373 3712 5454 (ipsine;

2157 5435 2322 5520 Quod,
2339 5435 2456 5507 erat
2476 5435 2493 5445 Ἰ
2506 5451 2824 5520 ἀγγελικάς,
2842 5519 2849 5520 γ
2868 5435 3395 5520 mendum'agnovit
3418 5435 3598 5504 Gesn.,
3629 5435 3713 5514 sed

2157 5518 2454 5579 emendare
2481 5518 2602 5596 non
2622 5519 3012 5596 potuit._No_bis
3040 5518 3298 5572 restituto
3329 5525 3476 5596 textu
3496 5522 3715 5596 [πιθεῖν]-

2158 5596 2234 5648 hil
2251 5595 2360 5664 jam
2383 5592 2602 5664 diﬂjcile
2619 5584 2885 5664 occurrit.
2915 5589 3277 5664 Neonecesse
3305 5584 3715 5664 pluribus‘veafi:

2157 5656 2418 5732 refquod
2453 5661 2658 5730 Obsop.
2694 5661 2893 5732 illeque
2918 5657 3315 5732 reddide_runt_._
3359 5657 3578 5732 νίζειεείςί
3617 5656 3709 5732 illi}?

2439 5713 2637 5804 cuneta
2680 5713 2888 5798 delere,
2915 5743 3080 5800 quam
3117 5726 3351 5797 singulis
3380 5713 3710 5794 suggillandis

2160 5801 2380 5874 témpﬁus
2399 5801 2574 5857 otiose
2609 5809 2810 5856 terere.
