4076 6440
329 334 476 403 ιι)ρὸ

1181 352 1514 412 CAI’lTUM
1559 351 1654 410 DE
1695 346 2125 407 ClIARITATE
2161 347 2551 406 CENTURIA
2590 347 2705 409 ΙΙΙ.

3447 345 3585 416 1025

395 461 495 526 κζ’.
534 463 592 514 Ὀ
635 461 734 532 μὲν
781 462 911 527 Θεὸς
949 469 1024 527 ὡς
1055 461 1424 532 αὑτοΰπαρξις
1487 459 1562 512 ὢν
1601 460 1695 512 καὶ¹
1738 458 1896 512 αὑτο-

2074 459 2162 512 27.
2199 459 2343 513 Deus
2371 459 2592 529 quidem
2621 459 2713 528 qui
2753 461 2866 530 ipsa
2897 477 2994 530 per
3025 477 3083 516 se.
3104 463 3372 518 exsistens
3401 480 3589 519 essen-

327 571 387 623 αγ
400 554 594 624 αθότης
623 554 718 606 καὶ
741 554 1036 622 αὑτοσοφία
1068 571 1081 584 ·
1117 554 1314 623 μᾶλλον
1349 552 1404 605 δὲ
1432 551 1792 621 ἀληθέστερον
1823 551 1894 602 εἰ·

327 646 465 708 πεῖν,
495 645 590 696 καὶ
623 643 764 713 ὑπὲρ
793 643 964 697 ταῦτα
991 646 1188 709 πάντα,
1209 643 1382 696 -οὑδὲν
1422 641 1534 712 ἔχει
1568 642 1629 694 τὸ
1684 641 1902 694 σύνολον

326 733 590 788 ἐναντίον.
629 735 710 786 Τὰ
736 733 792 785 δὲ
831 734 1124 802 κτίσματα,
1170 733 1245 795 ὡς
1288 733 1467 785 πάντα
1531 732 1630 801 μὲν
1687 731 1903 800 μεθέξει

327 827 420 881 καὶ
465 827 647 896 χάριτι
701 825 800 896 τὴν
839 825 1074 895 ὓπαρξιν
1120 813 1312 894 ἔχοντα
1345 840 1358 855 ·
1406 823 1477 876 τά
1509 823 1564 876 δὲ
1589 823 1782 891 λογικὰ
1811 822 1905 874 καὶ

326 917 509 986 νοερὰ,
536 918 631 970 καὶ
660 917 759 988 τὴν
780 918 1112 986 ἀγαθότητος
1137 918 1233 970 καὶ
1268 916 1456 986 σοφίας
1475 915 1901 985 ἐπιτηδειότητα,

326 1007 438 1078 ἔχει
475 1009 716 1062 ἐναντίον
739 1027 752 1038 ·
796 1013 861 1079 τῇ
899 1009 997 1078 μὲν
1023 1008 1276 1078 ὑπάρξει,
1307 1009 1367 1060 τὸ
1403 1007 1478 1077 μὴ
1509 1007 1775 1076 ὑπάρχειν
1797 1023 1808 1035 ·
1838 1008 1904 1075 τῇ

324 1099 379 1151 δὲ
409 1100 510 1168 τῆς
542 1099 882 1170 ἁγαθότητος
915 1101 1008 1152 καὶ
1041 1099 1228 1167 σοφίας
1267 1097 1680 1168 ἐπιτηδειότητι,
1715 1096 1908 1150 κακίαν

327 1193 417 1243 καὶ
445 1191 738 1258 ἀγιωσίαν.
778 1191 883 1244 Καὶ
917 1191 978 1244 τὸ
1016 1191 1115 1262 μὲν
1145 1189 1417 1260 ὑπάρχειν
1442 1189 1585 1259 ἀεὶῆ
1625 1189 1698 1259 μὴ
1734 1188 1911 1256 ὑπάρ-

326 1301 440 1353 χειν
474 1282 646 1336 ταῦτα
679 1282 791 1354 [Fr.
823 1283 889 1336 τὰ
923 1283 1117 1351 λογικὰ
1149 1283 1245 1336 καὶ
1271 1281 1478 1353 vespa],
1510 1283 1566 1332 έν
1596 1284 1659 1350 τῇ
1692 1280 1910 1349 ἐξουσίᾳ.

326 1375 420 1427 τοῦ
455 1375 818 1443 πεποιηκότος
845 1376 961 1428 me
982 1390 995 1403 °
1016 1375 1076 1427 τὸ
1096 1375 1152 1427 δὲ
1182 1374 1428 1445 μετέχειν
1453 1374 1550 1443 τῆς
1578 1373 1911 1440 ἀγαθότητος

332 1464 498 1517 αὑτοῦ
539 1467 633 1517 καὶ
671 1467 765 1534 τῆς
795 1465 987 1534 σοφίας
1193 1465 1460 1536 μετέχειν,
1483 1467 1538 1517 ἐν
1560 1468 1624 1536 τῇ
1661 1464 1912 1534 βουλήσει

327 1556 435 1608 τῶν
457 1555 689 1624 λογικῶν
713 1556 970 1627 ὑπάρχει.

399 1843 506 1906 κη’.
538 1835 601 1889 Οί
645 1835 741 1905 μὲν
774 1834 1033 1904 ’Έλληνες
1070 1834 1148 1902 (η)
1203 1833 1262 1897 ἐξ
1295 1833 1464 1885 ἀϊδίου
1499 1831 1746 1899 λέγοντες
1793 1849 1912 1886 συν-

330 1928 598 1998 υπάρχειν
625 1925 702 1994 τῷ
741 1925 859 1995 Θεῷ
887 1925 986 1994 τὴν
1011 1924 1118 1976 τῶν
1155 1923 1322 1976 ὄντων
1351 1923 1556 1984 οὐσίαν,
1578 1922 1675 1984 τὰς
1698 1922 1754 1974 δὲ
1784 1922 1915 1991 περὶ

329 2019 497 2088 αὑτὴν
545 2018 839 2087 ποιότητας
886 2017 1044 2086 μόνον
1074 2016 1132 2082 ἐξ
1158 2014 1321 2068 αὑτοῦ
1352 2015 1639 2085 ἐσχηκέναι
1671 2031 1684 2046 ³
1724 2017 1786 2086 τῇ
1816 2015 1915 2085 μὲν

328 2111 510 2181 οὐσίᾳ,
547 2109 699 2164 οὐδὲν
729 2108 976 2177 λέγουσιν
1001 2106 1243 2161 ἐναντίον
1271 2123 1283 2136 ο
1321 2109 1379 2159 ἐν
1409 2107 1465 2160 δὲ
1503 2109 1623 2168 ταῖς
1665 2107 1914 2176 ποιότησι

274 2268 287 2279 _
332 2201 543 2273 μόναις,
578 2199 679 2270 τὴν
733 2198 1048 2251 ἐναντίωσιν
1087 2193 1246 2251 εἶναι.
1291 2197 1482 2266 Ἡμεῖς
1525 2196 1581 2249 δὲ
1625 2196 1792 2266 μόνην
1831 2197 1916 2249 λέ-

329 2307 497 2361 γομεν
529 2292 626 2360 τὴν
657 2290 809 2344 θείαν
833 2290 1019 2342 οὑσίαν
1078 2289 1152 2361 μὴ
1195 2289 1348 2359 ,ἔχειν
1406 2306 1458 2341 τι
1515 2287 1776 2347 ἐναντίον,
1841 2288 1916 2351 ὡς

333 2379 502 2433 ἀΐδιόν
536 2395 596 2431 τε
630 2373 797 2432 οὖσαν
829 2378 922 2430 καὶ
948 2376 1199 2448 ἄπειρον,
1225 2377 1318 2429 καὶ
1340 2375 1638 2446 ἁῖδιότητος
1661 2375 1918 2446 ἀλλήλαις

331 2472 661 2542 χαριστικήν
695 2488 709 2503 ’
743 2474 809 2542 τῇ
843 2471 898 2522 δὲ
930 2471 1036 2525 τῶν
1063 2470 1231 2523 ὄντων
1260 2470 1436 2539 οὐσίᾳ,
1462 2465 1600 2522 εἶναι
1633 2469 1730 2537 μὲν
1752 2469 1813 2520 τὸ
1843 2469 1917 2540 μὴ

327 2564 389 2619 ὃν
406 2565 666 2618 ἐναντίον·
691 2564 787 2618 καὶ
814 2565 871 2616 ἐν
894 2567 958 2634 τῇ
990 2564 1208 2634 ἐξουσία
1229 2561 1321 2616 τοῦ
1349 2561 1554 2632 κυρίως
1575 2561 1724 2623 ὄντος
1746 2561 1919 2630 ὑπάρο

332 2677 468 2730 χειν,
497 2659 561 2712 τὸ
590 2659 676 2711 ἀεὶ
717 2653 858 2711 εἶναι
890 2655 1058 2726 αὑτὴν
1111 2655 1143 2725 ἢ
1189 2656 1262 2726 μὴ
1315 2651 1473 2721 εἶναι,
1520 2654 1914 2725 ἀμεταμέλητα

333 2747 391 2802 δὲ
420 2741 560 2800 εἶναι
598 2747 666 2799 τὰ
723 2745 1040 2816 χαρίσματα
1075 2743 1259 2796 αὑτοῦ.
1305 2743 1415 2794 Καὶ
1464 2742 1551 2794 διὰ
1603 2740 1784 2804 τοῦτο,
1826 2741 1918 2794 καὶ

335 2839 484 2892 εστιν
534 2838 641 2904 ἀεὶ,
684 2838 776 2890 καὶ
828 2836 982 2888 ἔσται
1027 2838 1094 2906 τῇ
1153 2835 1629 2903 παντοκρατορικῇ
1692 2833 1918 2903 δυνάμει

333 2929 797 3002 διακρατουμένη,
854 2931 904 2981 εἰ
959 2927 1054 2981 καὶ
1097 2927 1212 2997 ἔχει
1262 2926 1320 2979 τὸ
1357 2924 1432 2996 μὴ
1462 2924 1521 2976 ὃν
1553 2925 1812 2987 ἐναντίον,
1844 2923 1920 2986 ὡς

335 3022 576 3093 εἴρηται,
606 3023 681 3084 ὠς
717 3023 780 3073 ὲκ
813 3021 888 3091 μὴ
933 3020 1084 3082 δντος
1118 3021 1198 3080 εἰς
1250 3017 1310 3070 τὸ
1359 3013 1499 3070 εἶναι
1551 3016 1917 3086 παραχθεῖσα,

2005 552 2080 606 tia
2103 562 2160 606 et
2184 551 2404 606 bonitas
2435 561 2490 607 et
2525 552 2792 621 sapientia
2828 553 2932 617 sit;
2964 552 3095 623 quin
3125 566 3180 610 et
3216 557 3301 610 his
3333 558 3593 613 omnibus

2008 641 2092 713 (ut
2123 643 2310 696 verius
2337 643 2552 712 loquar)
2598 644 2850 712 superior
2887 647 3140 712 exsistat;
3180 648 3317 702 nihil
3363 665 3592 719 prorsus

2007 735 2174 789 habet
2202 735 2568 789 contrarium.
2589 735 2783 790 Creata
2809 752 2960 802 vero,
2997 747 3056 792 ut
3080 741 3224 808 quod
3255 743 3593 813 omnia_par—

2009 827 2326 896 ticipatione
2361 844 2541 898 exque
2585 828 2756 898 gratia
2787 829 3045 893 habeant,
3077 832 3223 900 quod
3266 843 3394 887 sunt
3422 836 3474 888 in
3506 852 3593 890 rc-

2009 934 2130 972 rum
2173 928 2400 985 natura;
2432 921 2642 974 utentia
2673 937 2890 990 quoque
2923 923 3133 977 ratione
3178 939 3241 977 ac
3279 924 3591 996 intelligen-

2012 1009 2107 1074 tia,
2141 1010 2286 1078 quod
2320 1009 2582 1065 bonitatis
2607 1027 2670 1065 ac
2705 1013 2990 1082 sapientia
3019 1017 3365 1082 capessenda
3398 1017 3594 1073 idonea

2009 1102 2297 1166 exsistant,
2334 1104 2670 1157 contrarium
2710 1104 2948 1169 habent;
2979 1107 3311 1162 exsistentia
3346 1109 3590 1177 quidem,

2010 1206 2122 1244 non
2167 1192 2574 1259 exsistentiam;
2627 1194 2976 1263 capessenda
3028 1212 3160 1250 vero
3221 1198 3484 1255 bonitatis
3532 1218 3596 1256 ac

2013 1283 2293 1351 sapientia:
2334 1284 2650 1352 aptitudini,
2701 1285 2821 1338 vitii
2875 1286 3201 1355 pravitatem
3237 1298 3292 1344 et
3341 1290 3598 1360 ignoran-

2014 1373 2166 1426 tiam.
2201 1373 2278 1427 Ac
2305 1375 2526 1443 quidem
2546 1386 2616 1430 .ut
2653 1375 2769 1430 hac
2801 1392 3019 1446 semper
3045 1378 3310 1435 exsistant
3352 1391 3447 1436 aut
3485 1401 3596 1438 non

2013 1465 2299 1531 exsistant,
2332 1467 2453 1537 ejus
2489 1467 2583 1536 qui
2611 1468 2860 1522 condidit
2904 1470 3118 1523 arbitrii
3153 1478 3238 1524 est
3278 1479 3334 1525 ct
3358 1481 3598 1541 potesta-

2017 1553 2086 1608 tis
2117 1572 2128 1608 :
2157 1564 2217 1608 ut
2250 1565 2434 1610 autem
2473 1557 2620 1609 illius
2651 1557 2913 1610 bonitatis
2936 1567 2990 1610 et
3013 1559 3295 1626 sapientia
3328 1577 3597 1616 commer-

2016 1647 2103 1702 cio
2133 1650 2408 1718 gaudeant
2433 1649 2517 1702 vel
2551 1664 2662 1702 non
2699 1649 2990 1718 gaudeant,
3029 1650 3083 1702 in
3129 1649 3246 1718 ipsa
3287 1653 3597 1709 animorum

2019 1741 2300 1794 voluntate
2329 1741 2601 1796 consistit.

2086 1833 2175 1886 28.
2205 1833 2400 1897 Graeci,
2447 1833 2542 1902 qui
2586 1848 2770 1888 rerum
2817 1836 3112 1892 essentiam
3139 1855 3201 1894 ac
3234 1840 3598 1895 substantiam

2017 1921 2086 1974 ab
2118 1931 2326 1975 aeterno
2366 1922 2530 1976 simul
2578 1937 2701 1975 cum
2735 1924 2848 1977 Deo
2888 1925 3160 1981 exstitisse
3198 1929 3404 1994 dicant,
3429 1929 3601 1984 solas-

2016 2030 2124 2084 que
2181 2014 2250 2068 ab
2279 2030 2345 2068 eo
2371 2015 2648 2084 accepisse
2684 2016 2976 2084 qualitates
3011 2033 3132 2087 qua
3171 2035 3292 2073 eam
3321 2021 3599 2088 amiciant,

2015 2104 2266 2159 essentia
2297 2104 2519 2173 quidem
2563 2119 2626 2158 ac
2673 2105 3012 2170 substantia,
3064 2107 3256 2162 dicunt
3299 2111 3434 2164 nihil
3480 2127 3600 2169 esse

2016 2196 2385 2261 contrarium;
2409 2211 2738 2266 omnemque
2759 2197 2896 2252 adeo
2919 2201 3368 2256 contrarietatem
3394 2203 3450 2257 in
3469 2205 3599 2259 solis

2017 2287 2374 2356 qualitatibus
2411 2302 2555 2342 esse.
2604 2288 2714 2342 Nos
2759 2295 2942 2344 autem
2963 2283 3145 2345 'unam
3187 2292 3432 2349 divinam
3472 2295 3606 2350 sub-

2015 2379 2295 2443 stantiam,
2335 2379 2574 2434 dicimus
2618 2381 2768 2435 omni
2810 2382 3088 2437 contrario
3135 2399 3353 2451 carere;
3401 2386 3606 2456 quippe

2017 2481 2281 2526 aternam
2312 2480 2366 2526 et
2401 2471 2692 2539 inﬁnitam,
2725 2473 2940 2542 hocque
2980 2474 3161 2544 ipsum
3206 2477 3436 2547 reliquis
3468 2494 3608 2548 pra-

2018 2570 2277 2628 stantem,
2324 2571 2384 2615 ut
2432 2578 2650 2632 semper
2693 2572 2748 2618 et
2795 2564 2925 2634 ipsae
2968 2579 3326 2634 permaneant
3368 2586 3382 2622 :
3417 2584 3606 2625 rerum

2018 2667 2152 2706 vero
2186 2653 2508 2708 substantia
2555 2654 2608 2707 id
2657 2656 2997 2709 contrarium
3027 2672 3150 2712 esse
3193 2661 3604 2726 contendimus,

2020 2741 2168 2811 quod
2211 2753 2295 2797 est
2331 2757 2441 2795 non
2488 2757 2610 2797 esse
2654 2757 2717 2796 ac
2758 2742 3024 2809 nihilum;
3072 2745 3239 2813 inque
3281 2745 3430 2800 illius
3456 2746 3606 2816 quod

2019 2850 2148 2890 vere
2179 2849 2244 2888 ac
2274 2835 2497 2904 proprie
2533 2843 2618 2890 est
2648 2835 2886 2904 positum
2919 2846 3212 2907 potestate,
3245 2848 3305 2893 ut
3339 2839 3430 2894 illa
3463 2854 3611 2894 sem-

2020 2943 2120 2998 per
2151 2926 2398 2992 exsistat,
2433 2935 2527 2981 aut
2569 2943 2679 2981 non
2711 2928 2959 2982 exsistat.
2991 2929 3232 2985 Tametsi
3275 2932 3395 3000 ejus
3437 2930 3611 2985 dono-

2023 3037 2146 3075 rum
2179 3020 2326 3074 haud
2373 3020 2551 3089 ipsum
2585 3019 2850 3088 paeniteat
2881 3021 2949 3074 δι.
2999 3021 3188 3090 anue
3235 3022 3447 3077 ratione
3489 3036 3613 3078 esse

336 3114 431 3166 καὶ
461 3114 518 3164 ὲν
550 3113 615 3184 τῇ
650 3110 901 3181 βουλήσει
938 3108 1102 3163 αὑτοῦ
1129 3108 1329 3178 ἔχουσα
1369 3107 1429 3160 τὸ
1483 3101 1624 3160 εἶναι
1673 3108 1842 3179 αὑτὴν
1886 3107 1920 3178 ἢ

2027 3128 2148 3168 eam
2177 3127 2393 3182 semper
2417 3127 2480 3166 ac
2509 3111 2626 3166 fore
2656 3112 2905 3166 omnium
2933 3114 3336 3170 eonservatrice
3367 3113 3614 3185 potentia

343 3205 420 3274 μὴ
437 3200 594 3258 εἶναι.

2030 3205 2100 3260 ad
2135 3202 2539 3274 perennitatem
2577 3218 2698 3258 eam
2730 3205 3072 3269 continente,
3105 3206 3323 3260 tametsi
3355 3221 3467 3260 non
3493 3222 3614 3262 esse

341 3303 507 3366 atque
533 3295 764 3350 nihilum
796 3293 1131 3349 contrarium
1159 3292 1345 3357 habet,
1379 3291 1459 3346 uti
1490 3290 1696 3345 dictum
1722 3299 1825 3358 est,
1861 3305 1921 3351 ut
1958 3313 2080 3368 qua
2110 3313 2176 3351 ex
2216 3295 2391 3351 nihilo
2434 3303 2496 3349 ut
2542 3302 2709 3360 esset,
2780 3295 3068 3364 producta,
3107 3295 3165 3350 in
3229 3312 3336 3351 una
3377 3296 3498 3368 ejus
3521 3311 3618 3351 vo-

337 3389 551 3446 luntate
585 3389 688 3442 hoc
715 3386 860 3457 quod
888 3394 973 3440 est
998 3401 1120 3440 eam
1149 3400 1268 3441 esse
1307 3383 1396 3438 vel
1432 3399 1541 3438 non
1567 3399 1709 3448 esse,
1741 3385 1927 3441 habet.

411 3484 514 3539 κθ¹.
556 3483 771 3554 Ὠσπερ
802 3481 860 3534 τὸ
891 3481 1057 3533 κακὸν
1095 3479 1354 3549 στέρησίς
1388 3480 1535 3532 ἐστιν
1564 3479 1793 3549 ἀγαθοῦ⁷
1829 3482 1925 3533 καὶ

341 3580 376 3650 ἠ
415 3575 664 3645 ἀγνωσία
693 3573 944 3644 στέρησίς
975 3573 1090 3625 ἐστι
1128 3569 1380 3640 γνώσεως
1404 3585 1418 3599 ·
1459 3568 1602 3622 οὕτω
1631 3571 1726 3624 καὶ
1763 3571 1822 3624 τὸ
1848 3572 1922 3643 μὴ

338 3672 404 3726 ὃν
446 3668 698 3739 στέρησίς
727 3670 842 3720 ἐστι
866 3664 960 3719 τοῦ
990 3665 1141 3727 ὄντος
1170 3681 1184 3696 ο
1219 3664 1279 3716 οὑ
1313 3661 1406 3715 τοῦ
1432 3661 1635 3732 κυρίως
1665 3662 1722 3715 δὲ
1750 3662 1922 3725 ὄντοςο

346 3763 446 3815 οὑκ
498 3763 611 3831 ἔχει
654 3760 763 3830 γὰρ
796 3758 1033 3812 ἐναντίον
1068 3774 1082 3789 ο
1119 3756 1254 3810 ἀλλὰ
1280 3753 1376 3827 τοῦ
1410 3754 1548 3808 κατὰ
1591 3754 1805 3826 μέθεξιν
1828 3753 1925 3808 τοῦ

345 3854 550 3922 κυρίως
584 3851 758 3913 ὄντος.
802 3850 914 3904 Καὶ
959 3852 1012 3902 αἱ
1046 3850 1142 3920 μὲν
1169 3847 1276 3901 τῶν
1326 3848 1607 3919 προτέρων
1638 3847 1928 3919 στερήσεις

339 3948 407 4016 τῇ
437 3942 629 4013 γνώμῃ
659 3942 766 3994 τῶν
788 3940 1087 4009 γεγονότων
1113 3938 1338 3990 ἕπονται
1363 3951 1377 3967 ο
1406 3937 1440 4006 ἠ
1463 3935 1520 3988 δὲ
1539 3933 1631 3987 τοῦ
1669 3934 1926 4006 δευτέρου

341 4040 402 4092 ὲν
440 4039 507 4107 τῇ
543 4035 794 4105 βουλήσει
827 4032 920 4086 τοῦ
948 4031 1313 4103 πεποιηκότος
1340 4029 1646 4100 ὑπάρχεται
1671 4043 1686 4058 ·
1719 4027 1812 4080 τοῦ
1842 4027 1929 4082 ἀεὶ

339 4129 410 4183 δι’
442 4128 758 4198 ἀγαθότητα
793 4123 1117 4198 βουλομένου
1171 4120 1310 4177 εἶναι
1355 4121 1426 4176 τὰ
1491 4121 1640 4188 ὄντα,
1690 4121 1786 4174 καὶ
1840 4119 1929 4174 ἀεὶ

343 4221 438 4276 ὑπ’
468 4219 632 4275 αὑτοῦ
669 4216 1095 4292 εὑεργετεῖσθαι.
1137 4279 1141 4282 _

420 4481 487 4536 λ’.
529 4481 713 4535 Πάντα
745 4478 814 4531 τὰ
836 4476 1118 4546 γεγονότα,
1171 4474 1241 4528 τὰ
1293 4473 1392 4544 μέν
1442 4475 1550 4526 είσι
1589 4471 1786 4541 λογικά
1836 4473 1924 4527 καὶ

351 4573 540 4644 νοερὰ,
577 4571 807 4626 καὶτῶν
833 4570 1096 4623 ἐναντίων
1127 4567 1349 4622 δεκτικά
1382 4585 1395 4599 '
1436 4562 1568 4629 οἷον,
1601 4567 1802 4638 ἀρετῆς
1840 4566 1936 4619 καὶ

355 4667 577 4731 κακίας,
609 4665 704 4718 καὶ
733 4661 986 4731 γνώσεως
1035 4660 1131 4714 καὶ
1168 4658 1444 4728 ἀγνωσίας
1469 4673 1483 4687 ·
1521 4657 1590 4710 τὰ
1617 4657 1672 4710 δὲ
1709 4657 1939 4728 σώματα

353 4757 608 4828 διάφορα,
639 4757 705 4810 ὲκ
731 4753 842 4808 τῶν
874 4752 1133 4806 ἐναντίων
1154 4749 1484 4804 συνεστῶτα·
1519 4749 1787 4815 τουτέστι,
1811 4751 1937 4820 γῆς,

429 4893 473 4926 ⁸³
504 4892 667 4948 Rom.
697 4906 772 4956 ιι,
803 4889 894 4945 29.

442 5009 520 5078 (η)
565 5008 773 5081 Οὶζμὲις
813 5006 1126 5081 Ἐλᾼηνες.
1169 5001 1947 5081 Aristotelem_maxime_sug-

359 5071 518 5156 gillat
555 5089 613 5136 ει
639 5071 1074 5156 l’eripateticos;
1134 5081 1366 5129 cunctos
1416 5073 1660 5156 denique
1699 5071 1946 5153 philoso-

359 5147 523 5226 phos,
559 5149 653 5220 qui
682 5147 967 5226 materiam
985 5147 1099 5226 Deo
1129 5160 1366 5226 coavam
1395 5151 1714 5226 ponerent)“
1742 5147 1945 5226 ipsam-

361 5213 470 5295 ἱιιιε
511 5213 835 5295 necessario
885 5217 1279 5295 exsistantem;
1339 5214 1394 5268 in
1450 5229 1590 5295 quos
1656 5213 1940 5295 plirj'sost.

359 5284 472 5350 non
497 5306 609 5346 uno
631 5290 754 5344 loco
784 5287 1008 5362 egregie
1041 5286 1307 5362 disputat,
1361 5284 1672 5362 aemreliqui
1730 5284 1938 5362 Patres.

360 5365 643 5430 Mirorque
669 5352 946 5427 quomodo
967 5357 1049 5411 sic
1077 5352 1258 5430 avide,
1293 5353 1387 5422 qui
1416 5352 1729 5430 Christiane
1782 5352 1942 5404 insti-

363 5435 470 5490 tuti
494 5424 708 5502 sumus2
734 5442 1018 5502 unumque
1047 5425 1370 5502 noverimﬁus
1391 5424 1676 5502 τὸκυρίῳς
1702 5425 1782 5485 ὃν,
1818 5436 1946 5502 eum

363 5489 582 5560 scilicet
615 5489 710 5569 qui
741 5489 1115 5569 Mosilocutus
1139 5503 1243 5560 est,
1271 5493 1372 5569 Qui
1397 5501 1471 5569 est
1512 5489 1652 5569 mia:
1682 5489 1951 5569 m_e_,__Ari-

363 5561 686 5630 stotelicuin
742 5567 892 5622 istud
934 5566 1279 5628 hauriamus,
1330 5562 1650 5619 Substantiw
1689 5561 1821 5615 nihil
1874 5569 1947 5613 cst

363 5641 723 5704 contrarium,
769 5646 826 5693 et
853 5651 972 5691 non-
1002 5636 1176 5705 magis
1230 5649 1356 5690 cum
1401 5633 1637 5705 Maximo
1687 5633 1946 5705 dicimus,

364 5730 494 5771 esse
517 5711 596 5766 illi
627 5702 970 5781 contrarium
1003 5702 1118 5761 non
1133 5720 1256 5781 esse
1284 5719 1349 5758 ac
1364 5703 1621 5767 nihilum,
1659 5702 1804 5772 quod
1837 5716 1946 5781 una

365 5781 630 5844 excludat
657 5779 844 5836 divina
870 5777 1145 5843 voluntas,
1170 5775 1349 5846 ipsum
1373 5787 1564 5829 revera
1587 5787 1774 5829 comes
1796 5775 1947 5826 omni

2078 3470 2193 3532 '29.
2241 3475 2395 3531 Sicut
2427 3475 2632 3529 malum
2671 3475 2800 3530 boni
2836 3476 3071 3546 privatio
3102 3488 3222 3543 est,
3254 3487 3310 3532 et
3360 3480 3616 3550 ignoran-

2035 3567 2107 3622 tia
2157 3566 2394 3637 privatio
2441 3565 2723 3621 scientiae:
2766 3568 2846 3622 sic
2888 3584 3107 3638 quoque
3152 3586 3260 3624 non
3305 3587 3404 3627 ens
3451 3583 3616 3645 atque

2031 3656 2289 3721 nihilum,
2320 3655 2560 3725 privatio
2585 3657 2731 3711 entis
2759 3664 2861 3721 est,
2895 3671 2991 3712 seu
3021 3659 3140 3728 ejus
3169 3659 3312 3728 quod
3341 3671 3458 3729 est;
3505 3681 3616 3719 non

2035 3757 2218 3803 autem
2241 3749 2361 3818 ejus
2383 3747 2530 3818 quod
2554 3740 2638 3803 est
2663 3763 2792 3804 vere
2810 3759 2867 3804 et
2888 3751 3108 3820 proprie
3130 3751 3206 3823 (id
3229 3754 3374 3807 enim
3403 3757 3615 3811 nullmn

2034 3839 2374 3894 contrarium
2424 3837 2636 3910 habet),
2661 3839 2759 3894 sed
2808 3840 2958 3909 quod
3001 3841 3152 3896 illius
3199 3843 3617 3914 participatione

2033 3937 2137 3994 est,
2163 3929 2312 3999 quod
2352 3945 2482 3985 vere
2522 3945 2587 3985 ac
2618 3930 2837 4000 proprie
2879 3939 2981 3986 est.
3013 3932 3091 3987 Ac
3118 3935 3363 4003 priorum
3394 3937 3616 4007 quidem

2033 4022 2393 4093 privationes,
2447 4021 2609 4093 432
2655 4030 2962 4078 ereatorum
3004 4026 3340 4082 voluntatem
3371 4044 3618 4099 sequun-

2035 4124 2156 4181 tur;
2185 4113 2512 4184 posterioris
2547 4130 2682 4169 vero
2708 4114 2965 4183 privatio,
2999 4115 3056 4170 in
3083 4117 3202 4188 ejus
3239 4119 3334 4187 qui
3371 4121 3620 4176 condidit

2032 4207 2316 4262 voluntate
2345 4207 2585 4276 positum
2621 4216 2739 4271 est;
2780 4207 2875 4277 qui
2907 4222 2972 4262 ea
3017 4223 3124 4277 qua
3167 4209 3336 4277 pollet
3374 4211 3620 4266 bonitate

2033 4314 2123 4353 res
2153 4313 2371 4367 semper
2403 4312 2524 4352 esse
2555 4297 2693 4365 vult,
2730 4307 2786 4352 et
2818 4298 2964 4369 quod
2995 4299 3115 4369 ejus
3144 4307 3227 4354 est
3258 4302 3524 4369 muneris,
3552 4304 3620 4358 ab

2035 4406 2103 4448 eo
2128 4405 2345 4459 semper
2374 4390 2675 4459 suscipere.

2109 4482 2198 4536 ⁸50.
2229 4480 2556 4536 Creatorum
2585 4480 2910 4543 universim,
2936 4481 3040 4535 alia
3071 4489 3198 4537 sunt
3229 4482 3441 4537 ratione
3463 4492 3625 4540 uten—

2037 4565 2112 4621 tia
2136 4575 2192 4621 et
2220 4567 2600 4637 intelligentia,
2630 4568 3150 4638 eontrariorumque
3204 4571 3457 4640 capacia;
3488 4582 3623 4641 puta

2036 4659 2263 4714 virtutis
2291 4665 2346 4712 et
2376 4658 2514 4723 vitii,
2549 4659 2904 4727 scientiaque
2935 4667 2992 4714 et
3021 4659 3373 4729 ignorantia;
3405 4663 3510 4716 alia
3539 4663 3624 4718 di-

2042 4765 2198 4804 versa
2222 4764 2472 4807 eoroora.
2492 4765 2560 4803 ex
2579 4750 2870 4804 contrariis
2890 4750 3208 4819 constituta,
3233 4759 3373 4806 terra
3389 4752 3622 4819 scilicet,

2048 5000 2196 5069 quod
2227 5009 2331 5065 est,
2372 4998 2782 5071 uno_duntaxat_
2837 4997 2932 5071 illo
2972 5005 3222 5071 excepto,
3274 4998 3353 5053 uti
3406 5001 3615 5071 excipit

2045 5068 2334 5134 Maximus,
2367 5069 2512 5139 quod
2542 5077 2627 5123 est
2657 5068 2858 5139 κυρίως
2900 5068 2954 5120 in
2978 5069 3135 5137 cujus
3169 5071 3478 5123 necessario
3527 5068 3618 5128 es-

2046 5143 2224 5195 sentia
2251 5152 2354 5204 est,
2389 5138 2547 5208 quod
2577 5146 2680 5201 est,
2715 5138 2843 5206 quia
2872 5153 3043 5208 unum
3099 5154 3128 5191 a
3162 5154 3221 5192 se
3253 5154 3461 5208 ensque
3521 5157 3619 5198 ne-

2044 5211 2344 5264 cessarium
2371 5207 2485 5273 est;
2511 5209 2719 5280 reliqua
2751 5207 3075 5280 quodsunt,
3103 5209 3223 5280 ejus
3262 5207 3466 5280 habent
3495 5227 3622 5280 par-

2046 5281 2386 5351 ticipatione,
2427 5288 2483 5351 ct
2517 5279 2670 5351 quasi
2707 5277 2956 5351 precario
2998 5295 3033 5351 εΔ
3059 5277 3204 5346 quOd
3245 5278 3427 5351 dicere
3459 5277 3626 5335 Maxi-

2045 5347 2197 5404 muin
2232 5365 2340 5404 non
2380 5350 2514 5403 satis
2532 5347 2774 5400 advertit
2799 5347 2966 5401 Gesn.
3003 5347 3132 5401 dum
3177 5350 3498 5404 movendam
3524 5367 3626 5405 vo-

2051 5437 2170 5475 cctn
2217 5421 2418 5490 κυρίως
2458 5419 2554 5479 ait,
2589 5426 2684 5472 aut
2713 5417 3022 5490 addendam
3057 5427 3343 5490 negantem
3385 5421 3629 5490 particu-

2049 5491 2158 5544 lam
2181 5492 2261 5555 οὑ,
2288 5487 2341 5545 in
2369 5491 2476 5542 illis
2493 5491 2613 5557 ejus
2639 5489 2848 5550 verbis,
2877 5487 3013 5540 ἀλλὰ
3037 5487 3130 5540 τοῦ
3198 5489 3338 5540 κατὰ
3389 5487 3628 5556 μέθεξιν

2047 5561 2141 5632 τοῦ
2171 5562 2376 5632 κυρίως
2405 5560 2585 5632 Δὄντος,
2642 5558 2788 5632 q_uo_d
2818 5557 3012 5632 etiam
3037 5559 3140 5612 rite
3174 5557 3451 5632 sullixerat
3472 5628 3481 5632 Α
3501 5558 3627 5632 liill.

2047 5625 2258 5699 Obsnp:
2301 5629 2436 5682 nihil
2461 5629 2622 5688 bene,
2656 5625 2759 5681 Sed
2780 5628 2890 5696 ejus
2924 5629 3012 5698 qui
3034 5628 3317 5682 secundum
3340 5625 3636 5699 partiéipa-

2049 5703 2240 5757 tionem
2273 5699 2611 5764 peculiariter
2648 5706 2743 5752 est.
