4076 6424
544 296 678 363 1027

1717 300 1780 363 S.
1820 296 2109 359 MAXIMI
2149 296 2661 363 CONFESSORIS

3644 323 3760 393 1028

534 427 686 481 aere,
718 412 844 485 igne
882 422 937 469 et
964 428 1126 484 aqua.
1158 411 1340 483 Atque
1378 411 1484 467 alia
1524 412 1750 482 quidem
1782 412 2011 467 omnino
2050 411 2122 465 in.

2242 415 2426 485 ἀέρος,
2482 416 2676 487 πυρὸς.
2711 416 2900 483 ὕδατος
2928 436 2942 452 ο
2980 420 3075 474 καὶ
3109 419 3179 474 τὰ
3237 420 3337 493 μέν
3393 425 3493 481 εἱσι
3539 430 3764 505 ἀσώματα

533 520 798 576 corporea
829 515 960 561 sunt
998 504 1351 576 materiaeque
1378 505 1646 576 expertia,
1681 505 1898 561 tametsi
1931 505 2130 559 horum

532 598 719 669 aliqua
762 597 875 653 sint
903 597 1233 669 corporibus
1268 596 1597 667 conjuncta;
1628 595 1735 651 alia
1769 596 1950 651 solum
1993 609 2130 650 con-

532 692 729 749 stituta
753 708 823 747 ex
848 693 1081 749 materia
1104 702 1162 747 et
1178 692 1382 747 forma.

603 785 693 840 51.
721 783 897 841 Omne
931 800 1134 856 corpus
1168 793 1365 840 natura
1396 781 1681 839 immobile
1714 789 1802 838 est
1829 796 1845 836 :
1876 790 2132 838 movetur

531 885 720 933 autem
748 877 819 932 ab
843 878 1049 943 anima,
1078 879 1279 947 partim
1314 884 1504 931 utente
1529 875 1766 940 ratione,
1791 874 1992 946 partim
2019 888 2133 929 non

532 979 748 1036 utente,
772 969 975 1041 partim
999 969 1305 1025 etiam‘non
1331 968 1626 1023 sentiente.

603 1061 693 1115 52.
747 1060 1092 1116 Facultatum
1142 1060 1369 1123 animae,
1418 1058 1526 1114 alia
1568 1057 1895 1113 nutrimenti
1946 1066 2033 1113 est
2076 1064 2135 1112 et

531 1154 833 1225 augmenti,
879 1154 986 1208 alia
1026 1152 1307 1224 cogitandi
1335 1160 1392 1208 et
1424 1151 1742 1222 appetendi,
1777 1151 1884 1206 alia
1913 1149 2134 1205 utenda:

533 1245 765 1302 rationis
813 1253 872 1301 et
918 1245 1285 1316 intelligendi.
1322 1244 1401 1300 Ac
1436 1243 1602 1315 primi
1647 1244 1871 1315 quidem
1913 1242 2135 1316 generis

531 1340 710 1393 solum
744 1338 1042 1410 participes
1082 1347 1212 1393 sunt
1260 1338 1467 1409 stirpes
1516 1345 1574 1393 et
1616 1337 1852 1405 plantae;
1903 1335 2134 1392 secundi

529 1439 815 1499 prxterea,
850 1429 1029 1483 brutae
1069 1428 1415 1495 animantes;
1454 1429 1600 1482 tertii
1628 1442 1755 1482 cum
1790 1427 2009 1482 duobus
2041 1441 2133 1482 re-

529 1522 719 1592 liquis,
752 1521 1029 1577 homines.
1059 1521 1140 1576 Ac
1163 1521 1380 1591 priores
1405 1518 1632 1591 quidem
1656 1519 1780 1575 dum
1818 1519 2131 1586 facultates,

530 1612 877 1682 corruptioni
917 1611 1169 1668 obnoxiae
1194 1620 1344 1679 sunt,
1372 1610 1536 1668 tertia
1561 1626 1690 1667 vero
1718 1612 1789 1668 ab
1818 1628 1882 1669 ea
1926 1612 2132 1668 immu-

528 1704 617 1758 nis
640 1705 908 1774 probatur
930 1720 993 1760 ac
1023 1704 1374 1760 immortalis.

2238 507 2417 579 πάντη
2475 509 2569 564 καὶ
2615 509 2773 575 ἀῦλα,
2829 514 2878 566 εί
2927 514 3022 567 καί
3064 531 3186 569 τινα
3236 515 3432 573 τούτων
3459 524 3765 589 συνέζευκται

2239 597 2460 698 σωμασι
2498 621 2513 636 ο
2545 602 2615 656 τὰ
2641 602 2701 656 δὲ
2734 602 2794 668 ἐξ
2825 603 2958 677 ὕλης
2992 607 3086 661 καὶ
3130 607 3305 673 εἴδους
3343 610 3496 683 μόνον
3541 615 3640 689 ἔχει
3687 624 3765 698 τὴν

2241 711 2526 751 συστασιν.

2311 787 2412 843 λα’.
2445 790 2632 845 Πάντα
2664 793 2732 846 τὰ
2762 794 3015 864 σώματα,
3049 793 3193 848 κατά
3220 794 3380 864 φύσιν
3398 798 3537 853 ἐστὶν
3555 801 3767 876 ἀκίνητα·

2241 885 2476 938 κινεῖται
2508 884 2567 939 δὲ
2594 885 2701 940 ὑπὸ
2730 887 2832 956 τῆς
2859 885 3040 958 ψυχῆς
3065 904 3081 920 υ
3110 889 3179 943 τὰ
3206 888 3326 961 μὲν,
3356 888 3567 965 λογικῆς
3586 909 3602 926 ο
3629 897 3769 966 τὰδὲ,

2239 973 2436 1044 ἀλόγου
2457 992 2471 1006 ο
2499 977 2566 1030 τὰ
2593 977 2673 1043 δέ,
2703 977 3056 1050 ἀναισθήτου.

2310 1067 2412 1140 λβ’.
2439 1069 2563 1123 Τῶν
2593 1070 2841 1142 ψυχικῶν
2867 1071 3159 1143 δυνάμεων
3192 1074 3226 1143 ἡ
3264 1073 3362 1144 μέν
3408 1077 3520 1130 ἐστι
3547 1077 3774 1153 θρεπτικὴ

2241 1161 2337 1215 καὶ
2368 1161 2637 1235 αὑξητική
2665 1179 2680 1193 ·
2713 1166 2746 1235 ἡ
2779 1163 2837 1217 δὲ
2869 1164 3210 1237 φανταστικὴ
3241 1166 3337 1219 καὶ
3358 1166 3618 1243 όρμητική
3644 1177 3704 1244 σή
3729 1174 3775 1227 δὲ

2240 1252 2524 1327 λογιστικὴ
2562 1254 2660 1308 καὶ
2690 1256 2939 1328 νοητική.
2984 1257 3095 1310 Καὶ
3118 1256 3220 1327 τῆς
3253 1256 3353 1327 μὲν
3386 1259 3596 1332 πρώτης
3624 1264 3774 1335 ’μόνης

2242 1343 2532 1415 μετέχουσι
2574 1346 2644 1400 τὰ
2688 1347 2834 1412 φυτά
2860 1363 2875 1378 ·
2924 1347 3027 1419 τῆς
3069 1347 3125 1403 δὲ
3170 1348 3429 1422 δευτέρας
3468 1352 3596 1424 πρὸς
3634 1356 3773 1428 ταύτῃ

2239 1437 2309 1492 τὰ
2338 1438 2512 1510 ἄλογα
2543 1440 2658 1506 ζῶα
2692 1459 2707 1472 ·
2742 1441 2844 1513 τῆς
2864 1442 2924 1497 δὲ
2967 1443 3159 1515 τρίτης
3187 1446 3327 1518 πρὸς
3383 1449 3500 1512 ταῖς
3539 1449 3692 1515 δυσὶν,
3736 1457 3775 1508 οἱ

2239 1527 2540 1601 ἄνθρωποι.
2600 1531 2711 1586 Καὶ
2746 1533 2804 1586 αι
2865 1535 2964 1605 μὲν
3008 1533 3105 1587 δύο
3145 1535 3427 1607 δυνάμεις,
3474 1538 3721 1612 φθαρταί⁹
3751 1565 3774 1613 ι,

2238 1619 2297 1673 δὲ
2328 1620 2511 1695 τρίτη,
2561 1623 2839 1694 ἄφθαρτος
2867 1629 2963 1682 καὶ
2990 1625 3258 1692 ἀθάνατος
3278 1628 3663 1688 ἀποδείκνυται.
3712 1656 3715 1659 π

598 1796 699 1850 55.
737 1796 953 1853 Sanctae
980 1796 1232 1853 Virtutes
1261 1805 1376 1851 tum
1424 1796 1549 1853 alia:
1580 1797 1738 1864 alias,
1771 1804 1889 1853 tum
1917 1795 2122 1863 ,huma-

2303 1779 2411 1850 λγ.
2441 1782 2728 1857 Ἀλλήλαις
2780 1786 3161 1858 μεταδιδοῦσαι
3211 1788 3494 1858 φωτισμοῦ
3549 1790 3603 1844 at
3652 1789 3777 1860 ἅγιαι

530 1904 658 1943 nam
704 1899 958 1945 naturam
992 1890 1391 1957 illuminantes,
1445 1900 1542 1946 aut
1589 1906 1688 1947 sua
1734 1890 2133 1962 impartiuntur

527 1981 754 2048 virtute,
779 1990 875 2036 aut
894 1998 1003 2053 qua
1033 1983 1245 2053 pollent
1273 1982 1524 2038 scientia.
1550 1984 1629 2038 Ac
1649 1982 1854 2039 virtute
1881 1982 2128 2053 quidem,

527 2073 679 2128 velut
715 2073 918 2129 divinae
946 2073 1113 2129 simili
1144 2073 1411 2141 bonitate,
1441 2090 1553 2145 qua
1599 2083 1714 2130 tum
1750 2074 1977 2146 seipsas,
2012 2083 2131 2129 tum

524 2162 648 2219 aliae
677 2164 831 2230 alias,
864 2180 931 2220 ac
966 2164 1258 2221 inferiores
1284 2166 1662 2233 demerentur,
1690 2165 1982 2223 efﬁciendo
2006 2166 2130 2222 dei-

524 2254 732 2311 formes
759 2272 772 2310 :
802 2257 1035 2313 scientia
1061 2272 1214 2326 vero,
1240 2266 1338 2314 aut
1361 2258 1431 2314 de
1455 2259 1571 2315 Deo
1592 2259 1886 2315 sublimius
1919 2259 2131 2331 aliquid

525 2348 870 2421 detegendo;
898 2349 975 2405 Tu
996 2350 1167 2420 enim,
1195 2352 1397 2423 inquit,
1426 2351 1733 2408 Altissimus
1757 2354 1815 2409 in
1844 2339 2127 2421 (sternam,

524 2437 754 2494 Domine
779 2440 861 2508 εθς
893 2450 992 2497 aut
1034 2442 1105 2499 de
1134 2443 1464 2514 corporibus
1501 2444 1867 2516 profundius,
1916 2452 2013 2500 aut
2059 2445 2129 2501 de

525 2532 870 2603 incorporeis
913 2535 1226 2607 animisque
1271 2537 1501 2604 certius,
1543 2546 1639 2595 aut
1670 2537 1741 2595 de
1777 2537 2129 2610 providentia

523 2623 750 2690 clarius,
785 2633 880 2680 aut
915 2625 984 2681 de
1002 2626 1217 2699 judicio
1247 2629 1517 2698 apertius.

597 2715 688 2771 54.
728 2716 927 2774 Mentis
979 2718 1273 2790 impuritas
1317 2737 1382 2777 ea
1429 2729 1517 2778 est
1562 2723 1745 2795 primo
1786 2725 1931 2792 loco,
1977 2726 2127 2798 quod

521 2805 718 2863 falsam
750 2809 1121 2881 cognitionem
1170 2811 1413 2869 habeat:
1445 2821 1563 2869 tum
1606 2812 1760 2882 vero,
1804 2817 1955 2887 quod
1997 2818 2126 2874 uni-

520 2896 820 2952 versalium
863 2898 1073 2968 aliquid
1100 2899 1313 2956 neseiat
1357 2901 1529 2973 (quod
1559 2902 1773 2959 scilicet
1815 2906 1884 2961 ad
1929 2907 2127 2964 huma-

519 3002 651 3043 nam
691 2996 936 3045 mentem
970 2990 1191 3057 attinet,
1238 2993 1418 3064 angeli
1446 2993 1598 3049 enim
1641 2997 1886 3067 partium
1910 3009 2018 3063 est,
2060 3015 2127 3056 ac

520 3075 820 3145 facultatis,
858 3087 920 3133 ut
971 3094 1042 3134 ne
1079 3080 1445 3152 singularium
1495 3085 1723 3155 quidem
1758 3088 1970 3160 aliquid
2019 3106 2122 3147 ne-

519 3165 682 3237 sciat)
708 3172 722 3221 ‘:
759 3166 925 3223 tertio
952 3176 1160 3236 autem,
1194 3172 1343 3241 quod
1369 3173 1506 3230 vitio
1534 3175 1812 3234 haerentes
1840 3194 1904 3235 ac
1931 3180 2121 3237 libidi-

519 3256 747 3314 dinosas
789 3259 1151 3331 cogitationes
1197 3261 1398 3319 habeat
1426 3281 1440 3319 :
1468 3275 1667 3336 quarto
1696 3268 1941 3340 demum,
1974 3273 2121 3344 quod

519 3358 748 3418 peccato
779 3362 1110 3405 consensum
1147 3353 1411 3423 praebeat.

591 3439 681 3494 55.
718 3438 930 3497 Anima:
959 3443 1251 3514 impuritas
1280 3454 1384 3515 est,
1415 3464 1528 3504 non
1569 3450 1651 3507 sic
1678 3454 1919 3523 operari,
1952 3463 2014 3511 ut
2041 3458 2121 3514 illi

517 3545 587 3585 ex
616 3541 816 3588 natura
842 3546 1220 3605 comparatum
1248 3547 1352 3594 est.
1388 3540 1519 3597 inde
1547 3544 1697 3599 enim
1735 3546 1791 3600 in
1816 3548 2007 3606 animo
2034 3554 2120 3623 gi-

515 3632 763 3694 gnuntur
804 3627 1120 3685 libidinosae
1158 3632 1524 3703 cogitationes
1570 3651 1637 3693 ac
1676 3638 1910 3696 vitiosae.
1963 3642 2122 3700 Tunc

513 3716 665 3771 enim
699 3725 763 3772 ut
790 3727 1004 3776 natura;
1040 3731 1478 3782 consentaneum
1529 3738 1616 3785 est
1641 3740 1925 3803 operatur,
1954 3735 2119 3810 5.33

513 3825 642 3902 cum
662 3811 927 3902 patibiles
987 3815 1109 3887 ejus
1150 3816 1442 3877 facultates
1482 3820 1588 3893 (ira
1628 3823 1843 3882 scilicet
1869 3837 1927 3884 et
1957 3831 2117 3902 cupi-

512 3900 679 3974 ditas)
711 3903 937 3977 incursu
976 3920 1184 3974 rerum,
1214 3908 1383 3980 inque
1410 3911 1523 3968 illis
1562 3915 1843 3971 rationum
1876 3927 1935 3975 et
1967 3900 2120 3994 cogi-

515 3994 806 4060 tationum,
835 3997 1145 4054 manserint
1165 4014 1195 4054 a
1217 4000 1449 4059 libidine
1470 4019 1537 4060 ac
1561 4007 1984 4076 perturbatione
2007 4012 2115 4068 im-

513 4101 734 4143 munes.

583 4175 674 4231 56.
722 4175 986 4250 Corporis
1014 4180 1309 4253 impuritas
1337 4195 1443 4254 est,
1482 4196 1773 4257 peccatum
1805 4192 1957 4263 quod
1993 4194 2115 4267 ipso

508 4276 638 4322 actu
665 4279 832 4340 atque
858 4287 1027 4342 opere
1057 4284 1329 4344 patratur.

580 4360 672 4415 57.
720 4363 975 4429 Quietem
1008 4365 1190 4439 diligit
1233 4384 1298 4424 ac
1342 4371 1735 4446 solitudinem,
1778 4380 1875 4451 qui
1924 4381 2111 4438 saeculi

2233 1874 2508 1945 Δυνάμεις
2535 1892 2553 1907 ο
2584 1876 2681 1931 καὶ
2706 1879 2775 1950 τῇ
2815 1877 3141 1951 ἀνθρωπίνῃ
3178 1883 3361 1950 φύσει,
3411 1880 3446 1953 ἢ
3486 1882 3582 1952 τῆς
3631 1883 3778 1935 αὐτῶν

2232 1966 2433 2041 ἀρετῆς
2455 1970 2861 2042 μεταδιδόασιν,
2894 1971 2929 2043 ἢ
2968 1972 3074 2044 τῆς
3100 1974 3161 2027 ἐν
3186 1975 3389 2040 αὐταῖς
3408 1972 3668 2045 γνώσεως.
3692 1975 3780 2029 Καὶ

2232 2057 2438 2129 ἀρετῆς
2492 2062 2616 2132 μὲν,
2656 2056 2772 2116 οἷον
2819 2063 3158 2136 θεομιμήτου
3199 2065 3557 2137 ἀγαθότητος,
3597 2065 3705 2121 καθ’
3728 2067 3780 2138 ἢν

2231 2151 2330 2207 καὶ
2362 2152 2586 2221 ἑαυτὰς,
2638 2155 2735 2207 καὶ
2786 2155 3047 2227 ἀλλήλας.
3102 2157 3201 2211 καὶ
3254 2157 3360 2222 τὰς
3418 2158 3780 2229 ὑποϐεϐηκυίας

2230 2245 2603 2318 εὐεργετοῦσι,
2634 2248 2889 2313 θεοειδεῖς
2918 2248 3286 2321 ἐργαζόμεναι
3316 2267 3331 2282 ο
3365 2252 3612 2321 γνώσεως
3641 2253 3708 2318 δὲ,
3751 2252 3776 2323 ἢ

2230 2339 2359 2412 περὶ
2387 2338 2525 2394 Θεοῦ
2544 2357 2598 2395 τι
2626 2341 2962 2414 ὑψηλότερον
2988 2360 3003 2375 ·
3044 2344 3131 2399 Σὺ
3151 2348 3284 2419 γὰρ,
3307 2349 3495 2417 φησιν,
3522 2346 3780 2416 ’Υψιστος

2228 2432 2319 2498 εις
2351 2432 2460 2486 τὸν
2490 2429 2699 2497 αἰῶνα,
2745 2435 2926 2503 Κύριε
2959 2449 2973 2462 '
3011 2435 3046 2507 ἢ
3083 2436 3214 2508 περὶ
3249 2437 3543 2507 σωμάτων,
3586 2436 3780 2507 βαθύτε-

2233 2540 2326 2594 ρον
2354 2538 2368 2553 ’
2390 2523 2426 2595 ἢ
2461 2525 2595 2596 περὶ
2624 2525 2961 2597 ἀσωμάτων,
2991 2527 3391 2602 ἀκριϐέστερον
3418 2548 3432 2563 ”
3459 2531 3492 2601 ἢ
3525 2530 3646 2602 περὶ
3673 2547 3781 2601 προ-

2229 2616 2400 2681 νοίας,
2436 2616 2762 2689 τρανότερον
2793 2633 2806 2647 ·
2833 2617 2867 2690 ἢ
2892 2617 3024 2691 περὶ
3052 2620 3317 2692 κρίσεως,
3360 2621 3694 2693 σαφέστερον.

2298 2719 2393 2776 λδ’.
2423 2721 2562 2785 Νοός
2595 2722 2713 2776 ἐστι
2737 2723 3074 2796 ἀκαθαρσία,
3130 2726 3355 2797 πρῶτον
3386 2728 3505 2800 μὲν,
3533 2728 3591 2783 τὸ
3615 2728 3781 2798 γνῶσιν

2227 2809 2377 2881 ἔχειν
2401 2810 2577 2882 ψευδῆ
2601 2827 2617 2842 ⁸
2642 2810 2899 2885 δεύτερον
2922 2814 3001 2879 δέ,
3037 2814 3101 2868 τὸ
3125 2819 3348 2885 ἀγνοεῖν
3370 2837 3425 2873 τι
3446 2819 3552 2872 τῶν
3566 2818 3780 2873 καίόλσυο

2226 2902 2304 2967 ὡς
2341 2901 2482 2974 πρὸς
2524 2902 2871 2976 ἀνθρώπινον
2899 2904 3025 2960 νοῦν
3056 2906 3202 2976 λέγω
3224 2925 3240 2941 ο
3282 2910 3518 2980 ἀγγέλου
3564 2911 3663 2981 γάρ
3687 2913 3782 2964 ἐστι

2224 2994 2287 3048 τὸ
2341 2995 2508 3066 μηδὲν
2550 2996 2663 3051 τῶν
2715 2998 2812 3051 ἐπὶ
2857 2997 3061 3070 μέρους
3117 3004 3339 3070 ἀγνοεῖν
3364 3018 3378 3032 ⁸
3441 3003 3618 3073 τρίτον
3641 3003 3708 3068 δὲ,
3734 3002 3784 3055 τὺ

2224 3087 2497 3158 ἐμπαθεῖς
2553 3089 2699 3161 ἐχειν
2727 3090 3025 3164 λογισμούς
3050 3093 3187 3169 (25)⁶
3217 3094 3479 3168 τέταρτον
3504 3097 3583 3165 δέ,
3608 3096 3663 3151 τὸ
3680 3111 3784 3166 συγ-

2227 3179 2616 3236 κατατίθεσθαι
2635 3185 2702 3257 τῇ
2725 3184 2996 3259 ἁμαρτίᾳ.

2300 3443 2398 3498 λε’.
2429 3444 2628 3515 Ψυχῆς
2663 3446 2813 3502 ἐστιν
2849 3448 3187 3522 ἀκαθαρσία,
3214 3452 3275 3506 τὸ
3301 3452 3380 3526 μὴ
3407 3454 3642 3525 ἐνεργεῖν
3668 3449 3785 3505 κατά

2223 3534 2387 3606 φύσιν
2409 3535 2544 3611 (24).
2581 3540 2675 3593 Ἐκ
2696 3539 2887 3595 τούτου
2920 3542 3028 3614 γὰρ
3054 3544 3337 3600 τίκτονται
3361 3546 3439 3619 τῷ
3462 3548 3539 3619 νῷ
3561 3549 3607 3601 οἱ
3630 3548 3785 3616 ἐμπα-

2222 3629 2335 3695 θεῖς
2364 3630 2635 3704 λογισμοί.
2665 3634 2798 3689 Τότε
2831 3636 2942 3709 γὰρ
2974 3638 3117 3692 κατά
3152 3639 3317 3709 φύσιν
3345 3643 3577 3714 ἐνεργεῖ,
3603 3641 3718 3694 ὅταν
3739 3638 3784 3691 αἱ

2220 3720 2526 3794 παθητικαὶ
2547 3724 2721 3798 αὐτῆς
2743 3728 3004 3800 δυνάμεις
3035 3748 3050 3764 ο
3084 3735 3114 3786 6
3138 3731 3313 3805 θυμδς
3343 3735 3489 3806 λέγω
3513 3735 3605 3791 καὶ
3630 3735 3660 3805 η
3681 3734 3783 3785 ἐπι-

2220 3814 2421 3886 θυμία,
2456 3818 2517 3872 ἐν
2551 3820 2620 3891 τῇ
2640 3818 2749 3875 τῶν
2796 3826 3146 3895 πραγμάτων
3197 3827 3294 3881 καὶ
3352 3829 3465 3885 τῶν
3520 3829 3578 3883 ἐν
3626 3826 3783 3887 αὐτοῖς

2217 3910 2510 3984 νοημάτων
2545 3913 2812 3986 προϐολῇ,
2848 3916 3083 3984 ἀπαθεῖς
3109 3918 3460 3993 διαμείνωσι.

2289 4191 2400 4257 λς’.
2449 4192 2714 4266 Σώματός
2755 4195 2908 4251 ἐστιν
2952 4195 3284 4272 ἀκαθαρσία,
3320 4200 3357 4257 ἡ
3385 4201 3508 4255 κατ’
3531 4197 3782 4270 ἐνέργειαν

2216 4286 2483 4343 ἁμαρτία.

2373 4303 2483 4343 τια.

2257 4303 2386 4445 μλῗζς.
2429 4379 2645 4452 Ἀγαπᾷ
2693 4380 2924 4454 ἡσυχίαν
2963 4384 2993 4438 6
3038 4383 3115 4457 μὴ
3156 4384 3390 4458 πάσχων
3434 4385 3573 4459 πρὸς
3607 4383 3671 4438 τὰ
3703 4378 3780 4435 τοῦ

504 4452 678 4510 rebus
702 4470 810 4509 non
847 4456 1087 4513 afﬁcitur
1112 4476 1127 4512 :
1162 4475 1465 4534 omnesque
1501 4466 1756 4527 homines
1784 4473 1984 4544 diligit,
2011 4477 2109 4546 qui

2226 4471 2424 4542 κόσμου
2456 4488 2471 4503 °
2540 4474 2635 4526 καὶ
2686 4452 2876 4548 ἀγαπᾷ
2923 4452 3133 4542 πάντας
3187 4452 3535 4550 ἀνθρώπους·
3562 4480 3590 4533 6
3639 4473 3781 4549 μηδὲν

509 4547 718 4602 nullam
750 4546 929 4620 diligit
956 4550 1324 4609 humanarum
1355 4572 1541 4613 rerum
1572 4577 1586 4614 :
1618 4562 1830 4634 Deique
1854 4581 1919 4622 ac
1957 4566 2107 4623 divi-

507 4653 708 4694 norum
738 4640 909 4710 pollet
941 4641 1194 4711 scientia,
1228 4646 1323 4716 qui
1369 4648 1428 4703 in
1471 4650 1627 4706 nullo
1659 4653 1982 4725 offenditur,
2018 4658 2108 4714 vel

507 4738 733 4801 propter
778 4732 999 4802 delicta,
1040 4737 1130 4792 vel
1173 4748 1404 4812 propter
1452 4744 1816 4817 cogitationes
1865 4768 1989 4823 quae
2038 4770 2110 4811 ex

505 4825 824 4895 suspicione
852 4838 1180 4889 nascuntur.

575 4915 666 4971 58.
713 4917 969 4990 Magnum
1015 4920 1242 4992 quidem
1291 4932 1398 4991 est,
1447 4924 1600 4981 nulla
1657 4929 1825 4985 rebus
1872 4931 2106 4991 libidine

504 5004 682 5073 allici;
709 5017 765 5064 at
800 5010 961 5082 longe
988 5012 1096 5068 hoc
1128 5016 1326 5087 majus,
1360 5031 1555 5074 earum
1598 5019 1766 5075 etiam
1811 5024 2107 5095 cogitatio—

504 5098 690 5166 nibus,
717 5115 750 5154 a
779 5101 1014 5159 libidine
1044 5104 1349 5162 immunem
1380 5107 1958 5185 imperturbatumque
1989 5132 2107 5173 ma-

505 5207 667 5248 nere.

570 5285 664 5343 59.
694 5286 947 5347 Charitas
973 5300 1031 5347 et
1056 5293 1422 5362 continentia,
1456 5297 1706 5354 animum
1732 5300 2106 5373 imperturba-

502 5383 632 5465 tum'
648 5394 781 5452 erga
812 5396 901 5437 res
933 5397 1232 5456 rerumque
1262 5387 1626 5458 cogitationes
1654 5394 1998 5452 custodiunt.

568 5556 662 5614 40.
696 5558 830 5615 Pius
867 5560 1085 5619 animus
1116 5578 1182 5619 ac
1213 5563 1525 5635 religiosus,
1562 5584 1673 5625 non
1710 5570 1979 5631 adversus
2014 5592 2103 5635 res

572 5741 619 5776 ⁸³
650 5741 795 5800 Psal.
826 5756 932 5812 xei,
963 5742 1017 5798 9.

2213 4562 2447 4631 ἀγαπῶν
2487 4563 2829 4637 ἀνθρώπινον
2855 4583 2870 4599 ο
2908 4570 3005 4622 καὶ
3039 4570 3385 4660 γνῶσινιέχει
3416 4571 3552 4626 Θεοῦ
3584 4568 3670 4623 καὶ
3692 4564 3781 4618 τῶν

2215 4654 2398 4721 θείων,
2442 4656 2472 4709 6
2510 4657 2588 4730 μὴ
2626 4659 3119 4731 σκανδαλιζόμενος
3152 4654 3401 4730 εἴς’τινα,
3439 4665 3549 4718 εἴτε
3579 4663 3663 4717 διὰ
3692 4676 3781 4714 πα-

2216 4746 2583 4819 ραπτώματα,
2610 4750 2720 4804 εἴτε
2751 4750 2842 4805 διά
2873 4751 3168 4824 λογισμοὺς
3198 4756 3259 4823 ἐξ
3288 4756 3569 4821 ὑπονοίας.
3781 4766 3789 4845 ι

2283 4915 2387 4988 λη’.
2415 4917 2578 4988 Μέγα
2610 4918 2710 4990 μὲν
2729 4920 2791 4975 τὸ
2814 4919 2890 4993 μὴ
2919 4902 3171 4994 πάσχειν.
3194 4925 3334 4998 πρὸς
3370 4927 3443 4980 τὰ
3485 4926 3778 4999 πράγματα·

2217 5006 2406 5079 μεῖζον
2440 5009 2500 5063 δὲ
2528 5010 2722 5065 τούτου
2747 5012 2952 5086 πολλῷ,
2987 5014 3047 5069 τὸ
3073 5016 3211 5087 πρὸς
3235 5018 3305 5072 τὰ
3331 5018 3542 5072 τούτων
3561 5018 3780 5088 νοήματα

2215 5098 2402 5171 ἀπαθῆ
2423 5099 2719 5172 διαμεῖναι.

2277 5298 2377 5356 λθθ.
2420 5299 2638 5373 Ἀγάπη
2662 5301 2757 5356 καὶ
2776 5303 3077 5375 ἐγκράτεια
3128 5306 3314 5379 ἀπαθῆ
3341 5307 3439 5362 τὸν
3465 5307 3589 5364 νοῦν
3619 5306 3781 5371 διαίτη⁴

2204 5392 2359 5465 ροῦσι
2379 5393 2517 5466 πρός
2540 5411 2602 5449 τε
2627 5395 2697 5450 τὰ
2715 5396 3039 5468 πράγματα,
3069 5400 3162 5454 καὶ
3188 5400 3325 5473 πρὸς
3353 5399 3425 5454 τὰ
3453 5399 3654 5454 τούτων
3678 5394 3779 5465 νοή-

2205 5503 2374 5556 ματα.

2276 5575 2350 5650 μ’.
2383 5577 2458 5632 Οὐ
2494 5578 2631 5650 πρὸς
2656 5579 2726 5634 τὰ
2760 5580 3069 5654 πράγματα
3097 5585 3125 5638 6
3157 5582 3281 5649 νοῦς
3306 5584 3543 5657 πολεμεῖ
3571 5582 3661 5637 τοῦ
3687 5578 3780 5636 θεο-
