4076 6410
348 339 481 404 1029

1208 323 1542 389 C.\PITUM
1578 321 1675 379 DE
1716 312 2151 377 CIIARITATE
2187 312 2570 372 CENTURIA
2616 314 2730 374 III.

3487 314 3621 382 1030

345 450 558 522 φιλοῦς,
591 450 712 503 οὐδὲ
744 447 882 519 πρὸς
906 446 974 500 τά
996 444 1202 499 τούτων
1233 441 1481 509 νοήματα
1506 453 1519 466 ·
1553 433 1689 488 ἀλλά
1712 430 1847 501 πρὸς
1871 428 1940 522 τὰ

2047 435 2266 495 pugnat,
2301 434 2397 479 aut
2431 442 2614 479 rerum
2646 426 3009 496 cogitationes
3046 445 3057 481 :
3105 427 3200 483 sed
3234 428 3503 485 adversus
3536 435 3620 486 at?

345 521 495 614 πάθη
542 541 612 594 τὰ
659 543 772 603 τοῖς
812 540 1046 610 νοήμασι
1090 530 1511 600 συνεζευγμένα.
1537 522 1682 585 υἷον,
1707 524 1767 576 οὐ
1800 521 1934 592 πρὸς

342 638 444 706 τὴν
476 637 711 703 γυναῖκα
771 632 1021 701 πολεμεῖ,
1078 627 1197 681 οὐδὲ
1258 624 1395 694 πρὸς
1449 621 1542 672 τὸν
1592 618 1932 686 λυπήσαντα,

343 729 467 781 οὐδὲ
499 727 634 797 πρὸς
660 725 761 787 τάς
783 723 987 776 τούτων
1010 717 1308 789 φαντασίας
1333 733 1346 745 ·
1380 712 1517 767 ἀλλὰ
1537 709 1672 782 πρὸς
1693 708 1760 762 τά
1786 706 1936 777 πάθη

343 817 415 871 τά
446 818 567 879 ταῖς
598 812 922 885 φαντασίαις
954 805 1376 877 συνεζευγμέναι

423 1002 533 1066 μα’.
592 995 777 1055 ’Ἅπας
820 992 847 1044 ὁ
903 988 1137 1057 πόλεμος
1190 983 1284 1038 τοῦ
1339 977 1575 1051 μοναχοῢ
1623 975 1759 1047 πρὸς
1809 974 1938 1066 sub;

342 1064 609 1157 δαίμονας
636 1126 650 1150 ,
699 1086 787 1138 ἵνα
825 1082 894 1135 τά
922 1080 1069 1149 πάθη
1094 1078 1200 1130 τῶν
1237 1074 1525 1145 νοημάτων
1548 1070 1779 1141 χωρίσῃ.
1811 1064 1939 1118 Ἀλ-

344 1182 454 1243 λως
501 1179 609 1249 γάρ
658 1174 887 1237 ἀπαθῶς
919 1172 987 1226 τά
1018 1170 1322 1241 πράγματα
1355 1164 1572 1237 βλέπειν
1595 1162 1655 1215 οὐ
1692 1160 1935 1213 δύναται.

426 1354 536 1425 μβ’.
558 1352 719 1405 Ἀλλο
752 1348 869 1403 ἐστὶ
893 1350 1147 1420 πρᾶγμα,
1180 1344 1274 1399 καὶ
1303 1342 1430 1398 ἀλλο
1456 1342 1653 1412 νόημα,
1694 1339 1787 1393 καὶ
1812 1338 1938 1394 ἄλλο

348 1446 547 1509 πάθος.
612 1444 1005 1513 Καὶ-πρᾶγμα
1049 1440 1147 1511 μέν
1191 1440 1339 1490 ἐστιν
1368 1477 1383 1500 ,
1420 1433 1554 1499 οἷον,
1586 1434 1746 1503 ἀνὴρ,
1776 1432 1935 1501 γυνὴ,

348 1541 573 1611 χρυσὸς,
603 1537 695 1590 καὶ
729 1537 797 1589 τὰ
831 1536 975 1605 ἑξῆς.
1010 1534 1206 1603 Νόημα
1244 1532 1300 1583 δὲ
1328 1573 1342 1595 ,
1392 1528 1525 1592 οἷον,
1570 1528 1756 1597 μνήμη
1808 1524 1938 1595 ψιλή

346 1646 494 1693 τινος
517 1628 625 1681 τῶν
648 1644 879 1697 προειρη
890 1626 1085 1696 μένων.
1111 1622 1288 1685 Πάθος
1304 1622 1381 1687 δὲ,
1406 1616 1536 1685 οἷον,
1556 1618 1706 1689 φιλία
1722 1617 1937 1685 ἄλογος,

350 1720 389 1790 ἤ
432 1721 587 1790 μῖσος
635 1718 858 1789 ἄκριτόν
900 1733 1044 1779 τινος
1067 1716 1174 1769 τῶν
1207 1713 1643 1784 προειρημένων.
1675 1709 1818 1782 Πρὸς
1847 1702 1939 1762 οὖν

347 1811 416 1864 τὸ
446 1810 618 1873 πάθος
647 1810 765 1864 ἐστὶ
790 1808 883 1863 τοῦ
916 1807 1153 1879 μονα.χοῦ
1190 1809 1223 1878 ἡ
1260 1806 1429 1877 μάχη.

430 2087 540 2161 μγ’.
591 2085 792 2157 Νόημά
817 2085 933 2138 ἐστι
963 2082 1228 2155 ἐμπαθὲς,
1252 2081 1512 2151 λογισμὸς
1544 2077 1798 2140 σύνθετος
1829 2075 1936 2129 ἀπὸ

353 2181 566 2244 πάθους
600 2179 697 2233 καὶ
730 2178 1022 2248 νοήματος.
1058 2173 1399 2245 Χωρίσωμεν
1424 2171 1486 2224 τὸ
1515 2169 1686 2233 πάθος
1709 2167 1818 2221 ἀπὸ
1842 2165 1935 2219 τοῦ

289 2305 301 2315 -
354 2277 647 2346 νοήματος,
675 2270 771 2324 καὶ
817 2268 1083 2338 ἀπομένει
1129 2262 1443 2334 ὁλογισμὸς
1490 2261 1664 2331 ψιλός.
1694 2258 1938 2328 Χωρίζο-

355 2385 458 2438 μεν
486 2366 542 2418 δὲ
574 2364 642 2417 δι’
671 2362 894 2432 ἀγάπης
926 2356 1301 2429 πνευματικῆς
1334 2354 1429 2407 καὶ
1460 2351 1812 2423 ἐγκρατείας,
1844 2348 1938 2402 ἐὰν

353 2459 620 2530 θέλωμεν.

432 2630 533 2702 μδ’.
590 2630 657 2681 Ai
713 2626 811 2697 μὲν
866 2622 1077 2695 ἀρεταὶ,
1120 2619 1233 2674 τῶν
1267 2618 1456 2673 παθῶν
1491 2616 1581 2669 τὸν
1618 2615 1744 2668 νοῦν
1777 2613 1942 2684 χωρί-

355 2722 539 2787 ζουσιν
569 2736 583 2751 ⁸
620 2720 673 2771 ai
711 2717 767 2769 δὲ
803 2713 1175 2784 πνευματικαὶ.
1204 2709 1444 2781 θεωρίαι,
1476 2707 1585 2760 τῶν
1614 2706 1784 2776 ψιλῶν
1814 2723 1943 2776 νοη-

358 2814 544 2884 μάτων
576 2828 589 2841 ·
623 2812 657 2880 ἡ
697 2808 755 2861 δὲ
802 2806 1018 2881 καθαρά
1068 2802 1346 2875 προσευχὴ
1399 2799 1547 2870 αὐτῷ
1591 2797 1752 2851 αὑτὸν
1798 2813 1943 2867 παρ-

359 2902 375 2953 ί
384 2916 571 2969 στησιν
603 2896 683 2967 τῷ
710 2894 850 2964 Θεῷ.

432 2999 537 3063 με’.
566 2991 630 3045 Αἱ
656 2990 755 3061 μὲν
776 2985 992 3060 ἀρεταὶ,
1018 2986 1105 3039 διὰ
1126 2985 1224 3056 τὴν
1253 2982 1454 3053 γνῶσιν
1482 2980 1591 3034 τῶν
1620 2978 1943 3049 γεγονότων·

2034 517 2211 572 fectus
2238 533 2303 572 ac
2340 518 2620 581 libidines,
2654 535 2774 588 quae
2805 520 2914 573 illis
2943 522 3248 592 conjunctae
3284 532 3430 577 sunt.
3462 526 3620 589 Puta,

2036 627 2146 665 non
2174 627 2299 667 cum
2333 612 2562 665 muliere
2595 619 2821 681 pugnat,
2853 611 2938 664 vel
2972 627 3095 666 cum
3128 629 3194 667 eo
3219 615 3314 683 qui
3355 614 3487 670 fecit
3534 616 3622 671 in-

2029 699 2253 770 juriam,
2285 716 2388 755 nec
2429 715 2555 754 cum
2588 715 2781 753 eorum
2816 700 3235 757 obversantibus
3264 706 3445 759 animo
3472 706 3624 777 cogi-

2038 791 2261 851 tatibus.
2310 791 2407 845 sed
2453 807 2577 845 eum
2626 791 2939 857 atl‘ectibus,
2985 808 3125 862 quos
3170 795 3249 848 illi
3300 798 3626 867 conjunctos

2037 882 2244 937 habent

2107 974 2196 1027 41.
2232 974 2365 1028 Belli
2412 982 2523 1029 tota
2554 975 2639 1029 vis
2681 975 2950 1029 adversus
3000 975 3278 1031 daemones
3325 977 3381 1031 in
3415 994 3482 1033 eo
3522 979 3626 1034 sita

2037 1075 2121 1121 est
2150 1068 2439 1130 monacho,
2472 1076 2533 1121 ut
2573 1068 2803 1122 allectus
2829 1083 2891 1122 ac
2921 1068 3182 1123 libidines
3213 1085 3243 1123 a
3269 1072 3470 1124 mentis
3497 1086 3630 1125 cou-

2039 1158 2291 1227 ceptibus
2317 1168 2552 1228 separet.
2580 1158 2728 1212 Alias
2759 1158 2907 1213 enim
2940 1174 3031 1212 res
3064 1159 3270 1229 absque
3305 1160 3535 1217 libidine
3563 1176 3630 1218 ac

2036 1246 2455 1318 perturbatione
2489 1247 2679 1302 videre
2715 1263 2823 1302 non
2863 1258 3065 1317 potest.

2108 1339 2197 1393 42.
2241 1338 2404 1393 Aliud
2451 1348 2537 1393 est
2584 1355 2694 1403 res,
2726 1339 2878 1393 aliud
2925 1340 3095 1394 animi
3129 1349 3449 1412 conceptus,
3477 1341 3628 1396 aliud

2039 1430 2270 1486 affectus
2310 1448 2406 1486 seu
2449 1433 2641 1487 libido.
2673 1433 2751 1486 Ac
2779 1433 3003 1502 quidem
3045 1449 3132 1488 res
3174 1443 3279 1498 est,
3308 1436 3477 1489 veluti
3518 1436 3627 1501 vir,

2038 1524 2262 1587 femina,
2302 1540 2521 1589 aurum,
2547 1540 2611 1579 ac
2640 1526 2873 1595 reliqua.
2908 1525 3091 1580 Animi
3122 1536 3442 1595 conceptus,
3473 1536 3627 1597 puta,

2039 1616 2345 1687 eujuspiam
2383 1620 2573 1670 eorum
2603 1633 2725 1687 quae
2762 1617 2907 1672 dicta
2935 1626 3082 1681 sunt,
3114 1618 3263 1673 nuda
3287 1620 3630 1690 simplexque

2040 1709 2326 1763 memoria.
2377 1708 2622 1764 Aﬂ‘ectus
2674 1718 2857 1764 autem
2905 1726 3001 1765 seu
3050 1711 3247 1778 libido,
3281 1713 3434 1767 velut
3476 1728 3632 1768 amor

1967 1771 2013 1831 Β
2040 1799 2254 1854 alienus
2281 1815 2312 1853 a
2347 1799 2579 1864 ratione,
2606 1800 2695 1854 vel
2723 1800 2914 1854 odium
2938 1800 3149 1871 judicio
3176 1802 3406 1856 rationis
3435 1818 3632 1858 carens

2036 1890 2268 1962 alicujus
2314 1891 2609 1945 dictorum.
2660 1892 2928 1947 Monacho
2979 1892 3149 1963 igitur
3181 1893 3447 1948 adversus
3492 1894 3629 1948 alic-

2036 1991 2186 2037 ctum
2213 1998 2275 2037 ac
2301 1982 2587 2037 libidinem
2618 1982 2887 2039 incumbit
2914 1985 3289 2054 pugnandum.

2105 2074 2195 2127 43.
2234 2072 2439 2126 Vitiosa
2486 2072 2893 2143 libidinosaque
2928 2075 3130 2129 mentis
3175 2077 3488 2146 conceptio,
3532 2092 3629 2133 co-

2038 2162 2228 2233 gitatio
2250 2171 2335 2218 est
2368 2164 2671 2233 composita
2696 2180 2765 2219 ex
2788 2165 3017 2220 libidine
3062 2182 3159 2221 seu
3202 2167 3425 2233 affectu,
3470 2185 3630 2224 men-

2041 2255 2220 2323 tisque
2247 2255 2337 2309 illa
2362 2256 2741 2325 conceptione.
2777 2256 3107 2327 Separemus
3140 2274 3270 2329 ergo
3300 2260 3370 2313 ab
3408 2276 3470 2315 ea
3499 2261 3630 2316 libi-

2041 2346 2225 2399 dinem
2255 2362 2352 2400 seu
2379 2346 2657 2411 allectum,
2686 2349 2904 2417 eritque
2940 2349 3086 2403 nuda
3122 2365 3189 2404 ac
3222 2350 3454 2419 simplex
3480 2348 3630 2421 cogi-

2044 2437 2197 2491 tatio.
2248 2436 2638 2506 Separabimus
2680 2449 2899 2504 autem,
2948 2440 3079 2494 dum
3118 2442 3497 2507 voluerimus,
3534 2460 3634 2513 per

2043 2528 2394 2582 dilectionem
2421 2530 2723 2599 spiritalem
2750 2540 2804 2585 et
2828 2532 3247 2587 continentiam.

2113 2619 2201 2671 44.
2236 2619 2503 2691 Virtutes,
2535 2620 2605 2673 ab
2652 2620 2941 2676 aﬂ‘ectibus
2988 2632 3150 2692 atque
3196 2624 3348 2679 vitiis
3392 2634 3631 2679 mentem

2043 2720 2302 2778 separant
2330 2727 2343 2764 :
2368 2712 2647 2781 spiritales
2669 2722 2849 2767 autem
2872 2716 3384 2785 contemplationes,
3412 2733 3441 2771 a
3468 2718 3635 2774 nudis

2045 2800 2180 2870 ipsis
2222 2803 2581 2871 conceptibus
2618 2819 2681 2858 ac
2719 2806 3186 2874 cogitationibus:
3215 2824 3353 2877 pura
3393 2810 3635 2881 denique

2045 2892 2245 2955 oratio,
2277 2893 2381 2962 ipsi
2410 2895 2521 2948 Deo
2550 2910 2669 2949 eam
2698 2895 2940 2950 adhibet.

2120 2982 2286 3054 434
2339 2985 2428 3038 45.
2464 2985 2744 3049 Virtutes,
2804 2993 3033 3055 propter
3083 3002 3269 3041 rerum
3323 2996 3633 3043 creatarum

358 3088 396 3157 ή
445 3084 503 3137 δὲ
547 3082 771 3153 γνῶσις,
816 3080 904 3134 διὰ
944 3079 1036 3132 τὸν
1078 3077 1418 3147 γινώσκοντα
1446 3090 1460 3105 ο
1494 3076 1523 3127 ό
1554 3073 1610 3126 δὲ
1632 3070 1940 3142 γινώσκων,

2050 3074 2336 3129 scientiam
2377 3082 2532 3139 sunt;
2585 3075 2836 3136 scientia,
2878 3084 3104 3146 propter
3133 3093 3259 3131 eum
3293 3078 3388 3147 qui
3427 3080 3534 3133 scit
3572 3097 3637 3134 ac

359 3176 453 3229 6ιά
482 3176 572 3228 τὸν
610 3172 907 3244 ἀγνώστως
942 3170 1369 3242 γινωσκόμενον,
1418 3168 1512 3223 καὶ
1556 3166 1697 3235 ὑπὲρ
1745 3163 1945 3234 γνῶσιν

2051 3166 2334 3237 cognoscit
2374 3183 2388 3219 :
2431 3182 2770 3237 cognoscens
2815 3178 2998 3223 autem
3044 3184 3109 3223 ac
3154 3168 3366 3234 sciens,
3414 3182 3639 3240 propter

363 3267 718 3338 γινώσκοντα.

438 3536 557 3602 μςη
616 3528 730 3599 Οὐχ
782 3527 859 3591 ὡς
898 3521 1299 3599 προσδεόμενός
1329 3535 1473 3582 τινος
1513 3518 1542 3571 ό
1588 3514 1949 3587 ὑπερπλήρης

362 3622 516 3686 Θεὸς,
553 3621 879 3691 παρήγαγεν
917 3618 997 3679 εἰς
1027 3614 1089 3668 τὸ
1123 3610 1262 3670 εἶναι
1284 3613 1355 3666 τά
1378 3609 1642 3681 γεγονότα
1675 3624 1687 3639 ’
1723 3607 1838 3660 ἀλλ’
1863 3607 1949 3659 ἵνα

368 3714 508 3767 αὐτὰ
544 3712 643 3783 μὲν
679 3709 845 3766 αὐτοῦ
870 3708 1149 3776 ἀναλόγως
1193 3705 1491 3777 μετέχοντα
1522 3699 1795 3771 ἀπολαύῃ,
1833 3697 1946 3770 [Fr.

366 3803 681 3875 ἀπολαύσῃ]
733 3801 894 3864 αὐτὸς
926 3800 985 3853 δὲ
1013 3796 1293 3868 εὐφρανθῇ
1324 3795 1419 3846 ἐπὶ
1439 3794 1553 3856 τοῖς
1576 3790 1758 3862 ἔργοις
1780 3787 1947 3841 αὐτοῦ

362 3900 509 3971 όρῶν
548 3898 689 3953 αὐτὰ
724 3893 1147 3965 εὐφραινόμενα,
1182 3890 1276 3944 καὶ
1316 3888 1407 3943 τὸν
1434 3886 1729 3957 ἀκόρεστον
1757 3880 1953 3952 ἀκορέ-

366 4009 512 4055 στως
545 3987 619 4063 (ο)
655 3988 744 4042 ἀεὶ
781 3983 1172 4057 κορεννύμενα.

443 4086 551 4154 με’.
580 4080 813 4142 Πολλοὺς
845 4077 957 4147 ἔχει
984 4077 1012 4129 ό
1047 4074 1250 4145 κόσμος
1276 4074 1524 4142 πτωχοὺς
1551 4072 1627 4143 τῷ
1658 4076 1951 4143 πνεύματι,

366 4177 509 4232 ἀλλά
564 4172 716 4245 παρά
746 4171 809 4224 τὸ
845 4170 1145 4240 προσῆκον.
1186 4167 1295 4220 Kal.
1328 4165 1559 4230 πολλοὺς
1594 4165 1951 4235 πενθοῦντας,

370 4266 509 4322 ἀλλὰ
555 4266 643 4318 διά
697 4262 901 4334 ζημίας
950 4258 1272 4331 χρημάτων,
1314 4256 1348 4328 ἢ
1399 4257 1673 4321 ἀποϐολάς
1723 4258 1949 4313 τέκνων.

372 4358 485 4411 Kal.
511 4356 740 4417 πολλοὺς
774 4354 992 4423 πραεῖς,
1022 4349 1158 4403 ἀλλὰ
1195 4349 1333 4418 πρὸς
1361 4347 1429 4401 τὰ
1458 4348 1749 4420 ἀκάθαρτα
1775 4350 1945 4421 πάθη.

2048 3273 2173 3313 eum
2200 3258 2294 3328 qui
2317 3259 2499 3328 ignota
2528 3260 2737 3313 ratione
2759 3260 2933 3315 scitur
2953 3275 3018 3314 ac
3036 3264 3408 3331 cognoscitur,
3429 3264 3640 3332 scitque

2048 3366 2115 3405 ac
2146 3351 2425 3420 cognoscit
2457 3366 2620 3420 supra
2647 3366 2866 3406 omnem
2910 3352 3157 3408 scientiae
3200 3369 3263 3408 ac
3309 3356 3644 3424 cognitionis

2050 3441 2302 3496 modum.
3446 3446 3449 3447 '

2121 3532 2211 3587 46.
2245 3532 2363 3586 Non
2394 3532 2549 3587 velut
2595 3532 2779 3601 aliquo
2819 3532 3092 3603 indigens,
3122 3534 3217 3604 qui
3263 3550 3427 3605 supra
3475 3553 3641 3606 quam

2048 3623 2247 3694 plenus
2280 3633 2382 3690 est,
2424 3624 2584 3687 Deus,
2620 3640 2713 3679 res
2760 3625 3022 3694 produxit
3068 3635 3129 3680 ut
3174 3637 3391 3694 essent;
3440 3629 3533 3682 sed
3583 3639 3643 3683 ut

2050 3715 2183 3784 ipsa:
2216 3732 2317 3784 pro
2361 3731 2458 3769 sua
2504 3731 2735 3784 qumque
2782 3717 3017 3781 ratione,
3051 3717 3455 3786 participando,
3494 3717 3645 3774 illius

2050 3805 2369 3860 fruerentur
2401 3806 2676 3871 bonitate;
2710 3806 3098 3876 lzetareturque
3139 3808 3255 3876 ipse
3293 3808 3347 3860 in
3378 3809 3644 3876 operibus

2051 3896 2167 3952 suis
2216 3896 2409 3950 videns
2451 3911 2515 3949 ea
2560 3895 2755 3962 lzetari,
2805 3906 2861 3950 et
2912 3892 3209 3950 insatiabili
3254 3895 3644 3951 insatiabiliter

2052 4004 2272 4058 semper
2311 3987 2520 4042 satiari.

2122 4081 2212 4135 47.
2256 4080 2454 4133 Multos
2500 4079 2740 4133 mundus
2782 4093 3054 4149 pauperes
3082 4079 3281 4148 spiritu
3313 4078 3499 4143 habet,
3547 4077 3645 4132 sed

2053 4178 2244 4225 contra
2280 4185 2444 4239 quam
2468 4169 2644 4224 decet.
2675 4168 2873 4225 Multos
2901 4185 3120 4239 quoque
3148 4170 3418 4240 lugentes,
3448 4168 3541 4223 sed
3573 4168 3646 4221 ob

2055 4264 2415 4334 pecuniarum
2456 4263 2750 4331 jacturam,
2794 4262 2880 4315 vel
2915 4261 3270 4315 amissionem
3318 4260 3644 4314 liberorum.

2056 4355 2253 4409 Multos
2280 4354 2411 4407 item
2441 4353 2622 4418 mites,
2647 4352 2743 4406 sed
2779 4352 3046 4405 adversus
3078 4351 3388 4405 immundos
3414 4350 3651 4406 affectus

374 4451 484 4504 Kal.
510 4448 737 4511 πολλοὺς
768 4444 1069 4504 πεινῶντας
1097 4440 1195 4495 καὶ
1233 4440 1520 4510 διψῶντας,
1560 4440 1695 4499 ἀλλὰ
1738 4441 1798 4493 τὸ
1852 4444 1947 4514 ἀρ-

2060 4461 2125 4500 ac
2167 4443 2444 4499 libidines.
2476 4441 2654 4495 Etiam
2686 4441 2888 4496 multos
2930 4442 3243 4496 esurientes
3286 4450 3342 4496 et
3372 4442 3645 4506 sitientes,

372 4538 567 4604 πάζειν
589 4537 658 4590 τά
689 4535 964 4604 ἀλλότρια,
995 4530 1091 4586 καὶ
1124 4529 1430 4600 κερδαίνειν
1454 4529 1514 4593 ἐξ
1565 4530 1797 4593 ἀδικίας.
1842 4532 1953 4584 Καὶ

374 4632 606 4694 πολλοὺς
657 4629 977 4699 ἐλεήμονας,
1032 4623 1167 4677 ἀλλὰ
1204 4621 1339 4691 πρὸς
1366 4620 1426 4673 τὸ
1456 4621 1615 4691 σῶμα
1640 4622 1730 4675 καὶ
1762 4624 1828 4676 τὰ
1854 4623 1947 4676 τοῦ

312 4778 315 4779 ,
374 4724 645 4794 σώματος.
681 4720 788 4773 Καὶ
825 4716 1100 4787 καθαροὺς
1141 4715 1209 4785 τῇ
1252 4712 1466 4783 καρδίᾳ,
1503 4712 1640 4765 ἀλλά
1676 4713 1764 4767 διά
1793 4731 1950 4767 κενο-

372 4815 573 4881 δοξίαν.
613 4812 725 4868 Kal.
751 4808 1150 4883 εἰρηνοποιοὺς,
1184 4804 1322 4858 ἀλλά
1354 4805 1452 4873 τὴν
1482 4804 1661 4874 ψυχὴν
1686 4807 1750 4876 τῇ
1784 4807 1950 4877 σαρκὶ

374 4906 806 4966 ὑποτάσσοντας.
836 4901 946 4954 Kal.
974 4899 1203 4959 πολλοὺς
1252 4896 1666 4965 δεδιωγμένους,
1711 4897 1826 4950 ἀλλ’
1877 4898 1952 4962 ὡς

374 4996 665 5058 ἀτάκτους.
700 4994 811 5048 Kal.
846 4991 1073 5054 πολλοὺς
1108 4988 1555 5058 ὀνειδιζομένους,
1587 4988 1701 5042 ἀλλ’
1746 4991 1834 5043 ἐπ’
1873 4993 1957 5045 al-

376 5090 562 5161 σχροῖς
589 5086 975 5159 ἁμαρτήμασι·
1007 5083 1122 5136 ἀλλ’
1147 5083 1346 5135 ἐκεῖνοι
1368 5081 1516 5150 μόνοι
1538 5082 1798 5155 μακάριοι
1817 5083 1955 5155 (25),

449 5249 537 5322 (ο),
551 5245 659 5302 Καὶ
681 5244 787 5298 τὸν
807 5242 1144 5322 ἀκόρεστον
1165 5239 1526 5322 ἀκορέοςζῳς.
1548 5237 1641 5322 Sic
1662 5241 1961 5321 emendare

376 5310 571 5379 docuit
591 5330 737 5371 unus
768 5313 892 5368 cod.
917 5313 1054 5381 Reg.
1105 5325 1169 5364 ac
1197 5310 1457 5381 quimihi
1493 5310 1794 5381 multorum
1844 5311 1964 5366 vice

375 5403 483 5455 est,
505 5387 662 5444 Dufr.
700 5384 952 5455 codnpro
986 5380 1092 5435 τῶν
1141 5380 1474 5455 ἀκορέᾼστων,
1502 5380 1800 5455 quoderat
1848 5382 1966 5455 edi-

379 5449 481 5517 tis.
504 5460 638 5513 Male
662 5470 794 5508 vero
820 5449 1026 5522 Obsop.
1058 5459 1113 5504 et
1134 5449 1503 5522 Gesn.'ac_tivc
1538 5449 1797 5522 reddunt,
1825 5452 1965 5504 alter

376 5534 547 5588 etiam
581 5523 919 5585 solcecismo,
958 5518 1136 5574 rerum
1174 5518 1583 5581 insatiabitium,
1623 5520 1763 5573 alter
1798 5522 1963 5589 paulo

381 5598 654 5660 Latinius,
688 5595 840 5648 rebus
866 5589 1253 5660 insatiabilibus
1298 5606 1316 5643 :
1352 5605 1462 5644 non
1506 5590 1654 5660 enim
1684 5591 1838 5659 quasi
1894 5591 1963 5645 de

382 5672 553 5727 rebus
571 5665 903 5723 satiantibus
925 5678 990 5717 ea
1021 5676 1129 5715 vox
1173 5659 1397 5725 dicitur,
1442 5659 1538 5714 sed
1581 5659 1649 5713 de
1688 5661 1959 5730 personis,

382 5757 511 5815 quae
541 5735 731 5797 satiari
757 5750 868 5790 non
900 5737 1151 5804 possunt.
1193 5730 1429 5787 Phavor.
1464 5730 1782 5800 Ἀκόρεστος
1803 5731 1960 5799 λέγε-

2060 4552 2254 4594 verum
2285 4547 2346 4589 ut
2381 4534 2561 4589 aliena
2596 4534 2834 4603 rapiant,
2864 4550 2929 4589 ac
2958 4534 3157 4604 injusta
3197 4534 3347 4587 lucra
3377 4542 3647 4603 quaerant.

2062 4629 2169 4685 Sed
2204 4636 2260 4685 et
2303 4629 2507 4681 multos
2548 4626 2957 4691 misericordes,
2987 4642 3175 4680 verum
3209 4642 3335 4694 erga
3363 4640 3565 4693 corpus
3595 4632 3653 4677 et

2060 4738 2124 4779 ea
2153 4737 2275 4792 quae
2319 4720 2387 4774 ad
2430 4735 2633 4789 corpus
2665 4726 2930 4789 spectant.
2968 4718 3165 4771 Multos
3210 4716 3414 4769 mundo
3438 4706 3646 4778 corde,

2058 4829 2255 4869 verum
2300 4812 2482 4866 inanis
2524 4810 2710 4881 gloriae
2743 4824 2924 4863 causa.
2977 4808 3172 4861 Multos
3216 4806 3504 4877 paciﬁcos,
3548 4807 3647 4862 sed

2060 4905 2155 4977 qui
2182 4904 2335 4960 carni
2380 4904 2622 4957 animum
2668 4899 2982 4971 subjiciant.
3030 4898 3227 4952 Multos
3262 4899 3354 4968 qui
3385 4913 3646 4968 persecu-

2062 4998 2267 5053 tionem
2297 4997 2594 5065 patiantur,
2629 4993 2725 5047 sed
2763 5002 3017 5061 tanquam
3051 4990 3385 5061 immorigeri
3414 4998 3469 5045 et
3494 4990 3645 5043 inor-

2063 5086 2256 5141 dinati.
2302 5085 2501 5140 Multos
2540 5084 2633 5153 qui
2674 5083 2876 5153 probra
2923 5082 3232 5135 sustineant
3277 5096 3340 5135 ac
3380 5079 3644 5145 convitia,

2061 5260 2152 5295 ται
2182 5244 2208 5296 ό
2247 5242 2321 5311 μὴ
2351 5241 2511 5311 κόρον
2534 5238 2827 5311 λαμϐάνων
2845 5238 2987 5299 τινός
3005 5254 3019 5311 ξ
3039 5232 3168 5289 οἷον.
3194 5237 3493 5311 ἀκόρεστος
3519 5255 3654 5311 791;-

2067 5309 2274 5383 μάτων,
2311 5309 2605 5383 ἀκόρεστος
2636 5379 2645 5383 _
2671 5309 3031 5383 jljbovﬁg,_y.al_
3083 5311 3411 5383 dixti-55310:.
3435 5309 3482 5383 _6
3524 5310 3653 5383 περὶ

2061 5378 2269 5452 τροφὴν
2294 5378 2594 5452 ἄπληστος..-
2619 5379 2711 5452 Ait
2733 5394 2861 5447 ergo
2897 5378 3184 5452 Maximus,
3219 5379 3411 5452 satiari
3428 5379 3654 5431 insatia-

2062 5448 2239 5506 bilitef
2302 5448 2618 5509 insatiabili,
2660 5449 2715 5503 id
2771 5457 2876 5509 est,
2913 5449 3031 5517 ipso
3064 5450 3210 5503 Deo:
3254 5448 3488 5516 inquem
3521 5463 3649 5501 vere

2061 5523 2213 5575 nulla
2254 5522 2480 5575 satietas
2505 5519 2654 5573 cadit
2705 5520 2788 5572 sui
2825 5518 3110 5583 fruitione,
3178 5519 3258 5572 uti
3302 5534 3403 5571 nec
3467 5517 3521 5568 in
3552 5532 3650 5572 eos

2061 5592 2157 5660 qui
2206 5593 2326 5661 ejus
2374 5589 2597 5665 fruendi
2651 5589 2955 5665 participes
3023 5589 3350 5665 suritLquin
3392 5601 3648 5665 semper,

2061 5657 2126 5714 ac
2162 5657 2368 5731 quanta
2407 5657 2692 5715 aeternitas
2738 5657 3046 5723 est,’heato
3095 5661 3200 5713 ﬁne
3257 5658 3349 5711 illo
3400 5657 3507 5709 frui
3553 5671 3649 5713 ve-

2058 5732 2182 5786 lint.
