4076 6416
525 324 653 388 1031

1681 339 1740 397 S.
1786 337 2071 396 MAXIMI
2114 335 2626 399 CONFESSORIS

3622 351 3734 418 1022

517 436 614 490 sed
654 437 724 491 ob
769 439 970 509 turpia,
1005 456 1128 510 quae
1173 451 1412 512 patrant.
1445 444 1648 500 Verum
1689 448 1723 501 ii
1762 448 2082 503 SlllllnllllOdt

2211 451 2261 502 οί
2300 449 2390 504 διὰ
2420 451 2657 523 Χριστὸν
2687 451 2780 506 καὶ
2805 452 2946 508 κατά
2971 455 3207 526 Χριστὸν
3232 455 3400 513 ταῦτα
3435 460 3522 512 καὶ
3550 467 3735 518 ποιοῦν.

515 526 684 590 beati.
720 529 814 599 qui
858 541 1084 602 propter
1123 531 1404 589 Christum
1439 551 1504 592 ac
1544 536 1855 592 Christiana
1899 539 2102 608 pietate

515 619 631 675 haec
677 629 730 676 et
772 622 981 680 faciunt
1025 632 1082 679 et
1115 626 1421 695 patiuntur.
1455 627 1727 694 Quorsum
1761 631 1928 684 vero?
1963 629 2104 696 Quo—

515 715 662 767 niam
704 716 941 786 ipsarum
991 726 1068 770 est
1103 735 1322 789 regnum
1368 721 1640 786 actorum,
1687 731 1764 784 et,
1817 720 1955 787 Quia
2002 725 2103 794 ipsi

460 835 468 841 -
514 805 678 860 Deum
712 808 958 862 videbunt
989 807 1056 875 ⁸³,
1090 818 1195 865 etc.
1225 811 1432 881 Itaque,
1459 827 1569 866 non
1596 814 1722 883 quia
1749 814 1864 868 hzec
1896 814 2104 870 faciunt

515 911 578 948 ac
611 897 916 964 patiuntur,
961 907 1087 953 sunt
1118 899 1263 954 beati
1304 902 1448 971 (cum
1478 911 1534 956 et
1570 903 1606 957 ii
1648 919 1787 973 quos
1823 905 2098 972 dicebam,

516 986 755 1056 idipsum
803 988 1060 1060 faciant),
1098 991 1193 1044 sed
1243 991 1388 1060 quod
1435 1001 1660 1062 propter
1702 993 1984 1049 Christum
2037 1011 2103 1050 ac

516 1075 825 1132 Christiana
854 1080 1076 1149 pietate,
1109 1081 1224 1135 haec
1247 1091 1304 1136 et
1331 1081 1540 1137 faciunt
1565 1091 1621 1138 et
1645 1085 1953 1154 patiuntur.

587 1170 678 1222 48.
726 1170 783 1223 1η
815 1171 1072 1226 omnibus
1113 1189 1235 1242 qua:
1263 1189 1294 1227 a
1327 1175 1488 1230 nobis
1530 1186 1787 1247 aguntur,
1821 1177 1947 1234 finis
1988 1181 2102 1236 Deo

516 1260 862 1328 exquiritur,
921 1269 982 1314 ut
1028 1266 1226 1332 saapius
1282 1265 1490 1320 dictum
1538 1277 1655 1334 est;
1704 1269 1820 1324 sive
1875 1283 2103 1340 propter

517 1349 716 1418 ipsum,
749 1351 864 1405 sive
903 1350 1128 1408 alterius
1161 1355 1482 1426 cujusquam
1519 1360 1692 1429 gratia
1735 1376 1979 1430 agamus.
2022 1362 2102 1417 Ne

515 1440 684 1511 igitur
710 1458 837 1498 cum
883 1444 1014 1499 boni
1048 1447 1256 1515 aliquid
1289 1464 1449 1520 agere
1487 1452 1544 1505 in
1587 1453 1834 1506 animum
1865 1453 2101 1508 induxe-

515 1533 708 1602 rimus,
739 1535 1039 1591 humanum
1081 1537 1323 1594 favorem
1350 1556 1414 1596 ac
1446 1558 1638 1598 auram
1663 1555 1968 1614 captemus,
2004 1547 2102 1602 sed

513 1624 686 1679 Deum
727 1628 888 1683 nobis
929 1631 1091 1684 linem
1120 1647 1523 1701 proponamus;
1557 1645 1618 1690 ut
1645 1637 1699 1690 in
1731 1654 1855 1693 eum
1885 1654 2102 1711 semper

513 1717 861 1785 aspicientes,
905 1730 1131 1790 propter
1179 1721 1359 1792 ipsum
1409 1715 1595 1780 omnia
1643 1743 1890 1798 agamus,
1939 1746 2009 1785 ne
2046 1740 2102 1786 et

513 1808 758 1863 laborem
783 1813 1172 1877 sustineamus,
1200 1824 1256 1869 et
1279 1817 1589 1872 mercedem
1617 1819 1953 1876 amittamus.

451 1972 455 1977 ἱ
514 1895 522 1901 ’
583 1900 670 1954 49.
699 1901 884 1956 Nudas
915 1904 1061 1972 ipsas
1093 1905 1456 1962 humanarum
1505 1926 1690 1965 rerum
1739 1927 1803 1967 ac
1845 1917 2096 1985 negotio-

510 2005 632 2043 rum
682 1993 1063 2070 cogitationes,
1094 1987 1410 2070 rerumque
1453 2003 1703 2058 omnium
1749 2007 2096 2062 conditarum

507 2080 994 2152 considerationes,
1027 2088 1202 2159 abjice
1232 2091 1418 2148 animo
1445 2109 1572 2149 cum
1599 2098 1860 2166 precibus
1885 2102 1992 2155 erit
2015 2101 2099 2157 in-

505 2175 910 2244 cumbendum;
941 2195 1012 2235 ne
1038 2181 1180 2238 forte
1206 2185 1452 2255 cogitans
1483 2203 1605 2258 quae
1632 2189 1906 2247 deteriora
1943 2204 2094 2259 sunt,

502 2265 622 2334 ejus
648 2268 743 2336 qui
787 2270 951 2327 rebus
979 2273 1238 2330 omnibus
1280 2276 1419 2332 citra
1465 2293 1686 2335 omnem
1730 2285 2098 2354 comparatio-

503 2372 631 2412 nem
670 2369 911 2429 prtestat,
936 2364 1208 2435 jacturam
1234 2369 1452 2424 feceris.

571 2449 735 2520 435
786 2453 872 2507 50.
907 2454 965 2510 Si
997 2472 1129 2512 vere
1159 2473 1224 2512 ex
1255 2460 1440 2514 animo
1481 2462 1654 2517 Deum
1699 2464 2088 2533 dilexerimus,

503 2539 792 2608 ipsiusmet
817 2545 1107 2602 charitatis
1132 2549 1183 2620 vi
1226 2551 1490 2610 libidines
1525 2563 1691 2624 atque
1731 2556 1964 2614 affectus
1997 2561 2095 2616 de-

500 2633 787 2700 pellemus.
820 2636 917 2690 Dei
948 2647 1133 2692 autem
1169 2641 1410 2698 charitas
1441 2645 1498 2698 in
1541 2661 1610 2700 eo
1651 2658 1756 2712 eSt,
1806 2659 1865 2703 ut
1909 2650 2088 2719 ipsum

499 2726 727 2788 mundo,
763 2735 819 2782 et
865 2744 1105 2785 animam
1147 2745 1299 2788 carnt
1335 2735 1722 2805 praeferamus;
1769 2757 1832 2794 ea
1880 2743 2091 2799 scilicet

499 2817 710 2871 ratione
741 2819 888 2887 quod
919 2823 1119 2890 spretis
1149 2824 1502 2880 saecularibus
1526 2830 1780 2899 negotiis,
1805 2832 1855 2886 ei
1881 2833 2089 2905 jugiter

497 2920 596 2975 per
628 2908 1025 2966 continentiam
1075 2923 1133 2969 et
1179 2916 1504 2973 charitatem
1557 2928 1614 2974 et
1659 2922 1986 2993 orationem,
2031 2935 2089 2981 et

497 2998 738 3067 psalmos
758 3001 1127 3065 concinendo,
1153 3018 1216 3059 ac
1240 3005 1473 3076 reliqua,
1507 3023 1783 3066 vacemus.

567 3088 655 3142 5i.
707 3089 811 3144 Ubi
862 3089 958 3145 diu
1012 3094 1357 3164 multumque
1409 3097 1523 3152 Deo
1570 3113 1860 3169 vacantes,
1913 3108 2085 3176 partis

2205 560 2296 607 τες
2347 545 2442 599 καὶ
2491 547 2814 616 πάσχοντες.
2872 550 3064 615 Διατί;
3119 551 3240 604 Ὅτι
3279 553 3472 606 αὐτῶν
3507 556 3657 610 ἐστιν
3707 563 3737 629 ὴ

2200 632 2493 697 βασιλεία
2536 635 2656 688 τῶν
2718 637 3016 703 οὐρανῶν
3085 638 3202 703 καὶ,
3253 641 3424 695 Αὐτοὶ
3471 643 3568 696 τὸν
3617 648 3740 702 Θεὸν

2206 722 2484 792 ὄψονται,
2519 727 2616 782 καὶ
2645 726 2712 780 τὰ
2740 727 2889 798 ἑξῆς.
2926 729 3110 794 Ὥστε,
3140 729 3240 800 οὐχ
3261 731 3342 785 ὅτι
3375 733 3574 788 ποιοῦσι
3599 738 3743 793 ταῦτα

2205 815 2301 868 καὶ
2334 815 2630 887 πάσχουσι,
2672 818 2780 871 εἰσὶ
2814 819 3078 891 μακάριοι
3103 820 3255 874 ’.καὶ
3293 821 3398 891 γὰρ
3429 824 3474 876 οἱ
3512 843 3742 897 προειρη-

2209 907 2361 979 μένοι
2404 909 2465 962 τὸ
2507 910 2641 964 αὐτὸ
2677 912 2925 966 ποιοῦσιν
2951 929 2966 945 ·
3015 913 3131 967 ἀλλ’
3159 915 3241 968 ὅτι
3273 915 3361 969 διὰ
3412 917 3632 986 Χριστὸν
3666 922 3745 974 καὶ

2205 1000 2348 1054 κατά
2381 1003 2618 1074 Χριστὸν
2637 1004 2813 1059 ταῦτα
2856 1007 2950 1060 καὶ
2985 1006 3202 1061 ποιοῦσι
3231 1007 3326 1062 καὶ
3349 1009 3624 1081 πάσχουσι.

2279 1167 2391 1232 μην.
2448 1162 2535 1215 Ἐν
2575 1164 2711 1216 πᾶσι
2754 1164 2867 1226 τοῖς
2921 1163 3011 1231 ὑφ’
3064 1164 3224 1235 ἡμῶν
3285 1167 3678 1238 πραττομένοις,
3723 1172 3745 1222 ό

2206 1253 2408 1316 σκοπὸς
2435 1251 2676 1325 ζητεῖται
2703 1253 2854 1323 παρά
2869 1253 2986 1324 Θεῷ
3007 1255 3139 1324 (26),
3162 1255 3239 1319 ὡς
3268 1255 3520 1317 πολλάκις
3542 1257 3744 1327 εἴρηται⁸

2205 1345 2317 1399 εἴτε
2379 1347 2447 1400 δι’
2499 1346 2687 1410 αὑτὸν,
2744 1348 2852 1400 είτε
2891 1347 2960 1400 δι’
3006 1347 3134 1402 ἄλλο
3158 1365 3212 1401 τι
3243 1349 3570 1419 πράττομεν.
3605 1351 3747 1403 Ὅταν

2205 1432 2298 1491 οῦν
2342 1454 2397 1490 τι
2445 1437 2691 1507 θέλωμεν
2743 1436 2952 1508 πρᾶξαι
2985 1438 3216 1506 ἀγαθὸν,
3253 1439 3328 1509 μὴ
3371 1439 3468 1508 τὴν
3527 1439 3748 1509 ἀνθρωπ-

2205 1527 2495 1599 αρέσκειαν
2517 1568 2532 1594 ,
2560 1527 2698 1582 ἀλλά
2733 1528 2823 1581 τὸν
2855 1527 2987 1580 Θεὸν
3038 1528 3258 1598 σχῶμεν
3281 1529 3479 1582 σκοπόν
3508 1545 3522 1560 ο
3561 1530 3640 1581 ἵνα
3683 1533 3749 1594 εἰς

2204 1621 2368 1676 αὐτὸν
2395 1622 2482 1675 ἀεὶ
2511 1619 2966 1690 ἀποϐλεπόμενοι,
2991 1620 3059 1673 δι’
3081 1620 3247 1673 αὐτὸν
3267 1621 3444 1675 πάντα
3461 1621 3746 1691 πράξωμεν·

2205 1714 2293 1768 ἴνα
2324 1713 2398 1786 μὴ
2427 1714 2519 1767 καὶ
2551 1714 2641 1766 τὸν
2668 1713 2834 1766 τόπον
2861 1712 3243 1784 ὑπομένωμεν,
3303 1713 3397 1768 καὶ
3448 1713 3537 1767 τὸν
3588 1714 3750 1783 μισθὸν

2131 1814 2172 1869 Β
2202 1806 2576 1878 ἀπολέσωμεν.

2277 1899 2385 1972 μθ’.
2421 1901 2531 1953 Καὶ
2563 1899 2630 1954 τὰ
2679 1898 2812 1970 ψιλὰ
2868 1898 2980 1951 τῶν
3038 1897 3397 1969 ἀνθρωπίνων
3441 1898 3751 1970 πραγμάτων

2202 1993 2472 2063 νοήματα,
2496 1993 2593 2046 καὶ
2621 1992 2689 2044 τὰ
2712 1992 2927 2045 πάντων
2955 1990 3064 2044 τῶν
3096 1990 3402 2060 γεγονότων
3429 1991 3749 2062 θεωρήματα,

2199 2084 2442 2138 ἀπόϐαλε
2481 2083 2577 2138 τοῦ
2625 2084 2745 2148 νοὸς
2774 2085 2833 2138 ὲν
2861 2084 2938 2155 τῷ
2976 2083 3157 2156 καιρῷ
3179 2086 3280 2156 τῆς
3309 2083 3613 2155 προσευχῆς
3635 2099 3648 2115 ·
3678 2084 3751 2138 ἵνα

2202 2175 2366 2245 μὴτά
2408 2175 2608 2246 ἥττονα
2648 2175 3075 2246 φανταζόμενος,
3109 2175 3202 2229 τοῦ
3237 2176 3458 2231 πάντων
3475 2175 3582 2230 τῶν
3605 2176 3750 2230 ὄντων

2199 2266 2546 2338 ἀσυγκρίτως
2581 2267 2889 2338 κρείττονος
2923 2267 3187 2338 ὲκπέσῃς.

2267 2461 2329 2509 νο,
2375 2454 2500 2507 Ἐὰν
2526 2451 2616 2506 τὸν
2641 2450 2773 2504 Θεὸν
2807 2448 3043 2520 γνησίως
3071 2449 3475 2520 ἀγαπήσωμεν,
3503 2449 3568 2504 δι’
3602 2451 3750 2522 αὐτῆς

2194 2547 2293 2615 τῆς
2315 2544 2536 2614 ἀγάπης
2563 2541 2630 2596 τὰ
2660 2542 2807 2611 πάθη
2841 2539 3240 2610 ἀποϐάλλομεν.
3295 2542 3362 2594 Ἦ
3405 2541 3458 2594 δὲ
3492 2543 3570 2605 είς
3610 2543 3748 2595 αὑτὸν

2193 2638 2381 2707 ἀγάπη
2414 2635 2552 2700 ἐστὶ,
2582 2634 2645 2687 τὸ
2674 2635 2945 2705 προτιμᾷν
2977 2633 3139 2687 αὐτὸν
3164 2632 3259 2686 τοῦ
3289 2633 3518 2704 κόσμου,
3553 2635 3640 2689 καὶ
3664 2635 3748 2705 τὴν

2191 2727 2369 2799 ψυχὴν
2395 2727 2499 2798 τῆς
2531 2725 2734 2797 σαρκός
2754 2741 2769 2756 ο
2817 2725 2876 2778 ὲν
2912 2722 2991 2794 τῷ
3021 2723 3133 2777 τῶν
3161 2723 3446 2793 κοσμικῶν
3481 2724 3575 2794 μὲν
3598 2741 3745 2778 κατα-

2193 2822 2410 2893 φρονεῖν
2441 2817 2807 2890 πραγμάτων,
2843 2803 2990 2886 αὐτῷ
3027 2815 3084 2870 δὲ
3117 2814 3403 2886 σχολάζειν
3438 2815 3526 2870 διὰ
3549 2814 3746 2882 παντὸς,

2189 2913 2279 2966 διά
2324 2929 2384 2965 τε
2421 2911 2749 2982 ἐγκρατείας
2798 2908 2893 2963 καὶ
2936 2908 3161 2980 ἀγάπης
3191 2909 3288 2963 καὶ
3332 2910 3636 2981 προσευχῆς
3666 2907 3746 2962 καὶ

2187 3002 2526 3074 ψαλμῳδίας,
2557 3001 2786 3056 καὶτῶν
2817 2999 2966 3072 ἑξῆς.

2258 3103 2360 3152 va'.
2404 3096 2530 3150 Ἐἀν
2562 3095 2916 3166 σχολάζοντες
2943 3093 3023 3165 τῷ
3055 3094 3177 3166 Θεῷ
3211 3094 3394 3166 χρόνῳ
3442 3093 3634 3166 πολλῷ,
3666 3093 3746 3147 τοῦ

495 3179 692 3234 anima:
742 3181 1034 3238 affectibus
1080 3185 1333 3242 obnoxiae
1381 3204 1569 3243 curam
1616 3195 1922 3262 egerimus,
1971 3213 2081 3252 non

2188 3172 2491 3261 παθητικοῦ
2521 3189 2723 3260 μέρους
2755 3191 2857 3260 τῆς
2893 3188 3076 3260 ψυχῆς
3111 3187 3522 3260 ἐπιμελώμεθα,
3554 3189 3648 3241 οὐκ
3678 3186 3746 3239 ἔτι

495 3270 728 3341 amplius
783 3273 852 3328 ad
899 3275 1294 3345 cogitationum
1359 3278 1597 3336 insultus
1649 3284 2016 3357 impingemus
2064 3306 2078 3344 :

492 3362 628 3431 quin
660 3371 717 3418 et
745 3365 1005 3421 solertius
1040 3382 1233 3422 earum
1265 3370 1525 3440 dispectis
1555 3388 1618 3428 ac
1650 3378 1850 3433 excisis
1875 3381 2078 3447 causis,

493 3453 926 3522 perspicaciores
951 3457 1280 3527 evademus,
1311 3470 1371 3516 ut
1395 3463 1507 3533 jam
1539 3463 1597 3519 in
1623 3466 1782 3523 nobis
1814 3468 1949 3526 illud
1981 3473 2082 3527 im-

491 3545 708 3613 pleatur
752 3565 764 3600 :
807 3548 878 3602 Et
912 3551 1147 3620 despexit
1189 3553 1370 3608 oculus
1401 3573 1547 3611 meus
1581 3559 1636 3612 in
1679 3559 1902 3616 inimicis
1929 3566 2077 3632 meis,

489 3643 542 3688 et
568 3636 623 3688 in
646 3638 1034 3710 insurgentibus
1066 3645 1122 3698 iu
1154 3661 1236 3700 me
1268 3645 1687 3720 malignantibus
1722 3653 1901 3708 audiet
1933 3659 2080 3712 auris

490 3743 607 3782 mea
633 3730 700 3784 3“.

558 3927 645 3982 52.
677 3927 815 3984 Cum
859 3939 1100 3988 mentem
1133 3942 1283 3990 tuam
1313 3936 1403 4007 pie
1434 3954 1499 3995 ac
1544 3942 1687 4013 iuste
1719 3949 1950 4019 versari,
1982 3967 2078 4008 co-

485 4019 710 4089 gitando
735 4037 800 4076 ea
841 4038 963 4093 quae
1007 4034 1137 4080 sunt
1169 4029 1384 4097 mundi,
1413 4031 1640 4100 videris,
1666 4038 1834 4094 etiam
1871 4057 2075 4114 corpus

486 4120 641 4165 tuum
671 4129 871 4181 purum
918 4124 974 4171 et
1006 4132 1037 4171 a
1069 4128 1294 4187 peccato
1342 4121 1588 4180 immune
1636 4127 1776 4184 scito
1809 4147 2070 4201 perseve-

480 4210 730 4256 raturum
781 4221 795 4257 :
844 4219 969 4259 cum
1014 4217 1199 4262 autem
1249 4211 1542 4282 cogitando
1587 4220 1830 4284 peccatis
1874 4238 2072 4280 vacare

484 4289 706 4358 videris,
733 4309 836 4348 nec
872 4295 1199 4362 inhibueris,
1231 4300 1370 4354 scito
1397 4301 1516 4357 fore
1547 4313 1606 4358 ut
1635 4314 1692 4361 et
1723 4323 1924 4380 corpus
1956 4329 2070 4372 non

479 4381 576 4436 diu
608 4391 824 4436 maneat
851 4385 986 4453 quin
1017 4387 1074 4440 in
1102 4401 1167 4440 ea
1199 4389 1435 4444 labatur.

547 4565 635 4619 55.
669 4563 1141 4630 Quemadmodum
1175 4583 1394 4638 corpus,
1436 4573 1702 4628 mundum
1739 4593 1827 4633 res
1860 4580 2058 4650 habet;

477 4657 552 4711 ita
579 4668 635 4712 et
667 4657 905 4722 animus,
941 4657 1206 4712 mundum
1241 4660 1407 4716 habet
1453 4663 1812 4733 cogitationes
1858 4687 1921 4726 ac
1969 4689 2058 4729 rc-

473 4765 594 4802 rum
621 4763 780 4803 sensa
806 4766 818 4802 :
850 4763 914 4803 ac
942 4748 1085 4802 sicut
1117 4765 1318 4820 corpus
1349 4760 1623 4808 scortatur
1654 4771 1780 4811 cum
1811 4761 2061 4818 mulieris

471 4855 722 4911 corpore,
749 4841 829 4896 sic
855 4849 910 4895 et
939 4841 1157 4898 animus
1177 4859 1301 4899 cum
1325 4843 1574 4901 mulieris
1596 4850 1830 4921 cogitata
1860 4853 2055 4923 forma,

470 4943 572 4997 per
628 4928 714 4982 sui
777 4929 1025 4999 corporis
1087 4932 1380 5000 cogitatam
1435 4933 1668 4990 formam
1732 4938 2056 4997 fornicatur.

469 5017 647 5072 Mente
681 5019 828 5073 enim
879 5028 935 5074 et
969 5021 1291 5091 cogitando,
1349 5024 1600 5093 corporis
1654 5028 1738 5082 sui
1781 5030 2046 5100 formam,

468 5123 594 5162 cum
642 5111 890 5165 mulieris
940 5112 1115 5166 forma
1165 5114 1316 5168 videt
1366 5117 1734 5174 commisceri.
1787 5119 2050 5180 Similiter

467 5215 630 5269 etiam
661 5215 868 5270 inimici
899 5217 1128 5272 formam
1156 5219 1357 5272 mentis
1379 5221 1708 5290 cogitatione
1732 5225 2044 5295 ulciscitur;

466 5323 531 5362 ac
555 5308 784 5378 perinde
818 5310 870 5363 in
912 5311 1141 5380 reliquis
1185 5313 1444 5382 peccatis.
1492 5313 1622 5381 Qua:
1665 5318 1813 5372 enim
1850 5335 2051 5390 corpus

467 5399 524 5454 in
554 5408 703 5466 actu,
732 5398 958 5469 ipsoque
991 5416 1157 5470 opere
1189 5403 1244 5456 in
1281 5418 1467 5458 rerum
1500 5408 1707 5462 mundo
1750 5408 1899 5473 facit,
1932 5411 2052 5466 haec

463 5498 523 5548 et
573 5491 789 5546 animus
839 5491 895 5544 in
947 5505 1048 5545 suo
1090 5493 1363 5547 rationum
1399 5495 1605 5549 mundo
1656 5513 1720 5552 ac
1765 5500 2052 5569 cogitatio-

465 5593 620 5633 num.

535 5764 582 5797 ιι
608 5765 796 5822 Matth,
825 5785 879 5836 γ’
911 5769 945 5823 '5
968 5783 1122 5837 seqq.
1200 5766 1243 5798 ⁸⁸
1281 5767 1423 5818 Psal.
1463 5783 1564 5830 χοι,
1604 5770 1684 5824 l2.

2184 3287 2323 3358 πρὸς
2379 3287 2479 3350 τὰς
2516 3285 2627 3340 τῶν
2682 3285 2960 3356 λογισμῶν
3018 3283 3326 3354 προσϐολὰς
3387 3283 3745 3352 ὲξοκείλομενο

2183 3377 2318 3433 ἀλλά
2345 3379 2441 3432 καὶ
2467 3377 2865 3449 ἀκριϐέστερον
2892 3376 2990 3440 τὰς
3011 3375 3218 3428 τούτων
3250 3374 3430 3440 αἰτίας
3449 3371 3748 3429 κατανοοῦνο

2180 3489 2272 3534 τες
2302 3471 2395 3526 καὶ
2424 3469 3273 3542 ἐκκόπτοντες,διορατικώτεροι
3293 3468 3558 3541 γινόμεθα
3577 3482 3592 3496 ·
3621 3467 3743 3520 ὥστε

2181 3560 2539 3632 πληρωθῆναι
2567 3562 2647 3624 εἰς
2675 3562 2822 3631 ἡμᾶς
2851 3560 2912 3613 τὸ
2932 3599 2949 3627 ,
2982 3559 3094 3615 Καὶ
3139 3558 3383 3613 ἐπεῖδεν
3411 3561 3445 3615 d
3462 3557 3746 3629 ὀφθαλμός

2173 3671 2293 3724 μου
2314 3653 2384 3708 ἐν
2412 3651 2535 3719 τοῖς
2555 3653 2790 3723 ἐχθροῖς
2818 3670 2939 3722 μου
2963 3665 2980 3682 ⁸
3039 3653 3139 3707 καὶ
3165 3653 3236 3706 ἐν
3272 3652 3401 3720 τοῖς
3444 3653 3731 3706 ἐπανιστα-

2173 3745 2382 3814 μένοις
2426 3744 2521 3799 ἐπ’
2569 3744 2671 3814 ἐεμὲ
2727 3743 3253 3815 πονηρευομένοις,
3318 3744 3639 3799 ἀκούσεται
3685 3740 3743 3794 τὸ

2175 3833 2288 3904 οὖς
2325 3856 2467 3909 μου.

2244 3931 2345 4002 νβ’.
2411 3930 2579 3983 Ὅταν
2629 3928 2837 4000 βλέπῃς
2898 3926 2992 3982 τδν
3036 3927 3162 3982 νοῦν
3219 3945 3314 3982 σου
3387 3925 3624 3990 εὐσεϐῶς
3660 3921 3742 3977 καὶ

2173 4021 2399 4083 δικαίως
2428 4019 2906 4091 ἀναστρεφόμενον
2922 4021 2981 4074 ὲν
3005 4021 3119 4083 τοῖς
3144 4019 3240 4073 τοῦ
3272 4021 3483 4090 κόσμου
3501 4021 3738 4090 νοήμασι,

2172 4115 2406 4184 γίνωσκε
2440 4113 2534 4168 καὶ
2561 4113 2623 4166 τὸ
2653 4112 2813 4183 σῶμά
2855 4130 2949 4167 σου
2979 4112 3217 4184 καθαρὸν
3241 4112 3337 4166 καὶ
3369 4112 3739 4182 ἀναμάρτητον

2170 4206 2446 4276 διαμένειν
2470 4222 2485 4236 ⁶
2531 4206 2660 4259 ὅταν
2696 4204 2751 4258 δὲ
2783 4205 2874 4260 τὸν
2902 4205 3026 4259 νοῦν
3070 4205 3274 4276 βλέπῃς
3327 4205 3472 4258 κατά
3519 4204 3738 4257 διάνοιαν

2168 4302 2466 4375 ἁμαρτίαις
2499 4301 2849 4373 σχολάζοντα,
2892 4303 2985 4356 καὶ
3040 4301 3114 4372 μὴ
3154 4302 3490 4373 ἁνακόπτῃς,
3520 4300 3735 4368 γίνωσκε

2170 4398 2264 4449 καὶ
2301 4396 2364 4448 τὸ
2392 4394 2552 4465 σῶμά
2579 4411 2674 4447 σου
2721 4393 2796 4464 μὴ
2836 4393 3247 4464 πολυχρονίζειν
3285 4391 3381 4445 τοῦ
3419 4395 3532 4455 τοῖς
3569 4389 3735 4449 αὐτοῖς

2094 4515 2137 4568 D
2169 4489 2506 4559 περιπεσεῖν.

2238 4586 2338 4650 νγ’.
2378 4581 2592 4649 Ὥσπερ
2629 4578 2690 4631 τὸ
2731 4577 2890 4647 σῶμα
2917 4575 3026 4647 ἔχει
3059 4575 3262 4644 κόσμον
3307 4573 3379 4628 τὰ
3424 4575 3730 4646 πράγματα,

2161 4673 2305 4728 οῦτω
2333 4675 2426 4728 καὶ
2455 4674 2484 4725 6
2509 4671 2630 4735 νοῦς
2652 4671 2765 4742 ἔχει
2796 4670 2999 4740 κόσμον
3032 4669 3102 4722 τὰ
3127 4670 3376 4740 νοήματα
3395 4685 3410 4700 ⁸
3446 4669 3538 4722 καὶ
3559 4667 3732 4733 ὥσπερ

2160 4766 2221 4820 τὸ
2255 4765 2416 4835 σῶμα
2449 4763 2774 4835 πορνεύεται
2813 4761 2953 4833 μετὰ
2979 4760 3072 4813 τοῦ
3115 4759 3364 4830 σώματος
3405 4761 3508 4831 τῆς
3551 4774 3728 4827 γυναι-

2162 4858 2278 4921 κὸς,
2312 4855 2455 4909 οὕτω
2481 4854 2634 4908 καὶὸ
2681 4853 2808 4918 νοῦς
2856 4851 3112 4922 πορνεύει
3154 4851 3294 4921 μετά
3337 4850 3430 4903 τοῦ
3474 4851 3728 4920 νοήματος

2160 4951 2259 5020 τῆς
2292 4946 2572 5016 γυναικὸς,
2601 4947 2692 5000 διὰ
2721 4947 2817 5016 τῆς
2847 4943 3148 5014 φαντασίας
3173 4941 3267 4995 τοῦ
3301 4943 3431 4995 ἰδίου
3467 4941 3724 5011 σώματος.

2159 5040 2270 5112 Τὴν
2293 5040 2400 5113 γάρ
2444 5039 2657 5110 μορφὴν
2695 5037 2792 5091 τοῦ
2848 5037 2979 5090 ἰδίου
3017 5035 3269 5106 σώματος
3310 5033 3497 5103 βλέπει
3545 5047 3725 5102 μιγνυο

2160 5134 2328 5204 μένην
2361 5133 2496 5203 μετὰ
2517 5132 2614 5202 τῆς
2649 5131 2863 5202 μορφῆς
2890 5129 2994 5200 τῆς
3013 5127 3272 5197 γυναικὸς
3297 5125 3438 5180 κατά
3477 5126 3721 5178 διάνοιαν.

2167 5225 2443 5288 Ὡσαύτως
2477 5225 2571 5278 καὶ
2599 5223 2696 5294 τὴν
2723 5221 2938 5293 μορφὴν
2975 5219 3070 5274 τοῦ
3099 5219 3444 5289 λυπήσαντος
3468 5214 3720 5286 ἀμύνεται

2157 5318 2298 5373 κατὰ
2323 5316 2582 5378 διάνοιαν,
2611 5314 2700 5367 διά
2737 5314 2836 5384 τῆς
2888 5311 3105 5382 μορφῆς
3151 5309 3246 5362 τοῦ
3297 5309 3427 5360 ίδίου
3462 5305 3716 5376 σώματος.

2149 5408 2258 5460 Καὶ
2283 5405 2498 5460 ἐπὶτῶν
2537 5404 2711 5458 ἀλλων
2742 5404 3155 5473 ἁμαρτημάτων
3183 5401 3402 5472 ὁμοίως.
3427 5399 3605 5466 Ἀπερ
3623 5391 3720 5461 γὰρ

2151 5496 2382 5566 πράττει
2425 5495 2487 5547 τὸ
2537 5494 2698 5565 σῶμα
2757 5493 2877 5549 κατ’
2920 5494 3200 5564 ἐνέργειαν
3247 5493 3328 5554 εἰς
3379 5489 3471 5544 τὸν
3531 5487 3719 5554 κόσμον

2149 5587 2512 5658 πραγμάτων,
2546 5587 2716 5641 ταῦτα
2748 5587 2978 5659 πράττει
3003 5587 3096 5639 καὶ
3120 5587 3148 5638 6
3173 5582 3295 5648 νοῦς
3324 5586 3400 5646 εἰς
3418 5582 3508 5636 τὸν
3530 5581 3720 5647 κόσμον

2132 5681 2258 5758 ⁹τῶν
2292 5696 2387 5750 νοη
2397 5681 2580 5749 μάτων
2600 5721 2614 5732 .
