4076 6410
332 316 466 386 1033

1184 330 1518 391 CAPITUM
1557 330 1653 389 DE
1690 329 2123 389 CHARITATE
2160 330 2548 391 CENTURIA
2587 332 2700 395 III.

3451 332 3586 398 1034

397 434 491 489 νδν.
521 435 637 488 Οὐκ
664 436 780 491 ἔστι
809 437 994 509 φρίξαι
1032 441 1125 494 καὶ
1147 426 1486 513 ἐκπλαγῆναι
1520 447 1613 498 καὶ
1641 446 1898 515 ἐκστῆναι

2073 447 2160 502 54.
2191 447 2307 501 Non
2338 447 2696 511 horrendum,
2730 462 2793 501 ac
2828 447 2972 517 quod
3005 456 3342 519 stupeamus,
3375 463 3587 507 mente-

324 525 392 592 τῇ
421 524 650 595 διανοίᾳ,
691 527 772 580 ὃτι
798 528 826 579 6
859 528 958 597 μὲν
978 529 1108 593 Θεὸς
1142 532 1235 584 καὶ
1272 533 1458 601 Πατὴρ
1484 534 1657 603 κρίνει
1685 534 1896 598 οὐδένα,

325 616 509 667 πᾶσαν
543 615 600 667 δὲ
623 616 722 687 τὴν
761 618 941 687 κρίσιν
969 620 1164 674 δέδωκε
1194 622 1271 691 τῷ
1298 624 1411 694 Υίῷ
1431 640 1445 655 ⁸
1467 627 1495 677 ὁ
1517 624 1573 677 δὲ
1609 625 1735 688 Υἱὸς
1765 625 1901 695 κρά-

323 702 443 767 ζει·
470 704 569 772 Μὴ
598 707 848 774 κρίνετε,
882 710 983 764 ἵνα
1018 711 1105 780 μὴ
1137 712 1408 783 κριθῆτε·
1446 715 1541 782 Μὴ
1584 714 1898 769 καταδικάσ

323 792 469 859 (ere,
527 796 625 851 ἵνα
660 798 747 866 μὴ
798 801 1300 872 καταδικασθῆτε.
1367 806 1422 857 Ὀ
1451 804 1506 857 δὲ
1580 804 1900 869 Ἀπόστολος

321 887 528 954 ὁμοίως
551 905 564 918 ·
597 891 655 941 Μ
662 889 693 955 ὴ
725 892 837 959 πρὸ
863 894 1073 960 καιροῦ
1115 912 1172 947 τι
1205 894 1455 963 κρίνετε,
1490 895 1602 960 ἕως
1651 896 1727 949 ἂν
1750 898 1898 967 ἔλθῃ

322 979 359 1030 ὀ
393 979 608 1045 Κύριος
636 997 648 1009 ο
676 982 795 1045 καὶ,
850 984 945 1035 Ἐν
973 978 1022 1051 ᾧ
1044 987 1279 1055 κρίματι
1304 987 1527 1054 κρίνεις
1546 987 1652 1041 τόν
1671 987 1896 1055 ἕτερον,

321 1068 589 1121 σεαυτὸν
615 1075 1025 1140 κατακρίνεις·
1065 1076 1112 1127 οἱ
1159 1076 1216 1129 δὲ
1246 1076 1520 1147 ἄνθρωποι
1567 1079 1795 1145 ἀφέντες
1837 1079 1899 1133 τὸ

323 1157 534 1210 κλαίειν
552 1158 650 1223 τὰς
682 1162 890 1215 ἑαυτῶν
931 1165 1222 1235 ἁμαρτίας,
1255 1163 1396 1237 ἦραν
1430 1168 1528 1239 τὴν
1570 1170 1749 1239 κρίσιν
1791 1170 1899 1224 ἀπὸ

322 1245 419 1298 τοῦ
453 1247 603 1312 Υἰοῢ,
650 1252 744 1303 καὶ
787 1253 937 1305 αὐτοὶ
978 1255 1053 1317 ὡς
1098 1254 1494 1326 ἀναμάρτητοι,
1527 1257 1773 1325 κρίνουσι
1805 1258 1897 1310 καὶ

326 1339 784 1404 καταδικάζουσιν
831 1343 1089 1411 ἀλλήλους
1128 1349 1238 1402 Καὶ
1266 1351 1293 1401 ό
1323 1350 1421 1418 μὲν
1445 1350 1673 1420 οὐρανὸς
1701 1350 1892 1420 ἐξέστη

324 1429 421 1482 ἐπὶ
458 1432 633 1501 τούτῳ
655 1449 667 1462 ·
694 1436 726 1505 ἠ
759 1434 815 1487 δὲ
839 1437 931 1506 γῆ,
959 1437 1203 1508 ἔφριξεν·
1233 1436 1385 1494 αὑτοὶ
1410 1440 1467 1493 δὲ
1496 1442 1596 1496 οὐκ
1618 1442 1897 1512 αἰσχύνον-

321 1537 413 1573 ται
437 1521 906 1593 ἀναισθητοῦντες.

395 1697 487 1744 νε’.
533 1691 593 1745 Ὀ
620 1692 720 1758 τὰς
738 1694 846 1749 τῶν
878 1695 1052 1752 ἄλλων
1075 1698 1347 1771 ἁμαρτίας
1376 1706 1892 1776 περιεργαζόμενος,

320 1781 355 1851 ἢ
396 1782 491 1835 καὶ
519 1783 578 1847 ἐξ
616 1784 873 1849 ὑπονοίας
900 1787 991 1840 τὸν
1020 1787 1249 1859 ἀδελφὸν
1278 1793 1500 1863 κρίνων,
1521 1795 1674 1851 οὔπω
1701 1798 1893 1853 ἔϐαλεν

319 1873 495 1945 ἀρχὴν
525 1876 833 1960 μετανρίας,
874 1878 997 1932 οὐδὲ
1038 1882 1266 1954 ἐρευνᾷν
1292 1884 1385 1938 τοῦ
1419 1887 1765 1960 γνῶναι[Γι·.
1800 1892 1894 1944 καὶ

318 1965 521 2033 γνῶναι
544 1965 564 2038 Ῑ
585 1948 904 2031 τὰςκέαυτοῦ
935 1948 1229 2043 ἁμαρτίας,
1251 1976 1309 2029 ἐν
1337 1948 1564 2050 ἀληθείᾳ
1587 1948 1895 2056 βαρυτέρας

318 2056 488 2119 οὗσας
514 2060 763 2129 μολίϐδου
792 2063 1188 2121 πολυταλάντου
1211 2083 1224 2098 ·
1253 2070 1374 2123 οὐδὲ
1402 2070 1544 2141 ἔγνω
1571 2074 1733 2129 πόθεν
1755 2076 1893 2145 γίνε-

318 2165 412 2201 ται
442 2148 728 2223 ἄνθρωπος
750 2153 1112 2227 βαρυκάρδιος
1158 2159 1389 2228 ἀγαπῶν
1433 2164 1770 2237 ματαιότητα
1798 2168 1893 2222 καὶ

319 2238 502 2308 ζητῶν
529 2241 743 2311 ψεῦδος.
785 2247 885 2301 Διὰ
915 2248 1073 2302 τοῦτο
1115 2250 1192 2313 ὼς
1244 2250 1436 2323 ἄφρων
1485 2255 1581 2309 καὶ
1611 2258 1672 2311 ὲν
1714 2258 1895 2313 σκότει

317 2331 794 2405 διαπορευόμενος,
853 2338 1012 2407 ἀφεὶς
1063 2341 1163 2406 τὰς
1206 2344 1400 2399 ἑαυτοῦ
1446 2347 1744 2417 ἁμαρτίας,
1795 2350 1895 2414 τὰς

316 2423 431 2475 τῶν
464 2423 639 2478 ἄλλων
671 2429 1023 2499 φαντάζεται,
1065 2432 1097 2503 ἢ
1136 2433 1326 2501 οὔσας,
1361 2438 1394 2511 ἢ
1437 2440 1796 2511 νομιζομένας
1833 2443 1893 2508 ἐξ

316 2514 599 2577 ὑπονοίας.

395 2607 502 2665 νς-’.
554 2605 621 2656 Ἡ
644 2605 926 2672 φιλαυτία,
958 2610 1035 2674 ὡς
1072 2614 1336 2681 πολλάκις
1379 2617 1617 2690 εἴρηται,
1672 2621 1894 2678 πάντων

317 2691 432 2787 τῶν
469 2695 731 2764 ὲμπαθῶν
756 2698 1033 2773 λογισμῶν
1079 2705 1231 2760 αἰτία
1271 2708 1618 2768 καθίσταται.
1663 2714 1759 2767 Ἐκ
1784 2714 1895 2787 γὰρ

228 2852 239 2859 _
322 2784 531 2857 ταύτης
555 2791 851 2857 γεννῶνται
902 2797 951 2847 οί
998 2800 1149 2868 τρεῖς
1190 2799 1547 2868 γενικώτατοι
1576 2805 1674 2875 τῆς
1704 2784 1896 2860 ὲπιθυξ

326 2878 459 2949 μίας
484 2878 760 2953 λογισμοί·
792 2886 820 2939 6
851 2885 948 2955 τῆς
972 2891 1434 2962 γαστριμαργίας,
1464 2894 1670 2967 καὶτῆς
1698 2898 1896 2968 φιλαρ-

322 2970 521 3061 γυρίας
555 2966 648 3025 καὶ
680 2975 778 3043 τῆς
803 2978 1128 3045 κενοδοξίας.
1172 2983 1267 3037 Ἐκ
1300 2984 1355 3037 δὲ
1404 2986 1503 3055 τῆς
1551 2966 1896 3061 γαστριμαρ-

325 3060 455 3128 γίας
482 3063 736 3130 γεννᾶται
778 3066 806 3117 ὀ
845 3067 944 3136 τῆς
978 3070 1267 3141 πορνείας·
1301 3074 1365 3127 ἐκ
1400 3075 1456 3127 δὲ
1487 3076 1586 3142 τῆς
1638 3060 1897 3150 φιλαργυ-

330 3152 476 3223 ρίας,
513 3156 541 3206 ὁ
568 3156 665 3227 τῆς
694 3156 1005 3239 πλεονεξίας
1042 3161 1149 3232 (ρ)·
1184 3165 1247 3217 ὲκ
1276 3164 1333 3218 δὲ
1369 3166 1469 3236 τῆς
1502 3169 1826 3236 κενοδοξίας,
1872 3173 1901 3224 6

328 3240 432 3312 τῆς
463 3240 880 3316 ὑπερηφανείας.
920 3250 980 3302 Oi
1000 3252 1056 3304 δὲ
1086 3252 1262 3307 λοιποὶ
1292 3255 1513 3320 πάντες,
1559 3258 1773 3329 ἑκάστῳ
1798 3258 1904 3313 τῶν

328 3333 502 3405 τριῶν
534 3337 952 3394 ἀκολουθοῦσιν
1014 3342 1041 3395 ὅ
1100 3361 1159 3397 τε
1203 3346 1303 3416 τῆς
1340 3348 1532 3418 ὀργῆς,
1584 3353 1677 3402 καὶ
1730 3352 1759 3402 6
1805 3352 1903 3422 τῆς
1964 3356 1975 3363 ’

325 3424 508 3495 λύπης
534 3428 626 3479 καὶ
658 3430 685 3481 6
713 3429 810 3501 τῆς
834 3434 1198 3500 μνησικακίας
1224 3439 1316 3490 καὶ
1351 3440 1379 3491 6
1409 3439 1507 3508 τῆς
1536 3440 1763 3511 ἅκηδίας
1808 3443 1904 3495 καὶ

325 3516 526 3586 φθόνου
558 3520 652 3573 καὶ
682 3523 1035 3592 καταλαλιᾶς,
1059 3528 1151 3580 καὶ
1184 3529 1234 3580 oi
1266 3528 1461 3584 λοιποί.
1497 3531 1682 3585 Ταῦτα
1719 3530 1812 3587 οὖν
1834 3534 1904 3587 τὰ

325 3607 501 3679 πάθη,
561 3610 920 3682 συνδεσμοῦσι
971 3615 1062 3668 τὸν
1120 3617 1244 3670 νοῦν
1302 3622 1416 3684 τοῖς
1471 3621 1675 3691 ὑλικοῖς
1724 3624 1903 3695 πράγ-

334 3714 464 3766 μασι
491 3698 626 3768 (27),
657 3703 751 3755 καὶ
782 3705 1108 3775 κατέχουσιν
1131 3708 1295 3762 αὑτὸν
1325 3712 1407 3775 είς
1446 3711 1543 3783 τὴν
1588 3717 1712 3786 γῆν,
1754 3715 1901 3770 λίθου

327 3788 485 3859 δίκην
518 3787 823 3871 βαρυτάτου
845 3797 993 3869 αὐτῷ
1019 3800 1345 3872 ἐπικείμενα
1367 3820 1382 3836 ·
1410 3805 1569 3873 φύσει
1593 3808 1720 3862 ὄντα
1742 3809 1903 3864 αὑτὸν

324 3880 502 3948 πυρὸς
531 3884 859 3958 κουφότερον
908 3890 1003 3944 καὶ
1039 3890 1314 3964 ὀξύτερον.

398 3969 495 4034 νζ’.
549 3971 716 4044 Ἀρχὴ
758 3981 856 4044 μὲν
902 3977 1119 4032 πάντων
1152 3982 1258 4036 τῶν
1288 3984 1500 4050 παθῶν,
1539 3989 1572 4057 ἡ
1606 3988 1861 4057 φιλαυτία
1884 4009 1899 4023 ⁸

320 4059 583 4154 τέλος-δὲ,
616 4065 648 4135 ή
677 4064 1047 4137 ὑπερηφανία.
1083 4070 1341 4127 Φιλαυτία
1384 4076 1441 4129 δέ
1484 4079 1652 4146 ἐστιν,
1693 4082 1728 4152 ἡ
1766 4082 1904 4154 πρὸς

321 4149 385 4204 τὸ
431 4152 592 4223 σῶμα
638 4154 831 4223 ἄλογος
894 4157 1067 4228 φιλία.
1121 4160 1179 4215 Ὅ
1213 4164 1419 4237 ταύτην
1462 4149 1725 4239 ἐκκόψας,
1775 4149 1901 4228 συν-

320 4243 489 4315 έκοψε
517 4247 695 4302 πάντα
727 4249 795 4304 τὰ
819 4249 967 4322 πάθη
998 4253 1067 4307 τὰ
1089 4254 1149 4319 ἐξ
1181 4257 1371 4328 αὐτῆς.

403 4421 495 4489 θην.
532 4418 743 4492 Ὥσπερ
765 4422 816 4475 οἱ
842 4426 1017 4491 γονεῖς
1045 4425 1151 4479 τῶν
1168 4430 1458 4499 σωμάτων,

319 4510 437 4570 τοῖς
478 4509 537 4573 ὲξ
579 4510 754 4565 αὐτῶν
795 4516 1154 4585 γεννωμένοις
1203 4520 1279 4591 (q)
1303 4538 1316 4551 ·
1364 4522 1507 4578 οὕτω
1551 4529 1646 4582 καὶ
1684 4532 1713 4583 6
1748 4509 1899 4599 νοῦς,

326 4601 574 4668 φυσικῶς
607 4605 719 4668 τοῖς
749 4604 945 4659 ἑαυτοῦ
980 4608 1302 4678 πρόσκειται
1333 4613 1534 4683 λόγοις.
1569 4620 1677 4675 Καὶ
1710 4622 1901 4699 ὥσπερ

393 4783 441 4868 ξς
471 4782 628 4868 Joan.
658 4802 712 4851 ν,
893 4788 1177 4868 ,ξε-Μειιιι.
1204 4810 1298 4868 v11.
1336 4796 1386 4849 Ι.
1459 4798 1499 4829 ⁸⁵
1538 4799 1671 4855 Luc.
1710 4819 1785 4868 vr,
1819 4805 1907 4860 57.

320 4854 365 4886 θ’
402 4854 632 4915 Zachar.
669 4873 723 4911 ν.
758 4856 812 4909 7.
893 4859 937 4890 οι
968 4861 1111 4916 Psal.
1142 4880 1217 4928 ιν,
1256 4864 1306 4917 3.
1636 4854 1641 4855 ⁷
1680 4872 1683 4873 ν

398 5010 491 5099 (Ρλγ
548 5015 669 5099 Ἐκί
702 5014 773 5069 δέ
800 5020 1200 5099 φίλαρηιρζας
1224 5064 1237 5084 ,
1269 5025 1302 5075 ὁ
1357 5023 1468 5099 τῇς
1519 5030 1899 5099 πλεονεξίας.

317 5080 626 5164 Membrum
655 5086 781 5165 hoc,
801 5080 874 5141 ad
906 5080 1123 5143 Βίειέιίιῖιί
1170 5080 1355 5165 tentus
1386 5080 1905 5165 integritateniTne;

319 5154 645 5230 cessarium.
679 5156 1116 5230 dederuntgmss.
1146 5162 1270 5215 cod.
1296 5154 1584 5230 Πλεονεῖία
1634 5170 1778 5224 haud
1808 5154 1902 5228 E5-

317 5235 415 5312 roj
437 5223 843 5312 ipsauavaritia
886 5228 1353 5312 redditu-rtquod
1399 5244 1483 5290 est
1506 5223 1870 5312 ’φιλαργυρία
1886 5261 1900 5277 ο

316 5291 830 5382 ﬁdlhichM‘aximus
857 5300 1029 5382 probe
1062 5291 1375 5382 distinguit,
1404 5315 1465 5382 ut
1500 5291 1721 5382 prolem.
1746 5291 1795 5365 ar

313 5371 495 5447 rente.
531 5364 627 5419 Est
650 5384 787 5447 ergo
814 5364 1043 5431 avaritia
1070 5372 1125 5443 (ἡ
1156 5364 1517 5447 φιλαργυρίαὶ
1554 5364 1903 5439 inordinatus

314 5431 413 5521 ille
464 5431 852 5521 pe’c'uniar'um.
904 5431 1192 5521 amor."_u't
1243 5431 1303 5497 et
1339 5431 1451 5521 ’νὸξ

315 5503 603 5587 πλεονεξία
633 5524 767 5587 vero
801 5509 886 5564 vis
915 5512 1031 5587 ipsa
1067 5512 1269 5587 injusta
1294 5531 1365 5587 ac
1397 5516 1523 5587 plus
1543 5503 1909 5579 habendi—“ra:

313 5587 421 5654 pag
452 5576 636 5654 libido
649 5576 1140 5654 circumveniendo'
1155 5586 1303 5654 proxi
1313 5576 1458 5642 mu'm
1469 5628 1481 5641 .

392 5644 470 5716 (q)
506 5649 995 5732 gp0_r_retdo'xooat
1027 5644 1189 5732 107%:
1236 5656 1307 5721 ἐξ
1355 5658 1554 5712 αὐτῶν
1621 5664 1911 5732 γεννωμέ-

314 5728 468 5783 νοις.
505 5717 935 5777 δίιηὶιίιυιίοέει
957 5717 1298 5792 spiritalium
1318 5738 1609 5797 parentum
1627 5717 1759 5787 'cum
1789 5717 1911 5789 ear-

638 5811 911 5874 ΡΑτιιοι.
956 5813 1075 5876 (in.
1111 5817 1233 5881 XC.

2002 555 2109 609 que
2143 541 2361 596 attoniti
2388 538 2553 593 etiam
2578 548 2741 609 atque
2765 540 2929 594 etiam
2956 542 3243 607 miremur,
3268 544 3414 612 quod
3441 545 3586 601 Deus

2001 640 2057 684 et
2090 632 2248 685 Pater
2282 631 2559 687 neminem
2596 631 2827 701 judicct,
2856 631 2952 685 scd
2997 648 3158 687 omne
3190 634 3460 704 judicium
3492 637 3585 692 de-

2002 721 2146 775 derit
2192 722 2328 776 Filio
2374 723 2453 787 '5;
2506 722 2787 792 Filiusque
2824 722 3023 777 clamet
3057 724 3268 778 :Nolite
3311 727 3579 795 judicare,

2001 821 2048 864 et
2079 829 2184 865 non
2217 813 2590 883 judicabimini
2627 814 2673 845 ⁸⁸
2719 831 2731 865 :
2769 811 2945 866 Nolite
2988 814 3357 881 condemnare,
3397 826 3445 869 et
3479 834 3581 871 non

2001 903 2477 957 condemnabimini
2527 903 2593 957 ⁸⁷.
2644 902 2910 958 Similiter
2949 920 3168 974 quoque
3219 905 3513 974 Apostolus
3564 926 3579 962 :

2000 992 2172 1046 Nolite
2206 1001 2327 1047 ante
2360 1004 2561 1065 tempus
2593 994 2795 1064 aliquid
2820 996 3085 1065 judicare,
3131 998 3470 1069 quoadusque
3500 1015 3586 1053 ve-

2001 1085 2114 1137 niat
2146 1084 2396 1139 Dominus
2427 1086 2492 1139 δθ.
2520 1086 2588 1140 Ει
2616 1103 2628 1138 :
2662 1086 2722 1139 In
2750 1103 2851 1156 quo
2870 1087 3072 1156 judicio
3101 1087 3328 1141 alterum
3348 1090 3581 1158 judicas,

2001 1178 2224 1246 teipsum
2244 1182 2561 1230 condemnas
2590 1178 2667 1240 δνς
2701 1177 2951 1232 homines
2980 1187 3186 1242 autem,
3219 1179 3420 1234 omissa
3453 1196 3584 1235 cura

1998 1266 2220 1336 lugendi
2249 1275 2471 1336 peccata
2507 1283 2624 1333 sua,
2656 1267 2925 1339 judicium
2953 1268 3094 1322 Filio
3127 1268 3491 1334 abstulerint;
3520 1284 3585 1324 ac

1997 1357 2150 1412 velut
2182 1358 2282 1427 ipsi
2315 1358 2588 1413 immunes
2620 1373 2650 1413 a
2683 1366 2928 1428 peccato,
2960 1358 3051 1413 alii
3080 1359 3214 1414 alios
3235 1360 3486 1430 judicent
3520 1376 3585 1416 ac

1998 1449 2398 1504 condemnent?
2428 1451 2506 1505 Ac
2546 1450 2710 1522 5,36
2753 1452 2952 1507 ccelum
2998 1452 3219 1522 quidem
3267 1468 3432 1523 super
3477 1454 3584 1510 hoc

1998 1539 2302 1610 obstupuit,
2330 1549 2583 1611 terraque
2612 1542 2889 1597 inhorruit
2914 1544 2993 1610 ⁹⁰;
3026 1559 3128 1599 nec
3152 1544 3230 1598 illi
3260 1553 3440 1600 tamen
3472 1560 3585 1615 pra:

1996 1638 2225 1699 stupore
2254 1632 2467 1701 pudore
2495 1633 2609 1687 ullo
2643 1633 2943 1689 ducuntur.

2067 1720 2154 1775 55.
2180 1720 2283 1787 Qui
2319 1723 2374 1776 in
2416 1723 2651 1777 aliorum
2679 1724 2955 1779 curiosius
2985 1724 3184 1780 delicta
3219 1724 3471 1795 inquirit,
3500 1728 3579 1781 vel

1995 1810 2162 1867 etiam
2189 1828 2257 1868 ex
2288 1814 2391 1869 levi
2426 1817 2743 1885 conjectura
2781 1824 2878 1870 aut
2904 1815 3220 1887 suspicione
3248 1817 3473 1872 fratrem
3498 1818 3587 1888 ju-

1995 1902 2162 1968 dicat,
2193 1904 2438 1959 nondum
2471 1905 2810 1975 paenitentiae
2852 1906 3273 1962 fundamentum
3298 1908 3454 1977 jecit,
3482 1922 3586 1962 nec

1995 2002 2057 2048 ut
2085 2002 2362 2050 scrutetur
2392 2011 2457 2050 ac
2486 1996 2775 2067 intelligat,
2810 2005 3035 2066 peccata
3082 2012 3180 2052 sua
3221 1999 3382 2069 longe
3412 1999 3585 2053 multa

1995 2085 2205 2155 plumbi
2234 2088 2457 2151 talenta,
2490 2088 2639 2157 gravi
2669 2088 2914 2158 pondere
2950 2104 3212 2159 superare
3236 2090 3280 2121 θ’
3309 2107 3322 2141 :
3356 2105 3461 2145 nec
3490 2103 3586 2144 co-

1995 2175 2205 2245 gnovit,
2230 2176 2375 2232 unde
2404 2176 2499 2232 ﬁat
2530 2177 2695 2233 homo
2730 2180 2883 2249 gravi
2916 2178 3103 2245 corde,
3145 2180 3240 2249 qui
3268 2179 3461 2250 diligat
3491 2195 3587 2235 va-

1995 2263 2227 2319 nitatem
2262 2276 2320 2320 et
2360 2266 2707 2321 mendacium
2746 2274 2955 2337 quierat
2981 2271 3048 2324 ".
3077 2269 3292 2324 Idcirco
3318 2271 3469 2324 velut
3503 2271 3584 2325 in-

1996 2353 2201 2424 sipiens
2222 2364 2279 2410 et
2316 2354 2408 2425 qui
2447 2355 2503 2410 in
2530 2357 2777 2412 tenebris
2807 2358 3075 2424 ambulet,
3100 2358 3321 2414 omissis
3344 2359 3587 2429 peccatis

1997 2444 2131 2511 suis,
2166 2445 2398 2501 aliorum
2426 2455 2649 2516 peccata
2683 2447 2907 2519 cogitat,
2949 2459 3045 2504 aut
3071 2466 3194 2520 quae
3227 2449 3408 2519 reipsa
3450 2450 3585 2515 sint,

1998 2543 2093 2591 aut
2115 2551 2237 2605 quae
2266 2536 2407 2591 male
2430 2536 2768 2607 suspiciosus
2794 2538 2900 2593 sibi
2930 2538 3051 2608 ipse
3077 2538 3371 2609 conlingat.

1986 2666 1991 2671 ρ
2069 2627 2156 2683 56.
2192 2627 2448 2681 Φιλαυτία
2485 2626 2593 2699 (sui
2634 2629 2725 2684 ille
2762 2644 2825 2684 ac
2849 2630 3030 2685 carnis
3056 2645 3233 2685 caecus
3264 2628 3470 2700 amor),
3504 2630 3585 2683 uti

1996 2719 2196 2790 sepius
2234 2718 2444 2775 dictum
2488 2727 2593 2784 est,
2621 2720 3042 2776 libidinosarum
3082 2722 3329 2776 omnium
3374 2722 3586 2791 cogita-

1974 2802 2205 2866 tionum
2238 2826 2402 2867 causa
2444 2812 2679 2868 exsistit.
2712 2814 2793 2868 Ex
2834 2829 2900 2869 ea
2949 2814 3098 2867 enim
3141 2820 3446 2869 nascuntur
3479 2814 3586 2867 tria

1995 2901 2404 2971 generalissima
2432 2903 2752 2971 cupiditatis
2781 2904 2950 2968 vitia;
2976 2904 3116 2973 gulae
3145 2903 3376 2967 scilicet,
3407 2903 3589 2957 avari-

1998 2992 2086 3046 tiae
2118 2999 2175 3045 et
2204 2992 2382 3047 inanis
2412 2994 2617 3063 gloriaa.
2653 2995 2731 3049 Ex
2759 2995 2884 3065 gula
2913 3002 3121 3058 autem,
3151 2993 3398 3047 nascitur
3431 3007 3587 3047 scor-

2001 3081 2223 3136 tationis
2252 3083 2481 3148 vitium;
2514 3100 2581 3139 ex
2623 3085 2853 3157 avaritia
2892 3099 3048 3149 vero,
3088 3084 3289 3155 iniusta
3317 3083 3592 3154 rapacitas

2002 3170 2235 3240 plusque
2282 3170 2523 3225 habendi
2571 3172 2779 3237 libido;
2833 3188 2900 3226 ex
2946 3172 3099 3227 inani
3140 3182 3325 3227 autem
3377 3172 3586 3243 gloria,

2004 3259 2198 3314 vitium
2229 3261 2522 3331 superbia.
2546 3261 2737 3317 Omnis
2761 3278 2926 3332 porro
2956 3264 3296 3332 reliquorum
3326 3264 3593 3318 vitiorum

2006 3352 2199 3416 turba,
2247 3353 2446 3422 cuique
2491 3352 2689 3407 borum
2742 3354 2907 3407 trium
2961 3369 3148 3409 comes
3199 3354 3445 3421 accedit;
3497 3356 3594 3413 ira:

2005 3442 2238 3507 scilicet,
2264 3442 2523 3508 tristitirc,
2560 3443 2885 3513 injuriarum
2923 3443 3223 3509 memoriae,
3254 3444 3479 3510 acediaa,
3505 3446 3593 3500 in-

2003 3532 2187 3597 vidiae,
2223 3532 2602 3596 detractionis,
2652 3548 2716 3587 ac
2759 3534 2990 3603 reliqua.
3049 3534 3387 3606 llaecigitur
3433 3537 3590 3601 vitia,

2006 3621 2241 3675 terrenis
2290 3621 2459 3676 rebus
2505 3621 2751 3676 animum
2785 3621 3004 3678 fortiter
3050 3623 3285 3694 illigant,
3331 3628 3593 3697 gravissi-

2005 3711 2192 3781 mique
2233 3711 2351 3766 saxi
2396 3712 2571 3767 instar
2603 3710 2683 3767 illi
2716 3711 3115 3781 incumbentia,
3146 3715 3203 3769 in
3249 3725 3401 3771 terra
3445 3717 3593 3773 detio

2006 3813 2159 3871 nent,
2188 3820 2313 3861 cum
2343 3805 2460 3875 ipse
2490 3813 2687 3863 natura
2713 3808 2826 3878 igni
2854 3807 3030 3863 levior
3057 3824 3121 3864 ac
3146 3810 3404 3866 subtilior
3428 3813 3520 3868 sit.

2076 3995 2163 4051 57.
2210 3994 2476 4050 Φιλαυτία
2528 3995 2636 4068 (sui
2684 3997 2775 4052 ille
2819 4012 2884 4053 ac
2931 3999 3115 4054 carnis
3163 4015 3365 4070 pravus
3410 4004 3588 4073 amor)

2005 4085 2265 4141 vitiorum
2298 4088 2546 4142 omnium
2578 4087 2799 4142 initium
2839 4098 2924 4144 est
2955 4098 3012 4145 et
3046 4090 3203 4161 origo
3234 4109 3246 4144 :
3278 4092 3402 4147 linis
3431 4109 3587 4157 vero,

2007 4177 2289 4247 superbia.
2320 4179 2420 4234 Est
2448 4190 2632 4234 autem
2658 4181 2937 4247 Φιλαυτία,
2974 4183 3282 4240 abhorrens
3310 4201 3341 4239 a
3376 4187 3593 4243 ratione

2006 4270 2262 4338 corporis
2307 4285 2482 4326 amor.
2538 4270 2692 4327 Hane
2736 4274 2832 4343 qui
2880 4275 3105 4341 excidit,
3145 4292 3251 4330 una
3298 4292 3424 4332 cum
3477 4279 3593 4343 illa,

2006 4375 2132 4429 qua:
2160 4377 2231 4416 ex
2260 4362 2379 4432 ipsa
2418 4372 2567 4429 sunt,
2597 4363 2729 4419 vitia
2766 4366 2950 4421 omnia
2978 4366 3203 4423 excidit.

1490 4438 1901 4511 προσπὰσχουσι

2076 4452 2165 4507 58.
2222 4452 2695 4520 Quemadmodum
2743 4457 2838 4527 qui
2897 4458 3196 4514 liberorum
3245 4461 3595 4530 susceptione

2009 4558 2303 4614 corporum
2327 4555 2587 4616 parentes
2614 4557 2763 4614 sunt,
2795 4549 2997 4605 affectu
3033 4551 3316 4606 ducuntur
3339 4567 3465 4623 erga
3493 4569 3596 4606 eos

2008 4649 2148 4702 quos
2194 4648 2558 4707 susceperunt
2602 4655 2616 4692 :
2665 4638 2745 4694 sic
2795 4656 2949 4695 mens
3003 4648 3199 4695 natura
3247 4641 3597 4709 sermonibus

2022 4810 2111 4863 "'1
2146 4810 2273 4866 Cor.
2300 4829 2373 4877 IV,
2407 4815 2459 4867 5.
2576 4815 2623 4847 ⁸³
2654 4816 2813 4868 Rom.
2848 4831 2903 4879 ιι,
2944 4817 2990 4867 1.
3106 4816 3151 4847 ⁹⁰
3179 4816 3379 4870 Jcrem.
3414 4834 3468 4882 ιι,
3498 4818 3591 4873 12.

2009 5036 2416 5115 nalibus,_quo
2453 5042 2538 5098 sic
2582 5044 2966 5115 utriquesuis
2999 5044 3289 5115 indulgent
3315 5046 3591 5114 prolibus.

2008 5108 2171 5185 Λόγοι
2200 5108 2388 5179 ita’que
2417 5122 2473 5185 et
2492 5108 2786 5185 sermones
2820 5114 2931 5177 hic,
2962 5108 3384 5185 prmcipueliliri
3422 5128 3553 5174 sunt
3580 5138 3592 5172 :

2008 5178 2156 5256 unde
2184 5178 2379 5256 auctor
2416 5182 2603 5256 Schol.
2625 5183 2885 5256 _Dufrenii
2922 5178 3046 5240 cod.
3075 5204 3087 5239 :
3112 5178 3274 5238 Φοὸεῖ
3300 5204 3369 5256 με
3396 5188 3593 5250 ταῦτα,

2007 5248 2101 5321 καὶ
2134 5249 2398 5321 Δγράφειν
2429 5253 2753 5321 ἀποτρέπειο
2801 5254 3016 5309 Terrent
3053 5271 3135 5309 me
3171 5248 3313 5321 haec;
3333 5257 3411 5313 sic
3447 5248 3595 5315 dicta

2007 5317 2264 5382 Maximo,
2290 5317 2354 5374 et
2390 5340 2422 5375 a
2451 5317 2725 5377 scribendo
2787 5325 3073 5382 deterrent.
3109 5326 3227 5381 Hoc
3257 5317 3423 5382 sensu
3472 5345 3597 5385 san—

2006 5388 2481 5467 c_tus_Ambro_si_us
2502 5395 2676 5467 libros
2692 5409 2823 5467 suos
2840 5395 2961 5450 aliis
2983 5397 3307 5467 relegendos
3330 5407 3386 5453 et
3406 5415 3598 5454 emen-

2012 5458 2505 5537 dandostradebat
2534 5466 2672 5537 ,ctsi
2705 5465 2789 5519 vir
2809 5472 2994 5522 tantus
3022 5458 3175 5522 erat:
3206 5468 3351 5537 quod
3377 5469 3457 5523 sic
3481 5470 3597 5524 fere

2012 5530 2341 5607 auctoribus
2360 5534 2475 5607 suis
2494 5536 2745 5607 placeant
2765 5551 2863 5590 sua
2891 5537 3115 5607 scripta,
3139 5553 3201 5593 ac
3219 5530 3595 5600 monumenta.

2011 5600 2378 5677 naturaliAilla
2400 5604 2475 5677 ad
2497 5600 2624 5677 ipsa
2652 5600 3021 5677 προσπαθείαξ
3045 5608 3198 5662 velut
3221 5616 3510 5677 parentum
3537 5610 3594 5665 in

2012 5678 2195 5793 nattos.
2256 5670 2412 5738 Quod
2449 5670 2631 5730 reddit
2653 5670 2857 5731 Obson.
2883 5670 3297 5747 compatiuntur,
3325 5693 3433 5733 non
3458 5680 3594 5737 satis

2012 5753 2076 5793 an
2110 5755 2222 5793 um.

2009 5753 2222 5806 aptum.

3193 5839 3271 5899 33
