4076 6416
375 371 504 434 1027
1249 363 1582 423 CAPITUM
1621 363 1715 422 DE
1755 362 2186 421 CHARITATE
2221 361 2606 422 CENTURIA
2650 364 2762 423 III.
3491 374 3625 432 1038

363 480 458 536 Διδ
489 477 717 542 πολλοὶς
781 478 931 532 ἔστιν
991 478 1172 548 εὑρεῖν
1226 476 1336 530 τῶν
1376 476 1681 547 ἀνθρώπων
1735 477 1941 544 γνῶσιν

2048 493 2233 530 rerum
2277 478 2566 532 scnsilium
2627 478 2948 548 cogitationi
2995 481 3193 534 similis
3253 483 3493 537 exsistit.
3543 487 3627 539 ld-

366 571 588 641 ἔχοντας
644 570 866 640 πολλὴν,
924 571 1018 624 καλ⁵
1066 571 1123 622 ὲν
1173 571 1285 632 τοῖς
1346 570 1444 638 τῆς
1500 569 1704 639 σαρκὸς
1749 569 1946 623 πάθεσι

2050 566 2200 620 circo
2235 582 2346 620 non
2411 582 2619 636 paucos
2666 567 2954 632 invenias,
3007 569 3100 638 qui
3135 569 3341 640 ingenti
3397 574 3627 629 scicntia

364 664 525 733 δίκην
580 662 781 732 χοίρων
833 663 890 714 ἐν
953 661 1201 732 βορϐόρῳ
1261 660 1731 730 κυλινδουμένους.
1800 661 1944 730 Πρὸς

2050 659 2290 728 praediti,
2354 675 2517 714 suum
2550 675 2704 714 more
2731 661 2786 714 in
2814 676 2993 726 coeno,
3047 662 3101 715 in
3131 665 3312 719 carnis
3339 665 3628 723 affectibus

361 753 550 822 ὀλίγον
603 753 713 824 γὰρ
767 753 824 820 ἐξ
873 752 1192 822 ἐπιμελείας
1244 751 1633 820 καθαρθέντες,
1690 753 1784 806 καὶ¹
1844 754 1944 822 τῆς

2050 766 2113 804 ac
2169 752 2498 807 libidinibus
2537 752 2940 807 volutentur“.
3000 753 3290 824 Tantisper
3325 759 3494 824 enim,
3539 775 3625 823 ea,

363 843 620 912 γνώσεως
650 845 1019 914 ἐπιτυχόντες,
1047 843 1274 914 ὕστερον
1298 844 1690 914 ἀμελήσαντες,
1725 843 1942 914 ὡμοιώ-

2049 857 2214 909 quam
2280 842 2693 908 adhibuerunt,
2755 842 3038 912 diligentia
3096 845 3310 914 purgati
3369 851 3627 917 nactique

364 936 542 1007 θησαν
587 934 664 1006 τῷ
711 935 919 989 Σαούλ·
976 935 1032 999 ὃς
1090 934 1367 1005 βασιλείας
1421 935 1802 1002 καταξιωθεὶς,
1849 935 1946 988 καὶ

2050 931 2359 997 scientiam,
2390 933 2740 1003 postmodum
2779 934 3205 1004 negligentior-es
3233 935 3436 1001 effecti,
3479 937 3627 992 Sauli

361 1025 603 1090 ἀναξίως
666 1026 1147 1096 πολιτευσάμενος,
1206 1024 1323 1096 μετ’
1380 1025 1548 1096 ὀργῆς
1598 1025 1838 1096 φοϐερᾶς
1886 1026 1944 1092 ἐξ

2054 1023 2262 1077 similes
2294 1024 2648 1078 exstiterunt.
2676 1025 2726 1078 Is
2768 1041 3008 1094 namque
3042 1040 3210 1096 regno
3243 1027 3473 1094 potitus,
3524 1044 3629 1085 nec

366 1122 540 1192 αὐτῆς
573 1121 883 1191 ἀπεϐλήθη.

2050 1115 2146 1168 illo
2173 1125 2231 1168 ut
2257 1116 2484 1185 dignum
2521 1116 2688 1188 438
2717 1126 2837 1172 erat
2865 1133 2929 1172 ac
2958 1134 3046 1172 res
3081 1119 3346 1188 poscebat
3389 1121 3625 1176 admini-

2049 1210 2244 1264 strato,
2282 1203 2618 1259 formidabili
2652 1205 2748 1260 irae
2768 1207 3039 1276 exemplo,
3067 1215 3133 1261 eo
3167 1208 3416 1278 dejectus
3449 1219 3557 1265 est.

437 1302 534 1369 ξς.
572 1303 782 1371 Ὥσπερ
806 1302 834 1353 ό
866 1300 1019 1370 ψιλὸς
1055 1301 1161 1354 τῶν
1201 1301 1561 1372 ἀνθρωπίνων
1605 1304 1946 1373 πραγμάτων

2119 1295 2206 1350 67.
2243 1296 2716 1362 Quemadmodum
2761 1299 2992 1368 simplex
3026 1299 3282 1369 nudaque
3312 1317 3495 1355 rerum
3527 1303 3629 1357 bu-

359 1393 628 1462 λογισμὸς
659 1393 793 1459 ('50),
822 1393 922 1445 οὐκ
947 1393 1252 1460 ἀναγκάζει
1284 1391 1376 1446 τὸν
1423 1393 1548 1446 νοῦν
1583 1395 1946 1466 καταφρονεῖν

2048 1400 2335 1439 manarum
2379 1387 2663 1457 cogitatio,
2697 1404 2807 1442 non
2839 1388 2986 1457 cogit
3019 1389 3262 1442 animum
3297 1405 3386 1444 res
3415 1391 3629 1446 divinas

360 1487 478 1539 ’τῶν
501 1486 680 1540 θείων·
714 1483 887 1547 οὕτως
910 1485 1029 1537 οὐδὲ
1054 1485 1181 1555 ψιλὴ
1205 1485 1405 1552 γνῶσις
1430 1485 1539 1538 τῶν
1561 1485 1739 1547 θείων,
1768 1486 1944 1539 πείθει

2048 1479 2386 1546 contemptui
2424 1479 2650 1543 habere,
2685 1481 2766 1535 sic
2788 1497 2891 1536 nec
2925 1483 3158 1552 simplex
3188 1485 3508 1540 divinarum
3536 1504 3628 1541 co-

361 1578 449 1639 είς
499 1575 650 1638 τέλος
702 1577 1062 1644 καταφρονεῖν
1106 1575 1215 1626 τῶν
1262 1574 1654 1646 ἀνθρωπίνωνο
1708 1576 1840 1631 διότι
1888 1579 1945 1630 ὲν

2046 1567 2219 1636 gnitio
2246 1568 2312 1621 ad
2339 1568 2704 1625 humanarum
2736 1587 2962 1640 prorsus
2987 1582 3360 1644 contemptum
3405 1578 3575 1648 adigit
3613 1596 3625 1632 :

366 1669 551 1729 σκιαῖς
585 1667 677 1719 νῦν
715 1668 949 1737 ὑπάρχει
997 1668 1090 1719 καὶ
1125 1668 1412 1737 εἰκασμοῖς
1452 1669 1485 1739 ἡ
1536 1668 1782 1739 ἀλήθεια.
1834 1669 1946 1724 Καὶ

2047 1659 2192 1727 quod
2234 1675 2432 1729 nempe
2466 1661 2693 1726 veritas,
2728 1663 2996 1719 hactenus
3030 1667 3192 1721 nobis
3229 1669 3283 1722 in
3322 1671 3532 1724 umbris
3566 1687 3630 1727 ac

361 1759 460 1813 διὰ
489 1759 645 1813 τοῦτο
683 1760 854 1814 δεῖται
908 1760 999 1813 τοῦ
1052 1761 1322 1830 μακαρίου
1380 1761 1582 1825 πάθους
1631 1763 1730 1832 τῆς
1784 1764 1945 1831 ἁγίας

2049 1750 2359 1805 simulacris
2404 1755 2687 1806 consistat.
2741 1754 2989 1824 Ilincque
3025 1757 3163 1811 adeo
3201 1769 3323 1824 cst,
3359 1771 3418 1813 ut
3467 1761 3630 1816 beato

360 1852 617 1920 ἀγάπης,
644 1852 742 1921 τῆς
780 1851 1184 1922 συνδεσμούσης
1211 1851 1300 1903 τὸν
1335 1851 1460 1904 νοῦν
1490 1853 1603 1915 τοῖς
1639 1868 1942 1920 πνευματι-

2049 1842 2340 1895 cbaritatis
2369 1845 2567 1897 atl‘cctu
2607 1860 2673 1898 ac
2697 1846 2953 1913 passione
2997 1849 3342 1916 spiritalibus
3378 1863 3631 1907 contem-

362 1946 484 2006 κοῖς
552 1943 894 2013 θεωρήμασι,
965 1943 1059 1994 καὶ
1125 1942 1422 2013 πειθούσης
1494 1945 1768 2015 προτιμᾷν
1834 1943 1943 1997 τῶν

2048 1931 2387 2001 plationibus
2424 1949 2487 1987 ac
2519 1935 2697 1988 sensis
2730 1945 2968 1991 mentem
3003 1938 3310 2004 addicente,
3355 1932 3625 2013 indigeat;

359 2037 589 2103 ὑ).ικῶν,
619 2037 687 2090 τὰ
709 2037 846 2091 ama
870 2055 882 2067 ·
919 2038 1012 2090 καὶ
1042 2037 1151 2091 τῶν
1193 2036 1468 2098 αἰσθητῶν
1538 2037 1608 2090 τὰ
1647 2038 1814 2108 νοητά
1852 2038 1946 2091 καὶ

2047 2039 2274 2092 qumque
2315 2027 2584 2090 terrenis,
2625 2043 2689 2080 ea
2712 2043 2834 2097 qua:
2875 2041 3071 2086 vacant
3103 2036 3368 2098 materia,
3413 2037 3628 2091 SCIISIII-

360 2135 506 2189 θεῖα.
2049 2113 2285 2184 busque,
2318 2115 2591 2184 spiritalia
2633 2131 2698 2170 ac
2721 2118 2910 2172 divina
2939 2120 3212 2175 anteferre
3245 2123 3494 2178 suadeat.

329 2271 354 2290 ο
438 2227 537 2297 5W-
583 2227 656 2280 οὐ
696 2227 914 2291 πάντως
959 2230 987 2282 ὁ
1025 2231 1094 2283 τὰ
1131 2227 1277 2298 πάθη
1309 2227 1568 2296 ἐκκόψας,
1619 2227 1711 2280 καὶ
1754 2226 1939 2294 ψιλοὺς

2116 2205 2203 2260 68.
2237 2208 2355 2260 Non
2393 2208 2618 2262 omnino
2643 2209 2738 2277 qui
2778 2210 3010 2266 affectus
3044 2229 3109 2267 ac
3133 2214 3395 2270 libidines
3433 2231 3629 2287 ampu-

359 2321 494 2382 τοὺς
514 2318 810 2387 λογισμοὺς
857 2319 1256 2389 ἐργασάμενος,
1293 2317 1394 2389 ήδη
1445 2317 1583 2370 αὑτά
1625 2317 1721 2368 καὶ
1751 2317 1841 2369 ἐπὶ
1871 2317 1942 2369 τὰ

2049 2299 2203 2364 tavit,
2248 2299 2531 2370 animique
2583 2302 2826 2357 rationes
2887 2303 3168 2374 simplices
3209 2307 3469 2373 reddidit,
3513 2309 3626 2380 jam

358 2411 486 2465 οεῖα
525 2411 750 2482 ἔτρεψεν
779 2425 793 2438 ⁶
843 2411 978 2464 ἀλλά
1014 2412 1260 2474 δύναται,
1296 2411 1430 2481 μήτε
1466 2408 1602 2479 πρὸς
1630 2409 1696 2462 τὰ
1728 2408 1942 2480 ἀνθρώ-

2047 2407 2267 2463 quoque
2289 2392 2520 2447 atIectus
2544 2392 2612 2447 ad
2642 2393 2829 2448 divina
2860 2397 3166 2450 convertit:
3207 2399 3304 2453 sed
3347 2400 3466 2454 fieri
3522 2416 3628 2471 po-

356 2520 495 2556 πινα
529 2504 778 2573 πάσχειν,
838 2503 975 2573 μήτε
1022 2502 1159 2572 πρὸς
1208 2503 1276 2555 τὰ
1326 2499 1477 2555 θεῖα·
1534 2500 1670 2569 ὅπερ
1707 2501 1943 2570 ἐπισυμ-

2048 2490 2172 2547 test,
2200 2490 2262 2537 ut
2300 2498 2481 2554 nequc
2515 2483 2905 2549 humanarum,
2935 2502 3039 2541 nec
3068 2487 3381 2544 divinarum
3439 2507 3625 2545 rerum

356 2594 538 2646 ϐαίνει
564 2596 653 2646 ἐπὶ
683 2595 791 2646 τῶν
820 2594 1138 2663 πρακτικῶν
1174 2593 1354 2664 μόνον,
1377 2594 1470 2647 καὶ
1491 2594 1656 2663 μήπω
1673 2591 1942 2659 ςγνώσεως

2045 2587 2212 2627 sensu
2239 2571 2540 2640 afliciatur;
2581 2574 2659 2628 uti
2690 2575 2745 2628 in
2774 2575 2882 2630 illis
2913 2577 3160 2646 proclive
3190 2588 3296 2643 est,
3323 2581 3414 2651 qui
3445 2583 3621 2637 actio—

357 2685 810 2750 καταξιωθέντων
843 2686 991 2756 (51)·
1053 2686 1101 2738 οἳ
1144 2685 1294 2756 φόϐῳ
1343 2685 1639 2748 κολάσεως,
1679 2683 1711 2754 ἢ
1766 2683 1942 2737 ἐλπίδι

2042 2677 2169 2718 nem
2216 2663 2426 2730 colunt,
2471 2678 2534 2717 ac
2589 2663 2825 2718 necdum
2887 2666 3114 2722 scientia
3153 2667 3343 2724 donari
3397 2687 3617 2727 merue-

359 2775 645 2847 βασιλείας
671 2775 780 2828 τῶν
816 2775 1004 2829 παθῶν
1030 2776 1349 2845 ἀπέχονται.

2045 2761 2195 2820 runt,
2223 2754 2316 2824 qui
2343 2769 2538 2824 nempe
2569 2755 2824 2824 supplicii
2858 2764 3008 2810 metu
3035 2766 3128 2812 aut
3161 2761 3313 2830 regni
3342 2772 3625 2831 exspecta-

2045 2845 2216 2909 tione,
2257 2845 2327 2899 ab
2353 2845 2646 2900 affectibus
2677 2857 2841 2916 atque
2869 2847 3017 2904 vitiis
3047 2865 3166 2905 sese
3193 2851 3492 2908 abstinent.

434 2948 494 3014 ξθ
519 2990 532 3003 .
565 2949 666 3003 Διὰ
693 2951 954 3017 πίστεως
993 2949 1457 3019 περιπατοῦμεν,
1489 2949 1560 3002 οὐ
1587 2947 1684 3000 διὰ
1705 2947 1907 3009 εἴδους
1925 2963 1936 2975 ·

2113 2935 2202 2990 69.
2262 2935 2366 2989 Per
2400 2935 2562 3004 ﬁdem
2598 2936 2956 3002 ambulamus,
3004 2956 3109 2994 non
3156 2957 3250 3011 per
3297 2945 3521 3013 speciem
3541 2945 3621 3011 ’5;

358 3042 459 3094 καὶ
481 3043 536 3092 ἐν
563 3041 846 3110 ἐσόπτροις
863 3041 960 3110 τὴν
977 3040 1178 3108 γνῶσιν
1198 3039 1393 3109 ἔχομεν
1415 3038 1490 3109 (ιι)
1512 3038 1606 3090 καὶ
1629 3036 1937 3107 αἰνίγμασι.

2043 3028 2421 3098 habemusque
2447 3029 2734 3084 scientiam
2769 3031 2826 3085 in
2850 3032 3092 3100 speculis
3125 3048 3189 3088 ac
3215 3034 3622 3105 aenigmatibus.

364 3135 480 3187 Καὶ
503 3133 592 3186 διὰ
618 3133 792 3197 τοῦτο,
828 3133 1029 3203 πολλῆς
1071 3131 1306 3201 δεόμεθα
1334 3131 1434 3200 τῆς
1465 3133 1521 3182 ὲν
1563 3130 1747 3191 αὐτοῖς
1776 3129 1942 3198 ἀσχο-
1971 3169 1974 3198 ,

2043 3120 2255 3175 Idcirco
2279 3120 2443 3174 etiam
2479 3120 2709 3175 multam
2739 3122 2822 3177 eis
2848 3138 3075 3192 operam
3106 3141 3375 3181 navemus
3397 3143 3627 3184 necesse

365 3224 511 3287 λίας,
555 3226 642 3278 ἵνα
678 3227 741 3296 τῇ
772 3225 965 3295 χρονίᾳ
1001 3223 1209 3277 τούτων
1245 3223 1448 3295 μελέτῃ
1497 3222 1590 3274 καὶ
1632 3219 1941 3290 ἀδολεσχίᾳ,

2050 3218 2155 3276 est,
2183 3219 2244 3265 ut
2273 3211 2434 3282 longa
2475 3226 2668 3266 eorum
2695 3213 3059 3269 meditatione
3093 3223 3150 3269 et
3191 3225 3400 3272 attenta
3441 3221 3632 3276 consi-.

366 3318 478 3384 ῑξιν
513 3319 960 3373 δυσαπόσπαστον
991 3317 1098 3371 τῶν
1126 3316 1500 3388 θεωρημάτων
1531 3315 1872 3386 ποιήσωμεν.

2049 3302 2358 3365 derationc,
2398 3302 2616 3357 firmum
2642 3304 2884 3374 satisque
2927 3316 3174 3362 tenacem
3211 3310 3629 3380 contemplatio-

2051 3409 2182 3448 num
2209 3394 2460 3448 habitum
2481 3395 2885 3451 nanciscamur.

430 3493 496 3551 θ’.
545 3495 671 3548 Ἐὰν
700 3494 835 3565 πρὸς
864 3493 1042 3561 ὀλίγον
1065 3491 1174 3545 τῶν
1201 3489 1390 3544 παθῶν
1417 3488 1516 3550 τὰς
1559 3485 1736 3548 αἰτίας
1780 3485 1941 3538 ὲκκόο

2127 3484 2209 3538 70.
2240 3484 2294 3540 Si
2323 3473 2391 3539 ad
2425 3487 2702 3542 modicum
2731 3487 2962 3544 excissis
2986 3489 3629 3549 aﬂ‘ecttrumlibidinum-

357 3588 567 3659 ψαντες
592 3588 702 3649 τοῖς
724 3585 1111 3655 πνευματικοῖς
1127 3579 1578 3653 ἐνασχοληθῶμεν
1599 3577 1938 3648 θεωρήμασι,

2051 3591 2158 3646 que
2185 3574 2383 3641 causis,
2419 3577 2766 3646 spiritalibus
2803 3585 3044 3632 mentem
3070 3581 3629 3650 contemplationibus

368 3679 445 3750 μὴ
476 3681 534 3733 ἐν
559 3679 742 3740 αὐτοῖς
763 3677 818 3729 δὲ
850 3674 1341 3746 ἀεὶδιατρίψωμεν,
1375 3670 1512 3724 αὐτὸ
1539 3667 1697 3723 τοῦτο
1729 3667 1942 3739 ἔχοντες

2049 3666 2456 3731 addixerimus,
2489 3683 2592 3722 nec
2626 3667 2682 3722 in
2726 3667 2808 3722 eis
2856 3681 3078 3738 semper
3105 3673 3303 3726 morati
3336 3672 3625 3739 fuerimus,

365 3773 546 3844 ἔργον,
585 3772 825 3844 εὐχερῶς
853 3772 1014 3824 πάλιν
1037 3771 1127 3822 ἐπὶ
1158 3767 1228 3821 τὰ
1256 3768 1356 3836 τῆς
1387 3764 1588 3834 σαρκὸς
1611 3763 1760 3832 πάθη
1783 3779 1940 3833 περι-

2048 3759 2106 3814 in
2140 3758 2245 3814 hoc
2266 3759 2443 3828 ipsum
2476 3759 2879 3826 incumbentes,
2909 3762 3099 3832 reique
3139 3763 3192 3817 id
3234 3774 3398 3834 caput
3419 3764 3627 3821 haben-

360 3862 684 3932 τρεπόμεθα
715 3863 826 3931 (⁵52)
848 3878 860 3891 ’
900 3860 1068 3931 μηδὲν
1097 3859 1226 3913 ἄλλο
1255 3855 1466 3910 ἐκεῖθεν
1491 3853 1938 3926 καρπωσάμενοι,

2052 3858 2154 3916 tes,
2181 3849 2342 3905 facile
2377 3849 2578 3905 iterum
2609 3851 2676 3904 ad
2719 3853 2970 3907 carnales
3007 3854 3236 3910 allectus
3260 3857 3629 3927 libidinesque

358 3955 395 4024 ἦ
440 3953 603 4024 ψιλὴν
657 3953 857 4022 γνῶσιν
901 3952 1037 4024 μετά
1080 3953 1347 4022 οἰήσεωςο
1403 3942 1470 4022 ἧς
1513 3948 1574 4000 τὸ
1600 3946 1771 4010 τέλος,
1818 3947 1853 4016 ἦ
1879 3964 1938 3998 τε

2047 3950 2470 4009 convertemur;
2500 3943 2714 3997 nullum
2739 3943 2867 3999 inde
2889 3946 3240 4000 commodum
3259 3957 3627 4017 reportantes.

313 4070 320 4074 -
359 4045 538 4116 αὐτῆς
572 4045 712 4098 κατά
743 4044 938 4116 μικρὸν
986 4045 1086 4113 τῆς
1137 4040 1387 4112 γνώσεως
1435 4038 1722 4102 σκότωσις,
1778 4037 1873 4090 καὶ
1909 4038 1923 4088 1‘

2049 4036 2156 4091 nisi
2215 4035 2563 4090 solummodo
2609 4035 2812 4089 nudam
2845 4051 2911 4090 ac
2956 4035 3263 4106 simplicem
3317 4039 3625 4104 scientiam,

361 4137 634 4206 παντελὴς
667 4136 760 4189 τοῦ
792 4136 884 4189 νοῦ
915 4135 1008 4189 ἐπὶ
1040 4135 1108 4189 τὰ
1137 4133 1297 4187 ὑλικά
1323 4131 1588 4203 ἐκτροπή.

2052 4145 2176 4186 cum
2207 4132 2377 4186 animi
2407 4131 2618 4187 scilicet
2648 4132 2754 4187 sibi
2799 4134 3070 4203 placentis
3113 4134 3351 4190 elatione
3393 4137 3627 4206 conjun-

359 4236 540 4295 ctam;
570 4230 728 4298 cujus
754 4228 800 4283 is
830 4227 975 4291 linis,
1004 4235 1066 4282 ut
1087 4241 1213 4281 cum
1260 4225 1376 4294 ipsa
1419 4220 1684 4294 paulatim
1718 4221 1948 4277 scientia
1981 4221 2340 4289 obnubescat,
2397 4232 2510 4279 tum
2565 4241 2722 4281 meus
2791 4225 2858 4280 ad
2925 4236 3148 4281 terrena
3193 4227 3414 4297 penitus
3444 4229 3628 4285 desci-

361 4328 506 4375 scat.
1665 4361 1670 4363 _

438 4416 537 4466 oa'.
577 4411 756 4473 Πάθος
787 4411 1009 4481 ἀγάπης
1031 4409 1253 4481 ψεκτὸν,
1287 4413 1400 4474 τοῖς
1423 4411 1626 4474 ὑλικοίς
1653 4409 1942 4479 πράγμασι

2124 4406 2211 4460 71.
2252 4405 2575 4460 Dilectionis
2605 4405 2944 4476 vituperium
2975 4407 3270 4478 labemque
3307 4409 3515 4465 habens
3543 4411 3628 4465 af-

360 4504 460 4556 τὸν
499 4502 622 4556 νοῦν
656 4502 969 4572 ὲνασχολεῖ·
1024 4501 1198 4564 πάθος
1239 4502 1461 4571 ἀγάπης
1502 4502 1808 4562 ἐπαινετὸν,
1848 4497 1941 4551 καὶ

2051 4495 2249 4562 fectus,
2269 4496 2506 4552 terrenis
2525 4497 2694 4552 rebus
2713 4499 2958 4552 animum
2981 4499 3186 4554 addicit
3213 4517 3226 4552 :
3261 4500 3478 4556 laudem
3495 4517 3626 4556 vero

362 4597 482 4657 τοῖς
520 4593 685 4657 θείοις
714 4594 878 4648 αὐτὸν
911 4594 1217 4662 συνδεσμεῖ.
1273 4591 1443 4645 Είωθε
1483 4593 1592 4662 γὰρ
1641 4595 1668 4645 ό
1713 4590 1836 4654 νοῦς
1883 4591 1940 4642 ὲν

2014 4633 2018 4660 ,
2048 4590 2278 4656 habens,
2308 4590 2474 4645 etiam
2500 4589 2705 4644 divinis
2729 4591 2993 4645 devincit.
3019 4591 3112 4647 Sic
3138 4593 3285 4646 enim
3331 4594 3500 4648 menti
3542 4595 3624 4648 in-

362 4681 447 4749 οἷς
475 4687 711 4758 χρονίζει
756 4688 1061 4758 πράγμασι,
1101 4686 1158 4738 ἐν
1191 4685 1372 4748 αὐτοῖς
1401 4687 1497 4738 καὶ
1543 4683 1939 4737 πλατύνεσθαι·

2047 4682 2264 4746 olitum,
2299 4691 2357 4736 ut
2380 4683 2583 4754 quibus
2606 4683 2660 4736 in
2692 4683 2859 4737 rebus
2887 4691 3154 4748 moratur,
3187 4685 3240 4738 in
3273 4685 3455 4740 illiset
3487 4686 3625 4740 dila-

365 4778 426 4830 ὲν
457 4772 536 4840 οἷς
560 4777 616 4830 δὲ
653 4777 1003 4837 πλατύνεται,
1057 4777 1114 4827 ὲν
1160 4775 1342 4837 αὐτοῖς
1373 4775 1470 4827 καὶ
1513 4774 1612 4844 τὴν
1648 4771 1947 4841 ἐπιθυμίαν

2049 4779 2226 4837 tetur;
2279 4772 2332 4825 in
2365 4771 2566 4841 quibus
2593 4781 2778 4827 autem
2813 4771 3097 4834 dilatatur,
3141 4773 3207 4828 ad
3235 4775 3351 4830 haec
3381 4784 3436 4830 ct
3463 4777 3621 4846 cupi-

364 4867 464 4921 καὶ⁸
512 4869 608 4940 τὴν
665 4868 886 4939 ἀγάπην
934 4868 1151 4940 τρέψαι,
1210 4867 1317 4918 εἴτε
1387 4867 1444 4918 ἐν
1483 4870 1594 4928 τοῖς
1641 4863 1806 4926 θείοις
1856 4863 1951 4914 καὶ

2047 4863 2275 4918 ditatem
2303 4864 2767 4933 dilectionemque
2797 4872 3097 4928 convertat,
3133 4865 3248 4920 sive
3280 4866 3468 4922 divina
3495 4883 3622 4938 pro-

366 4959 593 5022 οἰκείοις
654 4961 749 5013 καὶ
811 4962 1038 5028 νοητοῖς,
1111 4961 1219 5012 εἴτε
1287 4959 1342 5010 ἐν
1399 4960 1514 5020 τοῖς
1573 4957 1670 5027 τῆς
1749 4957 1950 5026 σαρκὸς

2047 4951 2275 5024 priaque
2303 4963 2357 5009 et
2380 4955 2672 5025 spiritalia,
2725 4955 2840 5009 sive
2874 4956 3112 5010 carnalia
3142 4972 3341 5028 resque
3383 4967 3439 5013 et
3481 4959 3617 5016 επο-

367 5050 663 5122 πράγμασί
689 5068 749 5103 τε
783 5051 877 5105 καὶ
911 5049 1128 5103 πάθεσι.

873 5091 877 5102 .
911 5049 1128 5103 πάθεσι.
2049 5055 2170 5100 ctus
2205 5062 2301 5101 seu
2332 5046 2483 5101 vitia.

446 5213 489 5247 ’⁵
516 5214 560 5270 II
588 5209 736 5270 Petr.
768 5229 826 5278 ιι,
859 5212 948 5266 22.
1025 5213 1070 5244 ⁸⁸
1101 5211 1144 5265 ll
1167 5210 1290 5266 Cor.
1321 5228 1373 5274 v,
1401 5211 1431 5264 7

445 5373 526 5446 (τι)
554 5375 657 5426 Ἐν
687 5370 1002 5446 ἐσόπτροις
1056 5367 1192 5446 τὴν,
1228 5367 1483 5446 γνῶσιν.
1513 5366 1752 5446 ἔχομεν.
1787 5368 1942 5446 ⁸Ειξειῐ.
2039 5385 2055 5446 ς

2039 5368 2187 5446 quod
2245 5369 2904 5446 ivssiexelqrmutandum
2959 5372 3372 5446 conjicit_Gesn.
3423 5377 3620 5446 merito

445 5385 516 5448 ευ)
556 5385 657 5426 Ἐν
687 5385 1002 5456 ερνοπτροις
1056 5385 1172 5434 την
1228 5385 1456 5448 γνωσιν
1513 5385 1752 5436 εχομεν.
1810 5385 1942 5422 brat
2039 5385 2187 5490 gnua
2245 5385 2551 5450 ενοελεχεια
2582 5385 2904 5426 mutandum
2959 5385 3372 5459 οοηριοιιἽϋίξεη.
3423 5385 3618 5457 merito

365 5444 650 5513 mendose,
680 5457 778 5510 την
801 5437 1194 5513 ἀρετήνηιιιιοςί
1230 5453 1416 5513 Ipsum
1469 5438 1734 5492 habuerat
1783 5433 1937 5491 Dufr.
2085 5439 2198 5492 llIlO
2230 5438 2502 5513 displicet.
2545 5439 2780 5513 Ac_sane
2806 5457 2912 5496 vox
2949 5451 3033 5496 cst
3065 5459 3118 5496 tn
3174 5449 3474 5513 Scriptuns
3504 5446 3618 5501 fre-

365 5516 515 5576 cod.,
544 5511 640 5568 sed
665 5507 783 5566 erat
813 5507 866 5562 in
881 5507 1350 5578 eo'emendatum.
1384 5508 1726 5562 Decoxcrunt
1756 5518 1938 5578 tamen
2037 5523 2235 5576 quens,
2271 5507 2370 5578 pro
2402 5508 2650 5578 diligenti
2684 5526 2859 5578 exque
2880 5513 3065 5566 animo
3087 5507 3396 5568 divinarum
3430 5529 3616 5571 rerum

363 5587 572 5654 Obsop.
629 5579 883 5654 et_Gesn.
950 5577 1335 5654 Locusmlfauli
1369 5587 1472 5654 est,
1537 5593 1646 5654 quo
1673 5649 1686 5654 _
1713 5577 1940 5654 respicit
2035 5577 2480 5654 consideratione
2508 5577 2598 5634 iac
2656 5577 3016 5654 meditatione
3040 5583 3150 5654 ;sic
3180 5583 3328 5638 Isaac
3351 5593 3469 5638 erat
3497 5585 3621 5639 ἀδο-

363 5646 653 5714 llaxifnus,
687 5651 708 5703 I
767 5648 892 5703 Cor.
923 5664 1013 5700 xm
1057 5665 1069 5699 :
1108 5646 1383 5716 Βλέπομεν
1412 5647 1535 5718 άρτι
1571 5647 1637 5700 δι’
1670 5647 1936 5718 ἐσόπτρου

2035 5649 2244 5718 λεσχῶν
2269 5648 2322 5702 in
2364 5665 2494 5718 agro
2524 5663 2646 5703 eum
2683 5651 2932 5706 Rebecca
2970 5653 3016 5706 ei
3047 5653 3263 5707 obviam
3292 5655 3433 5708 facta
3469 5662 3554 5708 est
3600 5673 3614 5709 :

373 5732 431 5779 ὲν
449 5723 752 5793 αἰνίγματι.
789 5718 982 5793 Videre
1008 5725 1209 5778 autem,
1243 5715 1352 5793 non
1371 5716 1616 5793 _vir_tutis,
1644 5717 1740 5793 sed
1763 5715 1941 5793 scien-

2034 5717 2113 5771 sic
2136 5715 2141 5716 “
2164 5718 2306 5787 apud
2361 5715 2618 5793 navigem
2640 5722 2865 5788 passim,
2893 5723 3197 5792 ὲνδελέχεια
3223 5740 3345 5789 vox,
3368 5724 3517 5779 nulla
3544 5740 3615 5780 co

341 5800 455 5860 {tite
487 5787 584 5850 est
604 5787 770 5861 atque
819 5787 964 5852 fidei,
1030 5802 1144 5859 seu,
1181 5787 1509 5857 cognitionis
1563 5806 1576 5840 :
1633 5787 1933 5857 ἀδολεσχίᾳ,
2033 5803 2196 5843 sensu
2225 5787 2796 5859 exstatinScriptura.
