4076 6468
544 407 678 474 1039

1771 408 1830 466 S.
1873 405 2161 467 ΜΛΧΙΜΙ
2201 403 2710 465 CONFESSORIS

3640 398 3732 466 105.0

608 514 775 588 539
820 515 907 570 72.
932 516 1080 571 Deus
1115 514 1393 571 visibilem
1430 515 1579 570 hunc
1603 515 1872 570 mundum
1899 525 1955 569 et
1987 515 2118 570 invi-

2235 572 2250 585 .
2297 515 2395 585 οβ’.
2442 515 2500 566 '0
2536 515 2671 576 θεὸς
2716 511 2897 565 ἔκτισε
2944 511 3039 566 τὸν
3079 511 3310 584 ἀόρατον
3340 512 3549 582 κόσμον
3589 515 3738 570 καὶτὸν

539 608 758 662 sibilent
781 606 1061 673 condidit;
1095 607 1446 676 animamque
1475 616 1531 661 et
1565 622 1765 676 corpus
1792 608 1981 677 utique
2006 608 2121 678 ipse

539 696 690 751 fecit.
744 698 822 751 Ac
849 694 1129 765 siquidem
1176 695 1419 750 mundus
1459 695 1561 751 iste
1604 697 1841 751 visibilis
1871 696 1997 750 talis
2036 704 2123 752 est

541 792 734 861 sicque
781 791 1038 861 pulcher,
1079 791 1261 860 qualis
1320 806 1453 861 rogo
1493 791 1589 862 qui
1643 800 1729 848 est
1789 791 2124 847 invisibilis?

538 884 790 954 Cumque
816 883 908 937 hic
937 884 1031 938 illo
1061 884 1412 953 praestantior
1440 885 1535 951 sit,
1563 892 1832 954 quantum
1852 883 2123 939 ambobus

541 976 809 1046 praecellit
830 977 996 1042 Deus,
1023 975 1137 1045 qui-
1154 975 1437 1031 condidit?
1459 976 1597 1032 Cum
1622 976 1790 1047 igitur
1820 977 1986 1041 Deus,
2007 977 2123 1046 ipse

541 1068 791 1122 omnium
848 1082 973 1137 quze
1028 1067 1170 1122 bona
1213 1082 1404 1137 quaeve
1468 1068 1701 1138 pulchra
1755 1076 1887 1124 sunt
1940 1067 2123 1137 opifex

544 1167 850 1228 auctorque
872 1198 889 1223 ,
926 1157 1131 1213 creatis
1170 1157 1430 1213 omnibus
1472 1158 1824 1229 pnestantior
1848 1158 1940 1222 sit,
1989 1172 2121 1227 qua,

546 1264 754 1319 quzeso,
797 1249 1012 1303 ratione
1071 1265 1267 1313 mens,
1306 1250 1539 1304 dimisso
1586 1265 1655 1303 eo
1706 1250 1853 1320 quod
1907 1249 2126 1305 cunctis

542 1340 895 1410 pmstantius
954 1351 1039 1396 est
1070 1381 1084 1404 ,
1135 1344 1383 1396 omnium
1454 1342 1770 1397 deterrimis
1813 1342 1986 1396 otium
2043 1349 2125 1396 at-

542 1445 654 1500 que
699 1444 926 1500 operam
981 1431 1175 1501 ponit?
1222 1418 1540 1486 carnalibus
1598 1431 1811 1486 scilicet
1856 1429 2012 1485 vitiis
2061 1444 2126 1485 ac

543 1518 858 1576 atl'eetibus.
891 1519 1035 1575 Num
1072 1520 1251 1590 palam
1282 1520 1511 1585 idcirco,
1541 1518 1690 1591 quod
1723 1518 1793 1574 ab
1814 1528 1941 1574 ortu
1983 1519 2128 1574 nati-

542 1614 735 1669 vitatis
765 1629 891 1670 cum
928 1629 1096 1671 carne
1127 1624 1345 1670 versata
1380 1614 1545 1685 eique
1581 1629 1973 1678 consuescens,
2007 1613 2128 1683 ejus

543 1705 695 1777 quod
723 1706 981 1761 omnibus
1024 1707 1375 1777 praestantius
1406 1713 1493 1761 est
1528 1721 1593 1760 ac
1632 1706 1849 1761 cunctis
1894 1703 2122 1767 eminet,

544 1796 792 1853 nondum
816 1797 1062 1868 perfecte
1089 1798 1398 1868 perieulum
1431 1812 1496 1853 ac
1515 1808 1738 1869 gustum
1768 1796 1901 1852 fecit
1923 1795 2126 1850 tModo

2228 604 2526 675 ὁρώμενον·
2565 605 2662 657 καὶ
2694 604 2793 672 τὴν
2825 602 3001 674 ψυχὴν
3031 605 3126 657 καὶ
3152 603 3219 656 τί)
3248 603 3408 674 σῶμα
3433 604 3743 674 δηλονότιαὺ·

2226 695 2319 758 τὸς
2347 694 2594 763 ἐποίχσε.
2649 694 2762 748 Καὶ
2806 696 2856 748 εί
2909 697 2938 748 ὁ
2984 693 3259 764 ὁρώμενος
3309 695 3515 763 κόσμος
3562 694 3747 759 τοιοῦτός

2227 786 2346 840 ἐστι
2375 785 2489 858 [ια’ν.
2538 785 2713 850 οὕτως
2766 785 2905 857 ἐστὶ]
2961 786 3147 850 καλὸς,
3208 789 3360 849 ποῖος
3427 789 3536 855 ἄρα
3581 787 3750 840 ἐστὶνό

2228 878 2481 949 ἀόρατοςς
2516 879 2578 931 Ei
2603 878 2660 931 δὲ
2687 877 2950 949 κρείττων
2975 878 3163 931 τούτου
3206 880 3434 937 ἐκεῖνος,
3470 878 3633 929 πόσον
3654 878 3753 949 ὑπὲρ

2228 972 2356 1034 τοὺς
2400 970 2516 1033 δύο,
2548 972 2578 1023 ό
2629 971 2822 1031 κτίσας
2858 969 3081 1033 τούτους
3111 969 3266 1036 Θεός;
3317 970 3379 1022 Ei
3415 965 3512 1022 οὗν
3541 970 3757 1039 κρείττων

2230 1061 2450 1116 πάντων
2492 1061 2604 1115 τῶν
2650 1061 2951 1130 γεγονότων
2990 1063 3020 1115 ὁ
3056 1061 3277 1115 πάντων
3317 1059 3653 1131 δημιουργὸς
3685 1059 3760 1112 τῶν

2229 1154 2433 1219 καλῶν,
2458 1154 2564 1207 τίνι
2594 1152 2671 1224 τῷ
2704 1152 2851 1222 λόγῳ
2884 1152 3042 1223 ἀφείς
3076 1155 3105 1205 ό
3126 1151 3251 1216 νοῦς
3281 1151 3343 1206 τδ
3374 1152 3598 1206 πάντων
3630 1152 3764 1222 κρεῖτ-

2229 1232 2341 1309 τον,
2392 1250 2504 1311 τοῖς
2559 1246 2776 1299 πάντων
2805 1246 3045 1317 χείροσιν
3091 1244 3502 1315 ἐνασχολεῖται;
3551 1242 3689 1311 λέγω
3721 1242 3767 1313 δὴ

2228 1340 2343 1401 τοῖς
2370 1337 2473 1407 τῆς
2502 1338 2707 1408 σαρκὸς
2751 1336 3005 1390 πάθεσιν.
3037 1336 3107 1390 Ἢ
3156 1334 3336 1405 δῆλον,
3385 1335 3469 1387 ὅτι
3503 1332 3677 1404 ταύτῃ
3699 1332 3769 1402 μὲν

2230 1432 2296 1484 ἐκ
2326 1430 2553 1500 γενετῆς
2591 1427 3063 1500 συναναστραφεὶς
3101 1428 3198 1482 καὶ
3250 1425 3576 1489 συνεθίσαςο
3628 1425 3773 1479 τοῖιδέ

2230 1524 2453 1577 πάντων
2480 1522 2815 1593 κρείττονος,
2846 1522 2943 1576 καὶ
2994 1520 3139 1591 ύπέρ
3170 1520 3240 1573 τὰ
3277 1520 3477 1583 πάντα,
3530 1517 3687 1571 οὔπω
3708 1534 3775 1571 τεο

2230 1614 2380 1668 λείαν
2402 1614 2594 1683 εἴληφε
2628 1616 2866 1685 πεῖρανς
2907 1612 3034 1666 Ἐὰν
3065 1608 3159 1667 οὖν
3202 1611 3397 1683 χρονίᾳ
3444 1611 3683 1681 ἀσκήσει
3706 1607 3779 1677 τῆς

2230 1706 2340 1760 τῶν
2366 1705 2573 1777 ἡδονῶν
2600 1705 2947 1776 ἐγκρατείας,
2979 1704 3073 1758 καὶ
3099 1705 3196 1776 τῆς
3230 1702 3343 1757 τῶν
3382 1700 3544 1755 θείων
3576 1700 3781 1771 μελέτης

2232 1799 2376 1853 κατὰ
2411 1802 2610 1869 μικρὸν
2639 1799 2807 1853 αὐτὸν
2856 1801 2957 1870 τῆς
2983 1797 3246 1867 τοιαύτης
3287 1795 3530 1867 σχέσεως
3557 1791 3783 1863 ἀπορρή-

545 1887 715 1959 igitur
765 1889 926 1960 longa
976 1889 1309 1960 assiduaque
1359 1889 1717 1945 continentia:
1757 1889 2126 1960 voluptatum,

2232 1892 2433 1962 ξωμεν.
2487 1890 2817 1945 πλατύνεταί
2864 1905 2925 1944 τε
2984 1891 3045 1943 ἐν
3071 1891 3187 1953 τοῖς
3234 1887 3403 1951 θείοις
3454 1886 3576 1940 κατ’
3626 1883 3785 1951 ὀλίγον

545 1978 970 2052 divinorumque
1022 1981 1401 2038 meditationis
1433 1981 1893 2044 exercitatione,
1935 1980 2006 2035 ab
2054 1995 2120 2035 ea

542 2071 749 2127 sensim
779 2071 1075 2129 affectione
1101 2087 1166 2129 ac
1196 2073 1452 2135 libidine,
1488 2088 1610 2128 eam
1651 2081 1878 2127 strenue
1926 2069 2124 2141 abjun-

2227 1984 2574 2055 προκόπτων,
2612 1985 2705 2038 καὶ
2748 1983 2811 2037 τδ
2854 1984 3058 2037 οίκεῖον
3116 1980 3674 2053 γνωρίζεινὰξίωμα·
3717 1976 3789 2030 καί

2228 2075 2401 2141 τέλος,
2426 2075 2546 2128 ὅλον
2572 2074 2664 2129 τὸν
2696 2074 2861 2128 πόθον
2889 2074 2978 2129 ἐπὶ
3002 2073 3062 2128 τὸ
3087 2075 3242 2128 Θεῖον
3272 2072 3594 2144 μεταφέρει.

541 2164 808 2230 \erimus,
837 2164 955 2235 ipsa
972 2163 1250 2247 paulatim
1289 2165 1345 2219 in
1374 2163 1580 2219 divinis
1602 2162 1902 2233 proﬁciens
1932 2163 2273 2230 dilatabitur,
2310 2181 2577 2236 suamque
2621 2176 2884 2238 agnoscet
2936 2165 3292 2237 dignitatern;
3357 2179 3421 2219 ac
3486 2172 3654 2219 totam
3716 2176 3797 2233 po-

541 2268 751 2314 stremo
775 2257 981 2313 amoris
1006 2257 1118 2311 vim
1146 2256 1443 2312 transferet
1471 2259 1528 2312 in
1564 2257 1758 2311 Deum.

614 2347 703 2401 73.
738 2346 841 2413 Qui
876 2346 1027 2400 nulla
1056 2346 1176 2400 vitii
1216 2346 1340 2401 labe
1370 2356 1466 2401 aut
1496 2346 1767 2416 pravitate
1790 2346 1979 2402 fratris
2005 2361 2132 2417 pec—

543 2446 730 2494 catum
769 2436 941 2503 dicit,
990 2437 1198 2509 duplici
1238 2453 1306 2492 ex
1354 2453 1522 2493 causa
1565 2438 1721 2505 dicit,
1769 2438 1855 2495 vel
1897 2448 1959 2494 ut
2002 2454 2131 2494 eum

543 2532 729 2602 ipsum
764 2529 1062 2597 emendet,
1100 2531 1188 2586 vel
1221 2539 1282 2584 nt
1329 2531 1420 2585 alii
1449 2530 1745 2587 utilitatem
1772 2540 1999 2603 praestet
2036 2531 2133 2587 ad-

542 2620 846 2689 monendo,
877 2622 967 2678 cui
1011 2623 1326 2678 consultum
1374 2623 1528 2679 velit.
1556 2623 1724 2679 Extra
1769 2624 1869 2680 has
1913 2639 2129 2691 causas,

541 2712 764 2783 aliaque
799 2712 1051 2778 ratione,
1105 2713 1224 2769 sive
1255 2715 1384 2785 quis
1436 2714 1541 2786 ipsi
1590 2714 1966 2787 delinquenti,
2012 2716 2131 2771 sive

541 2802 779 2858 cuilibet
816 2801 911 2858 alii
961 2801 1185 2868 dixerit,
1236 2803 1627 2875 exprobrando
1664 2805 1800 2863 dicit
1833 2816 1930 2861 aut
1980 2806 2137 2862 oblo-

541 2893 789 2964 quendo,
820 2907 924 2949 nec
947 2892 1085 2963 quin
1113 2908 1145 2949 a
1172 2894 1285 2950 Deo
1304 2896 1614 2962 deseratur,
1643 2896 1905 2969 eﬂ‘ugiet;
1930 2897 2026 2953 sed
2050 2897 2136 2953 vel

538 2986 603 3042 in
629 2986 801 3053 idem,
838 2986 926 3042 vel
955 2985 1013 3041 in
1053 2985 1206 3041 aliud
1255 2988 1484 3042 omnino
1518 2987 1781 3043 delictum
1821 2990 2135 3059 prolapsus,

540 3077 667 3134 aliis
693 3076 1054 3148 arguentibus
1085 3091 1150 3131 ac
1177 3077 1665 3147 exprobrantibus,
1693 3077 2009 3133 erubescet.

2303 2354 2407 2418 ογθ.
2453 2349 2513 2403 ’0
2543 2348 2770 2413 ἀπαθῶς
2792 2348 2968 2418 λέγων
2998 2348 3308 2419 ἁμάρτημα
3351 2345 3610 2415 ἀδελφοῦ,
3668 2347 3799 2399 uati

2235 2439 2328 2494 δύο
2354 2440 2535 2504 αἰτίας
2574 2440 2756 2511 λέγει*
2806 2438 2839 2514 ἢ
2892 2442 2979 2495 ἶνα
3018 2439 3184 2494 αὐτὸν
3232 2437 3623 2511 διορθώσηται,
3655 2439 3689 2510 ἢ
3726 2438 3802 2492 ἴνα

2235 2532 2395 2589 ἄλλον
2425 2533 2706 2608 ὡψελήσῃ.
2747 2534 2807 2588 Εἰ
2837 2534 2894 2588 δὲ
2925 2532 3079 2595 ἐκτὸς
3102 2530 3310 2586 τούτων
3332 2530 3502 2600 λέγει,
3525 2531 3637 2583 εἴτε
3661 2529 3802 2599 αὐτῷ

2234 2630 2345 2684 εἴτε
2376 2627 2541 2700 ἄλλῳ,
2568 2628 2845 2694 ὀνειδίζων
2870 2627 2904 2698 ἢ
2928 2625 3203 2698 διασύρων
3234 2624 3401 2678 αὐτὸν
3429 2622 3603 2692 λέγει,
3629 2624 3728 2676 καὶ
3749 2624 3803 2675 ού

2238 2722 2313 2794 μὴ
2342 2720 2557 2794 ἐκφύγῃ
2590 2720 2690 2792 τὴν
2722 2719 2880 2775 θείαν
2936 2716 3324 2788 ἐγκαταλειψιν
3346 2715 3426 2787 (υ)
3447 2732 3463 2748 ο
3514 2714 3632 2768 ἀλλ’
3657 2715 3691 2785 ἢ
3732 2714 3807 2785 τῷ

2232 2815 2408 2887 αὐτῷ,
2440 2814 2474 2885 ἢ
2512 2811 2660 2882 ἄλλῳ
2691 2810 2997 2879 πταίσματι
3030 2808 3254 2870 πάντως
3286 2807 3693 2877 περιπεσεῖται,
3717 2808 3810 2858 καὶ

2234 2908 2341 2963 ὑπὸ
2372 2906 2575 2977 ἐτέρων
2604 2901 2884 2975 ἐλεγχθεὶς
2930 2900 3025 2955 καὶ
3056 2897 3379 2963 ὀνειδισθεὶς
3409 2896 3810 2970 καταισχυνθή-

2236 3016 2410 3054 σεται.

612 3169 704 3225 74.
738 3170 858 3224 Non
886 3182 998 3223 una
1019 3167 1324 3239 eademque
1348 3168 1491 3223 ratio
1512 3177 1596 3223 est
1621 3168 1767 3224 idem
1809 3184 1977 3240 opere
2006 3184 2127 3240 pec-

2304 3168 2396 3225 (ιδ’.
2431 3170 2543 3242 Ούχ
2570 3164 2649 3233 εἷς
2682 3168 2845 3238 λόγος
2875 3166 2982 3224 τῶν
3026 3168 3128 3240 τὴν
3170 3167 3344 3238 αὒτὴν
3388 3167 3667 3240 ἁμαρτίαν
3694 3168 3812 3221 κατ’

539 3269 727 3318 catum
755 3260 1255 3326 committentium,
1289 3261 1387 3317 sed
1430 3260 1686 3317 diversae.
1731 3262 1899 3319 Verbi
1930 3264 2127 3334 gratia,

536 3353 696 3409 aliud
723 3361 810 3409 est
838 3368 906 3407 ex
935 3352 1149 3416 habitu,
1179 3352 1444 3424 aliudque
1472 3368 1539 3409 ex
1564 3353 1800 3425 quadam
1822 3356 1977 3411 velut
2000 3355 2132 3411 sub-

545 3445 799 3515 reptione
829 3453 1094 3514 motuque
1120 3445 1343 3499 incauto
1366 3460 1596 3516 peccare
1624 3463 1639 3499 :
1679 3459 1807 3501 cum
1841 3446 1996 3517 quis,
2032 3461 2132 3502 nec

540 3547 672 3593 ante
691 3546 975 3608 peccatum
1005 3537 1191 3592 animo
1217 3537 1513 3609 cogitabat,
1546 3553 1651 3594 nec
1682 3545 1807 3610 post
1840 3548 2129 3609 peccatum

545 3630 814 3697 adicitur;
869 3630 1002 3700 quin
1056 3631 1280 3700 potius,
1326 3631 1446 3702 ejus
1494 3646 1659 3687 causa
1711 3630 1860 3701 quod
1904 3631 2127 3697 accidit,

544 3723 784 3794 graviter
812 3721 982 3778 dolet.
1006 3722 1113 3788 Qui
1153 3736 1288 3778 vero
1313 3737 1383 3777 ex
1407 3721 1620 3788 habitu,
1670 3737 1832 3779 secus
1869 3724 2126 3791 omnino;

549 3825 661 3870 tum
692 3828 931 3885 namque
960 3814 1200 3884 primum
1227 3829 1341 3869 non
1379 3813 1634 3869 cessabat
1664 3821 1850 3870 mente
1871 3829 2126 3885 peccare,

545 3916 664 3962 tum
685 3913 811 3978 post
840 3905 1117 3961 actionem
1165 3921 1337 3962 reaue
1366 3915 1613 3977 peracta,
1647 3904 1906 3963 eumdem
1942 3906 2129 3963 animo

544 3999 806 4055 an‘ectum
837 3998 1063 4054 retinet.

616 4092 706 4148 75.
736 4091 840 4159 Qui
868 4092 1056 4146 inanis
1076 4091 1264 4163 gloriae
1284 4106 1453 4147 causa
1467 4090 1702 4147 virtutes
1723 4091 1875 4159 coiit,
1902 4091 2127 4163 planam

543 4191 630 4240 est
661 4182 907 4256 ejusdem
938 4183 1105 4239 etiam
1142 4182 1318 4254 gratia
1343 4181 1632 4237 scientiam
1664 4181 1868 4237 colere.
1899 4181 2004 4249 Qui
2031 4197 2127 4236 au-

545 4282 659 4329 tem
691 4272 773 4328 sic
826 4272 1016 4327 animo
1061 4279 1411 4342 comparatus
1436 4278 1545 4336 est,
1589 4271 1637 4327 is
1675 4269 1816 4326 nihil
1871 4271 1985 4341 agit
2034 4279 2129 4326 aut

545 4362 794 4432 loquitur
818 4401 833 4426 ,
862 4376 978 4431 quo
1008 4358 1269 4425 aediﬁcet,
1301 4357 1397 4413 sed
1429 4358 1583 4413 velut
1608 4358 1704 4427 qui
1747 4357 1805 4411 in
1832 4355 2090 4411 omnibus
2109 4400 2125 4420 ,

545 4453 617 4509 ab
641 4452 711 4507 iis
739 4452 833 4523 qui
863 4449 1452 4515 videntautaudiunt,
1479 4449 1710 4520 gloriam
1921 4455 2124 4518 captet.

2234 3264 2520 3334 ἐνέργειαν
2546 3261 2968 3333 ἁμαρτανόντων
3001 3263 3169 3321 ἐστὶν,
3199 3260 3334 3315 ἀλλὰ
3363 3261 3632 3330 διάφοροι.
3666 3256 3809 3324 Οἷον,

2241 3356 2371 3411 ἄλλο
2401 3355 2524 3409 ἐστὶ
2556 3355 2617 3408 τὺ
2657 3354 2766 3409 ἀπὸ
2820 3353 2988 3418 ἕξεως
3042 3353 3401 3424 ἁμαρτάνειν,
3459 3354 3555 3405 καὶ
3592 3351 3721 3407 ἄλλο
3750 3351 3812 3403 τὸ

2233 3448 2378 3504 κατὰ
2418 3448 2775 3519 συναρπαγήν
2795 3462 2809 3476 ’
2846 3445 2926 3509 ὃς,
2958 3444 3081 3498 οὔτε
3117 3447 3225 3516 πρδ
3251 3445 3351 3517 τῆς
3382 3444 3660 3515 ἁμαρτίας
3697 3438 3810 3513 εἶχε

2232 3539 2331 3611 τὴν
2362 3539 2681 3610 ἐνθύμησιν,
2716 3536 2840 3593 οὗτε
2885 3537 3023 3608 μετὰ
3052 3538 3150 3607 τὴν
3177 3536 3492 3609 ἁμαρτίαν·
3533 3534 3671 3589 ἀλλὰ
3718 3537 3811 3590 καὶ

2235 3629 2440 3701 σφόδρα
2466 3629 2563 3682 ἐπὶ
2585 3627 2662 3699 τῷ
2701 3627 2948 3699 γεγονότι
2983 3628 3263 3683 όδυνᾶται.
3299 3628 3360 3681 '0
3397 3624 3454 3680 δέ
3484 3626 3593 3680 ἀπὸ
3621 3626 3809 3691 ἕξεως,

2233 3724 2299 3777 ἐκ
2332 3721 2429 3775 τοῦ
2479 3721 2765 3775 ἐναντίου·
2808 3719 2904 3775 καὶ
2940 3720 3160 3792 πρῶτον
3209 3719 3319 3792 γὰρ
3374 3721 3518 3774 κατὰ
3566 3720 3811 3773 διάνοιαν

2229 3814 2333 3868 οὐκ
2376 3811 2613 3867 ἐπαύετο
2640 3812 2996 3885 ἁμαρτάνων,
3033 3812 3129 3868 καὶ
3184 3811 3325 3885 μετὰ
3358 3814 3418 3867 τὸ
3446 3811 3677 3885 πρᾶξαι,
3708 3810 3811 3880 τῆς

2231 3904 2405 3977 αὐτῆς
2435 3906 2553 3960 ἐστι
2579 3889 2890 3969 διαθέσεως.

2302 4083 2396 4141 οε’.
2443 4085 2502 4141 '0
2536 4084 2628 4140 διὰ
2678 4081 2989 4150 κενοδοξίαν
3020 4082 3121 4148 τὰς
3148 4082 3351 4156 ἀρετὰς
3386 4082 3807 4155 μετερχόμενος,

2229 4180 2391 4252 δῆλον
2428 4179 2512 4233 ὅτι
2544 4178 2640 4233 καὶ
2668 4177 2771 4248 τὴν
2800 4174 3005 4245 γνῶσιν
3051 4174 3142 4229 δια
3187 4173 3504 4243 κενοδοξίαν
3544 4173 3807 4246 μετέρχε-

2229 4286 2339 4324 ται.
2380 4269 2439 4323 '0
2479 4268 2536 4323 δέ
2587 4266 2851 4332 τοιοῦτος,
2892 4266 3024 4322 om
3064 4266 3206 4339 πρὸς
3242 4265 3538 4338 οἰκοδομὴν
3564 4266 3809 4338 δηλονότι

2231 4360 2464 4433 πράττει
2494 4377 2570 4427 τι,
2604 4359 2639 4432 ἢ
2670 4359 3013 4429 διαλέγεταν
3072 4358 3193 4414 ἀλλ’
3225 4360 3284 4412 ἐν
3314 4361 3453 4414 πᾶσι
3499 4359 3601 4431 τὴν
3653 4358 3806 4428 παρὰ

2229 4451 2338 4506 τῶν
2399 4451 2706 4523 βλεπόντων
2759 4451 2795 4523 ἢ
2870 4450 3179 4506 ἀκουόντων
3236 4442 3406 4518 ’δόξαν
3461 4452 3804 4525 θηρώμενος.

545 4543 807 4600 Proditur
853 4552 1036 4597 autem
1062 4542 1292 4597 aﬂectus
1334 4548 1499 4611 atque
1526 4540 1719 4605 libido,
1740 4554 1867 4596 cum
1898 4539 2127 4611 quibus-

2242 4545 2561 4618 Ἐλέγχεται
2588 4544 2647 4599 δὲ
2673 4544 2736 4599 τὺ
2766 4542 2941 4606 πάθος
2980 4543 3116 4617 (33),
3152 4544 3282 4600 ὅταν
3307 4544 3454 4609 τινὲς
3480 4524 3589 4600 τῶν
3620 4561 3810 4617 προει-

545 4633 674 4689 dam
707 4647 924 4709 eorum,
958 4648 1098 4704 quos
1128 4632 1407 4698 dicebam,
1456 4632 1609 4688 illius
1647 4631 1792 4688 facta
1833 4626 2129 4687 autverba

544 4725 1015 4797 vituperantibus,
1033 4725 1163 4781 inde
1186 4726 1427 4797 graviter
1453 4725 1637 4793 dolet;
1668 4740 1780 4781 non
1803 4740 1867 4780 ea
1891 4726 2125 4791 ratione,

548 4818 699 4889 quod
735 4817 860 4874 illos
884 4833 995 4873 non
1018 4817 1375 4873 aediﬁcaverit
1400 4818 1524 4886 (nec
1554 4817 1705 4873 enim
1744 4816 1793 4872 is
1823 4816 1903 4871 illi
1926 4829 2129 4886 scopas

548 4911 712 4977 erat),
750 4910 845 4966 sed
879 4909 1027 4980 quod
1047 4911 1164 4981 ipse
1194 4918 1549 4981 contemptus
1579 4910 1672 4965 sit.
2050 4978 2059 4986 δ

618 5003 706 5058 76.
740 5002 996 5058 Avaritia:
1026 5002 1221 5056 vitium
1265 5016 1330 5056 ac
1364 5001 1542 5056 labem
1574 4999 1701 5056 inde
1727 4999 2130 5069 deprehendas,

550 5095 701 5166 quod
740 5093 867 5165 quis
910 5095 1068 5150 iaatus
1105 5093 1381 5164 accipiat,
1435 5108 1501 5147 ac
1533 5091 1712 5147 tristis
1756 5091 1985 5147 tribuat.
2025 5091 2130 5158 Qui

550 5185 825 5256 ejusmodi
843 5192 951 5250 est,
993 5184 1141 5239 haud
1175 5183 1412 5238 idoneus
1441 5197 1625 5237 rerum
1652 5182 2133 5253 pecuniarumque

554 5276 908 5346 dispensator
936 5277 1182 5332 exsistat.

2238 4637 2490 4711 ρημὲνων
2519 4639 2632 4701 τοῖς
2657 4637 2841 4708 ἔργοις
2870 4637 2905 4709 ἢ
2934 4641 3048 4703 τοῖς
3099 4636 3278 4706 λόγοις
3304 4637 3471 4692 αὐτοῦ
3498 4635 3666 4708 ψόγον
3694 4638 3811 4690 ἐπι-

2234 4729 2468 4801 φέρωσι,
2501 4731 2599 4784 καὶ
2624 4730 2720 4783 ἐπὶ
2753 4729 2929 4801 τούτῳ
2975 4731 3180 4801 σφόδρα
3212 4728 3448 4800 λυπῆται
3468 4745 3484 4762 ·
3538 4728 3597 4782 ού
3630 4727 3717 4782 διὰ
3747 4727 3808 4780 τὺ

2238 4820 2312 4891 μὴ
2339 4818 2583 4883 ἐκείνους
2606 4819 3005 4892 οἰκοδομεῖσθαι
3052 4821 3189 4892 (οὐδὲ
3216 4820 3325 4892 γὰρ
3353 4820 3511 4875 τοῦτο
3545 4816 3657 4891 εἶχε
3685 4836 3809 4873 σκο-

2235 4908 2382 4981 πὸν),
2405 4911 2542 4965 ἀλλὰ
2573 4912 2664 4966 διὰ
2684 4913 2745 4966 τὸ
2772 4911 2934 4982 αὐτὸν
2958 4912 3400 4982 ἐξουδενωθῆναι.

2302 5002 2408 5068 ος⁹.
2435 5004 2509 5057 Τὸ
2523 5004 2623 5073 τῆς
2649 5002 3015 5075 φιλαργυρίας
3040 5005 3214 5069 πάθος
3236 5004 3486 5058 ἐντεῦθεν
3505 5000 3808 5073 ἐλέγχεται*

2231 5096 2290 5150 ἐν
2322 5094 2400 5167 τῷ
2433 5097 2696 5168 χαίροντα
2743 5097 3079 5167 λαμϐάνειν⁹
3128 5099 3225 5153 καὶ
3259 5095 3604 5168 λυπούμενον
3639 5110 3807 5167 μετα-

2230 5187 2450 5242 διδόναι.
2521 5189 2598 5242 Θύ
2654 5189 2881 5247 δύναται
2924 5188 2982 5242 δέ
3051 5191 3082 5244 ό
3142 5188 3383 5252 τοιοῦτος
3462 5185 3808 5258 οἱκονομικὺς

2233 5275 2372 5332 εἶναι
2400 5280 2500 5348 (x).

628 5411 703 5485 (υ)
752 5413 836 5464 Οὐ
877 5412 965 5486 μῄ
1022 5411 1252 5486 ἐκφύγῃ
1299 5410 1627 5486 τὴν-θείαν
1673 5407 2127 5486 ἐγκμτᾴλει-ψιν.

2232 5410 2431 5486 frustra
2456 5412 2567 5486 sibi
2594 5412 2881 5486 blanditur
2909 5429 2974 5470 ac
3007 5414 3312 5486 praesumit,
3337 5413 3589 5486 quisquis
3624 5415 3683 5469 in
3719 5382 3809 5486 via

554 5479 695 5557 llaec
717 5479 913 5557 nempe
938 5482 1035 5536 Dei
1056 5479 1319 5557 censueta
1348 5481 1511 5544 ultio,
1539 5479 1821 5557 cumquis
1844 5479 2010 5557 fratri
2030 5482 2131 5537 de-
2229 5483 2457 5557 agit,_ae
2483 5484 2571 5538 cui
2600 5483 2655 5538 in
2685 5484 2837 5557 omni
2862 5495 2989 5541 actu
3008 5479 3144 5557 'suo,
3178 5479 3384 5557 quoad
3398 5479 3591 5557 Deum
3618 5484 3816 5549 tendit,

550 5555 748 5617 trabit,
796 5553 884 5607 vei
930 5562 1141 5606 temere
1176 5551 1411 5621 iudicat,
1459 5567 1569 5622 qua
1617 5550 1836 5606 laberat
1878 5550 1996 5622 ipse
2039 5559 2132 5606 aut

551 5624 707 5681 inani
769 5622 909 5677 loria
933 5631 1029 5676 aut
1056 5620 1337 5691 superbia,
1364 5630 1428 5675 ut
1460 5620 1727 5685 nimirum
1755 5620 2129 5692 castigandus,

554 5697 615 5748 in
654 5639 848 5748 ealfem
880 5693 999 5748 ipsa
1036 5707 1159 5748 aute
1194 5691 1401 5748 iudicat
1436 5702 1532 5746 aut
1574 5693 1750 5748 caruit
1785 5692 2005 5746 sinatur
2038 5708 2129 5747 ca-

554 5697 615 5750 in
654 5692 848 5749 eadem
880 5693 999 5763 ipsa
1036 5707 1159 5763 qua:
1191 5692 1401 5763 iudicat
1436 5702 1532 5763 aut
1574 5693 1750 5762 carpit
1785 5692 2005 5763 sinatur
2038 5708 2133 5747 ca—

2233 5553 2505 5624 auxiiium
2548 5555 2790 5624 speciale
2817 5553 3212 5611 necessarium
3231 5556 3323 5611 sit.
3364 5555 3500 5610 Male
3529 5554 3736 5624 Obsop.
3763 5563 3823 5610 et

2233 5621 2400 5697 Gesn.
2428 5621 2778 5697 Nequaquam
2809 5626 3044 5697 divinam
3071 5626 3465 5697 retributionem
3497 5621 3727 5697 remigia}.

2314 5694 2390 5762 (π)
2430 5690 2824 5765 οἰκονομικός
2866 5690 3037 5749 εἶναι.
3086 5696 3207 5752 1am
3246 5710 3414 5765 supra
3455 5690 3636 5760 cf”,
3676 5694 3824 5749 inter

552 5764 712 5828 dere,
768 5761 915 5832 qua!
946 5770 1034 5817 est
1102 5761 1289 5834 divina
1351 5761 1683 5834 derelictio,
1722 5762 2143 5834 substructione
2240 5776 2341 5834 eos
2373 5764 2579 5834 quibus
2615 5761 2762 5819 curae
2799 5774 2934 5819 sunt
2961 5765 3231 5834 pecuniae,
3266 5761 3385 5820 sive
3428 5773 3489 5819 ut
3528 5772 3823 5834 parentur,

560 5831 862 5901 praesentis
912 5834 1032 5905 ejus
1091 5832 1279 5887 auxilii
1330 5841 1387 5887 et
1435 5831 1693 5899 edicaeis,
1748 5840 1860 5902 Quo
1919 5833 2149 5890 absente
2246 5832 2365 5889 sive
2392 5831 2474 5889 'ut
2521 5844 2837 5903 serventur,
2872 5831 3118 5906 ponitur,
3148 5837 3241 5891 καὶ
3271 5837 3301 5891 ό
3329 5831 3693 5907 οἰκονομικός,
3727 5837 3821 5907 qui
