4076 6412
392 397 528 466 105.1

1240 387 1578 453 CAPITUM
1616 383 1715 446 DE
1748 378 2182 446 CHARITATE
2221 374 2612 437 CENTURIA
2654 372 2764 433 III.

3514 357 3652 424 1042

461 508 560 572 οξ.
592 506 693 560 Διὰ
719 503 894 560 ταῦτά
941 521 1025 566 τις
1074 501 1302 571 πάσχων
1346 498 1609 567 ὑπομένει
1633 513 1647 527 ·
1685 495 1718 565 ἢ
1749 493 1838 547 διὰ
1866 492 1962 562 τὴν

2124 487 2214 542 Π.
2248 487 2345 544 llis
2369 502 2438 542 ex
2457 484 2660 550 causis,
2685 498 2806 554 quae
2831 481 3089 537 accidunt
3127 479 3288 544 mala,
3324 475 3525 544 aliquis
3554 491 3668 531 su-

391 599 613 666 ἀγάπην
648 595 740 648 τοῦ
770 592 928 658 Θεοῦ,
960 593 993 664 ἢ
1023 592 1108 645 διὰ
1158 592 1255 656 τὴν
1287 588 1480 641 ἐλπίδα
1510 587 1608 656 τῆς
1637 581 1967 654 μισθαποδο-

394 694 539 756 σίας,
577 687 721 759 ἢδιά
743 687 835 740 τὸν
863 684 1026 755 φόϐον
1052 683 1150 752 τῆς
1185 679 1482 741 κολάσεως,
1514 675 1548 746 ἢ
1578 674 1665 727 διὰ
1692 675 1785 725 τδν
1808 671 1971 740 φόϐον

393 781 506 834 τῶν
536 775 866 848 ἀνθρώπων,
897 774 930 845 ἢ
960 772 1050 826 διὰ
1079 771 1178 839 τὴν
1220 767 1406 838 φύσιν,
1435 765 1468 834 ἢ
1512 763 1599 816 διά
1627 763 1726 832 τὴν
1753 761 1968 830 ἡδονὴν,

395 873 431 944 ἢ
461 871 549 926 διά
580 869 788 941 κέρδος,
814 868 846 937 ἦ
883 865 972 918 διὰ
995 860 1322 927 κενοδοξίαν,
1345 858 1378 928 ἢ
1405 855 1492 910 διὰ
1527 855 1793 922 ἀνάγκην.

470 1057 571 1120 οη’.
604 1049 770 1102 ’Ἄλλο
815 1046 936 1100 ἐστὶ
983 1041 1259 1113 λογισμῶν
1292 1039 1694 1110 ἀπαλλαγῆναι,
1724 1035 1818 1090 καὶ
1844 1035 1973 1090 ἄλλο

399 1141 594 1195 παθῶν
635 1137 1094 1210 ἑλευθερωθῆναι.
1146 1135 1258 1187 Καὶ
1289 1131 1553 1192 πολλάκις
1581 1147 1664 1192 τις
1695 1126 1974 1197 λογισμῶν

399 1231 814 1290 ἀπαλλάττεται
834 1229 908 1300 μὴ
931 1227 1216 1299 παρόντων
1239 1224 1348 1280 τῶν
1371 1222 1713 1295 πραγμάτων
1727 1219 1973 1282 ἐκείνων,

401 1324 541 1395 πρὸς
569 1323 711 1393 άπερ
740 1321 810 1375 τὰ
833 1318 983 1388 πάθη
1009 1318 1274 1388 κέκτηται
1293 1333 1307 1348 ο
1343 1315 1646 1386 κρύπτεται
1659 1312 1716 1366 δὲ
1735 1311 1804 1365 τὰ
1831 1309 1976 1378 πάθη

401 1413 464 1466 ὲν
492 1413 558 1482 τῇ
587 1409 758 1480 ψυχῇ,
787 1409 883 1463 καὶ
903 1406 1310 1475 άναφαινόντων
1330 1403 1438 1458 τῶν
1456 1403 1796 1475 πραγμάτων
1824 1400 1978 1468 ἐλέγ-

402 1518 610 1572 χονται.
647 1501 770 1570 Χρὴ
793 1495 892 1554 οὖν
931 1501 1123 1570 τηρεῖν
1171 1497 1262 1550 τὸν
1289 1495 1415 1549 νοῦν
1456 1496 1548 1548 ἐπὶ
1579 1493 1688 1547 τῶν
1721 1490 1981 1562 πραγμά-

404 1612 534 1661 των,
562 1594 656 1649 καὶ
685 1592 892 1664 γνῶναι
929 1591 1067 1662 πρὸς
1092 1589 1246 1644 ποῖον
1275 1587 1388 1658 ἔχει
1412 1586 1472 1640 τὸ
1502 1585 1694 1648 πάθος.

2072 581 2248 635 stinet
2281 596 2298 632 :
2334 587 2432 632 aut
2463 583 2692 646 propter
2734 573 2834 629 Dei
2879 573 3197 628 charitatem
3224 613 3238 637 ,
3275 578 3371 624 aut
3425 577 3651 638 pr0pter

2072 683 2224 738 spem
2254 664 2654 728 retributionis,
2681 669 2778 716 aut
2801 659 3058 730 supplicii
3099 667 3246 712 metu
3271 698 3284 722 ,
3323 666 3419 710 aut
3454 656 3652 709 timore.

2073 757 2339 821 humano,
2364 765 2459 812 aut
2487 762 2716 826 propter
2754 761 3006 807 naturam
3034 766 3098 804 ac
3116 749 3375 811 indolem,
3406 755 3500 801 aut
3524 762 3652 816 pro-

2074 858 2198 921 pter
2226 850 2590 920 voluptatem,
2613 855 2707 902 aut
2736 844 2902 908 lucri,
2925 851 3024 897 aut
3045 841 3225 895 inanis
3245 839 3428 894 Gloria:
3462 853 3647 900 causa,

2073 952 2169 997 aut
2206 945 2334 1014 quia
2363 943 2669 998 necessitas
2709 949 2890 1010 cogat.

2145 1036 2233 1088 78.
2268 1033 2430 1088 Aliud
2469 1041 2554 1088 est
2604 1049 2634 1086 a
2669 1028 3098 1105 cogitationibus
3127 1023 3372 1087 liberari,
3410 1022 3557 1077 aliud
3583 1022 3652 1075 ab

2077 1125 2366 1181 affectibus
2397 1141 2464 1180 ac
2496 1123 2649 1179 vitiis
2697 1123 3003 1176 immunem
3045 1117 3295 1188 praestari
3331 1132 3345 1170 :
3384 1131 3489 1170 nec
3530 1129 3652 1166 raro

2077 1217 2349 1286 contingit
2400 1223 2461 1269 ut
2501 1215 2627 1285 quis
2659 1230 2688 1268 ιι
2733 1210 3167 1282 cogitationibus
3211 1208 3511 1269 liberetur,
3555 1219 3655 1273 per

2078 1322 2271 1362 earum
2304 1321 2492 1360 rerum
2521 1303 2828 1358 absentiam
2860 1302 2929 1357 ad
2951 1317 3090 1372 quas
3123 1298 3418 1355 libidinose
3452 1295 3655 1350 allicie-

2081 1397 2262 1463 batur,
2288 1412 2412 1452 cum
2444 1404 2624 1450 tamen
2643 1394 2875 1449 allectus
2898 1409 2963 1448 ac
2989 1391 3248 1448 libidines
3265 1390 3320 1444 in
3345 1388 3528 1443 animo
3557 1386 3657 1440 de-

2079 1490 2356 1554 litescant,
2393 1487 2672 1556 rebusque
2700 1485 3112 1557 emergentibus
3130 1499 3196 1538 ac
3217 1497 3401 1538 coram
3425 1478 3659 1551 objectis

2082 1595 2141 1634 se
2197 1578 2455 1649 prodant.
2485 1575 2880 1632 Observandus
2904 1590 3038 1646 ergo
3079 1573 3299 1628 animus
3354 1571 3410 1625 in
3469 1585 3656 1624 rerum

2082 1669 2393 1740 praesentia,
2416 1683 2484 1723 ac
2502 1666 2802 1721 videndum
2824 1666 2880 1720 in
2903 1680 3068 1736 quam
3099 1663 3319 1720 tandem
3357 1660 3559 1716 alfcetu
3591 1673 3660 1714 ac

2083 1759 2313 1815 libidine
2338 1759 2568 1813 feratur.

475 1856 573 1911 σθ’.
614 1857 771 1921 Φίλος
791 1855 996 1920 ἐκεῖνός
1027 1856 1144 1908 ἔστι
1169 1853 1411 1924 γνήσιος,
1436 1853 1466 1905 ὁ
1492 1850 1589 1914 τὰς
1621 1851 1685 1904 ὲκ
1715 1847 1980 1920 περιστά-

2153 1851 2241 1905 79.
2303 1849 2480 1905 Verus
2526 1849 2616 1904 ille
2650 1847 2864 1902 amicus
2913 1854 3019 1910 est,
3051 1844 3146 1914 qui
3198 1843 3432 1898 adverso
3473 1854 3659 1895 rerum

410 1966 549 2012 σεως
584 1947 792 2015 θλίψεις
822 1947 917 2001 καὶ
946 1946 1191 2014 ἀνάγκας
1236 1944 1332 1996 καὶ
1375 1942 1662 2013 συμφορὰς
1706 1943 1765 1993 ὲν
1797 1938 1979 2010 καιρῴ

408 2037 719 2108 πειρασμοῦ
749 2036 1138 2106 συνυποφέοων
1162 2035 1240 2106 τῷ
1260 2033 1488 2106 πλησίον
1504 2034 1578 2097 ὡς
1607 2033 1763 2100 ἰδίας,
1785 2031 1980 2104 ἀθορύ-

408 2127 520 2192 6ως
552 2128 645 2180 καὶ
673 2127 981 2199 ἀταράχως.

480 2303 553 2360 π’.
586 2303 678 2375 Μὴ
705 2303 981 2377 ἀτιμάσῃς
1014 2303 1112 2375 τὴν
1161 2305 1487 2376 συνείδησιν,
1519 2305 1720 2374 ἄριστά
1761 2323 1842 2358 σοι
1895 2307 1983 2359 ἀεὶ

409 2394 913 2464 συμϐουλεύουσαν.
946 2394 1178 2465 Γνώμην
1209 2394 1317 2464 γὰρ
1361 2395 1512 2448 θείαν
1557 2396 1652 2448 καὶ
1680 2395 1982 2466 ἀγγελικὴν

409 2503 493 2538 σοι
530 2485 878 2539 ὑποτίθεται·
917 2487 1011 2540 καὶ
1040 2486 1148 2538 τῶν
1177 2486 1438 2558 κρυπτῶν
1471 2487 1572 2557 τῆς
1606 2487 1836 2558 καρδίας
1886 2504 1982 2556 μο-

404 2575 700 2645 λυσμάτων
728 2576 1025 2646 ἐλευθεροῖ,
1061 2576 1155 2629 καὶ
1200 2577 1514 2648 παρρησίαν
1551 2578 1686 2648 πρὸς
1715 2579 1807 2631 τὸν
1849 2577 1982 2631 Θεὸν

407 2669 468 2720 ἐν
494 2670 558 2738 τῇ
593 2667 756 2738 ἐξόδῳ
783 2684 864 2720 σοι
895 2668 1204 2738 χαρίζεται.

483 2765 594 2812 παν.
633 2760 696 2811 Ei
728 2759 905 2823 Θέλεις
933 2760 1185 2828 γενέσθαι
1223 2759 1552 2832 ἐπιγνώμων
1607 2762 1681 2833 (y)
1737 2764 1833 2817 καὶ
1889 2763 1986 2834 μέσ-

408 2866 561 2918 τριος
591 2849 724 2919 (54),
758 2850 854 2902 καὶ
899 2849 976 2914 τῷ
1005 2849 1168 2903 πάθει
1198 2851 1293 2920 τῆς
1320 2852 1550 2922 οἰήσεως
1585 2851 1659 2924 μὴ
1689 2853 1982 2920 δουλεύειν,

410 2941 501 2993 ἀεὶ
559 2939 713 3010 ζήτει
770 2941 828 2992 ἐν
878 2943 992 3003 τοῖς
1026 2936 1167 3008 οὖσι,
1203 2940 1256 2993 τί
1306 2942 1422 2994 ἐστι
1473 2943 1852 3015 κρυπτόμενον
1885 2945 1985 3016 τὴν

413 3032 512 3084 σὺν
542 3030 748 3099 γνῶσιν
782 3029 895 3102 [Fr.
935 3033 1002 3102 τῇ
1037 3032 1102 3102 σῇ
1139 3029 1383 3103 γνώσει].
1405 3033 1515 3086 Καὶ
1542 3033 1812 3101 εὑρίσκων
1838 3037 1988 3106 πάμ-

2083 1957 2211 1997 casu
2243 1940 2467 1994 obortas
2487 1953 2762 1994 aerumnas
2788 1943 2846 1991 et
2861 1936 3227 1992 necessitates
3243 1942 3299 1988 et
3326 1930 3662 1987 calamitates

2083 2046 2148 2086 ac
2177 2030 2384 2096 clades,
2421 2038 2669 2099 tempore
2706 2027 3048 2091 tentationis,
3073 2026 3226 2095 quasi
3255 2023 3529 2094 proprias,
3550 2034 3659 2072 una

2084 2139 2210 2178 cum
2258 2122 2510 2193 proximo
2563 2121 2961 2190 imperturbate
3007 2117 3307 2188 sedatoque
3351 2115 3534 2170 animo
3569 2127 3664 2168 su-

2085 2213 2254 2269 stinet
2273 2250 2288 2266 .

2157 2304 2245 2358 80.
2277 2304 2358 2358 Ne
2382 2303 2777 2358 conscientiam
2799 2343 2814 2365 ,
2849 2302 3060 2372 Optima
3083 2299 3176 2354 tibi
3212 2313 3429 2367 semper
3459 2311 3662 2351 consu-

2087 2396 2289 2451 lentem
2320 2395 2614 2466 spreveris.
2650 2394 2904 2448 Divinum
2940 2394 3089 2446 enim
3126 2398 3183 2444 et
3227 2388 3535 2458 angelicum
3563 2385 3664 2438 tibi

2087 2485 2378 2540 consilium
2427 2499 2493 2538 ac
2540 2483 2880 2537 voluntatem
2936 2478 3200 2549 suggerit,
3237 2475 3547 2543 liberatquc
3592 2474 3662 2527 ab

2086 2577 2322 2632 occultis
2360 2575 2528 2630 animi
2560 2575 2840 2638 sordibus,
2868 2589 2930 2627 ac
2976 2573 3032 2626 in
3072 2569 3222 2625 exitu
3271 2567 3529 2638 ﬁduciam
3566 2566 3666 2622 tibi

2086 2583 2322 2632 occultis
2360 2583 2528 2630 animi
2560 2583 2840 2638 sordibus,
2868 2589 2930 2627 ac
2976 2588 3032 2626 'n
3072 2583 3222 2625 exrtu
3271 2583 3529 2622 uuucxan

2086 2668 2154 2722 ad
2181 2669 2355 2723 Deum
2381 2666 2684 2736 praestabit.

2154 2758 2241 2813 81.
2276 2758 2333 2813 Si
2375 2757 2621 2828 prudens
2647 2754 2900 2826 cognitor
2932 2769 2996 2808 ac
3040 2751 3324 2806 modestus
3368 2747 3508 2803 ellici
3559 2746 3664 2811 vis,

2084 2867 2190 2906 nec
2206 2850 2486 2922 jactantiaa
2520 2849 2813 2917 inanisque
2842 2846 3016 2901 fastus
3053 2843 3189 2897 vitio
3223 2841 3455 2903 servire,
3483 2855 3666 2909 quaere

2087 2954 2304 3009 semper
2340 2939 2396 2992 in
2423 2938 2593 2991 rebus
2618 2936 2750 3006 quid
2784 2934 3073 2990 scientiam
3101 2941 3248 2986 tuam
3281 2932 3472 2986 lateat.
3503 2929 3672 2984 Cum-a

2087 3045 2194 3098 que
2230 3027 2468 3099 plurima
2517 3037 2680 3097 atque
2729 3024 2951 3080 diversa
2985 3032 3038 3078 te
3088 3023 3260 3077 latere
3309 3019 3666 3090 compereris,

414 3121 586 3174 πολλα
625 3120 719 3174 καὶ
747 3120 982 3190 διάφορα
1027 3120 1328 3192 πράγματα
1370 3120 1704 3176 λανθάνοντά
1743 3140 1824 3189 σε,
1857 3123 1986 3177 θαυ-

2090 3119 2382 3175 miraberis
2405 3133 2508 3189 pro
2527 3133 2592 3173 ea
2617 3133 2726 3188 qua
2748 3116 2965 3172 laboras
2989 3114 3320 3186 ignorantia,
3342 3129 3675 3184 sensumque

421 3212 612 3283 μάσεις
640 3229 699 3264 τε
731 3211 822 3264 ἐπὶ
853 3214 919 3282 τῇ
947 3214 1011 3282 σῇ
1042 3211 1308 3283 ἀγνωσία,
1334 3213 1427 3265 καὶ
1458 3214 1734 3278 συστελεῖς
1770 3214 1830 3267 τὸ
1856 3216 1988 3287 φρό-

415 3317 597 3371 νημα’
655 3303 750 3354 καὶ
806 3302 1033 3356 σεαυτὸν
1067 3303 1347 3370 ἐπιγνοὺς,
1385 3306 1640 3375 συνήσεις
1693 3305 1865 3360 πολλὰ
1895 3307 1990 3360 καὶ

416 3392 631 3460 μεγάλα
653 3393 746 3445 καὶ
779 3392 1070 3463 θαυμαστά
1102 3394 1427 3466 πράγματα.
1473 3396 1628 3449 Ἐπεὶ
1658 3397 1724 3450 τὸ
1747 3397 1989 3468 νομίζειν

412 3484 636 3550 εἰδέναι,
670 3485 768 3537 οὐκ
801 3487 864 3557 ἐᾷ
897 3485 1232 3556 προκόπτειν
1267 3489 1348 3550 εἰς
1377 3486 1438 3539 τὸ
1475 3487 1699 3542 εἰδέναι.

486 3573 601 3643 πβ’.
634 3567 803 3638 Οὗτος
834 3573 1080 3646 ἀκριϐῶς
1120 3575 1262 3629 θέλει
1292 3577 1555 3648 σωθῆναι,
1589 3580 1616 3632 ὁ
1657 3582 1771 3643 τοῖς
1814 3581 1988 3653 ἰατρι-

412 3667 531 3729 κοῖς
567 3669 882 3736 φαρμάκοις
941 3669 1014 3738 μὴ
1046 3668 1463 3740 ἀνθιστάμενος.
1513 3666 1682 3726 Λῦται
1737 3673 1792 3725 δέ
1844 3675 1985 3727 εἰσιν

410 3759 600 3812 ὀδύναι
653 3761 750 3813 καὶ
786 3760 955 3813 λύπαι
1006 3759 1096 3813 διὰ
1144 3761 1406 3816 ποικίλων
1441 3763 1722 3836 ἐπιφορῶν
1779 3766 1986 3836 ἐπαγό-

416 3869 598 3922 μεναι.
615 3853 673 3904 Ὀ
695 3852 750 3904 δὲ
780 3853 1195 3923 ἀνθιστάμενος,
1215 3855 1314 3906 οὐκ
1339 3850 1447 3907 οἶδε
1471 3855 1522 3908 τί
1543 3855 1776 3910 ἐνταῦθα
1806 3875 1991 3928 πραγ-

419 3941 732 4010 ματεύεται,
787 3942 906 3995 οὐδὲ
949 3942 1002 3996 τί
1063 3945 1315 3997 ἐντεῦθεν
1364 3945 1708 4016 ὠνησόμενος
1755 3948 1991 4002 ἀπελεύ-

418 4049 594 4085 σεται.

489 4125 602 4192 πγ’.
645 4125 934 4193 Κενοδοξῐα
967 4126 1060 4180 καὶ
1096 4127 1432 4200 φιλαργυρία
1463 4129 1710 4202 ἀλλήλων
1734 4132 1842 4186 εἰσὶ
1871 4151 1993 4204 γεν-

417 4217 659 4286 νητικαί.
715 4220 778 4272 Οἱ
829 4219 931 4288 μὲν
984 4218 1095 4290 γάρ
1143 4219 1573 4287 κενοδοξοῦντες,
1627 4223 1990 4279 πλουτοῦσιν’

409 4309 466 4370 ,οί
495 4309 551 4361 δὲ
581 4309 963 4374 πλουτοῦντες,
1009 4310 1414 4376 κενοδοξοῦσιν·
1451 4313 1566 4367 ἀλλ’
1593 4313 1669 4379 ὡς
1702 4316 1988 4386 κοσμικοί·

420 4401 544 4454 ἐπεὶ
594 4403 622 4454 ὁ
679 4402 912 4472 μοναχδς
962 4404 1230 4473 ἀκτήμων
1293 4403 1390 4470 ὢν,
1447 4406 1649 4476 μᾶλλον
1701 4409 1988 4476 κενοδοξεὶζ

2093 3220 2149 3266 et
2205 3210 2418 3265 animos
2475 3210 2845 3280 comprimes;
2881 3215 3044 3278 teque
3101 3206 3280 3276 ipsum
3331 3221 3671 3277 agnoscens,

2095 3303 2266 3357 multa
2296 3317 2602 3372 magnaque
2625 3316 2688 3356 ac
2716 3298 3038 3354 admiranda
3064 3297 3360 3368 intelliges.
3379 3296 3535 3364 Quod
3551 3295 3676 3368 quis

2091 3395 2239 3450 enim
2265 3410 2323 3448 se
2352 3393 2494 3448 scire
2516 3392 2816 3457 existimat,
2845 3391 3004 3445 deest
3032 3389 3113 3444 illi
3146 3404 3258 3460 quo
3285 3389 3356 3444 ad
3385 3389 3674 3445 scientiam

2090 3483 2364 3555 prolicere
2395 3483 2580 3538 liceat.

2163 3577 2252 3631 82.
2279 3576 2374 3629 Ille
2402 3575 2549 3630 serio
2594 3573 2828 3628 salutem
2859 3571 3126 3642 consequi
3155 3569 3330 3641 cupit,
3356 3570 3452 3641 qui
3501 3571 3677 3625 medi-

2093 3665 2367 3720 cinalibus
2422 3662 2686 3720 remediis
2741 3679 2852 3717 non
2899 3661 3133 3716 resistit.
3183 3660 3325 3716 Sunt
3368 3676 3502 3715 vero
3536 3660 3672 3726 hiec,

2093 3757 2333 3817 dolores,
2361 3771 2621 3811 azrumna:
2643 3770 2707 3808 ac
2729 3754 2893 3820 mala,
2926 3752 3098 3808 variis
3125 3752 3347 3807 casibus
3372 3767 3674 3822 rerumque

2095 3846 2413 3902 turbinibus
2438 3845 2598 3917 441
2635 3844 2900 3899 immissa.
2936 3843 3041 3909 Qui
3081 3850 3265 3898 autem
3311 3842 3554 3908 resistit,
3583 3859 3682 3896 ne-

2094 3941 2198 3996 scit
2225 3939 2488 4010 quidnam
2521 3938 2613 3992 hic
2632 3937 2839 4007 negotii
2875 3945 3090 4007 agatur,
3127 3935 3330 4006 quidve
3367 3935 3508 3990 lucri
3542 3949 3678 3990 con-

2093 4038 2317 4086 secutus
2337 4027 2598 4083 humanis
2631 4027 2968 4098 migraturus
2995 4026 3088 4082 sit.

2162 4117 2250 4172 85.
2276 4115 2462 4172 Inanis
2485 4115 2659 4187 gloria
2682 4123 2740 4170 et
2773 4113 3024 4181 avaritia,
3051 4115 3226 4169 altera
3261 4113 3420 4168 alteri
3453 4126 3675 4182 parens.
3714 4117 3720 4124 '

2093 4209 2197 4277 Qui
2223 4209 2368 4265 enim
2400 4207 2555 4262 inani
2585 4207 2762 4278 gloria
2799 4206 3073 4271 laborant,
3111 4205 3389 4260 ditescere
3416 4203 3676 4269 student,

2094 4299 2459 4368 laborantque
2511 4297 2663 4352 inani
2712 4296 2908 4367 gloria,
2961 4296 3058 4366 qui
3106 4296 3334 4350 student
3370 4294 3679 4358 ditescere,

2094 4390 2241 4461 quod
2274 4404 2473 4460 nempe
2496 4388 2563 4443 ad
2591 4388 2881 4445 sasculares
2899 4387 3100 4444 attinet
3129 4405 3142 4440 :
3175 4386 3480 4442 monachus
3508 4385 3681 4449 enim,

432 4494 722 4565 Ἀργύριον
755 4495 813 4546 δὲ
848 4494 1007 4566 ἔχων,
1039 4494 1273 4567 κρύπτει
1302 4475 1459 4560 αὐτὸ,
1491 4499 1882 4573 αἰσχυνόμενος
1903 4475 1986 4566 Ϋώς

2094 4495 2222 4535 cum
2251 4479 2390 4533 nihil
2419 4479 2475 4534 in
2506 4493 2674 4533 censu
2701 4477 2870 4531 habet
2893 4492 2957 4532 ac
2985 4491 3197 4547 pauper
3221 4482 3326 4541 est,
3366 4483 3479 4529 tum
3512 4475 3685 4546 magis

421 4583 690 4639 ἀνοίκειον
720 4587 954 4658 πρᾶγμα
985 4587 1080 4658 τοῦ
1112 4588 1395 4660 σχήματος
1436 4589 1601 4662 ἔχων.

493 4832 597 4887 πδ’.
637 4833 752 4903 Τῆς
801 4833 896 4888 τοῦ
947 4833 1184 4906 μοναχοῦ
1232 4835 1544 4901 κενοδοξίας
1598 4836 1751 4903 ίδιον,
1803 4839 1866 4892 τὸ
1909 4840 1998 4893 ἐπ’

2099 4569 2248 4625 inani
2276 4569 2450 4639 gloria
2487 4575 2681 4623 tumet.
2713 4567 2807 4622 Sin
2832 4575 3013 4623 autem
3045 4567 3214 4621 habet
3256 4566 3542 4635 pecunias,
3591 4581 3685 4620 eas

2097 4659 2403 4726 abscondit,
2428 4659 2785 4722 erubescens,
2818 4665 2879 4711 ut
2900 4672 3062 4727 quem
3094 4655 3299 4726 pudeat
3322 4655 3549 4722 habere,
3581 4671 3684 4711 ceu

2096 4764 2214 4804 rem
2249 4766 2371 4820 qua:
2410 4750 2727 4804 institutum
2759 4748 2907 4802 illius
2933 4747 3218 4802 dedeceat.

2166 4841 2252 4895 86.
2287 4841 2467 4894 inanis
2493 4839 2680 4911 gloria:
2726 4837 2983 4892 monachi
3019 4838 3301 4908 proprium
3339 4845 3444 4903 est,
3488 4844 3552 4891 ut
3577 4837 3690 4892 vir-

420 4922 590 4994 άρετῇ
626 4923 945 4991 κενοδοξεῖν,
972 4927 1065 4980 καὶ
1099 4929 1212 4990 τοῖς
1244 4926 1420 4999 ταύτῃ
1469 4927 1827 4983 ἀκολουθοῦσι
1848 4944 1864 4962 ⁸
1897 4930 1986 5000 τῆς

2097 4933 2230 4989 tutis
2256 4933 2479 4988 nomine
2506 4947 2565 4987 se
2590 4932 2682 4986 illa
2715 4931 2930 4994 ell‘erat,
2973 4945 3279 5001 eorumque
3309 4945 3433 5001 quae
3461 4945 3530 4985 ex
3567 4930 3683 4984 vir-

423 5012 479 5065 δὲ
507 5013 884 5084 ὑπερηφανίας
935 5016 1100 5071 αὐτοῦ
1154 5017 1304 5084 ἴδιον,
1337 5017 1398 5071 τὺ
1427 5018 1520 5072 ἐπὶ
1573 5020 1986 5093 κατορθώμασιδι

2095 5024 2228 5079 tutis
2279 5025 2492 5080 ratione
2545 5032 2675 5080 sunt
2706 5041 2719 5078 :
2751 5026 2870 5098 ejus
2913 5041 3046 5081 vero
3083 5016 3376 5098 proprium
3412 5025 3685 5096 superbiae

425 5165 588 5226 unus,
607 5167 685 5206 ait
716 5151 1002 5226 Maximus,
1034 5153 1208 5226 ὀρθῶς
1231 5158 1620 5226 περιποιεῖται,
1656 5173 1841 5211 earum
1865 5168 2003 5212 recte

425 5222 686 5298 rationem
722 5222 893 5298 habet,
930 5231 988 5276 ut
1036 5222 1140 5298 non
1174 5222 1320 5298 desii
1354 5223 1644 5298 aliqugndo
1683 5243 1785 5298 quo
1812 5230 2001 5298 cuique

425 5292 722 5364 necessaria
748 5292 1010 5364 tribuat:
1044 5293 1135 5347 ubi
1165 5292 1368 5364 Obsop.
1396 5292 1453 5348 et
1492 5295 1660 5351 Gesn.
1696 5292 1810 5350 non
1834 5292 1996 5359 bene,

424 5360 1105 5439 curam_familiw__obie_ns;
1125 5364 1270 5431 quod
1291 5360 1438 5419 esset
1461 5365 1797 5439 privatarum
1818 5369 1997 5422 solum

425 5431 784 5550 pecuniarum
842 5431 1195 5514 distributor,
1259 5449 1370 5487 non
1428 5431 1808 5504 publicarum;
1869 5454 1994 5492 cum

445 5513 590 5550 intus
615 5515 851 5550 maxnne
881 5510 1131 5550 ιηιρτςιι-
1167 5509 1226 5550 ut
1262 5505 1511 5550 nemmim
1540 5513 1855 5550 snnnolnnL
1887 5523 1994 5550 mm

445 5503 590 5580 llljtl's
611 5503 851 5580 maxime
880 5503 1131 5580 intersit,
1167 5509 1234 5580 ut_
1262 5503 1516 5580 pecuniae
1540 5513 1858 5580 suppetant,
1887 5523 1997 5580 quo

427 5522 590 5578 anuus
616 5522 851 5555 inaxune
880 5522 1097 5556 mtersu
1116 5543 1131 5564 ,
1167 5522 1226 5555 ιιι
1262 5522 1511 5572 pecuniae
1540 5522 1640 5574 sup
1685 5522 1858 5569 etant,
1887 5523 1997 5575 quo

423 5576 480 5620 et
513 5567 755 5645 divinius
777 5571 982 5645 bonum
1017 5573 1124 5645 illis
1152 5573 1550 5645 velservandis
1581 5522 1684 5645 ve?
1703 5577 1998 5645 erogandis

424 5639 770 5705 propositum
814 5641 978 5694 habet
1009 5659 1023 5696 :
1064 5642 1172 5704 hic,
1209 5642 1344 5695 nihil
1387 5644 1469 5698 eis
1501 5643 1746 5713 exposita
1783 5639 1908 5709 vox,
1942 5657 1999 5702 at

426 5718 576 5787 certe
615 5725 725 5762 non
755 5718 909 5787 estra
945 5713 1454 5787 mentem‘auctoris
1487 5713 1871 5787 detorta,_Non
1901 5733 1995 5787 po-

428 5781 524 5830 test
556 5780 928 5835 oeconomicum
968 5797 1142 5848 aqere.
1180 5781 1438 5838 Arcarius
1482 5784 1664 5843 dictus
1702 5780 2002 5855 ejusmodi,

2109 5162 2267 5231 quasi
2293 5161 2476 5218 aerarii
2507 5163 2594 5233 vel
2630 5163 2832 5233 privati
2872 5163 2958 5218 vel
2994 5161 3203 5231 publici
3247 5169 3514 5233 qumstor:
3560 5163 3670 5216 ine-

2108 5240 2258 5312 ptus.
2283 5242 2434 5312 certe
2486 5231 2901 5312 huic-muneri,
2931 5234 2976 5287 si
3000 5234 3247 5312 libenter
3266 5231 3549 5303 'accipiat,
3577 5247 3681 5287 nec

2107 5301 2214 5355 nisi
2245 5301 2454 5356 invitus
2494 5318 2560 5357 ac
2598 5303 2778 5358 tristis
2806 5302 3034 5358 tribuat.

2179 5370 2253 5441 (y)
2290 5374 2357 5425 El
2387 5371 2585 5444 θέτὶεις
2603 5372 2894 5444 γενέσθαι
2910 5373 3275 5444 ἐπιγνώμων.
3305 5373 3576 5444 ϐορηίὶιον,
3606 5373 3690 5444 ἔῃ.

2104 5449 2332 5513 specior,
2375 5442 2472 5513 qui
2523 5443 2590 5496 ad
2633 5441 3137 5512 iudicandum'seu
3171 5441 3553 5513 arbitrahdum
3587 5441 3689 5495 ali-

2105 5510 2237 5580 quid
2273 5511 2481 5566 accitus
2519 5513 2609 5573 sit,
2636 5510 2798 5566 utait
2825 5513 2961 5566 Bud.
3004 5515 3246 5569 adducto
3284 5512 3511 5568 Luciani
3539 5510 3683 5564 loco.

2104 5582 2282 5653 Etiam
2310 5581 2541 5653 Hesych.
2564 5582 2926 5653 ἐπιγνώμων,
2968 5585 3231 5653 ἐπόπτης.
3272 5582 3534 5653 Praeclara
3571 5581 3688 5634 halc

2105 5651 2338 5724 maximi
2388 5651 2599 5724 sciendi
2628 5653 2840 5724 regula,
2882 5653 3028 5721 quod
3067 5651 3304 5724 teipsum
3337 5651 3681 5708 nescientem

2105 5720 2267 5778 scias.
2294 5722 2414 5778 Non
2448 5722 2592 5777 male
2615 5720 2782 5777 Gesn.
2815 5720 3052 5794 sapiens.
