4076 6430
468 371 601 437 1039

1694 372 1753 430 S.
1797 369 2084 431 MAXIMI
2125 368 2634 429 CONFESSORIS

3569 365 3692 433 1040

531 478 699 553 439
744 479 830 533 72.
856 480 1003 534 Deus
1038 477 1317 534 visibilem
1354 478 1503 535 hunc
1527 479 1795 533 mundum
1823 489 1878 533 et
1910 479 2042 534 invi.

2159 536 2173 549 ‘
2221 479 2319 549 οβ’.
2366 479 2424 530 '0
2461 479 2594 540 θεὸς
2638 475 2822 530 ἔκτισε
2868 475 2963 530 τὸν
3003 475 3233 548 ἀόρατον
3264 477 3462 547 κόσμον
3501 482 3589 533 καὶ¹
3613 484 3696 536 τὸν

463 571 682 625 sibilem
706 570 985 636 condidit;
1019 570 1368 640 animamque
1399 580 1455 625 et
1488 585 1689 641 corpus
1716 572 1905 641 utique
1930 573 2045 642 ipse

464 659 614 715 fecit.
667 662 746 714 Ae
773 658 1054 728 siquidem
1100 660 1343 714 mundus
1383 659 1485 715 iste
1527 661 1764 715 visibilis
1795 659 1921 714 talis
1960 668 2046 715 est

464 755 657 824 sicque
705 755 961 825 pulcher,
1003 755 1185 825 qualis
1243 771 1377 826 rogo
1417 755 1514 826 qui
1567 764 1653 812 est
1712 755 2047 811 invisibilis?

462 847 714 917 Cumque
740 846 832 901 hic
861 847 955 902 illo
984 848 1336 918 praestantior
1364 849 1459 914 sit,
1487 855 1756 918 quantum
1776 847 2046 903 ambobus

465 940 733 1010 prtecellit
754 941 919 1006 Deus,
947 939 1063 1009 qui~
1079 939 1361 995 condidit?
1383 939 1521 996 Cum
1545 940 1714 1012 igitur
1743 941 1910 1005 Deus,
1931 941 2047 1010 ipse

465 1031 715 1086 omnium
772 1046 896 1102 quas
951 1031 1094 1086 bona
1136 1046 1327 1101 quaeve
1391 1032 1625 1102 pulchra
1679 1041 1810 1087 sunt
1864 1031 2048 1102 opifex

467 1131 773 1192 auctorque
796 1162 812 1186 ,
849 1122 1055 1177 creatis
1095 1121 1354 1177 omnibus
1396 1122 1747 1193 praestantior
1773 1121 1864 1186 sit,
1914 1136 2045 1192 qua,

470 1228 677 1283 qiueso,
719 1213 935 1268 ratione
995 1229 1190 1277 meus,
1230 1213 1462 1269 dimisso
1509 1229 1578 1268 eo
1630 1214 1777 1284 quod
1831 1214 2049 1269 cunctis

466 1305 818 1374 pmstantius
878 1315 962 1360 est
994 1345 1008 1367 ,
1059 1307 1307 1360 omnium
1377 1306 1694 1361 deterrimis
1737 1306 1910 1360 otium
1966 1313 2048 1359 at-

466 1409 577 1464 que
623 1408 849 1463 operam
905 1395 1099 1464 ponit?
1146 1382 1464 1450 carnalibus
1522 1395 1735 1450 scilicet
1778 1394 1935 1449 vitiis
1985 1408 2050 1448 ac

466 1481 781 1539 affectibus.
814 1483 959 1539 Num
996 1484 1174 1554 palam
1206 1483 1435 1549 idcirco,
1465 1483 1613 1555 quod
1647 1483 1717 1538 ab
1738 1491 1863 1538 ortu
1906 1483 2052 1538 nati-

466 1576 658 1634 vitatis
688 1593 814 1634 cum
852 1593 1019 1635 carne
1050 1588 1268 1633 versata
1303 1579 1469 1649 eique
1504 1593 1896 1642 consuescens,
1930 1576 2051 1647 ejus

466 1670 619 1741 quod
646 1670 904 1725 omnibus
947 1670 1299 1740 przeSIantius
1330 1677 1416 1724 est
1451 1684 1517 1724 ac
1555 1670 1773 1725 cunctis
1817 1666 2045 1731 eminet,

467 1760 716 1816 nondum
740 1762 986 1832 perfecte
1013 1762 1321 1831 perieulum
1355 1775 1420 1816 ac
1438 1772 1662 1832 gustum
1691 1759 1825 1816 fecit
1847 1759 2049 1814 ?Modo

2151 568 2450 638 ὁρώμενον”
2488 569 2585 620 καὶ
2617 568 2717 636 τὴν
2749 566 2925 638 ψυχὴν
2955 569 3050 621 καὶ
3078 567 3143 620 τὸ
3172 568 3330 638 σῶμα
3355 569 3587 640 δηλονότι
3610 574 3699 624 αὒ-

2150 659 2242 723 τὺς
2271 658 2518 727 ὶποίπβε.
2573 658 2685 712 Καὶ
2730 660 2780 712 εί
2832 661 2861 712 ὁ
2907 657 3183 729 ὁρώμενος
3233 659 3432 727 κόσμος
3477 660 3700 725 τοιοῦτός

2151 750 2270 804 tm
2300 749 2413 822 [Fin
2461 749 2636 814 οὕτως
2690 749 2828 822 ἐστὶ]
2884 750 3070 813 καλὸς,
3131 753 3283 813 ποῖος
3348 752 3453 820 ἄρα
3494 753 3631 805 ἐστὶν
3675 754 3700 806 ό

2152 842 2405 913 ἁόρατοςς
2440 843 2502 895 Ei
2527 842 2584 896 δὲ
2610 842 2874 914 κρείττων
2898 842 3086 896 τούτου
3130 844 3355 901 ἐκεῖνος.
3389 843 3547 894 πόσον
3573 844 3702 914 ὑπὲρ

2152 935 2280 998 τοὺς
2324 934 2439 996 δύο,
2472 936 2502 987 ὁ
2553 935 2746 996 κτίσας
2782 933 3005 997 τούτους
3034 932 3189 999 Θεός;
3240 935 3301 986 Εἰ
3337 929 3430 987 οὖν
3458 935 3704 1003 κρείττων

2153 1025 2374 1080 πάντων
2416 1025 2528 1079 τῶν
2573 1025 2874 1094 γεγονότων
2914 1027 2944 1079 ὁ
2980 1025 3199 1079 πάντων
3239 1024 3567 1096 δημιουργὸς
3607 1024 3705 1077 τῶν

2152 1118 2357 1183 καλῶν,
2381 1118 2488 1170 τίνι
2518 1115 2595 1188 τῷ
2628 1116 2775 1187 λόγῳ
2808 1116 2966 1187 ἀφεὶς
3000 1119 3028 1170 ὀ
3050 1116 3174 1180 νοῦς
3203 1116 3265 1170 τδ
3296 1116 3512 1170 πάντων
3542 1117 3708 1187 κρεῖτ-

2153 1196 2265 1274 τον,
2316 1215 2428 1275 τοῖς
2483 1210 2700 1263 πάντων
2729 1209 2969 1281 χείροσιν
3016 1207 3422 1279 ὲνασχολείται;
3469 1206 3607 1275 λέγω
3648 1206 3708 1277 δὴ

2152 1304 2267 1365 τοῖς
2294 1302 2397 1371 τῆς
2425 1302 2630 1372 σαρκὸς
2675 1300 2928 1354 πάθεσιν.
2960 1301 3031 1354 Ἥ
3079 1299 3259 1369 δῆλον,
3309 1299 3391 1351 ὅτι
3424 1296 3590 1367 ταύτῃ
3619 1296 3709 1366 μὲν

2154 1395 2219 1448 ὲκ
2249 1394 2477 1464 γενετῆς
2515 1391 2987 1464 συναναστραφεὶς
3025 1392 3121 1446 καὶ
3174 1388 3494 1453 συνεθίσας·
3542 1389 3631 1441 τοῦ
3659 1389 3712 1443 δὲ

2154 1487 2376 1541 ’πάντων
2405 1486 2739 1557 κρείττονος,
2770 1486 2867 1539 καὶ
2917 1484 3062 1555 ὑπὲρ
3093 1484 3163 1538 τὰ
3200 1484 3400 1547 πάντα,
3450 1480 3599 1535 οὔπω
3626 1498 3712 1534 τε-

2154 1578 2304 1632 λείαν
2326 1579 2518 1648 εἴληφε
2552 1580 2789 1649 πεῖρανς
2830 1576 2957 1630 Ἐὰν
2989 1571 3083 1630 οὖν
3125 1574 3321 1647 χρονίᾳ
3368 1574 3594 1644 ἀσκήσει
3621 1570 3714 1641 τῆς

2154 1670 2263 1723 τῶν
2290 1669 2497 1741 ἡδονῶν
2523 1670 2871 1741 ἐγκρατείας,
2902 1668 2997 1722 καὶ
3023 1669 3119 1739 τῆς
3152 1666 3265 1720 τῶν
3306 1664 3465 1719 θείων
3498 1663 3715 1734 μελέτης

2155 1763 2300 1817 κατὰ
2335 1766 2535 1833 μικρὸν
2562 1763 2731 1817 αὐτὸν
2780 1764 2881 1833 τῆς
2907 1761 3170 1831 τοιαύτης
3210 1759 3452 1831 σχέσεως
3480 1754 3715 1826 ἀττορρή-

468 1852 639 1923 igitur
689 1853 849 1924 longa
899 1852 1232 1923 assiduaque
1283 1853 1641 1908 continentia:
1680 1852 2050 1923 voluptatum,

2155 1856 2357 1926 ξωμεν.
2410 1854 2741 1910 πλατύνεταί
2788 1869 2850 1908 τε
2908 1855 2968 1907 ἑν
2995 1855 3111 1917 τοῖς
3157 1851 3326 1915 θείοις
3379 1850 3499 1904 κατ’
3544 1846 3716 1913 ὀλίγον

468 1943 893 2016 divinorumque
945 1945 1325 2002 meditationis
1357 1944 1817 2008 “exercitatione,
1858 1944 1929 1999 ab
1976 1959 2044 2000 ea

466 2035 673 2091 sensim
702 2035 999 2092 affectione
1024 2050 1090 2092 ac
1119 2037 1376 2099 libidine,
1411 2051 1534 2091 eam
1574 2044 1801 2091 strenue
1849 2033 2047 2105 abjun-

2151 1948 2499 2019 προκόπτων,
2536 1948 2629 2002 καὶ
2672 1947 2735 2001 τὸ
2777 1948 2982 2000 οἰκεῖον
3040 1945 3300 2035 γνωρίζει
3344 1944 3591 2015 ἀξίωμα·
3629 1938 3719 1992 καὶ

2152 2038 2325 2105 τέλος,
2350 2040 2470 2092 ὃλον
2496 2039 2588 2093 τὸν
2621 2038 2785 2093 πόθον
2812 2039 2902 2092 ἐπὶ
2925 2036 2986 2092 τὸ
3009 2038 3165 2091 Θεῖον
3195 2036 3518 2108 μεταφέρει.

464 2128 733 2194 \erimus,
760 2128 879 2199 ipsa
896 2127 1174 2211 paulatim
1213 2128 1268 2182 in
1297 2127 1504 2182 divinis
1525 2126 1825 2197 proﬁciens
1855 2126 2197 2195 dilatabitur,
2233 2145 2501 2201 suamque
2545 2141 2809 2202 agnoscet
2859 2129 3216 2201 dignitatem;
3279 2143 3344 2183 ac
3412 2134 3575 2182 totam
3633 2138 3724 2195 po-

465 2232 675 2279 stremo
698 2220 904 2278 amoris
930 2221 1041 2275 vim
1070 2220 1367 2276 transferet
1394 2223 1451 2276 in
1487 2220 1681 2275 Deum.

539 2311 627 2365 73.
661 2310 765 2377 Qui
799 2310 950 2365 nulla
980 2310 1099 2364 vitii
1140 2310 1263 2365 labe
1293 2319 1389 2365 aut
1419 2310 1689 2381 pravitate
1713 2310 1903 2366 fratris
1928 2325 2056 2382 pec-

2226 2318 2331 2382 ογθ.
2377 2313 2436 2367 Ὀ
2467 2312 2693 2377 ἀπαθῶς
2716 2312 2892 2381 λέγων
2923 2311 3231 2383 ἁμάρτημα
3274 2307 3536 2378 ἀδελφοῦ,
3590 2309 3724 2362 κατᾶ

466 2410 654 2459 catum
693 2401 864 2467 dicit,
914 2401 1122 2473 duplici
1161 2417 1230 2457 ex
1278 2417 1445 2457 causa
1488 2402 1645 2469 dicit,
1692 2402 1777 2459 vel
1820 2411 1882 2459 ut
1925 2419 2050 2459 eum

2159 2403 2252 2459 δύο
2277 2405 2459 2469 αίτίας
2497 2404 2679 2475 λέγει’
2729 2403 2763 2478 ἢ
2815 2405 2903 2459 ἵνα
2942 2402 3108 2458 αὐτὸν
3155 2400 3548 2474 διορθώσηται,
3578 2401 3611 2473 ἢ
3645 2396 3726 2454 ίνα

467 2496 653 2566 ipsum
687 2493 985 2562 emendet,
1023 2496 1112 2550 vel
1144 2503 1206 2549 ut
1252 2495 1344 2549 alii
1372 2495 1669 2551 utilitatem
1695 2504 1923 2567 praestet
1959 2495 2050 2552 ad-

2158 2496 2319 2552 ἄλλον
2349 2497 2630 2571 ὠφελήσῃ.
2670 2498 2731 2552 Εἰ
2761 2497 2818 2552 δὲ
2847 2496 3002 2558 ἐκτὸς
3027 2494 3233 2549 τούτων
3254 2494 3430 2564 λέγει,
3455 2493 3562 2547 εἴτε
3585 2490 3724 2561 αὐτῷ

465 2585 770 2653 monendo,
800 2586 890 2642 cui
934 2587 1249 2642 consultum
1296 2588 1452 2643 velit.
1479 2587 1648 2643 Extra
1691 2588 1793 2644 has
1836 2603 2052 2655 causas,

465 2676 689 2747 aliaque
722 2677 975 2743 ratione,
1029 2677 1148 2733 sive
1179 2678 1308 2748 quis
1360 2678 1464 2749 ipsi
1514 2677 1890 2750 delinquenti,
1936 2679 2055 2734 sive

2158 2594 2269 2647 εἴτε
2300 2590 2464 2664 ἄλλῳ,
2491 2592 2769 2657 ὀνειδίζων
2794 2591 2828 2663 ἢ
2852 2589 3127 2663 διασύρων
3157 2588 3324 2642 αὐτὸν
3352 2586 3530 2656 λέγει,
3556 2585 3649 2639 καὶ
3668 2584 3725 2636 ού

2161 2684 2237 2758 μὴ
2265 2684 2482 2759 ἐκφύγῃ
2514 2684 2614 2756 τὴν
2646 2683 2804 2739 θείαν
2860 2681 3247 2752 ὲγκατάλειψιν
3266 2679 3349 2751 (υ)
3375 2696 3393 2712 ο
3443 2676 3614 2746 ἀλλ’ἢ
3655 2673 3728 2745 τῷ

466 2767 702 2823 cuilibet
739 2765 835 2822 alii
885 2765 1109 2833 dixerit,
1160 2767 1551 2839 exprobrando
1588 2768 1724 2826 dicit
1756 2779 1853 2825 aut
1904 2770 2050 2825 oblo-

2155 2778 2332 2851 αὐτῷ,
2364 2777 2397 2848 ἢ
2435 2774 2583 2845 ἄλλῳ
2615 2773 2921 2844 πταίσματι
2955 2772 3178 2834 πάντ-ως
3210 2770 3617 2840 περιπεσεῖται,
3640 2767 3730 2819 καὶ

464 2857 714 2929 quendo,
744 2872 847 2913 nec
871 2856 1010 2928 quin
1038 2872 1068 2913 a
1095 2858 1208 2914 Deo
1228 2859 1537 2926 deseratur,
1567 2859 1829 2932 effugiet;
1853 2860 1949 2917 sed
1972 2860 2050 2916 vel

2158 2870 2265 2927 ὑπὸ
2296 2870 2499 2941 ἑτέρων
2528 2865 2809 2939 ιλεγχθεὶς
2854 2865 2949 2919 καὶ
2982 2861 3303 2927 ὀνειδισθεὶς
3332 2857 3728 2932 κιαταισχννθή⁴

461 2951 526 3006 in
554 2951 724 3016 idem,
762 2950 849 3007 vel
878 2950 937 3005 in
977 2949 1129 3005 aliud
1179 2952 1408 3006 omnino
1442 2951 1705 3007 delictum
1745 2953 2058 3023 prolapsus,

464 3043 590 3099 aliis
617 3041 978 3113 arguentibus
1009 3056 1074 3097 ac
1101 3041 1588 3112 exprobrantibus,
1617 3041 1932 3097 erubescet.

2159 2980 2334 3018 σεται.

536 3135 628 3190 74.
662 3135 781 3189 Non
809 3148 922 3188 una
942 3132 1248 3203 eademque
1272 3133 1415 3187 ratio
1436 3142 1520 3188 est
1544 3132 1691 3188 idem
1733 3148 1901 3204 opere
1929 3148 2050 3205 pec-

2228 3132 2320 3189 οϐ’.
2355 3134 2466 3206 Ούχ
2493 3128 2573 3197 εἷς
2606 3132 2769 3203 λόγος
2799 3130 2906 3187 τῶν
2951 3132 3051 3204 τὴν
3094 3131 3268 3202 αύτὴν
3312 3130 3595 3204 ἁμαρτίαν
3621 3127 3732 3182 κατ’

462 3234 651 3283 catum
679 3225 1178 3290 committentium,
1213 3225 1311 3281 sed
1354 3225 1610 3281 diversae.
1655 3227 1823 3284 Verbi
1854 3227 2051 3299 gratia,

460 3318 620 3373 aliud
647 3326 735 3375 est
761 3333 830 3371 ex
858 3318 1072 3381 habitu,
1103 3317 1367 3388 aliudque
1395 3333 1463 3373 ex
1487 3317 1723 3389 quadam
1745 3321 1901 3375 velut
1924 3320 2055 3376 sub-

470 3409 723 3480 reptione
754 3417 1018 3479 motuque
1044 3409 1267 3463 incauto
1290 3425 1520 3480 peccare
1548 3428 1563 3464 :
1603 3423 1730 3466 cum
1764 3410 1920 3482 quis,
1955 3426 2056 3466 nec

464 3512 596 3557 ante
615 3511 899 3572 peccatum
930 3502 1116 3557 animo
1141 3502 1436 3574 cogitabat,
1470 3517 1575 3558 nec
1606 3510 1730 3574 post
1764 3512 2053 3574 peccatum

469 3594 739 3662 afﬁcitur;
794 3595 927 3665 quin
980 3595 1204 3665 potius,
1250 3595 1370 3666 ejus
1418 3610 1583 3651 causa
1634 3595 1784 3666 quod
1828 3595 2051 3661 accidit,

469 3688 708 3759 graviter
736 3686 907 3743 dolet.
930 3686 1036 3753 Qui
1077 3701 1212 3743 vero
1237 3702 1308 3741 ex
1332 3686 1544 3752 habitu,
1594 3702 1756 3743 secus
1793 3687 2049 3755 omnino;

473 3790 586 3835 tum
616 3793 856 3850 namque
884 3778 1124 3849 primum
1151 3793 1265 3833 non
1303 3777 1558 3833 cessabat
1588 3785 1774 3834 mente
1795 3792 2050 3849 peccare,

471 3881 588 3926 tum
610 3877 736 3942 post
764 3870 1042 3926 actionem
1090 3885 1262 3927 resne
1290 3879 1538 3941 peracta,
1571 3869 1829 3927 eumdem
1866 3870 2054 3927 animo

469 3963 730 4019 affectum
762 3963 987 4018 retinet.

541 4056 630 4112 75.
660 4055 765 4123 Qui
792 4056 981 4110 inanis
1001 4056 1189 4127 gloria:
1210 4070 1377 4111 causa
1393 4052 1626 4111 virtutes
1648 4055 1799 4124 coiit,
1827 4055 2052 4127 planum

468 4156 555 4204 est
585 4147 831 4220 ejusdem
862 4147 1031 4202 etiam
1067 4146 1242 4218 gratia
1267 4145 1557 4201 scientiam
1586 4144 1793 4201 colere.
1822 4145 1928 4213 Qui
1955 4161 2051 4200 au-

469 4246 583 4294 tem
616 4237 697 4292 sic
751 4237 941 4291 animo
985 4243 1336 4306 comparatus
1360 4241 1470 4299 est,
1513 4234 1561 4291 is
1598 4233 1740 4290 nihil
1795 4236 1909 4306 agit
1958 4244 2053 4290 aut

470 4326 718 4396 loquitur
742 4365 758 4391 ,
786 4341 903 4395 quo
936 4322 1194 4389 aediﬁcet,
1225 4321 1322 4377 sed
1354 4322 1507 4377 velut
1533 4322 1629 4392 qui
1671 4321 1729 4376 in
1756 4320 2050 4384 omnibus,

469 4416 541 4474 ab
565 4416 635 4471 iis
663 4417 757 4487 qui
788 4414 1376 4481 videntautaudiunt,
1404 4412 1634 4485 gloriam
1659 4408 1822 4485 m
1846 4419 2048 4482 captet.

2158 3228 2443 3299 ἐνέργειαν
2469 3225 2892 3297 ἁμαρτανόντων
2924 3226 3093 3286 ἐστὶν,
3122 3224 3257 3278 ἀλλὰ
3286 3225 3561 3295 διάφοροι.
3595 3219 3731 3285 Οἴον,

2164 3320 2295 3375 ἄλλο
2324 3319 2447 3373 ἐστὶ
2480 3319 2541 3372 τὺ
2580 3318 2690 3373 ἀπὸ
2744 3318 2912 3382 ἕξεως
2965 3317 3324 3387 ἁμαρτάνειν,
3385 3318 3486 3370 καὶ
3522 3313 3646 3371 ἄλλο
3676 3311 3734 3364 τὸ

2157 3412 2302 3468 κατὰ
2342 3412 2733 3483 συναρπαγὴν·
2770 3409 2850 3473 ὃς,
2882 3408 3005 3462 οὔτε
3042 3411 3149 3479 πρὸ
3175 3409 3274 3480 τῆς
3306 3408 3589 3478 ἁμαρτίας
3625 3400 3733 3474 εἶχε

2156 3504 2255 3575 τὴν
2286 3503 2605 3574 ἐνθύμησιν,
2639 3500 2765 3556 οὔτε
2808 3501 2947 3571 μετὰ
2975 3500 3073 3571 τὴν
3100 3500 3424 3572 ἁμαρτίαν·
3465 3498 3600 3552 ἀλλὰ
3644 3497 3734 3552 καὶ

2158 3593 2364 3665 σφόδρα
2391 3593 2486 3646 ἐπὶ
2508 3591 2586 3663 τῷ
2625 3590 2872 3662 γεγονότι
2906 3591 3187 3647 όδυνᾶται.
3223 3592 3284 3644 '0
3321 3588 3377 3643 δὲ
3414 3590 3524 3645 sub
3551 3588 3733 3654 ἕξεως,

2157 3688 2223 3741 ὲκ
2257 3684 2353 3739 τοῦ
2403 3685 2689 3739 ἐναντίουσ
2732 3683 2828 3739 καὶ
2862 3683 3084 3756 πρῶτον
3133 3683 3242 3755 γὰρ
3297 3686 3449 3738 κατὰ
3496 3683 3734 3737 διάνοιαν

2154 3778 2256 3832 οὐκ
2299 3776 2537 3831 ἐπαύετο
2564 3776 2920 3849 ἁμαρτάνων,
2957 3776 3052 3831 καὶ
3108 3775 3249 3849 μετὰ
3282 3777 3342 3830 τὸ
3370 3774 3606 3849 πρᾶξαι,
3637 3772 3736 3842 τῆς

2154 3870 2330 3942 αὐτῆς
2359 3870 2477 3924 ἐστι
2504 3852 2814 3933 διαθέσεως.

2226 4047 2320 4105 σε’.
2368 4049 2427 4104 '0
2460 4047 2551 4103 διὰ
2602 4045 2913 4112 κενοδοξίαν
2944 4045 3045 4112 τὰς
3071 4045 3274 4119 ἀρετὰς
3310 4046 3732 4120 μετερχόμενος,

2154 4144 2314 4216 δῆλον
2352 4144 2436 4197 ὅτι
2468 4142 2564 4197 καὶ
2591 4140 2695 4211 τὴν
2724 4138 2930 4209 γνῶσιν
2975 4138 3066 4193 διὰ
3110 4136 3432 4207 κενοδοξίαν
3473 4137 3735 4210 μετέρχε-

2153 4250 2264 4289 ται.
2304 4233 2363 4287 '0
2403 4231 2460 4288 at
2511 4230 2775 4296 τοιοῦτος,
2815 4230 2948 4285 οὐδὲ
2988 4229 3130 4303 πρὸς
3167 4229 3466 4302 οἰκοδομὴν
3493 4228 3735 4302 δηλονότι

2155 4325 2388 4397 πράττει
2418 4341 2494 4391 τι,
2529 4323 2563 4396 ἢ
2594 4323 2938 4393 διαλέγεται⁴
2996 4322 3117 4377 ἀλλ’
3149 4323 3208 4376 ιν
3239 4324 3377 4377 πᾶσι
3425 4323 3531 4396 τὴν
3583 4320 3735 4390 παρὰ

2153 4416 2262 4470 τῶν
2323 4416 2630 4487 βλεπόντων
2683 4416 2719 4486 ἢ
2795 4414 3103 4469 ἀκουόντων
3160 4413 3330 4493 ’δόξαν
3385 4414 3733 4489 θηρώμενος.

469 4508 731 4564 Proditor
778 4516 960 4562 autem
986 4507 1216 4563 affectus
1258 4513 1423 4576 atque
1451 4505 1644 4569 libido,
1664 4518 1791 4560 cum
1823 4504 2050 4575 quibus-

2166 4509 2485 4581 Ἐλέγχεται
2512 4508 2570 4563 δὲ
2598 4508 2661 4563 re
2690 4506 2865 4570 πάθος
2904 4507 3040 4581 (35),
3077 4508 3206 4563 ὅταν
3231 4490 3379 4572 τινες
3405 4510 3518 4564 τῶν
3549 4524 3739 4581 προει-

469 4597 597 4653 dam
631 4612 849 4664 eorum,
882 4613 1023 4668 quos
1052 4596 1332 4661 dicebam,
1380 4596 1534 4652 illius
1572 4596 1717 4651 facta
1758 4590 2053 4651 autverba

469 4690 940 4762 vituperantibus,
957 4690 1087 4745 inde
1110 4690 1351 4761 graviter
1377 4689 1562 4757 dolet;
1593 4704 1704 4745 non
1727 4703 1792 4745 ea
1814 4689 2049 4755 ratione,

473 4783 623 4852 quod
659 4781 784 4838 illos
808 4797 921 4837 non
942 4781 1299 4837 aediﬁcaverit
1325 4781 1449 4850 (nec
1478 4780 1629 4836 enim
1668 4780 1718 4836 is
1747 4780 1827 4835 illi
1851 4793 2052 4850 scopas

473 4876 637 4941 erat),
675 4875 770 4930 sed
804 4874 951 4945 quod
972 4876 1089 4945 ipse
1120 4882 1474 4944 contemptus
1503 4874 1597 4928 sit.
1973 4942 1983 4950 .

543 4967 631 5023 76.
665 4967 922 5022 Avaritiae
950 4966 1146 5020 vitium
1190 4981 1254 5020 ac
1289 4965 1467 5020 labem
1498 4964 1626 5020 inde
1651 4964 2055 5035 deprehendas,

476 5059 626 5129 quod
664 5057 791 5130 quis
835 5058 993 5114 iactus
1030 5057 1305 5128 accipiat,
1360 5072 1425 5112 ac
1458 5056 1636 5112 tristis
1680 5057 1910 5113 tribuat.
1950 5056 2055 5123 Qui

475 5149 749 5220 ejusmodi
768 5156 876 5213 est,
918 5148 1066 5204 haud
1100 5148 1336 5204 idoneus
1365 5163 1549 5203 rerum
1575 5147 2057 5219 .pecuniarumque

479 5240 832 5310 dispensator
861 5241 1107 5297 exsistat.

552 5376 627 5449 (υ)
677 5377 761 5429 Οὐ
802 5377 889 5449 μὴ
947 5376 1176 5445 ἐκφύγῃ
1224 5374 1552 5449 τὴν-,θείαν
1597 5373 2051 5449 ἐγκᾳτᾴιειᾷψιν.

478 5444 617 5505 Haec
641 5444 838 5515 nempe
863 5448 959 5501 Dei
981 5444 1243 5501 consueta
1272 5446 1435 5508 ultio,
1463 5460 1590 5501 cum
1621 5444 1746 5515 quis
1768 5444 1925 5515 fratri
1954 5445 2055 5499 de-

474 5520 673 5581 trahit,
720 5514 809 5572 νει
854 5528 1065 5572 temere
1100 5517 1335 5587 judicat,
1383 5532 1494 5586 qua
1542 5514 1761 5570 laborat
1800 5514 1920 5587 ipse
1945 5522 2057 5587 aut

476 5589 632 5645 inani
646 5588 833 5713 gloria
858 5596 953 5642 aut
981 5584 1261 5657 superbia,
1289 5596 1352 5640 ut
1385 5584 1652 5649 nimirum
1679 5584 2053 5655 castigandus,

478 5662 539 5716 in
578 5674 643 5713 ea
684 5672 772 5713 em
805 5658 923 5728 ipsa
960 5674 1082 5727 qua:
1115 5658 1326 5728 judicat
1360 5666 1457 5728 aut
1499 5656 1676 5728 carpit
1710 5655 2053 5728 sinaturgca-

475 5730 637 5793 dere,
692 5725 840 5797 qua!
870 5725 991 5783 est'
1026 5725 1214 5798 divina
1276 5726 1584 5798 derelictio,
1647 5725 2067 5798 substractione
2164 5740 2265 5798 eos
2298 5725 2503 5798 quibus
2539 5725 2686 5782 cura:
2724 5737 2858 5782 sunt
2885 5729 3156 5798 pecuniae,
3191 5725 3309 5784 sive
3352 5736 3413 5783 ut

2162 4601 2414 4675 ρημένων
2443 4603 2557 4664 τοῖς
2581 4601 2765 4672 ἔργοις
2795 4600 2829 4672 ἢ
2859 4605 2973 4666 τοῖς
3023 4600 3203 4670 λόγοις
3229 4600 3396 4656 αὐτοῦ
3422 4599 3595 4672 ψόγον
3623 4601 3740 4652 ἑπι-

2159 4694 2393 4765 φέρωσι,
2426 4695 2523 4748 καὶ
2548 4694 2644 4747 ἐπὶ
2677 4693 2853 4765 τούτῳ
2900 4694 3105 4765 σφόδρα
3136 4691 3372 4763 λυπῆται
3392 4708 3409 4726 ’
3463 4691 3525 4746 οὐ
3559 4690 3647 4746 διὰ
3678 4689 3738 4742 τὺ

2162 4784 2236 4855 μὴ
2263 4783 2507 4847 ἐκείνους
2530 4783 2929 4856 οἰκοδομεῖσθαι
2975 4784 3113 4855 (οὐδὲ
3140 4784 3249 4856 γὰρ
3278 4783 3436 4838 τοῦτο
3470 4780 3586 4855 εἶχε
3616 4798 3739 4836 σκο-

2158 4872 2307 4945 πὸν),
2329 4876 2467 4929 ἀλλὰ
2498 4874 2588 4930 διὰ
2607 4876 2669 4930 τὸ
2696 4875 2858 4930 αύτδν
2883 4875 3324 4946 ὲξουδενωοῆναι.

2226 4966 2332 5032 οςῖ
2361 4968 2434 5021 Τὸ
2447 4968 2547 5038 τῆς
2572 4967 2940 5039 φιλαργυρίας
2965 4968 3139 5032 πάθος
3160 4967 3410 5021 ἐντεῦθεν
3429 4963 3738 5037 ἐλέγχεται*

2156 5060 2214 5115 ὲν
2246 5058 2325 5131 τῷ
2357 5061 2620 5131 χαίροντα
2667 5060 3003 5130 λαμϐάνειν*
3052 5062 3149 5116 καὶ
3184 5058 3531 5131 λυπούμενον
3568 5073 3739 5130 μετα-

2155 5151 2375 5206 διδόναι.
2445 5153 2522 5206 Θύ
2577 5152 2805 5211 δύναται
2848 5152 2906 5205 δὲ
2976 5154 3006 5207 ό
3067 5152 3308 5216 τοιοῦτος
3387 5147 3738 5221 οἱκονομικδς

2157 5238 2297 5295 εἶναι
2324 5244 2424 5311 (a2).

2148 5374 2356 5450 frustra
2380 5375 2492 5450 sibi
2519 5375 2806 5450 blanditur
2833 5393 2899 5433 ac
2931 5378 3237 5450 praesumit,
3261 5375 3515 5450 quisquis
3552 5377 3612 5431 in
3649 5374 3741 5450 via

2154 5446 2381 5520 agit,ac
2407 5447 2495 5501 cui
2524 5446 2579 5501 in
2609 5448 2761 5520 omni
2788 5459 2913 5504 actu
2932 5444 3069 5520 'suo,
3102 5464 3214 5520 quo
3242 5444 3309 5503 ad
3332 5444 3517 5520 Deum
3545 5444 3746 5509 tendit.

2158 5516 2429 5587 auxilium
2472 5518 2714 5587 speciale
2741 5516 3137 5573 necessarium'
3155 5518 3248 5574 sit.
3288 5519 3425 5573 Male
3453 5516 3668 5587 Obsop.
3695 5525 3754 5570 et

2158 5584 2325 5660 Gesn.
2353 5584 2702 5660 Nequaquam
2733 5590 2969 5660 divinam
2996 5589 3390 5660 retributionem
3422 5586 3658 5660 emtgies.

2240 5603 2325 5642 sn.
2353 5603 2702 5659 nequaquam
2733 5603 2969 5643 arvinam
2996 5603 3390 5644 retributionem
3422 5603 3521 5660 ειμι
3560 5603 3658 5639 ωδ.

2239 5658 2314 5726 (π)
2354 5658 2748 5727 Οἰκονομικὸς
2790 5653 2961 5712 εἶναι.
3011 5659 3130 5715 1am
3170 5674 3338 5729 supra
3379 5675 3430 5713 c.
3475 5603 3565 5721 ig,
3605 5655 3755 5709 inter

2240 5742 2265 5777 s
2298 5728 2503 5777 quibus
2539 5744 2686 5777 curm.
2724 5737 2858 5777 sunt
2885 5729 3155 5777 pecuniae-
3191 5730 3309 5777 sive
3352 5736 3413 5777 ut
3454 5732 3754 5777 narentur.

3454 5738 3754 5797 parentur,

482 5794 786 5871 praesentis
837 5800 956 5870 cjus
1015 5796 1204 5852 auxilii
1255 5805 1312 5852 ct
1360 5794 1619 5861 eiiicacis,
1672 5804 1785 5866 Quo
1843 5796 2073 5854 absente
2171 5796 2289 5853 sive
2315 5794 2399 5853 -ut
2445 5807 2761 5867 serventur,
2796 5794 3043 5870 ponitur,
3071 5800 3165 5855 καὶ
3195 5800 3225 5854 ὁ
3253 5794 3623 5870 οἰκονομικός,
3658 5795 3753 5865 qui
