4076 6430
421 406 554 475 1041

1265 393 1603 459 CAPITUM
1642 389 1740 450 DE
1774 382 2209 450 CHARITATE
2248 376 2638 440 CENTURIA
2679 374 2790 434 III.

3540 356 3678 422 1042

489 517 586 580 οζ’.
619 514 720 568 Διὰ
747 511 920 568 ταῦτά
968 527 1052 573 τις
1100 508 1329 577 πάσχων
1373 503 1635 573 ὑπομένει
1660 518 1674 532 ο
1711 501 1744 570 ἢ
1775 498 1864 552 διὰ
1892 496 1989 566 τὴν
2017 543 2023 555 ,

2149 491 2240 546 'l'l.
2274 490 2370 546 llis
2395 505 2463 544 ex
2483 486 2686 551 causis,
2711 499 2832 555 quae
2857 481 3115 538 accidunt
3153 479 3314 542 mala,
3351 475 3552 542 aliquis
3580 490 3676 529 su-

422 607 640 675 ἀγάπην
674 603 766 657 τοῦ
797 599 955 666 Θεοῦ,
986 601 1019 671 ἢ
1049 599 1134 652 διὰ
1184 598 1282 663 τὴν
1314 593 1507 646 ἐλπίδα
1537 592 1634 660 τῆς
1664 585 1994 659 μισθαποδοο

424 703 567 764 σίας,
604 695 748 768 ἢδιά
769 695 862 747 τὸν
889 691 1053 762 φόϐον
1079 689 1178 758 τῆς
1212 685 1509 746 κολάσεως,
1541 681 1574 750 ἢ
1604 675 1997 768 διὰντδνλφόϐον

423 790 534 844 τῶν
564 765 892 856 ἀνθρώπων,
924 781 956 851 ἢ
987 779 1078 833 διὰ
1107 777 1205 846 τὴν
1247 773 1432 843 φύσιν,
1461 771 1495 840 ἢ
1539 767 1626 821 διὰ
1654 767 1752 836 τὴν
1780 765 1994 834 ἡδονὴν,

425 882 458 952 ἦ
489 879 576 934 διὰ
607 877 816 948 κέρδος,
841 875 874 944 ἢ
911 872 1000 926 διὰ
1021 867 1350 934 κενοδοξίαν,
1372 864 1406 934 ἢ
1433 861 1520 915 διὰ
1555 859 1821 927 ἀνάγκην.

498 1065 600 1128 οηθ.
632 1057 797 1110 Ἀλλο
844 1053 964 1107 ἐστὶ
1010 1049 1287 1120 λογισμῶν
1320 1045 1722 1115 ἀπαλλαγῆναι,
1752 1039 1847 1094 καὶ
1872 1039 2002 1094 ἄλλο

430 1149 622 1204 παθῶν
663 1144 1123 1217 ἑλευθερωθῆναι.
1173 1141 1287 1193 Καὶ
1317 1137 1581 1197 πολλάκις
1609 1152 1693 1196 τις
1724 1130 2003 1201 λογισμῶν

430 1239 842 1298 ἀπαλλάττεται
863 1236 937 1307 μὴ
960 1234 1244 1306 παρόντων
1268 1230 1376 1284 τῶν
1400 1227 1742 1300 πραγμάτων
1756 1223 2002 1286 ἐκείνων,

431 1333 570 1404 πρὸς
598 1331 740 1401 ἅπερ
769 1327 840 1382 τὰ
861 1325 1011 1395 πάθη
1039 1325 1336 1394 κέκτηται-
1373 1317 1745 1392 κρύπτεταιδὲ
1764 1315 1834 1369 τὰ
1859 1313 2005 1383 πάθη

432 1422 492 1474 ὲν
521 1422 587 1490 τῇ
616 1417 787 1488 ψυχῇ,
817 1415 912 1471 καὶ
933 1412 1339 1483 ἀναφαινόντων
1359 1409 1468 1464 τῶν
1485 1407 1826 1480 πραγμάτων
1853 1404 2008 1472 ἐλέγ-

433 1526 639 1581 χονται.
676 1509 800 1579 Χρὴ
821 1502 922 1562 οὖν
961 1507 1152 1576 τηρεῖν
1200 1503 1291 1556 τὸν
1319 1500 1444 1555 νοῦν
1485 1501 1579 1554 ἐπὶ
1609 1498 1718 1551 τῶν
1751 1495 2011 1566 πραγμά-

435 1621 564 1669 των,
592 1601 685 1657 καὶ
715 1599 922 1671 γνῶναι
959 1597 1097 1669 πρὸς
1121 1596 1276 1650 ποῖον
1304 1593 1418 1664 ἔχει
1441 1591 1502 1646 τὸ
1531 1589 1725 1652 πάθος.

2099 584 2275 638 stinet
2308 599 2325 634 :
2361 589 2458 635 aut
2490 584 2718 648 propter
2761 574 2860 630 Dei
2905 574 3224 629 charitatem
3251 612 3266 637 ,
3302 577 3397 624 aut
3452 576 3677 637 propter

2099 687 2250 741 spem
2281 666 2681 729 retributionis,
2709 670 2804 718 aut
2828 661 3084 731 supplicii
3127 667 3274 712 metu
3298 697 3312 722 ,
3351 665 3446 710 aut
3481 655 3678 708 timore

2101 761 2366 824 humano,
2391 767 2486 814 aut
2515 763 2743 828 propter
2781 762 3034 808 naturam
3061 749 3403 810 aciudolem,
3433 754 3528 800 aut
3551 761 3678 815 pro-

2101 862 2226 925 pter
2253 853 2617 922 voluptatem,
2641 855 2736 903 aut
2764 845 2930 910 lucri,
2952 851 3052 898 aut
3073 841 3253 895 inanis
3273 839 3456 892 0loria:
3489 852 3674 899 causa,

2101 955 2196 1001 aut
2233 947 2361 1016 quia
2390 945 2698 1000 necessitas
2737 949 2918 1011 cogat.

2172 1039 2261 1091 78.
2295 1035 2458 1091 Aliud
2496 1043 2582 1090 est
2632 1050 2662 1088 a
2698 1028 3126 1105 cogitationibus
3155 1022 3400 1086 liberari,
3437 1021 3585 1075 aliud
3611 1021 3678 1073 ah

2105 1129 2395 1184 allectibus
2425 1143 2492 1182 ac
2525 1125 2677 1180 vitiis
2726 1124 3031 1178 immunem
3073 1115 3322 1189 praestari
3360 1132 3374 1169 :
3413 1129 3517 1169 nec
3557 1127 3681 1165 raro

2106 1220 2378 1290 contingit
2429 1226 2490 1272 ut
2529 1217 2656 1287 quis
2688 1231 2717 1269 a
2763 1210 3195 1284 cogitationibus
3240 1207 3540 1268 liberetur,
3584 1218 3683 1271 per

2106 1325 2300 1366 earum
2333 1323 2522 1363 rerum
2550 1304 2857 1360 absentiam
2889 1303 2958 1357 ad
2980 1317 3119 1372 quas
3151 1297 3446 1355 libidinose
3481 1293 3703 1361 allicie-l

2109 1401 2291 1465 batur,
2317 1415 2441 1454 cum
2473 1405 2654 1452 tamen
2673 1396 2904 1451 allectus
2927 1409 2992 1449 ac
3017 1391 3278 1448 libidines
3294 1389 3349 1443 in
3373 1387 3557 1442 animo
3585 1384 3685 1439 dc-

2109 1493 2386 1556 litescant,
2423 1489 2702 1558 rebusque
2729 1485 3140 1558 emergentibus
3160 1499 3225 1538 ac
3245 1496 3430 1538 coram
3453 1476 3688 1549 objectis

2111 1597 2171 1638 se
2226 1581 2484 1652 prodant.
2515 1577 2908 1634 Observandus
2934 1590 3068 1647 ergo
3108 1573 3328 1629 animus
3383 1571 3439 1624 in
3498 1584 3685 1622 rerum

2112 1671 2424 1743 prmscntia,
2447 1685 2514 1724 ac
2532 1667 2832 1723 videndum
2854 1667 2909 1720 in
2933 1680 3098 1736 quam
3128 1662 3348 1719 tandem
3387 1660 3590 1714 atl'cetu
3621 1672 3688 1712 ac

2113 1762 2344 1819 libidine
2367 1761 2598 1816 feratur.

506 1865 604 1919 00'.
645 1864 801 1928 Φίλος
821 1861 1027 1927 ἐκεῖνός
1057 1862 1175 1915 ὲστι
1200 1860 1442 1930 γνήσιος,
1467 1859 1495 1911 ὁ
1522 1856 1620 1919 τάς
1651 1855 1716 1908 ὲκ
1745 1852 2010 1925 περιστά-

2184 1854 2271 1907 79.
2334 1851 2510 1907 Verus
2557 1851 2647 1906 ille
2681 1848 2894 1904 amicus
2943 1855 3049 1910 est,
3081 1844 3176 1914 qui
3228 1842 3461 1897 adverso
3503 1853 3688 1894 rerum

443 1974 579 2020 σεως
615 1954 823 2024 θλίψεις
853 1954 948 2008 καὶ
977 1953 1221 2021 ἀνάγκας
1267 1950 1362 2002 καλ⁵
1405 1947 1693 2018 συμφορὰς
1737 1947 1796 1997 ὲν
1827 1942 2010 2014 καιρῷ

441 2043 750 2116 πειρασμοῦ
781 2042 1170 2113 συνυποφέοων
1193 2041 1270 2112 τῷ
1291 2039 1519 2112 πλησίον
1535 2040 1610 2103 ὡς
1639 2038 1794 2104 ἰδίας,
1816 2035 2012 2108 ἀθορύ-

441 2136 551 2200 6ως
583 2136 677 2188 καὶ
705 2134 1012 2206 ἀταράχως.

511 2311 584 2368 π’.
618 2311 710 2383 Μὴ
736 2310 1012 2384 ἀτιμάσῃς
1046 2310 1144 2382 τὴν
1193 2311 1519 2381 συνείδησιν,
1552 2310 1753 2380 ἀριστὰ
1793 2327 1875 2363 σοι
1927 2310 2014 2362 ἀεὶ

443 2401 945 2473 συμϐουλεύουσαν.
978 2401 1210 2471 Γνώμην
1241 2400 1349 2470 γὰρ
1393 2400 1544 2453 θείαν
1590 2401 1684 2452 καὶ
1712 2399 2015 2470 ἀγγελικὴν

444 2511 526 2546 σοι
562 2493 910 2548 ὑποτίθεται·
949 2493 1044 2547 καὶ
1073 2492 1182 2544 τῶν
1209 2491 1470 2564 κρυπτῶν
1504 2492 1604 2562 τῆς
1639 2492 1868 2562 καρδίας
1919 2508 2015 2560 μο-

439 2583 733 2653 λυσμάτων
761 2583 1058 2654 ἐλευθεροῖ,
1094 2583 1188 2636 καὶ
1233 2582 1546 2654 παρρησίαν
1584 2582 1719 2653 πρὸς
1748 2583 1840 2635 τὸν
1883 2581 2015 2635 ea?»

443 2677 502 2728 ἒν
527 2678 592 2746 τῇ
626 2675 790 2745 ἐξόδῳ
817 2692 898 2727 σοι
929 2675 1238 2746 χαρίζεται.

517 2773 628 2821 πα’.
667 2767 730 2819 Ei
762 2766 939 2830 θέλεις
966 2766 1218 2835 γενέσθαι
1257 2765 1585 2836 ἐπιγνώμων
1639 2767 1715 2838 (y)
1771 2768 1866 2820 καὶ
1923 2767 2020 2838 μέ-

444 2874 595 2927 τριος
625 2857 758 2928 (⁸54),
792 2857 887 2910 καὶ
932 2856 1010 2921 τῷ
1039 2857 1201 2909 πάθει
1231 2857 1327 2926 τῆς
1354 2858 1583 2928 οἰήσεως
1619 2856 1692 2928 μὴ
1723 2857 2016 2924 δουλεύειν,

446 2948 536 3001 ἀεὶ
594 2947 748 3019 ζήτει
804 2949 862 3000 ὲν
912 2950 1027 3010 τοῖς
1061 2943 1201 3014 οὖσι,
1237 2946 1290 2999 τί
1341 2948 1456 3000 ἐστι
1507 2947 1886 3019 κρυπτόμενον
1920 2949 2019 3020 τὴν

450 3041 546 3092 σὺν
577 3038 782 3107 γνῶσιν
816 3036 929 3110 [Fr.
969 3039 1036 3109 τῇ
1071 3039 1137 3108 σῇ
1174 3035 1418 3109 γνώσει].
1440 3038 1550 3091 Καὶ
1577 3038 1847 3107 εὑρίσκων
1873 3040 2021 3109 πάμ-

2114 1960 2241 2000 casu
2273 1943 2499 1997 obortas
2519 1955 2793 1995 mrumnas
2819 1945 2876 1993 et
2891 1937 3258 1992 necessitates
3273 1941 3328 1987 et
3355 1929 3692 1987 calamitates

2113 2050 2180 2089 ac
2209 2033 2415 2099 clades,
2453 2039 2700 2101 tempore
2736 2028 3079 2091 tentationis,
3103 2025 3257 2095 quasi
3285 2021 3559 2094 proprias,
3580 2032 3690 2071 una

2115 2141 2241 2182 cum
2290 2124 2542 2196 proximo
2595 2121 2992 2192 impcrturbate
3039 2117 3338 2186 sedatoque
3381 2114 3566 2169 animo
3601 2125 3696 2167 su-

2117 2217 2286 2272 stinet
2304 2253 2319 2270 .

2189 2307 2276 2361 80.
2308 2307 2389 2362 Ne
2415 2305 2809 2361 conscientiam
2831 2344 2845 2366 ,
2882 2299 3207 2372 cptimatibi
3244 2312 3460 2366 semper
3490 2309 3693 2350 consu-

2119 2399 2322 2454 lentem
2351 2397 2647 2468 spreveris.
2681 2395 2937 2450 Divinum
2973 2395 3120 2447 enim
3158 2398 3215 2444 et
3259 2387 3568 2458 angelicum
3596 2383 3696 2437 tibi

2119 2487 2410 2544 consilium
2461 2501 2526 2540 ac
2573 2485 2913 2539 voluntatem
2969 2478 3232 2550 suggerit,
3269 2475 3579 2541 liberatque
3625 2472 3694 2525 ab

2119 2579 2354 2635 occultis
2393 2577 2561 2632 animi
2594 2575 2873 2639 sordibus,
2901 2589 2963 2628 ac
3009 2573 3065 2626 in
3104 2569 3255 2625 exitu
3303 2566 3564 2723 ﬁducia:
3598 2564 3699 2619 tibi

2119 2671 2188 2723 ad
2214 2672 2389 2723 Deum
2415 2667 2718 2723 praestabit.
3567 2715 3581 2722 _

2119 2671 2188 2725 ad
2214 2672 2389 2725 Deum
2415 2667 2718 2739 praestabit.
3524 2667 3581 2723 κ,

2187 2761 2274 2816 81.
2310 2761 2367 2816 Si
2409 2759 2654 2830 prudens
2681 2755 2934 2827 cognitor
2966 2769 3029 2808 ac
3073 2751 3357 2807 modestus
3401 2745 3541 2802 efﬁci
3591 2744 3698 2809 vis,

2118 2852 2520 2925 necjactantim
2553 2850 2848 2918 inanisque
2877 2847 3050 2902 fastus
3087 2843 3223 2898 vitio
3257 2840 3488 2902 servire,
3516 2852 3700 2907 quaere

2121 2957 2339 3012 semper
2374 2940 2430 2994 in
2457 2939 2628 2993 rebus
2652 2937 2784 3007 quid
2818 2934 3107 2991 scientiam
3135 2941 3282 2986 tuam
3316 2931 3504 2984 lateat.
3537 2927 3706 2982 Cumq

2122 3047 2230 3101 que
2265 3030 2502 3102 plurima
2551 3037 2714 3098 atque
2763 3025 2985 3080 diversa
3019 3031 3072 3078 te
3121 3023 3294 3076 latere
3343 3017 3701 3089 compereris,

449 3128 622 3182 πολ-λα
659 3128 754 3182 καὶ
782 3128 1016 3196 διάφορα
1062 3126 1362 3198 πράγματα
1405 3126 1739 3181 λανθάνοντα
1778 3144 1859 3192 σε,
1892 3127 2020 3180 θαυ-

2125 3121 2418 3177 miraberis
2440 3135 2542 3191 pro
2562 3135 2627 3175 ca
2651 3134 2761 3189 qua
2782 3117 3000 3172 laboras
3023 3113 3354 3186 ignorantia,
3377 3127 3710 3182 sensumque

453 3221 647 3291 μάσεις
675 3236 734 3272 τε
766 3218 856 3270 ἐπὶ
887 3221 954 3288 τῇ
981 3219 1046 3288 σῇ
1077 3218 1343 3288 ἀγνωσία,
1369 3219 1462 3271 καὶ
1493 3219 1769 3282 συστελεῖς
1805 3219 1864 3271 τὸ
1891 3219 2024 3290 φρό-

448 3325 632 3379 νημα·
691 3309 785 3362 καὶ
841 3309 1068 3362 σεαυτὸν
1102 3309 1382 3377 ἐπιγνοὺς,
1421 3311 1675 3381 συνήσεις
1728 3310 1900 3364 πολλὰ
1930 3311 2026 3364 καὶ

453 3400 666 3470 μεγάλα
688 3400 782 3452 καὶ
815 3399 1106 3471 θαυμαστά
1137 3400 1462 3472 πράγματα.
1508 3401 1663 3454 Ἐπεὶ
1693 3401 1759 3454 τὸ
1783 3400 2025 3473 νομίζειν

451 3492 672 3558 είδὲναι,
705 3493 804 3545 οὑκ
836 3493 900 3564 ἐᾷ
932 3491 1267 3562 προκόπτειν
1302 3495 1383 3555 εἰς
1412 3491 1474 3544 τὸ
1510 3492 1734 3546 εἰδέναι.

522 3581 637 3651 πβ⁹.
671 3574 839 3645 Οὗτος
870 3576 1116 3653 ἀκριϐῶς
1156 3581 1298 3635 θέλει
1328 3582 1590 3653 σωθῆναι,
1624 3585 1652 3635 ό
1693 3585 1806 3647 τοῖς
1850 3585 2025 3656 ἰατρι-

452 3676 568 3737 κοῖς
604 3676 918 3744 φαρμάκοις
977 3675 1050 3745 μὴ
1081 3675 1499 3746 ἀνθιστάμενος.
1549 3670 1718 3730 Λῦται
1773 3677 1827 3729 δέ
1880 3679 2021 3730 εἰσιν

450 3767 636 3820 ὀδύναι
689 3768 786 3820 καὶ
823 3767 992 3820 λύπαι
1043 3765 1133 3819 διὰ
1181 3767 1442 3821 ποικίλων
1477 3767 1758 3840 ἐπιφορῶν
1814 3769 2023 3839 ἐπαγό-

456 3877 635 3930 μεναι.
652 3861 710 3911 '0
732 3860 787 3912 δὲ
817 3860 1232 3930 ἀνθιστάμενος,
1251 3860 1351 3911 οὐκ
1376 3855 1484 3912 οἶδε
1508 3860 1559 3912 τί
1580 3859 1813 3913 ἐνταῦθα
1842 3877 2028 3932 πραγ-

458 3949 770 4019 ματεύεται,
824 3949 943 4002 οὐδὲ
987 3949 1039 4003 τί
1101 3950 1352 4002 ἐντεῦθεν
1401 3950 1746 4021 ὠνησόμενος
1792 3951 2028 4005 ἀπελεύ-

457 4056 632 4094 σεται.

527 4132 640 4200 πγ’.
682 4132 972 4200 Κενοδοξία
1005 4133 1098 4186 καὶ
1135 4132 1471 4205 φιλαργυρία
1501 4134 1748 4207 ἀλλήλων
1771 4135 1880 4190 είσὶ
1909 4153 2030 4206 γεν-

457 4225 697 4294 νητικαί.
754 4227 816 4278 Οἱ
867 4225 969 4295 μὲν
1022 4225 1133 4296 γὰρ
1181 4225 1611 4292 κενοδοξοῦντες,
1665 4227 2028 4282 πλουτοῦσινο

451 4317 505 4376 ,οί
533 4316 589 4369 δὲ
619 4317 1002 4380 πλουτοῦντες,
1047 4316 1421 4382 κενοδοξοῦσιν
1440 4335 1453 4348 ·
1489 4318 1604 4371 ἀλλ’
1631 4318 1708 4382 ὼς
1740 4319 2026 4390 κοσμικοί·

460 4409 582 4462 ἐπεὶ
632 4411 661 4462 ὁ
717 4409 951 4479 μοναχὸς
1001 4410 1270 4480 ἀκτήμων
1333 4407 1429 4476 ὢν,
1485 4411 1688 4481 μᾶλλον
1740 4412 2028 4479 κενοδοξεῖ.

2128 3223 2185 3269 et
2240 3213 2454 3267 animos
2510 3211 2880 3281 comprimes;
2917 3216 3079 3277 teque.
3135 3206 3315 3276 ipsum
3367 3219 3706 3276 agnoscens,

2129 3306 2301 3360 multa
2331 3319 2638 3375 magnaque
2661 3317 2724 3356 ac
2752 3299 3074 3355 admiranda
3099 3297 3395 3368 intelliges.
3415 3295 3570 3362 Quod
3586 3294 3712 3366 quis

2127 3397 2274 3454 enim
2300 3413 2359 3451 se
2388 3396 2529 3451 seire
2551 3394 2852 3457 existimat,
2881 3391 3040 3446 deest
3068 3389 3149 3444 illi
3182 3403 3294 3459 quo
3321 3388 3392 3444 ad
3420 3387 3710 3443 scientiam

2127 3487 2401 3558 proﬁcere
2431 3485 2617 3540 liceat.

2200 3580 2289 3634 82.
2316 3579 2410 3632 Ille
2438 3576 2585 3632 serio
2631 3575 2864 3630 salutem
2896 3570 3162 3641 consequi
3191 3569 3366 3641 cupit,
3393 3569 3488 3640 qui
3536 3569 3714 3624 medi-

2129 3667 2404 3724 cinalibus
2458 3663 2724 3720 remediis
2777 3679 2888 3717 non
2937 3661 3169 3717 resistit.
3219 3659 3361 3715 Sunt
3404 3674 3538 3713 vero
3571 3658 3708 3725 hzec,

2129 3760 2370 3820 dolores,
2398 3772 2658 3812 :erumna:
2681 3772 2744 3810 ac
2767 3754 2930 3820 mala,
2963 3752 3135 3807 variis
3161 3751 3384 3806 casibus
3409 3765 3710 3820 rerumque

2133 3849 2450 3904 turbinibus
2475 3846 2635 3918 44],
2672 3844 2938 3900 immissa.
2973 3843 3077 3910 Qui
3117 3849 3301 3898 autem
3348 3841 3591 3907 resistit,
3619 3857 3718 3894 ne-

2132 3943 2236 3998 scit
2262 3941 2525 4012 quidnam
2557 3939 2650 3994 hie
2671 3937 2876 4008 negotii
2912 3945 3126 4008 agatur,
3164 3935 3367 4006 quidve
3404 3933 3545 3989 lucri
3579 3948 3714 3988 con-

2131 4040 2354 4088 secutus
2375 4029 2636 4084 humanis
2668 4028 3005 4098 migraturus
3033 4025 3124 4082 sit.

2199 4120 2288 4175 85.
2315 4116 2500 4174 Inanis
2522 4116 2696 4188 gloria
2721 4123 2778 4171 et
2811 4113 3062 4180 avaritia,
3088 4114 3264 4168 altera
3299 4111 3458 4166 alteri
3490 4125 3712 4181 parcns.
3751 4115 3758 4122 °

2131 4211 2235 4279 Qui
2261 4211 2406 4266 enim
2439 4208 2592 4264 inani
2623 4207 2798 4279 gloria
2836 4206 3111 4271 laborant,
3148 4205 3426 4259 ditescere
3453 4201 3715 4268 student,

2131 4301 2497 4370 laborantque
2549 4298 2701 4353 inani
2751 4296 2946 4368 gloria,
2999 4295 3096 4366 qui
3144 4295 3371 4350 student
3408 4293 3717 4357 ditescere,

2132 4392 2279 4463 quod
2313 4406 2512 4460 nempe
2534 4389 2602 4444 ad
2629 4388 2918 4444 saeculares
2938 4387 3138 4444 attinet
3169 4404 3180 4440 :
3213 4385 3519 4441 monachus
3547 4383 3720 4447 enim,

472 4473 761 4572 Ἀργύριον
795 4473 1046 4572 δὲ’-ἔχων,
1079 4473 1312 4573 κρῦπτει
1341 4473 1499 4564 αὐτὸ,
1530 4473 2023 4577 αίσχυνόμενοςνὼς

2132 4497 2260 4537 cum
2289 4480 2429 4535 nihil
2457 4481 2514 4534 in
2545 4494 2713 4534 censu
2740 4477 2908 4531 habet
2931 4491 2995 4532 ac
3025 4490 3235 4547 pauper
3260 4482 3364 4540 est,
3405 4482 3519 4529 tum
3551 4473 3724 4544 magis

461 4591 729 4647 ἀνοίκειον
759 4594 993 4664 πρᾶγμα
1024 4593 1120 4648 τοῦ
1151 4593 1435 4666 σχήματος
1475 4594 1640 4666 ἔχων.

532 4840 637 4894 τπδ’.
678 4840 792 4910 Τῆς
841 4839 936 4894 τοῦ
987 4839 1224 4912 μοναχοῦ
1273 4840 1585 4906 κενοδοξίας
1638 4840 1791 4907 ἴδιον,
1843 4842 1906 4896 τὸ
1949 4843 2038 4896 ἐπ’

461 4930 631 5001 ἀρετῇ
667 4930 986 4997 κενοδοξεῖν,
1011 4933 1105 4986 καὶ
1139 4935 1252 4996 τοῖς
1284 4931 1460 5004 ταύτῃ
1509 4931 1868 4986 ἀκολουθοῦσι
1888 4949 1904 4966 ο
1937 4934 2038 5003 τῆς

463 5020 519 5073 δὲ
548 5020 925 5092 ὑπερηφανίας
976 5022 1141 5077 αὑτοῦ
1195 5023 1345 5089 ἴδιον,
1377 5022 1438 5076 τὸ
1468 5023 1561 5076 ἐπὶ
1615 5023 2037 5096 κατορθώμασιν

467 5173 630 5231 unus.
649 5174 727 5212 all.
757 5158 1043 5231 Maximus,
1075 5159 1250 5231 ὀρθῶς
1272 5162 1662 5231 περιποιεῖται,
1697 5177 1883 5215 earum
1907 5171 2045 5216 recte

466 5229 727 5301 rationein
764 5229 935 5301 hab_e_t,
971 5238 1030 5282 ut
1217 5228 1360 5301 desit
1396 5228 1686 5301 aliquando
1725 5247 1826 5300 quo
1854 5233 2042 5301 cuique

466 5299 764 5370 necessaria
791 5299 1052 5370 tribuat:
1085 5299 1177 5353 ubi
1207 5298 1410 5370 Obsop.
1438 5298 1495 5353 et
1534 5300 1703 5355 Gesn.
1737 5298 1852 5354 non
1876 5298 2038 5362 bene,

465 5383 661 5446 ιδιιναιπ⁸
671 5367 888 5434 familia:
901 5369 1147 5446 “obiens;
1167 5369 1314 5437 quod
1333 5367 1480 5425 esset
1504 5370 1839 5446 privatarum
1860 5372 2039 5426 solum

465 5437 826 5558 pecuniarum
885 5437 1236 5519 distributor,
1301 5455 1412 5493 non
1471 5440 1851 5509 publicarunt;
1911 5457 2036 5495 cum

487 5521 634 5558 unus
658 5523 894 5558 maxnne
922 5516 1140 5558 mtersrt
1159 5549 1174 5558 .
1210 5515 1269 5558 ut
1305 5511 1554 5558 pecunia:
1583 5515 1900 5558 sunnclant-
1929 5527 2036 5558 nun

487 5507 634 5587 iuius
654 5507 894 5587 maxime
922 5507 1140 5587 intersit
1159 5549 1174 5570 ,
1210 5515 1278 5587 ut_
1305 5507 1559 5587 pecunia;
1583 5515 1900 5587 suppetant,
1929 5527 2040 5578 quo

465 5583 522 5628 et
556 5575 798 5649 divinius
820 5578 1026 5649 bonum
1060 5578 1168 5649 illis
1196 5575 1593 5649 velservandis
1625 5575 2041 5649 velerogan'dis

467 5647 813 5714 propositum
858 5648 1021 5700 habet
1052 5665 1066 5702 :
1107 5648 1216 5710 hic,
1252 5647 1388 5700 nihil
1430 5649 1512 5703 eis
1545 5647 1950 5718 expositavox,
1985 5660 2042 5705 at

468 5725 620 5768 certe
659 5731 768 5770 non
798 5724 953 5790 cntra
988 5718 1498 5790 mcntcmauctoris
1531 5717 1914 5790 detorta,_Non
1945 5737 2038 5790 po-

470 5790 568 5837 test
599 5787 971 5842 aconcmicum
1012 5803 1186 5855 aqere.
1224 5787 1483 5843 Arcarius
1525 5789 1708 5847 dictus
1746 5787 2045 5859 cjusmddi,

2138 4571 2287 4627 inani
2315 4571 2490 4641 gloria
2527 4575 2721 4624 tumet.
2751 4567 2846 4623 Sin
2870 4575 3053 4624 autem
3084 4567 3254 4620 habet
3295 4565 3582 4634 pecunias,
3630 4579 3725 4618 eas

2136 4661 2442 4728 abscondit,
2468 4660 2824 4723 erubescens,
2857 4665 2918 4712 ut
2939 4672 3103 4727 quem
3133 4655 3338 4726 pudeat
3361 4655 3588 4720 habere,
3621 4669 3724 4710 ceu

2136 4766 2253 4806 rem
2289 4768 2411 4822 qua:
2449 4751 2766 4806 institutum
2799 4748 2948 4802 illius
2974 4747 3258 4802 dedeceat.

2207 4843 2292 4897 84.
2328 4842 2507 4896 Inanis
2533 4841 2721 4912 gloria:
2766 4838 3024 4892 monachi
3059 4837 3341 4908 proprium
3379 4845 3484 4902 est,
3528 4843 3592 4890 ut
3617 4835 3730 4890 vir-

2137 4935 2271 4992 tutis
2297 4935 2519 4990 nomine
2547 4949 2606 4988 se
2630 4933 2723 4988 illa
2755 4931 2971 4994 efferat,
3014 4944 3319 5000 eorumque
3349 4944 3473 5000 quae
3502 4944 3570 4984 ex
3608 4928 3722 4982 vir-

2135 5027 2269 5081 tutis
2319 5027 2532 5082 ratione
2585 5033 2716 5081 sunt
2745 5041 2758 5078 :
2791 5026 2911 5098 ejus
2954 5041 3088 5081 vero
3123 5015 3417 5096 proprium
3453 5023 3726 5095 superbia:

2150 5164 2308 5234 quasi
2334 5163 2635 5234 aarariiivel
2671 5163 2871 5233 privati
2906 5163 3012 5234 vel
3034 5160 3243 5234 publici
3287 5167 3556 5234 quarstor;
3601 5161 3710 5215 ine-

2150 5229 2278 5303 ptus
2325 5243 2474 5288 certe
2527 5229 2942 5303 huic—muneri,
2971 5233 3016 5286 si
3041 5229 3287 5287 libenter
3307 5229 3590 5301 accipiat,
3619 5245 3722 5284 nec

2149 5301 2256 5357 nisi
2288 5303 2495 5358 invitus
2535 5319 2599 5358 ac
2641 5303 2818 5357 tristis
2846 5301 3076 5358 tribuat.

2221 5372 2295 5444 (ῃ)
2333 5376 2399 5427 El
2429 5372 2623 5444 θέλεις
2645 5372 3316 5444 γενέσθαιέπιπνώμων.
3345 5371 3616 5444 Cognitor,
3647 5371 3731 5444 igi-

2147 5439 2375 5515 spéétor,
2417 5443 2515 5515 qui
2564 5439 3180 5515 ad’judieandum‘seu'
3212 5439 3595 5515 arbitr-audam
3629 5439 3730 5493 ali-

2147 5508 2280 5582 quid
2315 5508 2523 5567 aecitus
2560 5513 2651 5575 sit,
2676 5508 2840 5566 utait
2865 5513 3002 5566 Bud.
3046 5513 3288 5567 adducto
3326 5510 3553 5582 Luciani
3581 5508 3724 5582 loco.

2147 5578 2325 5638 Etiam
2354 5583 2969 5653 Ι-ίρεγθὴηεπιγνώμων,
3011 5583 3272 5653 ἐπόπτης.
3314 5581 3577 5653 Praeclara
3613 5578 3729 5631 halc

2148 5653 2364 5723 lllaximi
2431 5649 2641 5707 sciendi
2672 5649 2882 5723 regula,
2924 5651 3070 5721 quod
3109 5649 3346 5723 teipsum
3379 5649 3724 5706 nescientem

2148 5722 2311 5779 scias.
2338 5724 2458 5780 Non
2491 5723 2634 5778 male
2657 5721 2824 5778 Ges".
2859 5724 3094 5794 sapiens.
