4076 6428
454 390 587 457 1οί3

1690 396 1747 456 S.
1790 396 2078 458 MAXIMI
2117 398 2630 463 CONFESSORIS

3572 413 3690 481 10H

448 511 554 571 est,
589 511 653 558 ut
695 502 768 560 ob
810 518 977 575 opera
1007 511 1270 576 gestaque
1320 503 1664 572 extollatur,
1691 521 1755 562 ac
1793 506 2028 578 reliquos

2140 511 2491 584 ἐπαίρεσθαι,
2543 515 2641 568 καὶ
2697 515 2998 582 ὲξουθενεϊν
3033 518 3161 584 τοὺς
3213 520 3434 587 ἄλλους’
3499 529 3590 586 ita}:
3639 534 3693 586 τὸ

448 604 704 668 spernat,
731 605 788 652 et
820 604 881 652 ut
909 596 1015 652 sibi
1050 597 1187 665 haec,
1230 613 1340 653 non
1370 599 1481 654 Deo
1509 598 1768 654 ascribat.
1796 598 2037 654 Saecula-

447 690 525 744 ris
547 698 735 744 autem
768 690 946 745 inanis
974 690 1161 762 gloriae
1192 706 1257 746 ac
1307 691 1581 761 superbia:
1621 691 1932 761 preprium,
1972 697 2035 745 ut

445 790 502 834 et
542 776 976 849 pulchritudinis
1002 791 1059 835 et
1088 779 1407 835 divitiarum
1434 786 1491 834 et
1518 781 1779 850 potentia:
1804 790 1860 835 et
1898 795 2033 851 pru-

448 872 929 928 denlim‘nomine
985 873 1227 928 inaniter
1253 874 1523 945 glorietur
1569 889 1635 928 ac
1687 873 1831 929 fastu
1885 873 2035 928 intu-

430 958 675 1017 'mescat.

517 1052 606 1109 85.
634 1052 990 1111 Srecularium
1049 1058 1286 1114 virtutes
1338 1073 1403 1114 ac
1454 1067 1797 1124 ornamenta,
1847 1072 2034 1113 mona-

453 1144 687 1200 chorum
726 1148 860 1202 vitia
889 1157 1016 1204 sunt
1036 1164 1100 1205 ac
1126 1148 1492 1217 detrimenta;
1528 1151 1889 1220 vicissimque
1911 1165 2032 1204 mo-

449 1237 755 1292 nachorum
782 1238 1016 1295 virtutes
1047 1248 1103 1294 ct
1132 1249 1475 1304 ornamenta,
1510 1241 1857 1297 saecularium
1903 1250 2034 1296 sunt

448 1326 581 1382 vitia
611 1335 667 1382 et
707 1327 1062 1385 detrimenta.
1113 1331 1274 1396 Puta,
1319 1333 1662 1388 saecularium
1709 1328 2032 1387 ornamenta

449 1426 598 1484 sunt,
631 1420 856 1486 divitiae,
891 1422 1085 1493 gloria,
1122 1424 1371 1493 potentia
1398 1465 1411 1489 ,
1436 1423 1671 1489 deliciae,
1723 1423 1868 1478 bona
1904 1438 2031 1477 cor-

448 1510 597 1580 poris
625 1511 913 1577 hahitudo,
950 1514 1181 1569 honesta
1207 1516 1425 1571 soboles
1466 1524 1523 1570 et
1551 1516 1794 1585 copiosa,
1821 1522 1878 1569 et
1909 1528 2032 1585 qua:

449 1614 580 1660 sunt
606 1602 877 1679 ejusmodi
906 1627 918 1661 :
944 1608 1010 1662 ad
1047 1624 1169 1677 qua”:
1203 1609 1249 1663 si
1278 1609 1461 1664 veniat
1484 1608 1808 1670 monachus,
1843 1614 2029 1662 aetum

451 1699 552 1754 illo
608 1707 712 1756 est.
746 1702 994 1757 Monachi
1022 1711 1206 1757 autem
1241 1710 1562 1757 ornamenta
1589 1710 1754 1772 atque
1771 1700 2027 1766 virtutes,

450 1802 780 1862 paupertas,
844 1793 1176 1863 ignominia,
1222 1792 1598 1856 imbecillitas,
1664 1790 2026 1853 continentia,

450 1881 703 1951 corporis
726 1881 882 1936 labor
922 1883 1153 1953 ejusque
1185 1882 1502 1947 afllielatio,
1544 1893 1599 1938 et
1633 1892 1831 1937 caetera
1860 1880 2025 1947 talia;

447 1968 517 2025 ad
556 1986 679 2040 qua:
711 1971 993 2027 smcularis
1036 1971 1243 2026 invitus
1293 1972 1556 2037 veniens,
1600 1972 1875 2042 ingentem
1913 1971 2028 2026 rui—

446 2077 571 2116 nam
593 2076 657 2116 ae
679 2060 1070 2117 detrimentum
1100 2061 1280 2128 ducit;
1316 2079 1419 2118 nec
1441 2076 1568 2117 raro
1592 2063 1900 2133 periculum
1923 2070 2027 2127 est,

444 2167 518 2207 ne
548 2160 606 2207 et
632 2152 735 2208 sibi
767 2154 964 2224 laqueo
995 2164 1185 2224 guttur
1214 2155 1494 2226 frangant;
1534 2169 1636 2208 nec
1661 2153 1861 2208 desunt
1889 2168 2030 2223 quos

431 2241 682 2317 .fregisse'
704 2255 761 2300 et
784 2255 1022 2302 constat.

517 2338 604 2393 86.
632 2338 778 2404 Cibi,
808 2340 1011 2409 duplici
1054 2354 1122 2395 ex
1143 2356 1308 2394 causa
1338 2339 1546 2393 conditi
1575 2348 1703 2394 sunt
1729 2356 1746 2391 τ
1779 2338 2028 2395 alimenti

444 2430 674 2497 scilicet,
706 2441 764 2487 et
792 2432 1113 2486 curationis.
1144 2431 1248 2498 Qui
1278 2431 1446 2502 igitur
1480 2441 1680 2502 praeter
1704 2433 1805 2485 has
1832 2447 2031 2487 causas

445 2531 675 2577 sumunt
745 2532 804 2578 ut
856 2524 952 2594 qui
999 2525 1165 2579 rebus
1210 2539 1238 2578 a
1286 2524 1402 2579 Deo
1454 2524 1507 2578 in
1539 2539 1699 2579 usum
1753 2522 2030 2579 concessis

444 2612 766 2680 abutantur,
795 2624 1053 2684 tanquam
1080 2614 1375 2685 voluptarii
1409 2614 1811 2670 condemnandi
1855 2622 1985 2671 sunt
2013 2632 2026 2667 :

442 2704 539 2761 sed
559 2712 615 2761 et
643 2704 700 2759 in
728 2706 988 2761 omnibus
1011 2706 1197 2789 rebus,
1226 2713 1514 2777 peccatum
1538 2706 1745 2762 abusus
1782 2706 2025 2763 exsistit.

514 2879 603 2934 87.
650 2880 883 2936 Modesti
934 2880 1102 2935 animi
1149 2896 1345 2935 sensus
1376 2879 1495 2950 (seu
1531 2879 1836 2951 humilitas)
1881 2880 2030 2951 jugis

2137 602 2318 674 ἐαυτῷ
2364 604 2561 670 ταῦτα,
2592 606 2687 660 καλ⁸
2737 606 2812 677 μὴ
2846 607 2925 679 τῷ
2965 609 3084 681 Θεῷ
3126 612 3467 684 ἐπιγράφειν.
3496 615 3602 686 Τῆς
3641 621 3692 674 δὲ

2135 692 2232 747 τοῦ
2264 694 2537 765 κοσμικοῦ
2562 697 2870 763 κενοδοξίας
2898 700 2998 754 καῖ.
3038 702 3415 774 ὑπερηφανίας
3463 706 3608 776 ῐδιον,
3636 713 3694 766 τδ

2136 786 2233 840 ἐπὶ
2267 788 2459 843 κάλλει
2494 788 2588 844 καὶ
2619 788 2838 862 πλούτῳ
2875 792 2969 846 καὶ
2997 793 3291 868 δυναστείᾳ
3323 797 3417 850 καὶ
3448 801 3693 873 φρονήσει

2136 879 2437 946 κενοδοξεῖν
2467 882 2563 935 καὶ
2596 882 2947 955 ἐπαίρεσθαι.

2204 1056 2310 1111 πε’.
2343 1058 2426 1112 Τὰ
2446 1057 2556 1113 τῶν
2577 1059 2863 1131 κοσμικῶν
2883 1046 3290 1134 κατορθώματα
3321 1062 3413 1133 (z),
3440 1064 3696 1137 πτώματά

2134 1146 2243 1199 εἰσι
2267 1146 2379 1200 τῶν
2412 1148 2664 1220 μοναχῶν
2685 1166 2700 1180 '
2741 1151 2838 1205 καὶ
2869 1150 2975 1205 τῶν
3010 1146 3263 1223 μοναχῶν
3288 1155 3692 1226 κατορθώματα,

2134 1238 2411 1310 πτώματά
2436 1241 2543 1294 εἱσι
2577 1240 2687 1295 τῶν
2719 1242 3025 1314 κοσμικῶν.
3073 1240 3224 1312 υἴον,
3254 1244 3324 1298 τὰ
3370 1246 3477 1301 τῶν
3508 1264 3695 1318 κοσμιυ

2132 1331 2246 1385 κῶν
2281 1330 2709 1403 κατορθώματα,
2746 1333 2978 1398 πλοῦτός
3008 1337 3124 1390 ἐστι
3158 1337 3251 1391 καὶ
3277 1338 3403 1405 δόξα
3439 1340 3528 1392 καὶ
3547 1339 3696 1395 δυναο

2134 1422 2287 1476 στεία
2315 1423 2411 1477 καὶ
2440 1424 2623 1496 τρυφὴ
2657 1425 2751 1479 καὶ
2780 1426 3050 1495 εύσαρκία
3083 1428 3179 1481 καὶ
3211 1430 3483 1495 εύτεκνία,
3518 1432 3609 1486 καὶ
3633 1434 3698 1488 τὰ

2129 1514 2337 1567 τούτων
2359 1514 2626 1569 ἀκόλουθα
2650 1534 2664 1549 ο
2707 1518 2787 1580 είς
2828 1517 2972 1586 ἅπερ
2995 1518 3167 1572 ὲλθὼν
3199 1522 3226 1574 ό
3256 1522 3507 1591 μοναχὸς,
3543 1522 3698 1577 ἀπόλ-

2130 1606 2307 1659 λυται.
2349 1605 2432 1660 Τὰ
2477 1606 2535 1661 δὲ
2566 1605 2661 1660 τοῦ
2717 1608 2955 1679 μοναχοῢ
2991 1609 3418 1682 κατορθώματα,
3460 1615 3698 1684 ἀκτημο-

2133 1699 2288 1771 σύνη,
2313 1699 2519 1767 ἀδοξία,
2560 1700 2856 1772 ἀδυναμία,
2882 1702 3203 1773 ἐγκράτεια,
3234 1703 3592 1768 κακοπάθεια,
3615 1717 3696 1767 καὶ

2129 1791 2198 1845 τὰ
2228 1790 2432 1845 τούτων
2463 1791 2763 1846 ἀκόλουθα’
2799 1794 2881 1856 εἰς
2924 1793 3068 1864 ἅπερ
3119 1792 3290 1847 ἐλθὼν
3322 1794 3350 1847 ὁ
3381 1794 3700 1866 φιλόκοσμος

2132 1883 2284 1955 παρὰ
2306 1882 2585 1957 πρόθεσιν,
2605 1884 2807 1957 πτῶμα
2835 1886 3051 1954 ἡγεῖται
3079 1886 3253 1956 μέγα*
3290 1885 3384 1938 καὶ
3411 1885 3702 1939 κινδυνεύει

2131 1977 2395 2039 πολλάκις
2421 1976 2516 2031 καὶ
2541 1977 2744 2050 ἀγχόνη
2773 1976 3085 2056 χρήσασθαι
3106 1993 3122 2009 “
3155 1977 3301 2042 τινὲς
3327 1977 3385 2032 δὲ
3418 1978 3513 2032 καὶ
3541 1978 3699 2051 ἐχρή-

2133 2087 2321 2125 σαντο.

2207 2338 2325 2404 πς’.
2359 2339 2440 2393 Τὰ
2468 2337 2737 2411 βρώματα
2761 2339 2851 2394 διὰ
2883 2342 2977 2394 δυο
3007 2340 3184 2403 αἰτίας
3205 2340 3435 2415 ἐκτίσθη
3461 2359 3476 2375 ⁶
3506 2346 3700 2416 τροφῆς

2132 2430 2318 2495 ἕνεκα,
2358 2431 2454 2485 καὶ
2488 2430 2809 2500 θεραπείας.
2859 2433 2922 2485 Ol
2951 2427 3047 2487 οὖν
3090 2431 3267 2503 πάρεξ
3294 2433 3504 2488 τούτων
3540 2452 3700 2506 μετα-

2132 2521 2531 2593 λαμὸάνοντες,
2587 2522 2663 2587 ὡς
2725 2523 3157 2595 παραχρώμενοι
3202 2527 3314 2591 τοῖς
3375 2527 3458 2590 είς
3514 2527 3701 2598 χρῆσιν

2133 2615 2286 2686 παρὰ
2320 2612 2456 2667 Θεοῦ
2504 2612 2760 2677 δοθεῖσιν,
2818 2614 2896 2678 ὡς
2930 2617 3210 2687 τρυφηταλ,
3259 2617 3698 2690 κατακρίνονται.

2130 2706 2242 2759 Καὶ
2270 2705 2365 2759 ἐπὶ
2399 2705 2618 2759 πάντων
2660 2704 2718 2758 δὲ
2767 2705 2877 2761 τῶν
2916 2707 3280 2779 πραγμάτων,
3324 2710 3359 2782 ἡ
3422 2709 3704 2781 παραχρη-

2132 2797 2216 2860 σίς
2249 2798 2396 2851 ἐστιν
2424 2798 2456 2865 ὴ
2495 2797 2762 2867 ἁμαρτία.
3708 2817 3715 2850 ε

2200 2886 2311 2953 πζ’.
2364 2888 2850 2962 Ταπεινοφροσύνη
2900 2890 3047 2956 ἐστὶ,
3125 2890 3415 2963 προσευχὴ
3484 2889 3706 2962 συνεχὴς

441 2973 620 3029 oratio
663 2982 768 3039 est,
805 2974 1097 3044 conjuncta
1137 2973 1398 3045 laerymis
1447 2981 1503 3027 et
1551 2972 1858 3027 laboribus.
1904 2973 2028 3029 [lare

2134 2979 2274 3050 μετὰ
2303 2980 2557 3052 δακρύων
2585 2982 2680 3035 καὶ
2728 2983 2927 3037 πόνων.
2961 2981 3111 3054 Αὕτη
3159 2983 3269 3055 γὰρ
3311 2985 3401 3037 ἀεὶ
3448 2985 3541 3038 τὸν
3576 2984 3704 3037 Θεὸν

441 3065 589 3120 enim
632 3066 806 3119 Deum
833 3079 1052 3134 semper
1104 3065 1158 3118 in
1189 3064 1455 3118 auxilium
1487 3063 1771 3128 invocans,
1804 3064 1858 3117 in
1895 3079 2027 3133 pro-

2131 3070 2212 3132 είς
2247 3068 2502 3140 βοήθειαν
2539 3070 2970 3141 ἐπικαλουμένη,
3024 3072 3105 3135 είς
3151 3070 3252 3143 τὴν
3294 3071 3436 3124 ἰδίαν
3480 3070 3704 3141 δύναμιν

441 3156 563 3227 pria
589 3154 796 3210 virtute
824 3164 882 3209 et
914 3155 1182 3224 sapientia
1226 3154 1554 3224 insipienter
1581 3153 1864 3209 confidere
1910 3171 2020 3210 non

2131 3160 2226 3214 καὶ
2249 3159 2441 3245 σοφίαν
2464 3159 2713 3229 ἀφρόνως
2734 3154 2959 3230 θαρρεῖν
2990 3160 3092 3213 οὐκ
3115 3159 3200 3229 ὲᾷ,
3228 3158 3348 3212 οὐδὲ
3379 3158 3553 3213 ἄλλων
3582 3173 3708 3211 κατ·

443 3247 605 3311 εἰηίι,
632 3263 735 3301 nec
766 3244 953 3301 eﬂ'erri
990 3245 1256 3300 adversus
1298 3246 1470 3312 alios;
1512 3260 1635 3315 qum
1668 3243 1789 3298 vitii
1829 3261 2026 3315 super-

2131 3240 2482 3321 επαίρὲσθαι,
2531 3250 2691 3304 ἅτινά
2747 3252 2851 3304 εἰσι
2898 3250 3113 3321 χαλεπά
3153 3252 3440 3322 νοσήματα
3469 3249 3564 3304 τοῦ
3611 3250 3706 3320 τῆς

442 3338 548 3394 Μαι
574 3354 770 3409 graves
797 3337 1154 3408 aegritudines
1179 3346 1309 3393 sunt
1329 3353 1395 3393 ac
1425 3353 1603 3393 noxae.

517 3429 679 3502 442
720 3428 808 3484 88.
849 3428 1012 3483 Aliud
1045 3437 1131 3484 est
1178 3428 1447 3484 adversus
1475 3429 1785 3499 simplicem
1820 3427 2030 3497 cogita-

414 3596 417 3597 ν
443 3524 650 3579 tionem
671 3536 938 3593 pugnare,
968 3534 1040 3576 ne
1062 3519 1321 3576 affectum
1364 3536 1428 3576 ac
1454 3521 1746 3577 libidinem
1772 3529 2023 3587 moveat;

442 3611 592 3667 aliud
625 3624 870 3682 pugnare
899 3610 1166 3666 adversus
1203 3624 1324 3666 eam
1363 3628 1486 3681 quae
1522 3613 1595 3668 sit
1632 3612 1928 3668 libidinosa
1972 3620 2029 3666 et

443 3717 565 3758 eum
594 3700 819 3769 aﬂ‘ectu,
841 3717 911 3756 ne
936 3701 991 3756 in
1015 3716 1347 3757 consensum
1380 3702 1578 3758 trahat.
1606 3702 1816 3759 Neuter
1837 3711 2025 3758 autem

441 3795 639 3851 modus
664 3794 1026 3866 cogitationes
1063 3794 1121 3849 in
1144 3793 1330 3849 animo
1362 3795 1569 3848 morari
1591 3795 1745 3849 sinit.

509 3883 599 3939 89.
623 3884 822 3938 Vultus
840 3882 1098 3938 maestitia
1121 3924 1134 3949 ,
1164 3883 1491 3953 injuriarum
1508 3884 1803 3939 ‘memorim
1842 3898 2028 3939 comes

443 3986 546 4033 est.
573 3976 711 4033 Cum
741 3977 910 4048 igitur
935 3977 1154 4031 animus
1192 3976 1405 4030 vultum
1434 3975 1621 4031 fratris
1640 3975 1797 4046 quasi
1824 3976 1880 4030 in
1903 3991 2028 4046 spe-

442 4070 567 4125 culo
587 4079 816 4125 moestus
849 4068 1219 4139 conspexerit,
1250 4069 1427 4138 palam
1444 4074 1530 4122 est
1568 4067 1785 4136 injuria
1813 4082 2028 4122 memo-

443 4178 582 4228 rem,
612 4162 793 4233 ipsum
841 4162 971 4216 odio
1012 4161 1270 4231 prosequi
1306 4178 1319 4214 ι
1359 4160 1467 4215 Via:
1494 4167 1667 4213 autem
1715 4175 1897 4213 eorum
1936 4159 2027 4227 qui

444 4256 771 4327 injuriarum
805 4269 1060 4308 memores
1088 4262 1247 4316 sunt,
1282 4254 1337 4305 in
1368 4260 1625 4316 mortem;
1650 4251 1854 4321 quippe
1875 4264 2023 4320 cum,

443 4346 614 4400 omnis
643 4345 969 4415 injuriarum
1003 4343 1451 4411 memor,iniquus
1488 4343 1557 4395 sit
1602 4341 1668 4393 ⁸⁸.

514 4436 603 4491 90.
639 4435 738 4490 Sin
779 4444 960 4489 autem
989 4443 1047 4488 tu
1085 4450 1214 4505 erga
1255 4434 1494 4503 aliquem
1538 4431 1869 4503 injuriarum
1905 4445 2024 4486 me-

2131 3342 2514 3413 ὑπερηφανίας
2552 3342 2778 3406 πάθους.

2202 3440 2315 3505 πηθ.
2354 3433 2517 3488 Ἀλλο
2556 3434 2673 3488 ἐστὶ
2710 3432 2979 3504 μάχεσθαι
3022 3432 3101 3497 τῷ
3130 3432 3270 3504 ψιλῷ
3296 3432 3549 3503 λογισμῷ
3579 3429 3707 3504 (55),

2130 3528 2218 3580 ἵνα
2246 3526 2322 3597 μὴ
2353 3526 2551 3598 κινήσῃ
2577 3526 2640 3579 τὸ
2668 3526 2871 3589 πάθος·
2904 3525 3001 3579 καὶ
3031 3525 3160 3580 ἄλλο
3193 3524 3330 3591 ἐστὶ,
3360 3526 3446 3591 τὸ,
3477 3522 3709 3595 ἐμποιθεί

2132 3618 2424 3690 μάχεσθαι,
2451 3619 2541 3672 ἵνα
2583 3617 2659 3690 μὴ
2693 3619 2924 3688 γένη-ται
2949 3616 3375 3687 συγκατάθεσις.
3430 3615 3499 3671 Οἱ
3533 3614 3709 3687 ἁμιρό⁴

2119 3718 2278 3782 νέεροι
2306 3710 2363 3764 δὲ
2401 3712 2619 3784 τρόποι,
2650 3711 2751 3764 ούκ
2782 3710 2914 3764 ἐῶσι
2948 3711 3199 3782 χρονίσαι
3229 3710 3357 3774 τοὺς
3393 3705 3707 3779 λογισμούς.

2198 3889 2309 3944 πθ’.
2354 3878 2420 3943 Ἣ
2458 3889 2606 3960 λύπη
2638 3892 2704 3961 τῇ
2753 3889 3093 3962 μνησικακίᾳ
3136 3888 3518 3954 συνέζευκται.
3544 3888 3710 3941 ’Ὅταν

2128 3979 2221 4037 οὖν
2247 3982 2427 4046 ὁνοῢς
2471 3981 2534 4035 τὸ
2586 3982 2878 4054 πρόσωπον
2910 3981 3005 4035 τοῦ
3056 3980 3289 4051 ἀδελφοῦ
3347 3981 3494 4053 μετὰ
3538 3979 3712 4049 λύπης

2128 4075 2545 4146 ὲσοπτρίζηται,
2571 4074 2732 4144 δῆλον
2771 4075 2855 4128 ὅτι
2890 4076 3259 4147 μνησικακίαν
3296 4074 3412 4146 ἔχει
3447 4072 3588 4145 πρὸς
3618 4072 3713 4125 αύ-

2126 4169 2249 4222 τόν·
2268 4167 2426 4222 Ὀδοὶ
2458 4168 2526 4221 δὲ
2549 4167 2949 4237 μνησικάκων
2975 4170 3065 4235 εἰς
3099 4168 3379 4234 θάνατον,
3409 4167 3572 4231 διότι,
3598 4163 3714 4231 πᾶς

2122 4259 2526 4328 μνησίκακος,
2561 4259 2929 4330 παράνομος.

2198 4441 2271 4503 Lf.
2337 4435 2447 4489 Εὰν
2472 4435 2571 4506 μὲν
2593 4435 2658 4488 σὺ
2691 4438 3041 4507 μνησικακῇς
3068 4453 3197 4503 τινι,
3229 4436 3545 4507 προσεύχου
3579 4433 3712 4502 ὑπὲρ

441 4540 566 4580 mor
584 4538 868 4578 rancorem
898 4522 1185 4587 habueris,
1219 4538 1315 4577 ora
1343 4537 1442 4592 pro
1471 4536 1558 4585 eo,
1592 4521 1781 4591 sicque
1814 4518 2022 4590 passio-

2131 4527 2319 4593 αὐτοῦ,
2353 4527 2448 4581 καὶ
2487 4529 2642 4599 ίστᾷς
2670 4528 2732 4580 τὸ
2769 4527 2943 4592 πάθος
2989 4529 3090 4599 τῆς
3129 4529 3422 4599 κινήσεως,
3464 4526 3714 4599 χωρίζων

442 4617 532 4673 nis
584 4625 750 4688 atque
807 4615 1038 4672 affectus
1074 4625 1283 4670 motum
1320 4610 1609 4669 cohibehis
1647 4631 1660 4668 :
1704 4630 1771 4669 ea
1829 4627 2028 4683 nempe

2131 4621 2227 4689 τὴν
2253 4618 2456 4687 λύπην,
2488 4619 2576 4672 διὰ
2607 4619 2710 4690 τῆς
2744 4620 3077 4691 προσευχῆς,
3120 4622 3184 4674 ἐκ
3214 4620 3317 4690 τῆς
3355 4621 3587 4691 μνήμης
3618 4616 3709 4670 τοῦ

442 4708 676 4774 ratione,
714 4716 773 4761 ut
801 4707 1033 4772 orando,
1076 4723 1143 4761 ex
1177 4706 1328 4770 mali,
1359 4722 1470 4777 quo
1504 4705 1550 4761 is
1572 4704 1780 4771 affecit,
1813 4719 2028 4759 memo-

2131 4713 2327 4773 κακοῦ,
2356 4708 2527 4782 οὗπέρ
2561 4728 2647 4765 σοι
2682 4712 2941 4783 ἐποίησεν
2962 4731 2975 4744 ·
3023 4711 3365 4783 ἀγαπητικδς
3392 4711 3453 4765 δὲ
3489 4710 3717 4779 γενόμε-

443 4799 547 4867 ria,
595 4799 874 4856 tristitiam
905 4814 1131 4870 separes
1161 4816 1227 4855 ac
1255 4799 1523 4854 dolorem.
1548 4798 1651 4855 Ubi
1685 4808 1870 4853 autem
1894 4798 2027 4853 cha-

444 4894 611 4950 ritate
656 4893 892 4949 diliusus
923 4900 1090 4962 atque
1133 4890 1478 4946 humanitate
1522 4904 1730 4960 pronus
1763 4889 2028 4949 evaseris,

445 4985 672 5043 omnino
708 5001 774 5040 ex
828 4983 1013 5039 animo
1060 4982 1374 5053 passionem
1427 4981 1798 5050 aﬂ'ectumque
1832 4978 2024 5050 proﬂi-

446 5078 628 5148 gabis.
660 5075 754 5131 Sin
785 5085 969 5130 autem
993 5089 1062 5129 ex
1092 5082 1316 5144 accepta
1351 5072 1551 5144 injuria
1583 5072 1726 5127 alius
1755 5072 1809 5126 in
1844 5079 1900 5126 te
1941 5071 2027 5125 in-

2126 4818 2216 4863 νος
2249 4803 2344 4855 καὶ
2383 4799 2794 4872 φιλάνθρωπος,
2852 4800 3135 4865 παντελῶς
3164 4803 3229 4855 ὲκ
3278 4800 3382 4871 τῆς
3424 4800 3613 4871 ψυχῆς
3656 4800 3716 4849 τὸ

2128 4891 2300 4955 πάθος
2347 4892 2716 4962 ὲξαφανίξεις.
2759 4894 2886 4949 Ἐὰν
2923 4893 2981 4946 δὲ
3028 4894 3187 4958 ἄλλος
3230 4910 3313 4947 σοι
3366 4890 3711 4964 μνησικακῇ,

2130 4985 2451 5055 χαριστικὸς
2483 4983 2644 5053 γενοῦ
2676 4985 2814 5056 πρὸς
2851 4986 3015 5040 αὑτὸν
3042 4986 3138 5041 καὶ
3175 4985 3456 5050 ταπεινὸς,
3482 4983 3583 5037 καὶ
3616 4996 3715 5035 κα-

2133 5075 2241 5139 λῶς
2273 5074 2620 5141 συναυλίζου,
2650 5077 2745 5130 καὶ
2769 5076 3130 5142 ἀπαλλάττεις
3162 5075 3326 5130 αὐτὸν
3350 5074 3451 5129 τοῦ
3486 5072 3714 5134 πάθους.

448 5170 605 5228 fenso
627 5172 813 5226 animo
832 5179 937 5235 est,
962 5179 1081 5226 esto
1109 5169 1174 5225 ad
1209 5185 1335 5224 eum
1379 5168 1656 5241 gratiosus
1677 5177 1735 5223 et
1776 5168 2028 5233 humilis,
2070 5173 2416 5244 comiterque
2440 5183 2497 5229 et
2555 5181 2807 5229 amanter
2833 5172 2930 5230 illo
2950 5182 3129 5241 utere,
3195 5172 3491 5246 ipsumque
3524 5167 3716 5225 morbo
3742 5160 3745 5161 ⁷

447 5266 736 5323 liberabis.

524 5361 614 5416 9t.
646 5358 716 5415 Ut
737 5332 857 5431 ejus
885 5359 979 5430 qui
1013 5359 1225 5416 invidet
1250 5359 1498 5415 dolorem
1542 5359 1722 5425 sedes,
1752 5359 1859 5414 hoc
1886 5368 2032 5429 opus

449 5453 544 5510 hic
572 5453 730 5509 labor
764 5458 870 5508 est.
907 5452 1110 5508 Malum
1132 5452 1283 5507 enim
1310 5462 1368 5508 et
1407 5467 1605 5507 noxam
1636 5451 1742 5506 sibi
1768 5450 1944 5515 ducit,
1976 5450 2029 5505 id

522 5576 569 5609 “
594 5575 757 5631 Prov.
786 5591 880 5643 xu,
908 5574 1012 5641 28;
1048 5591 1156 5641 ut,
1182 5576 1271 5630 24.

528 5689 603 5764 (α)
652 5691 729 5745 Τὰ
768 5690 887 5745 τῶν
923 5690 1232 5761 κοσμικῶν
1270 5691 1713 5764 κατορθώματα.
1744 5688 2025 5746 Praeclara!

456 5760 748 5833 utriusque
781 5769 957 5833 status
982 5760 1145 5833 notae,
1174 5776 1282 5829 quo
1318 5760 1433 5816 Deo
1461 5760 1782 5833 militamus,
1819 5768 1876 5814 et
1911 5773 2025 5833 quo

455 5829 715 5886 militant
739 5832 940 5887 saeculo
1014 5829 1138 5901 ipsa
1189 5839 1377 5901 aperta
1432 5846 1495 5885 ac
1541 5830 1702 5901 plana
1748 5829 2021 5894 doctrina,

2209 5355 2433 5426 ιια’.Τοῢ
2460 5353 2782 5426 φθονοῦντος
2796 5356 2895 5429 τὴν
2914 5358 3114 5429 λύπην,
3131 5359 3285 5427 κόπῳ
3305 5354 3553 5426 στήσεις·
3583 5371 3717 5423 συμο

2140 5450 2311 5520 φορὰν
2336 5446 2448 5520 γὰρ
2479 5449 2718 5520 ἡγεῖται,
2760 5448 2823 5501 τὸ
2865 5449 2924 5502 ὲν
2966 5449 3051 5503 σοὶ
3081 5447 3453 5520 φθονούμενον
3474 5464 3490 5479 ·
3530 5446 3629 5501 καὶ
3657 5443 3717 5500 οὔ

2132 5687 2392 5757 serioque
2415 5685 2517 5752 illi,
2543 5684 2855 5757 qui_status_
2867 5680 3127 5757 monachi
3160 5678 3563 5757 perfectionem
3593 5690 3726 5757 n_an—

2131 5757 2279 5883 Eiscii
2303 5745 2460 5823 'velit,
2504 5745 2576 5812 ad
2620 5753 2902 5825 Evangelii
2936 5745 3211 5819 normam,
3244 5763 3355 5822 pra:
3385 5746 3574 5803 oculis
3618 5745 3713 5798 ha-

2171 5843 2240 5882 en
2281 5842 2332 5882 a.

2171 5842 2332 5882 enua.

3741 5561 3761 5588 δ
