4076 6420
344 393 480 461 1045

1216 382 1552 448 CAPITUM
1589 379 1688 441 DE
1724 372 2156 438 CHARITATE
2193 351 2583 431 CENTURIA
2619 368 2733 428 111.

3469 355 3600 420 lGiG

338 510 568 567 δυνατὸν
595 507 770 569 ἄλλως
797 506 1014 574 στῆσαι,
1049 504 1098 556 εἰ
1139 504 1213 572 μή
1256 520 1309 554 τι
1338 499 1568 571 κρύψεις
1611 495 1797 550 αὐτόν.
1849 493 1911 544 Εἰ
1943 493 1973 547 Α

2097 498 2147 544 te
2175 489 2330 553 boni,
2384 489 2542 560 cujus
2573 486 2670 541 tibi
2703 498 2866 540 causa
2899 482 3142 555 invidet;
3187 497 3290 538 nec
3318 480 3470 535 aliter
3511 479 3603 533 ﬁat

338 605 397 657 δὲ
431 601 661 664 πολλοὺς
701 599 799 670 μὲν
827 595 1046 664 ὠφελεῖ,
1088 596 1298 648 ἐκεῖνον
1322 593 1379 646 δὲ
1407 592 1590 655 λυπεῖ,
1623 589 1780 642 ποίου
1816 585 1915 656 μέ-

345 711 474 766 ρους
500 710 566 744 πε
576 691 924 762 ριφρονήσεις
945 706 960 755 ;
978 688 1302 754 Ἀναγκαῖον
1330 679 1424 737 οὖν
1447 682 1550 750 τῆς
1569 679 1676 734 τῶν
1706 676 1919 731 πολλῶν

2025 588 2086 634 ut
2114 581 2236 651 ejus
2267 579 2432 634 sistas
2462 578 2716 641 livorem,
2744 575 2879 644 quin
2909 574 3114 644 aliquid
3155 589 3282 628 eum
3309 570 3600 628 eelaveris.

2026 671 2123 725 Sin
2145 679 2330 725 autem
2366 669 2500 723 illud
2537 666 2811 738 ejusmodi
2840 666 2932 728 sit,
2963 664 3110 734 quod
3142 664 3345 718 mullos
3376 660 3602 733 quidem

347 754 602 851 γενέσθαι
635 754 953 849 ω’φελείας,
983 775 1239 830 κάκείνου
1279 773 1337 826 δὲ
1385 770 1527 826 κατὰ
1561 769 1790 838 δύναμιν
1844 766 1921 836 μὴ

2076 770 2196 827 wet,
2229 762 2311 816 illi
2349 769 2532 815 autem
2560 757 2770 812 doloris
2811 763 3050 827 segetem
3096 754 3390 817 ministret,
3420 759 3604 806 utram

350 874 572 945 ἀμελεῖν
594 889 608 902 ο
683 872 822 943 μηδὲ
849 874 917 942 τῇ
952 868 1047 923 τοῦ
1074 866 1280 928 πάθους
1310 863 1544 934 πονηρίᾳ
1571 858 1918 929 συναπαχθῆ-

353 984 445 1020 vat
463 983 477 998 °
509 966 585 1027 ὡς
613 964 734 1034 οὐχὶ
759 961 837 1032 τῷ
871 961 1056 1025 πάθει,
1087 958 1225 1012 ἀλλὰ
1248 956 1327 1028 τῷ
1353 956 1616 1025 πάσχοντι
1638 953 1922 1022 ἀμυνόμε-

355 1077 446 1113 νον
471 1075 483 1087 ·
528 1057 662 1111 ἀλλὰ
690 1058 757 1127 τῇ
795 1052 1265 1124 ταπεινοφροσύνῃ
1291 1047 1544 1120 ἡγεῖσθαι
1575 1045 1737 1100 αὑτὸν
1765 1044 1931 1114 ὑπερ-

360 1152 554 1221 έχοντα
581 1146 831 1212 σεαυτοῦ,
867 1146 957 1200 καὶ
1013 1146 1071 1198 ἐν
1115 1142 1278 1196 παντὶ¹
1305 1139 1482 1212 καιρῷ
1514 1139 1608 1192 καὶ
1645 1138 1795 1206 τόπῳ
1836 1135 1930 1188 καὶ

362 1243 668 1312 πράγματι,
701 1240 975 1311 προτιμᾷν
1005 1237 1190 1290 αὐτόν.
1221 1236 1325 1288 Τὸν
1348 1233 1406 1287 δὲ
1431 1233 1522 1285 σὺν
1551 1230 1744 1300 φθόνον
1772 1226 1933 1280 δύνασ-

366 1349 456 1386 σαι
486 1334 701 1402 στῆσαι,
729 1331 823 1384 ἐὰν
850 1333 906 1383 ἐν
931 1323 1012 1392 οἷς
1037 1328 1220 1398 χαίρει
1243 1328 1270 1378 6
1296 1323 1402 1378 ὑπὸ
1430 1323 1524 1378 σοῦ
1545 1320 1932 1392 φθονούμενος,

367 1422 700 1492 συγχαίρῃς·
747 1424 840 1474 καὶ
869 1422 928 1474 ὲν
961 1413 1044 1482 οἷς
1073 1419 1346 1479 λυπεῖται,
1379 1416 1476 1468 καὶ
1506 1413 1673 1474 αὐτὸς
1707 1412 1772 1464 σὺ
1805 1409 1935 1463 συλ-

363 1513 539 1582 λυπῇο
605 1510 825 1581 πληρῶν
879 1509 940 1562 τὸ
991 1509 1087 1561 τοῦ
1155 1506 1507 1568 Ἀποστόλου,
1561 1503 1644 1567 τὸ,
1698 1503 1939 1570 Χαιζρειν

360 1603 511 1672 μετὰ
546 1601 894 1669 χαιρόντων,
929 1597 1027 1651 καὶ
1056 1597 1289 1652 κλαίειν
1312 1596 1463 1665 μετὰ
1494 1596 1828 1649 κλαιόντων
1857 1630 1874 1648 .

2026 866 2240 925 partem
2264 850 2629 908 contemnes?
2657 850 2830 920 Igitur
2849 862 3072 903 necesse
3095 853 3201 911 est,
3228 854 3289 899 ut
3313 862 3343 898 a
3361 845 3604 914 plurium

2027 946 2290 1016 vulgique
2315 943 2552 998 utilitate
2579 949 2711 1006 stes,
2743 954 2847 994 nec
2872 947 3076 1000 tamen,
3107 943 3310 1004 quanta
3356 932 3604 994 facultas,

2030 1037 2188 1093 illum
2218 1035 2486 1105 negligas,
2519 1047 2690 1088 necve
2719 1039 2770 1086 te
2795 1029 2913 1085 vitii
2936 1029 3207 1100 pravitate
3232 1026 3438 1096 pariter
3464 1024 3609 1079 trahi

2032 1129 2202 1192 sinas,
2243 1135 2304 1181 ut
2323 1125 2418 1195 qui
2445 1140 2556 1179 non
2586 1122 2800 1188 morbo,
2831 1121 2928 1177 sed
2955 1136 3022 1175 eo
3041 1117 3312 1173 laboranti
3341 1130 3501 1186 opem
3531 1115 3613 1168 fe-

2033 1235 2162 1275 ras:
2198 1217 2296 1273 sed
2345 1231 2541 1272 sensus
2584 1214 2871 1278 modestia,
2907 1228 3035 1268 eum
3081 1225 3298 1279 semper
3329 1207 3426 1262 tibi
3451 1222 3615 1276 supe-

2034 1311 2238 1365 riorem
2259 1307 2564 1369 existimes,
2594 1302 2856 1372 omnique
2891 1311 3137 1371 tempore
3171 1309 3226 1354 et
3257 1300 3381 1354 loco
3424 1313 3488 1352 ac
3515 1311 3615 1350 nc-

2036 1401 2184 1473 gotio
2227 1400 2434 1469 primas
2469 1396 2548 1451 illi
2587 1395 2772 1450 cedas.
2807 1394 2980 1448 Tuam
3025 1408 3160 1447 vero
3190 1392 3306 1461 ipse
3350 1389 3614 1445 invidiam

2038 1492 2231 1547 sedare
2259 1498 2436 1560 potes,
2492 1487 2538 1542 si
2567 1487 2770 1556 quibus
2818 1484 3042 1556 gaudet,
3099 1485 3153 1538 in
3198 1498 3361 1552 quem
3411 1481 3618 1538 invidia

2040 1581 2358 1645 concitaris,
2397 1580 2605 1651 pariter
2649 1578 2910 1649 gaudeas,
2943 1591 3006 1631 ac
3030 1577 3237 1647 quibus
3276 1575 3447 1638 dolet,
3504 1576 3621 1644 ipse

2041 1674 2206 1736 etiam
2231 1673 2436 1742 pariter
2464 1671 2673 1735 doleas,
2710 1669 2944 1738 impleas
2973 1668 3118 1721 illud
3145 1667 3390 1737 Apostoli
3421 1687 3432 1720 :
3475 1666 3620 1721 Gau-

2046 1766 2166 1818 dere
2197 1781 2316 1818 cum
2357 1761 2724 1834 gaudentibus,
2766 1768 2816 1813 et
2848 1763 2976 1830 ﬂere
3004 1776 3123 1812 cum
3153 1757 3397 1828 ﬂentibus
3418 1758 3485 1810 ³⁷.

442 1866 550 1936 ιβ’.
591 1867 648 1919 Ὀ
676 1864 799 1928 νοῦς
829 1864 988 1935 ἡμῶν
1021 1863 1188 1935 μέσος
1216 1862 1364 1935 (Reg.
1392 1864 1443 1928 1,
1483 1862 1669 1935 μέσον]
1706 1863 1825 1916 ἐστὶ
1852 1862 1946 1915 δύο

2113 1854 2199 1908 92.
2230 1854 2380 1907 Mens
2423 1862 2612 1906 nostra
2641 1851 2875 1905 duorum
2912 1849 3279 1919 quorumdam
3305 1848 3486 1903 media
3516 1863 3620 1911 ρει,

375 1956 560 2018 τινῶν,
591 1955 824 2024 ἑκάστου
869 1951 940 2006 τὰ
973 1953 1082 2006 ἴδια
1131 1950 1512 2022 ἐνεργοῦντοςο
1555 1949 1649 2003 τοῦ
1698 1950 1815 2020 μὲν,
1845 1948 1945 2018 τὴν

374 2048 606 2116 ἀρετήν·
670 2044 763 2100 τοῦ
790 2045 867 2108 δὲ,
907 2045 1005 2114 τὴν
1036 2044 1263 2098 κακίαν·
1327 2043 1571 2096 τουτέστι
1595 2043 1826 2112 ἀγγέλου
1857 2043 1950 2096 καὶ

376 2137 654 2206 δαίμονος.
699 2135 978 2201 Ἐξουσίαν
1008 2135 1064 2188 δὲ
1095 2134 1209 2205 ἔχει
1243 2136 1270 2188 6
1299 2133 1444 2200 νοῦς,
1491 2134 1585 2188 κοιλ¹
1623 2133 1852 2188 δύναμιν
1909 2120 1956 2199 ᾧ

379 2228 522 2281 θέλει
550 2228 658 2280 εἴτε
685 2227 936 2292 ἕπεσθαι,
969 2228 1078 2280 εἴτε
1109 2227 1446 2298 ἀντιστῆναι.

451 2403 557 2474 ια’.
610 2405 677 2456 Αἱ
718 2403 816 2474 μὲν
863 2404 1014 2473 ἅγιαι
1048 2405 1315 2474 Δυνάμεις
1371 2397 1765 2474 προτρὲπονται
1815 2403 1961 2473 ἡμᾶς

380 2495 478 2548 ἐπὶ
507 2494 576 2547 τὰ
603 2493 744 2548 καλά
767 2510 780 2525 °
839 2494 910 2547 τὰ
944 2495 1000 2548 δὲ
1044 2493 1248 2564 φυσικά
1275 2493 1566 2564 σπέρματα
1599 2492 1692 2546 καὶ
1722 2494 1755 2563 ὴ
1785 2489 1964 2561 ἀγαθὴ

383 2585 726 2656 προαίρεσις,
784 2583 1071 2655 βοηθοῦσιν
1113 2586 1242 2656 ἡμῖν
1268 2601 1282 2614 ·
1341 2584 1441 2648 τὰς
1469 2583 1526 2637 δὲ
1557 2583 1666 2638 τῶν
1695 2583 1966 2655 δαιμόνων

385 2674 722 2747 προσϐολὰς,
781 2675 848 2728 τά
879 2674 1024 2746 πάθη
1059 2677 1150 2729 καὶ
1183 2677 1215 2747 η
1243 2675 1454 2746 πονηρὰ
1488 2676 1807 2746 προαίρεσις
1841 2693 1967 2732 συν-

388 2786 596 2822 ιστωσι.

461 2864 560 2932 ιιδν.
617 2865 721 2918 Τὸν
769 2863 1008 2935 καθαρὸν
1058 2859 1215 2924 νοῦν,
1275 2862 1404 2914 ποτὲ
1433 2861 1550 2932 μὲν,
1595 2859 1758 2923 αὐτὸς
1785 2861 1813 2913 6
1843 2859 1973 2922 Θεδς

389 2957 540 3028 αὐτῷ
569 2958 861 3011 ὲπιόαἱνων
889 2958 1154 3010 διδάσκει·
1191 2955 1319 3008 ποτὲ
1343 2955 1418 3019 δὲ,
1445 2955 1499 3008 αἱ
1525 2954 1677 3021 ἅγιαι
1708 2952 1974 3023 Δυνάμεις

392 3051 463 3103 τά
506 3051 645 3104 καλὰ
695 3050 1071 3103 ὑποτίθενταιο
1142 3049 1269 3104 ποτὲ
1309 3048 1398 3114 δὲ,
1445 3049 1479 3120 ἡ
1512 3046 1670 3118 φύσις
1698 3047 1806 3100 τῶν
1837 3063 1981 3116 πρα-

394 3141 622 3212 γμάτων
653 3143 1027 3214 θεωρουμένη.

469 3325 570 3388 ιε’.
630 3320 748 3392 Χρὴ
781 3320 872 3374 τὸν
901 3320 1307 3385 καταξιωθέντα
1337 3319 1590 3388 γνώσεως
1617 3317 1742 3370 νοῦν
1761 3357 1774 3381 ,
1824 3316 1895 3370 τά
1920 3331 1978 3367 τε

399 3412 649 3480 νοήματα
679 3413 865 3481 τηρεῖν
894 3411 1080 3480 ἀπαθῆ
1109 3411 1218 3465 τῶν
1239 3410 1602 3482 πραγμάτων·
1641 3409 1732 3462 καὶ
1759 3407 1828 3460 τὰ
1850 3407 1983 3460 θεω-

403 3507 471 3575 ρή
482 3521 641 3573 ματα,
665 3503 901 3573 ἀσφαλῆ·
934 3504 1027 3557 καὶ
1057 3503 1154 3575 τὴν
1179 3503 1279 3572 τῆς
1306 3502 1617 3574 προσευχῆς
1644 3503 1983 3556 κατάστασιν

401 3594 692 3648 ἀθόλωτον.
761 3594 834 3647 Ού
882 3595 1103 3648 δύναται
1149 3595 1205 3648 δὲ
1255 3593 1428 3648 ταῦτα
1462 3594 1547 3646 ἀεὶ
1572 3593 1759 3664 τηρεῖν
1789 3593 1854 3645 ἐκ
1877 3590 1985 3644 τῶν

402 3687 506 3756 τῆς
539 3687 737 3756 σαρκὸς
766 3687 1068 3740 ἀναδόσεων
1089 3727 1102 3751 ,
1158 3686 1246 3740 διὰ
1278 3686 1378 3757 τῆς
1423 3686 1531 3740 τῶν
1562 3685 1834 3757 δαιμόνων
1865 3685 1986 3737 ὲπι-

409 3776 608 3846 ϐουλῆς
639 3777 1053 3850 καπνιζὸμενος.

486 3974 602 4036 ις’.
654 3971 728 4024 Οὐ
758 3971 824 4024 δι’
844 3972 943 4024 ὅσα
969 3971 1306 4043 λυπούμεθα,
1337 3970 1424 4024 διὰ
1449 3969 1622 4024 ταῦτα
1654 3970 1748 4024 κοιλ⁸
1777 3969 1994 4040 ὀργιζό-

421 4061 583 4138 μεθᾶ.
647 4061 938 4125 Πλεονάζει
987 4062 1094 4131 γὰρ
1155 4062 1223 4114 τά
1274 4061 1371 4131 τὴν
1415 4060 1594 4132 λύπην
1640 4061 1994 4130 ἐμποιοῦντα,

420 4151 572 4221 παρὰ
605 4152 701 4224 τὴν
730 4153 920 4224 ὀργήν.
981 4148 1127 4218 Οῗον,
1180 4151 1417 4223 ἐκλάσθη
1449 4151 1566 4205 τόδε
1597 4151 1697 4221 (α)·
1749 4151 1998 4204 ἀπώλετο

419 4243 540 4295 τόδε
561 4262 572 4273 ·
620 4243 886 4297 ἀπέθανεν
915 4244 943 4295 6
971 4243 1138 4297 δεῖνα.
1171 4243 1270 4297 Διὰ
1294 4243 1399 4312 γάρ
1427 4242 1496 4296 τὰ
1519 4241 1763 4303 τοιαῦτα,
1799 4242 2000 4295 λυπού-⁸

429 4335 570 4404 μεθα
617 4336 807 4405 μόνον·
871 4335 958 4388 διὰ
995 4335 1051 4387 δὲ
1099 4335 1167 4388 τὰ
1204 4334 1386 4397 λοιπά,
1443 4333 1535 4388 καὶ
1565 4332 1880 4404 λυπούμεθα
1909 4334 2004 4387 καὶ

427 4427 778 4499 ὀργιζόμεθα,
808 4429 1149 4497 ἀφιλοσόφως
1177 4427 1526 4497 διακείμενοι.

503 4619 606 4688 ἰτζν.
641 4619 936 4690 Δεχόμενος
961 4620 988 4672 6
1015 4618 1137 4682 νοῦς
1161 4615 1230 4670 τὰ
1251 4614 1360 4670 τῶν
1382 4613 1719 4686 πραγμάτων
1741 4615 2004 4684 νοήματα,

432 4720 566 4786 πρὸς
623 4715 852 4767 ἕκαστον
909 4711 1088 4782 νόημα
1147 4705 1721 4780 μετασχηματίζεσθαι
1775 4707 2008 4776 πέφυκε.

431 4805 665 4878 Θεωρῶν
692 4805 746 4857 δὲ
778 4803 948 4858 ταῦτα
977 4799 1361 4872 πνευματικῶς
1385 4843 1399 4864 ,
1451 4799 1586 4870 arpi;
1615 4799 1842 4853 ἕκαστον
1874 4797 2008 4850 θεώ-

436 4917 592 4973 ρημα
644 4898 900 4961 ποικίλως
957 4893 1456 4966 μεταμορφοῦσθαι.
1500 4891 1588 4944 Ἐν
1617 4892 1673 4944 δὲ
1716 4890 1830 4962 Θεῷ
1857 4891 2014 4959 γενό-

441 5009 641 5064 μενος,
692 4992 936 5061 ἄμορφος
986 4989 1161 5059 πάντη
1215 4985 1306 5040 καὶ
1347 4985 1754 5056 ἀσχημάτιστος
1781 4983 2010 5052 γίνεται.

439 5086 545 5138 Τὸν
592 5087 700 5155 γὰρ
759 5081 1006 5153 μονοειδῆ
1055 5079 1312 5152 θεωρῶν,
1373 5076 1649 5149 μονοειδὴς
1681 5078 1891 5146 γίνεται
1922 5077 2018 5130 καὶ

443 5175 563 5238 ὅλος
591 5174 901 5244 φωτοειδής.

519 5336 562 5367 ⁸⁷
591 5335 749 5389 Rom.
787 5351 881 5398 xu,
912 5333 1000 5387 15.

523 5474 600 5542 (τι)
651 5469 966 5542 Ἐκλᾴσθηᾲ
999 5467 1149 5542 τόδε.
1183 5466 1304 5542 Non
1347 5463 1482 5519 satis
1522 5461 1664 5542 felici
1704 5467 2022 5542 conjectura

451 5527 596 5601 Billf
619 5541 848 5612 perinde
891 5527 1103 5612 ἐκλάπη
1135 5537 1241 5606 legi
1281 5550 1464 5612 posse-
1482 5527 1833 5612 existimavit,
1856 5527 2023 5612 “quod

452 5597 594 5686 puro
621 5597 880 5686 typorum
925 5597 1127 5686 mendo
1163 5597 1528 5686 εἶναιέκλάθη.
1561 5602 1674 5655 Nec
1705 5608 1811 5686 tam
1853 5597 2020 5686 Gesn.

453 5669 864 5746 cmend'a'verat,
897 5695 1059 5748 quam
1085 5678 1278 5747 legisse
1307 5669 1634 5748 Obsopieum
1673 5669 2018 5748 adverterat:

462 5736 693 5823 uterque
735 5736 1203 5823 enimfF-ractzﬁn
1263 5755 1338 5798 est
1391 5736 1597 5823 aliquid
1637 5757 1654 5794 :
1701 5754 1826 5794 cum
1879 5736 2026 5823 furto

465 5806 730 5888 ablatum,
776 5806 954 5892 ipsum
985 5835 1123 5890 pene
1160 5817 1230 5872 sit
1261 5814 1405 5886 quod
1447 5806 1745 5877 amissum;
1783 5822 1882 5862 nec
1927 5806 1996 5862 dc

2049 1963 2285 2016 quorum
2327 1955 2557 2014 uterque
2588 1954 2870 2014 Operatur,
2905 1959 3026 2012 qua:
3048 1941 3155 1996 sibi
3187 1941 3408 2010 propria
3432 1941 3622 2004 habet;

2051 2038 2210 2100 alter,
2243 2038 2542 2100 virtutem;
2581 2036 2741 2096 alter,
2786 2033 3011 2097 vitium;
3047 2032 3192 2086 inter
3215 2031 3428 2087 scilicet
3464 2048 3626 2102 ange-

2053 2133 2166 2186 lum
2193 2137 2356 2198 atque
2389 2129 2716 2182 dmmonem.
2753 2125 2951 2186 Libera
2991 2140 3122 2178 vero
3159 2123 3235 2178 illi
3257 2122 3488 2179 facultas
3521 2132 3626 2189 est,

2059 2231 2220 2291 atque
2246 2229 2508 2290 potestas,
2545 2230 2729 2272 utrum
2759 2216 2891 2272 velit
2917 2217 3094 2286 sequi,
3131 2224 3226 2270 aut
3255 2215 3344 2270 cui
3377 2215 3631 2271 resistere

2061 2313 2235 2368 malit.

2130 2401 2291 2474 M3
2317 2402 2405 2456 93.
2444 2401 2657 2455 Sancta:
2691 2399 2958 2462 Virtutes,
2986 2411 3086 2451 nos
3119 2395 3186 2450 ad
3224 2411 3287 2450 ea
3314 2390 3632 2465 provocant,

2066 2510 2187 2563 qum
2213 2494 2443 2547 honesta
2467 2507 2530 2546 ac
2555 2489 2718 2544 ollicii
2745 2496 2876 2544 sunt
2905 2506 2917 2540 :
2957 2486 3232 2541 naturalia
3268 2500 3400 2540 vero
3432 2485 3640 2540 semina

2067 2599 2131 2638 ac
2164 2583 2310 2636 bona
2349 2582 2628 2647 voluntas,
2668 2595 2773 2650 ope
2822 2579 3017 2652 juvant
3054 2596 3066 2630 :
3107 2577 3418 2632 daemonum
3458 2585 3642 2630 autem

2070 2676 2348 2739 incursus,
2379 2671 2611 2727 allectus
2640 2686 2702 2725 ac
2721 2671 2855 2724 vitia
2887 2669 3142 2740 malaque
3175 2668 3428 2722 voluntas
3457 2681 3645 2720 corro-

2071 2767 2288 2821 borant.

2144 2859 2231 2914 94.
2293 2859 2492 2914 Puram
2546 2865 2810 2924 mentem,
2854 2855 3189 2927 quandOQue
3233 2853 3454 2925 quidem
3503 2851 3649 2905 Deus

2079 2953 2194 3019 ipse
2228 2951 2303 3005 illi
2335 2951 2624 3016 immeans,
2657 2950 2850 3015 docet;
2896 2947 3228 3019 quandoque
3274 2962 3406 3001 vero
3451 2951 3652 2999 sanctae

2079 3044 2346 3106 Virtutes,
2380 3057 2502 3112 qum
2529 3049 2661 3096 sunt
2689 3041 2925 3095 honesta
2955 3044 3294 3110 suggerunt:
3323 3034 3654 3106 quandoque

2084 3137 2200 3206 ipsa
2243 3151 2430 3190 rerum
2476 3134 2689 3190 indoles
2726 3132 3046 3206 diligentius
3083 3131 3268 3185 animo
3315 3130 3560 3200 inspecta
3593 3141 3657 3181 ac

2081 3229 2446 3284 considerata.

2153 3317 2241 3372 95.
2294 3315 2455 3379 Eum,
2514 3313 2609 3384 qui
2673 3312 2920 3368 scientiae
2982 3325 3210 3381 compos
3265 3309 3498 3366 cll‘cctus
3550 3314 3659 3370 est,

2084 3424 2312 3464 necesse
2343 3415 2448 3473 est,
2481 3415 2596 3461 tum
2633 3419 2820 3460 rerum
2865 3412 3169 3472 conceptus
3206 3415 3430 3458 scrvare
3467 3415 3497 3452 a
3535 3397 3663 3452 libi-

2086 3501 2218 3555 dine
2262 3513 2464 3569 puros;
2525 3507 2638 3552 tum
2692 3511 2890 3552 sensus
2941 3493 3239 3564 spiritales,
3289 3501 3438 3546 tutos
3483 3508 3495 3544 :
3547 3498 3662 3543 tum

2088 3591 2328 3661 denique
2353 3587 2709 3658 tranquillum
2737 3587 3006 3641 orationis
3037 3591 3259 3639 statum.
3298 3581 3452 3636 Haud
3483 3589 3665 3634 tamen

2093 3683 2206 3738 ﬁeri
2231 3688 2413 3752 potest
2438 3690 2500 3734 ut
2526 3680 2643 3733 iure
2670 3693 2889 3748 semper
2923 3694 3036 3748 prae
3071 3676 3253 3732 carnis
3284 3671 3668 3743 eruptionibus

2093 3784 2311 3840 servet;
2347 3773 2498 3827 fumo
2528 3771 2740 3826 scilicet
2766 3785 2863 3839 per
2892 3768 3120 3824 insidias
3140 3765 3450 3820 diemonum
3485 3762 3536 3818 ei
3566 3762 3668 3817 ob-

2093 3869 2368 3924 turbante.

2168 3961 2256 4016 96.
2289 3960 2408 4015 Νοη
2448 3954 2708 4010 omnibus
2743 3951 2949 4022 quibus
2989 3948 3259 4011 dolemus,
3284 3946 3372 4000 bis
3397 3955 3454 4000 et
3480 3943 3672 3998 irasci-

2098 4067 2243 4106 mur.
2285 4049 2446 4102 Plura
2477 4045 2625 4100 enim
2667 4050 2799 4097 sunt
2827 4055 2951 4110 qua:
2996 4035 3277 4092 tristitiam
3314 4033 3675 4099 doloremque

2103 4145 2281 4204 cient,
2314 4154 2479 4209 quam
2507 4151 2627 4205 quae
2654 4136 2790 4188 iram
2829 4133 2991 4195 Puta,
3025 4144 3120 4184 vas
3149 4127 3382 4181 fractum
3405 4131 3523 4189 est;
3549 4138 3676 4191 per-

2108 4238 2194 4301 iit,
2223 4251 2319 4290 scu
2362 4233 2625 4287 amissum
2667 4237 2784 4293 est;
2833 4225 2922 4279 liic
2966 4223 3189 4294 quidam
3223 4219 3371 4274 diem
3401 4217 3559 4272 obiit.
3597 4212 3681 4268 Ob

2105 4333 2222 4386 haec
2247 4328 2393 4384 enim
2419 4331 2475 4379 et
2511 4321 2734 4384 similia,
2763 4318 3016 4372 dolemus
3036 4321 3284 4376 tantum;
3311 4309 3382 4364 ob
3404 4307 3508 4362 alia
3529 4322 3681 4367 vero,

2110 4425 2361 4480 dolemus
2383 4417 2544 4474 simul
2569 4422 2626 4469 et
2651 4411 2941 4467 irascimur
2965 4423 3062 4463 seu
3094 4405 3465 4476 indignamur,
3489 4399 3687 4453 animis

2039 4528 2083 4583 Ῑ)
2110 4531 2223 4572 non
2257 4511 2391 4567 satis
2426 4523 2493 4562 ex
2515 4502 2740 4560 virtutis
2779 4499 2994 4555 ratione
3022 4493 3367 4566 compositis.

2185 4607 2273 4660 97.
2331 4601 2564 4657 Animus
2618 4609 2804 4650 rerum
2847 4595 3151 4658 conceptus
3206 4583 3535 4653 suscipiens,
3589 4595 3691 4649 pro

2117 4695 2548 4764 uniuscujusque
2577 4689 2789 4742 ratione
2821 4683 2928 4738 alio
2961 4680 3179 4748 alioque
3217 4668 3383 4730 modo
3410 4673 3694 4742 componi-

2118 4803 2225 4848 tur.
2256 4791 2393 4843 Dum
2427 4793 2611 4839 autem
2640 4777 2962 4850 spiritaliter
2984 4771 3321 4832 considerat,
3355 4767 3422 4822 ad
3447 4765 3693 4835 singulos
3754 4797 3758 4802 -

2118 4880 2399 4956 spiritales
2443 4889 2638 4930 sensus
2688 4869 2840 4925 varie
2884 4865 3332 4921 transformatur.
3376 4860 3445 4913 At
3484 4857 3540 4911 in
3581 4857 3694 4910 Deo

2120 4988 2368 5033 versans,
2399 4968 2582 5024 omnis
2606 4966 2795 5019 forma:
2826 4969 2991 5029 atque
3030 4956 3216 5027 figura:
3243 4967 3468 5023 prorsus
3500 4961 3698 5020 expers

2121 5068 2378 5127 efficitur.
2423 5062 2555 5133 Ejus
2593 5057 2743 5113 enim
2792 5053 2887 5124 qui
2923 5048 3215 5105 uniformis
3255 5054 3340 5101 est
3382 5042 3698 5099 considera-

2125 5164 2298 5223 tione,
2333 5152 2626 5212 uniformis
2652 5149 2768 5218 ipse
2795 5153 3054 5212 totusque
3080 5139 3300 5196 lucidus
3328 5135 3608 5192 redditur.

2129 5454 2317 5512 bucrit
2369 5450 2634 5520 Maximus
2673 5440 2921 5520 ejusbcm
2971 5451 3114 5520 pene
3154 5431 3382 5520 generis
3394 5429 3703 5520 feminam.

2131 5496 2634 5593 Zié’irifuéfii'iﬁiééé
2667 5496 2823 5593 quod
2845 5496 2934 5567 isic
2975 5496 3032 5593 ἶρῐι
3059 5496 3319 5593 ρτοῖῐιριιι

2839 5565 2950 5636 non
2981 5565 3310 5664 [ra-cto‘vase

2351 5640 2582 5783 {tamine
2603 5640 2874 5725 ac'aliquo
2895 5647 3129 5707 amisso?
3152 5647 3228 5700 Ita
3245 5640 3482 5707 denique
3508 5647 3708 5704 reprae-

2133 5741 2354 5783 sentant
2380 5747 2444 5783 co
2530 5770 2541 5782 .

2133 5741 2354 5794 scntaut
2380 5731 2541 5787 codd.
