4076 6424
507 367 642 432 1047
713 438 721 445 .

1741 377 1800 436 S.
1844 375 2132 436 ΜΑΧΙΜΙ
2172 377 2683 440 CONFESSORIS

3607 380 3728 448 1048

571 480 664 537 98.
714 483 910 540 Anima
950 481 1194 552 periecla
1237 493 1344 550 est,
1382 485 1544 556 cujus
1587 501 1715 556 pars
1760 485 2007 556 patibilis
2034 489 2074 539 vi

2260 491 2371 558 qu'.
2425 489 2585 560 Ψυχή
2635 491 2754 542 ἐστι
2795 489 2974 543 τελεία
2999 531 3013 556 ,
3072 485 3141 562 ἦς
3173 489 3204 558 ἡ
3235 486 3500 559 παθητικὴ
3529 489 3730 562 δύναμις

502 580 622 628 tota
643 573 824 643 vergit
850 573 904 627 in
934 574 1128 629 Deum.

567 665 656 720 99.
685 665 835 719 Mens
857 665 1098 734 perfecta
1124 674 1229 730 est,
1257 681 1380 736 qua:
1407 682 1508 736 per
1545 682 1732 722 veram
1776 667 1963 729 ﬁdem,
2001 668 2086 736 ip-

497 769 619 809 sum
639 755 998 811 excedentem
1037 771 1256 811 omnem
1283 757 1572 812 scientiam
1605 757 1770 811 modo
1794 757 2080 812 scientiam

495 861 718 901 omnem
748 847 1073 912 excedente,
1108 862 1275 917 supra
1305 863 1527 904 omnem
1561 849 1807 904 scientia:
1845 848 2071 903 modum

494 940 779 1008 cognovit,
823 939 1057 1009 ejusque
1109 955 1362 1009 operum,
1410 941 1670 996 universa
1715 941 2083 1010 contemplata

495 1039 604 1096 est,
644 1031 814 1100 inque
847 1031 929 1087 eis
967 1031 1340 1088 Providentiae
1373 1048 1437 1088 ac
1472 1033 1666 1105 judicii
1709 1033 2082 1089 universalem

493 1123 782 1177 scientiam
822 1121 1110 1195 (quantum
1157 1123 1370 1179 scilicet
1403 1139 1726 1180 concessum
1758 1124 2081 1180 hominibus

493 1214 601 1285 est)
633 1216 869 1284 accepit.

563 1303 687 1359 100.
740 1305 984 1374 Tempus
1013 1304 1277 1360 trifariam
1311 1305 1610 1372 dividitur;
1648 1321 1712 1359 ac
1749 1304 1974 1375 quidem
2014 1302 2079 1356 ﬁ-

488 1395 607 1460 des,
635 1396 814 1452 tribus
850 1399 971 1468 ejus
993 1399 1244 1468 partibus
1279 1398 1694 1454 coextenditur:
1722 1413 1848 1467 spes
1869 1405 2076 1460 autem,

488 1487 589 1542 uni
614 1487 921 1544 duntaxat:
955 1491 1219 1554 Charitas,
1261 1491 1498 1546 duabus.
1548 1492 1626 1546 Ac
1665 1490 1890 1561 quidem
1939 1489 2078 1544 ﬁdes

489 1590 656 1651 atque
703 1596 851 1652 spes,
893 1581 961 1637 ad
1005 1592 1213 1638 certam
1255 1598 1432 1653 usque
1478 1582 1799 1654 periodum;
1835 1579 2078 1636 cbaritas

489 1689 623 1729 vero
670 1674 726 1728 in
772 1675 984 1730 inﬁnita
1029 1677 1229 1730 saecula
1272 1676 1324 1730 ci
1373 1675 1548 1739 unita,
1582 1675 1678 1745 qui
1717 1690 1885 1744 super
1910 1688 2076 1744 quam

488 1763 742 1820 inﬁnitus
764 1773 869 1831 est,
899 1782 1229 1836 semperque
1265 1767 1385 1837 ipsa
1419 1766 1601 1836 seipsa
1644 1765 1860 1820 auctior
1886 1779 2078 1834 perse-

488 1865 659 1912 verat.
695 1856 770 1912 Ac
792 1858 918 1912 ideo
947 1876 957 1910 :
997 1857 1248 1914 Omnibus
1274 1860 1450 1930 major
1486 1867 1562 1913 est
1589 1859 1823 1912 (ἡαπ-ἔται
1862 1855 1930 1909 ’⁸.

1013 2072 1178 2146 m
1207 2073 1534 2131 EIUSDEM

731 2162 942 2242 'Quater
967 2176 1187 2220 centena
1223 2169 1399 2237 capita
1437 2170 1501 2220 de
1541 2170 1823 2223 charitate.

559 2256 614 2311 1.
642 2256 832 2311 Primo
862 2257 1173 2312 admiratur
1214 2259 1434 2314 animus
1475 2259 1720 2315 divinam
1759 2277 1860 2332 per
1889 2263 2075 2316 omnia

489 2352 821 2408 inﬁnitatem
889 2354 1158 2424 cogitans,
1227 2353 1474 2424 illudque
1536 2353 1952 2424 impermeabile
2012 2368 2076 2407 ac

490 2445 681 2500 multis
711 2445 1032 2501 nominibus
1047 2446 1350 2516 expetitum
1375 2447 1602 2517 pelagus
1625 2454 1906 2515 reputans.
1933 2443 2075 2498 Tum

489 2545 696 2606 stupet,
731 2536 1011 2606 quomodo
1054 2553 1124 2592 ex
1153 2537 1349 2602 nihilo,
1381 2553 1569 2593 rerum
1599 2546 1660 2592 ut
1700 2544 1905 2601 essent,
1943 2552 2075 2606 pro-

488 2627 710 2682 duxerit
751 2637 1028 2683 naturam.
1059 2628 1536 2696 Quemadmodum
1565 2645 1700 2684 vero
1744 2628 2078 2700 magnitudi-

489 2719 578 2775 nis
617 2720 737 2790 ejus
779 2735 890 2774 non
931 2729 1018 2776 est
1054 2720 1180 2776 linis
1212 2723 1280 2786 ’9,
1311 2721 1392 2775 sic
1421 2737 1602 2790 neque
1642 2721 1763 2791 ejus
1791 2720 2077 2790 sapientiae

488 2813 740 2868 inventio
771 2813 1052 2868 exsistit‘.

554 2903 611 2978 2.
644 2905 932 2971 Quomodo
957 2905 1104 2960 enim
1142 2921 1254 2960 non
1294 2913 1532 2976 stupeat,
1579 2905 1906 2960 immensum
1939 2904 2074 2959 illud

486 3014 820 3070 omnemque
863 2997 1139 3053 excedens
1187 3006 1492 3067 stuporem,
1533 2997 1800 3052 bonitatis
1851 2998 2077 3067 pelagus

485 3088 884 3145 considerans?
929 3089 1040 3142 Aut
1087 3085 1365 3157 quomodo
1416 3101 1530 3141 non
1581 3094 1766 3140 mente
1822 3087 2071 3153 excedat,

487 3195 676 3235 secum
711 3180 830 3250 ipse
853 3177 1130 3249 cogitans,
1158 3194 1266 3248 qua
1301 3178 1516 3232 ratione
1556 3193 1621 3232 ac
1647 3177 1793 3232 unde
1826 3187 1947 3232 orta
1981 3179 2072 3244 sit,

488 3273 776 3328 rationalis
810 3272 1235 3343 intelligensque
1272 3271 1604 3336 substantia,
1648 3285 1866 3325 necnon
1932 3287 2072 3340 qua-

2187 577 2441 632 νένευκεν
2471 578 2732 642 ὁλοτελῶς
2767 578 2902 649 πρὸς
2927 578 3079 632 Θεόν.

2257 666 2361 734 ψ’.
2415 666 2560 731 Νοῦς
2604 670 2719 722 ἐστι
2773 669 3009 732 τέλειος,
3060 668 3089 720 6
3134 667 3221 721 διὰ
3247 666 3472 730 πίστεως
3501 669 3730 740 ἀληθοῦς,

2184 757 2276 812 τὸν
2301 758 2400 810 ὑπε
2412 759 2721 828 ράγνωστον
2747 757 3185 830 ὑπεραγνώστως
3217 759 3624 830 ὑπερεγνωκώςο
3653 763 3733 815 καὶ

2185 849 2295 902 τῶν
2322 849 2483 904 αὑτοῦ
2513 852 3034 922 δημιουργημάτων,
3061 851 3132 904 τά
3159 850 3385 904 καθόλου
3409 851 3730 922 θεασάμενος·

2184 941 2281 994 καὶ
2311 941 2410 1011 τῆς
2438 943 2495 994 ἐν
2520 943 2706 1005 αὑτοῖς
2740 942 3004 1014 Προνοίας
3038 943 3132 995 καὶ
3162 942 3428 1012 κρίσεως,
3482 941 3574 1011 τὴν
3593 960 3736 1014 περι-·

2183 1031 2454 1105 ληπτικὴν
2481 1033 2683 1102 γνῶσιν
2713 1035 2864 1105 παρά
2893 1034 3028 1088 Θεοῦ
3054 1034 3292 1104 εἰληφώς
3317 1050 3331 1065 ·
3365 1033 3438 1097 ὡς
3466 1035 3520 1088 ἐν
3546 1035 3734 1104 ἀνθρὼ-

2186 1144 2309 1190 ποις
2334 1127 2390 1180 δέ
2423 1144 2586 1200 φημι.

2255 1311 2321 1376 ρ’.
2376 1304 2590 1375 Τριχῶς
2619 1305 2873 1374 τέμνεται
2901 1307 2929 1358 6
2955 1305 3148 1377 χρόνος
3171 1319 3184 1334 ·
3243 1306 3336 1359 za‘t
3364 1306 3398 1374 ἡ
3430 1303 3527 1374 μὲν
3555 1304 3736 1370 πίστις,

2179 1397 2294 1459 τοῖς
2335 1396 2488 1465 τρισὶ
2531 1396 3032 1467 συμπαρατείνεται
3075 1396 3327 1466 τμήμασι
3352 1410 3368 1425 ο
3425 1393 3540 1463 ἡδὲ
3580 1393 3735 1459 ἐλπὶς,

2180 1486 2258 1557 τῷ
2306 1487 2421 1540 ἐνί·
2483 1489 2516 1559 ή
2557 1487 2614 1541 δὲ
2651 1487 2865 1558 ἀγάπη,
2909 1489 3020 1550 τοῖς
3050 1487 3191 1540 δυσί.
3255 1487 3366 1541 Καὶ
3395 1488 3426 1558 ή
3456 1488 3550 1558 μὲν
3578 1486 3740 1546 πίστις

2180 1582 2275 1635 καὶ
2303 1581 2457 1644 ἐλπὶς
2487 1581 2646 1652 μέχρι
2673 1580 2836 1645 τινόςο
2863 1582 2896 1652 ή
2923 1580 2982 1635 δὲ
3009 1580 3218 1650 ἀγάπη,
3253 1580 3334 1644 είς
3358 1579 3608 1651 ἀπείρους
3624 1577 3740 1632 αίῶ-

2180 1690 2278 1737 νας
2333 1671 2410 1744 τῷ
2461 1673 2816 1744 ὑπεραπείρῳ
2846 1672 3242 1743 ὑπερηνωμένη
3271 1713 3286 1735 ,
3341 1671 3436 1725 καὶ
3481 1671 3563 1724 ἀεὶ
3590 1671 3740 1738 ὑπερ·

2179 1765 2419 1830 αὑξουσα
2448 1764 2712 1835 διαμένει.
2770 1764 2880 1817 Καὶ
2911 1763 3000 1816 διά
3025 1761 3183 1816 τοῦτο
3208 1802 3223 1827 ,
3276 1758 3500 1822 Μείζων
3523 1759 3742 1813 πάντων

2106 1839 2147 1894 Β
2175 1855 2214 1923 ἡ
2237 1852 2459 1924 ἀγάπη.

2772 2079 2904 2132 ΤΟΥ
2955 2081 3001 2132 Α
3015 2076 3190 2130 ΥΤοΥ

2246 2171 2387 2240 Περὶ
2423 2171 2670 2239 ἀγάπης
2704 2170 2953 2238 τετάρτη
2985 2171 3324 2238 κεφαλαίων
3351 2166 3681 2234 ἕκατον-τάς.

2246 2270 2313 2318 α’.
2351 2256 2572 2334 Πρῶτον
2607 2263 2704 2333 μὲν
2738 2261 3011 2332 θαυμάζει
3039 2264 3068 2315 ὁ
3099 2262 3222 2325 νοῦς
3249 2261 3347 2332 τὴν
3380 2261 3528 2315 θείαν
3556 2259 3744 2312 ἐννοού-

2179 2373 2337 2427 μενος
2368 2353 2510 2407 κατὰ
2536 2354 2714 2407 πάντα
2740 2354 3015 2423 ἀπειρίαν,
3047 2352 3142 2406 καὶ
3171 2352 3232 2406 τὸ
3260 2352 3558 2406 ἀνέκῦατον
3587 2351 3744 2404 ἐκεῖνο

2177 2448 2271 2502 καὶ
2301 2447 2677 2518 πολυπόθητον
2707 2447 2964 2514 πέλαγος.
3001 2446 3265 2517 Δεύτερον
3289 2445 3346 2498 δέ
3376 2444 3744 2514 ἐκπλήττεται,

2179 2539 2297 2603 πῶς
2321 2541 2384 2592 ὲκ
2413 2537 2509 2592 τοῦ
2536 2539 2764 2610 μηδενὸς
2797 2540 2897 2610 τὴν
2930 2539 3039 2590 τῶν
3059 2538 3226 2591 ὄντων
3258 2539 3336 2601 εἰς
3371 2537 3431 2590 τὸ
3457 2534 3591 2590 εἶναι
3617 2551 3747 2606 παρ-

2177 2633 2382 2702 ήγαγεν
2413 2630 2668 2702 ὓπαρξιν.
2715 2629 2853 2684 Ἀλλ’
2910 2630 3100 2700 ὥσπερ
3139 2630 3236 2701 τῆς
3279 2629 3646 2700 μεγαλοσὺνης
3663 2626 3750 2681 αὑ-

2178 2723 2274 2777 τοῦ
2301 2723 2400 2777 οὑκ
2430 2722 2545 2776 ἐστι
2570 2723 2766 2794 πέρας,
2797 2721 2970 2784 οὑτως
2999 2721 3119 2774 οὑδὲ
3141 2721 3240 2791 τῆς
3266 2721 3580 2792 φρονήσεως
3601 2715 3747 2771 αὐτοῦ

2177 2815 2326 2869 ἐστιν
2359 2813 2596 2885 εὕρεσις.

2250 2908 2314 2979 β’.
2373 2907 2498 2972 Πῶς
2534 2908 2643 2978 γὰρ
2699 2907 2759 2960 οὑ
2795 2905 3061 2976 θαυμάζει
3091 2905 3150 2959 τὸ
3178 2904 3415 2959 ἄπλετον
3439 2905 3607 2957 ἐκεῖνο
3630 2901 3752 2954 θεω-

2179 3002 2313 3074 ρῶν,
2368 3004 2461 3056 καὶ
2512 3003 2652 3072 ὑπὲρ
2681 2999 2945 3070 ἔκπληξιν
2993 3000 3092 3070 τῆς
3122 2997 3462 3069 ἀγαθότητος
3489 2994 3709 3060 πέλαγος
3736 3007 3751 3055 ;

2178 3097 2248 3148 Ἥ
2282 3094 2400 3158 πῶς
2433 3095 2533 3148 οὑκ
2559 3093 2858 3158 ἐξίσταται,
2914 3091 3285 3162 ἐννοούμενος,
3341 3089 3463 3152 πῶς
3489 3087 3582 3141 καὶ
3604 3084 3752 3138 πόθεν

2176 3188 2210 3259 ἥ
2239 3204 2297 3240 τε
2323 3185 2516 3257 λογικὴ
2548 3187 2641 3238 καὶ
2665 3185 2827 3255 νοερὰ
2853 3183 3078 3253 γέγονεν
3101 3182 3276 3247 οὑσία,
3311 3181 3409 3234 καὶ
3436 3179 3504 3232 τά
3528 3177 3753 3244 τέσσαρα

2181 3280 2420 3350 στοιχεῖα
2440 3319 2454 3344 ,
2491 3277 2550 3344 ἐξ
2581 3271 2655 3331 ὧν
2685 3278 2754 3331 τὰ
2782 3275 3032 3344 σώματα,
3067 3273 3334 3345 μηδεμιᾶς
3363 3271 3498 3342 ῦλης
3523 3270 3617 3338 τῆς
3641 3263 3752 3318 τού-

489 3376 619 3420 ῑιιοι·
647 3365 943 3428 elementa,
977 3380 1045 3419 ex
1079 3364 1284 3435 quibus
1326 3371 1455 3418 sunt
1485 3378 1740 3433 corpora,
1768 3379 1893 3418 cum
1925 3363 2074 3418 nulla

2179 3341 2768 3438 cwvnrtpoiinapidto'q;
2814 3341 3300 3435 γενέσεωςξΠοία
3343 3379 3407 3416 τε
3455 3341 3498 3432 ίή
3537 3361 3755 3426 δύναμις

487 3455 717 3511 materia
763 3456 1066 3526 prmiverit,
1111 3454 1257 3509 unde
1303 3455 1420 3510 htee
1465 3454 1746 3508 orirentur
1780 3464 2077 3524 essentque

488 3549 866 3619 procreanda?
915 3547 1114 3616 Quazve
1152 3548 1245 3603 illa
1284 3549 1531 3618 potentia
1578 3547 1634 3601 in
1676 3557 1859 3603 actum
1901 3556 2072 3612 mota,

487 3640 606 3695 haec
634 3639 688 3693 in
714 3655 902 3694 rerum
948 3647 1204 3694 naturam
1243 3637 1538 3708 produxit?
1578 3637 1778 3694 Verum
1819 3637 1994 3692 Graeci
2022 3635 2076 3690 id

489 3747 603 3786 non
626 3731 951 3796 admittunt,
977 3729 1073 3801 qui
1099 3729 1536 3798 omnipotentem
1567 3727 1894 3792 bonitatem,
1926 3727 2075 3798 ejus-

486 3838 595 3892 que
617 3823 728 3877 vim
752 3821 1056 3885 efﬁcacem,
1091 3835 1422 3890 omnemque
1463 3835 1687 3874 sensum
1714 3818 2074 3874 excedentem

487 3913 813 3985 sapientiam
842 3921 898 3967 et
923 3911 1233 3978 scientiam,
1259 3910 1487 3966 minime
1514 3911 1791 3966 noverint.

557 4005 612 4060 '5.
663 4006 809 4061 Deus
861 4004 979 4074 ipse
1029 4003 1098 4058 ab
1144 4012 1350 4058 aeterno
1389 4003 1683 4069 conditor,
1743 4018 1867 4059 cum
1915 4001 2073 4067 libet,

485 4098 672 4155 Verbo
698 4097 806 4153 sibi
828 4096 1287 4155 consubstantiali
1311 4112 1377 4152 ac
1401 4096 1609 4167 Spiritu
1642 4098 1785 4168 (quae
1804 4097 1924 4166 ejus
1947 4095 2074 4151 inli-

489 4189 604 4244 nita
633 4188 852 4244 bonitas
883 4189 1026 4257 esti)
1061 4203 1150 4243 res
1177 4189 1367 4243 condit
1396 4203 1460 4242 ac
1495 4187 1646 4242 facit.
1691 4187 1881 4257 Neque
1918 4185 2078 4241 dixe-

486 4281 567 4336 ris
593 4299 606 4336 :
637 4280 756 4348 Qua
777 4297 928 4337 nunc
971 4283 1186 4336 ratione
1209 4281 1495 4347 Condidit,
1525 4279 1621 4350 qui
1657 4295 1876 4350 semper
1899 4278 2080 4334 bonus

487 4374 675 4430 esset?
713 4373 849 4430 Nam
892 4383 947 4429 et
995 4390 1096 4445 ego
1144 4372 1508 4444 respondebo,
1551 4371 1781 4426 inﬁnitae
1825 4371 2079 4426 essentia:

490 4467 1027 4538 imperscrutabilem
1056 4466 1406 4538 sapientiam,
1440 4465 1543 4520 sub
1574 4463 1859 4518 scientiam
1883 4462 2077 4542 huma—

489 4575 617 4615 nam
648 4576 760 4615 non
801 4559 1022 4616 cadere.

559 4652 613 4706 4.
667 4650 751 4708 ΑΙ)
801 4658 1010 4706 aeterno
1071 4651 1128 4706 in
1182 4651 1302 4720 ipso
1359 4649 1830 4721 prmexsistentem
1883 4664 2072 4703 rerum

486 4744 797 4812 scientiam,
828 4754 968 4811 tum,
995 4759 1120 4800 cum
1159 4743 1387 4814 placuit,
1414 4741 1671 4797 conditor
1695 4741 1938 4796 essentia
1965 4741 2068 4795 do-

485 4837 640 4892 navit
664 4845 829 4907 atque
863 4835 1145 4906 produxit.
1185 4833 1502 4890 Absurdum
1533 4831 1682 4888 enim
1724 4840 1810 4887 est
1843 4831 1896 4886 in
1933 4832 2066 4898 Deo,

484 4927 581 4998 qui
634 4928 706 4982 sit
757 4928 1125 4998 omnipotens,
1169 4927 1447 4991 dubitare,
1506 4940 1575 4979 an
1628 4924 1804 4994 possit
1857 4917 2067 4994 aliquid

405 5025 412 5035 ‘
483 5019 722 5077 essentia
749 5019 958 5074 donare
991 5034 1054 5074 ac
1080 5019 1408 5089 producere,
1433 5032 1558 5070 cum
1578 5015 1828 5071 libuerit.

554 5134 609 5188 5.
635 5133 1006 5199 Quamobrem
1047 5134 1193 5187 Deus
1226 5147 1316 5185 res
1347 5129 1699 5194 Condiderit,
1736 5145 1954 5199 quwre;
1981 5138 2066 5185 est

481 5224 630 5278 enim
663 5239 752 5278 res
784 5225 1054 5295 ejusmodi
1094 5239 1216 5293 qua:
1259 5223 1386 5277 sciri
1434 5228 1620 5291 queat.
1653 5220 1939 5287 Quomodo
1970 5236 2068 5274 au-

485 5329 592 5369 tem
637 5330 702 5370 ac
743 5331 908 5384 quam
950 5315 1021 5370 ob
1075 5329 1298 5369 causam
1341 5313 1582 5377 noviter,
1626 5313 1740 5368 noli
1779 5328 2064 5382 quaerere;

485 5426 664 5480 neque
696 5411 845 5464 enim
881 5410 1028 5464 istud
1065 5410 1172 5465 tale
1214 5418 1320 5472 est,
1361 5408 1511 5478 quod
1556 5408 1612 5462 in
1643 5416 1884 5462 mentem
1913 5416 2066 5460 tuam

483 5504 665 5560 cadat.
706 5504 1031 5558 Divinorum
1078 5503 1249 5566 enim,
1295 5503 1400 5556 alia
1446 5500 1772 5555 mortalibus
1813 5512 2066 5568 compre-

485 5597 654 5653 hendi
699 5605 947 5669 possunt,
975 5596 1078 5651 alia
1117 5595 1197 5650 eis
1235 5593 1696 5664 incomprehensa
1740 5591 2056 5646 exsistunt:

554 5776 602 5809 ⁸⁸
630 5776 946 5848 Ιῦοιηιιιι,
983 5777 1046 5830 l5
1146 5778 1190 5808 ⁹⁹
1227 5776 1365 5830 Psal.
1403 5791 1576 5839 θεων,
1603 5775 1655 5828 5.

2179 3460 2385 3530 ἐκείνη,
2418 3459 2453 3530 ἡ
2479 3460 2558 3522 εἰς
2586 3457 2866 3530 ἐνέργειαν
2893 3454 3199 3525 κινηθεῖσα,
3231 3452 3407 3507 ταῦτα
3437 3452 3520 3514 εἰς
3546 3449 3605 3502 τὸ
3627 3442 3754 3500 εἶναι

2180 3554 2504 3624 παρήγαγεν
2529 3569 2543 3617 ;
2590 3549 2753 3604 Ἀλλὰ
2779 3548 2937 3603 τοῦτο
2967 3531 3239 3618 Ἑλλήνιον
3269 3545 3460 3608 παῖδες
3496 3544 3555 3597 οὑ
3586 3555 3750 3612 παρα-

2175 3647 2422 3716 δέχονται
2442 3681 2461 3708 ,
2521 3642 2843 3712 ἀγνοοῦντες
2872 3641 2969 3714 τὴν
2997 3637 3410 3708 παντοδὺναμον
3434 3635 3752 3706 ἀγαθότητα,

2177 3736 2272 3787 καὶ
2315 3732 2412 3804 τὴν
2448 3721 2778 3803 ’δραστήριον
2811 3731 2982 3801 αὑτῆς
3013 3728 3108 3783 καὶ
3137 3728 3276 3800 ὑπὲρ
3303 3726 3430 3781 νοῦν
3455 3725 3644 3796 σοφίαν
3671 3721 3755 3775 καὶ

2177 3845 2398 3897 γνωσιν.

2250 4011 2321 4074 γ’.
2373 4002 2461 4071 Ἐξ
2509 4001 2676 4056 ἀϊδίου
2725 3998 3054 4070 δημιουργὸς
3101 3996 3364 4068 ὑπάρχων
3405 3995 3434 4048 6
3475 3991 3627 4056 Θεὸς,
3675 3990 3756 4042 ὅτε

2182 4097 2433 4170 βούλεται
2479 4095 2804 4166 δημιουργεῖ
2848 4093 3008 4161 Λόγῳ
3053 4087 3323 4161 ὁμοουσίῳ
3367 4089 3462 4140 καὶ
3487 4083 3756 4153 Πνεῦματι

2177 4192 2244 4246 δι’
2266 4191 2492 4259 ἄπειρον
2520 4186 2853 4258 ἀγαθότητα.
2892 4184 3003 4238 Καὶ
3035 4181 3110 4254 μὴ
3136 4181 3327 4254 εἴπῃς,
3379 4180 3503 4234 Τίνι
3529 4177 3604 4248 τῷ
3627 4175 3758 4242 λόγῳ

2177 4284 2272 4337 νῦν
2303 4281 2735 4354 ἐδημιούργησεν
2763 4278 2849 4331 ἀεὶ
2869 4274 3070 4345 ἀγαθὸς
3091 4273 3350 4345 ὑπάρχων
3376 4270 3585 4339 ;Ἑπε“ι,
3613 4261 3758 4333 κάγώ

2179 4393 2261 4429 σοι
2311 4374 2485 4443 λέγω,
2542 4373 2624 4426 ὅτι
2673 4373 2706 4441 ἡ
2756 4371 2855 4440 τῆς
2879 4368 3107 4438 ἀπείρου
3146 4365 3335 4428 οὐσίας
3363 4361 3759 4434 ἀνεξιχνίαστος

2178 4467 2363 4536 σοφία,
2401 4468 2468 4537 τῇ
2496 4462 2813 4535 ἀνθρωπίνῃ
2841 4461 2940 4532 οὐχ
2966 4458 3264 4513 ὑποπίπτει
3285 4455 3506 4526 γνώσει.

2247 4647 2308 4702 δ’.
2355 4646 2466 4716 Τὴν
2497 4645 2554 4711 ἐξ
2588 4641 2757 4698 ἁῖδὶου
2792 4641 2850 4694 ὲν
2879 4639 3028 4710 αὐτῷ
3048 4639 3075 4690 ὁ
3097 4633 3442 4706 Δημιουργὺς
3469 4631 3578 4686 τῶν
3602 4630 3758 4682 ὄντων

2179 4739 2640 4811 προῦπάρχουσαν
2683 4734 2903 4805 γνῶσιν,
2955 4731 3042 4783 ὅτε
3078 4728 3363 4798 ἐῦουλὴθη,
3412 4724 3644 4778 οὑσίωσε
3675 4717 3761 4772 καὶ

2176 4830 2530 4902 προεϐάλετο.
2583 4828 2819 4880 Ἀτοπον
2845 4825 2955 4896 γάρ
2987 4826 3132 4876 ἐστιν
3161 4822 3253 4874 ἐπὶ
3278 4818 3412 4873 Θεοῦ
3441 4816 3539 4870 τοῦ
3566 4827 3756 4867 παντο·

2174 4924 2412 4994 δυνάμου
2444 4919 2715 4986 διστάσαι,
2773 4918 2822 4970 εἰ
2849 4915 3074 4971 δύναταί
3104 4931 3157 4967 τι
3187 4912 3474 4974 οὑσιῶσαι,
3527 4909 3614 4962 ὅτε
3643 4902 3759 4976 βού-

2173 5016 2347 5070 λεται.

2245 5103 2302 5179 ε’,
2339 5123 2418 5178 Δι’
2441 5124 2508 5194 ἧν
2541 5123 2639 5193 μὲν
2674 5121 2853 5176 αἰτίαν
2885 5122 2914 5173 6
2940 5119 3071 5182 Θεὸς
3100 5115 3523 5188 ἐδημιούργησε,
3570 5111 3716 5183 ζήτει
3739 5123 3754 5142 ο

2162 5221 2280 5274 ἐστὶ
2305 5219 2413 5291 γὰρ
2443 5219 2666 5288 γνῶσις.
2716 5217 2790 5270 Τὸ
2817 5216 2874 5269 δέ
2907 5214 3046 5278 πῶς,
3080 5213 3175 5268 καὶ
3203 5212 3289 5265 διὰ
3317 5210 3369 5264 τί
3401 5207 3754 5280 προσφάτως.

2167 5310 2242 5382 μὴ
2288 5309 2476 5381 ζήτειο
2534 5309 2634 5362 οὑκ
2680 5308 2795 5361 ἐστι
2839 5306 2948 5378 γὰρ
2996 5304 3078 5376 τῷ
3129 5304 3206 5374 σῷ
3247 5301 3631 5355 ὑποπίπτουσα
3660 5293 3751 5363 νῷ.

2160 5403 2309 5456 Διότι
2343 5404 2451 5455 τῶν
2483 5402 2664 5467 θείων,
2700 5400 2770 5454 τὰ
2800 5399 2898 5472 μὲν
2925 5398 3136 5470 ληπτὰ,
3192 5396 3261 5450 τὰ
3285 5395 3364 5458 δέ,
3399 5393 3619 5462 ἀληπτα
3651 5388 3757 5446 τοῖς

2164 5494 2496 5566 ἀνθρώποις.
2551 5493 2773 5564 Θεωρία
2803 5493 2911 5562 γὰρ
2938 5491 3334 5562 ἀχαλίνωτος,
3369 5484 3522 5555 τάχα
3555 5483 3633 5538 ἂν
3661 5477 3752 5534 καὶ

2169 5587 2320 5640 κατὰ
2352 5585 2632 5656 κρημνῶν
2659 5585 2893 5649 ὤσειεν,
2925 5585 3000 5648 ὡς
3026 5583 3128 5656 ἔφη
3158 5600 3242 5647 τις
3271 5581 3382 5635 τῶν
3403 5577 3597 5648 ἀγίων.

1793 5770 2005 5827 Barucli
2063 5784 2144 5837 ιιι,
2179 5769 2272 5824 18.
