4076 6448
436 377 456 437 l
470 378 580 444 049

1312 383 1646 444 CAPITUM
1688 383 1785 443 DE
1823 383 2255 444 CHARITATE
2292 386 2675 449 CENTURIA
2721 395 2818 454 iV.

3569 402 3708 469 1050

440 491 827 563 Contemplatio
876 494 1025 549 enim
1071 511 1174 548 non
1220 497 1442 550 coercita
1497 513 1559 549 ac
1604 495 1837 561 liberior,
1876 496 2010 566 forte
2047 497 2208 550 etiam
2250 499 2303 550 in
2348 516 2578 571 pra‘ceps
2650 513 2798 574 agat,
2836 514 2897 560 ut
2970 516 3055 565 est
3095 513 3271 570 sancti
3308 513 3599 586 cujusdam
3628 518 3699 590 (ὁ)

440 586 744 641 sententia.

510 677 587 743 ς’.
655 679 811 740 Τινὲς
867 696 999 747 φασι
1053 678 1419 749 συνυπάρχειν
1472 677 1531 743 ἐξ
1577 678 1746 732 ἀϊδίου
1789 678 1869 749 τῷ
1910 681 1995 731 Θει

2097 730 2102 741 .
2199 681 2361 754 445
2395 686 2447 739 (ί.
2492 686 2633 743 Sunt
2663 689 2759 759 qui
2797 690 2985 746 dicant
3020 708 3109 747 res
3153 705 3366 751 creatas
3398 698 3466 751 ab
3497 708 3705 755 aeterno

431 772 503 824 τὰ
549 770 1031 840 δημιουργήματα,
1079 773 1218 842 ὅπερ
1261 772 1577 841 ἀμήχανον.’
1622 772 1745 835 Πῶς
1789 772 1897 843 γὰρ
1945 772 2022 843 τῷ

437 861 611 929 πάντη
644 860 883 930 ἀπείρῳ,
938 861 1006 914 τὰ
1038 861 1177 914 κατά
1209 862 1386 914 πάντα
1416 862 1840 931 πεπερασμένα,
1895 880 2021 915 συν-

436 952 702 1021 υπάρχειν
733 952 949 1005 δύναται
982 953 1043 1016 ἐξ
1064 954 1269 1018 ἁῖδίου;
1325 953 1357 1023 ἢ
1390 953 1510 1016 πῶς
1539 955 1743 1024 κυρίως
1768 954 2021 1025 δημιουρ-

434 1046 695 1115 γήματα,
753 1046 802 1097 εἰ
858 1046 1103 1099 συναῒδια
1144 1047 1222 1116 τῷ
1268 1045 1634 1115 Δημιουργῴ;
1680 1046 1818 1099 Ἀλλ’
1866 1044 2019 1110 οὗτος

432 1133 461 1185 ὁ
518 1134 672 1202 λόγος
720 1134 828 1187 τῶν
878 1135 1144 1205 Ἑλλήνων
1193 1136 1371 1188 ἐστίν·
1431 1137 1626 1199 οἵτινες
1670 1137 1869 1189 οὐσιῶν
1919 1139 2017 1207 μὲν

431 1224 681 1295 οὐδαμῶς
705 1263 722 1288 ,
781 1227 1085 1295 ποιοτήτων
1124 1226 1182 1279 δὲ
1226 1225 1383 1296 μόνον
1412 1226 1742 1298 δημιουργὸν
1771 1227 1862 1279 τὸν
1886 1227 2017 1281 Θεὸν

431 1316 765 1383 εἰσάγουσιν.
812 1315 1004 1386 Ἡμεῖς
1040 1316 1098 1369 δὲ
1148 1316 1237 1369 τὸν
1283 1317 1687 1387 παντοδύναμον
1716 1319 2017 1387 ἐγνωκότες

429 1407 593 1471 Θεὸν,
644 1407 707 1459 οὐ
735 1408 1056 1477 ποιοτήτων,
1110 1407 1223 1461 ἀλλ’
1244 1407 1443 1460 οὐσιῶν
1472 1409 1885 1479 πεποιωμένων,
1917 1410 2014 1480 δη-

433 1502 692 1573 μιουργὸν
725 1501 889 1556 nam
916 1496 1058 1559 εἶναι
1090 1519 1290 1572 φαμεν.
1328 1504 1389 1556 Εἰ
1419 1502 1477 1555 δὲ
1506 1503 1684 1569 τοῦτο,
1717 1504 1816 1557 οὐκ
1848 1504 1905 1570 ἐξ
1929 1505 2014 1557 ἁῖ-

425 1594 541 1647 δίου
576 1594 932 1664 συνύπαρκτα
959 1593 1037 1664 τῷ
1061 1593 1180 1664 Θεῷ
1207 1594 1275 1648 τὰ
1304 1595 1787 1667 δημιουργήματα.

497 1875 564 1941 ζ’.
617 1875 780 1931 Κατά
826 1896 878 1931 τι
930 1878 1028 1949 μὲν
1062 1877 1300 1946 γνωστὸν
1350 1879 1410 1932 τὸ
1446 1878 1599 1933 Θεῖον
1632 1881 1728 1934 καὶ
1756 1882 1825 1935 τὰ
1850 1882 2004 1937 θεῖαο

2125 774 2239 829 Deo
2294 778 2651 844 coexsistere,
2691 783 2841 852 quod
2893 792 2978 839 est
3019 786 3377 856 impossibile.
3418 790 3703 856 Quomodo

2123 867 2268 920 enim
2326 871 2501 937 possit
2550 871 2689 939 fieri,
2734 882 2795 928 ut
2841 892 2963 945 qure
3008 879 3188 932 modis
3239 881 3498 935 omnibus
3549 885 3699 938 finita

2122 967 2269 1021 sunt,
2290 959 2358 1012 ab
2386 972 2592 1015 :ctcrno
2620 964 2696 1016 illi
2717 967 3071 1031 coexsistant,
3101 969 3193 1037 qui
3235 985 3334 1037 per
3360 972 3540 1024 Omnia
3580 974 3702 1025 inli-

2120 1046 2273 1101 nitus
2315 1050 2433 1103 est?
2471 1063 2565 1105 aut
2589 1056 2866 1121 quomodo
2892 1066 3163 1113 creatura:
3188 1076 3315 1113 vere
3357 1076 3421 1113 ac
3456 1064 3697 1131 proprie,

2120 1152 2241 1204 qum
2279 1136 2529 1193 Creatori
2574 1152 2737 1212 atque
2778 1147 2986 1199 auctori
3034 1156 3321 1203 coaeteer
3352 1150 3620 1204 exsistant
3645 1154 3702 1206 ’ἰ

2119 1229 2322 1285 Verum
2347 1231 2603 1288 doctrina
2636 1236 2750 1290 hinc
2776 1236 3092 1293 Graecorum
3117 1249 3220 1305 est,
3250 1241 3344 1310 qui
3384 1241 3556 1295 Deum
3593 1259 3701 1297 non

2116 1322 2343 1390 quidem
2368 1324 2831 1392 substantiarum,
2858 1329 2953 1383 sed
2996 1330 3343 1385 solummodo
3371 1334 3700 1401 qualitatum

2117 1414 2463 1471 conditorem
2490 1433 2611 1472 esse
2642 1419 2879 1474 tradant.
2911 1421 3021 1476 Nos
3045 1437 3177 1477 vero
3203 1423 3298 1492 qui
3325 1424 3495 1478 Deum
3521 1426 3700 1479 omni-

2114 1514 2397 1573 potentem
2427 1509 2768 1575 noverimus,
2798 1526 2908 1565 non
2930 1513 3279 1581 qualitatum,
3316 1514 3411 1568 sed
3438 1516 3697 1571 substan-

2113 1597 2317 1651 tiarum
2374 1599 2482 1655 illis
2527 1601 2900 1667 imbutarum,
2947 1605 3129 1673 ipsum
3180 1606 3523 1661 conditorem
3573 1622 3727 1663 esse"

2112 1684 2367 1742 dicimus.
2400 1689 2555 1755 Quod
2595 1690 2641 1744 si
2677 1693 2752 1745 ita
2795 1703 2900 1758 est,
2948 1710 3070 1764 quae
3099 1704 3229 1751 sunt
3268 1706 3453 1751 creata
3482 1715 3593 1753 non
3622 1700 3693 1754 ab

2109 1789 2338 1843 aeterno,
2366 1781 2480 1837 Deo
2499 1784 2866 1840 coexsistunt.

2183 1878 2233 1930 7.
2265 1876 2469 1931 Partim
2496 1878 2641 1934 Deus
2662 1882 2917 1951 cognosci
2942 1890 3125 1951 potest
3150 1898 3214 1938 ac
3241 1883 3459 1951 divina;
3488 1885 3691 1955 partim

417 1969 566 2022 κατά
608 1987 660 2022 τι
698 1970 777 2035 δὲ,
818 1970 1118 2038 ἄγνωστον.
1181 1972 1290 2024 Καὶ
1318 1973 1559 2040 γνωστὸν
1585 1974 1701 2043 μὲν,
1738 1977 1850 2039 τοῖς
1878 1977 1995 2049 περῖ

2106 1967 2271 2022 nobis
2329 1969 2548 2039 ignotus
2602 1980 2708 2025 est.
2771 1971 2849 2026 Ac
2899 1972 3123 2041 quidem
3174 1976 3429 2044 cognosci
3483 1985 3686 2045 potest,

416 2064 555 2117 αὐτὸ
584 2063 959 2134 θεωρήμασιν·
998 2065 1274 2132 ἄγνωστον
1296 2064 1373 2129 δὲ,
1406 2066 1519 2129 τοῖς
1545 2066 1664 2118 κατ’
1688 2067 1838 2119 αὐτό.

487 2251 559 2322 η’.
612 2251 703 2323 Μὴ
738 2252 879 2317 ἕξεις
923 2251 1017 2304 καὶ
1042 2250 1485 2321 ὲπιτηδειότητας
1517 2251 1759 2324 ζητήσῃς
1787 2253 1880 2306 ἐπὶ
1905 2254 2006 2324 τῆς

410 2344 594 2411 ἁπλῆς
645 2344 738 2396 καὶ
788 2344 1016 2413 ἀπείρου
1062 2344 1247 2407 οὐσίας
1278 2343 1379 2413 τῆς
1410 2345 1572 2411 ἁγίας
1599 2346 1862 2417 Τριάδος,
1919 2348 2007 2401 ἵνα

415 2436 495 2505 μὴ
550 2434 802 2487 σύνθετον
852 2434 1019 2505 αὐτὴν
1070 2437 1338 2506 ποιήσῃς,
1395 2434 1583 2506 ὥσπερ
1609 2437 1677 2490 τὰ
1709 2439 2002 2509 κτίσματαο

407 2528 550 2597 ὅπερ
581 2529 780 2581 ἄτοπον
808 2529 901 2579 καὶ¹
932 2527 1191 2597 ἀθέμιτον
1218 2528 1310 2580 ἐπὶ
1340 2526 1475 2580 θεοῦ
1509 2530 1783 2599 ἐννοῆσαι.

486 2618 551 2672 θ’.
608 2619 761 2688 Μόνη
798 2618 945 2687 ἁπλῆ
995 2619 1088 2671 καὶ
1122 2618 1400 2689 μονοειδὴς
1454 2620 1548 2673 καὶ
1577 2620 1769 2685 ἄποιος
1792 2624 1859 2693 (ε)
1910 2624 2004 2678 καὶ

406 2710 691 2779 εἰρηναῖος
749 2710 844 2762 καὶ
893 2709 1293 2777 ἀστασίαστος,
1349 2713 1381 2782 ἠ
1436 2712 1664 2783 ἄπειρος
1702 2714 1858 2767 οὐσία
1907 2716 2002 2769 καὶ

409 2801 825 2872 παντοδύναμος
880 2803 973 2854 καὶ
1005 2802 1374 2874 δημιουργικὴ
1404 2805 1512 2857 τῶν
1541 2805 1700 2866 ὅλων,
1757 2808 1913 2859 Πᾶσα
1941 2808 2000 2861 δὲ

409 2893 450 2963 ἡ
482 2892 659 2955 κτίσις
683 2931 697 2953 ,
759 2891 1011 2951 σύνθετος
1037 2892 1271 2962 ὑπάρχει
1301 2894 1360 2958 ἐξ
1386 2893 1573 2958 οὐσίας
1602 2896 1695 2949 καὶ
1722 2896 1999 2968 συμ6ε6η-

406 2983 569 3045 κότος
593 2998 605 3011 ·
663 2981 757 3036 καὶ
786 2980 1005 3052 ἐπιδεὴς
1035 2982 1122 3035 ἀεὶ
1152 2984 1250 3054 τῆς
1277 2984 1426 3049 θείας
1455 2986 1733 3057 προνοίας,
1768 2987 1845 3051 ὡς
1873 3005 1997 3059 τρο-

406 3069 521 3139 πῆς
552 3071 651 3125 οὐκ
682 3071 964 3143 ἐλευθέρα.

486 3169 534 3216 ι’.
589 3165 746 3217 Πᾶσα
794 3168 826 3237 ἡ
876 3168 1036 3239 νοερὰ
1069 3167 1224 3220 οὐσία
1250 3207 1264 3232 ,
1326 3168 1421 3221 καὶ
1448 3168 1772 3241 αἰσθητικὴ,
1806 3170 1998 3225 ἔλαϐεν

402 3251 665 3323 δυνάμεις
712 3256 866 3327 παρὰ
909 3257 1045 3311 Θεοῦ
1100 3260 1181 3321 εἰς
1214 3258 1281 3311 τὸ
1304 3253 1444 3311 εἶναι
1475 3259 1821 3330 παραχθείσα
1849 3261 1996 3314 ἀντι-

402 3344 676 3415 ληπικάς
705 3348 812 3402 τῶν
841 3348 1028 3403 ὄντων’
1066 3353 1099 3420 ἠ
1132 3352 1231 3422 μὲν
1261 3350 1425 3420 νοερὰ
1478 3327 1579 3415 τὰς
1611 3327 1843 3423 νοήσειςο
1880 3354 1993 3425 ἡδὲ
2019 3374 2061 3432 C
2095 3327 2367 3432 proaufl?

405 3438 720 3511 αἰσθητικὴ,
757 3441 857 3506 τὰς
889 3443 1194 3506 αἰσθήσεις.

478 3606 569 3662 ια’.
612 3608 673 3661 Ὀ
703 3609 799 3677 μὲν
827 3609 960 3674 Θεὸς
984 3649 999 3673 ,
1057 3613 1346 3681 μετέχεται
1380 3612 1541 3682 μόνον
1564 3627 1579 3641 υ
1638 3613 1672 3683 ἡ
1704 3612 1763 3665 δὲ
1792 3611 1988 3677 κτίσις,

403 3699 499 3767 καὶ
552 3700 768 3770 μετέχει
830 3701 924 3753 καὶ
967 3702 1310 3771 μεταδίδωσι.
1373 3704 1480 3755 Καὶ
1519 3703 1739 3772 μετέχει
1770 3702 1868 3773 μὲν
1894 3701 1989 3755 τοῦ

401 3788 542 3843 εἶναι
563 3831 579 3854 ,
636 3792 728 3853 καὶ
757 3792 850 3845 τοῦ
879 3790 938 3845 εὖ
966 3789 1103 3846 εἶναι
1125 3810 1138 3823 ·
1178 3794 1498 3862 μεταδίδωσι
1522 3794 1600 3859 δὲ,
1633 3794 1726 3847 τοῦ
1759 3789 1817 3846 εὗ
1850 3790 1989 3849 εἶναι

399 3883 587 3953 μόνον’
615 3883 729 3936 ἀλλ’
752 3884 953 3956 ἑτέρως
981 3886 1078 3955 μὲν
1101 3887 1135 3957 ὴ
1162 3888 1469 3949 σωματικὴ,
1496 3886 1697 3957 ἑτέρως
1721 3887 1777 3939 δὲ
1798 3889 1831 3958 ἡ
1856 3887 1994 3940 ἀσώ-

399 3996 575 4049 ματος
601 3980 781 4034 οὐσία.

475 4158 563 4229 ιβ’.
610 4159 675 4213 Ἠ
725 4162 824 4231 μὲν
876 4161 1167 4232 ἀσώματος
1221 4162 1395 4226 οὐσία,
1464 4162 1557 4216 καὶ
1601 4162 1836 4233 λέγουσα
1889 4165 1984 4218 καὶ⁵

395 4250 716 4320 πράττουσα
745 4254 839 4307 καὶ
869 4253 1221 4325 θεωρουμένη
1250 4254 1349 4323 (d),
1384 4254 1478 4307 τοῦ
1508 4250 1566 4308 εὖ
1598 4252 1737 4309 εἶναι
1771 4257 1986 4327 μεταδί-

393 4341 580 4396 δωσιν
618 4346 651 4414 ἡ
683 4344 741 4397 δὲ
774 4346 1083 4417 σωματικὴ,
1118 4346 1466 4419 θεωρουμὲνη
1498 4348 1680 4418 μόνον.

482 4531 668 4599 Ὀιιιιι.
704 4559 782 4609 ιιι,
810 4543 895 4597 9.0.

2035 2034 2080 2093 Β
2107 2034 2373 2127 quantum
2408 2060 2477 2114 ad
2520 2076 2606 2125 ea,
2629 2077 2750 2130 qute
2779 2034 3089 2117 sunt-circa
3135 2034 3313 2133 ipsuvm
3344 2034 3687 2120 theoi'emata

2105 2157 2162 2204 et
2182 2165 2371 2215 sensa;
2410 2149 2557 2219 quod
2597 2165 2730 2203 vero
2764 2151 2880 2221 ipse
2904 2151 3142 2216 exsistit,
3176 2153 3396 2221 ignotus
3418 2162 3523 2207 est.

2177 2237 2228 2291 8.
2274 2236 2398 2291 Noli
2432 2238 2488 2291 in
2529 2237 2765 2307 simplici
2805 2254 2868 2292 ac
2908 2238 3121 2293 infinita
3160 2251 3361 2295 sanctae
3396 2242 3687 2296 Trinitatis

2105 2329 2412 2384 substantia
2442 2329 2667 2383 habitus
2690 2337 2746 2383 et
2782 2329 3095 2385 habilitates
3131 2347 3404 2399 quzerere,
3434 2348 3503 2385 ne
3531 2346 3684 2384 com-

2104 2420 2338 2490 positam
2364 2436 2483 2475 eam
2516 2420 2740 2486 feceris,
2768 2422 3002 2491 perinde
3043 2438 3107 2476 ac
3137 2432 3323 2478 creata
3351 2440 3365 2477 :
3400 2424 3547 2493 quod
3584 2423 3684 2477 ab-

2103 2512 2333 2567 surdum
2361 2519 2415 2566 et
2438 2511 2591 2567 nefas
2631 2513 2685 2567 in
2719 2514 2830 2568 Deo
2858 2513 3122 2583 cogitare.

2172 2602 2225 2656 9.
2261 2602 2387 2657 Sola
2431 2603 2665 2673 simplex
2706 2614 2763 2660 et
2807 2606 3122 2672 uniformis,
3173 2606 3434 2675 nullaque
3476 2606 3682 2660 imbuta

2101 2693 2461 2761 qualitate,et
2486 2704 2677 2763 pacata
2708 2704 2763 2749 et
2803 2698 3118 2766 tranquilla,
3154 2696 3370 2750 infinita
3406 2706 3463 2751 et
3498 2695 3680 2752 omni-

2099 2792 2315 2851 potens,
2335 2784 2692 2854 omniumque
2709 2786 2958 2841 effectrix
2987 2786 3247 2841 essentia.
3280 2785 3469 2841 Omnis
3498 2795 3678 2842 autem

2099 2881 2352 2927 creatura
2381 2877 2687 2945 composita
2722 2885 2900 2932 estex
2943 2878 3254 2932 substantia
3298 2886 3353 2933 et
3395 2878 3680 2933 accidente

2097 2973 2330 3032 egetque
2359 2965 2545 3019 divina
2587 2966 2963 3033 Providentia,
3004 2977 3064 3022 ut
3095 2984 3216 3038 quae
3255 2969 3481 3024 minime
3504 2969 3681 3026 libera

2097 3056 2222 3110 sita
2247 3057 2573 3112 mutatione.

2169 3148 2255 3202 10.
2309 3147 2503 3203 Omnis
2561 3150 2876 3222 intelligens
2928 3152 3283 3223 sentiensque
3336 3152 3677 3219 substantia,

2095 3238 2245 3293 vires
2280 3254 2309 3293 a
2339 3240 2451 3293 Deo
2490 3241 2834 3310 percipiendi
2854 3242 3086 3311 accepit,
3123 3241 3178 3295 in
3208 3257 3391 3296 rerum
3422 3249 3678 3296 naturam

2411 3345 2425 3383 :
2476 3330 2636 3401 cujus
2682 3330 2908 3399 quidem
2960 3332 3201 3400 partium
3263 3340 3324 3385 ut
3388 3331 3676 3399 intelligat,

2093 3420 2241 3475 vires
2278 3420 2652 3494 intelligendi;
2689 3423 2850 3493 cujus
2878 3438 3013 3477 vero
3040 3432 3099 3478 ut
3123 3423 3346 3489 sentiat,
3371 3424 3518 3477 vires
3555 3438 3678 3477 sen-

2092 3511 2287 3565 tiendi.
3512 3504 3521 3509 ’

2163 3604 2248 3656 lt.
2309 3603 2455 3660 Deus
2506 3604 2729 3675 quidem
2787 3604 2939 3659 solus
2987 3603 3197 3659 nullius
3252 3603 3334 3658 rei
3376 3602 3673 3673 particeps,

2086 3692 2223 3748 nihil
2292 3710 2455 3766 quam
2512 3696 2755 3765 impertit
2817 3714 2830 3749 :
2896 3707 2951 3751 at
3028 3704 3321 3760 creatura,
3400 3704 3456 3749 et
3540 3710 3670 3763 par-

2089 3784 2261 3853 ticeps
2291 3792 2457 3841 estet
2502 3787 2752 3855 impertit
2779 3805 2792 3841 :
2818 3788 3093 3857 particeps
3134 3786 3189 3840 in
3221 3787 3345 3849 hoc,
3379 3794 3439 3839 ut
3480 3784 3571 3847 sit,
3617 3792 3674 3840 et

2093 3874 2235 3930 bene
2267 3877 2369 3943 sit;
2416 3877 2661 3947 impertit
2700 3887 2883 3932 autem
2916 3879 3093 3933 solum
3137 3878 3278 3932 bene
3317 3892 3437 3931 esse
3468 3894 3481 3929 :
3512 3876 3675 3931 aliter

2094 3974 2277 4022 tamen
2308 3969 2616 4025 substantia
2642 3985 2930 4040 corporea,
2972 3970 3133 4025 aliter
3179 3983 3314 4024 vero
3348 3968 3671 4037 incorporea

2094 4063 2150 4111 et
2181 4058 2465 4126 spiritalis.

2170 4149 2258 4203 12.
2295 4152 2623 4220 lncorporea
2672 4151 2896 4221 quidem
2936 4158 2993 4205 et
3037 4149 3303 4219 spiritalis
3343 4148 3671 4218 substantia,

2092 4255 2207 4303 tum
2262 4245 2563 4316 loquendo,
2628 4253 2742 4298 tum
2797 4242 3030 4313 agendo,
3082 4250 3308 4311 tumque
3364 4232 3531 4296 etiam
3583 4242 3670 4297 sui

2089 4339 2552 4403 consideratione,
2583 4347 2647 4392 ut
2676 4339 2749 4393 sit
2786 4338 2927 4392 bene
2962 4336 3208 4406 impertit
3240 4353 3253 4389 :
3293 4351 3356 4390 ac
3385 4351 3669 4406 corporea,

2092 4429 2178 4485 sui
2204 4428 2472 4483 duntaxat
2494 4436 2794 4497 conspectu
2820 4434 2875 4481 et
2900 4423 3364 4481 consideratione.

472 4676 930 4760 (.b')G_I_'e_g.,"Orat.
954 4674 1458 4760 In.diem'na.talem,
1487 4675 1597 4757 eti
1628 4675 1694 4760 .In
1747 4675 1975 4760 Pascha.
2011 4682 2057 4741 ι)
2084 4693 2468 4760 sempencssc,
2505 4678 3072 4760 qum_l|abemus.sine
3105 4680 3285 4741 nobis,
3322 4694 3350 4731 a
3382 4677 3671 4760 Deo;_sci-

477 4746 545 4820 (c‘)
590 4746 697 4820 Κιιῑ
724 4748 951 4810 ἄποιος.
999 4746 1114 4820 Hoc
1153 4746 1421 4820 nimirum
1461 4747 1737 4820 singulare
1778 4747 1981 4820 divina:

394 4816 743 4875 substantiae.
781 4824 842 4869 ut
883 4823 993 4868 tota
1034 4816 1341 4870 substantia
1380 4816 1473 4882 sit,
1520 4816 1670 4869 nulla
1711 4817 1979 4884 qualitate

396 4891 633 4950 imbuta,
680 4888 826 4956 quod
869 4887 1070 4939 creatis
1098 4887 1356 4940 omnibus
1386 4886 1462 4939 ita
1493 4887 1773 4950 convenit,
1818 4896 1876 4939 ut
1910 4888 1980 4943 ab

342 5004 351 5013 .
380 4972 463 5014 ‘ca
485 4959 695 5014 absolvi
732 4957 1050 5013 conditione
1075 4972 1185 5010 non
1216 4956 1447 5025 possint.
1478 4956 1598 5010 Non
1636 4956 1777 5010 bene
1804 4973 1981 5012 novus

398 5044 599 5083 vocum
635 5044 797 5082 cusor
825 5037 991 5095 atque
1037 5027 1271 5096 interpr.
1313 5025 1517 5094 Obsop.
1561 5026 1629 5079 Et
1670 5043 1772 5079 non
1812 5027 1977 5094 facta,

396 5099 565 5153 Gesn.
601 5107 649 5151 et
683 5097 936 5167 aequalis,
962 5096 1117 5167 quod,
1139 5096 1274 5149 mihi
1310 5096 1570 5150 licentius
1591 5113 1690 5167 pro
1714 5098 1867 5150 vocis
1894 5098 1981 5151 in-

400 5166 909 5232 solentia;etiamsi
937 5167 1048 5219 vim
1092 5166 1292 5221 Graecae
1319 5167 1472 5221 vocis
1510 5166 1745 5220 reddere
1783 5168 1980 5221 voluit.

398 5238 556 5303 Quod
573 5238 793 5291 demum
810 5238 864 5291 in
887 5236 992 5289 line
1009 5244 1256 5307 cap.,est,
1271 5235 1344 5298 ὼς
1362 5237 1569 5305 τροπῆς
1586 5238 1683 5288 οὐκ
1704 5236 1982 5307 ἐλευθέρα,

402 5325 526 5376 quae
565 5324 695 5362 vera
726 5308 869 5361 ratio
902 5307 1103 5376 divinae
1148 5306 1200 5358 in
1244 5322 1463 5359 omnem
1504 5318 1815 5361 creaturam
1849 5306 1978 5375 pro—

399 5375 684 5438 videmiae.
709 5378 856 5446 quod
882 5392 991 5430 non
1022 5375 1094 5429 sit
1126 5375 1389 5428 immunis
1411 5392 1439 5429 a
1468 5376 1797 5430 mulatione.
1819 5376 1986 5446 Lepi-

401 5450 508 5503 dus
561 5444 773 5502 scilicet
817 5448 1046 5515 interpr.
1103 5446 1306 5515 Obsop.
1352 5455 1610 5516 tanquam
1652 5462 1756 5499 non
1809 5444 1983 5502 (ibe—ra:

402 5520 777 5572 conversionis.
813 5516 856 5570 Ο
892 5519 1113 5585 stuporl

479 5590 555 5656 (d)
608 5588 713 5640 Καὶ
768 5584 1161 5654 θεωρουμένη.
1212 5584 1406 5640 Sermo
1450 5595 1536 5641 est
1587 5585 1655 5640 de
1713 5586 1954 5640 creaturi

403 5655 821 5712 conferentibus
852 5656 918 5711 ad
949 5656 1117 5711 vitam
1148 5656 1288 5711 bene
1314 5672 1491 5726 exque
1528 5655 1972 5726 virtute_compo-.

404 5728 668 5790 nendum,
718 5727 865 5797 quod
926 5726 1132 5795 ubique
1178 5723 1418 5780 Maximo
1453 5736 1536 5780 est
1566 5726 1647 5797 ab
1701 5723 1760 5779 εὖ
1816 5723 1977 5787 εἶναι,

405 5797 555 5868 quod
604 5796 773 5851 unum
825 5808 1073 5851 nostrum
1116 5805 1220 5859 est,
1270 5797 1512 5851 medium
1560 5796 1706 5852 inter
1741 5812 1883 5861 csse,
1927 5806 1978 5851 ct

2087 4756 2251 4819 teque
2280 4747 2571 4819 distinguit
2610 4748 2678 4819 de
2712 4748 2942 4819 spiritali
2970 4758 3024 4802 et
3058 4751 3382 4817 incorporea
3413 4747 3670 4803 substan-

2089 4818 2185 4882 tia,
2211 4827 2267 4871 et
2294 4818 2363 4871 de
2396 4818 2667 4887 corporali
2694 4835 2707 4881 ;
2734 4818 2881 4886 quod
2918 4819 3006 4871 illa
3044 4818 3261 4872 confert
3286 4831 3541 4887 sermone
3571 4834 3668 4872 seu

2086 4889 2368 4943 locutione
2395 4886 2632 4956 vitazque
2670 4888 2941 4955 exemplo,
2986 4896 3045 4941 ut
3074 4889 3130 4941 in
3160 4887 3365 4955 angelis
3396 4893 3453 4938 et
3492 4886 3669 4941 homi-

2086 4959 2273 5021 nibus,
2321 4967 2591 5028 quatenus
2626 4966 2683 5011 et
2731 4957 2834 5028 ipsi
2876 4973 3129 5028 sermone
3167 4957 3388 5028 docent,
3424 4956 3669 5028 vitaeque

2088 5026 2352 5096 exempla
2376 5029 2584 5090 edunt;
2618 5026 2833 5080 confert
2866 5027 3054 5090 etiam,
3084 5026 3213 5096 quia
3247 5032 3428 5095 potest
3459 5026 3573 5093 ipsa
3612 5029 3667 5081 in

2085 5114 2143 5152 se
2176 5098 2537 5162 considerari,
2570 5104 2631 5149 ut
2666 5097 2760 5149 Dei
2802 5097 3012 5150 scilicet
3042 5113 3199 5166 opus,
3231 5097 3286 5149 in
3310 5108 3421 5163 quo
3455 5097 3668 5151 eluceat

2083 5169 2356 5237 sapientia
2416 5166 2775 5237 potentiaque
2818 5167 3047 5220 artificis
3092 5185 3104 5219 :
3164 5182 3274 5236 quo
3329 5178 3439 5217 uno
3480 5166 3668 5230 modo,

2083 5236 2337 5293 conferre
2409 5237 2486 5291 ait
2559 5236 2924 5290 substantiam
3006 5237 3371 5305 corporalem.
3445 5236 3668 5305 Resque

2084 5309 2289 5369 notior,
2328 5323 2493 5373 quam
2524 5316 2584 5360 ut
2612 5306 2791 5359 notari
2830 5306 3038 5373 aliquid
3075 5304 3305 5359 necesse
3343 5304 3531 5369 fuerit,
3561 5304 3667 5359 nisi

2084 5324 2289 5369 nouor,
2370 5324 2493 5360 uam
2524 5324 2584 5360 ut
2612 5324 2791 5359 n0lal'l
2830 5324 3038 5373 auqum
3075 5324 3305 5359 necesse
3343 5324 3531 5369 luerit,
3561 5324 3667 5359 ms:

2084 5324 2542 5447 cogeret‘bbsop.
2580 5384 2771 5447 stupor
2791 5384 2957 5444 atque
2994 5375 3161 5447 Gesn.
3198 5376 3402 5447 quibus
3436 5377 3669 5444 θεωρου-

2086 5445 2221 5516 μένη
2251 5456 2337 5500 est
2359 5445 2745 5514 contemplans,
2784 5453 2835 5516 et
2860 5445 3269 5516 contemplanda
3297 5462 3315 5499 :
3346 5447 3670 5516 quasi‘con-

2094 5513 2376 5584 templatio
2411 5518 2526 5584 ipsa
2566 5513 2744 5569 active
2795 5515 2867 5567 sit
2908 5513 3248 5583 perﬁciendo
3288 5516 3447 5579 alios,
3486 5513 3667 5581 sitque

2131 5587 2313 5656 ropria
2342 5586 2663 5656 substantia:
2695 5585 3026 5656 corporalis;
3055 5595 3110 5639 et
3144 5586 3231 5638 illa
3251 5601 3364 5656 una
3396 5586 3464 5637 ad
3496 5584 3665 5635 vitam

2131 5603 2313 5656 roprla
2342 5602 2663 5639 suusranua:
2695 5602 3026 5652 corporalis;
3055 5602 3110 5639 et
3144 5602 3231 5638 ma
3258 5602 3364 5637 una
3396 5602 3464 5637 ao
3496 5602 3663 5635 vitam

2088 5602 2229 5710 gone
2274 5654 2731 5723 componendam,
2773 5654 2890 5708 hmo
2944 5655 3103 5708 nobis
3135 5654 3403 5713 conferat,
3435 5667 3562 5707 cum
3611 5659 3663 5705 et

2090 5740 2240 5782 muta
2265 5725 2356 5789 sit,
2394 5726 2603 5791 ἄλογος,
2636 5739 2737 5777 nec
2773 5723 3009 5777 actionis
3034 5724 3100 5776 ad
3132 5724 3441 5791 exemplum
3473 5735 3665 5791 capax.

2087 5796 2131 5851 0
2156 5797 2281 5852 novi
2313 5796 2524 5851 scilicet
2546 5793 2920 5851 connnatisde
2940 5794 3155 5850 Calvini
3183 5794 3317 5848 hara
3349 5792 3653 5865 thCOIOgus:
