4076 6440
489 368 633 460 ιοει

1621 390 1680 450 S.
1722 384 2009 448 MAXIMI
2049 381 2561 446 CONFESSORIS

3603 388 3725 456 105?

557 501 643 556 15.
678 499 748 556 Ut
777 498 1000 572 quidem
1037 498 1250 554 ratione
1292 507 1455 556 utens
1492 515 1556 556 ac
1582 501 1894 586 intelligens
1930 497 2061 552 sub-

2236 501 2325 561 ιγ’.
2362 497 2438 551 Tb
2467 498 2567 568 μὲν
2597 499 2683 553 ἀεὶ
2710 497 2849 552 εἶναι
2869 539 2884 564 ,
2938 498 2972 569 ἢ
3009 498 3083 571 μὴ
3110 497 3251 552 εἶναι
3279 498 3375 570 τὴν
3392 499 3612 572 ,λογικὴν
3639 508 3723 560 καὶ

485 592 688 647 stantia
734 606 951 661 semper
987 592 1239 657 exsistat,
1281 604 1378 647 aut
1419 608 1527 646 non
1567 592 1812 655 exsistat,
1854 590 1911 644 in
1942 590 2062 658 ejus

486 684 729 752 positum
756 684 1039 738 voluntate
1082 692 1166 739 cst
1213 684 1307 755 qui
1351 684 1536 739 omnia
1572 685 1714 738 bona
1753 680 2001 737 condidit
2045 697 2060 734 :

487 780 551 827 ut
613 782 800 829 autem
856 774 975 830 haec
1037 776 1205 830 animi
1260 775 1545 846 proposito
1601 774 1745 829 bona
1795 773 1906 828 sint
1968 779 2064 825 aut

486 867 649 933 mala,
675 882 868 922 eorum
898 883 1021 938 qua:
1056 878 1184 923 sunt
1203 868 1426 923 condita
1455 868 1753 922 voluntatis
1780 875 1885 922 est.

556 952 722 1024 446
755 955 842 1008 14.
879 954 1001 1009 Non
1027 955 1173 1009 circa
1202 954 1496 1009 essentiam
1525 967 1739 1017 eorum,
1779 967 1903 1023 quae
1934 966 2065 1006 con-

487 1044 603 1099 dita
637 1054 786 1107 sunt,
818 1046 1021 1100 malum
1049 1045 1453 1109 consideratur,
1476 1043 1574 1099 sed
1610 1044 1757 1098 circa
1780 1051 2063 1098 errantem

487 1146 544 1192 et
565 1137 938 1193 inconsultum
968 1146 1198 1193 motum.

561 1229 648 1283 15.
694 1228 924 1285 Animus
962 1237 1093 1285 tunc
1121 1245 1188 1285 ex
1215 1231 1431 1285 ratione
1465 1238 1739 1295 movetur,
1777 1245 1902 1285 cum
1944 1231 2065 1301 ejus

486 1335 614 1390 pars
639 1320 1041 1392 concupiscens
1086 1322 1425 1377 continentia
1468 1322 1627 1387 nitet,
1677 1337 1909 1393 parsque
1953 1322 2065 1377 ira-

487 1425 652 1465 scens
680 1410 868 1466 odium
891 1421 1159 1477 aversata,
1183 1412 1465 1467 dilectioni
1486 1412 1671 1468 studet
1697 1429 1711 1466 :
1747 1427 1813 1466 ac
1841 1412 2065 1467 demum

487 1502 721 1557 rationis
779 1502 1034 1568 facultas,
1091 1503 1285 1558 orandi
1338 1502 1662 1558 assiduitate
1717 1518 1781 1558 ac
1831 1502 2065 1573 spiritali

488 1593 976 1663 contemplatione,
1036 1593 1179 1663 apud
1250 1594 1424 1647 Deum
1482 1608 1733 1659 versans,
1798 1593 1876 1648 illi
1934 1608 2069 1648 con-

401 1684 407 1690 ’
488 1684 714 1740 suescit.

554 1776 639 1831 16.
670 1776 917 1831 Necdum
950 1776 1243 1845 perfectam
1267 1784 1461 1831 nactus
1484 1785 1568 1831 est
1593 1776 1938 1843 cbaritatem,
1962 1794 2066 1834 nec

489 1864 691 1921 divinae
715 1867 1084 1922 Providentia:
1111 1868 1272 1921 altam
1310 1877 1599 1923 assecutus
1632 1868 1941 1935 scientiam,
1969 1870 2066 1940 qui

490 1956 544 2010 in
598 1964 842 2028 tempore
888 1959 1229 2023 tentationis,
1283 1959 1340 2013 in
1394 1960 1556 2016 malis
1604 1976 1727 2031 quae
1778 1962 2063 2029 eveniunt,

486 2062 597 2103 non
636 2048 969 2119 longanimis
1007 2066 1071 2106 ac
1109 2051 1336 2122 prolixa:
1362 2052 1643 2123 patientiae
1680 2053 1933 2121 exsistit;
1969 2057 2066 2110 sed

488 2154 519 2194 a
541 2141 773 2210 spiritali
801 2141 1029 2197 fratrum
1061 2142 1358 2199 dilectione
1392 2145 1634 2216 scipsum
1659 2145 1956 2200 abscindit.

562 2233 649 2287 17.
693 2233 902 2289 Divina:
938 2233 1307 2291 Providentia:
1348 2234 1474 2290 finis
1509 2243 1616 2301 est,
1658 2244 1718 2290 ut
1751 2252 1818 2291 ex
1860 2235 2066 2292 malitia

490 2330 657 2394 atque
678 2324 814 2379 vitio
837 2325 892 2379 in
914 2325 1067 2380 varia
1090 2326 1313 2390 scisses,
1334 2342 1434 2397 per
1455 2337 1661 2382 rectam
1685 2328 1847 2382 fidem
1878 2344 1943 2384 ac
1958 2330 2068 2400 spi-

489 2413 706 2469 ritalem
753 2413 1109 2471 dilectionem
1169 2418 1398 2473 unitatis
1444 2418 1667 2473 vinculo
1702 2421 2063 2493 constringat.

488 2504 616 2561 Hzec
635 2506 781 2561 enim
804 2522 965 2563 causa
1002 2517 1089 2563 est
1125 2525 1224 2564 cur
1256 2509 1507 2565 Salvator
1535 2519 1710 2567 morte
1744 2511 1965 2569 functus
1996 2515 2068 2571 sit

487 2611 553 2651 ac
575 2612 767 2666 passus
799 2615 813 2652 :
850 2599 914 2654 Ut
936 2599 1034 2654 Dei
1056 2590 1218 2669 ﬁlios,
1254 2604 1344 2673 qui
1377 2602 1599 2673 dispersi
1632 2612 1806 2671 erant,
1843 2622 2065 2677 congre-

485 2698 637 2759 garet
658 2691 711 2743 in
744 2707 907 2745 unum
934 2692 973 2746 ³.
1007 2692 1110 2759 Qui
1139 2709 1269 2765 ergo
1304 2695 1533 2750 molesta
1556 2711 1666 2750 non
1701 2697 1937 2752 sustinet
1961 2714 2066 2754 nec

487 2779 684 2835 tolerat
710 2781 907 2848 tristia,
945 2799 1047 2838 nec
1087 2784 1143 2839 in
1178 2785 1248 2840 iis
1293 2801 1414 2855 qua:
1442 2786 1688 2843 laborem
1725 2788 1930 2845 habent
1964 2805 2064 2860 pa-

484 2869 735 2927 tientiam
770 2884 975 2938 servat,
1009 2887 1163 2931 extra
1201 2876 1443 2932 divinam
1479 2878 1803 2936 cbaritatem
1843 2897 1908 2938 ac
1932 2882 2066 2939 Pro-

483 2961 743 3019 videntia:
768 2963 933 3020 finem
962 2967 1227 3022 ambulat.

558 3054 646 3110 18.
670 3055 809 3111 Cum
836 3059 1070 3114 charitas
1102 3059 1442 3132 longanimis,
1476 3064 1805 3137 benignaque
1845 3082 1909 3121 ac
1937 3083 2065 3122 sua-

2164 589 2356 659 νοεράν
2398 590 2628 656 οὑσίαν,
2691 590 2751 644 ὲν
2792 593 2859 661 τῇ
2910 590 3165 660 βουλήσει
3194 592 3312 644 ἐστὶ
3357 590 3449 643 τοῦ
3472 591 3541 646 τὰ
3563 595 3722 651 πάντα

2164 679 2304 733 καλὰ
2326 680 2846 754 δημιουργήσαντος·
2881 682 2944 736 τὸ
2967 683 3023 736 δὲ
3050 682 3230 751 ἀγαθά
3254 681 3424 737 ταῦτα
3445 680 3574 738 εἶναι
3600 690 3724 743 κατά

2164 774 2487 846 προαίρεσιν
2512 774 2547 846 ἢ
2581 774 2780 846 φαῦλα,
2834 777 2894 830 ἐν
2916 777 2994 848 τῷ
3016 776 3285 847 θελήματι
3310 776 3416 830 τῶν
3449 779 3725 846 γεγονότων

2167 866 2424 936 ὑπάρχει.

2238 958 2317 1011 ιδ’.
2376 959 2452 1011 Οὐ
2488 958 2618 1029 περὶ
2645 958 2746 1028 τὴν
2774 958 2966 1012 οὑσίαν
2995 957 3106 1011 τῶν
3131 954 3453 1028 γεγονότων,
3486 960 3546 1013 τὸ
3573 961 3726 1016 κακὸν

2166 1047 2456 1118 θεωρεῖται
2482 1067 2495 1081 ·
2531 1049 2668 1104 ἀλλά
2696 1049 2827 1103 moi.
2852 1048 2952 1121 τὴν
2978 1048 3322 1120 ἐσφαλμένην
3353 1051 3446 1104 καὶ
3466 1051 3726 1120 ἀλόγιστον

2166 1140 2403 1213 κίνησιν.

2240 1240 2321 1288 ιε’.
2383 1235 2636 1305 Εὐλόγως
2667 1239 2899 1292 κινεῖται
2930 1239 2963 1309 ἡ
2995 1235 3142 1308 ψυχὴ
3166 1280 3181 1301 ,
3238 1236 3367 1290 ὅταν
3403 1236 3464 1290 τὸ
3492 1236 3588 1307 μὲν
3614 1238 3723 1291 lm-

2167 1324 2470 1396 θυμητικδν
2497 1329 2668 1398 αὐτῆς
2700 1330 2766 1399 τῇ
2798 1328 3098 1401 ἐγκρατείᾳ
3122 1328 3451 1381 πεποίωταιο
3482 1327 3542 1381 τὸ
3565 1329 3620 1382 δὲ
3643 1328 3727 1383 θυ-

2171 1415 2350 1485 μικὸν,
2404 1417 2507 1486 τῆς
2528 1419 2750 1487 ἀγάπης
2777 1419 3084 1490 ἀντέχεται,
3130 1420 3191 1473 τὸ
3217 1423 3376 1489 μῖσος
3403 1422 3725 1491 ἀποστρεφό-

2170 1523 2332 1577 μενον
2353 1523 2368 1538 ⁸
2421 1510 2483 1562 τδ
2506 1509 2565 1561 δὲ
2592 1508 2899 1579 λογιστικὸν
2918 1550 2934 1575 ,
2981 1510 3121 1580 πρὸς
3146 1511 3238 1562 τὴν
3264 1510 3399 1563 Θεὸν
3429 1510 3620 1579 διάγει,
3651 1511 3731 1565 διὰ

2167 1601 2477 1673 προσευχῆς
2510 1602 2607 1656 καὶ
2633 1601 2870 1674 θεωρίας
2896 1605 3296 1675 πνευματικῆς.

2243 1782 2337 1841 ις’.
2398 1774 2565 1830 υῦπω
2606 1776 2722 1847 ἔχει
2763 1776 2973 1831 τελείαν
3001 1778 3221 1849 ἀγάπην
3246 1818 3262 1840 ,
3317 1778 3441 1832 οὐδὲ
3471 1778 3566 1848 τῆς
3595 1777 3733 1842 θείας

2168 1868 2436 1940 Προνοίας
2482 1868 2623 1922 κατά
2667 1867 2828 1938 βάθος
2860 1868 2959 1939 τὴν
2986 1868 3187 1936 γνῶσιν
3210 1908 3225 1931 ,
3278 1870 3308 1922 ό
3347 1870 3407 1921 ὲν
3432 1868 3604 1940 καιρῷ
3627 1885 3735 1922 πει·

2169 1959 2381 2032 ρασμοῦ
2420 1960 2495 2030 μὴ
2528 1960 2896 2030 μακροθυμῶν
2934 1962 3025 2014 ἐπὶ
3049 1963 3163 2025 τοῖς
3184 1961 3545 2031 συμϐαίνουσι
3569 1960 3729 2029 λυπη-

2171 2055 2285 2124 ροῖς
2311 2067 2324 2082 ·
2380 2051 2496 2105 ἀλλ’
2518 2051 2846 2106 ἀποκόπτων
2877 2051 3067 2106 ἑαυτὸν
3098 2053 3197 2123 τῆς
3225 2052 3334 2107 τῶν
3365 2051 3737 2123 πνευματικῶν

2166 2145 2413 2214 ἀδελφῶν
2437 2145 2683 2215 ἀγάπης.

2240 2238 2325 2303 ιζ’.
2364 2237 2573 2300 Σκοπὸς
2605 2237 2706 2307 τῆς
2736 2235 2888 2300 θείας
2915 2237 3210 2307 Προνοίας,
3256 2239 3338 2300 τὸ,
3367 2237 3494 2300 τοὺς
3525 2236 3626 2290 ὑπὸ
3645 2236 3735 2306 τῆς

2168 2327 2369 2391 κακίας
2417 2326 2681 2390 ποικίλως
2718 2326 3130 2397 διεσχισμένους
3151 2366 3166 2389 ,
3221 2311 3309 2378 διά
3339 2326 3443 2397 τῆς
3466 2325 3627 2397 ὀρθῆς
3655 2325 3735 2378 πί-

2169 2435 2339 2481 στεως
2393 2417 2487 2472 καὶ
2540 2419 2918 2488 πνευματικῆς
2957 2418 3176 2489 ἀγάπης
3214 2418 3506 2470 ὲνοποιεϊν.
3579 2416 3738 2485 Εἴπερ

2164 2510 2252 2565 διὰ
2296 2510 2453 2564 τοῦτο
2496 2510 2765 2564 πέπονθεν
2808 2513 2839 2565 ό
2883 2510 3074 2581 Σωτὴρ
3099 2548 3114 2572 ,
3172 2510 3297 2564 Ἵνα
3330 2510 3411 2563 τὰ
3436 2510 3614 2563 τέκνα
3644 2508 3739 2561 τοῦ

2168 2601 2315 2658 Θεοῦ
2344 2601 2416 2655 τὰ
2441 2600 2968 2671 διεσκορπισμένα,
2993 2600 3306 2670 συναγάγῃ
3333 2601 3428 2667 εὶς
3452 2600 3541 2653 ἓν.
3579 2599 3634 2653 '0
3656 2592 3740 2653 οὖν

2168 2694 2244 2765 μὴ
2271 2694 2478 2762 στέγων
2508 2693 2575 2748 τὰ
2601 2694 2835 2765 ὀχληρὰ,
2872 2693 3007 2764 μηδὲ
3037 2692 3215 2764 φέρων
3244 2693 3313 2746 τὰ
3336 2692 3581 2763 λυπηρὰ,
3617 2690 3740 2761 μηδὲ

2165 2786 2452 2856 ὑπομένων
2502 2784 2572 2838 τὰ
2615 2785 2871 2851 ἐπίπονα,
2925 2783 3083 2848 ἐκτὸς
3112 2783 3212 2851 τῆς
3240 2781 3395 2846 θείας
3418 2781 3632 2852 ἀγάπης
3653 2779 3739 2833 καὶ

2164 2877 2258 2933 τοῦ
2292 2875 2494 2931 σκοποῦ
2519 2877 2618 2947 τῆς
2646 2876 2909 2948 Προνοίας
2927 2877 3249 2947 περιπατεῖς

2237 3066 2327 3131 ιη’.
2381 3060 2444 3113 El
2491 3059 2529 3127 ἡ
2568 3056 2775 3128 ἀγάπη
2810 3052 3184 3124 μακροθυμεῖ
3217 3053 3315 3107 καί
3340 3053 3739 3123 χρηστεύεται,

484 3145 563 3200 vis
590 3148 659 3200 sit
697 3146 740 3211 ⁸,
770 3149 864 3218 qui
891 3165 1061 3220 parvo
1095 3166 1159 3206 ac
1199 3152 1412 3224 dejecto
1452 3157 1640 3211 animo
1682 3166 1766 3213 est
1806 3158 1864 3213 in
1903 3160 2061 3217 malis

2167 3152 2196 3205 ὁ
2241 3149 2580 3222 ὀλιγοψυχῶν
2632 3148 2724 3202 ἐπὶ
2767 3150 2882 3211 τοῖς
2925 3146 3281 3218 συμϐαίνουσι
3312 3145 3612 3218 λυπηροῖς,
3657 3142 3742 3198 καὶ

490 3252 613 3306 qua:
642 3240 923 3306 accidunt,
957 3258 1190 3313 eamque
1214 3245 1287 3300 ob
1325 3262 1441 3301 rem
1479 3248 1714 3320 maligne
1745 3250 1857 3323 agit
1884 3252 1939 3306 in
1968 3269 2066 3309 eos

488 3329 583 3398 qui
611 3329 819 3401 aliquid
846 3333 1126 3401 laeserunt,
1151 3350 1215 3392 ac
1235 3352 1293 3393 se
1319 3354 1349 3393 a
1375 3339 1664 3407 cbaritate,
1686 3358 1808 3412 qua:
1830 3351 1915 3398 est
1938 3360 2065 3416 erga

488 3418 631 3486 illos,
686 3422 992 3493 abscindit;
1048 3427 1325 3497 quomodo
1372 3445 1403 3485 a
1449 3430 1650 3487 divina:
1702 3433 2068 3491 Providentiae

488 3509 597 3567 fine
623 3528 730 3567 non
761 3515 1000 3571 excidit?

561 3604 648 3659 l9.
685 3606 918 3663 Attende
946 3608 1067 3674 tibi,
1104 3625 1167 3666 ac
1195 3627 1347 3677 cave,
1383 3629 1453 3669 ne
1482 3613 1624 3670 forte
1659 3616 1806 3687 quod
1839 3625 1893 3672 te
1926 3617 2062 3673 diri-

488 3690 591 3745 mit
615 3708 646 3747 a
674 3692 842 3748 fratre
874 3696 1100 3761 malum,
1131 3715 1242 3754 non
1271 3701 1326 3755 in
1363 3702 1477 3767 illo,
1506 3704 1603 3759 sed
1637 3704 1693 3760 in
1725 3714 1779 3762 te
1815 3706 2066 3764 invenia—

488 3790 608 3850 tur;
649 3800 714 3839 ac
744 3787 905 3842 stude
950 3787 1060 3844 cito
1107 3790 1184 3844 illi
1228 3793 1596 3859 reconciliari,
1627 3811 1697 3852 ne
1735 3812 1767 3852 a
1808 3799 2067 3855 mandato

460 3936 463 3939 _
488 3876 711 3931 cxcidas
734 3878 1042 3935 cbaritatis.

557 3965 649 4020 20.
684 3965 827 4023 Cave
877 3981 1212 4041 prazceptum
1265 3972 1549 4032 charitatis
1594 3977 1885 4048 despicias,
1923 3998 2066 4052 quo-

485 4056 636 4110 niam
678 4074 778 4127 per
822 4060 1002 4130 ipsum
1054 4063 1152 4118 Dei
1198 4064 1344 4121 filius
1387 4067 1500 4123 eris
1535 4085 1550 4123 :
1600 4071 1828 4141 ejusque
1876 4074 2067 4128 violati

463 4162 639 4214 ‘reus,
668 4149 813 4207 ﬁlius
840 4152 1103 4223 gehenna:
1139 4156 1460 4214 invenieris.

554 4240 645 4295 21.
693 4239 819 4297 Haec
861 4243 976 4300 fere
1013 4255 1143 4300 sunt
1170 4263 1295 4317 quae
1323 4249 1393 4302 ab
1431 4249 1736 4306 amicorum
1766 4251 2066 4310 dilectione

488 4329 838 4402 disiungunt;
873 4333 1122 4391 invidere
1160 4345 1257 4391 aut
1289 4339 1563 4396 sustinere
1592 4342 1877 4411 invidiam,
1905 4345 2064 4400 dam-

490 4433 620 4474 num
652 4419 829 4477 facerc
862 4432 958 4477 aut
986 4425 1118 4495 pati,
1150 4427 1355 4495 probro
1386 4429 1590 4487 habere
1624 4441 1719 4487 aut
1750 4433 1973 4502 haberi;
1999 4452 2065 4493 ac

2167 3244 2255 3298 διὰ
2279 3243 2438 3298 τοῦτο
2462 3241 2896 3314 πονηρευόμενος
2920 3240 3013 3293 ἐπὶ
3036 3241 3149 3302 τοῖς
3175 3239 3459 3311 λυπήσασι
3478 3278 3492 3301 ,
3538 3236 3630 3291 καὶ
3652 3236 3743 3306 τῆς

2168 3337 2305 3408 πρδς
2351 3335 2548 3398 αὐτοὺς
2592 3332 2815 3402 ἀγάπης
2854 3330 3048 3386 ἑαυτὸν
3080 3331 3413 3384 ἀποκόπτων
3434 3371 3452 3396 ,
3511 3328 3625 3392 πῶς
3654 3322 3741 3380 τοῦ

2167 3426 2373 3480 σκοποῦ
2405 3424 2507 3495 τῆς
2535 3424 2686 3488 θείας
2716 3422 2979 3492 Προνοίας
3007 3422 3107 3475 οὑκ
3132 3422 3418 3478 ἐκπίπτει.

2239 3599 2326 3656 ιθ’.
2388 3599 2631 3669 Πρόσεχε
2686 3599 2930 3669 σεαυτῷ,
2986 3600 3197 3672 μήποτε
3244 3600 3279 3666 ἡ
3331 3596 3643 3670 χωρίζουσά
3693 3612 3748 3648 σε

2165 3691 2229 3744 ὲκ
2255 3689 2350 3743 τοῦ
2377 3690 2608 3759 ἀδελφοῦ
2639 3691 2829 3756 κακία,
2865 3692 2964 3744 οὑκ
2997 3693 3054 3744 ὲν
3081 3689 3158 3760 τῷ
3184 3690 3425 3759 ἀδελφῷο
3455 3689 3571 3745 ἀλλ’
3593 3689 3651 3741 ἐν
3672 3687 3748 3740 σοὶ⁵

2166 3784 2523 3856 εὑρίσκηται·
2580 3785 2676 3839 καὶ
2702 3786 2936 3839 σπεῦσον
2961 3784 3110 3855 αὐτῷ
3136 3784 3519 3855 διαλλαγῆναι,
3555 3784 3641 3836 ἵνα
3670 3780 3741 3852 μὴ

2165 3876 2266 3947 τῆς
2286 3876 2515 3947 ἐντολῆς
2544 3878 2646 3948 τῆς
2671 3878 2894 3947 ἀγάπης
2919 3876 3179 3947 ἐκπέσῃς.

2238 3974 2311 4023 κ’.
2371 3967 2463 4039 Μὴ
2506 3969 2921 4040 καταφρονήσῃς
2972 3968 3073 4038 τῆς
3111 3967 3331 4037 ἐντολῆς
3382 3967 3484 4035 τῆς
3519 3967 3749 4034 ἀγάπης,

2163 4062 2247 4115 ὅτι
2298 4061 2366 4115 δι’
2401 4061 2571 4130 αὐτῆς
2626 4063 2741 4125 υίὸς
2765 4060 2902 4115 Θεοῦ
2931 4060 3059 4133 ἔσῃ·
3126 4062 3192 4133 ἢν
3220 4061 3602 4133 παραϐαίνων,
3644 4058 3751 4119 υίὸς

2165 4154 2392 4225 γεέννης
2421 4155 2691 4228 εὑρεθήσῃ
2707 4196 2725 4217 ,

2235 4253 2342 4302 κα’.
2405 4247 2486 4301 Τά
2536 4246 2840 4318 χωρίζοντα
2886 4246 2987 4317 τῆς
3027 4245 3136 4300 τῶν
3162 4246 3332 4316 φίλων
3362 4247 3610 4317 ἀγάπης,
3653 4242 3749 4298 είσὶ

2163 4337 2339 4392 ταῦτα
2417 4337 2479 4391 τὸ
2503 4338 2740 4406 φθονεῖν,
2788 4338 2822 4410 ἢ
2848 4338 3183 4407 φθονεῖσθαι’
3219 4339 3281 4392 τὸ
3306 4336 3568 4410 ζημιοῦν,
3600 4338 3632 4409 ἢ
3661 4338 3749 4404 ζη-

2169 4429 2458 4502 μιοῦσθαιο
2520 4429 2582 4483 τὸ
2635 4429 2962 4501 ἀτιμάζειν,
3019 4430 3052 4502 ἢ
3102 4430 3509 4501 ἀτιμάζεσθαι,
3574 4429 3660 4484 καὶ
3708 4428 3750 4480 οε

488 4526 623 4580 quas
683 4513 1023 4583 suspiciosus
1081 4517 1298 4573 animus
1364 4521 1609 4579 rationes
1657 4525 1924 4581 obtrudit.
1984 4527 2065 4583 Ne

2169 4524 2229 4589 ἐξ
2265 4523 2518 4588 ὑπονοίας
2552 4522 2820 4594 λογισμοί.
2853 4523 3082 4593 Μήποτε
3112 4520 3205 4578 οὖν
3233 4525 3471 4596 ἔδρασας
3502 4542 3555 4579 τι
3587 4520 3753 4577 τοιοῦ-

485 4600 626 4657 forte
656 4603 823 4673 igitur
847 4605 1054 4675 aliquid
1086 4608 1356 4687 ejusmodi
1396 4612 1599 4681 egeris,
1638 4615 1724 4669 vel
1752 4632 1945 4685 passus
1968 4618 2066 4683 sis,

483 4709 716 4764 eamque
750 4695 822 4750 ob
847 4712 964 4751 rem
988 4698 1058 4753 ab
1082 4699 1245 4754 amici
1285 4700 1585 4757 dilectione
1616 4704 1954 4774 abjungeris.

554 4787 644 4842 22.
669 4788 888 4845 Accidit
906 4790 1028 4855 tibi,
1053 4789 1224 4846 fratre
1251 4802 1496 4858 auctore,
1523 4796 1791 4851 nonnulla
1815 4798 2066 4867 tentatio,

484 4889 895 4950 cenceptusque
923 4880 1083 4937 dolor
1113 4883 1170 4937 in
1207 4883 1397 4939 odium
1436 4884 1673 4955 impulit.
1711 4887 1855 4943 Cave
1884 4905 1954 4945 ne
1997 4891 2068 4946 ab

485 4972 614 5027 odio
638 4973 898 5038 vincaris,
938 4974 1035 5030 sed
1060 4976 1220 5031 vince
1253 4978 1440 5032 odium
1469 4977 1523 5033 in
1551 4979 1841 5036 cbaritate.
1878 4983 1948 5039 Ut
1970 5000 2068 5039 au-

487 5071 598 5119 tem
622 5065 832 5130 vincas,
879 5066 955 5121 ita
994 5066 1217 5122 demum
1260 5067 1374 5132 fiet,
1419 5069 1466 5123 si
1503 5084 1634 5125 vere
1662 5086 1732 5126 ex
1772 5073 1956 5129 animo
1996 5075 2067 5130 ad

486 5152 659 5207 Deum
687 5170 788 5224 pro
820 5170 889 5232 eo
920 5157 1188 5224 oraveris,
1237 5156 1400 5230 447
1442 5160 1673 5230 ejusque
1712 5161 1829 5231 ipse
1872 5163 2067 5219 defen-

487 5244 696 5298 sionem
725 5248 1168 5316 susceperis;-ac
1210 5258 1325 5304 tum
1364 5248 1458 5305 illa
1491 5267 1619 5306 cum
1654 5251 1910 5318 delinias,
1951 5263 2066 5310 tum

488 5335 722 5405 teipsum
771 5340 1092 5396 tentationis
1119 5351 1406 5398 auctorem
1435 5342 1748 5409 arbitreris,
1776 5344 1938 5414 longa
1972 5362 2069 5416 pa-

483 5429 682 5484 tientia
748 5429 951 5496 ferens,
1013 5433 1190 5489 donec
1248 5436 1425 5491 nubes
1486 5436 1590 5490 ista
1657 5437 2067 5508 obscurumque

490 5522 799 5579 transierit.

562 5640 585 5674 ²
623 5642 781 5698 Joan.
810 5660 884 5709 xl,
913 5645 1000 5699 52.
1080 5644 1146 5699 ⁸1
1178 5646 1305 5701 Cor.
1350 5664 1465 5713 xm,
1504 5650 1558 5705 4.

2166 4632 2261 4670 τον
2288 4615 2321 4687 ἢ
2352 4614 2648 4677 πέπονθας,
2686 4616 2781 4669 καὶ
2810 4614 2899 4669 διὰ
2923 4616 3083 4669 τοῦτο
3109 4616 3209 4687 τῆς
3234 4616 3329 4671 τοῦ
3356 4617 3518 4687 φίλου
3546 4616 3753 4685 ἀγάπης

2168 4706 2379 4779 χωρίζῃ
2408 4707 2569 4778 [unus
2592 4707 2718 4779 Reg.
2750 4708 3120 4782 ἀποχωρίζῃι.

2240 4798 2345 4869 κβ’.
2405 4799 2614 4869 Συνέϐη
2665 4816 2751 4851 σοι
2797 4800 3107 4871 πειρασμὸς
3138 4800 3203 4855 ἐκ
3230 4798 3324 4853 τοῦ
3359 4798 3597 4868 ἀδελφοῦ
3620 4839 3635 4861 ,
3670 4794 3753 4850 καὶ

2169 4889 2203 4959 ἠ
2225 4889 2372 4960 λύπη
2401 4890 2482 4953 είς
2507 4890 2663 4960 μῖσός
2694 4907 2754 4943 σε
2781 4890 2979 4961 ἤγαγε.
3014 4891 3104 4960 Μὴ
3137 4890 3275 4944 νικῶ
3302 4890 3406 4944 ὑπὸ
3425 4891 3524 4946 τοῦ
3551 4889 3751 4961 μίσους,

2169 4981 2307 5036 ἀλλά
2335 4981 2463 5036 νίκα
2493 4983 2551 5035 ὲν
2582 4984 2647 5053 τῇ
2674 4982 2861 5054 ἀγάπῃ
2892 4982 2953 5036 τὸ
2985 4984 3163 5053 μῖσος.
3198 4983 3469 5054 Νικήσεις
3490 4982 3547 5035 δὲ
3575 4980 3752 5051 τρόπῳ

2169 5073 2428 5145 τοιούτῳο
2484 5076 2925 5146 προσευχόμενος
2966 5076 3108 5146 ὑπὲρ
3149 5073 3315 5129 αὑτοῦ
3351 5074 3595 5146 γνησίως
3627 5069 3752 5141 πρὸς

2169 5166 2261 5220 τὸν
2285 5166 2451 5219 Θεόν’
2502 5167 2604 5235 τήν
2630 5183 2689 5218 τε
2722 5165 3019 5234 ἀπολογίαν
3043 5166 3209 5219 αὑτοῦ
3236 5165 3533 5235 δεχόμενος
3555 5181 3568 5194 ο
3604 5164 3636 5234 ἢ
3665 5160 3751 5214 καὶ

2169 5259 2332 5323 αὑτὸς
2366 5258 2453 5312 διὰ
2479 5258 2685 5326 ταύτης
2712 5258 2874 5312 αὑτὸν
2899 5257 3241 5328 θεραπεύων,
3293 5258 3392 5312 καὶ
3424 5256 3652 5311 σεαυτὸν
3670 5252 3751 5308 αί-

2174 5366 2289 5403 τιον
2334 5347 2429 5402 τοῦ
2471 5349 2780 5421 πειρασμοῦ
2808 5349 3160 5420 λογιζόμενος
3185 5391 3201 5417 ,
3260 5350 3354 5402 καὶ
3387 5344 3751 5423 μακροθυμῶν

2181 5442 2377 5515 μέχρις
2404 5435 2466 5497 οὗ
2499 5441 2748 5514 παρέλθῃ
2777 5441 2837 5495 τὸ
2864 5443 3042 5513 νέφος.

492 5757 700 5837 quisic
733 5761 906 5837 sacris
931 5760 1312 5837 profanisque
1339 5764 1684 5837 sapientibus
1732 5764 1976 5822 inaudita
2008 5783 2071 5822 ac
2111 5781 2213 5825 nec
2234 5766 2419 5837 stipite
2450 5765 2634 5837 digna,
2673 5761 2889 5819 Maximi
2954 5760 3285 5817 confessoris
3347 5751 3751 5827 nomincﬂutlli

495 5827 705 5884 scilicet
736 5827 976 5887 nominis
1005 5827 1270 5905 theologi)
1300 5827 1586 5903 ingeram!
