4076 6450
377 383 517 449 1053

1257 400 1590 463 CAPITUM
1630 403 1728 463 DE
1765 405 2196 472 CIIARITATE
2234 417 2622 480 CENTURIA
2661 423 2759 483 IV.

3503 423 3635 489 1056

443 507 548 600 κγ’.
585 499 954 606 Μακρόθυμός
1019 508 1191 573 ἐστιν,
1224 511 1253 562 ὁ
1300 517 1366 567 τό
1405 516 1557 578 τέλος
1603 517 1928 587 ἐκδεχόμενο

2029 564 2036 583 ι
2133 531 2220 585 25.
2274 532 2627 604 Longammis
2683 534 3015 606 prolixaeque
3063 535 3340 605 patientiae
3384 543 3489 601 est,
3543 536 3637 606 qui

364 589 467 641 τοῦ
493 592 824 663 πειρασμοῦ,
853 595 948 649 καὶ
975 596 1036 650 τὸ
1057 599 1321 669 καύχημα
1349 602 1452 672 τῆς
1481 606 1780 676 καρτερίας
1814 607 1956 678 λαμ-

374 679 578 734 ϐάνων.

443 773 541 828 κδ’.
591 775 774 844 Ἀνὴρ
817 782 1204 850 μακρόθυμος
1227 823 1243 848 ,
1277 786 1472 853 πολὺς
1497 787 1569 840 ἐν
1617 791 1909 858 φρονήσει
1937 810 1950 825 ·

369 868 457 920 ὅτι
488 866 666 920 πάντα
717 867 786 921 τὰ
836 871 1201 938 συμϐαίνοντα
1231 877 1324 929 ἐπὶ
1361 878 1423 930 τὸ
1471 879 1622 944 τέλος
1667 882 1948 955 ἀναφέρει·

369 957 594 1010 κάκεῖνο
640 958 973 1027 περιμένων,
1005 961 1257 1032 ἀνέχεται
1311 965 1420 1018 τῶν
1451 967 1735 1039 λυπηρῶν.
1783 972 1853 1024 Τὸ
1885 971 1951 1025 δὲ

371 1047 548 1112 τέλος
575 1047 727 1110 ἐστὶ,
762 1049 873 1118 ζωὴ
905 1051 1163 1119 αἰώνιος,
1196 1056 1336 1109 κατὰ
1382 1057 1474 1110 τὸν
1516 1058 1657 1112 θεῖον
1695 1061 1952 1114 ’Λπόστο-

367 1137 656 1207 λον.Αὒτη
687 1139 754 1192 δέ
777 1141 949 1194 ἐστιν
973 1143 1010 1208 ἡ
1039 1143 1273 1212 αἰώνιος
1303 1145 1443 1216 ζωὴ,
1467 1149 1569 1205 ἵνα
1606 1151 1951 1219 γινώσκωσι

366 1245 444 1282 σε
474 1230 578 1282 τὸν
601 1231 795 1298 μόνον
823 1232 1116 1301 ἀληθινὸν
1154 1237 1324 1303 Θεὸν,
1350 1239 1446 1293 καί
1478 1239 1550 1293 ὃν
1581 1242 1950 1312 ἀπέστειλας

381 1321 628 1388 Ἰησοῦν
655 1325 934 1389 Χριστόν.

439 1417 536 1462 κε’.
575 1410 665 1482 Μὴ
719 1411 938 1476 εῦκολος
991 1415 1083 1468 ἔσο
1125 1417 1219 1470 ἐπὶ
1274 1420 1511 1492 ἀποϐολῇ
1568 1426 1946 1495 πνευματικῆς

362 1501 608 1570 ἀγάπης,
642 1501 774 1555 διότι
808 1504 940 1574 ἄλλη
997 1507 1270 1578 σωτηρίας
1304 1510 1421 1574 ὁδὸς
1441 1512 1538 1582 οὐχ
1565 1513 1946 1569 ὑπολέλειπται

362 1595 481 1655 τοῖς
505 1593 831 1665 ἀνθρώποις.

416 1692 550 1758 ,κςα
577 1687 668 1755 Μὴ
691 1686 784 1739 τὸν
809 1687 936 1757 χθὲς
968 1691 1338 1760 πνευματικὸν
1369 1692 1597 1762 ἀδελφὺν
1637 1695 1731 1748 καὶ
1759 1696 1946 1768 ἐνάρε·

360 1795 457 1830 τον
488 1777 618 1847 (56),
641 1777 727 1831 διὰ
757 1778 816 1830 τό
841 1781 897 1831 ὲν
924 1780 1004 1832 σοὶ
1038 1783 1101 1850 σή
1115 1791 1278 1851 μερον
1324 1782 1383 1846 ἐξ
1428 1786 1692 1856 ἐπηρείας
1723 1787 1818 1840 τοῦ
1847 1806 1944 1841 πο-

365 1885 435 1935 νη
448 1867 540 1938 ροῦ
565 1867 914 1937 ἐγγινόμενον
946 1872 1122 1939 μῖσος,
1145 1873 1295 1940 κρῖνε
1327 1872 1527 1940 φαῦλον
1544 1853 1642 1928 -καὶ
1666 1877 1900 1946 πονηρόν
1925 1897 1936 1908 ·
1972 1853 2018 1912 Β

362 1946 504 2009 ἀλλὰ
549 1957 638 2009 διὰ
669 1956 770 2026 τῆς
825 1959 1284 2030 μακροθυμούσης
1334 1962 1555 2030 ἀγάπης
1600 1965 1668 2016 τὰ
1721 1965 1943 2034 χθεσινά

361 2047 508 2100 καλά
540 2047 903 2118 λογιζόμενος,
929 2049 988 2102 τὸ
1021 2051 1261 2121 σήμερον
1293 2055 1448 2122 μῖσος
1473 2055 1572 2122 τῆς
1603 2056 1780 2127 ψυχῆς
1804 2058 1943 2111 ἀπό-

360 2140 515 2194 ϐαλε.

434 2231 537 2295 κζ’.
578 2231 668 2303 Μὴ
700 2231 759 2285 ὃν
788 2231 1010 2303 ἐπῄνεις
1043 2239 1166 2305 χθὲς
1194 2239 1266 2299 ὡς
1288 2235 1476 2303 καλὸν,
1509 2238 1605 2290 καὶ
1634 2239 1940 2311 ἐνεκωμία-

357 2321 456 2386 ζες
487 2321 563 2384 ὡς
612 2323 889 2391 ἐνάρετον,
924 2323 1162 2394 σήμερον
1208 2325 1283 2387 ὡς
1317 2324 1522 2394 φαῦλον
1574 2327 1670 2379 καὶ
1705 2329 1940 2400 πονηρὸν

359 2411 762 2484 κακολογήσῃς,
783 2415 871 2466 διὰ
901 2415 1001 2485 τὴν
1031 2416 1128 2483 σὴν
1152 2417 1209 2482 ἐξ
1238 2418 1458 2488 ἀγάπης
1485 2421 1564 2480 είς
1594 2421 1750 2488 μῖσος
1782 2437 1941 2489 μετα-

355 2502 524 2574 ϐολὴν
553 2503 644 2556 τὸν
673 2505 768 2556 τοῦ
801 2505 1032 2576 ἀδελφοῦ
1055 2507 1222 2576 ψόγον
1243 2547 1258 2570 ,
1283 2508 1578 2577 ἀπολογίαν
1610 2510 1704 2563 τοῦ
1751 2512 1810 2562 ἐν
1857 2512 1937 2564 σοὶ

355 2596 600 2667 πονηροῦ
659 2598 850 2667 μίσους
884 2600 1206 2671 ποιούμενος
1229 2617 1242 2630 ·
1273 2603 1412 2656 ἀλλὰ
1460 2607 1572 2666 τοῖς
1622 2605 1808 2668 αὐτοῖς
1843 2607 1936 2675 ἐγ-

349 2689 590 2759 κωμίοις
617 2691 917 2760 ἐπίμεινον,
950 2692 1052 2745 κᾶν
1082 2691 1163 2746 ἔτι
1197 2694 1299 2746 ὑπὸ
1331 2695 1428 2763 τῆς
1449 2694 1626 2764 λύπης
1655 2697 1929 2766 κεκράτη-

352 2798 469 2845 σαι,
510 2781 601 2835 καὶ
656 2784 737 2845 είς
787 2782 886 2854 τὴν
941 2784 1215 2854 σωτηρίαν
1269 2785 1491 2855 ἀγάπην
1544 2786 1788 2856 εὐχερῶς
1829 2789 1929 2839 ἐπ-

344 2871 582 2946 ανέρχῃ.

425 2975 532 3044 κη’.
562 2966 652 3039 Μὴ
703 2968 794 3022 τὸν
846 2968 1049 3040 συνήθη
1097 2969 1190 3022 τοῦ
1242 2970 1475 3038 ἀδελφοῦ
1517 2969 1739 3025 ἔπαινον
1773 2971 1926 3042 (57),

341 3059 441 3114 διὰ
467 3060 564 3132 τὴν
593 3060 671 3113 ἔτι
698 3063 756 3114 ἐν
803 3061 888 3115 σοὶ
937 3063 1072 3132 πρὸς
1111 3063 1274 3116 αὐτὸν
1303 3063 1656 3134 ὑπάρχουσαν
1685 3081 1931 3134 κεκρυμ-

2057 625 2378 680 tentationis
2397 626 2745 696 praestolatur
2765 625 2946 692 finem,
2967 642 3031 681 ac
3052 628 3389 681 sustinentia:
3407 627 3634 698 gloriam

2055 717 2244 771 refert.

2123 811 2211 864 24.
2254 810 2343 865 Vir
2379 810 2718 882 longanimis,
2755 810 2949 865 multus
2980 812 3033 864 in
3068 811 3346 880 prudentia
3370 812 3398 842 ³
3430 827 3445 875 ;
3482 810 3632 880 quod

2054 904 2266 958 scilicet
2295 905 2479 958 omnia
2510 921 2632 974 quae
2674 904 2752 958 illi
2784 903 3066 966 eveniunt,
3117 903 3170 956 in
3219 903 3382 955 finem
3429 902 3628 967 refert;

2052 990 2312 1061 illiusque
2353 993 2783 1063 exspectatione,
2809 1007 3082 1046 aerumnas
3125 991 3376 1060 malaque
3413 991 3627 1044 suﬁert.

2052 1077 2196 1133 Finis
2226 1092 2424 1145 autem,
2456 1090 2531 1135 est
2555 1085 2660 1136 vita
2691 1091 2908 1150 (eterna,
2947 1087 3007 1134 ut
3039 1080 3207 1134 sentit
3239 1080 3460 1134 divinus
3489 1081 3632 1149 Apo-

2051 1173 2226 1227 stolus
2255 1173 2294 1225 '.
2334 1174 2458 1228 Hazc
2483 1184 2556 1228 est
2581 1183 2757 1227 autent
2776 1176 2882 1227 vita
2917 1180 3138 1234 (eterna,
3161 1183 3216 1224 ut
3242 1179 3558 1241 cognoscant
3583 1180 3631 1224 te

2049 1264 2223 1318 solum
2276 1265 2444 1320 Deum
2489 1283 2692 1332 verum,
2735 1274 2784 1319 et
2828 1282 2980 1335 quem
3022 1266 3209 1318 misisti
3247 1264 3427 1317 Iesum
3476 1262 3629 1316 Chri—

2053 1367 2193 1412 stum
2220 1361 2264 1412 ".

2119 1451 2208 1506 25.
2237 1451 2380 1507 Cave
2408 1451 2670 1521 spiritalis
2701 1449 3013 1522 dilectionis
3043 1449 3314 1518 iacturam
3355 1444 3512 1499 facile
3543 1443 3626 1498 fe-

2049 1543 2195 1597 ceris
2227 1561 2241 1609 ;
2271 1543 2474 1613 quippe
2509 1559 2633 1597 cum
2664 1551 2866 1611 prmter
2896 1541 3063 1604 illam,
3093 1539 3240 1593 nulla
3273 1538 3376 1591 alia
3414 1537 3626 1606 reliqua

2048 1633 2121 1686 sit
2147 1634 2468 1689 hominibus
2493 1649 2617 1703 spes
2642 1631 2854 1687 salutis.

2115 1724 2202 1779 26.
2240 1724 2474 1787 Videsis,
2531 1739 2598 1777 ne
2643 1723 2869 1776 fratrem
2912 1721 3032 1776 heri
3078 1719 3384 1790 spiritalem
3424 1733 3487 1772 ac
3514 1717 3625 1771 vir-

2049 1825 2163 1872 tute
2193 1817 2411 1881 fultum,
2441 1817 2512 1871 ob
2535 1816 2722 1870 odium
2755 1816 2851 1870 tibi
2881 1814 3045 1868 hodie
3075 1811 3404 1882 nequissimi
3431 1808 3624 1863 fraude

2044 1927 2107 1966 ac
2139 1911 2260 1966 labe
2297 1910 2620 1973 immissum,
2658 1908 2858 1962 malum
2891 1906 3103 1976 judices
3134 1913 3190 1959 et
3228 1903 3454 1973 pravum
3484 1918 3497 1955 :
3526 1901 3622 1955 sed

2042 2000 2228 2069 potius
2253 1998 2537 2052 charitatis
2571 1995 2855 2066 patientia,
2898 1993 3152 2047 hesterna
3186 1991 3335 2044 illius
3357 1990 3500 2044 bona
3533 2001 3622 2044 re-

2041 2099 2262 2160 putans,
2297 2088 2552 2142 hodierni
2586 2087 2697 2141 odii
2723 2081 2876 2139 virus
2904 2100 2971 2138 ex
3003 2084 3188 2138 animo
3217 2082 3413 2136 abiice.

2113 2269 2204 2323 27.
2239 2268 2340 2331 Ne,
2381 2282 2546 2338 quem
2572 2265 2694 2319 heri
2724 2279 2834 2334 prae
2865 2277 3079 2316 morum
3113 2261 3402 2314 honestate
3429 2255 3620 2310 lauda-

2040 2361 2158 2425 bas,
2185 2377 2248 2416 ac
2271 2360 2493 2414 virtutis
2518 2359 2737 2412 nomine
2757 2355 3113 2426 praedicabas,
3139 2352 3303 2406 hodie
3328 2359 3389 2404 ut
3414 2351 3617 2403 malum

2038 2462 2379 2517 pravumque
2411 2445 2713 2515 vitupercs,
2741 2441 2888 2512 quod
2927 2441 3280 2494 dilectionem
3307 2449 3455 2492 tuam
3491 2437 3618 2490 odio

2033 2539 2366 2604 mutaveris;
2415 2553 2613 2605 nempe
2666 2535 2904 2605 improbi
2948 2534 3026 2588 tui
3077 2523 3190 2587 odii
3240 2529 3616 2586 defensionem

2035 2647 2307 2700 quaerens,
2355 2627 2501 2699 quod
2544 2628 2766 2682 fratrem
2811 2626 3165 2681 criminaris:
3198 2624 3292 2678 sed
3324 2637 3617 2692 persevera

2035 2724 2089 2777 in
2126 2723 2322 2777 iisdem
2357 2722 2638 2786 laudibus,
2680 2720 2895 2775 tametsi
2932 2719 3112 2773 adhuc
3147 2732 3293 2786 αιςτο
3335 2715 3518 2769 animo
3540 2713 3616 2768 sis

2033 2815 2352 2885 doleasque,
2384 2815 2653 2884 facileque
2690 2813 2758 2868 ad
2798 2814 3074 2868 salubrem
3107 2810 3458 2866 dilectionem
3495 2808 3614 2862 ani-

2032 2907 2297 2976 mrequior
2332 2906 2509 2960 factus
2541 2905 2858 2959 reverteris.

2099 2997 2188 3052 28.
2219 2997 2361 3052 Cave
2405 3012 2474 3050 ne
2507 2996 2726 3050 laudem
2756 3010 2862 3064 qua
2905 2993 3130 3048 fratrem
3174 2989 3437 3061 prosequi
3477 3003 3613 3042 con—

2032 3104 2312 3153 sueveras,
2349 3088 2419 3143 ob
2454 3089 2701 3143 dolorem
2732 3087 2915 3141 adhuc
2946 3085 3002 3139 in
3034 3084 3200 3139 corde
3229 3084 3515 3145 latentem,
3553 3079 3610 3133 in

348 3153 523 3226 μένην
554 3154 752 3224 λύπην,
791 3155 848 3206 ἐν
888 3156 954 3225 τῇ
999 3154 1106 3208 τῶν
1162 3154 1363 3209 λοιπῶν
1395 3155 1638 3226 ἀδελφῶν
1671 3157 1927 3229 συντυχίᾳ

2031 3179 2264 3234 fratrum
2293 3178 2637 3248 reliquorum
2678 3185 2824 3231 coetu
2871 3189 3279 3244 congressuque
3308 3171 3608 3231 adulteres,

343 3247 611 3318 νοθεύσῃς
646 3263 662 3277 ·
696 3247 1178 3318 συμπαραμίσγων
1232 3250 1345 3311 τοῖς
1407 3249 1585 3316 λόγοις
1623 3249 1926 3320 λεληθότως

337 3341 438 3394 τὸν
456 3341 621 3410 ψόγον
643 3355 658 3370 ο
697 3340 832 3393 ἀλλά
863 3339 1086 3410 καθαρῷ
1137 3339 1214 3410 τῷ
1249 3340 1454 3412 ἐπαίνῳ
1480 3344 1537 3394 ἐν
1559 3345 1627 3413 τῇ
1664 3343 1926 3414 συντυχία

337 3433 569 3504 χρῆσαι,
599 3433 695 3486 καὶ⁴
733 3433 968 3503 γνησίως
994 3431 1136 3503 ὑπὲρ
1165 3431 1353 3496 αὐτοῦ,
1382 3433 1458 3494 ὡς
1491 3433 1712 3499 σαυτοῦ,
1750 3452 1922 3506 προσ-

336 3525 506 3595 εύχου
549 3542 564 3556 ·
599 3524 692 3578 καὶ
749 3525 843 3577 τοῦ
907 3523 1151 3596 ὀλεθρίου
1207 3525 1399 3596 μίσους
1459 3525 1692 3596 τάχιστα
1747 3527 1924 3582 ἀπαλ-

337 3622 534 3693 λάττῃ.

415 3714 513 3770 κθ’.
545 3714 636 3785 Μὴ
681 3713 842 3787 εἴπῃς
863 3731 876 3744 ·
909 3714 984 3766 Οὐ
1019 3712 1161 3783 μισῶ
1183 3711 1274 3766 τὸν
1295 3712 1546 3783 ἀδελφὸν,
1572 3713 1670 3785 τὴν
1701 3715 1923 3786 μνήμην

335 3809 504 3863 αὐτοῦ
535 3807 1029 3878 ἀποστρεφόμενος.
1073 3805 1241 3860 Ἀλλὰ.
1271 3807 1501 3860 ἄκουσον
1541 3807 1813 3871 Μωῦσέως
1837 3808 1924 3860 λέ-

330 3919 526 3971 γοντος
545 3919 558 3932 ο
588 3904 645 3954 Μ
653 3900 684 3968 ὴ
712 3899 991 3969 μισήσῃς
1014 3899 1120 3952 τὸν
1148 3898 1417 3966 ἀδελφόν
1445 3915 1559 3953 σου
1584 3899 1660 3968 τῇ
1687 3900 1921 3968 διανοίᾳ

330 4010 488 4050 σου·
524 3991 752 4062 eum
780 3991 1044 4060 ἐλέγξεις
1098 3991 1204 4044 τὸν
1255 3991 1522 4060 ἀδελφόν
1549 4009 1665 4047 σου
1697 3993 1795 4046 καὶ
1848 3996 1920 4048 οὺ

329 4086 523 4155 λήψῃ
551 4085 624 4139 δι’
657 4084 845 4138 αὐτὸν
881 4083 1182 4152 ἁμαρτίαν.

406 4178 469 4231 λ’.
514 4176 640 4230 Ἐὰν
697 4175 921 4243 ἀδελφὸς
972 4174 1136 4244 τυχὸν
1204 4173 1598 4246 πειραζόμενος
1657 4177 1916 4249 ἐπιμείνῃ

329 4269 654 4337 κακολογῶν
687 4286 774 4332 σε,
813 4266 949 4320 ἀλλὰ
987 4265 1050 4318 σύ
1093 4283 1156 4334 γε
1194 4267 1268 4336 μὴ
1318 4266 1604 4338 ἐξενεχθῇς
1649 4268 1749 4338 τῆς
1779 4271 1918 4338 ἀγα-

328 4359 575 4430 πητικῆς
609 4359 1028 4422 καταστάσεως,
1063 4356 1156 4409 τοῦ
1188 4357 1351 4409 αὐτοῦ
1383 4357 1622 4428 πονηροῦ
1661 4358 1916 4428 δαίμονος

327 4450 680 4518 ἀνεχόμενος,
710 4446 1053 4515 ἐνοχλοῦντος
1090 4448 1228 4500 κατὰ
1274 4447 1534 4512 διάνοιαν.
1573 4449 1690 4502 Ούκ
1731 4449 1912 4514 ἐξενε-

327 4541 510 4614 χθήσῃ
546 4539 601 4592 δὲ
627 4538 833 4607 ταύτης
851 4579 865 4604 ,
893 4538 986 4589 ἐὰν
1015 4537 1422 4609 λοιδορούμενος
1455 4538 1787 4610 εύλογήσῃς⁹
1815 4541 1911 4594 ἐὰν

327 4631 843 4701 ἐπιϐουλευόμενος,
876 4630 1159 4700 εὐνοήσῃς.
1201 4629 1344 4700 Αὕτη
1401 4632 1550 4684 ἐστὶν
1590 4632 1622 4701 ἡ
1665 4633 1782 4694 ὁδὸς
1814 4634 1913 4704 τῆς

327 4725 475 4780 κατά
509 4723 739 4796 Χριστὸν
770 4722 1091 4789 φιλοσοφίας
1125 4739 1139 4754 ·
1173 4724 1267 4775 καὶ
1297 4724 1324 4774 ὁ
1348 4723 1424 4794 μὴ
1452 4722 1656 4794 ταύτην
1690 4725 1888 4777 ὁδεύων

325 4821 389 4871 ού
418 4814 795 4880 συναυλίζεται
821 4813 992 4884 αύτῷζ

399 4989 502 5044 λα’.
535 4987 628 5061 Μὴ
678 4989 754 5052 ὡς
810 4987 1130 5054 εὐνοοῦντας
1161 4988 1404 5058 λογίζου,
1430 4991 1556 5054 τοὺς
1599 4990 1790 5060 λόγους
1831 5011 1913 5047 σοι

325 5076 596 5151 φέροντας
624 5077 800 5150 λύπην
825 5078 884 5130 ἐν
916 5077 1000 5130 σοὶ
1045 5078 1139 5130 καὶ
1193 5081 1350 5148 μῖσος
1385 5079 1475 5132 τὸν
1523 5080 1658 5151 πρὸς
1686 5082 1912 5151 ἀδελφὸν

323 5167 732 5241 ἐργαζομένους
777 5167 911 5236 (38),
953 5166 1056 5219 κᾶν
1087 5167 1370 5235 ἀληθεύειν
1397 5168 1628 5223 δοκῶσιν
1651 5187 1662 5200 ·
1692 5170 1806 5224 ἀλλ’
1836 5171 1911 5235 ὡς

325 5253 694 5318 θανατοῦντας
727 5253 880 5324 ὄφεις
907 5256 1031 5317 τοὺς
1080 5257 1354 5319 τοιούτους
1395 5258 1742 5329 ἀποστρέφου
1767 5277 1780 5290 ·
1824 5261 1910 5313 ἵνα

324 5346 614 5409 κάκείνους
643 5345 735 5398 τοῦ
763 5345 1078 5413 κακολογεῖν
1105 5348 1406 5419 ἀνακόψῃς,
1428 5351 1521 5403 καὶ
1552 5351 1650 5422 τὴν
1675 5353 1900 5406 σεαυτοῦ

320 5436 505 5508 ψυχὴν
529 5435 792 5506 πονηρίας
820 5435 1160 5507 ἀπαλλάξῃς·

394 5610 494 5680 λβὀ
531 5613 626 5684 Μὴ
651 5611 829 5680 λόγοις
851 5611 907 5665 δί
947 5613 1289 5683 αἰνιγμάτων
1319 5614 1409 5670 τὸν
1437 5616 1664 5688 ἀδελφὸν
1711 5620 1900 5688 κεντή-

2028 3269 2168 3322 clam
2208 3267 2353 3321 inter
2392 3265 2753 3320 fabulandum
2788 3263 3220 3327 commiscendo,
3242 3262 3388 3331 quod
3423 3260 3499 3314 illi
3527 3259 3610 3312 vi-

2029 3359 2244 3429 tuperio
2287 3359 2447 3415 cedat
2492 3377 2505 3412 :
2547 3357 2641 3412 sed
2684 3357 2856 3427 magis
2893 3354 3020 3410 cum
3065 3370 3246 3409 sermo
3286 3351 3601 3406 miscendus

2025 3451 2152 3512 erit,
2188 3464 2381 3517 puram
2413 3447 2616 3501 adhibe
2651 3445 2892 3511 laudem,
2930 3460 3168 3512 vereque
3191 3457 3258 3496 ex
3287 3441 3470 3495 animo
3498 3455 3600 3509 pro

2027 3536 2142 3598 illo,
2173 3551 2237 3590 ac
2271 3551 2370 3606 pro
2396 3535 2594 3604 teipso,
2620 3549 2752 3599 ora;
2789 3533 2994 3602 fietque
3030 3539 3091 3585 ut
3125 3529 3279 3584 brevi
3309 3529 3606 3582 admodum

2024 3627 2258 3682 exitiosa
2286 3625 2399 3680 odii
2426 3626 2549 3679 labe
2582 3624 2857 3678 libereris.

2092 3719 2183 3773 29.
2239 3719 2318 3772 Ne
2376 3717 2529 3771 dicas
2576 3724 2626 3770 te
2671 3731 2783 3769 non
2828 3715 3012 3769 odisse
3056 3713 3303 3776 fratrem,
3349 3712 3443 3781 qui
3488 3711 3608 3781 ejus

2023 3810 2348 3864 memoriam
2375 3807 2668 3862 averScris.
2688 3808 2892 3862 Verum
2912 3805 3040 3860 audi
3061 3805 3261 3859 Mosem
3288 3802 3562 3857 dicentem
3589 3819 3603 3854 :

2021 3902 2140 3956 Non
2160 3902 2332 3954 oderis
2368 3901 2590 3970 fratrem
2613 3907 2763 3951 tuum
2779 3899 2834 3951 in
2858 3897 3012 3951 corde
3044 3905 3133 3950 tuo
3160 3914 3176 3949 :
3205 3894 3606 3966 reprehensione

2022 3992 2365 4061 reprehendes
2407 3991 2632 4060 fratrem
2671 3999 2843 4053 tuum,
2888 3997 2936 4042 et
2971 4005 3076 4042 non
3115 4003 3350 4041 assumes
3392 3994 3605 4057 prapter

2022 4083 2174 4137 illum
2208 4092 2479 4154 peccatum
2510 4084 2550 4136 ⁸.
3417 4130 3420 4133 .

2088 4172 2179 4226 50.
2212 4173 2268 4227 Si
2296 4173 2436 4227 forte
2471 4173 2773 4242 contingat,
2805 4180 2864 4225 ut
2897 4170 3067 4226 frater
3101 4169 3398 4224 tentatione
3421 4170 3603 4239 pulsa-

2022 4272 2129 4328 tus,
2169 4263 2512 4318 detrahendo
2548 4264 2822 4317 morosior
2849 4262 3102 4328 insistat;
3152 4271 3205 4315 tu
3240 4269 3419 4314 tamen
3447 4275 3599 4324 cave,

2018 4370 2087 4409 ne
2143 4355 2338 4409 eodem
2367 4355 2673 4424 pr0posito,
2706 4355 3088 4424 interpellante
3129 4353 3461 4422 nequissimo
3495 4353 3604 4407 dae-

2017 4463 2202 4511 mone,
2240 4463 2271 4501 a
2309 4447 2595 4501 charitatis
2642 4455 2787 4501 statu
2827 4445 3115 4501 transferri
3146 4455 3196 4500 te
3232 4445 3397 4516 448
3425 4446 3601 4516 patia-

2017 4538 2112 4591 ris.
2150 4538 2220 4593 Ut
2253 4545 2438 4592 autem
2483 4537 2834 4592 transferaris
2884 4553 3164 4606 nunquam
3209 4534 3320 4598 fiat,
3352 4537 3394 4590 si
3430 4537 3601 4590 male-

2011 4627 2174 4683 dictis
2201 4629 2508 4691 lacessitus,
2541 4628 2893 4683 benedixeris
2927 4645 2940 4680 :
2974 4629 3018 4681 si
3059 4627 3276 4681 insidiis
3302 4629 3596 4695 appetitus.

2009 4719 2454 4775 benevolentiam
2498 4719 2766 4774 tenueris.
2810 4718 2937 4773 limo
2979 4718 3304 4772 Christiana:
3347 4718 3596 4787 philoso-

2010 4812 2154 4881 phim
2181 4812 2306 4880 via;
2342 4828 2469 4882 qua,
2503 4812 2596 4881 qui
2625 4812 2920 4874 exorbitat,
2945 4813 3092 4866 haud
3128 4827 3369 4880 unquam
3389 4811 3595 4866 Christi

2009 4900 2378 4956 contubernio
2404 4916 2467 4955 ac
2491 4900 2754 4956 societate
2776 4901 3061 4970 gaudebit.

2081 4991 2169 5045 ⁸51.
2206 4990 2285 5044 Ne
2309 4990 2466 5058 quasi
2488 4989 2786 5044 benevolos
2818 4991 3006 5059 tuique
3039 4989 3279 5043 cultores
3307 4988 3593 5044 existima-

2008 5080 2174 5144 veris,
2202 5080 2297 5151 qui
2327 5081 2425 5135 tibi
2459 5081 2515 5134 in
2545 5096 2734 5134 aurem
2763 5081 3441 5142 sermonesinsusurrant,
3467 5080 3590 5150 qui-

2008 5169 2112 5223 bus
2135 5170 2190 5222 in
2217 5169 2441 5225 fratrem
2483 5171 2702 5225 tristitia
2745 5180 2910 5240 atque
2949 5170 3076 5224 odio
3122 5171 3454 5235 incendaris,
3502 5181 3586 5227 ta-

2007 5261 2168 5314 metsi
2200 5276 2332 5315 vera
2350 5277 2577 5316 narrare
2608 5262 2928 5326 videantur;
2961 5261 3054 5316 sed
3079 5271 3336 5331 tanquam
3366 5264 3589 5333 pestife-

2007 5367 2098 5404 ros
2120 5363 2406 5421 serpentes
2439 5354 2558 5423 ejus
2605 5354 2823 5422 generis
2854 5355 3108 5409 homines
3136 5369 3426 5421 aversare;
3472 5365 3585 5408 tum

2006 5450 2068 5496 ut
2099 5442 2318 5496 illorum
2361 5443 2799 5498 maledicentiam
2834 5460 3170 5514 compescas,
3219 5453 3332 5500 tum
3373 5457 3433 5501 ut
3473 5446 3585 5517 ipse

2005 5531 2250 5587 animum
2293 5543 2446 5590 tuum
2479 5552 2509 5590 a
2538 5535 2784 5606 nequitia
2823 5537 3044 5592 liberes.

2077 5626 2166 5680 '52.
2201 5627 2280 5680 Ne
2315 5627 2568 5684 obscuris
2613 5643 2678 5684 ac
2701 5630 2982 5701 perplexis
3011 5631 3196 5686 verbis
3222 5630 3445 5685 fratrem
3477 5643 3582 5694 pu-

399 5775 421 5808 '
441 5777 604 5832 Prov.
631 5794 735 5845 xiv,
762 5783 848 5837 29.
925 5785 945 5815 ‘
971 5787 1126 5841 Boni.
1153 5803 1226 5853 vi,
1251 5787 1340 5841 Ἡ.
1415 5789 1435 5817 "
1462 5787 1619 5843 Rom.
1648 5805 1773 5855 xm,
1807 5790 1858 5844 ὅ.
1936 5789 1958 5822 ⁸
1985 5789 2158 5846 Levit.
2187 5805 2296 5856 nx,
2343 5793 2422 5850 l7.
