4076 6468
546 375 684 442 1055

1730 377 1792 436 S.
1835 375 2121 436 ΜΑΧΙΜΙ
2158 373 2668 436 LONFESSORIS

3652 372 3781 442 1056

543 483 794 554 pugeris;
850 495 922 535 ne
986 481 1080 535 illo
1134 481 1288 551 paria
1353 479 1745 552 respnndente,
1809 480 2122 536 dilectionis

2249 496 2346 550 rm.
2383 479 2469 533 ἵνα
2498 479 2572 550 μὴ
2609 477 2680 532 τά
2705 479 2866 548 ὅμοια
2888 475 3008 548 παῤ
3047 476 3211 532 αὔτοῦ
3243 475 3672 547 ἀντιδεχόμενος,
3693 483 3782 547 τὴν

541 571 798 626 affectum
829 586 897 625 ex
932 572 1219 625 amborum
1257 571 1456 625 animis
1495 571 1812 642 expuleris:
1855 569 1951 624 sed
1985 569 2119 623 cba-

543 665 722 718 ritatis
765 663 984 728 fiducia,
1029 663 1188 727 vade,
1231 677 1469 732 eumque
1511 677 1680 732 argue
1713 663 1755 725 θ,
1790 669 1851 715 ιιι
1888 659 2121 715 sublatis

542 771 666 826 quae
697 756 942 811 dolorem
970 755 1152 809 animo
1189 755 1530 825 ingerebant,
1579 764 1631 809 te
1670 752 1878 824 pariter
1915 752 2126 821 ipsum-

545 861 654 918 que
681 847 995 900 turbatione
1024 854 1189 914 atque
1221 845 1390 899 animi
1419 843 1741 913 aagritudine
1772 841 1996 896 liberes.

618 937 707 990 55.
739 936 900 991 Omni
930 935 1215 1006 diligentia
1254 944 1500 989 scrutare
1533 932 1926 989 conscientiam
1954 939 2124 996 tuam,

549 1043 619 1082 ne
649 1028 790 1080 forte
815 1035 908 1080 tua
943 1027 1102 1094 culpa
1139 1025 1310 1078 frater
1348 1040 1458 1078 non
1490 1023 1878 1078 reconciliatus
1906 1021 2130 1075 absces-

553 1119 726 1182 serit;
784 1133 849 1172 ac
890 1132 960 1171 ne
1007 1116 1141 1170 falsa
1193 1115 1352 1185 quasi
1407 1113 1796 1184 supputatione
1836 1110 2129 1166 fallendam

552 1225 672 1263 eam
706 1209 1008 1278 putaveris,
1033 1224 1152 1278 qum
1178 1207 1396 1263 noverit
1419 1206 1632 1261 occulta
1664 1213 1777 1270 tua,
1811 1211 2132 1258 accusatura

554 1316 666 1370 quo
707 1309 952 1368 tempore
997 1299 1138 1353 vivis
1181 1298 1434 1364 excedes,
1470 1312 1535 1352 ac
1567 1295 1900 1351 offendiculo
1949 1292 2136 1347 futura

557 1390 690 1444 dum
723 1389 989 1459 precaris.
1370 1447 1380 1461 ,

621 1481 711 1536 54.
750 1481 831 1535 Ne
869 1481 1022 1550 pacis
1061 1488 1332 1550 tempore,
1371 1493 1566 1534 eorum
1612 1491 1734 1547 qua:
1771 1475 1919 1530 dicta
1947 1482 2078 1529 sunt
2105 1488 2138 1528 a

556 1572 749 1636 fratre,
781 1587 908 1626 cum
951 1572 999 1626 is
1038 1587 1183 1642 aegro
1219 1572 1406 1626 animo
1445 1581 1610 1630 esset.
1659 1567 1997 1631 memineris,
2023 1566 2144 1645 sive,

559 1663 653 1719 ille
681 1664 736 1718 in
768 1663 964 1720 faciem
1001 1678 1065 1718 ac
1091 1678 1278 1718 coram
1319 1663 1516 1717 acerba
1545 1663 1764 1716 locutus
1796 1669 1903 1725 est,
1932 1659 2048 1715 sive
2071 1657 2140 1712 ad

558 1754 726 1808 alium
747 1754 1061 1820 oblocutus,
1091 1769 1159 1808 ex
1187 1768 1298 1824 quo
1327 1765 1516 1824 postea
1556 1753 1800 1808 audieris
1832 1770 1846 1806 :
1883 1768 1974 1816 ne,
2007 1750 2140 1805 dum

2221 573 2318 643 τῆς
2342 571 2558 641 ἀγάπης
2587 569 2823 623 διάθεσιν
2848 567 2906 634 ἐξ
2931 567 3256 638 ἀμφοτέρων
3305 568 3604 638 ἅπελάσῃς.
3642 570 3788 626 Ἀλλὰ

2227 663 2367 736 μετά
2399 661 2710 734 παρρησίας
2739 660 3106 732 ἀγαπητικῆς,
3140 657 3338 726 ὕπαγε,
3370 659 3586 727 ἔλεγξον
3615 662 3789 730 αὑτὸν,

2225 757 2312 809 ἵνα
2342 755 2440 818 τάς
2492 754 2670 816 αἰτίας
2690 754 2789 822 τῆς
2815 751 2992 824 λύπης
3024 751 3211 815 λύσας,
3234 751 3482 822 ταραχῆς
3510 753 3603 805 καὶ
3631 752 3789 822 λύπης

2227 847 2568 919 ἀμφοτέρους
2600 844 2937 916 ἀπαλλάξῃς.

2301 936 2407 1006 λγ’.
2452 936 2774 1008 Ἑρεύνησον
2801 935 2898 1006 τὴν
2944 935 3249 1003 συνείδησιν
3283 935 3422 1005 μετὰ
3456 935 3636 1004 ’πάσης
3656 937 3793 1006 ἀκρι-

2230 1029 2402 1094 6είας,
2423 1029 2630 1100 μήποτε
2659 1030 2724 1098 τῇ
2749 1030 2814 1098 σῇ
2861 1026 3010 1099 αίτίᾳ
3029 1028 3057 1079 ὁ
3072 1025 3298 1094 ἀδελφὸς
3317 1026 3379 1078 ού
3400 1025 3656 1098 διηλλάγη
3680 1043 3693 1056 ⁸
3711 1027 3794 1080 καὶ

2236 1122 2310 1193 μὴ
2345 1120 2706 1191 παραλογίζου
2759 1119 2964 1190 ταύτην
2997 1120 3156 1190 (e-n),
3177 1118 3245 1172 τά
3274 1117 3494 1188 κρυπτά
3524 1135 3616 1170 σου
3646 1119 3769 1186 γινώ

2235 1230 2492 1275 σκουσαν,
2523 1213 2619 1267 καὶ
2677 1211 3092 1282 κατηγοροῦσαν
3127 1227 3220 1263 σου
3267 1211 3327 1263 ὲν
3382 1208 3461 1278 τῷ
3507 1207 3681 1279 καιρῷ
3706 1210 3794 1280 τῆς

2233 1306 2437 1371 ἐξόδου,
2461 1304 2554 1358 καὶ
2583 1306 2640 1359 ὲν
2669 1302 2848 1374 καιρῷ
2875 1303 2934 1355 δὲ
2984 1302 3310 1374 προσευχῆς,
3347 1301 3685 1372 πρόσκομμα
3724 1318 3796 1354 σοι

2235 1396 2549 1467 γινομένην.

2308 1486 2401 1540 λδ’.
2429 1485 2521 1557 Μὴ
2554 1483 2863 1555 μνημόνευε
2890 1485 2948 1537 ὲν
2977 1481 3059 1555 τῷ
3107 1482 3288 1554 καιρῷ
3314 1484 3417 1554 τῆς
3438 1483 3680 1553 εἰρήνης,
3701 1482 3798 1535 τῶν

2239 1574 2298 1624 ὲν
2317 1571 2394 1642 τῷ
2424 1571 2603 1642 καιρῷ
2627 1571 2727 1642 τῆς
2754 1571 2928 1642 λύπης
2956 1571 3061 1625 ὑπὸ
3089 1571 3183 1625 τού
3213 1571 3446 1640 ἀδελφοῦ
3485 1571 3800 1642 λεχθέντων⁹

2241 1663 2342 1718 κάν
2369 1679 2429 1715 τε
2470 1662 2614 1716 κατά
2663 1662 2953 1732 πρόσωπον
2979 1662 3050 1716 τά
3099 1662 3323 1733 λυπηρά
3355 1661 3558 1734 ἐρρέθη
3577 1702 3592 1727 ,
3624 1663 3719 1716 κάν
3746 1679 3802 1717 τε

2242 1755 2380 1826 πρὸς
2407 1755 2564 1810 ἄλλον
2587 1755 2716 1826 περὶ
2747 1753 2866 1816 σού,
2895 1753 2991 1807 καὶ
3023 1752 3163 1824 μετά
3211 1751 3389 1806 ταῦτα
3431 1753 3667 1822 ἡκούσας
3689 1769 3702 1785 ·
3726 1753 3801 1805 ἴνα

557 1846 764 1901 veteris
813 1846 944 1900 rixa:
987 1859 1052 1900 ac
1104 1845 1319 1916 injuria:
1363 1845 1725 1916 cogitationes
1773 1843 2037 1911 admittis,
2072 1841 2140 1897 ad

2249 1847 2323 1919 μὴ
2353 1847 2461 1900 τῶν
2497 1847 2774 1917 λογισμῶν
2821 1845 2921 1915 τῆς
2956 1845 3323 1915 μνησικακίας
3368 1845 3710 1916 ἀνεχόμενος,
3733 1847 3801 1910 είς

558 1933 855 1987 exitiosum
891 1931 1078 1987 fratris
1107 1931 1293 1986 odium
1330 1931 1645 1986 revertaris.

629 2021 721 2076 55.
759 2021 880 2076 Non
924 2030 1110 2091 potest
1148 2021 1367 2076 animus
1419 2029 1579 2076 utens
1616 2021 1850 2087 ratione,
1897 2018 2144 2090 quandiu

561 2111 758 2167 secum
793 2113 990 2182 ipsein
1028 2114 1308 2172 hominem
1339 2113 1438 2167 alit
1462 2113 1649 2169 odium
1681 2129 1745 2167 ac
1769 2111 1990 2182 premit,
2017 2125 2144 2166 eum

559 2203 696 2266 Deo,
723 2205 818 2273 qui
847 2203 1000 2258 dedit
1031 2205 1373 2269 mandatum,
1395 2219 1584 2274 pacem
1611 2204 1816 2258 habere
1845 2220 1858 2254 :
1887 2200 1944 2256 Si
1971 2201 2141 2266 enim,

561 2295 763 2363 inquit,
792 2311 897 2349 non
935 2295 1238 2349 dimiseritis
1266 2295 1558 2348 hominibus
1595 2300 1808 2364 peccata
1831 2308 2033 2358 eorum,
2053 2307 2146 2345 nec

561 2385 730 2440 Pater
758 2393 924 2440 vester
945 2385 1164 2444 caelestis
1199 2387 1428 2439 dimittet
1461 2385 1602 2439 vobis
1627 2391 1840 2456 peccata
1877 2391 2050 2437 vestra
2078 2383 2143 2436 ".

565 2474 664 2530 Sin
687 2485 872 2530 autem
915 2477 1006 2532 ille
1046 2493 1237 2547 pacem
1266 2478 1406 2532 nolit
1444 2477 1644 2542 colere,
1684 2486 1740 2530 tu
1775 2476 1965 2531 saltem
1993 2483 2045 2530 te
2075 2475 2146 2529 ab

563 2566 694 2620 odio
725 2568 1024 2622 immunem
1065 2584 1245 2632 serva,
1264 2584 1394 2624 vere
1414 2584 1479 2622 ex
1505 2568 1688 2622 animo
1709 2583 1811 2638 pro
1835 2567 1930 2622 illo
1957 2581 2144 2631 orans,

562 2674 667 2715 nec
694 2659 838 2730 apud
887 2660 1056 2714 ullum
1090 2661 1138 2714 ei
1171 2661 1512 2715 obtrectans.

634 2835 724 2890 36.
757 2834 1087 2890 Sanctorum
1127 2833 1446 2903 angelorum
1477 2833 1628 2887 nulla
1651 2831 1944 2886 verborum
1969 2829 2022 2883 vi
2049 2844 2146 2884 ex-

567 2925 844 2996 plicabilis
879 2941 1006 2995 pax,
1044 2925 1252 2995 duplici
1285 2925 1392 2979 hoc
1428 2924 1630 2978 all‘ectu
1671 2923 1827 2976 firma
1862 2922 2143 2986 consistit;

565 3033 764 3088 nempe
791 3018 1084 3081 cbaritate,
1115 3033 1224 3087 qua
1250 3017 1448 3073 Deum.
1476 3025 1531 3070 et
1557 3031 1664 3086 qua
1701 3015 1806 3084 ipsi
1843 3015 1982 3069 alter
2014 3015 2149 3068 alte-

568 3121 691 3159 rum
738 3115 1174 3174 prosequuntur.
1217 3103 1486 3159 Similiter
1525 3119 1659 3159 vero
1700 3103 1866 3158 etiam
1898 3105 2145 3158 omnium

569 3205 888 3250 sanctorum
914 3196 1010 3265 qui
1039 3212 1067 3250 a
1093 3196 1292 3251 saeculo
1316 3195 1558 3249 fuerunt.
1577 3195 1956 3250 Pulcherrime
1981 3195 2146 3265 igitur
2176 3171 2218 3228 (ἶ

569 3301 635 3340 ac
657 3287 864 3356 optime
894 3287 1103 3341 dictum
1138 3286 1407 3341 Salvatori
1450 3294 1640 3339 nostro
1675 3294 1760 3340 est
1800 3304 1812 3339 :
1850 3286 1915 3340 In
1950 3287 2152 3340 duobus

572 3377 652 3430 his
688 3376 959 3430 mandatis
1008 3384 1118 3430 tota
1151 3375 1233 3429 [ex
1257 3376 1444 3446 pendet
1508 3384 1558 3428 et
1586 3375 1852 3446 praphetw
1878 3377 1942 3428 ¹¹.

637 3467 803 3541 449
832 3471 918 3525 57.
957 3471 1035 3524 Ne
1065 3470 1165 3524 tibi
1218 3468 1335 3537 ipse
1366 3468 1605 3538 placeas,
1656 3476 1712 3522 et
1747 3467 1974 3522 fratrem
2025 3467 2156 3522 odio

571 3575 680 3613 non
710 3559 939 3614 habebis
973 3577 985 3613 :
1015 3575 1118 3615 nec
1144 3567 1196 3613 te
1223 3560 1338 3630 ipse
1371 3575 1436 3612 ac
1475 3573 1699 3613 carnem
1736 3573 1904 3629 prave
1931 3575 2156 3614 amave-

572 3651 671 3716 ris,
708 3650 918 3720 Deique
949 3665 1142 3704 amans
1180 3665 1242 3705 ac
1266 3650 1559 3720 religiosus
1578 3649 1709 3703 eris.

640 3740 728 3796 58.
787 3740 1077 3811 Siquidem
1127 3756 1251 3796 cum
1311 3741 1662 3811 spiritalibus
1716 3741 1887 3795 vitam
1952 3740 2158 3796 ducere

573 3831 759 3888 animo
813 3835 1178 3889 constitutum
1215 3843 1335 3900 est,
1396 3849 1464 3889 ex
1518 3834 1654 3905 ipsis
1683 3833 1872 3888 statim
1919 3832 2155 3896 foribus,

575 3922 684 3978 tuis
710 3924 1092 3979 voluntatibus
1131 3924 1390 3979 nuntium
1425 3924 1665 3980 remitte.
1699 3923 1822 3978 Non
1859 3923 2010 3980 enim
2051 3923 2158 3977 ali-

573 4022 662 4069 ter
699 4012 816 4068 fieri
842 4013 1068 4084 poterit,
1115 4020 1179 4068 ut
1211 4014 1296 4069 vel
1340 4029 1465 4068 cum
1494 4014 1628 4079 Deo,
1659 4013 1745 4068 vel
1772 4027 1899 4068 cum
1931 4013 2038 4067 illis
2061 4028 2158 4083 pa-

573 4119 695 4160 cem
722 4104 947 4170 habeas,
985 4105 1318 4175 quibuscum
1354 4105 1482 4160 vita:
1505 4105 1829 4159 societatem
1862 4104 2078 4159 inieris.

652 4191 741 4246 59.
794 4192 895 4248 Cui
939 4193 1240 4263 perfectam
1291 4192 1538 4250 nancisci
1590 4193 1916 4247 cbaritatem
1967 4192 2156 4257 licuit,

580 4299 884 4352 omnesque
907 4284 1034 4338 vitae
1071 4300 1185 4339 suae
1213 4284 1457 4338 rationes
1478 4283 1547 4338 ad
1575 4299 1694 4338 eam
1721 4283 2050 4354 composuit,
2069 4283 2161 4338 hic

577 4373 772 4442 utique
819 4375 1110 4430 Dominum
1139 4374 1327 4430 Jesum
1369 4374 1426 4428 in
1460 4373 1672 4444 Spiritu
1696 4382 1888 4429 sancto
1927 4372 2063 4428 dicit
2092 4373 2157 4438 “;

577 4463 936 4530 vicissimque
967 4463 1267 4516 contraria.

648 4552 738 4606 40.
779 4551 909 4618 Quae
947 4551 1002 4605 in
1034 4552 1207 4606 Deum
1242 4551 1485 4605 Charitas
1521 4557 1626 4615 cst,
1667 4550 1736 4605 ad
1767 4549 1954 4604 divina
1983 4550 2158 4605 collo-

579 4641 709 4711 quia
750 4643 1046 4698 sublimem
1078 4657 1349 4712 propense
1400 4657 1620 4712 semper
1669 4644 1916 4697 animum
1975 4643 2156 4698 levat:

579 4748 702 4802 quae
726 4736 910 4788 autem
942 4733 1010 4787 ad
1053 4733 1366 4804 proximum
1407 4741 1514 4798 est,
1546 4732 1687 4787 bene
1721 4747 1938 4802 semper
1969 4732 2037 4788 de
2064 4734 2161 4788 illo

581 4823 717 4880 facit
749 4827 1014 4896 cogitare.

2241 1939 2304 1994 τὸ
2335 1937 2579 2009 ὀλέθριον
2615 1939 2770 2006 μῖσος
2795 1937 2892 1990 τοῦ
2935 1935 3164 2004 ἀδελφοῦ
3189 1935 3568 2005 ὑποστρέψῃς.

2313 2032 2406 2085 λε’.
2437 2030 2514 2083 υύ
2559 2029 2784 2083 δύναται
2826 2027 2973 2098 ψυχὴ
3007 2027 3203 2098 λογικὴ
3245 2027 3385 2098 πρὸς
3418 2026 3699 2097 ἄνθρωπον
3728 2029 3801 2096 μῖ-

2246 2141 2337 2187 σος
2389 2121 2682 2193 τρέφουσα,
2713 2120 2850 2192 πρὸς
2895 2119 2987 2171 τὸν
3023 2118 3156 2172 Θεὸν
3209 2118 3562 2190 είρηνεῦσαι,
3594 2119 3681 2172 τὸν
3707 2117 3802 2170 τῶν

2243 2213 2474 2269 ἐντολῶν
2505 2213 2709 2283 δοτῆρα
2731 2229 2746 2245 ο
2797 2210 2934 2266 Ἐὰν
2965 2210 3095 2280 γάρ,
3144 2211 3278 2281 φησὶ
3301 2251 3316 2275 ,
3344 2209 3434 2278 μὴ
3473 2210 3665 2280 ἀφῆτε
3695 2209 3802 2274 τοῖς

2243 2306 2578 2374 ἀνθρώποις
2622 2303 2695 2358 τὰ
2725 2301 3167 2373 παραπτώματα
3211 2301 3415 2356 αὐτῶν
3434 2342 3450 2363 .
3484 2302 3628 2357 οὐδὲ
3651 2305 3682 2356 ό
3705 2305 3805 2355 Πα-

2245 2397 2358 2466 τὴρ
2391 2395 2561 2466 ἡμῶν
2615 2399 2688 2451 οὺ
2738 2395 3020 2464 οὐράνιος
3072 2394 3482 2463 ἀφήσειὺμῖν
3526 2394 3599 2448 τὰ
3647 2409 3804 2462 παραυ

2245 2488 2525 2557 πτώματα
2551 2485 2740 2556 ὑμῶν.
2778 2487 2841 2538 El.
2880 2485 2938 2538 δὲ
2977 2487 3184 2547 ἐκεῖνος
3225 2484 3534 2554 εἰρηνεύειν
3561 2484 3621 2536 οὐ
3657 2483 3804 2543 θέλει,

2245 2577 2384 2632 ἀλλά
2421 2577 2484 2630 σύ
2523 2593 2586 2645 γε
2623 2575 2849 2630 σεαυτὸν
2880 2575 2989 2630 ἀπὸ
3030 2575 3219 2645 μίσους
3255 2574 3514 2643 φύλαξον,
3537 2573 3806 2644 προσευχό-

2251 2684 2407 2737 μενος
2442 2666 2583 2736 ύπὲρ
2614 2665 2778 2720 αὑτοῦ
2821 2665 3081 2736 γνησίως,
3116 2664 3212 2720 καὶ
3249 2663 3325 2736 μὴ
3374 2663 3684 2733 κακολογῶν
3719 2661 3806 2714 αύ-

2247 2759 2338 2812 τὸν
2373 2757 2508 2829 πρός
2545 2775 2688 2812 τινα.

2318 2849 2428 2915 λς’.
2474 2851 2538 2904 Ἦ
2575 2849 2684 2903 τῶν
2727 2850 2900 2918 ἁγίων
2969 2848 3220 2918 ἀγγέλων
3282 2848 3566 2920 ἄφραστος
3615 2846 3808 2916 εἰρήνη,

2247 2941 2367 3002 ταῖς
2401 2939 2521 2992 δυσὶ
2546 2939 2769 3002 ταύταις
2797 2939 3130 3010 κεκράτηται
3157 2924 3436 2991 διαθέσεσι
3465 2954 3480 2970 ο
3517 2939 3581 3007 τῇ
3607 2953 3662 2988 τε
3688 2934 3810 3004 πρὸς

2249 3030 2340 3086 τὸν
2377 3031 2530 3097 Θεὸν,
2570 3033 2665 3086 καὶ
2716 3034 2785 3102 τῇ
2844 3031 2982 3102 πρὸς
3029 3031 3294 3102 ἀλλήλους
3342 3031 3554 3102 ἀγάπῃ.
3603 3022 3810 3098 Ὁμοίως

2249 3122 2328 3187 δὲ,
2360 3124 2455 3177 καὶ
2509 3124 2727 3179 πάντων
2774 3123 2884 3176 τῶν
2931 3124 3026 3176 ἀπ’
3056 3122 3250 3185 αἰῶνος
3298 3121 3493 3190 ἁγίων.
3524 3119 3806 3189 Παγκάλως

2250 3211 2343 3267 οὖν
2371 3215 2586 3285 εἴρηται
2627 3216 2732 3268 ὑπὸ
2780 3215 2874 3266 τοῦ
2925 3214 3180 3284 Σωτῆρος
3215 3213 3397 3284 ἡμῶν,
3432 3215 3517 3266 ὅτι
3562 3214 3661 3267 Ἐν
3689 3210 3811 3264 ταύ-

2252 3323 2382 3372 ταις
2433 3305 2564 3372 ταῖς
2612 3305 2799 3360 δυσὶν
2844 3305 3120 3373 ἐντολαῖς
3156 3308 3189 3360 ό
3225 3305 3412 3374 νόμος
3458 3303 3599 3370 ὅλος
3647 3301 3738 3356 καὶ
3764 3300 3811 3352 oi

2255 3397 2554 3467 προφῆται
2581 3399 2920 3468 κρέμανται.

2327 3489 2426 3554 λζ’.
2467 3490 2559 3561 Μὴ
2617 3489 2709 3544 Εσο
2747 3489 3105 3559 αὑτάρεσκος,
3139 3487 3230 3540 καὶ
3277 3487 3378 3540 οὐκ
3427 3487 3525 3558 ἔσῃ
3578 3481 3812 3555 μισάδελ-

2257 3596 2386 3652 φος’
2419 3582 2513 3635 καὶ
2547 3580 2624 3651 μὴ
2653 3579 2744 3633 ἔσο
2773 3579 3047 3650 φίλαυτος,
3072 3579 3169 3632 καὶ
3196 3577 3296 3650 ἔσῃ
3331 3579 3595 3667 φιλόθεος.

2327 3747 2428 3820 λη’.
2470 3747 2865 3817 Πνευματικοῖς
2892 3745 3128 3814 συζῆσαι
3150 3743 3552 3816 προῃρημένος,
3587 3742 3690 3800 τοῖς
3715 3739 3812 3798 σοῖς

2259 3843 2559 3913 θελὴμασιν
2604 3841 2713 3894 ἀπὸ
2748 3835 2932 3912 Θυρῶν
2961 3839 3262 3905 ἀπόταξαιο
3305 3840 3366 3891 οὐ
3419 3839 3492 3908 μὴ
3520 3838 3622 3908 γὰρ
3662 3834 3814 3902 ἑτέρῳ

2257 3935 2447 4005 τρόπῳ
2476 3931 2791 4004 εἰρηνεῖωαι
2824 3931 3049 4004 δυνήσῃ,
3073 3929 3197 3984 οὔτε
3227 3929 3364 4001 πρὸς
3411 3930 3503 3982 τὸν
3531 3928 3678 3991 Θεὸν,
3705 3923 3812 3977 οὔτε

2261 4025 2396 4096 πρὸς
2425 4024 2550 4088 τοὺς
2581 4023 2877 4089 συζῶντας.

2327 4198 2430 4255 λύ’.
2482 4199 2543 4254 '0
2572 4197 2786 4253 τελείαν
2833 4197 3054 4268 ἀγάπην
3101 4196 3404 4266 κτήσασθαι
3452 4192 3708 4259 δυνηθεὶς,
3731 4188 3811 4241 καὶ

2259 4289 2380 4344 ὅλον
2431 4287 2523 4342 τὸν
2563 4287 2676 4358 βίον
2708 4286 2873 4340 αὐτοῦ
2895 4327 2912 4354 ,
2953 4286 3090 4358 πρὸς
3115 4285 3316 4354 ταύτην
3345 4284 3635 4356 ρυϐμίσας,
3673 4274 3807 4355 οὗτος

2259 4380 2407 4450 λέγει
2445 4378 2650 4449 Κύριον
2695 4377 2902 4448 Ἰησοῦν
2936 4379 2994 4430 ὲν
3016 4375 3474 4447 Πνεύματιάγίῳ.
3510 4374 3614 4427 Καὶ
3643 4373 3702 4424 ὲκ
3727 4363 3808 4420 τού

2191 4500 2236 4556 D
2264 4470 2529 4536 ἐναντίου,
2559 4469 2629 4523 τά
2654 4469 2871 4523 ἐναντία
2899 4468 3160 4538 δηλονότι.

2337 4568 2409 4632 μ’.
2460 4561 2528 4613 Ἦ
2561 4560 2661 4630 μὲν
2703 4559 2784 4623 είς
2832 4559 2964 4610 Θεὸν
2997 4557 3206 4627 ἀγάπη,
3260 4558 3340 4620 είς
3380 4555 3483 4627 τὴν
3519 4555 3662 4609 Θείαν
3704 4553 3806 4619 ὁμι·

2264 4651 2383 4705 λίαν
2417 4652 2504 4706 ἀεὶ
2531 4650 2676 4720 φιλεί
2713 4648 2993 4719 πτερῶσαι
3020 4647 3110 4700 τὸν
3144 4647 3300 4703 νοῦν·
3334 4649 3366 4717 ή
3389 4647 3447 4700 δὲ
3478 4648 3555 4709 εἰς
3579 4644 3663 4699 τὸν
3690 4640 3807 4707 πλη-

2269 4743 2404 4810 σίον,
2443 4744 2532 4795 ἀεὶ⁸
2552 4741 2697 4796 κὰλά
2719 4738 3026 4809 λογίζεσθαι
3055 4737 3186 4810 περὶ
3212 4737 3376 4792 αὑτοῦ
3410 4729 3806 4810 παρασκευάζει.

654 4989 676 5020 ⁸
709 4988 900 5043 Matth.
935 5004 1084 5054 xvm,
1118 4988 1206 5044 1-5.
1287 4989 1328 5021 ²⁰
1355 4988 1547 5043 Matth.
1578 5004 1652 5055 vr,
1682 4989 1767 5045 ιι.
1846 4991 1888 5023 ¹¹
1918 4990 2110 5046 Matth.
2145 5008 2150 5046 1

2249 5008 2276 5059 r,
2303 4989 2394 5048 40.
2472 4992 2514 5023 ¹¹
2543 4991 2564 5046 ι
2588 4989 2715 5046 Cor.
2739 5006 2834 5055 xu,
2859 4988 2914 5043 5.

657 5128 790 5197 (e-n)
819 5128 932 5200 Kal,
947 5127 1036 5200 μὴ
1059 5127 1456 5200 παραλογιζου
1495 5129 1749 5200 ταύτην.
1801 5128 1990 5196 Quasi,
2043 5133 2159 5200 ejus

587 5200 816 5268 rationes
856 5198 1036 5266 fallas.
1082 5199 1219 5252 Nota
1264 5198 1417 5252 vocis
1462 5198 1788 5268 significatio
1822 5215 1889 5254 ex
1919 5198 2076 5254 Budf
2107 5208 2163 5253 ct

588 5266 731 5329 aliis,
763 5277 1161 5338 auctorumque
1203 5268 1477 5337 frequenti
1519 5266 1650 5338 usu,
1687 5268 1741 5322 in
1781 5269 1848 5323 iis
1882 5269 1976 5338 qui
2012 5268 2163 5324 falsis

588 5337 1073 5406 supputationibus
1101 5353 1165 5392 ac
1203 5337 1533 5404 rationibus,
1575 5337 1784 5406 aliquid
1824 5339 2160 5403 subducere,

590 5405 728 5476 utin
750 5406 1129 5476 vectigalibus,
1152 5424 1215 5463 ac
1232 5407 1528 5472 similibus,
1553 5405 1825 5476 satagunt.
1852 5408 2001 5462 Nihil
2026 5409 2166 5462 bene

589 5473 792 5544 Obsop.
823 5482 880 5528 et
904 5473 1076 5529 'Gesn.
1109 5477 1176 5530 Et
1205 5493 1268 5530 ne
1307 5487 1611 5531 contemnas
1635 5475 1808 5531 illam.
1863 5477 1979 5531 Etsi
2011 5478 2160 5530 enim

589 5544 682 5616 hic
704 5545 1055 5616 conscientiae
1074 5556 1420 5616 contemptus
1438 5555 1542 5610 est,
1567 5556 1623 5601 at
1642 5546 2024 5614 explicandum
2036 5561 2162 5616 cum

592 5608 846 5686 Maximo,
873 5615 928 5667 in
952 5630 1192 5684 quonam
1215 5608 1309 5670 est-
1325 5608 1677 5686 contemptus
1699 5608 1728 5681 ς’
1754 5617 1808 5670 in
1835 5632 1901 5686 eo
1927 5615 2160 5686 scilicet,

594 5682 741 5760 quod
794 5687 918 5752 quis
970 5682 1127 5760 putet
1172 5686 1276 5760 sibi
1332 5682 1662 5760 consultum,
1713 5695 1774 5760 ut
1814 5685 1963 5760 illius
2012 5684 2165 5738 fallat

596 5754 858 5819 rationes,
927 5755 1084 5824 quasi
1131 5756 1216 5811 vel
1267 5754 1479 5809 nesciat
1510 5772 1631 5824 quae
1671 5756 1811 5809 mala
1862 5755 1998 5809 fiunt
2067 5763 2164 5808 aut

2261 5133 2414 5188 velut
2443 5127 2874 5202 praevaricatrix,
2912 5141 3035 5202 quae
3072 5124 3290 5202 noverit
3319 5122 3635 5202 possitunon
3668 5126 3807 5202 acet}-

2443 5185 2606 5266 ‘QUOd
2627 5206 2765 5263 erat,
2810 5185 2872 5250 ὲν
2909 5185 2986 5266 τῷ
3028 5195 3255 5266 κρυπτῷ
3285 5185 3378 5262 τῆς
3424 5190 3623 5254 ἐξόδου,
3668 5185 3810 5266 deco-

2265 5263 2554 5342 quuntq'ue
2581 5269 2675 5342 qui
2714 5283 2902 5342 supra,
2934 5263 3247 5342 necessario
3287 5269 3552 5342 mutatum
3591 5265 3800 5342 existing;

2265 5326 2323 5394 ἐν
2357 5339 2435 5410 τῷ
2465 5326 2687 5410 ’καιρῷ.
2718 5326 2812 5410 _Ut
2854 5326 2970 5410 vox_
3006 5332 3235 5410 κρυπτῴ
3277 5329 3582 5410 retinenda,
3628 5326 3804 5410 ditiis}

2268 5388 2883 5468 debitrissetqlll‘asimus,
2911 5405 3009 5473 τῆς
3036 5388 3294 5473 διανοζας,
3329 5401 3430 5473 vel
3457 5396 3584 5468 quid
3626 5388 3800 5473 simile,

2924 5454 3142 5546 potest.
3174 5454 3293 5536 Τῆς
3323 5454 3521 5535 ἐξόδου,
3557 5463 3734 5546 potius

2271 5549 2463 5618 ἄδηλον
2493 5556 2578 5602 est
2591 5563 2618 5618 _:
2637 5536 2869 5618 'Incerta
2901 5536 3081 5618 mortis
3109 5543 3239 5618 hora
3270 5549 3424 5608 atque
3437 5536 3801 5618 arcessas;

2271 5603 2524 5673 occultus
2553 5616 2678 5669 vitae
2709 5615 2913 5675 exitus,
2944 5612 3044 5669 sed
3075 5611 3234 5668 valde
3258 5603 3444 5676 notus,
3471 5617 3628 5676 quem
3660 5603 3801 5653 nemo

2270 5703 2383 5743 non
2410 5686 2520 5742 sibi
2550 5686 2755 5741 instare
2780 5683 2938 5738 sciat.
