4076 6404
329 371 464 437 105'!

1204 356 1544 421 CAPITUM
1583 353 1682 416 DE
1721 349 2155 412 CHARITATE
2193 349 2581 408 CENTUIllA
2623 349 2722 408 IV.
2824 375 2828 379 ·

3479 347 3494 410 i
3508 345 3610 408 053

409 483 521 550 μα’.
565 478 675 532 Τοῦ
707 478 788 531 ἔτι
836 476 992 542 δὸξαν
1035 472 1358 540 ἀγαπῶντος
1387 467 1573 537 κενὴν,
1601 465 1636 534 ἡ
1669 473 1774 516 τινί
1809 459 1918 513 τῶν
1949 466 1985 518 Α

2092 459 2182 512 41.
2219 458 2354 529 Ejus
2389 467 2476 512 est
2525 457 2621 526 qui
2665 455 2884 509 inanem
2925 455 3106 510 adhuc
3135 454 3367 526 gloriam
3403 453 3605 524 diligit,

333 575 536 632 ὐὶικῶν
569 570 908 642 πραγμάτων
939 563 1360 635 προσκειμένου,
1408 560 1526 612 ἐστὶ
1554 557 1616 610 τὸ
1661 554 1798 625 πρὸς
1831 553 1926 605 ἀν-

334 664 589 733 θρώπους
639 658 928 712 λυπεῖσθαι
975 656 1062 708 διὰ
1115 648 1518 722 πρόσκαιρα,ἢ
1564 645 1927 718 μνησικακεῖν

334 759 543 820 αὐτοῖς,
578 755 611 824 ἢ
652 756 805 822 μῖσος
838 751 979 820 ἔχειν
1015 746 1150 817 πρὸς
1181 743 1403 806 αὐτοὺς,
1433 740 1464 809 ἢ
1491 738 1771 807 λογισμοῖς
1809 735 1930 786 δου-

334 848 515 901 λεύειν
546 846 786 919 αἰσχροῖς
806 858 819 871 ·
850 841 947 910 τῆς
989 838 1047 892 δὲ
1078 833 1325 907 φιλοθέου
1363 831 1562 903 ψυχῆς,
1594 827 1766 881 ταῦτα
1797 826 1930 879 πάν·
1982 896 1990 902 _

335 957 406 992 τα
441 937 713 1005 ἀλλότρια.

415 1109 524 1180 μβ’.
569 1109 735 1161 Ὅταν
795 1106 958 1176 μηδὲν
1004 1105 1184 1175 εἴπῃς,
1250 1103 1384 1174 μηδὲ
1435 1099 1652 1173 πράξῃς
1705 1098 1932 1169 αἰσχρὸν

341 1203 491 1256 κατά
513 1201 773 1263 διάνοιαν,
804 1201 894 1252 καὶ
922 1199 1050 1250 ὅταν
1074 1195 1153 1268 τῷ
1195 1195 1538 1266 ζημιώσαντι
1563 1193 1596 1263 ἢ
1633 1191 1937 1261 κακολογή-

345 1309 503 1344 σαντι
534 1290 610 1361 μὴ
656 1289 1074 1361 μνησικακήσῃς
1096 1304 1107 1316 ·
1152 1289 1243 1340 καὶ
1268 1288 1396 1340 ὅταν
1427 1288 1485 1338 ἐν
1513 1287 1588 1357 τῷ
1616 1283 1793 1355 καιρῷ
1831 1283 1935 1352 τῆς

347 1379 662 1452 προσευχῆς
709 1379 870 1433 ἀῡλον
916 1378 1010 1430 καὶ
1064 1378 1301 1430 ἀνείδεον
1351 1376 1437 1430 ἀεὶ
1472 1376 1602 1446 ἔχῃς
1656 1375 1747 1428 τὸν
1786 1373 1934 1437 νοῦν,

347 1473 472 1524 τότε
506 1471 693 1538 γνῶθι,
727 1471 808 1523 ὅτι
833 1469 1073 1540 ἔφθασας
1112 1471 1192 1521 εἰς
1223 1468 1282 1520 τὸ
1315 1467 1514 1538 μέτρον
1539 1467 1641 1538 τῆς
1667 1464 1939 1528 ἀπαθείας

344 1564 449 1616 καὶ
475 1564 576 1632 τῆς
605 1562 814 1624 τελείας
839 1562 1080 1630 ἀγάπης.

429 1737 539 1810 μγῖ
583 1739 658 1792 Οὐ
715 1737 913 1810 μικρὸς
964 1735 1114 1804 ἀγὼν
1177 1735 1483 1802 κενώοξίας
1528 1735 1937 1806 ἀπαλλαγῆναι.

351 1829 754 1886 ἀπαλλάττεται
802 1829 860 1882 δέ
911 1844 1016 1891 τις,
1055 1827 1143 1880 διὰ
1196 1827 1440 1897 κρυπτῆς
1469 1826 1578 1880 τῶν
1613 1826 1822 1897 ἀρετῶν
1852 1829 1940 1896 ὲρ-

347 1925 576 1995 γασίας,
622 1923 716 1976 καὶ
754 1921 1087 1991 συχνοτέρας
1133 1918 1463 1989 προσευχῆς.
1496 1919 1726 1988 Σημεῖον
1753 1919 1811 1971 δὲ
1839 1919 1940 1989 τῆς

352 2016 698 2086 ἀπαλλαγῆς,
741 2014 800 2066 τὸ
853 2013 1050 2084 μηκέτι
1099 2011 1455 2082 μνησικακεῖν
1505 2006 1584 2064 τῶ
1637 2008 1942 2078 κακολογία-

349 2129 535 2180 σαντι,
558 2111 590 2181 ἢ
613 2107 1022 2176 κακολογοῦντι.

444 2301 549 2371 μδ’.
592 2301 655 2354 Εἰ
685 2299 866 2364 θέλεις
903 2296 1042 2352 εἶναι
1076 2297 1301 2362 δίκαιος,
1333 2297 1574 2368 ἀπόνεμε
1604 2297 1819 2367 ἑκάστῳ
1836 2295 1946 2369 τῶν

357 2395 421 2446 ὲν
453 2395 538 2446 σοὶ
579 2393 760 2464 μερῶν
794 2392 862 2444 τὰ
891 2391 1014 2444 κατ’
1036 2390 1193 2454 ἀξίαν
1215 2408 1225 2420 ο
1249 2391 1395 2461 ψυχῇ
1428 2390 1570 2458 λέγω
1595 2390 1687 2442 καὶ
1711 2388 1943 2460 σώματι.

355 2487 477 2539 Καὶ
507 2484 585 2555 τῷ
618 2484 717 2553 μὲν
741 2481 1031 2554 λογιστικῷ
1064 2482 1164 2549 τῆς
1195 2481 1396 2551 ψυχῆς.
1423 2479 1826 2550 ἀναγνώσματα
1851 2481 1946 2532 καὶ

352 2577 699 2648 θεωρήματα
745 2572 1110 2643 πνευματικὰ,
1157 2572 1252 2624 καὶ
1286 2574 1594 2642 προσευχήν
1615 2588 1628 2601 ’
1662 2570 1738 2642 τῷ
1765 2572 1821 2624 δὲ
1853 2572 1948 2625 θυ-

363 2670 538 2742 μικῴ,
569 2669 788 2738 ἀγάπην
841 2665 1242 2737 πνευματικὴν,
1278 2666 1378 2735 τὴν
1408 2663 1486 2734 τῷ
1520 2663 1668 2734 μίσει
1711 2667 1949 2718 ἀντικειο

357 2765 540 2834 ,μένην
559 2778 573 2792 ·
601 2761 678 2831 τῷ
712 2762 768 2815 δὲ
797 2759 1199 2830 ἐπιθυμητικῷ,
1247 2756 1601 2828 σωφροσύνην
1626 2757 1719 2810 καὶ
1745 2754 1949 2826 ἐγκρά-

358 2871 552 2908 τειανο
593 2852 670 2922 τῷ
705 2852 763 2904 δὲ
810 2850 1019 2921 σαρκίῳ
1041 2890 1056 2915 ,
1091 2848 1385 2920 διατροφὴν
1431 2848 1528 2902 καὶ
1567 2845 1948 2918 σκεπάσματα,

360 2947 441 2999 τὰ
470 2945 608 3017 μόνα
639 2942 1062 3012 ἀναγκαιότερα.
1536 2940 1540 2945 ’

2027 551 2115 604 vel
2149 561 2384 606 terrente
2419 549 2512 604 ulli
2545 548 2625 602 rei
2657 547 2909 602 addictus
2935 559 3041 611 est,
3067 556 3128 602 ut
3154 545 3225 602 ob
3251 555 3610 617 temporanea

2029 657 2157 712 erga
2185 641 2400 712 aliquos
2429 657 2574 711 aegro
2607 640 2793 694 animo
2833 640 2927 703 sit,
2952 648 3047 693 aut
3077 640 3134 693 in
3161 655 3258 694 eos
3281 640 3611 709 injnriarum

2030 747 2264 796 memor,
2295 733 2570 786 morosior
2590 730 2840 794 exsistat,
2863 730 2950 784 vel
2985 730 3112 785 odio
3136 732 3285 800 ipsos
3310 745 3614 799 prosequa-

2032 833 2142 887 tur,
2175 824 2262 877 vel
2307 822 2566 893 turpibus
2607 821 3038 892 cogitationibus
3071 820 3338 874 inserviat
3369 838 3380 872 :
3416 834 3612 873 verum

2033 921 2228 969 cuncta
2259 914 2376 968 haec
2413 913 2574 984 longe
2607 912 2790 967 aliena
2829 920 2960 966 sunt
3009 911 3078 965 ab
3131 911 3318 964 animo
3351 909 3613 979 religioso

2037 1028 2101 1066 ac
2132 1013 2226 1067 Dci
2255 1012 2494 1066 cultore.

2105 1102 2194 1156 42.
2239 1100 2376 1156 Cum
2435 1107 2617 1154 tecum
2684 1097 2803 1167 ipse
2863 1096 3048 1150 animo
3112 1095 3252 1149 nihil
3313 1103 3472 1163 turpe
3524 1101 3621 1147 aut

2035 1192 2242 1248 dixeris
2265 1201 2428 1247 autve
2461 1192 2667 1262 egeris,
2703 1205 2808 1244 nec
2844 1189 2897 1243 ei
2937 1188 3033 1258 qui
3090 1187 3232 1242 laesit
3262 1186 3496 1256 injuria,
3531 1187 3620 1239 vel

2037 1285 2194 1340 famae
2227 1283 2487 1348 detraxit,
2532 1299 2600 1337 eo
2626 1282 2851 1336 nomine
2893 1281 3032 1334 iram
3073 1278 3487 1341 reservaveris;
3533 1276 3620 1329 in-

2040 1383 2231 1445 terque
2261 1375 2598 1445 precandum
2654 1380 2897 1427 mentem
2942 1386 3161 1440 semper
3203 1370 3353 1423 nulla
3400 1377 3622 1422 terrena

2038 1466 2372 1536 cogitantem
2429 1463 2706 1532 nullisque
2747 1461 3019 1516 imbutam
3082 1458 3275 1513 formis
3321 1456 3621 1518 habueris,

2041 1565 2156 1611 tum
2191 1555 2414 1610 noveris
2452 1563 2769 1610 assecutum
2816 1561 2871 1607 te
2906 1567 3026 1606 esse
3073 1550 3298 1605 modum
3326 1551 3624 1618 impertur-

2041 1648 2282 1704 bationis
2314 1662 2379 1702 ac
2415 1645 2677 1716 perfectae
2700 1643 3008 1699 charitatis.

2116 1742 2206 1796 45.
2249 1741 2404 1795 llaud
2439 1739 2559 1794 leve
2609 1745 2893 1793 certamen
2927 1745 3032 1801 est,
3058 1744 3120 1790 ut
3165 1733 3234 1790 ab
3262 1733 3413 1789 inani
3447 1733 3626 1804 gloria

2056 1832 2334 1888 libereris.
2368 1830 2451 1885 Ab
2472 1844 2534 1884 ea
2561 1837 2744 1883 autem
2777 1827 3004 1882 liberari
3057 1833 3319 1896 praestant
3353 1826 3626 1879 virtutum

2041 1923 2311 1979 occultata
2324 1920 2649 1976 exercitatio
2675 1934 2738 1975 ac
2757 1920 2960 1977 cultus,
2977 1917 3339 1985 crebriorque
3373 1915 3439 1969 ad
3454 1916 3628 1970 Deum

2041 2016 2242 2071 oratio.
2275 2013 2504 2085 Signum
2539 2026 2670 2066 vero
2703 2011 2872 2064 animi
2897 2011 3012 2081 jam
3041 2008 3110 2063 ab
3142 2007 3472 2068 ealiberati,
3501 2019 3630 2060 cum

2043 2108 2194 2161 nulla
2256 2105 2536 2159 simultate
2601 2113 2855 2157 movetur
2894 2101 2951 2156 in
3006 2114 3134 2155 eum
3200 2098 3298 2168 qui
3357 2095 3628 2160 detraxit,

2043 2205 2204 2254 autve
2235 2195 2497 2251 detrahit.
2961 2241 2967 2245 .

2113 2288 2202 2342 44.
2237 2286 2295 2341 Si
2332 2285 2421 2339 vis
2443 2283 2787 2352 cssejustus,
2813 2277 3046 2349 singulis
3072 2277 3129 2330 in
3158 2284 3211 2331 te
3245 2273 3498 2344 partibus
3529 2271 3630 2325 tri-

2044 2381 2176 2446 bue,
2211 2378 2357 2450 quod
2385 2393 2454 2432 ex
2477 2374 2662 2429 meriti
2689 2373 2903 2428 ratione
2938 2378 2995 2426 et
3020 2368 3201 2424 cilicio
3235 2366 3338 2430 sit;
3369 2373 3482 2417 tum
3518 2363 3626 2417 sei-

2045 2473 2177 2528 licet
2210 2470 2425 2532 animae,
2463 2477 2578 2522 tum
2609 2463 2854 2533 corpori.
2886 2461 2964 2516 Ac
2984 2459 3208 2530 quidem
3240 2455 3385 2527 parti
3432 2454 3632 2508 anima:

2048 2579 2171 2634 quae
2192 2563 2408 2634 ratione
2433 2559 2590 2622 vivit,
2621 2556 2890 2612 lectiones
2931 2566 3203 2620 sensaque
3245 2547 3537 2618 spiritalia,
3579 2553 3638 2599 et

2049 2631 2246 2725 preces
2272 2671 2284 2706 :
2313 2631 2561 2706 facultati
2591 2657 2776 2703 autem
2823 2645 2938 2710 iraa,
2963 2643 3291 2698 cbaritatem
3327 2637 3636 2708 spiritalem

2049 2745 2178 2800 odio
2218 2741 2553 2798 contrariam
2591 2757 2605 2793 :
2639 2738 2784 2808 parti
2837 2749 2971 2790 vero
3021 2727 3462 2801 concupiscenti,
3499 2733 3640 2779 tem-

2050 2835 2360 2907 perantiam
2384 2841 2436 2888 et
2465 2829 2868 2887 continentiam
2899 2845 2912 2881 :
2945 2841 3010 2882 ac
3029 2825 3253 2879 demum
3281 2817 3638 2889 corpusculo,

2050 2945 2148 2985 eos
2168 2929 2434 2983 duntaxat
2454 2925 2610 2980 cibos
2633 2931 2691 2979 et
2726 2908 3124 2990 integumenta,
3149 2931 3274 2987 qua:
3297 2913 3505 2968 fuerint
3527 2926 3643 2964 ma-

2053 3021 2137 3093 gis
2178 3018 2512 3074 necessaria.

448 3131 551 3198 με⁹.
592 3125 751 3177 Κατὰ
769 3120 930 3190 φύσιν
961 3121 988 3173 ὁ
1012 3117 1136 3180 νοῦς
1167 3118 1380 3188 ἐνεργεῖ
1394 3115 1530 3189 (59),
1559 3115 1687 3169 ὅταν
1717 3115 1786 3170 τὰ
1810 3117 1958 3192 πάθη

2131 3113 2222 3167 45.
2269 3110 2428 3164 Tunc
2463 3123 2619 3162 mens
2647 3115 2710 3160 ut
2747 3105 2827 3160 illi
2868 3119 2936 3157 ex
2968 3109 3166 3157 natura
3195 3109 3299 3164 est,
3328 3097 3492 3170 550
3512 3115 3647 3168 ope-

371 3219 479 3291 ἔχῃ
512 3213 946 3284 ὑποτεταγμένα,
979 3210 1074 3264 καὶ
1103 3208 1229 3272 τοὺς
1266 3207 1458 3276 λόγους
1487 3207 1594 3261 τῶν
1623 3207 1792 3261 ὄντων
1821 3208 1958 3263 θεω-

375 3313 476 3381 ρῇ,
509 3308 601 3361 καὶ
637 3305 772 3376 πρὸς
797 3303 888 3356 τὸν
913 3301 1046 3355 Θεὸν
1069 3300 1253 3370 διάγῃ.

457 3407 574 3473 pg’.
617 3400 829 3467 Ὠσπερ
875 3392 1033 3462 ὑγεία
1073 3393 1167 3445 καὶ
1209 3390 1362 3451 νόσος
1391 3387 1526 3458 πρὸς
1546 3387 1608 3441 τὸ
1639 3388 1798 3458 σῶμα
1823 3388 1961 3443 θεω-

282 3486 289 3491 ’
371 3497 558 3567 ρεῖται
591 3491 682 3545 τοῦ
718 3490 879 3554 ζῶον,
907 3487 1002 3539 καὶ
1041 3484 1158 3553 φῶς
1203 3481 1306 3534 καὶ
1347 3480 1537 3544 σκότος
1575 3479 1711 3550 πρὸς
1747 3481 1838 3534 τὸν
1861 3481 1962 3550 οφ.

370 3585 621 3656 θαλμόν·
662 3581 834 3644 οὕτως
892 3576 1061 3650 ἀρετὴ
1111 3576 1206 3629 καὶ
1254 3572 1425 3626 κακία
1472 3571 1611 3643 πρὸς
1638 3573 1737 3644 τὴν
1760 3571 1960 3644 ψυχὴν,

379 3680 480 3734 καὶ
510 3677 710 3748 γνῶσις
739 3674 833 3727 καὶ
860 3668 1102 3740 ἀγνωσία
1143 3666 1281 3736 πρὸς
1312 3665 1402 3718 τὸν
1429 3664 1577 3718 νοῦν.

459 3773 568 3844 μζη
623 3770 710 3822 Ἐν
744 3768 856 3828 τοῖς
888 3764 1036 3835 τρισὶ
1077 3759 1288 3821 τούτοις
1332 3759 1361 3811 ὁ
1400 3757 1726 3828 Χριστιανὸς
1754 3756 1968 3826 φιλοσο-

381 3865 506 3932 φεῖ·
541 3862 603 3914 ὲν
651 3860 772 3922 ταῖς
820 3854 1083 3917 ἐντολαῖς,
1112 3851 1170 3904 ὲν
1217 3849 1332 3910 τοῖς
1376 3845 1636 3916 δόγμασι,
1669 3852 1765 3900 καὶ
1803 3847 1860 3899 ὲν
1897 3848 1966 3917 τῇ

383 3955 594 4008 πίστει.
623 3951 732 4004 Καὶ
755 3950 811 4002 αἱ
843 3946 940 4017 μὲν
971 3941 1206 4007 ἐντολαὶ,
1233 3937 1343 3992 τῶν
1371 3936 1562 3992 παθῶν
1592 3937 1684 3991 τὸν
1709 3935 1834 3991 νοῦν
1862 3953 1970 4007 χω-

386 4046 635 4117 ρίζουσι)
672 4042 744 4095 τὰ
780 4039 837 4093 δὲ
867 4038 1138 4107 δόγματα,
1169 4035 1251 4096 είς
1285 4031 1386 4101 τὴν
1423 4029 1626 4098 γνῶσιν
1664 4029 1773 4082 τῶν
1799 4027 1970 4082 ὄντων

387 4137 556 4189 αὑτὸν
593 4133 906 4201 εἰσάγουσιο
940 4130 975 4200 ἡ
1009 4126 1067 4180 δὲ
1111 4124 1316 4188 πίστις,
1349 4122 1430 4186 είς
1459 4120 1559 4192 τὴν
1601 4121 1835 4193 θεωρίαν
1872 4120 1972 4190 τῆς

388 4225 560 4295 ἁγίας
579 4223 830 4294 Τριάδος.

381 4382 384 4384 ,
473 4321 583 4386 μην.
619 4315 684 4368 Οί
717 4313 814 4383 μὲν
843 4311 952 4364 τῶν
970 4305 1411 4377 ἀγωνιζομένων,
1445 4301 1842 4373 ἀποκροῦονται
1875 4302 1975 4374 μό-

2059 3210 2240 3266 ratur,
2267 3215 2392 3254 cum
2419 3196 2686 3267 subjectis
2719 3195 2799 3249 illi
2826 3192 3142 3258 affectibus,
3186 3206 3371 3245 rerum
3401 3192 3650 3247 rationes

2059 3295 2401 3366 speculatur,
2425 3300 2482 3345 et
2505 3290 2573 3344 ad
2600 3291 2775 3344 Deum
2812 3286 3072 3342 traducit.

2131 3387 2220 3442 46.
2257 3381 2731 3452 Quemadmodum
2769 3380 2976 3434 sanitas
3017 3386 3074 3432 et
3108 3375 3399 3446 aegritudo,
3434 3375 3650 3430 ratione

2061 3477 2317 3533 animalis
2363 3473 2814 3535 considerantur,
2843 3471 3145 3539 lumenque
3167 3479 3224 3524 et
3255 3468 3524 3534 tenebrae,
3562 3483 3652 3521 ra-

2063 3569 2212 3623 tione
2255 3567 2402 3623 oculi
2435 3583 2448 3620 :
2488 3565 2571 3621 sic
2602 3564 2780 3618 virtus
2823 3571 2880 3617 et
2935 3562 3134 3616 vitium
3172 3561 3388 3614 ratione
3452 3559 3648 3624 animi,

2064 3659 2404 3729 scientiaque
2423 3665 2480 3712 et
2499 3656 2808 3728 ignorantia
2842 3654 3055 3708 ratione
3077 3653 3301 3706 mentis.

2139 3753 2229 3807 47.
2268 3751 2398 3806 Tria
2435 3749 2553 3804 haec
2580 3755 2711 3803 sunt
2758 3746 2814 3800 in
2841 3744 3047 3815 quibus
3091 3745 3260 3799 homo
3299 3741 3658 3798 Christianus

2067 3843 2523 3916 philosophatur;
2551 3839 2605 3893 in
2632 3837 2931 3901 mandatis,
2963 3836 3020 3889 in
3037 3834 3313 3906 dogmatis
3361 3841 3418 3888 et
3439 3834 3494 3886 in
3523 3832 3650 3886 tide.

2068 3938 2148 3993 Ac
2179 3934 2407 4006 quidem
2437 3933 2716 4002 dogmata,
2744 3930 2994 3984 animum
3015 3928 3084 3982 ab
3110 3926 3406 3981 aﬂ‘ectibus
3423 3941 3486 3979 ac
3507 3923 3657 3978 vitiis

2070 4035 2330 4098 separant
2363 4043 2376 4080 :
2411 4025 2668 4096 dogmata
2689 4037 2824 4077 vero
2855 4035 2952 4076 seu
2979 4020 3229 4084 decreta,
3259 4018 3315 4072 in
3351 4031 3537 4072 rerum
3562 4016 3652 4070 in-

2071 4122 2284 4180 ducunt
2312 4117 2607 4174 scientiam
2643 4132 2656 4168 :
2686 4114 2822 4169 ﬁdes
2853 4113 3116 4182 denique,
3157 4111 3212 4165 in
3240 4108 3658 4179 contemplatio-

2073 4227 2200 4266 nem
2231 4215 2440 4265 sanctae
2473 4203 2786 4261 Trinitatis.

2145 4299 2234 4355 48.
2269 4297 2374 4364 Qui
2408 4295 2711 4351 certamine
2743 4292 3071 4362 funguntur,
3120 4287 3216 4344 alii
3249 4286 3430 4342 solum
3461 4283 3658 4339 libidi-

389 4378 490 4461 νον
503 4378 628 4470 τοὺς
646 4378 911 4475 ὲμτταοεῖς
927 4397 1216 4470 λογισμούς
1235 4413 1248 4427 ·
1282 4397 1331 4450 οἱ
1361 4395 1418 4448 δὲ
1447 4395 1544 4449 καὶ
1564 4393 1709 4448 αὐτὰ
1736 4391 1805 4446 τά
1825 4393 1973 4465 πάθη

2075 4405 2244 4446 nosas
2274 4386 2642 4459 cogitationes
2679 4383 2991 4453 repellunt;
3036 4378 3133 4434 alii
3163 4393 3318 4443 vero,
3346 4378 3495 4446 ipsos
3522 4388 3662 4445 quo-

398 4459 813 4571 περικόπτουσι.
855 4494 966 4548 Καὶ
999 4459 1366 4562 ἀποκρούεται
1413 4488 1512 4557 μέν
1534 4504 1616 4562 τις
1640 4486 1764 4549 τοὺς
1795 4459 1977 4556 eum;

2081 4497 2189 4553 que
2211 4480 2441 4536 allectus
2483 4493 2549 4532 ac
2593 4475 2857 4531 libidines
2880 4478 3191 4542 amputant.
3219 4470 3298 4525 Ac
3326 4468 3550 4539 quidem
3575 4482 3664 4522 re-

396 4591 514 4655 θεῖς
558 4587 881 4658 λογισμούς·
935 4581 1066 4648 οἷον,
1114 4583 1148 4654 ἢ
1187 4579 1494 4652 «meo.
1531 4578 1565 4649 ἢ
1597 4576 1895 4650 προσευχῇ,
1939 4577 2020 4648 ἢκ

403 4678 764 4754 μετεωρισμῷ
814 4679 910 4750 (ο),
952 4677 984 4747 ἢ
1039 4675 1185 4743 ἄλλῳ
1210 4672 1320 4727 τινὶ
1347 4669 1558 4740 τοπικῷ
1579 4667 1970 4740 περισπασμῷ.

413 4773 708 4830 Ἐκκόπτει
760 4771 814 4824 δὲ
863 4771 932 4822 τὰ
983 4765 1153 4836 πάθη,
1187 4764 1294 4817 τῶν
1354 4761 1701 4832 πραγμάτων
1749 4758 1974 4813 ἐκείνων

399 4861 773 4935 περιφρονῶν,
803 4859 938 4930 πρὸς
972 4859 1113 4926 ειπερ
1143 4853 1280 4908 αὐτὰ
1311 4851 1597 4919 κέκτηται.

2081 4575 2237 4646 pellit
2282 4571 2482 4642 aliquis
2513 4567 2837 4625 libidinosas
2865 4565 3254 4636 cogitationes,
3281 4559 3438 4616 verbi
3462 4558 3658 4630 gratia,

2079 4676 2176 4722 aut
2204 4663 2563 4721 decantandis
2586 4659 2832 4731 psalmis,
2859 4666 2955 4712 aut
2984 4670 3214 4727 precum
3262 4651 3542 4715 instantia,
3565 4658 3663 4704 aut

2081 4756 2397 4812 sublimium
2450 4749 2891 4808 consideratione
2949 4763 3014 4802 ac
3049 4747 3104 4801 in
3154 4745 3238 4801 eis
3282 4744 3441 4815 quasi
3492 4741 3664 4796 animi

2081 4849 2425 4919 evagatione,
2486 4852 2582 4898 aut
2625 4842 2732 4896 alia
2785 4839 3022 4910 quadam
3055 4854 3124 4894 ex
3161 4838 3268 4893 loci
3325 4837 3539 4890 ratione
3604 4850 3669 4887 ac

405 4956 821 5017 circumstantia
845 4952 1226 5008 distractione.
1249 4946 1513 5016 Amputat
1546 4959 1681 4999 vero
1703 4943 1937 4998 aﬁ‘ectus
1972 4959 2035 4999 ac
2063 4945 2198 5000 vitia
2237 4960 2336 4999 seu
2378 4940 2663 5002 libidines,
2705 4950 2893 4991 rerum
2937 4934 3158 4989 illarum
3206 4935 3551 4996 contemptu,
3601 4925 3668 4978 ad

406 5070 551 5126 quas
588 5053 670 5108 sic
734 5048 935 5104 all‘ectu
996 5061 1061 5102 ac
1086 5043 1319 5126 libidine
1372 5049 1645 5095 movetur.

487 5144 778 5217 μθ’.’Πρὸς
830 5143 972 5212 ἅπερ
1012 5140 1082 5224 τὰ
1124 5137 1272 5207 πάθη
1311 5133 1630 5204 κεκτήμεθα
1661 5132 1986 5204 πράγματα,

407 5240 520 5294 εἰσὶ
550 5237 744 5301 ταῦτα,
780 5232 912 5297 οἷον,
939 5233 1098 5303 γυνὴ,
1122 5231 1404 5302 χρήματα,
1429 5227 1598 5297 δῶρα,
1627 5227 1722 5280 καὶ
1742 5225 1813 5279 τὰ
1838 5224 1985 5294 ἑξῆς.

489 5441 562 5514 (ο)
637 5441 706 5496 Ἢ
768 5433 1209 5514 μετςωρισμῷι-
1245 5431 1296 5514 ἣ⁹
1350 5430 1520 5494 ἄλλῳ
1582 5425 1992 5514 τιν-ζητοπιφςςῖ)

412 5497 831 5582 περισπασμὲῤ.
879 5497 1128 5582 Videtur
1161 5497 1436 5582 Maximus
1477 5499 1634 5582 quasi
1680 5497 1841 5582 aliam
1888 5498 1993 5576 alia

415 5567 554 5640 voce
596 5567 897 5651 explicare.
954 5577 1055 5651 llic
1086 5567 1624 5651 -9-813-0lpl6pr—iui
1688 5569 1778 5651 sit,
1833 5567 1993 5651 quasi

418 5636 588 5708 animi
633 5636 884 5705 avocatio
919 5648 985 5702 ad
1017 5636 1410 5700 sublimia'seu
1437 5654 1601 5693 aerea
1635 5638 1721 5692 vel
1749 5636 1995 5691 ccelestia

417 5720 729 5804 cogitanda,
776 5719 926 5772 velut
967 5717 1021 5769 in
1067 5717 1150 5769 eis
1179 5710 1502 5795 .evagando;
1553 5722 1996 5804 suspensmnqae

416 5779 591 5851 animi
627 5779 769 5856 esse,
802 5803 909 5858 qua
941 5779 1316 5856 suspensione"
1344 5781 1563 5834 animus
1597 5793 1710 5832 non
1757 5779 1891 5833 satis
1912 5784 1994 5830 at-

2169 5130 2260 5184 49.
2303 5127 2413 5184 Res
2453 5127 2511 5181 in
2552 5138 2691 5194 quas
2740 5121 2943 5177 all‘ectu
2987 5134 3050 5174 ac
3088 5116 3322 5171 libidine
3361 5129 3672 5180 movemur,

2097 5223 2216 5277 haec
2245 5229 2396 5285 sunt,
2421 5217 2710 5280 nimirum,
2754 5215 2973 5280 mulier,
3013 5211 3281 5282 pecuniae,
3327 5223 3581 5275 munera,
3612 5225 3676 5264 ac

2094 5424 2308 5489 tendat,
2327 5439 2391 5478 ac
2414 5421 2634 5477 vitiosis
2661 5417 3094 5489 cogitationibus
3121 5416 3387 5489 inhzereat
3415 5430 3428 5466 :
3451 5411 3675 5475 τοπικὸς

2094 5487 2504 5565 περισπασμὸς,
2551 5487 2840 5565 distractio
2878 5489 3168 5565 inanisque
3208 5487 3411 5542 mentis
3442 5497 3678 5565 occupa-

2094 5551 2183 5620 tio.
2225 5566 2306 5621 sic
2351 5551 2418 5619 ex
2463 5551 2579 5617 loci
2630 5559 2921 5615 occasione
2971 5551 3550 5612 aut-circumstantia.
3600 5551 3677 5605 De

2093 5635 2268 5705 priori
2304 5633 2589 5705 vocevide
2625 5630 2804 5705 S_l_1id._,
2848 5629 3008 5705 liud”
3035 5636 3141 5681 etc.
3177 5621 3566 5694 Μετεωρισμδς
3592 5635 3679 5676 sa-

2096 5699 2206 5761 cris
2241 5703 2585 5769 auctoribus,
2618 5701 2756 5756 nihil
2787 5701 2842 5754 in
2870 5699 3076 5754 bonum
3104 5706 3289 5751 sonat.
