4076 6432
569 337 705 404 1059

1760 338 1821 398 S.
1863 334 2149 398 ΜΑΧΙΜΙ
2188 332 2697 396 CONFESSORIS

3656 343 3768 412 Ῑθθθ

564 453 797 521 reliqua.
828 449 905 505 Ac
930 448 1155 519 quidem
1187 447 1478 505 mulierem
1513 448 1637 519 quis
1657 460 2012 504 contemnere
2037 462 2130 519 po-

2242 447 2353 500 Katl.
2384 447 2483 516 τῆς
2510 448 2608 518 μὲν
2633 445 2910 515 γυναικὸς,
2940 444 3060 498 τότε
3081 444 3302 499 δύναταί
3332 464 3411 512 τις
3445 442 3768 525 περιφρονεῖν,

564 547 714 610 terit,
746 561 871 600 cum
910 554 966 599 et
1012 553 1139 621 post
1181 545 1554 599 secessionem
1585 544 1824 614 vitaeque
1878 543 2141 599 solitariae

561 647 778 709 captata
797 637 1035 703 silentia,
1062 637 1230 691 etiam
1263 652 1486 707 corpus,
1522 644 1581 692 ut
1606 652 1704 706 par
1732 646 1836 701 est,
1871 652 1972 706 per
2003 650 2139 690 con-

566 730 856 785 tinentiam
889 727 1267 797 severiorique
1319 728 1615 798 disciplina
1652 736 1936 783 macerat:
1971 742 2142 797 pecu-

562 822 683 875 nias
713 835 869 883 vero,
914 834 1042 874 cum
1076 819 1356 874 induxerit
1382 820 1627 874 animum
1672 829 1733 875 ut
1782 819 1837 873 in
1882 816 2140 873 omnibus

564 920 859 966 contentus
909 910 981 966 sit
1038 926 1106 965 eo
1137 911 1284 980 quod
1319 911 1553 967 sulliciat
1582 930 1596 965 ε
1629 913 1870 981 itemque
1910 910 2140 981 gloriam

564 1019 690 1057 cum
728 1004 785 1057 in
827 1003 1044 1058 occulto
1076 1002 1256 1057 libens
1284 1002 1558 1056 virtutum
1594 1017 1760 1071 Opera
1791 1001 2046 1071 gesserit,
2077 1015 2142 1055 ac

565 1096 668 1150 sub
697 1096 809 1149 Deo
840 1094 959 1148 solo
1010 1102 1168 1159 teste,
1220 1094 1568 1163 perindeque
1603 1093 1661 1148 in
1695 1093 1840 1148 aliis.
1898 1092 2003 1159 Qui
2037 1107 2140 1146 au-

567 1196 678 1241 tem
718 1187 834 1242 haec
854 1185 1263 1248 contemnit,_is
1291 1186 1571 1241 neminem
1602 1201 1846 1255 unquam
1874 1185 2004 1240 odio
2038 1185 2139 1239 ha-

490 1311 500 1320 -
565 1279 770 1335 buerit.

637 1371 724 1426 50.
760 1371 865 1436 Qui
897 1371 1064 1426 rebus
1111 1371 1371 1425 nuntium
1421 1370 1670 1437 remisit,
1705 1383 1903 1439 nempe
1931 1367 2090 1422 uxori
2122 1406 2137 1432 ,
2176 1388 2185 1399 ·

564 1465 818 1536 pecuniis
842 1480 907 1520 ac
932 1463 1179 1534 reliquis,
1211 1479 1360 1527 eum,
1384 1463 1480 1532 qui
1515 1462 1652 1517 foris
1678 1470 1783 1526 est,
1810 1460 2091 1516 hominem
2120 1500 2135 1524 ,

565 1558 894 1612 monachum
945 1554 1073 1610 fecit
1109 1573 1121 1608 :
1155 1556 1399 1609 nondum
1450 1571 1582 1609 vero
1616 1555 1819 1617 etiam,
1851 1568 2003 1616 eum,
2041 1550 2139 1621 qui

564 1658 649 1703 est
678 1651 848 1703 intus.
879 1647 984 1714 Qui
1018 1655 1200 1701 autem
1238 1646 1452 1700 vitiosis
1489 1661 1556 1701 ac
1593 1643 1909 1699 libidinosis
1941 1644 2141 1698 borum

564 1739 916 1810 cogitatibus,
954 1740 1131 1807 ipsum
1163 1737 1260 1807 qui
1312 1747 1398 1792 est
1426 1738 1601 1802 intus,
1650 1737 1707 1791 id
1735 1745 1841 1801 est,
1871 1744 2135 1792 mentem.

2238 539 2325 593 ὅτε
2366 538 2461 592 καὶ
2493 539 2634 608 μετὰ
2654 538 2752 609 τὴν
2782 535 3147 610 ἀναχώρησιν,
3169 539 3261 592 καὶ
3285 539 3342 591 τὸ
3379 540 3528 610 σῶμα
3545 543 3611 607 ὡς
3630 545 3699 599 δεῖ
3716 548 3771 604 δι’

2238 632 2566 703 ἐγκρατείας
2608 632 2860 704 μαραίνει
2883 649 2896 662 ⁸
2926 631 3034 685 τῶν
3061 632 3118 685 δὲ
3142 632 3454 703 χρημάτων,
3489 636 3574 690 ὅτε
3606 640 3760 695 πείθει

2237 725 2329 778 τὸν
2355 724 2611 794 λογισμὸν
2655 725 2714 776 ἐν
2756 723 2919 776 παντὶ
2946 725 3010 793 τῇ
3037 723 3340 795 αὐταρκείᾳ
3371 726 3637 797 στοιχῆσαι
3659 746 3669 757 ·
3689 735 3772 800 τῆς

2238 815 2295 869 δὲ
2336 816 2516 886 δόξης,
2546 815 2635 868 ὅτε
2668 814 2768 887 τὴν
2812 816 3059 887 κρυπτὴν
3130 816 3405 885 ἀγαπήσει
3444 816 3546 870 τῶν
3591 821 3775 890 ἀρετῶν

2241 908 2524 978 ἐργασίαν,
2566 906 2660 960 καὶ
2694 905 2812 976 Θεῷ
2858 907 3192 978 φαινομένην
3236 907 3405 977 μόνῳ*
3441 909 3534 962 καὶ
3568 911 3653 963 ἐπὶ
3682 913 3777 966 τῶν

2240 998 2415 1053 ἄλλων
2455 997 2716 1061 ὡσαύτως
2737 1013 2751 1027 ο
2790 999 2818 1050 6
2850 998 2908 1050 δὲ
2940 997 3145 1052 τούτων
3180 998 3538 1071 περιφρονῶν,
3564 1001 3671 1054 οὐδὲ
3709 1004 3777 1067 είς

2243 1090 2398 1162 μῖσός
2430 1107 2574 1155 τινος
2601 1089 2817 1162 ἔρχεταί
2858 1105 2988 1143 ποτε

2317 1391 2379 1439 ν’.
2435 1384 2493 1437 '0
2523 1383 2621 1454 μὲν
2641 1384 2754 1445 τοῖς
2776 1380 3096 1453 πράγμασιν
3143 1378 3569 1451 ἀποταξάμενος,
3599 1376 3699 1435 οἷον
3722 1385 3776 1454 τῇ

2242 1480 2465 1546 γυναικὶ
2512 1480 2609 1530 καὶ
2649 1478 2762 1538 τοῖς
2809 1474 3078 1544 χρήμασι,
3121 1474 3216 1527 καὶ
3256 1476 3368 1536 τοῖς
3404 1471 3557 1543 ἐξῆς,
3582 1474 3667 1526 τὸν
3691 1473 3781 1540 ἔξω

2241 1570 2526 1641 ἄνθρωπον
2557 1569 2778 1640 ἐποίησε
2822 1566 3081 1638 μοναχόν·
3114 1565 3269 1620 οὔπω
3325 1564 3385 1617 δὲ
3415 1567 3505 1618 καὶ
3546 1564 3632 1618 τὸν
3669 1564 3778 1620 ἔσω.

2255 1661 2313 1715 Ὀ
2355 1660 2414 1714 δὲ
2459 1663 2569 1724 τοῖς
2598 1660 2801 1713 τούτων
2851 1658 3123 1728 ἐμπαθέσι
3168 1658 3421 1727 νοήμασι.
3455 1656 3545 1709 τὸν
3578 1656 3679 1709 ἔσω
3702 1655 3781 1709 ἄν·

2244 1751 2481 1824 θρωπον,
2523 1753 2551 1807 6
2588 1754 2737 1806 ἐστιν
2763 1752 2797 1805 6
2820 1750 2965 1813 νοῦς.
2996 1751 3103 1803 Καὶ
3120 1751 3210 1802 τὸν
3248 1748 3348 1820 μὲν
3373 1747 3476 1812 ἔξω
3501 1748 3776 1818 ἄνθρωπον,

562 1832 641 1886 Ac
671 1830 893 1898 quidem
928 1828 1257 1883 exteriorem
1287 1829 1567 1884 hominem
1612 1828 1770 1883 facile
1794 1829 1919 1898 quis
1943 1844 2130 1883 mona-

2242 1818 2479 1908 e6x6).w;
2507 1861 2591 1906 τις
2623 1846 2765 1901 ποιεῖ
2823 1840 3076 1912 μοναχὸν,
3113 1818 3272 1911 μόνον
3315 1838 3413 1893 ἐὰν
3445 1839 3670 1911 θελήσῃ·
3696 1839 3781 1894 οὐκ

568 1922 736 1983 chum
789 1920 940 1984 facit,
985 1921 1116 1975 dum
1149 1921 1327 1975 solum
1360 1921 1634 1988 voluerit;
1674 1930 1735 1976 ut
1776 1931 1960 1977 autem
1992 1920 2126 1975 inte-

569 2011 771 2065 riorem
801 2010 1133 2065 monachum
1160 2010 1351 2075 facias,
1376 2026 1463 2067 res
1499 2010 1676 2065 ardua
1702 2018 1862 2066 estet
1887 2009 1944 2063 in
1967 2025 2135 2079 quam

563 2103 739 2158 multo
768 2112 966 2167 conatu
1001 2101 1253 2158 enitaris.

635 2193 724 2247 5!.
757 2191 890 2258 Quis
924 2208 1056 2263 ergo
1093 2192 1150 2246 in
1180 2193 1283 2248 hac
1310 2201 1471 2264 aetate
1504 2199 1613 2258 est,
1639 2192 1736 2262 qui
1761 2206 1794 2246 a
1817 2190 2136 2247 libidinosis

569 2298 636 2338 ac
663 2283 880 2337 vitiosis
912 2282 1341 2352 cogitationibus
1370 2299 1600 2353 prorsus
1623 2283 1891 2337 liberatus
1921 2283 2013 2347 sit,
2037 2298 2138 2351 pu-

571 2389 799 2444 ramque
832 2373 981 2428 illam
1022 2390 1124 2429 nec
1166 2374 1324 2445 45],
1353 2375 1555 2429 terreni
1586 2374 1888 2444 quidquam
1927 2374 2137 2429 haben-

572 2476 680 2521 tem
727 2474 921 2522 nactus
970 2467 1276 2521 orationem
1310 2484 1323 2520 :
1358 2466 1505 2537 quod
1558 2466 1841 2522 interioris
1881 2465 2135 2521 monachi

563 2560 783 2631 signum
805 2560 1060 2615 exsistit?

632 2653 723 2707 52.
755 2653 913 2707 Multi
940 2652 1174 2707 all‘ectus
1199 2669 1262 2708 ac
1291 2653 1425 2708 vitia
1453 2655 1509 2707 in
1537 2652 1740 2708 animis
1769 2652 1976 2709 nostris
2006 2652 2128 2707 lali-

563 2752 701 2810 tant,
728 2753 970 2815 tuncque
1011 2745 1342 2816 produntur,
1374 2761 1499 2802 cum
1525 2761 1629 2802 res
1646 2754 1946 2816 prasentes
1967 2747 2129 2801 exsti-

565 2839 737 2893 terint
760 2854 825 2893 ac
852 2838 1207 2893 emerserint.

628 2932 719 2986 53.
742 2933 932 2987 Potest
964 2932 1108 3001 quis,
1141 2940 1279 2995 tum,
1312 2947 1436 2987 eum
1473 2948 1562 2988 res
1609 2934 1833 2998 absunt,
1877 2949 1991 2988 non
2018 2948 2136 2988 mo-

559 3023 675 3080 veri
712 3022 1003 3077 aﬂ‘ectibus
1040 3038 1306 3077 eorumve
1340 3026 1452 3093 pati
1496 3025 1849 3091 molestiam;
1899 3041 2023 3095 qua:
2049 3034 2135 3082 est

2240 1937 2422 2007 ὀλίγος
2450 1936 2507 1990 δὲ
2531 1935 2700 2006 ἀγὼν,
2736 1935 2828 1990 τὸν
2853 1935 2960 1988 ἔσω
2993 1934 3281 2007 ἄνθρωπον
3300 1933 3523 2001 ποιῆσαι
3557 1930 3779 2001 μοναχόν.

2309 2204 2410 2252 να’.
2451 2197 2547 2262 Τίς
2583 2197 2693 2268 ἄρα
2720 2195 2865 2250 ἐστ’ὶν
2893 2197 2952 2249 ἐν
2972 2198 3037 2266 τῇ
3066 2196 3229 2267 γενεᾷ
3252 2194 3449 2266 ταῦτῃ,
3472 2193 3500 2247 6
3529 2192 3785 2246 παντάπαο

2245 2302 2327 2339 σιν
2354 2286 2689 2353 ἀπαλλαγεὶς
2727 2284 2992 2356 ἐμπαθῶν
3019 2284 3328 2354 νοημάτων,
3377 2281 3473 2336 καὶ
3512 2282 3609 2352 τῆς
3636 2277 3813 2334 καθα-.

2246 2378 2345 2451 ρᾶς
2397 2378 2491 2431 καὶ
2535 2377 2701 2431 ἀΰλου
2744 2375 3103 2440 καταξιωθεὶς
3143 2374 3489 2447 προσευχῆς·
3522 2374 3653 2442 ὅπερ
3685 2368 3785 2423 ἐστὶ

2243 2474 2472 2541 σημεῖον
2497 2468 2591 2524 τοῦ
2623 2469 2769 2524 ἔνδον
2798 2466 3030 2541 μοναχοῢ
3054 2486 3072 2534 ;

2310 2643 2410 2714 νβ’.
2446 2642 2629 2699 Πολλά
2680 2644 2827 2715 πάθη
2873 2645 2930 2698 ἐν
2979 2644 3100 2707 ταῖς
3147 2641 3347 2713 ψυχαῖς
3403 2639 3558 2713 ἡμῶν
3610 2636 3788 2709 κέκρυο

2241 2753 2373 2791 πται
2405 2734 2550 2809 (40)·
2577 2736 2697 2789 τότε
2749 2734 2805 2788 δὲ
2860 2732 3192 2805 ἐλέγχονται,
3226 2732 3356 2785 ὅταν
3402 2731 3469 2785 τά
3516 2729 3786 2801 πράγματα

2239 2826 2638 2896 ἀναφαίνωντα.

2311 2926 2411 2990 νγ’.
2450 2918 2683 2972 Δύναταί
2716 2935 2798 2981 τις
2833 2916 2910 2989 μὴ
2940 2916 3214 2988 ὀχλεῖσθαι
3249 2914 3355 2970 ὑπὸ
3416 2913 3605 2991 παθῶν
3646 2913 3700 2967 ἐν
3731 2914 3787 2983 τῇ

2238 3010 2345 3065 τῶν
2374 3009 2714 3082 πραγμάτων
2736 3008 2994 3081 ἀπουσίᾳ,
3034 3011 3266 3080 μερικῆς
3295 3006 3478 3079 τυχὼν
3508 3004 3787 3067 ἀπαθείας·

558 3130 690 3184 pars
709 3113 956 3183 quaedam
987 3113 1516 3182 imperturbationis,
1549 3116 1829 3185 animique
1861 3118 2130 3186 tranquil-

2240 3102 2337 3156 ἐάν
2368 3102 2426 3156 δὲ
2458 3101 2775 3168 ἀναφανῶσι
2800 3101 2871 3155 τὰ
2900 3101 3221 3173 πράγματα,
3260 3100 3425 3164 εὐθὺς
3454 3100 3523 3154 τὰ
3550 3097 3689 3167 πάθη
3710 3095 3791 3149 τὸν

558 3207 718 3262 liorts
749 3211 927 3260 status
990 3204 1109 3276 (τῆς
1161 3205 1449 3276 ἀπαθείας)
1497 3222 1624 3262 mox
1680 3216 1865 3263 autem
1912 3224 1977 3263 ac
2026 3209 2133 3266 illa:

558 3297 910 3360 emerserint,
955 3298 1219 3353 continuo
1252 3299 1483 3354 allectus
1506 3313 1571 3354 ac
1596 3300 1858 3357 libidines
1886 3301 2131 3357 animum

557 3390 891 3445 distrahunt.

626 3485 714 3541 54.
753 3485 833 3539 Ne
864 3493 913 3539 te
946 3484 1246 3555 perfectam
1274 3485 1546 3556 ejusmodi
1579 3486 2131 3556 imperturbationem

554 3585 776 3632 nactum
796 3585 976 3647 putes,
1016 3577 1261 3648 quandiu
1283 3593 1372 3632 res
1421 3577 1598 3632 abest.
1639 3577 1777 3633 Cum
1808 3586 1992 3633 autem
2035 3579 2131 3634 illa

554 3669 841 3723 emerserit
866 3707 880 3732 ,
927 3683 992 3723 ac
1023 3683 1152 3738 erga
1205 3683 1323 3722 rem
1355 3669 1586 3739 ejusque
1624 3668 1889 3739 deinceps
1914 3683 2128 3725 memo-

556 3758 694 3812 riam
745 3757 1005 3812 immotus
1049 3758 1352 3823 manseris,
1390 3766 1526 3814 tunc
1556 3753 1700 3815 scias
1732 3759 1852 3830 ejus
1883 3767 1936 3814 te
1988 3759 2129 3815 ﬁnes

554 3847 862 3919 ingressum
891 3863 1033 3904 esse.
1065 3849 1273 3904 Verum
1294 3862 1399 3904 nec
1420 3849 1500 3906 sic
1524 3849 1751 3919 quidem
1782 3857 2130 3918 contempse-

553 3939 630 3995 ris
664 3959 677 3993 :
709 3955 835 3994 nam
862 3940 1007 3996 sicut
1037 3940 1217 3996 virtus
1253 3940 1351 3996 diu
1380 3956 1605 3996 morans
1629 3940 1862 3997 allectus
1884 3940 2128 4011 vitiaque

550 4030 879 4102 exstinguit;
931 4032 1013 4087 sie
1048 4047 1244 4087 rursus
1275 4032 1554 4103 neglecta,
1618 4032 1721 4087 illa.
1741 4032 2045 4089 exsuscitat
2070 4040 2127 4088 et

549 4132 611 4180 ut
631 4123 816 4178 denuo
830 4124 1069 4195 vigeant,
1098 4124 1248 4181 facit.
1522 4180 1523 4183 η
1964 4190 1967 4193 _

619 4215 707 4270 55.
761 4215 864 4281 Qui
906 4214 1189 4270 Christum
1215 4214 1419 4286 diligit,
1458 4214 1685 4271 omnino
1718 4215 1882 4271 etiam
1911 4232 2012 4287 pro
2040 4216 2124 4272 vi-

547 4306 636 4360 rili
659 4321 787 4360 eum
814 4306 1080 4361 imitatur.
1113 4306 1186 4362 Ut
1215 4307 1319 4361 sub
1340 4308 1594 4376 exemplo
1621 4308 1838 4376 loquar,
1862 4310 1981 4363 Non
2006 4325 2126 4365 ces-

547 4398 687 4452 savit
714 4397 998 4453 beneficiis
1028 4397 1282 4452 homines
1310 4397 1588 4453 demereri
1626 4416 1642 4452 :
1689 4414 1754 4453 ac
1784 4415 1910 4454 cum
1941 4400 2124 4471 ingra-

2238 3193 2365 3248 νοῦν
2399 3192 2734 3266 περισπῶσι.

2301 3484 2394 3537 νδ¹.
2436 3482 2530 3553 Μὴ
2561 3480 2749 3551 νόμιζε
2782 3479 2996 3537 τελείαν
3024 3481 3169 3552 ἐχειν
3192 3480 3491 3545 ἀπάθειαν,
3515 3477 3610 3532 τοῦ
3635 3492 3792 3551 πραγ-

2234 3590 2401 3643 ματος
2442 3572 2517 3645 μὴ
2571 3572 2861 3644 παρόντος.
2895 3572 3065 3628 Ὅταν
3096 3571 3151 3635 δὲ
3175 3573 3342 3642 φανῇ,
3369 3572 3467 3627 καὶ
3495 3569 3660 3641 μένῃς
3686 3565 3793 3621 ἀκίσ

2229 3681 2409 3734 νητος,
2441 3664 2578 3735 πρός
2610 3680 2669 3717 τε
2692 3662 2753 3716 τὸ
2784 3665 3039 3734 πρᾶγμα,
3070 3664 3162 3716 καὶ
3180 3662 3279 3733 τὴν
3308 3662 3452 3732 μετὰ
3472 3659 3643 3714 ταῦτα
3673 3656 3794 3728 μνή-

2208 3776 2339 3829 μην
2395 3757 2586 3822 αὐτοῦ,
2638 3758 2760 3812 τότε
2803 3758 2975 3826 γνῶθι
3031 3758 3259 3812 σεαυτὸν
3290 3758 3403 3812 τῶν
3445 3759 3588 3829 ὅρων
3636 3753 3792 3823 αὐτῆς

2224 3849 2633 3920 ἐπιϐεϐηκέναι.
2665 3849 2810 3921 Πλὴν
2840 3849 2978 3921 μηδέ
3026 3848 3171 3904 οὕτω
3198 3852 3643 3923 καταφρονήσῃς,
3671 3846 3794 3900 διότι

2225 3941 2394 4013 ἀρετὴ
2432 3943 2528 4011 μὲν
2556 3940 2902 4012 χρονίζουσα,
2929 3944 3115 4013 νεκροί
3138 3941 3207 3997 τὰ
3243 3943 3393 4015 πάθη
3411 3961 3426 3975 ’
3459 3939 3791 4015 ἀμελουμένη

2223 4032 2303 4097 δὲ,
2336 4032 2503 4086 πάλιν
2529 4033 2736 4104 ἐγείρει
2768 4035 2925 4089 αὐτά.

2294 4222 2389 4270 νε’.
2444 4217 2501 4269 '0
2534 4216 2767 4285 ἀγαπῶν
2815 4216 2907 4270 τὸν
2958 4216 3192 4286 Χριστὸν
3226 4217 3365 4289 (il),
3437 4219 3658 4280 πάντως
3708 4213 3791 4268 καὶ

2227 4309 2477 4377 μιμεῖται
2505 4307 2668 4361 αὑτὸν
2705 4305 2848 4362 κατὰ
2886 4305 3135 4376 δύναμιν.
3171 4302 3317 4372 Οἷον,
3350 4309 3380 4360 6
3404 4308 3643 4380 Χριστὸς
3678 4305 3793 4367 τοὺς

2222 4397 2544 4470 ἀνθρώπους
2564 4398 2867 4470 εὐεργετῶν
2890 4398 2991 4452 οὐκ
3013 4398 3291 4453 ἐπαύσατο
3310 4416 3324 4428 ·
3352 4394 3788 4471 καιάχαριστού·

547 4496 633 4543 tos
678 4488 867 4552 ferret,
913 4503 976 4543 ac
1027 4488 1123 4557 qui
1155 4489 1261 4558 ipsi
1307 4488 1687 4555 detraherent,
1733 4490 2122 4562 longanimiter

2229 4507 2385 4562 μενος
2427 4490 2522 4545 καὶ
2572 4489 3081 4561 βλασφημούμενος,
3133 4491 3549 4562 ὲμακροθύμειο
3586 4492 3678 4545 καὶ
3710 4505 3791 4542 τυ-

546 4578 817 4633 tolerabat
844 4596 857 4632 :
889 4593 1127 4648 cumque
1158 4578 1466 4634 caederetur
1491 4579 1561 4635 ab
1593 4581 1675 4635 eis
1696 4596 1762 4635 ac
1789 4581 1911 4636 neci
1942 4582 2126 4651 trade-

545 4679 719 4734 retur,
754 4669 1088 4733 sustinebat,
1138 4670 1279 4726 nulli
1321 4685 1552 4740 prorsus
1606 4673 1810 4727 malum
1837 4682 2120 4743 reputans.

541 4759 681 4815 Sunt
712 4770 894 4816 autem
924 4762 1041 4817 haec
1063 4761 1190 4826 tria,
1217 4762 1337 4831 ejus
1357 4777 1524 4832 opera
1546 4758 1854 4829 charitatis,
1880 4781 2003 4834 quae
2030 4781 2121 4821 re-

540 4852 700 4921 spicit
723 4853 1054 4922 proximum,
1088 4853 1207 4909 sine
1232 4854 1437 4924 quibus
1464 4856 1558 4925 qui
1588 4855 1723 4911 dicit
1751 4872 1811 4912 se
1831 4855 2117 4912 Christum

536 4942 896 5014 diligere,aut
915 4944 1019 4999 sibi
1046 4960 1276 5011 regnum
1312 4946 1625 5015 pollicetur,
1654 4948 1771 5017 ipse
1790 4963 1850 5003 se
1873 4949 2109 5004 seducit:

536 5029 653 5085 Non
684 5033 825 5085 enim
844 5035 934 5103 qui
958 5033 1084 5087 dicit
1102 5035 1250 5100 mihi,
1272 5033 1507 5099 Domine,
1529 5034 1773 5101 Domine,
1800 5035 1980 5105 inquit
2007 5037 2113 5092 Do-

538 5124 741 5188 minus,
776 5125 997 5180 intrabit
1010 5128 1067 5180 in
1099 5142 1321 5196 regnum
1353 5126 1625 5192 caelorum,
1654 5129 1746 5183 sed
1764 5130 1855 5201 qui
1873 5129 2000 5199 facit
2017 5146 2108 5183 vo-

538 5212 797 5283 tu'ntatem
834 5214 1016 5270 Patris
1048 5218 1149 5272 mei
1172 5217 1235 5271 ¹³.
1291 5217 1360 5272 Et
1394 5234 1627 5273 rursus:
1658 5219 1761 5285 Qui
1803 5220 1974 5291 diligi!
2002 5239 2105 5289 me,

536 5302 792 5355 mandata
828 5319 941 5357 mea
972 5306 1196 5359 servabit
1216 5307 1281 5371 ³⁸,
1305 5315 1413 5362 etc.

597 5390 685 5444 56.
703 5389 893 5446 Omnis
909 5409 1107 5464 scopus
1119 5397 1501 5453 mandatorum
1520 5398 1822 5455 Salvatoris
1836 5402 1891 5455 in
1911 5416 1978 5456 eo
2000 5411 2105 5466 est,

536 5483 595 5529 ut
620 5476 688 5530 ab
720 5478 1046 5549 intemperie
1082 5493 1248 5553 atque
1288 5485 1417 5540 odio
1461 5486 1659 5543 liberet
1692 5489 1957 5556 animum,
1994 5500 2102 5547 tra-

532 5566 735 5639 hatque
762 5570 818 5625 in
844 5588 998 5627 suam
1042 5590 1106 5631 ac
1135 5578 1370 5646 proximi
1396 5581 1754 5649 charitatem;
1795 5599 1863 5639 ex
1902 5587 2107 5656 quibus

600 5733 645 5764 "
679 5735 867 5793 Matth.
894 5754 984 5808 vn,
1022 5742 1114 5796 21.
1193 5744 1236 5776 ¹¹⁵
1261 5745 1416 5801 Joan.
1456 5764 1562 5816 xxv,
1598 5752 1663 5806 l5

2228 4581 2495 4652 πτάμενος
2520 4568 2612 4635 ὑπ’
2654 4581 2837 4635 αὐτῶν
2865 4583 2958 4635 καὶ
2996 4583 3376 4652 φονευόμενος,
3408 4584 3672 4654 ὑπέμενε.
3699 4595 3793 4650 μη·

2222 4674 2334 4728 δενὶ
2367 4672 2654 4728 τοσύνολον
2695 4673 2757 4733 τὸ
2803 4674 2973 4729 κακὸν
3018 4672 3389 4743 λογιζόμενος.
3433 4675 3624 4728 Ταῦτα
3653 4673 3709 4728 δὲ
3731 4669 3791 4723 τὰ

2220 4764 2371 4834 τρία,
2404 4763 2474 4817 τά
2508 4763 2647 4834 ἔργα
2674 4764 2783 4817 εἰσὶ
2810 4764 2908 4833 τῆς
2941 4764 3023 4827 είς
3055 4762 3147 4816 τὸν
3180 4763 3411 4835 πλησίον
3458 4764 3701 4833 ἀγάπης,
3722 4753 3789 4813 ὧν

2221 4855 2392 4925 χωρὶς
2428 4857 2457 4909 6
2484 4855 2658 4923 λέγων
2679 4856 2900 4925 ἀγαπᾷν
2930 4855 3018 4910 τὸν
3046 4853 3303 4926 Χριστὸν,
3334 4856 3366 4927 ἢ
3390 4856 3493 4926 τῆς
3525 4852 3788 4928 βασιλείας

2220 4945 2388 4999 αὐτοῦ
2426 4949 2629 5017 τυχεῖν,
2667 4946 2859 5001 ἐαυτὸν
2884 4947 3071 5017 ἀπατᾷ
3091 4962 3105 4977 ο
3141 4948 3222 5007 οὐ
3257 4948 3368 5018 γὰρ
3396 4952 3432 5002 d
3450 4949 3650 5018 λέγων
3680 4962 3785 5014 μοι,

2218 5036 2377 5106 φησὶ,
2411 5038 2608 5106 Κύριε,
2644 5039 2844 5108 Κύριε,
2873 5034 3052 5104 οὗτος
3094 5041 3509 5095 εἰσελεύσεται
3556 5042 3644 5106 εἰς
3684 5038 3789 5105 τὴν

2210 5129 2537 5193 ﬂavas/ar
2563 5129 2681 5185 τῶν
2706 5129 2997 5198 οὐρανῶὐυ,
3032 5130 3172 5186 ἀλλ’
3199 5135 3232 5186 ὀ
3253 5132 3442 5186 ποιῶν
3472 5134 3541 5188 τὸ
3571 5134 3788 5200 θέλημα

2214 5221 2323 5276 τοῦ
2350 5223 2581 5290 Πατρός
2604 5239 2745 5291 μου.
2781 5224 2891 5277 Καὶ
2928 5223 3093 5278 πάλιν
3113 5240 3126 5256 ο
3169 5225 3231 5278 Ὃ
3258 5223 3513 5295 ἀγαπῶν
3542 5224 3667 5296 ἐμὲ,
3695 5220 3785 5277 καὶ

2142 5294 2185 5350 Β
2214 5299 2321 5379 τᾶς
2348 5313 2602 5380 ἐντολάς
2627 5331 2748 5383 μου
2768 5316 3042 5384 τηρήσει,
3065 5317 3159 5371 καὶ
3184 5317 3253 5370 τὰ
3285 5294 3435 5389 ἑξῆς.

2286 5411 2393 5469 νς’.
2415 5405 2596 5467 ’Ἅπας
2611 5407 2639 5458 6
2663 5404 2863 5468 σκοπὸς
2891 5406 2998 5461 τῶν
3028 5407 3255 5461 ἐντολῶν
3272 5409 3366 5463 τοῦ
3401 5410 3681 5482 Σωτῆρος,
3703 5408 3784 5463 ἵνα

2213 5496 2485 5566 ἀκρασίας
2517 5498 2613 5550 καὶ
2650 5497 2843 5567 μίσους
2886 5498 2980 5553 τὸν
3026 5499 3151 5553 νοῦν
3194 5499 3562 5573 ἐλευθερώσῃ,
3593 5502 3687 5555 καὶ
3710 5499 3784 5559 είς

2211 5589 2312 5659 τὴν
2340 5588 2505 5645 αὑτοῦ
2538 5590 2759 5662 ἀγάπην
2799 5590 2894 5645 καὶ
2936 5590 3032 5645 τοῦ
3073 5590 3323 5664 πλησίον,
3366 5593 3557 5667 ἀγάγῃ
3580 5609 3596 5624 ·
3625 5593 3683 5661 ἐξ
3711 5583 3781 5645 ὧν
