4076 6414
364 312 494 377 1061

1228 313 1566 373 CAPITUM
1607 312 1704 372 DE
1743 308 2178 370 CIIARITATE
2217 309 2600 370 CENTURIA
2645 311 2742 369 IV.

3498 310 3632 373 1062

357 427 605 481 τίκτεται
649 425 709 478 τὸ
744 425 946 494 φέγγος
978 423 1079 494 τῆς
1119 425 1236 478 κατ’
1273 425 1556 495 ἐνέργειαν
1599 423 1760 492 ἁγίας
1799 419 1943 490 γνώ-

2062 428 2251 475 sancta:
2280 419 2336 474 in
2372 429 2498 476 actu
2533 423 2865 493 cognitionis
2886 438 2950 478 ac
2977 424 3220 480 scientia:
3262 424 3421 478 iubar
3449 430 3634 482 nasci-

362 533 522 579 σεως.

445 607 544 671 νζ’.
586 608 840 678 Βὶερικῆς
873 609 1128 675 γνώσεως
1164 605 1316 675 παρὰ
1354 603 1448 656 τοῦ
1499 604 1635 656 Θεοῦ
1690 602 1952 666 καταξιω-

364 700 498 763 θεὶς,
530 699 605 770 μὴ
635 699 830 769 ἀμέλει
880 700 1102 768 ἀγάπης
1128 698 1222 750 καὶ
1249 696 1598 766 ἐγκρατείας.
1646 687 1818 747 Αῦται
1843 695 1949 763 γὰρ

363 793 427 843 τὸ
444 791 744 860 παθητικὸν
762 793 926 862 μέρος
954 792 1028 860 (ρ)
1047 793 1142 857 τῆς
1163 789 1343 859 ψυχῆς
1367 787 1794 857 ἐκκαθαίρουσαι
1812 785 1946 856 (42),

366 884 464 952 τὴν
489 883 581 935 ἐπὶ
609 885 707 952 τὴν
735 883 934 950 γνῶσιν
953 882 1070 934 ὁδὸν
1097 881 1184 937 ἀει
1225 898 1306 934 σοι
1335 879 1770 951 εὐτρεπίζουσιν.

437 1069 541 1132 νη’.
597 1061 745 1124 Ὁδὸς
779 1061 870 1112 ἐπὶ
901 1061 1000 1130 τὴν
1027 1058 1228 1126 γνῶσίν
1251 1059 1397 1110 ἐστιν
1420 1057 1555 1127 (45),
1581 1055 1820 1109 ἀπάθεια
1849 1056 1945 1108 καὶ

365 1153 701 1215 ταπείνωσις
721 1151 818 1222 (q).
847 1144 923 1204 ὧν
955 1151 1124 1221 χωρὶς
1152 1149 1330 1210 οὐδεὶς
1370 1147 1562 1216 ὄψεται
1595 1146 1686 1198 τὸν
1721 1146 1945 1216 Κύριον.

441 1244 538 1296 νϐ’.
592 1241 809 1312 Ἐπειδὴ
839 1243 871 1311 ἡ
906 1241 1107 1308 γνῶσις
1134 1239 1392 1307 φυσιοῖ,ή
1430 1237 1486 1289 δὲ
1519 1236 1706 1306 ἀγάπη
1730 1235 1942 1287 οἰκοδο-

371 1339 496 1407 μεῖο
528 1333 785 1397 σύζευξον
814 1336 877 1403 τῇ
916 1331 1113 1400 γνώσει
1140 1331 1239 1398 τὴν
1278 1329 1523 1397 ἀγάπην.
1556 1325 1651 1379 καὶ
1683 1325 1780 1395 ἔσῃ
1809 1323 1934 1377 ἄτυο

371 1445 502 1498 φοςο
535 1428 630 1480 καὶ
665 1425 1034 1495 πνευματικὸς
1078 1422 1380 1490 οἰκοδόμος,
1419 1419 1514 1472 καὶ
1548 1417 1770 1471 σεαυτὸν
1801 1417 1949 1468 οἰκο-

369 1519 574 1589 δομῶν,
609 1517 704 1570 καὶ
739 1516 945 1577 πάντας
968 1515 1093 1575 τοὺς
1112 1510 1430 1580 ὲγγίζοντάς
1460 1525 1562 1562 σοι.

445 1612 508 1677 ξ’.
561 1608 842 1662 Ἐντεῦθεν
896 1609 929 1676 ἡ
995 1609 1183 1675 ἀγάπη
1240 1604 1533 1672 οἰκοδομεῖ,
1585 1599 1772 1669 ἐπειδὴ
1832 1599 1951 1651 οὐδὲ

372 1701 578 1767 φθονεῖ,
633 1698 753 1751 οὐδὲ
795 1697 930 1766 πρὸς
992 1694 1323 1762 φθονοῦντας
1412 1690 1792 1761 πικραίνεται·
1829 1689 1950 1742 οὐδὲ

369 1791 432 1842 τὸ
455 1787 817 1859 φθονούμενον
863 1785 1177 1857 δημοσιεύει
1219 1783 1598 1842 ἐπιδεικτικῶς
1619 1799 1630 1814 ο
1658 1781 1776 1833 οὐδὲ
1806 1780 1952 1847 λογί-
1986 1762 2025 1816 Β

373 1882 528 1945 ζεται
562 1879 752 1933 ἑαυτὸν
803 1878 903 1949 ἤδη
960 1875 1347 1944 κατειληφέναι
1385 1873 1489 1943 (r)'
1539 1873 1633 1926 καὶ
1668 1865 1742 1925 ὧν
1779 1871 1832 1923 δὲ
1854 1871 1953 1923 οὐκ

374 1966 540 2032 οἶδεν,
579 1969 831 2038 ὁμολογεῖ
867 1967 1308 2038 ἀνερυθριάστως
1345 1965 1443 2035 τὴν
1488 1965 1733 2032 ἄγνοιαν.
1764 1961 1954 2022 Οὕτως

372 2055 469 2112 οῦν
510 2059 600 2112 τὸν
641 2057 766 2110 νοῦν
806 2057 1008 2125 ἄτυφον
1049 2056 1421 2124 ἀπεργάζεται
1453 2055 1587 2122 (ιι),
1616 2055 1708 2107 καὶ
1753 2052 1954 2124 προκό-

374 2167 534 2202 πτειν
564 2151 645 2212 εῑς
681 2147 780 2219 τὴν
815 2148 1017 2216 γνῶσιν
1040 2147 1124 2200 ἀεὶ
1153 2144 1583 2217 παρασκευάζει.

417 2341 420 2344 “
451 2337 551 2402 ξα¹.
593 2337 810 2405 Πέφυκέ
869 2353 989 2398 πως
1025 2334 1366 2405 παρέπεσθαι
1394 2337 1459 2405 τῇ
1497 2334 1697 2402 γνώσει
1723 2337 1755 2405 ἡ
1782 2335 1962 2406 οῐησις

374 2428 472 2481 καὶ
512 2428 704 2495 φθόνος
734 2426 801 2495 (ε)
868 2426 925 2476 ὲν
969 2424 1280 2496 προοιμίοις
1327 2424 1581 2494 μάλιστα.
1632 2425 1742 2478 Καὶ
1787 2426 1820 2494 ή
1856 2427 1956 2495 μὲν

373 2519 576 2588 οῐησις,
607 2516 820 2568 ἔνδοθεν
849 2515 1037 2584 μόνον’
1063 2516 1092 2568 ὁ
1131 2513 1187 2567 δὲ
1230 2513 1443 2582 φθόνος,
1479 2515 1573 2567 καὶ
1603 2513 1834 2578 ἔνδοθεν,
1863 2515 1957 2569 καὶ

377 2607 598 2672 ἔξωθεν.
626 2605 734 2658 Καὶ
757 2604 972 2658 ἔνδοθεν
1007 2604 1126 2674 μὲν,
1162 2604 1300 2674 πρὸς
1322 2606 1446 2668 τοὺς
1467 2604 1689 2674 ἔχοντας
1717 2606 1918 2673 γνῶσιν
1939 2624 1952 2636 ο

380 2696 583 2760 ἔξωθεν
629 2695 708 2757 δὲ,
741 2694 852 2749 ἀπὸ
882 2695 990 2747 τῶν
1042 2694 1297 2764 ἑχόντων.
1344 2695 1408 2746 Ἢ
1470 2691 1565 2748 οὖν
1623 2696 1833 2766 ἀγάπη,
1888 2697 1956 2748 τὰ

377 2789 507 2856 τρία
533 2787 859 2855 ἀνατρέπει·
888 2786 988 2855 τὴν
1039 2785 1138 2854 μὲν
1185 2783 1387 2853 οἴησιν,
1423 2786 1611 2856 ἐπειδὴ
1641 2787 1702 2839 οὺ
1735 2787 1958 2855 φυσιοῦ-

378 2896 495 2932 ται.
535 2879 640 2931 Τὸν
681 2878 737 2930 δὲ
780 2876 990 2930 ἔνδοθεν
1027 2876 1241 2945 φθόνον,
1293 2877 1415 2930 ἐπεὶ
1454 2877 1515 2929 οὐ
1553 2876 1741 2946 ζηλοῖ·
1772 2877 1863 2931 τὸν
1891 2878 1952 2930 δὲ

379 2970 602 3034 ἔξωθεν,
628 2968 815 3038 ἐπειδὴ
837 2967 1183 3038 μακροθυμεῖ
1212 2968 1305 3019 καὶ¹
1332 2967 1717 3038 χρηστεύεται.
1767 2968 1959 3035 Ἀνάγ-

381 3078 456 3131 κη
507 3054 600 3112 οῦν
652 3058 745 3111 τὸν
793 3058 984 3128 ἔχοντα
1027 3055 1250 3124 γνῶσιν,
1290 3055 1695 3125 προσλαϐέσθαι
1728 3055 1822 3107 καὶ
1863 3054 1959 3124 τὴν

2053 519 2165 563 tur.

2120 601 2208 655 57.
2247 600 2503 657 Scientize
2550 611 2706 672 parte
2741 603 2924 672 aliqua
2958 604 3216 674 dignatus
3244 622 3273 659 a
3298 607 3432 671 Deo,
3470 622 3633 662 eave-

2052 691 2128 745 sis
2151 691 2506 747 dilectionem
2545 693 2791 762 negligas
2815 709 2878 747 ac
2903 695 3320 749 continentiam.
3359 697 3452 752 liae
3485 698 3633 751 enim

2051 780 2220 834 animi
2271 791 2482 850 partem
2528 781 2821 836 affectibus
2878 782 3169 836 obnoxiam
3231 795 3633 855 expurgantcs,

2050 870 2195 922 viam
2227 885 2348 938 qua:
2372 871 2440 924 ad
2471 871 2756 925 scientiam
2791 872 2948 926 ducit
2981 873 3079 926 tibi
3099 889 3316 943 semper
3339 877 3636 944 expediunt

2051 974 2116 1012 ac
2149 969 2476 1028 prmparant.

2124 1056 2213 1109 58.
2241 1057 2336 1110 Via
2359 1056 2425 1110 ad
2453 1057 2760 1122 scientiam,
2804 1058 3226 1128 impcrturbatio
3261 1069 3344 1114 est
3372 1070 3428 1114 et
3459 1061 3638 1114 innui-

2050 1147 2200 1212 litas,
2236 1149 2355 1204 sine
2381 1150 2584 1219 quibus
2615 1167 2779 1204 nemo
2802 1151 3012 1206 videbit
3039 1152 3330 1206 Dominum
3361 1155 3402 1184 ⁸⁵

2122 1239 2212 1294 59.
2243 1239 2378 1293 Cum
2403 1241 2632 1295 scientia
2660 1242 2833 1307 inflet,
2863 1244 3104 1298 Charitas
3126 1256 3310 1301 autem
3333 1249 3636 1314 :edificet“;

2051 1330 2378 1385 charitatem
2412 1332 2656 1387 scientiae
2677 1335 2895 1403 copula,
2925 1336 3188 1404 nulloque
3216 1340 3488 1408 superbia:
3510 1349 3638 1410 typo

2058 1420 2303 1474 tumidus
2358 1421 2520 1492 452
2581 1439 2646 1477 ac
2689 1424 2952 1492 spiritalis
2991 1426 3292 1481 aedificator
3343 1430 3494 1492 eris,
3539 1429 3636 1499 qui

2054 1520 2170 1565 tum
2205 1511 2321 1580 ipse
2357 1522 2408 1566 te
2433 1513 2690 1576 aediﬁces,
2719 1523 2832 1568 tum
2865 1531 2964 1570 eos
2997 1533 3189 1573 omnes
3221 1521 3314 1589 qui
3335 1530 3384 1575 te
3410 1525 3636 1578 adeunt.

2124 1598 2209 1652 60.
2270 1599 2398 1654 Inde
2447 1610 2530 1654 est
2561 1602 2708 1670 quod
2735 1603 2977 1658 Charitas
2999 1607 3254 1672 aediﬁcet,
3275 1611 3424 1678 quod
3455 1627 3636 1682 neque

2055 1691 2322 1754 invideat,
2354 1707 2534 1761 neque
2562 1693 2616 1746 in
2645 1709 2740 1748 eos
2761 1695 2852 1764 qui
2879 1697 3150 1764 invident,
3183 1703 3384 1756 animis
3407 1719 3638 1773 exaspe-

2057 1791 2242 1845 retur;
2269 1783 2608 1853 bonumque,
2632 1785 2777 1854 quod
2822 1785 3082 1844 invidiam
3117 1792 3279 1860 parit,
3310 1808 3408 1862 per
3429 1796 3645 1864 jactan-

2057 1876 2187 1929 tiam
2212 1875 2267 1928 in
2296 1876 2490 1945 vulgus
2519 1892 2627 1929 non
2654 1876 2954 1946 producat;
2989 1895 3092 1934 nec
3121 1898 3178 1935 se
3202 1884 3311 1952 jam
3336 1885 3641 1940 arbitretur

2055 1968 2543 2038 comprehendisse
2574 1970 2646 2034 ”;
2703 1970 2798 2024 sed
2828 1978 2884 2025 et
2916 1987 3109 2026 eorum
3145 1990 3266 2042 qua:
3306 1977 3482 2030 nescit
3520 1978 3639 2033 sine

2055 2057 2257 2112 rubore
2294 2058 2656 2128 ignorantiam
2682 2058 2919 2114 fatetur:
2951 2062 3030 2116 sic
3052 2062 3218 2131 igitur
3242 2065 3482 2119 animum
3499 2066 3640 2121 fastu

2055 2147 2292 2212 liberat,
2331 2156 2495 2217 atque
2525 2148 2594 2202 ad
2647 2148 2921 2203 uberioris
2948 2165 3165 2205 semper
3191 2153 3433 2208 scientia:
3459 2155 3642 2224 profe-

2058 2248 2205 2294 ctum
2243 2248 2534 2309 praeparat.

2127 2331 2215 2385 6|.
2251 2330 2342 2385 Sic
2387 2331 2500 2386 fere
2537 2341 2916 2400 comparatum
2969 2343 3075 2398 est,
3125 2344 3185 2389 ut
3223 2335 3510 2392 scientiam
3557 2355 3642 2394 se-

2057 2432 2320 2493 quantur,
2344 2424 2500 2493 quasi
2527 2424 2576 2477 ei
2617 2425 2865 2486 comites,
2905 2426 3024 2494 ipso
3061 2429 3366 2496 praesertim
3403 2431 3522 2499 ejus
3543 2446 3643 2484 ex-

2058 2515 2239 2578 ordio,
2263 2514 2428 2569 elatio
2451 2514 2618 2569 animi
2664 2515 2804 2584 (ejus
2828 2518 3038 2572 scilicet
3062 2535 3203 2574 vane
3238 2520 3342 2574 sibi
3371 2523 3644 2590 placentis

2057 2606 2267 2675 opinio)
2297 2613 2353 2659 et
2385 2605 2610 2660 invidia.
2633 2607 2711 2661 Ac
2733 2609 2953 2676 quidem
2991 2611 3155 2663 animi
3193 2611 3360 2664 elatio
3395 2628 3643 2680 vanaque

2057 2697 2149 2750 illa
2173 2698 2384 2766 opinio,
2419 2698 2654 2752 interius
2690 2701 2899 2765 solum;
2943 2701 3145 2755 invidia
3175 2718 3325 2764 vero,
3353 2718 3466 2756 tum
3501 2705 3640 2757 inte-

2060 2789 2194 2846 rius.
2216 2795 2331 2842 tum
2353 2789 2620 2843 exterius.
2643 2791 2717 2843 Ac
2736 2791 2956 2859 quidem
2982 2793 3236 2856 interius,
3261 2794 3526 2848 adversus
3543 2809 3641 2849 eos

2059 2879 2154 2947 qui
2208 2879 2441 2933 scientia
2475 2880 2718 2947 pollent;
2773 2883 3017 2936 exterius
3045 2899 3194 2947 vero,
3248 2884 3316 2937 ab
3355 2883 3421 2937 iis
3461 2885 3551 2952 qui
3581 2894 3635 2938 et

2061 2969 2165 3037 ipsi
2195 2970 2288 3022 illa
2323 2969 2553 3039 fulgent.
2604 2970 2860 3024 Charitas
2910 2987 3040 3040 ergo
3096 2973 3212 3026 hare
3257 2974 3362 3026 tria
3409 2975 3638 3039 evertit;

2062 3058 2232 3112 animi
2267 3058 2491 3126 quidem
2522 3061 2838 3124 elationem,
2873 3077 2936 3115 ea
2986 3063 3202 3116 ratione
3232 3065 3378 3132 quod
3427 3078 3535 3118 non
3562 3064 3645 3118 in-

379 3152 628 3222 ἀγάπην,
668 3151 754 3204 ἵνα
785 3149 1040 3220 ἄτρωπον
1063 3148 1154 3201 τὸν
1183 3147 1304 3201 νοῦν
1338 3150 1393 3200 ὲν
1415 3147 1578 3200 παντὶ
1607 3147 1959 3217 διαφυλάττῃ.

2065 3149 2228 3203 ﬂatur
2264 3167 2276 3202 :
2314 3150 2578 3204 invidiam
2611 3168 2742 3206 vero
2783 3169 2903 3220 quae
2945 3153 3178 3207 interius
3219 3164 3322 3218 est,
3353 3147 3644 3224 propterea

381 3242 646 3310 quianon
679 3241 1069 3305 :emulatur‘“;
1117 3255 1238 3308 qua:
1277 3248 1461 3293 autem
1492 3239 1559 3292 ab
1587 3239 1958 3294 exterioribus
1996 3242 2272 3309 provenit,
2337 3243 2484 3311 quod
2541 3245 2871 3315 longanimis
2941 3260 3006 3299 ac
3062 3247 3278 3314 patiens
3334 3247 3422 3301 sit.
3473 3247 3646 3318 Igitur

383 3354 612 3394 necesse
645 3348 729 3393 est
779 3346 840 3391 ut
877 3337 972 3406 qui
1031 3337 1262 3392 scientia
1285 3337 1552 3407 praeditus
1596 3346 1703 3401 est,
1739 3338 1958 3391 abunde
1993 3339 2162 3392 etiam
2231 3340 2555 3394 charitatem
2620 3341 2872 3404 asciscat,
2930 3349 2992 3394 ut
3040 3341 3263 3396 illaesam
3307 3343 3645 3397 inmunibus

384 3438 625 3484 mentem
652 3429 947 3484 custodiat.

461 3520 561 3591 ξβν.
616 3524 672 3575 ’0
702 3522 794 3575 τοῦ
819 3523 1158 3592 χαρίσματος
1181 3521 1280 3592 τῆς
1301 3519 1554 3588 γνώσεως
1577 3520 1956 3586 καταξιωθεὶς,

383 3614 484 3668 καὶ
516 3613 775 3683 λύπην,ἢ
813 3613 1181 3683 μνησικακίαν
1225 3613 1359 3682 πρὸς
1399 3611 1685 3683 ἄνθρωπον
1731 3611 1892 3681 ἔχων,
1925 3612 1956 3665 ἦ

391 3709 568 3774 μῖσος,
609 3706 793 3774 ὅμοιός
827 3706 944 3758 ἐστι
985 3703 1063 3774 τῷ
1100 3702 1366 3764 ἀκάνθαις
1404 3701 1500 3754 καὶ
1540 3700 1809 3770 τριϐόλοις
1837 3701 1962 3763 τοὺς

461 3891 505 3923 ⁸⁵
527 3890 694 3946 Hebr.
724 3906 817 3955 xu,
845 3890 930 3950 M.
1010 3890 1052 3920 “
1075 3889 1098 3943 Ι
1119 3887 1244 3944 Cor.
1272 3903 1386 3952 vm,
1415 3887 1466 3941 1.

464 4047 539 4118 (p)
587 4047 653 4100 Τὸ
699 4048 1027 4118 παθητικὸν
1061 4045 1272 4118 μέρος.
1309 4043 1613 4118 Aﬂ‘eetihus
1660 4042 1956 4118 obnoxiam

384 4112 622 4189 partem,
664 4133 727 4189 ac
751 4112 1074 4189 patibilem.
1098 4116 1219 4169 Non
1260 4115 1400 4169 bene
1439 4114 1643 4189 Qbsop.
1686 4123 1740 4189 et
1784 4112 1952 4166 Gesn.

384 4183 840 4257 concupiscibilégn
879 4195 1106 4257 partem,
1144 4200 1265 4254 quae
1288 4194 1373 4238 est
1406 4184 1576 4238 altera
1621 4183 1796 4257 solum
1831 4198 1958 4250 pars

385 4257 488 4310 τοῦ
519 4253 838 4320 παθητικοῦ,
865 4253 1228 4308 condistiueta
1259 4263 1448 4308 contra
1480 4261 1688 4322 partem
1725 4253 1966 4322 irascen-

389 4337 538 4396 gem;
575 4328 731 4396 cujus
772 4325 1161 4396 perfectionem
1204 4324 1338 4396 alias
1374 4321 1487 4396 τὴν
1520 4323 1738 4396 ἀγάπην
1777 4321 1966 4375 docuit

2142 3521 2232 3575 62.
2269 3521 2371 3586 QUI
2402 3521 2647 3576 scientiae
2699 3522 2904 3584 donum
2969 3533 3318 3586 consecutus,
3361 3525 3638 3579 tristitiam

2067 3612 2332 3665 adversus
2365 3611 2624 3679 aliquem,
2669 3612 2753 3665 vel
2792 3611 3120 3680 injuriarum
3147 3613 3492 3676 memoriam,
3525 3615 3640 3668 sive

2068 3701 2259 3754 odium
2299 3701 2488 3766 habet,
2525 3700 2724 3756 similis
2757 3701 2834 3756 illi
2863 3710 2968 3768 est,
2989 3702 3082 3771 qui
3117 3703 3291 3772 spinis
3326 3712 3384 3758 et
3421 3704 3640 3760 tribulis

1542 3887 1581 3918 ¹⁷
1609 3887 1846 3956 Philipp.
1871 3902 1949 3953 ιιι,
1979 3888 2068 3941 12.
2137 3887 2181 3919 ’³
2204 3887 2224 3942 1
2245 3886 2504 3952 Cor.xul,
2534 3891 2566 3944 4

2062 4058 2169 4112 pne
2199 4051 2418 4097 sanctos
2443 4043 2685 4113 insignit.
2721 4045 3010 4113 ipsumque
3033 4043 3293 4098 Sanctum
3323 4059 3635 4106 sanctorum

2062 4128 2129 4166 eo
2170 4113 2414 4181 plenum)
2443 4115 2520 4168 illi
2555 4115 2816 4168 ascribat.

2137 4182 2208 4256 (r_)
2259 4182 2975 4256 ooda‘ﬁorlé'sraréqenw
3027 4187 3142 4256 ἤδη
3192 4189 3632 4254 κατειληφέναι.

2071 4252 2248 4326 Verba
2277 4253 2665 4326 suntApostoli
2707 4255 2940 4326 Philipp.
2971 4252 3141 4315 uuae
3167 4252 3447 4326 superﬂua
3467 4257 3633 4313 Gesn.

2071 4322 2408 4394 conjectura,
2440 4324 2576 4392 forte
2601 4323 2820 4388 σκοπόν,
2860 4332 3114 4394 tanquam
3147 4322 3252 4380 illa'
3274 4343 3378 4380 vox
3406 4328 3636 4381 Maximo

388 4391 676 4470 Maximus,
700 4391 832 4449 utet
863 4395 1304 4470 concupiscentis
1336 4391 1443 4470 τὴν
1465 4393 1819 4470 ἐγκράτειανο
1843 4407 1964 4470 qua:
1997 4416 2040 4470 ο
2069 4391 2449 4470 desideretur;
2510 4401 2570 4446 ut
2622 4394 2787 4470 etiam
2833 4391 3233 4470 adnotaverat‘
3269 4397 3637 4470 Bill._Auctor

388 4465 468 4518 sit
507 4466 656 4519 velut
703 4466 945 4518 severior
990 4461 1272 4532 disciplina
1322 4462 1543 4541 modum
1591 4461 1965 4529 voluptatibus

389 4550 625 4603 ponens,
659 4550 782 4589 cum
813 4550 878 4588 ea
909 4549 1114 4603 pugna,
1148 4549 1269 4602 qua:
1308 4547 1529 4603 propria
1569 4541 1654 4585 est
1700 4547 1966 4603 exercen-

393 4602 534 4674 tium
591 4604 658 4657 ad
713 4602 1008 4674 pietatem,
1043 4603 1218 4674 donec
1278 4602 1570 4674 perfectam
1615 4602 1967 4674 σωφροσῦνην

389 4673 473 4744 (id
519 4684 633 4744 est,
691 4671 1124 4744 témperantiam,
1172 4673 1462 4744 ipsamque
1503 4671 1968 4744 sic_§_pirita|ibus

386 4739 745 4806 celebratam,
786 4739 1274 4812 ἀπάθειανγηεῐοιί
1325 4739 1550 4812 fuerint.
1603 4739 1705 4793 Hic
1743 4755 1966 4812 summa

389 4812 658 4867 Maximus
684 4815 897 4882 plenam
933 4809 1242 4866 doctrinam
1285 4811 1470 4882 tradit,
1512 4825 1675 4878 quam
1712 4809 1792 4864 sic
1829 4825 1966 4864 exo-

391 4882 489 4936 tici
521 4881 771 4936 homines
803 4898 901 4951 per
929 4882 1260 4950 imperitiam
1295 4881 1620 4951 diminutam
1646 4894 1966 4951 reprazsen-

394 4960 533 5006 tant.
573 4952 703 5006 Vide
739 4949 858 5020 cap.
895 4953 982 5014 80,
1009 4949 1254 5021 itemque
1293 4967 1412 5020 cap.
1456 4950 1544 5014 66,
1577 4949 1738 5018 primi
1782 4959 1967 5004 cente-

394 5021 542 5075 narii
572 5037 695 5075 cum
718 5023 834 5076 sch.
881 5022 948 5075 ad
977 5020 1131 5075 illud.

472 5089 546 5214 Ἥ)
622 5091 891 5146 Ἁπάθεια
965 5091 1064 5143 καὶ
1101 5088 1481 5154 ταπείνωσις.
1551 5086 1700 5153 Quas
1767 5088 1966 5144 Paulus

472 5178 480 5213 ι
523 5178 568 5214 r.
613 5177 710 5214 xu.
756 5161 988 5214 virtutes
1030 5169 1209 5214 vocat.
1257 5161 1480 5214 εἰρήνην
1525 5159 1623 5209 καὶ
1673 5159 1960 5214 ἁγιασμόν.

396 5158 568 5214 Hebr.
613 5177 710 5228 xu,
756 5161 988 5215 virtutes
1030 5169 1209 5217 vocat.
1257 5161 1480 5230 εἰρήνην
1525 5159 1641 5230 καὶ-
1673 5159 1960 5230 ἁγιασμόν,

396 5230 501 5284 has
548 5227 813 5285 Maximus
865 5231 956 5286 hic
1010 5230 1278 5282 ἀπάθειαν
1312 5227 1442 5281 ’καὶί
1479 5227 1854 5280 ταπείνωσιν(
1887 5229 1967 5282 Ac

395 5301 600 5369 prioris
633 5301 854 5371 quidem
894 5302 1053 5371 clara
1078 5299 1252 5362 ratio;
1283 5299 1338 5371 in
1366 5298 1511 5371 idem
1548 5297 1693 5351 enim
1718 5313 1856 5368 pene
1879 5313 1968 5352 so-

394 5380 535 5424 nant
585 5369 710 5439 pax,
741 5370 1020 5439 animique
1045 5369 1461 5438 imperturbatio
1489 5383 1551 5421 ac
1580 5383 1790 5439 summa
1817 5375 1967 5421 tran-

396 5437 662 5509 quillitas.
689 5437 947 5495 Alterum
966 5441 1088 5509 plus
1110 5437 1354 5510 mysterii
1391 5439 1572 5510 habet,
1595 5437 1741 5510 quod
1766 5452 1964 5510 nempe

395 5507 610 5565 natura:
634 5511 835 5565 utentis
858 5507 1070 5564 ratione
1095 5507 1452 5563 sanctimonia
1469 5509 1522 5561 in
1547 5507 1854 5561 humilitate
1878 5507 1965 5561 vel

396 5581 635 5649 maxime
666 5581 840 5648 posita
881 5581 970 5644 sit,
1009 5596 1115 5649 qua
1147 5577 1436 5648 subjicitur
1467 5578 1598 5640 Deo,
1642 5586 1702 5649 ut
1738 5576 1964 5649 abipso

397 5646 754 5725 perficienda,
786 5651 950 5719 inque
975 5646 1094 5725 ejus
1133 5646 1371 5725 laudem,
1399 5656 1454 5702 et
1480 5656 1542 5701 ut
1571 5646 1838 5716 quidquid
1879 5656 1964 5725 est

399 5719 621 5790 (timore
661 5721 751 5774 illo
777 5731 927 5775 casto
956 5722 1050 5789 qui
1078 5729 1261 5774 manet
1288 5719 1341 5772 in
1366 5728 1652 5782 aeternum,
1686 5733 1748 5771 ac
1774 5719 1963 5786 ργαξοὶ-

2068 4461 2243 4515 schol.
2287 4461 2354 4516 ad
2404 4463 2678 4516 intentum
2709 4463 2946 4526 Maximi,
2977 4466 3115 4521 bene
3147 4466 3316 4521 refert
3353 4466 3419 4520 ad
3462 4468 3642 4521 scicn-

2071 4531 2200 4605 tiam
2235 4549 2266 4605 ﬁ:
2333 4532 2620 4605 'Q_6oxt?w
2694 4533 2793 4605 ἥδη
2873 4537 3256 4605 κατειληφέναι
3316 4538 3408 4590 καὶ
3469 4537 3636 4605 μηδὲν

2073 4573 2200 4585 .......
2254 4573 2266 4584 .
2353 4573 2386 4582 υ
2449 4573 2617 4586 “mw.
2701 4573 2775 4585 ,ω
2875 4573 3079 4587 ..υ--..η
3144 4573 3256 4588 υ...
3319 4573 3408 4590 ην..

2069 4603 2316 4675 ἀγνοεῖν,
2342 4600 2498 4675 δῆλον
2534 4601 2608 4665 ὡς
2628 4573 2847 4669 άγάπέην
2876 4604 2976 4656 οὐκ
2999 4573 3142 4674 έχέιῖ
3176 4605 3278 4669 Qui
3310 4622 3364 4658 se
3380 4573 3505 4674 junci
3534 4573 3637 4675 ιαρ-

2068 4671 2399 4742 prehendisse
2422 4669 2540 4737 (seu
2572 4681 2926 4726 consecutum
2958 4669 3100 4742 esse)
3126 4669 3410 4738 existimat,
3431 4682 3481 4726 et
3505 4669 3636 4728 nihil

2067 4743 2338 4810 ignorare,
2375 4740 2532 4810 liquet
2559 4758 2662 4794 non
2695 4743 2885 4796 habere
2912 4740 3245 4797 charitatem.

2141 4809 2206 4879 (δ)
2246 4811 2313 4882 Ῠᾘ
2339 4809 2653 4882 οἴησιςμκαὶ
2673 4813 2914 4882 φυῷνος.
2954 4812 3154 4882 Ohsop.
3186 4822 3237 4867 et
3263 4811 3427 4866 Gesn.
3461 4813 3636 4882 opinio

2069 4888 2116 4952 et
2148 4880 2367 4952 incidi“,
2399 4880 2552 4952 quasi
2586 4889 2731 4952 esset
2754 4881 3059 4952 6d§a._Non
3102 4880 3252 4937 enim
3295 4898 3401 4934 vox
3436 4880 3632 4952 opinio,

2069 4950 2147 5003 sic
2170 4950 2416 5022 absolute
2435 4951 2663 5018 prolata,
2682 4950 2735 5022 id
2761 4950 3032 5021 significat
3049 4953 3194 5021 quod
3211 4953 3416 5022 Grmeis
3435 4950 3632 5022 οἴησις,

2068 5027 2163 5090 aut
2213 5019 2317 5072 rite
2365 5034 2548 5073 comes
2592 5019 2901 5090 assignatur
2945 5019 3184 5076 iuvidixe.
3236 5021 3391 5075 Suid.
3439 5019 3632 5088 οἴησις,

2066 5087 2314 5159 ἔπαρμα,
2352 5090 2607 5161 duraverat,
2644 5087 2736 5144 ubi
2773 5092 2999 5161 Portus,
3033 5091 3190 5145 elatio
3221 5093 3406 5153 animi,
3439 5087 3634 5161 opinio.

2067 5158 2232 5227 quam
2274 5159 2386 5230 quis
2429 5158 2492 5210 de
2525 5175 2579 5213 se
2621 5159 2938 5230 praclarum
2977 5161 3150 5226 habet,
3197 5162 3440 5230 suspirio.
3472 5158 3636 5227 Quod

2067 5237 2251 5300 tamen
2293 5228 2544 5300 ultimum
2586 5228 2695 5283 non
2747 5230 2943 5298 placet.
3001 5231 3166 5284 Recte
3215 5228 3435 5300 quidem
3481 5232 3637 5289 Suid.

2070 5298 2294 5372 ῦπόνοια
2317 5314 2330 5328 ·
2371 5297 2465 5372 sed
2509 5315 2671 5372 quam
2701 5297 2890 5372 vocem
2908 5303 3040 5372 ejus
3069 5301 3160 5372 hic
3187 5297 3374 5364 sensu,
3408 5317 3511 5355 vox
3536 5301 3641 5372 ba-

2069 5367 2181 5439 tina
2208 5382 2317 5420 non
2344 5367 2477 5422 satis
2502 5369 2790 5438 exprimit;
2824 5371 2920 5424 sed
2951 5367 3099 5438 quod
3134 5387 3256 5424 eam
3287 5372 3512 5439 exponit
3534 5371 3637 5423 lle-

2067 5437 2220 5510 sych.
2246 5437 2629 5510 ἐπερηφανία,
2662 5439 2858 5510 θράσος
2877 5456 2891 5469 ·
2926 5437 3190 5510 superbia,
3214 5437 3461 5503 audacia,
3485 5449 3638 5492 teme-

2066 5505 2216 5580 ritas.
2246 5505 2904 5580 Hincoimtatiag'eidem
2929 5505 3085 5565 Siiid.
3127 5505 3451 5580 ἐπηρμένος.
3481 5511 3628 5562 Port.

2067 5575 2258 5650 elatus,
2303 5575 2547 5650 inﬂatus,
2589 5579 2865 5650 superbus.
2908 5581 3056 5636 Idem
3099 5575 3347 5650 pluribus
3391 5580 3624 5633 Phavor.

2066 5661 2169 5701 nec
2200 5646 2256 5701 in
2284 5662 2344 5702 re
2363 5646 2484 5702 tam
2507 5646 2889 5705 claradiutius
2917 5646 3256 5706 haerendum.
3321 5662 3339 5674 °
