4076 6430
530 330 667 396 1063

1651 327 1713 387 S.
1755 322 2043 386 ΜΑΧΙΜῙ
2088 318 2595 381 CONFESSORIS

3616 315 3732 382 106t

521 443 716 498 oculos
760 441 1102 512 compungit.
1142 440 1264 507 Quo
1299 438 1395 507 ﬁt,
1427 449 1490 494 ut
1517 439 1762 496 Charitas
1789 435 2104 494 necessario

2212 430 2522 500 ὀφθαλμοὺς
2595 424 3012 482 κατακεντοῦντι
3064 423 3177 496 [ἲν.
3230 421 3322 476 τοῦ
3385 427 3734 481 κατακεντοῦν-

519 535 763 590 scientize
790 531 1096 603 e0pulanda
1127 531 1218 586 sit.

588 625 676 678 65.
703 623 848 679 Cave
875 637 1038 677 omne
1071 623 1247 676 otium
1281 631 1437 677 tuum
1479 629 1644 690 atque
1682 632 1910 688 operam
1943 613 2100 671 carni

519 713 876 784 impenderis,
907 714 1000 768 sed
1048 722 1310 783 quantam
1342 720 1600 782 praestare
1628 718 1804 780 potes,
1829 706 2102 763 exercita-

517 805 667 860 tione
701 807 752 860 ei
787 806 1106 870 constituta,
1149 805 1260 859 vim
1291 819 1510 858 onmem
1545 803 1714 857 animi
1740 801 1815 870 ad
1835 801 2100 856 interiora

515 905 671 950 verte
697 913 710 948 :
741 895 1050 966 Corporatis
1072 897 1211 948 enim
1254 895 1557 947 exercitatio
1577 893 1646 946 ad
1669 894 1930 947 modicum
1952 891 2100 947 utilis

520 997 628 1053 est;
661 989 827 1059 pietas
854 999 1032 1042 autem
1065 989 1135 1042 ad
1168 989 1347 1041 omnia
1378 985 1522 1039 utilis
1550 997 1624 1039 est
1649 987 1713 1051 ",
1743 994 1852 1040 etc.

587 1165 677 1220 64.
708 1164 811 1232 Qui
836 1164 1213 1219 indesinenter
1245 1163 1301 1216 in
1330 1163 1690 1217 interioribus
1714 1170 1986 1227 moratur,
2012 1176 2100 1216 so-

523 1257 682 1312 brius
733 1265 790 1312 et
823 1255 1156 1326 longanimis
1204 1264 1260 1309 et
1312 1255 1586 1325 benignus
1620 1264 1676 1310 et
1725 1253 1950 1308 humilis
1991 1263 2095 1310 est.

517 1353 707 1421 Neque
733 1352 786 1406 id
811 1351 997 1414 modo,
1019 1367 1213 1406 verum
1241 1351 1407 1406 etiam
1439 1350 1890 1420 contemplationi
1915 1349 2102 1405 studet

519 1443 1110 1512 divinaquescientiaa,
1145 1457 1212 1496 ac
1253 1441 1514 1510 precibus
1553 1441 1811 1496 assiduus
1861 1450 1966 1496 est.
1998 1440 2099 1496 At-

518 1550 626 1604 que
695 1535 802 1590 hoe
860 1545 946 1590 est
978 1534 1126 1605 quod
1172 1535 1251 1588 ait
1296 1534 1637 1603 Apostolus:
1673 1533 1877 1606 Spiritu
1909 1534 2099 1588 ambu-

521 1624 629 1679 late
653 1627 722 1689 ¹⁰,
753 1635 862 1681 etc.

589 1718 677 1772 65.
718 1717 824 1784 Qui
877 1717 1176 1786 spiritalem
1223 1718 1365 1772 viam
1409 1712 1586 1772 nescit
1636 1716 1939 1782 ambulare,
1975 1715 2102 1771 libi-

2207 520 2324 592 τος]
2359 522 2445 592 (ι).
2483 519 2574 572 Διὸ
2613 517 2929 586 ἀναγκαίως
2960 515 3137 568 δέεται
3177 515 3209 582 ή
3237 511 3428 580 γνῶσις
3459 514 3675 584 ἀγάπης,

2279 612 2374 680 ξγ’.
2421 612 2513 680 Μὴ
2539 610 2664 680 ὃλην
2694 609 2794 680 τὴν
2829 607 3025 678 σχολήν
3063 623 3156 659 σου
3190 604 3319 675 περὶ
3339 605 3434 674 τὴν
3459 605 3622 675 σάρκα
3639 605 3735 677 ἔχε,

2206 705 2343 759 ἀλλά
2386 704 2568 774 δρισον
2605 703 2741 773 αὐτῇ
2781 700 2878 772 τὴν
2929 700 3069 753 κατὰ
3103 698 3334 768 δύναμιν
3372 699 3624 767 ἄσκησινσ
3655 703 3738 754 καὶ

2206 796 2327 864 ὅλον
2370 795 2462 848 τὸν
2502 792 2628 846 νοῦν
2677 808 2792 855 σου,
2833 789 2963 861 περὶ
3002 789 3072 842 τά
3109 787 3258 840 ἔνδον
3287 785 3508 855 τρέψον·
3551 787 3605 840 Ἠ
3645 787 3739 854 γὰρ

2207 885 2514 957 σωματικὴ
2551 885 2877 954 γυμνασία,
2917 881 3070 948 πρὸς
3105 880 3314 946 ὀλίγον
3355 877 3518 930 ἐστὶν
3556 877 3742 944 ὠφέλι-

2204 997 2317 1050 μος
2335 995 2348 1007 ⁸
2381 979 2418 1046 ἠ
2450 977 2518 1030 δὲ
2547 975 2838 1039 εὐσέϐεια,
2868 973 3018 1042 πρὸς
3048 971 3243 1026 πάντα
3270 969 3436 1023 ἐστὶν
3459 968 3741 1038 ὠφέλιμος,

2207 1071 2301 1124 καὶ
2333 1071 2401 1123 τὰ
2427 1069 2575 1139 ἑξῆς.

2278 1163 2373 1230 ξδ’,
2424 1163 2482 1215 '0
2519 1157 2883 1219 ἀδιαλείπτως
2921 1154 3048 1225 περὶ
3074 1152 3144 1205 τά
3190 1149 3336 1204 ἔνδον
3364 1149 3460 1212 τάς
3495 1149 3747 1220 διατριϐὰς

2207 1251 2549 1322 ποιούμενος,
2607 1248 2893 1316 σωφρονεῖ,
2960 1240 3331 1314 μακροθυμεῖ,
3401 1238 3745 1310 χρηστεύεται,

2207 1343 2638 1414 ταπεινοφρονεῖ.
2687 1341 2763 1392 Οὐ
2805 1338 2964 1408 μόνον
3007 1335 3083 1399 δὲ,
3130 1333 3264 1388 ἀλλά
3311 1331 3407 1385 καὶ
3432 1331 3632 1402 θεωρεῖ,
3668 1333 3748 1386 καὶ

2208 1437 2470 1505 θεολογεῖ,
2525 1434 2620 1488 καὶ
2671 1432 3054 1503 προσεύχεται.
3084 1427 3192 1479 Καὶ
3219 1424 3377 1480 τοῦτό
3403 1426 3543 1476 ἐστιν
3565 1423 3592 1476 ὀ
3617 1422 3747 1490 λέγει

2207 1533 2236 1585 ὀ
2277 1526 2598 1591 Ἀπόστολος
2617 1542 2632 1557 ·
2663 1523 2961 1592 Πνεύματι
2994 1515 3390 1587 περιπατεῖτε,
3417 1514 3510 1568 καὶ
3534 1517 3599 1568 τά
3621 1512 3746 1584 ἑξῆς.

2283 1703 2375 1770 ξε’.
2418 1703 2480 1756 ⁸0
2514 1699 2615 1772 τὴν
2647 1693 3031 1767 πνευματικὴν
3058 1691 3176 1746 ὁδὸν
3201 1688 3406 1742 ὁδεύειν
3439 1686 3512 1757 μὴ
3554 1683 3752 1738 ὲπιστά-

519 1809 838 1864 dinosarum
867 1819 924 1865 et
953 1824 1079 1864 cum
1109 1809 1310 1864 aﬂ‘ectu
1346 1810 1742 1880 cogitationum
1770 1823 1960 1864 curam
1991 1824 2102 1864 non

2212 1813 2387 1871 μενος,
2416 1793 2527 1847 τῶν
2557 1788 2823 1862 ὲμπαθῶν
2851 1783 3139 1854 νοημάτων
3165 1781 3226 1835 οὐ
3251 1781 3480 1880 ποιεῖται
3502 1774 3748 1880 φροντίδας

518 1901 652 1972 agit,
697 1901 795 1955 sed
834 1916 1054 1956 omnem
1101 1916 1322 1971 operam
1366 1901 1514 1956 circa
1554 1915 1774 1956 carnem
1811 1898 1998 1970 ponit;
2039 1910 2103 1954 ac

517 1991 604 2045 vel
638 1991 778 2059 gula:
810 2005 874 2044 ac
906 1989 1137 2044 luxuria:
1174 1989 1448 2060 indulget,
1475 1989 1732 2058 doletque
1755 2002 1812 2042 et
1843 1987 2104 2042 irascitur

517 2090 576 2136 et
606 2081 931 2152 iniuriarum
962 2096 1177 2135 memor
1215 2088 1336 2146 est;
1365 2079 1606 2148 indeque
1635 2078 1878 2133 tenebris
1903 2077 2106 2132 obseu-

519 2184 608 2228 rat
655 2175 925 2238 animum,
959 2181 1055 2227 aut
1103 2172 1564 2227 immoderantius
1606 2170 1769 2243 453
1815 2168 2105 2238 disciplina

521 2274 702 2329 utens,
733 2274 974 2319 mentem
1007 2264 1218 2318 turbat.
2075 2255 2080 2257 ’

541 2370 548 2376 ·
593 2355 680 2408 66.
720 2354 942 2408 Nullam
993 2369 1181 2408 rerum
1228 2353 1392 2408 nobis
1429 2366 1460 2408 a
1498 2353 1613 2408 Deo
1655 2351 1722 2408 ad
1769 2369 1931 2408 usum
1969 2369 2106 2410 eon-

521 2461 804 2501 cessarum
864 2445 1006 2500 tollit
1074 2445 1402 2516 Scriptura,
1465 2445 1560 2500 sed
1628 2444 2106 2502 immoderantiam

523 2536 775 2606 castigat,
802 2546 861 2590 et
897 2521 1046 2605 quod
1073 2551 1101 2589 a
1135 2536 1347 2591 ratione
1390 2535 1686 2600 exorbitat,
1727 2535 1782 2589 id
1824 2537 2106 2592 emendat.

522 2629 682 2693 Puta,
715 2645 824 2683 non
853 2629 1110 2699 prohibet
1139 2629 1326 2692 edere,
1366 2628 1508 2683 ﬁlios
1555 2644 1869 2698 procreare,
1902 2630 2109 2685 habere

522 2720 809 2790 pecunias,
837 2735 903 2773 ac
947 2728 1092 2773 recte
1126 2719 1475 2788 dispensare;
1508 2717 1603 2772 sed
1634 2719 1893 2787 prohibet
1928 2719 2110 2774 ventri

523 2811 811 2880 indulgere
865 2819 923 2864 et
949 2810 1203 2871 scortari,
1236 2817 1343 2863 etc.
1375 2807 1482 2862 Sed
1512 2823 1691 2878 neque
1723 2809 1840 2864 ha:e
1867 2809 2110 2881 cogitare

521 2908 674 2956 vetat
721 2902 808 2971 (in
851 2901 959 2956 hoc
1003 2901 1152 2955 enim
1192 2899 1332 2954 facta
1369 2898 1544 2970 sunt),
1579 2899 1676 2954 sed
1717 2899 2017 2958 libidinose
2054 2911 2112 2958 et

525 3007 651 3046 cum
687 2991 888 3046 alfectu
925 2992 1188 3062 cogitare.

595 3084 684 3138 67.
722 3083 800 3136 Ea
841 3099 964 3152 quae
1015 3099 1047 3136 a
1094 3081 1261 3136 nobis
1311 3082 1516 3152 pietate
1564 3089 1856 3152 geruntur,
1911 3083 2112 3152 partim

524 3192 592 3231 ex
632 3183 906 3244 praecepto
955 3187 1241 3245 geruntur,
1282 3176 1481 3244 partim
1525 3190 1634 3228 non
1685 3190 1753 3229 ex
1797 3184 2106 3245 praecepto,

527 3266 625 3321 sed
672 3266 830 3334 quasi
874 3266 1217 3331 voluntaria,
1280 3274 1341 3320 ut
1399 3267 1525 3335 quis
1580 3265 1754 3332 dicat,
1807 3267 2108 3322 oblatione.

527 3359 666 3412 Puta
695 3373 763 3411 ex
792 3365 1068 3426 praacepto
1099 3356 1343 3425 quidem,
1375 3357 1604 3426 diligere
1631 3357 1802 3412 Deum
1831 3371 1895 3411 ac
1923 3357 2111 3428 proxi-

527 3463 701 3512 mum,
727 3448 980 3502 inimicos
1018 3447 1279 3517 diligere,
1321 3464 1432 3502 non
1480 3447 1774 3512 mmebari,
1819 3464 1922 3502 nec
1966 3449 2115 3504 occi-

527 3541 680 3607 dere,
717 3550 774 3596 et
813 3557 934 3611 qua:
969 3549 1306 3610 sequuntur;
1349 3555 1585 3610 quorum
1623 3541 1791 3595 etiam
1830 3550 2112 3613 trangres-

527 3634 704 3698 sione,
736 3633 1106 3695 damnationis
1141 3634 1222 3688 rei
1269 3632 1560 3689 elIicimur.
1590 3634 1711 3688 Non
1743 3649 1808 3688 ex
1839 3642 2113 3704 praecepto

528 3733 734 3791 autem,
765 3725 1140 3795 virginitatem
1184 3727 1388 3790 colere,
1425 3726 1671 3780 calibem
1720 3734 1777 3780 et
1813 3741 2111 3796 pauperem

529 3824 696 3884 atque
725 3816 1055 3869 monachum
1087 3831 1183 3870 seu
1217 3816 1525 3870 solitarium
1562 3831 1743 3887 agere,
1780 3831 1844 3871 ac
1874 3817 2108 3887 reliqua.

528 3905 748 3960 llabent
771 3906 889 3960 haec
911 3921 1204 3961 munerum
1230 3907 1524 3970 rationem,
1551 3916 1612 3960 ut
1636 3907 1680 3961 si
1706 3922 1814 3977 qua
1837 3916 2109 3977 praecepta

527 4011 597 4051 ex
633 3995 950 4052 inﬁrmitate
995 3997 1100 4052 rite
1155 3997 1380 4066 exsequi
1429 3998 1874 4067 nequiverimus,
1917 4014 2112 4053 mune-

529 4101 653 4140 rum
701 4101 806 4156 ope
849 4086 1308 4158 benignissimum
1357 4086 1648 4141 Dominum
1692 4096 1944 4142 nostrum
1979 4101 2113 4156 pro-

531 4177 731 4246 pitium
763 4177 1077 4232 reddamus.

602 4266 689 4320 68.
729 4265 833 4332 Qui
877 4267 1042 4320 vitam
1098 4267 1344 4322 caelibem
1394 4268 1528 4322 colit
1563 4275 1659 4324 aut
1703 4267 2111 4338 virginitatem,

529 4371 755 4410 necesse
783 4364 865 4409 est
893 4365 954 4409 ut
985 4357 1188 4411 habeat
1228 4359 1446 4413 lumbos
1475 4360 1818 4429 prazcinctos,
1844 4370 1900 4414 et
1926 4360 2113 4415 lucer-

2203 1863 2321 1941 ἀλλ’
2365 1887 2497 1957 ὅλην
2541 1883 2640 1954 τὴν
2678 1877 2875 1952 σχολὴν
2904 1875 3036 1946 περι
3063 1873 3162 1944 τὴν
3198 1872 3380 1941 σάρκα
3413 1868 3524 1937 ἔχει
3593 1863 3752 1935 xum

2202 1978 2612 2050 γαστριμαργεῖ
2661 1973 2756 2028 καὶ
2809 1965 3211 2030 ἀκολασταίνει,
3269 1960 3516 2015 λυπεῖταί
3565 1974 3624 2009 τε
3674 1957 3755 2050 καὶ

2203 2049 2484 2144 ὀργίζεται
2532 2067 2628 2122 καὶ
2677 2063 3029 2136 μνησικακεῖ,
3075 2057 3172 2112 καὶ
3227 2053 3478 2108 ἐντεῦθεν
3527 2051 3611 2105 τὸν
3633 2049 3756 2144 »νοῦν

2208 2142 2446 2230 σκοτίζει
2466 2180 2480 2194 ο
2511 2162 2546 2234 ἢ
2571 2160 2830 2234 ἀμέτρως
2859 2157 2926 2226 τῇ
2964 2152 3197 2222 ἀσκήσει
3243 2149 3528 2220 κέχρηται,
3567 2142 3654 2198 καὶ
3682 2142 3756 2196 θο-

2205 2258 2291 2312 λοῖ
2323 2256 2421 2327 τὴν
2456 2253 2712 2308 διάνοιαν.

2289 2325 2398 2408 Eg’.
2435 2339 2601 2394 Οὐδὲν
2628 2338 2740 2391 τῶν
2767 2337 2832 2390 ὲκ
2853 2332 2988 2388 Θεοῦ
3017 2332 3098 2395 είς
3115 2331 3313 2402 χρῆσιν
3363 2329 3492 2399 ἡμῖν
3523 2325 3758 2379 δοθέντων

2207 2437 2424 2507 ἀναιρεῖ
2447 2435 2482 2503 ἡ
2510 2431 2703 2503 Γραφή
2721 2446 2739 2503 ’γ
2767 2426 2904 2481 ἀλλά
2948 2427 3050 2495 τὴν
3093 2421 3368 2494 ἀμετρίαν
3411 2417 3650 2482 κολάζει,
3678 2415 3759 2469 καὶ

2207 2529 2306 2600 τὴν
2336 2524 2648 2594 ἀλογιστίαν
2685 2517 3013 2592 διορθοῦται.
3043 2511 3190 2580 υΐον,
3217 2514 3276 2568 οὺ
3309 2511 3510 2567 κωλύει
3547 2509 3753 2600 ἐσθίειν,

2209 2597 2329 2675 ούδὲ
2376 2616 2734 2680 παιδοποιεῖν,
2783 2611 2907 2665 οὐδὲ
2959 2609 3223 2681 χρήματα
3272 2603 3417 2673 ἔχειν
3462 2600 3555 2654 καὶ
3591 2597 3752 2669 ὀρθῶς

2207 2714 2464 2769 διοικεῖν-
2505 2708 2644 2762 ἀλλά
2714 2703 2916 2759 κωλύει
2975 2697 3439 2771 γαστριμαργεῖν,
3479 2687 3760 2762 πορνεύειν,

2211 2805 2308 2858 καὶ
2352 2801 2422 2856 τὰ
2456 2800 2604 2870 ἑξῆς.
2643 2796 2785 2852 Ἀλλ’
2818 2793 2941 2849 οὐδὲ
2967 2792 3030 2844 τὸ
3053 2791 3194 2843 νοεῖν
3232 2785 3411 2839 ταῦτα
3440 2780 3631 2836 κωλύει
3669 2775 3762 2850 (διὰ

2211 2896 2370 2952 τοῦτο
2394 2893 2503 2966 γὰρ
2529 2886 2864 2962 γεγόνασιν),
2899 2885 3036 2941 ἀλλά
3061 2883 3123 2936 τὸ
3145 2877 3417 2951 ἐμπαθῶς
3449 2877 3607 2929 νοεῖν.

2285 3089 2362 3154 ﬁ?
2422 3088 2504 3142 Τά
2551 3087 2648 3156 μὲν
2678 3085 2786 3138 τῶν
2836 3081 2927 3150 ὑφ’
2949 3078 3109 3151 ἡμῶν
3141 3075 3283 3130 κατὰ
3318 3074 3455 3127 Θεὸν
3486 3062 3764 3141 πραττομέ-

2217 3199 2347 3244 νων,
2390 3181 2509 3233 κατ’
2557 3175 2778 3246 ἐντολὴν
2817 3173 3116 3244 πράττεται
3140 3184 3152 3197 ·
3185 3166 3252 3219 τά
3295 3165 3377 3229 δὲ,
3404 3163 3462 3216 ού
3489 3159 3605 3214 κατ’
3635 3158 3766 3207 ἐντο-

2215 3277 2335 3346 λὴν,
2365 3275 2479 3328 ἀλλ’
2513 3273 2589 3334 ὡς
2619 3269 2684 3324 ἀν
2712 3285 2795 3331 τις
2827 3267 2992 3328 εἴποι,
3020 3261 3144 3317 καθ’
3166 3259 3415 3313 ἑκούσιον
3453 3247 3765 3346 προσφοράν.

2217 3335 2344 3421 υίον
2373 3365 2495 3419 κατ’
2523 3361 2743 3429 ἐντολὴν
2778 3359 2898 3430 μὲν,
2946 3356 3006 3409 τὸ
3047 3349 3393 3422 ἀγαπᾷν,τδν
3420 3346 3552 3399 Θεὸν
3579 3341 3666 3395 καὶ
3685 3335 3767 3430 τὸν

2215 3455 2476 3523 πλησίον·
2515 3451 2576 3504 τὸ
2598 3428 2818 3520 ἀγαπᾷν
2855 3447 2980 3508 τοὺς
3015 3441 3273 3514 ἐχθρούς·
3302 3439 3366 3492 τὸ
3407 3436 3482 3506 μὴ
3520 3428 3771 3523 μοιχεύειν

2218 3517 2352 3618 μηδὲ
2399 3517 2655 3612 φονεύειν
2683 3517 2841 3612 [unus
2884 3536 3012 3607 Reg.
3060 3528 3331 3624 cpeovaiv],
3362 3528 3458 3624 και
3487 3525 3555 3624 τά
3590 3517 3765 3624 λοιπά·

2213 3612 2370 3692 ἀτινα
2401 3635 2495 3689 καὶ
2535 3631 2903 3703 παραϐάντες,
2937 3622 3402 3696 κατακρινόμεθα.
3441 3617 3515 3670 Οὐ
3553 3612 3771 3703 κατ’-ὲν·

2213 3729 2372 3798 τολὴν
2400 3727 2479 3793 δὲ,
2513 3725 2575 3780 τὸ
2610 3700 2985 3795 παρθενεύειν,
3017 3720 3050 3788 ἡ
3083 3713 3316 3785 ἀγαμία,
3346 3714 3381 3782 ή
3409 3700 3767 3798 ἀκτημοσύνην

2213 3822 2248 3892 ἡ
2280 3793 2647 3890 ἀναχώρησις,
2696 3793 2797 3868 καὶ
2855 3811 2925 3864 τά
2968 3809 3116 3878 ἑξῆς.
3169 3805 3367 3895 Ταῦτα
3403 3800 3589 3870 δώρων
3618 3793 3769 3895 Δλύγον

2217 3883 2536 3982 ἐπέχουσιννί
2570 3907 2657 3960 ἵνα
2700 3905 2797 3959 ἆάν
2835 3918 2988 3966 τινας
3032 3898 3141 3952 τῶν
3181 3894 3412 3957 ἐντολῶν
3447 3883 3770 3982 κατορθῶσαι

2214 4003 2273 4068 te
2302 3975 2586 4061 ἀσθενείας
2609 3995 2685 4068 μὴ
2719 3991 3060 4064 δυνηθῶμεν,
3083 3987 3173 4042 διὰ
3193 3986 3302 4040 τῶν
3323 3983 3515 4056 δώρων
3539 3977 3626 4033 τὸν
3653 3975 3773 4043 ἀγα-

2213 4093 2307 4149 θὸν
2332 4091 2494 4165 ἡμῶν
2522 4083 2939 4157 ἐξιλεωσώμεθα
2959 4080 3257 4151 Δεσπότην.

2285 4282 2386 4352 ξη⁹ο
2434 4278 2494 4332 ’θ
2539 4276 2638 4347 τὴν
2681 4271 2924 4343 ἀγαμίαν
2963 4268 3140 4337 τιμῶν
3193 4265 3227 4336 ἢ
3271 4262 3593 4336 παρθενίαν,
3621 4257 3773 4352 ἀνατί

2215 4343 2386 4436 καίως
2415 4343 2620 4439 ὀφείλεί
2655 4367 2800 4437 ἐχειν
2832 4363 2932 4434 τὴν
2982 4363 3152 4430 ὀσφὺν
3200 4343 3773 4439 περιεζωσμένηνμκαὶ

531 4461 657 4499 nam
686 4445 971 4500 ardentem
995 4449 1039 4478 ’ί
1072 4463 1085 4499 :
1119 4445 1337 4503 lumbos
1375 4449 1596 4517 quidem
1631 4449 1976 4518 praecinctos,
2010 4465 2108 4519 per

2212 4463 2304 4517 τὸν
2329 4437 2520 4532 λύχνον
2554 4456 2844 4524 καιόμενον
2865 4471 2879 4486 ο
2903 4452 3003 4524 τὴν
3031 4451 3130 4522 μὲν
3163 4449 3334 4519 ὀσφὺν
3352 4445 3422 4501 δι’
3445 4437 3771 4532 ἐγκρατείας

531 4536 964 4604 continentiam;
1001 4537 1283 4592 lucernam
1314 4547 1496 4594 autem
1531 4539 1838 4606 ardentem,
1865 4557 1966 4611 per
1992 4555 2119 4611 pre-

2215 4555 2308 4608 τὸν
2341 4526 2655 4622 δὲηλύχνον,
2685 4546 2774 4602 διὰ
2798 4543 3108 4619 προσευχῆς
3131 4542 3228 4596 καὶ
3273 4539 3512 4611 θεωρίας
3542 4534 3637 4589 καὶ⁵
3659 4526 3776 4597 ἀγά-

532 4627 809 4682 eationem
855 4637 912 4683 et
955 4630 1480 4699 contemplationem
1516 4647 1581 4686 ac
1616 4631 1970 4688 dilectionem
2006 4633 2108 4704 spi-

2217 4661 2328 4715 πης
2361 4638 2760 4712 πνευματικῆς.

532 4718 770 4772 ritalem.

603 4811 691 4866 69.
733 4811 967 4878 Quidam
1025 4812 1294 4878 fratrum,
1332 4811 1638 4872 extraneos
1683 4832 1743 4871 se
1791 4833 1823 4872 a
1879 4817 2120 4888 Spiritus

531 4904 707 4958 sancti
740 4905 900 4958 donis
933 4906 1274 4960 existimant.
1305 4907 1418 4962 Nec
1448 4909 1594 4962 enim
1627 4917 1854 4976 norunt,
1879 4926 1987 4980 qua
2023 4925 2120 4965 ne-

531 4996 791 5067 gligentia
835 5012 898 5052 ac
941 4997 1154 5053 incuria
1193 4999 1382 5054 divina
1422 5001 1676 5056 mandata
1713 5012 2113 5074 exsequuntur,

531 5102 659 5142 eum
686 5088 781 5158 qui
813 5089 976 5144 ﬁdem
1011 5090 1064 5144 in
1095 5089 1375 5145 Christum
1413 5092 1684 5148 sinceram
1711 5093 1899 5160 habet,
1927 5095 2116 5150 omnia

531 5179 723 5233 divina
748 5179 890 5235 dona
918 5181 1070 5236 velut
1095 5198 1206 5236 uno
1233 5184 1634 5254 comprehensa
1667 5185 1814 5240 fasce
1843 5187 1899 5241 in
1931 5188 2116 5257 seipso

607 5316 649 5347 ¹³
675 5315 696 5370 Ι
725 5315 865 5370 Tim.
892 5332 967 5380 ιν,
997 5317 1051 5372 8.
1126 5319 1172 5351 '°
1196 5319 1375 5375 Galat.
1407 5336 1462 5387 ν,
1497 5322 1584 5377 16.
1658 5323 1702 5353 ’⁸
1729 5322 1864 5379 Luc.
1899 5339 1995 5391 xu,
2025 5323 2117 5379 55.

609 5458 673 5528 (ι)
705 5462 851 5538 ζοὺς
891 5459 1245 5538 ὀφθαλμοὺς.
1266 5462 1753 5538 κατακεντοῦντι.
1784 5463 1944 5538 Quod
1968 5471 2114 5528 erat,

533 5527 627 5601 τὸν
649 5527 793 5592 νοῦν,
816 5543 880 5583 ac
897 5529 1160 5601 mendose
1184 5530 1388 5601 Obsop.
1415 5535 1623 5590 editum
1648 5543 1768 5589 erat
1791 5527 2115 5599 dmicum,et

539 5596 706 5674 Gesn.
729 5597 1103 5674 emendatum,
1134 5596 1373 5654 animuin
1397 5602 1565 5674 (quod
1591 5612 1646 5658 et
1680 5603 1868 5659 Graeca
1894 5620 2000 5659 vox
2026 5596 2115 5659 So-

539 5669 657 5743 nat)
687 5669 823 5743 nihil
867 5668 1028 5737 plane
1061 5679 1252 5743 aptum
1283 5689 1296 5724 :
1330 5668 1602 5743 nec‘enim
1637 5673 1809 5743 spinae
1834 5685 1892 5728 et
1920 5675 2114 5729 tribuli

545 5734 660 5793 (res
685 5734 894 5812 scilicet
935 5734 1223 5811 corporea)
1258 5741 1536 5811 attingunt
1563 5734 1807 5798 animum
1836 5753 1930 5800 aut
1959 5759 2116 5801 men-

2291 4819 2387 4883 ξθ’.
2427 4816 2586 4879 Τινὲς
2627 4813 2737 4868 τῶν
2778 4811 3044 4882 ἀδελφῶν,
3081 4808 3238 4872 ἐκτὸς
3277 4806 3508 4868 ἑαυτοὺς
3537 4798 3672 4856 εἶναι
3700 4813 3774 4850 νο-

2229 4910 2471 4982 μίζουσι,
2499 4908 2611 4963 τῶν
2635 4905 2733 4962 τοῦ
2776 4907 2935 4976 ἀγίου
2963 4902 3281 4974 Πνεύματος
3306 4898 3682 4984 χαρισμάτων.
3711 4888 3776 4942 Οἱ)

2222 5004 2332 5075 γὰρ
2361 5004 2510 5057 ῐσασι
2557 5001 2648 5054 διά
2678 4999 2777 5070 τὴν
2801 4997 3066 5074 ἀμέλειαν
3101 4995 3200 5064 τῆς
3227 4993 3338 5046 τῶν
3367 4989 3602 5044 ἐντολῶν
3629 4987 3777 5053 ὲργαυ

2223 5096 2366 5159 σίας,
2401 5095 2483 5148 ὃτι
2512 5095 2542 5146 ὀ
2575 5093 2674 5164 τὴν
2707 5093 2786 5155 εἰς
2811 5088 3046 5161 Χριστὸν
3089 5087 3273 5140 πίστιν
3311 5084 3602 5140 ἀνόθευτον
3629 5077 3774 5164 ἔχων,

2221 5188 2401 5242 πάντα
2430 5186 2498 5239 τά
2531 5163 2650 5239 θεῖα
2677 5182 2992 5256 χαρίσματα
3019 5177 3322 5250 cumam
3353 5175 3470 5247 ἔχει
3509 5175 3568 5226 ὲν
3597 5163 3776 5236 ἑαυτῷ.

2220 5472 2331 5519 tem
2382 5466 2520 5533 (rem
2561 5457 3127 5533 utiquegspirttaleml
3154 5467 3216 5513 ut
3251 5459 3325 5533 in-
3353 5457 3437 5512 eis
3483 5453 3779 5533 eremplum

2260 5527 2430 5589 onere
2469 5527 2726 5588 debuerit
2763 5527 3049 5586 Maximus.
3094 5529 3266 5586 Seeus
3313 5528 3368 5582 in
3417 5527 3618 5589 oculis,
3656 5533 3780 5589 quos

2239 5549 2430 5589 ionere
2469 5539 2726 5588 debuerit
2765 5539 3049 5586 Maximus.
3094 5539 3266 5586 Secus
3313 5539 3368 5582 tn
3417 5539 3618 5589 oculis,
3693 5539 3780 5576 uos

2239 5605 2309 5659 iis
2331 5605 2622 5674 compungi
2645 5601 3023 5674 gravissimum
3051 5607 3154 5674 est,
3181 5607 3321 5674 utet
3361 5597 3516 5674 qu_od_
3551 5596 3638 5650 illa
3656 5539 3780 5663 (lad-

2222 5689 2379 5730 versa
2404 5667 2616 5731 scilice't
2641 5667 2897 5730 éharitati
2930 5669 3082 5742 vitia)
3118 5670 3174 5725 in
3209 5669 3395 5725 animo
3426 5667 3657 5722 habeas.
