4076 6406
360 338 505 402 1065

1250 337 1587 397 CAPiTU‘M
1629 337 1724 396 DE
1765 335 2197 394 CllARlTA'I‘E
2239 335 2624 397 CENTURIA
2671 338 2763 396 IV.

3483 326 3617 408 1066

367 451 587 520 Ἐπειδὴ
616 451 721 521 γὰρ
747 450 845 520 τῆς
878 450 956 512 είς
994 448 1154 501 αὑτὸν
1199 448 1320 500 κατ’
1378 448 1663 515 ἐνέργειαν
1711 447 1921 515 ἀγάπης

2041 443 2264 498 habere.
2288 443 2427 510 Quia
2448 444 2596 498 enim
2623 461 2652 496 a
2683 442 2953 497 charitate
2979 444 3034 500 in
3065 455 3191 500 actu
3217 462 3339 516 qua:
3359 448 3414 503 in
3440 449 3618 520 ipsum

352 543 445 596 διὰ
489 541 589 612 τὴν
662 541 864 610 ἀργίαν
921 539 1140 610 μακράν
1195 540 1385 608 ἐσμεν,
1439 541 1554 607 τῆς·
1585 536 1933 605 δεικνυούσης

353 636 488 702 ἡμῖν
529 633 652 694 τοὺς
687 632 745 684 ἐν
773 631 904 700 ἡμῖν
932 628 1108 693 θείους
1143 628 1472 700 θησαυροὺς,
1513 629 1736 688 εἰκότως
1779 626 1935 689 ἐκτὸς

353 723 578 784 ἑαυτοὺς
608 721 716 773 τῶν
745 720 905 774 θείων
933 720 1224 790 νομίζομεν
1245 717 1621 789 χαρισμάτων.

436 820 497 867 o'.
540 814 603 865 Εἰ
630 815 657 865 ὁ
687 811 924 880 Χριστὸς
963 813 1020 863 ἐν
1047 814 1166 871 ταῖς
1218 809 1470 880 καρδίαις
1503 809 1659 879 ἡμῶν
1689 812 1936 862 κατοικεῖ

350 908 440 959 6.5:
465 907 565 972 τῆς
592 906 850 968 πίστεως,
884 905 1027 958 κατά
1053 905 1140 956 τὸν
1176 901 1317 956 θεῖον
1353 901 1702 956 Ἀπὸστολοψ
1734 903 1934 965 πάντες

349 999 405 1049 δὲ
439 1000 487 1050 οἱ
517 997 781 1067 θησαυροὶ
809 996 907 1065 τῆς
943 994 1131 1064 σοφίας
1161 997 1255 1048 καὶ
1293 994 1394 1062 τῆς
1424 994 1676 1062 γνώσεως
1705 993 1762 1044 ἐν
1785 991 1934 1062 αὑτῷ

349 1092 492 1142 είσιν
539 1089 874 1158 ἀπόκρυφον
912 1089 1115 1150 πάντες
1147 1087 1255 1157 ἄρα
1304 1087 1354 1139 οἱ
1402 1084 1669 1156 θησαυροὶ
1701 1084 1800 1153 τῆς
1845 1101 1933 1136 σο-

348 1181 480 1248 φίας
506 1180 599 1233 καὶ
638 1179 736 1250 τῆς
769 1177 1026 1247 γνώσεως
1058 1179 1116 1229 ἐν
1157 1180 1284 1239 ταῖς·
1303 1176 1557 1247 καρδίαις
1595 1175 1754 1244 ἡμῶν
1794 1175 1934 1228 εἰσιν

345 1270 676 1339 ἀπόκρυφοι.
746 1266 1112 1336 Φαπδεροῦνται
1156 1265 1211 1318 δὲ
1255 1267 1321 1336 τῇ
1389 1265 1606 1336 καρδία,
1649 1265 1789 1317 κατά
1833 1264 1932 1335 τὴν

345 1361 642 1426 ἀναλογίαν
668 1360 766 1428 τῆς
799 1358 1033 1410 ἑκάστου
1071 1355 1161 1408 διὰ
1191 1354 1299 1408 τῶν
1324 1353 1550 1408 ἐντολῶν
1587 1355 1928 1424 καθάρσεως.

415 1549 514 1596 οα’.
557 1533 723 1602 Οὗτός
754 1541 901 1592 ἐστιν
929 1539 957 1590 ὁ
985 1537 1255 1608 θησαυρὸς
1284 1539 1312 1590 ὁ
1336 1538 1390 1589 ἐν
1415 1535 1494 1605 τῷ
1514 1534 1668 1604 ἀγρῷ
1685 1551 1930 1605 κεκρυμ.⁹

349 1637 510 1706 μένος
532 1635 626 1698 τῆ;
656 1631 881 1703 καρδίας
906 1648 1022 1692 σου,
1044 1630 1102 1683 ὃν
1117 1629 1270 1682 οΰπω
1293 1624 1447 1699 εὗρες
1479 1627 1567 1679 διὰ
1592 1626 1690 1694 τὴν
1712 1626 1926 1696 ἀργίαν.

345 1728 410 1781 ΕΞ
436 1726 546 1795 γὰρ
587 1718 764 1794 εὗρες,
804 1723 912 1793 ἀρα
943 1723 1007 1774 ἂν
1041 1720 1326 1791 πέπρακες
1366 1720 1565 1783 πάντα,
1591 1717 1684 1772 καὶ
1715 1719 1930 1787 ἐκτήσω

2039 541 2145 598 est,
2181 550 2243 589 ac
2277 551 2400 604 qua:
2431 534 2593 590 nobis
2628 535 2870 590 ostendit
2914 536 3132 591 divinos
3167 538 3475 604 thesauros,
3510 557 3622 612 quo

2040 634 2324 695 torpemus
2367 625 2501 689 otio,
2545 625 2707 693 longe
2747 625 2874 680 facti
2925 641 3135 692 sumus,
3172 631 3369 686 merito
3395 647 3497 688 nos
3522 651 3619 688 ex-

2039 722 2260 771 traneos
2283 730 2312 769 a
2335 716 2540 772 divinis
2571 717 2734 772 donis
2759 718 3154 774 existimamus.

2107 806 2195 860 70.
2232 806 2390 872 Cum,
2424 807 2598 862 divini
2638 809 2885 879 Apostoli
2909 810 3202 874 sententia,
3243 811 3497 869 Christus
3523 831 3621 885 per

2038 896 2200 952 {idem
2259 900 2471 955 habitet
2525 900 2582 954 in
2637 901 2897 956 cordibus
2943 901 3151 956 nostris
3193 903 3275 968 ”,
3319 919 3622 975 omnesque

2038 990 2284 1045 thesauri
2333 991 2619 1061 sapientiae
2659 1002 2715 1047 et
2756 993 3004 1048 scientia:
3039 994 3157 1048 'sint
3195 995 3249 1048 in
3289 1010 3356 1050 eo
3391 996 3623 1052 abscon-

2036 1080 2136 1135 diti
2167 1083 2244 1146 ⁹³;
2294 1081 2354 1136 ﬁt
2383 1083 2563 1152 plane;
2610 1091 2672 1136 ut
2715 1099 2907 1139 omnes
2959 1072 3201 1140 thesauri
3248 1085 3532 1156 sapientia:
3569 1101 3624 1144 et

2037 1173 2284 1226 scientim
2327 1172 2635 1228 absconditi
2667 1174 2778 1229 sint
2809 1174 2864 1229 in
2895 1176 3156 1231 cordibus
3192 1178 3416 1233 nostris.
3459 1179 3623 1238 Fiunt

2035 1271 2220 1319 autem
2285 1265 2438 1320 cordi
2502 1267 2816 1330 manifesti,
2868 1285 2968 1338 pro
3034 1270 3302 1339 cujusque
3364 1271 3623 1340 puritatis

2035 1367 2192 1411 certo
2219 1357 2464 1418 modulo,
2492 1373 2656 1427 quam
2693 1361 2968 1429 implendo
3002 1362 3261 1416 mandata
3289 1371 3622 1420 consecutus

2034 1449 2126 1503 sit.

2105 1535 2194 1590 7i.
2234 1535 2333 1593 llic
2369 1540 2664 1595 thesaurus
2701 1543 2755 1595 in
2788 1541 2970 1596 cordis
3002 1544 3080 1597 tui
3111 1560 3242 1614 agro
3273 1552 3358 1598 est
3385 1544 3616 1599 abscon-

2034 1626 2201 1691 ditus,
2231 1643 2394 1698 quem
2441 1645 2553 1699 prae
2600 1630 2797 1685 inertia
2845 1632 3088 1686 nondum
3127 1634 3292 1706 454
3335 1635 3616 1692 invenisti.

2034 1717 2167 1772 Nam
2225 1720 2270 1773 si
2324 1720 2660 1786 invenisses,
2709 1733 2859 1779 certe
2905 1725 3251 1781 vendidisscs
3299 1727 3514 1789 omnia,
3565 1737 3620 1782 et

337 1816 434 1872 τὸν
477 1817 647 1886 ἀγρὸν
693 1813 903 1866 τοῦτον.
942 1812 1054 1865 Νῦν
1088 1812 1144 1865 δὲ
1177 1812 1267 1864 τὸν
1299 1810 1466 1881 ἀγρὸν
1495 1810 1672 1879 ἀφεὶς,
1695 1810 1763 1860 τὰ
1800 1812 1921 1878 περὶ

2033 1823 2160 1862 eum
2203 1825 2394 1880 agrum
2442 1828 2822 1881 comparasses
2847 1814 2913 1868 “.
2946 1815 3103 1870 Nunc
3126 1825 3333 1878 autem,
3369 1833 3501 1887 agro
3536 1818 3620 1872 di-

336 1907 433 1960 τὸν
455 1906 630 1974 ἀγρὸν
664 1905 953 1975 περιέπεις
975 1920 986 1932 ·
1019 1904 1078 1954 ἐν
1102 1896 1182 1964 οἷς
1220 1901 1374 1955 οὐδὲν
1419 1900 1547 1954 ἄλλο
1584 1899 1920 1970 εὑρίσκεται,

339 1999 484 2069 πλὴν
516 1995 778 2051 ἀκανθῶν
810 1996 904 2049 καὶ
929 1993 1191 2066 τριϐόλων
1229 1991 1364 2062 (45).

411 2171 510 2240 οβ’.
550 2171 647 2224 Διά
698 2170 854 2223 τοῦτο
893 2167 1044 2236 λέγει
1081 2168 1109 2220 ὁ
1151 2169 1340 2240 Σωτήρ
1369 2180 1382 2196 ’
1413 2166 1708 2233 Μακάριοι
1739 2169 1792 2219 οἱ
1823 2182 1924 2218 κα-

337 2263 504 2330 Gripo!
550 2260 622 2328 τῇ
667 2261 902 2328 καρδίᾳ,
941 2259 1032 2313 ὅτι
1080 2260 1250 2314 αὐτοὶ
1299 2258 1404 2312 τὸν
1451 2258 1600 2312 Θεὸν
1652 2258 1922 2326 ὄψονται.

336 2355 475 2406 ἰ’ότε
503 2353 560 2404 δὲ
596 2353 812 2421 δψονται
839 2351 1023 2417 αὑτὸν,
1057 2351 1298 2413 καὶτοὺς
1327 2352 1386 2403 ἐν
1413 2349 1560 2420 αὐτῷ
1590 2349 1922 2420 θησαυροὺς,

335 2447 430 2499 ὅτε
457 2446 546 2498 διά
585 2445 810 2515 ἀγάπης
832 2448 927 2498 καὶ
958 2443 1290 2513 ἐγκρατείας
1327 2443 1554 2507 ἑαυτοὺς
1574 2441 1922 2513 καθαίρουσι·

337 2539 436 2590 καὶ
475 2536 717 2608 τοσούτῳ
744 2535 926 2602 πλέον,
963 2536 1072 2606 ὅσῳ
1112 2535 1209 2606 τὴν
1241 2533 1513 2605 κάθαρσιν
1541 2533 1890 2587 ἐπιτείνουσι.

414 2726 518 2794 ογ’.
556 2727 654 2781 Διά
683 2725 845 2781 τοῦτο
889 2726 1052 2780 πάλιν
1074 2726 1222 2794 λέγει
1249 2742 1262 2756 °
1286 2724 1615 2794 Πωλήσατε
1640 2724 1710 2776 τὰ
1738 2722 1925 2791 ὑπάρ-

335 2833 528 2887 χοντα
577 2816 764 2886 ὑμῶν,
809 2817 908 2872 καί
957 2815 1094 2870 δότε
1144 2815 1590 2882 ἐ.-ιεημοσύνην,
1639 2814 1737 2868 καί
1796 2811 1927 2867 ἰδοὺ

335 2908 540 2963 πάντα
567 2907 709 2978 ὑμῖν
734 2908 962 2976 καθαρὰ
988 2907 1161 2961 ἔσται
1178 2921 1192 2934 ·
1221 2906 1298 2968 ὡς
1343 2903 1539 2976 μηκέτι
1565 2906 1678 2968 τοῖς
1705 2921 1771 2957 πε
1783 2904 1836 2977 pl.
1866 2904 1927 2957 τὸ

339 3003 506 3073 σῶμα
541 3002 913 3073 σχολαζόντων
962 2999 1304 3071 πράγμασιν,
1347 2998 1483 3051 ἀλλά
1531 2999 1622 3051 τὸν
1656 2997 1782 3049 νοῦν
1828 3013 1927 3051 κα-

337 3094 553 3167 θαίρειν
591 3093 952 3156 σπευδόντων,
999 3091 1108 3146 ἀπὸ
1156 3091 1347 3162 μίσους
1394 3090 1487 3143 καὶ
1523 3089 1794 3160 ἀκρασίας
1817 3105 1831 3120 ⁸
1867 3087 1926 3142 ὃν

2029 1896 2218 1967 misso,
2261 1918 2386 1972 quae
2433 1915 2562 1959 sunt
2611 1906 2756 1960 circa
2805 1907 2983 1969 illum,
3026 1907 3142 1963 haec
3185 1909 3524 1964 consectaris
3562 1921 3618 1963 rt

2027 1991 2197 2058 colis;
2251 1993 2307 2047 in
2352 1995 2554 2065 quibus
2604 2007 2802 2068 praeter
2849 1999 3035 2069 spinas
3082 2009 3138 2056 et
3196 2001 3431 2056 tribulos
3477 2002 3614 2055 nihil

2034 2087 2297 2140 occurrit.

2098 2177 2184 2232 7‘2.
2228 2179 2440 2235 Idcirco
2491 2182 2567 2235 ait
2618 2182 2872 2236 Salvator
2921 2201 2932 2237 :
2982 2183 3134 2238 Beati
3185 2186 3378 2239 mundo
3429 2187 3613 2248 corde,

2027 2267 2277 2333 quoniam
2326 2270 2426 2338 ipsi
2468 2269 2636 2323 Deum
2684 2271 2928 2326 ridebunt
2971 2275 3035 2326 ".
3069 2274 3224 2328 Tunc
3262 2283 3447 2330 autem
3488 2291 3616 2331 eum

2028 2364 2158 2411 sunt
2196 2359 2394 2423 visuri,
2441 2371 2496 2415 et
2538 2362 2852 2428 thesauros,
2897 2365 2988 2434 qui
3039 2365 3094 2420 in
3147 2367 3267 2435 ipso
3307 2375 3454 2432 sunt,
3489 2382 3614 2421 cum

2028 2464 2127 2518 per
2163 2449 2519 2507 dilectionem
2559 2463 2616 2510 et
2657 2457 3058 2512 continentiam
3101 2459 3315 2529 seipsos
3355 2459 3618 2515 emunda-
3676 2505 3679 2509 .

2028 2539 2244 2605 verint;
2297 2551 2562 2613 tantoque
2613 2543 2936 2615 limpidius,
2987 2556 3198 2617 quanto
3259 2549 3455 2620 majori
3515 2565 3616 2604 au-

2027 2639 2251 2699 gmenlo
2283 2648 2403 2688 eam
2436 2634 2735 2704 puritatem
2768 2637 3195 2694 cumulaverint.

2100 2723 2188 2775 75.
2228 2722 2438 2779 Idcirco
2481 2725 2558 2779 ait
2605 2725 2806 2781 iterum
2850 2745 2863 2780 :
2913 2728 3127 2783 l’endite
3164 2747 3282 2801 qure
3321 2734 3613 2802 possidetis,

2028 2821 2078 2865 et
2120 2813 2242 2867 date
2288 2814 2710 2887 cleemosynam;
2749 2828 2800 2872 et
2843 2835 2956 2873 ecce
3000 2822 3179 2876 omnia
3220 2824 3419 2878 munda
3461 2835 3617 2882 erunt

2027 2903 2168 2956 vobis
2192 2905 2269 2969 ²⁶;
2299 2913 2560 2975 tanquam
2595 2907 2860 2962 nimirum
2892 2909 2980 2976 iis,
3015 2926 3137 2979 quae
3163 2912 3227 2966 ad
3257 2928 3460 2985 corpus
3486 2931 3613 2986 Spe-

2029 3003 2200 3058 etant,
2231 3011 2342 3049 non
2369 2998 2606 3068 amplius
2631 2999 2876 3054 animum
2908 3001 3233 3070 adhibeant,
3262 3004 3360 3060 sed
3385 3007 3454 3061 ab
3487 3008 3617 3063 odio

2030 3101 2092 3139 ac
2123 3086 2341 3142 luxuria
2381 3090 2687 3146 emundare
2719 3106 2847 3146 eum
2883 3104 3162 3165 satagant;
3201 3111 3364 3165 quem
3401 3098 3619 3154 scilicet

336 3165 570 3258 καρδίαν
599 3184 857 3256 ὀνομάζει
886 3187 914 3238 ὁ
946 3183 1169 3254 Κύριος.
1202 3182 1388 3236 Ταῦτα
1415 3181 1524 3251 γὰρ
1544 3181 1633 3234 τὸν
1669 3179 1795 3234 νοῦν
1831 3182 1921 3248 ῥυ-

2028 3176 2294 3233 Dmninus
2334 3179 2703 3249 signiﬁcatum
2755 3184 2932 3239 voluit
2973 3184 3160 3240 cordis
3201 3189 3448 3244 nomine.
3494 3189 3619 3244 Haec

332 3278 568 3343 ποῦντα,
591 3279 691 3331 οὐκ
735 3278 866 3330 ἐῶσι
909 3275 1129 3346 βλέπειν
1159 3275 1248 3328 τὸν
1286 3276 1343 3327 ἐν
1375 3274 1522 3343 αὐτῷ
1566 3273 1925 3327 κατοικοῦντα

332 3369 598 3441 Χριστὸν,
625 3368 716 3424 διὰ
731 3369 832 3439 τῆς
864 3368 1086 3440 χάριτος
1115 3367 1211 3420 τοῦ
1240 3366 1399 3436 ἁγίου
1423 3363 1804 3434 βαπτίσματος
1819 3365 1920 3434 (u).

407 3557 503 3611 οδ⁹⁹
553 3554 740 3618 Ὁδοὺς
771 3553 804 3624 ἡ
833 3549 1026 3623 Γραφὴ
1052 3549 1149 3614 τὰς
1175 3548 1374 3619 ἀρετὰς
1403 3544 1678 3617 ὀνομάζει,
1704 3544 1922 3609 Μείξων

330 3649 394 3705 δὲ
442 3647 634 3703 πασῶν
673 3645 786 3700 τῶν
825 3643 1058 3714 ἀρετῶν,
1096 3643 1130 3710 ὴ
1195 3640 1382 3710 ἀγάπη
1437 3637 1765 3708 καθέστηκε.
1823 3637 1907 3688 Διὶ

335 3738 492 3794 τοῦτο
519 3740 705 3808 ἔλεγεν
736 3739 766 3792 δ
806 3735 1133 3798 ’Λπόστολος
1158 3751 1172 3764 ·
1201 3733 1329 3786 Ἔτι
1351 3809 1356 3813 ἱ
1382 3730 1513 3783 καθ’
1565 3726 1916 3796 ὑπερϐολὴν

333 3827 486 3883 ὁδὸν
535 3827 680 3897 ὑμῖν
741 3826 1050 3893 δείκνυμι·
1091 3822 1166 3885 ὼς
1207 3819 1569 3888 καταφρονεῖν
1627 3816 1920 3870 πείθουσιν

331 3919 448 3974 τῶν
495 3917 698 3973 ὺλικῶν
738 3916 1100 3987 πραγμάτων,
1151 3913 1245 3968 καὶ
1297 3909 1463 3982 μηδὲν
1511 3909 1620 3962 τῶν
1653 3908 1918 3979 προσκαί-

333 4029 451 4086 ρων
481 4011 758 4082 προτιμᾷν
790 4009 896 4064 τῶν
930 4007 1183 4062 αἰωνίων.

407 4109 505 4158 οε’.
555 4104 620 4156 Ἦ
658 4105 741 4166 είς
772 4101 908 4156 Θεὸν
962 4099 1179 4169 ἀγάπη,
1236 4095 1556 4151 ἀνθίσταται
1604 4095 1673 4164 τῇ
1723 4091 1916 4144 ἐπιθυ-

335 4194 442 4266 μίᾳ
464 4193 612 4265 (ιωο
651 4192 830 4245 πείθει
867 4195 976 4260 γὰρ
1025 4190 1116 4242 τὸν
1157 4187 1284 4242 νοῦν
1330 4184 1758 4257 ὲγκρατεύεσθαι
1808 4181 1916 4234 ἀπὸ

329 4284 446 4339 τῶν
477 4284 700 4356 ἡδονῶν.
741 4283 807 4336 Ἦ
845 4281 906 4336 δὲ
943 4281 1022 4344 εἰς
1047 4281 1138 4334 τὸν
1188 4277 1439 4350 πλησίον,
1471 4275 1787 4330 ἀνθίσταται
1836 4273 1915 4344 τῷ

331 4377 529 4449 θυμῷ·
567 4379 714 4432 ποιεῖ
741 4376 851 4446 γὰρ
889 4373 1254 4444 καταφρονεῖν
1280 4369 1439 4441 δόξης
1473 4368 1566 4422 καὶ
1588 4367 1909 4438 χρημάτων.

2027 3267 2175 3320 enim
2209 3269 2456 3324 aninmm
2496 3271 2859 3341 inquinando,
2887 3290 2997 3328 non
3028 3275 3219 3330 sinunt
3246 3285 3304 3330 ut
3329 3275 3612 3332 Christum

2025 3371 2126 3424 per
2152 3358 2382 3426 gratiam
2413 3362 2590 3416 sancti
2625 3362 2976 3432 baptismatis
3009 3365 3062 3418 in
3095 3366 3214 3436 ipso
3245 3367 3610 3432 habitantem,

2023 3446 2270 3504 videant.

2097 3544 2182 3597 74.
2224 3543 2468 3599 Virtutes
2492 3545 2779 3615 Scriptura
2805 3546 2924 3601 vias
2949 3549 3210 3618 appellat.
3237 3550 3407 3621 Major
3429 3559 3614 3607 autem

2023 3634 2282 3688 omnibus
2311 3636 2614 3691 virtutibus
2653 3638 2737 3692 eSt
2774 3638 3052 3706 Charitas;
3096 3642 3459 3710 quamobrem
3500 3645 3614 3700 aie-

2022 3720 2115 3775 bat
2171 3722 2471 3790 Apostolus
2522 3741 2534 3778 :
2582 3724 2764 3779 Adhuc
2813 3726 3239 3782 excellentiorem
3285 3731 3427 3785 viam
3472 3735 3612 3788 vobis

2021 3813 2322 3868 demonstro
2368 3816 2466 3879 ’7;
2515 3816 2670 3870 velut
2713 3818 2978 3872 nimirum
3030 3837 3154 3890 quae
3203 3837 3293 3877 res
3343 3823 3616 3880 humanas

2021 3907 2362 3974 contemptui
2407 3907 2643 3973 habere,
2688 3909 2952 3979 nullaque
3000 3921 3354 3983 temporanea
3387 3917 3612 3972 aeternis

2020 3997 2319 4061 anteferre,
2357 3999 2606 4054 suadeat.

2091 4087 2178 4143 75.
2213 4088 2344 4155 Quae
2367 4089 2436 4144 ad
2458 4091 2631 4145 Deum
2654 4101 2740 4146 est
2765 4091 3027 4158 Charitas,
3049 4095 3341 4165 cupiditati
3367 4096 3602 4163 resistit;

2021 4178 2216 4232 suadet
2241 4179 2388 4233 enim
2422 4189 2728 4252 auctorque
2765 4182 2951 4238 animo
2979 4194 3084 4251 est,
3121 4195 3181 4240 ut
3210 4202 3270 4241 se
3293 4203 3326 4242 a
3356 4188 3609 4258 volupta-

2018 4271 2168 4327 tibus
2197 4273 2499 4328 contineat.
2533 4273 2665 4340 Quzc
2700 4282 2883 4330 autem
2923 4275 2991 4330 ad
3034 4278 3348 4348 proximum
3377 4287 3480 4347 est,
3517 4281 3606 4335 ira:

2016 4364 2379 4431 adversatur;
2409 4366 2634 4436 quippe,
2682 4381 2794 4436 quo
2839 4376 3097 4434 auctore,
3140 4369 3373 4440 gloriam
3416 4386 3482 4427 ac
3525 4371 3610 4426 di-

330 4469 450 4524 Kal.
487 4469 664 4522 ταῦτά
713 4468 820 4521 είσι
859 4466 928 4519 τὰ
959 4464 1054 4518 δύο
1098 4463 1356 4536 δηνάρια,
1385 4463 1530 4533 ἅπερ
1557 4462 1586 4513 ὁ
1612 4461 1804 4530 Σωτὴρ
1828 4459 1911 4513 δέ-

2026 4457 2180 4512 ritias
2217 4465 2658 4513 contemnamus.
2702 4458 2881 4528 Atque
2933 4461 2990 4516 hi
3042 4461 3153 4516 duo
3197 4461 3411 4518 denarii
3451 4472 3604 4523 sunt.

333 4564 480 4617 δωκε
534 4560 614 4632 τῷ
662 4561 943 4630 πανδοχεῖ,
976 4558 1064 4611 ἵνα
1106 4574 1200 4609 σου
1246 4555 1566 4626 ἐπιμέλειαν
1593 4553 1911 4624 ποιήσηται.

341 4657 507 4710 Ἀλλά
541 4656 617 4727 μὴ
666 4657 840 4725 φανῇς
889 4653 1162 4722 ἀγνώμων
1185 4653 1296 4712 τοῖς
1327 4648 1552 4721 λῃσταῖς
1579 4645 1913 4710 συνδυὰζων,

332 4751 410 4820 μή
447 4766 579 4802 ποτε
614 4747 778 4802 πάλιν
810 4746 1046 4816 πληγῇς,
1081 4746 1175 4798 καί
1209 4743 1310 4795 οὐκ
1337 4741 1418 4794 ἔτι
1453 4739 1745 4813 ἡμιθανὴς,
1778 4736 1914 4792 ἀλλὰ

325 4838 526 4910 νεκρὸς
554 4836 845 4909 εὑρεθήσῃ.

403 5101 450 5129 ’³
481 5100 682 5170 Epltes.
733 5117 809 5161 ιιι,
874 5075 962 5170 Ἰᾌ
1007 5166 1028 5170 _
1061 5096 1107 5127 ³³
1141 5093 1354 5170 ϐοιρξξ.
1392 5109 1452 5157 ιι,
1512 5093 1564 5146 5.

328 5172 374 5201 ⁸⁷
405 5171 440 5243 1,
466 5163 593 5226 Cor.
631 5189 726 5237 χιι,
761 5171 847 5225 52.
926 5167 970 5198 ’³
1007 5166 1140 5220 Luc.
1179 5180 1232 5226 ιι,
1255 5163 1344 5218 55.

404 5325 484 5395 (u)
542 5327 644 5398 Διά
699 5322 1042 5398 rip-"zde
1090 5322 1430 5398 reﬁci.er
1472 5320 1915 5398 βαπτίσματος.

324 5389 477 5468 Quin
509 5389 796 5468 scripserit
812 5389 1098 5468 Maximus,
1127 5389 1461 5468 Πνέυματος,
1486 5390 1672 5468 nullus
1699 5389 1914 5454 dubito,

328 5462 398 5525 a'd
415 5466 548 5524 illud
572 5462 720 5520 Pauli
736 5465 942 5534 Ephes.
963 5480 1038 5525 Ill,
1055 5463 1385 5534 respexisse,
1403 5462 1631 5534 δυνάμει
1649 5477 1918 5534 κραταιω-

327 5540 494 5610 θῆναι
518 5537 604 5589 διὰ
633 5535 726 5588 τοῦ
748 5530 1063 5610 ΙῘνεύματος
1079 5530 1244 5610 αἰέτοῦ
1264 5535 1344 5610 είς
1369 5533 1458 5610 τὸν
1475 5530 1582 5582 ἔσω
1605 5530 1913 5610 ἄνθρωπον,

327 5601 658 5674 κατοικῆσαι
690 5605 803 5683 ’τὸν
842 5601 1077 5683 Χριστὸν
1119 5603 1207 5683 δια
1261 5604 1360 5672 τῆς
1397 5603 1634 5683 πίστεως
1682 5602 1740 5683 ἐΙν
1796 5601 1918 5678 ταῖς

326 5670 582 5750 καρδίαις
604 5673 757 5746 ὑμῶν
773 5670 1022 5750 Lquibus
1052 5673 1241 5750 verbis
1254 5670 1462 5750 aperte
1493 5670 1819 5750 Apostolus,
1835 5670 1920 5750 in-

327 5740 732 5805 habitationem
766 5740 972 5799 Christi
1010 5743 1066 5797 in
1111 5740 1375 5797 cordibus
1413 5741 1640 5807 nostris,
1677 5740 1918 5810 Spiritus

649 5840 917 5902 ΡΑΤιιοι..
967 5840 1081 5901 Gn.
1144 5838 1268 5900 XC.

1680 5092 1724 5122 ²⁸
1751 5092 1940 5146 Matth.
1975 5107 2089 5156 xm,
2149 5092 2237 5146 44.

2018 4563 2159 4617 quos
2211 4547 2464 4603 Salvator
2498 4549 2542 4581 ’⁸
2583 4548 2740 4605 dedit
2793 4551 3132 4618 stabulario,
3181 4561 3240 4606 ut
3286 4553 3366 4607 tui
3415 4568 3602 4608 curam

2017 4646 2163 4708 agat.
2201 4636 2347 4694 Cave
2383 4647 2565 4693 autem
2589 4655 2680 4704 ne,
2715 4649 2767 4694 te
2801 4642 3114 4697 latronibus
3143 4641 3446 4713 adjungens
3505 4643 3600 4696 iis-

2018 4744 2127 4798 que
2157 4731 2593 4792 communicans,
2630 4732 2874 4802 ingratus
2912 4732 3174 4797 videaris,
3210 4747 3280 4787 ne
3306 4732 3468 4794 forte,
3505 4732 3606 4787 ite-

2021 4837 2141 4875 rum
2174 4823 2417 4891 aceeptis
2448 4823 2640 4893 plagis,
2667 4839 2776 4878 non
2802 4826 2912 4895 jam
2945 4824 3263 4889 semivivus,
3293 4824 3390 4880 sed
3424 4823 3603 4894 reipsa

2021 4927 2276 4972 mortuus
2309 4918 2629 4974 inveniaris.

2353 5094 2396 5124 "’
2429 5093 2619 5146 Matth.
2653 5111 2706 5159 v,
2737 5092 2787 5146 8.
2888 5095 2930 5124 ²⁶
2955 5094 3084 5147 Luc.
3142 5111 3233 5157 xn,
3267 5078 3476 5162 δέξω,
3510 5097 3596 5151 41.

2019 5317 2193 5389 sancti
2239 5318 2431 5389 gratiae
2470 5318 2719 5374 ascribit.
2769 5315 2954 5373 Gratia
3000 5328 3184 5374 autem
3211 5317 3597 5389 baptismatis,

2017 5388 2121 5442 etsi
2148 5397 2203 5442 et
2237 5388 2353 5456 ipsa
2383 5387 2621 5456 Spiritus
2655 5388 2830 5444 sancti
2867 5390 3039 5458 gratia
3072 5397 3177 5452 est,
3207 5388 3260 5442 in
3291 5387 3482 5458 paucis
3515 5395 3596 5443 ta-

2017 5473 2143 5512 men
2180 5458 2406 5521 adultis,
2435 5459 2499 5511 ad
2543 5473 2684 5527 quos
2719 5459 2833 5513 lizec
2861 5468 3133 5528 spectant,
3174 5459 3466 5514 incolumis
3493 5469 3594 5517 est,

2017 5528 2112 5582 sed
2145 5529 2316 5596 magis
2352 5543 2471 5597 qum
2495 5545 2561 5580 ex
2603 5529 2927 5596 pmnitentia
2965 5530 3198 5583 exsistit.
3229 5530 3346 5584 Non
3374 5544 3504 5598 ergo
3531 5531 3596 5581 εισι

2015 5613 2137 5651 eam
2179 5598 2373 5651 debuit
2405 5599 2619 5651 Max-imi
2664 5598 2916 5653 doctrina
2955 5601 3154 5654 arctari
3198 5617 3210 5652 :
3253 5612 3317 5652 ac
3355 5598 3597 5666 proclive

2016 5667 2118 5721 fuit
2146 5684 2212 5721 ex
2244 5669 2396 5721 vocis
2441 5667 2700 5723 allinitate
2719 5669 2797 5739 sic
2832 5670 3088 5739 imperito
3121 5668 3438 5737 antiquario
3480 5685 3595 5720 mu-

2018 5747 2156 5804 tare,
2193 5754 2259 5793 ex
2300 5755 2410 5809 quo
2443 5754 2598 5793 error
2631 5740 2686 5793 in
2716 5738 2851 5794 alios
2884 5738 3046 5795 codd.
3079 5739 3383 5810 productus
3411 5739 3481 5793 sit

3206 5833 3281 5894 3's
