4076 6426
528 322 663 408 ποστ

1705 344 1765 404 S.
1808 340 2095 403 MAXIMI
2134 340 2643 401 CONFESSORIS

3520 370 3525 376 -
3638 340 3757 407 W33

597 457 684 511 76.
723 454 973 509 Emunda
1017 455 1263 509 animum
1307 461 1462 509 tuum
1498 455 1567 508 ab
1610 453 1775 507 ira'ct
1807 450 2108 513 simultate,

2290 456 2396 515 og’.
2441 450 2688 522 Κάθαιρε
2728 448 2821 501 τὸν
2864 447 2986 503 νοῦν
3025 464 3118 501 σου
3153 446 3262 500 ἀπὸ
3292 444 3483 516 ὀργῆς,
3517 449 3605 502 καὶ
3635 471 3757 524 μνη-

525 569 589 609 ae
629 551 884 621 turpibus
922 550 1374 621 cogitationibus.
1425 550 1596 620 quue
1633 548 1727 603 ubi
1762 544 2110 618 prmstiteris,

525 644 927 701 inhabitantem
955 644 1238 700 Christum
1266 658 1429 699 nosse
1463 641 1692 713 poteris.

596 739 682 792 77.
720 736 857 805 Quis
894 746 948 792 te
986 736 1318 792 illuminavit
1362 735 1418 790 in
1455 733 1617 789 ﬁdem
1656 743 1858 787 sanctae
1888 739 1944 783 et
1983 743 2115 783 con-

524 830 906 887 substantialis
959 843 1022 883 ac
1083 827 1376 883 adorandae
1440 825 1764 890 Trinitatis;
1828 832 1925 877 aut
1987 820 2114 890 quis

524 921 957 996 dispensationis
1006 923 1062 976 in
1112 936 1279 977 carne
1328 920 1492 974 unius
1535 934 1566 974 e
1606 926 1795 973 sancta
1841 914 2111 969 Trinitate

525 1018 779 1074 notitiam
826 1014 1047 1072 intulit?
1077 1014 1213 1081 Quis
1251 1025 1387 1067 vero
1425 1010 1723 1081 spirituum
1762 1023 1859 1062 seu
1898 1005 2112 1061 animo-

524 1126 649 1167 tum
686 1110 931 1165 rationes
970 1108 1179 1171 docuit,
1216 1105 1300 1161 vel
1341 1120 1457 1169 eas,
1491 1119 1614 1174 qua:
1653 1101 1721 1157 ad
1760 1107 1946 1154 ortum
1986 1112 2112 1166 spe-

524 1211 676 1259 ctant
741 1217 805 1257 ac
864 1198 1397 1256 consummationem
1461 1193 1655 1249 mundi
1720 1192 1885 1262 hujus
1935 1188 2110 1244 oculis

525 1292 913 1365 aspectabilis,
963 1290 1078 1347 sive
1121 1290 1289 1346 etiam
1336 1288 1405 1344 ad
1453 1284 1917 1342 resurrectionem
1963 1296 2111 1335 mor-

528 1395 748 1441 tuorum
773 1392 829 1440 et
852 1384 1020 1439 vitam
1043 1391 1328 1448 aeternam,
1346 1380 1431 1437 vel
1456 1379 1522 1434 ad
1545 1378 1777 1449 gloriam
1800 1385 1856 1431 et
1879 1389 2107 1445 regnum

524 1478 790 1533 caelorum
847 1473 1308 1543 tremendumque
1349 1469 1663 1543 judicium?
1705 1466 1867 1540 455
1916 1466 2110 1520 Nonne

524 1587 646 1641 quae
689 1570 742 1624 in
788 1578 842 1624 te
884 1568 1100 1623 habitat
1140 1565 1344 1622 Christi
1388 1563 1589 1635 gratia,
1632 1569 1825 1630 estque
1870 1557 2108 1613 arrhabo

524 1664 699 1719 sancti
732 1661 1003 1733 Spiritus?
1036 1658 1179 1727 Quid
1214 1659 1319 1713 hac
1361 1656 1542 1727 majus
1589 1653 1804 1727 gratia?
1836 1660 1931 1707 aut
1973 1649 2107 1722 quid

525 1753 627 1809 hac
670 1752 1022 1824 praestantius
1062 1748 1332 1820 sapientia
1368 1754 1426 1804 et
1469 1746 1732 1811 scientia,
1770 1744 1975 1816 quidve
2016 1743 2105 1805 iis,

2216 541 2492 607 σικακίας,
2526 542 2619 597 καὶ
2662 541 2770 594 τῶν
2812 540 3054 611 αἰσχρῶν
3082 538 3377 608 λογισμῶν.
3414 540 3520 593 Ka‘t
3546 542 3658 595 τότε
3684 544 3758 597 δυο

2212 637 2353 707 νήσῃ
2379 635 2582 704 γνῶναι
2614 635 2712 707 τὴν
2745 632 2840 687 τοῦ
2867 631 3106 705 Χριστοῦ
3133 632 3428 702 ἐνοίκησιν.

2283 727 2378 792 οξ’.
2423 727 2520 792 Τίς
2553 744 2612 781 σε
2644 728 2911 795 ἐφώτισεν
2943 728 3024 790 εἰς
3047 726 3149 797 τήν
3174 725 3357 779 πίστιν
3379 726 3475 795 τῆς
3503 727 3658 794 ἁγίας
3677 730 3764 784 καὶ

2211 820 2497 889 ὁμοουσίου
2532 820 2626 873 καὶ
2654 822 3038 890 προσκυνητῆς
3067 817 3302 888 Τριάδος
3325 817 3472 885 (47);
3509 817 3542 888 ἢ
3571 818 3649 881 τίς
3690 836 3764 873 σοι

2213 910 2478 982 ἐγνώρισε
2507 911 2607 982 τὴν
2634 912 2901 982 ἐνσαρκον
2916 909 3231 983 οἰκονομίαν
3252 910 3346 962 τοῦ
3371 909 3487 974 ἐνὸς
3503 911 3597 982 τῆς
3619 913 3768 980 ἁγίας

2212 1006 2466 1076 Τριάδος;
2507 1005 2604 1069 Τίς
2653 1003 2711 1058 δέ
2741 1021 2800 1057 σε
2857 1002 3062 1070 ἐδίδαξε
3122 1005 3253 1067 τοὺς
3302 1002 3432 1073 περὶ⁵
3476 1004 3769 1073 ἀσωμάτων

2209 1097 2492 1168 λόγους,ἢ
2535 1099 2661 1160 τοὺς
2707 1097 2835 1166 περὶ
2887 1095 3156 1164 γενέσεως
3209 1097 3305 1149 καὶ
3354 1095 3769 1160 συντελείαςτοῦ

2212 1189 2496 1259 ὁρωμένου
2549 1188 2756 1259 κόσμου
2778 1204 2791 1218 ·
2826 1187 2860 1257 ἧ
2906 1188 3034 1258 περὶ
3081 1187 3183 1257 τῆς
3214 1187 3280 1240 ἐκ
3307 1186 3518 1257 νεκρῶν
3549 1189 3772 1242 ἀναστάυ

2214 1297 2351 1344 eam;
2382 1291 2475 1333 και
2504 1280 2726 1334 αίωνίου
2752 1280 2921 1351 ζωῆς,
2952 1280 2984 1350 ἢ
3023 1280 3153 1350 περὶ
3182 1280 3277 1350 τῆς
3312 1278 3471 1349 δόξης
3495 1280 3592 1350 τῆς
3632 1280 3759 1351 βασι-

2210 1373 2361 1437 λείας
2393 1372 2501 1426 τῶν
2526 1374 2794 1445 οὐρανῶν,
2834 1374 2927 1428 καὶ
2956 1372 3053 1443 τῆς
3081 1372 3322 1445 φοϐερᾶς
3369 1373 3624 1444 κρίσεως;
3649 1375 3774 1445 Οὐχὶ

2212 1466 2427 1537 ήχάρις
2451 1465 2545 1519 τοῦ
2572 1464 2809 1536 Χριστοῦ
2841 1466 2873 1535 ή
2900 1466 3188 1518 ἐνοικοῦσα
3232 1467 3290 1518 ἐν
3319 1464 3433 1531 σοί;
3486 1466 3606 1536 ἥτις
3637 1468 3772 1520 ἐστὶν

2209 1560 2238 1610 ό
2266 1558 2522 1631 ἀρραϐὼν
2561 1557 2653 1611 τοῦ
2688 1557 2846 1627 ἁγίου
2872 1559 3229 1628 Πνεῦματος;
3266 1558 3332 1610 Τί
3367 1558 3555 1629 μεῖζον
3580 1559 3772 1630 ταύτης

2210 1652 2309 1722 τῆς
2355 1652 2610 1723 χάριτος;
2656 1652 2689 1723 ἢ
2738 1651 2792 1704 τί
2831 1654 3083 1722 κρεῖττον
3112 1649 3314 1721 ταύτης
3338 1651 3440 1721 τῆς
3473 1650 3664 1719 σοφίας
3691 1652 3777 1703 καὶ

2211 1744 2306 1814 τῆς
2360 1744 2656 1813 γνώσεως;
2700 1743 2732 1814 ἦ
2771 1742 2824 1796 τί
2872 1741 2979 1796 τῶν
3023 1742 3368 1811 ἐπαγγελιῶν
3421 1742 3776 1814 ὑψηλότερονς

522 1859 647 1914 qua:
683 1843 953 1927 promissa
986 1848 1138 1908 sunt,
1174 1839 1505 1896 sublimius?
1539 1836 1634 1893 Sin
1676 1845 1862 1892 autem
1900 1836 2109 1890 inertes

2217 1838 2276 1891 El
2302 1836 2360 1890 δέ
2394 1837 2565 1913 ἐσμεν
2613 1835 2775 1908 ἀργοὶ
2807 1834 2901 1888 καὶ
2943 1832 3187 1905 ἀμελεῖς,
3218 1833 3310 1886 καὶ
3342 1832 3420 1903 μὴ
3454 1831 3778 1903 καθαίρομεν

521 1947 827 2003 segnesque
870 1925 1082 1997 Sumus,
1116 1946 1221 1987 nec
1254 1946 1286 1986 a
1329 1928 1848 2001 perturbationibus
1876 1941 1939 1982 ac
1971 1925 2108 1982 ade-

520 2022 708 2077 ctibus
767 2020 1205 2096 impedientibus
1258 2030 1612 2091 mentemque
1666 2018 2108 2085 excaecantibus,

521 2129 623 2169 nos
668 2113 772 2184 ipsi
814 2112 1200 2177 emundamus,
1242 2119 1305 2166 ut
1341 2112 1425 2166 vel
1474 2112 1594 2181 ipso
1629 2110 1835 2166 clarius
1865 2110 1981 2165 sole
2012 2109 2113 2164 ho-

523 2220 645 2258 rum
679 2205 925 2261 rationes
950 2204 1142 2259 videre
1163 2203 1463 2275 possimus,
1498 2203 1555 2257 in
1589 2218 1692 2259 nos
1717 2202 1866 2273 ipsos
1888 2217 2111 2258 causam

521 2296 831 2351 referamus
859 2335 873 2361 ,
925 2310 1029 2351 nec
1070 2309 1194 2364 quae
1245 2293 1304 2350 in
1358 2292 1521 2349 nobis
1576 2292 1823 2361 habitat,
1878 2293 2111 2365 gratiam

524 2383 881 2458 abnegemus.

594 2476 682 2531 78.
718 2476 822 2543 Qui
854 2475 953 2531 tibi
1001 2484 1209 2531 aeterna
1268 2476 1413 2531 bona
1458 2475 1737 2546 pollicitus
1777 2483 1881 2540 est,
1942 2474 2110 2541 Deus,

524 2567 691 2636 inque
728 2572 824 2620 tuo
852 2573 1076 2635 pectore
1123 2563 1363 2634 Spiritus
1417 2562 1786 2618 arrhabonem
1831 2562 2003 2627 dedit,
2044 2564 2111 2629 is,

525 2673 719 2728 magna
745 2671 875 2711 cura
927 2671 992 2711 ac
1024 2655 1310 2727 diligentia
1351 2656 1477 2711 vitae
1524 2655 1769 2711 rationes
1814 2655 1913 2709 tibi
1955 2655 2115 2710 insti-

522 2750 753 2805 tuendas
782 2748 1076 2819 prreeepit;
1118 2756 1179 2803 ut
1209 2746 1374 2803 homo
1420 2748 1652 2804 interior
1700 2748 1771 2803 ab
1824 2748 2114 2803 aﬂ'eetibus

522 2853 688 2912 atque
739 2839 889 2895 vitiis
940 2839 1228 2906 liberatus,
1275 2840 1388 2911 jam
1432 2847 1548 2894 tum
1596 2838 1761 2894 bonis
1810 2837 1920 2893 frui
1971 2838 2111 2894 inci-

524 2942 702 3003 perct.

595 3026 682 3078 79.
734 3023 1055 3078 Divinorum
1108 3037 1173 3076 ac
1221 3020 1542 3076 sublimium
1583 3020 2111 3091 contemplationum

525 3134 751 3187 t‘mnpos
803 3115 1054 3179 effectus,
1088 3128 1340 3185 magnam
1371 3113 1728 3168 charitatiac
1761 3112 2113 3168 continentia:

526 3208 870 3278 diligentiam
897 3205 1040 3262 habe
1066 3224 1079 3260 :
1110 3220 1220 3277 quo
1240 3220 1437 3276 nempe
1458 3212 1669 3276 partem
1700 3204 1868 3260 animi
1902 3204 2115 3259 allecti-

528 3304 631 3356 bus
650 3300 965 3366 obnoxiam,
1003 3298 1458 3370 imperturbatam
1511 3296 1757 3364 servans,
1794 3297 2118 3354 indeliciens

528 3394 699 3449 animi
718 3393 883 3465 jubar
907 3392 1178 3449 obtinens.

597 3484 1050 3538 80.1raseeutem
1101 3480 1271 3537 animi
1325 3490 1539 3552 partem
1579 3481 1852 3536 charitate
1914 3479 2112 3545 frena;

527 3577 755 3645 ejusque
786 3582 995 3644 partem
1023 3572 1506 3643 concupiscentem
1537 3573 1893 3628 continentiae
1914 3572 2118 3627 labori-

530 3666 633 3719 bus
660 3680 915 3720 maccra:
970 3664 1082 3719 vim
1135 3671 1321 3719 autem
1383 3662 1613 3719 rationis
1658 3662 1927 3718 orationis
1965 3661 2115 3716 cultu

527 3755 820 3810 sublimem
839 3754 992 3821 leva;
1022 3768 1124 3808 nec
1153 3752 1291 3808 ullas
1318 3767 1561 3823 unquam
1582 3751 1783 3807 mentis
1802 3759 1910 3806 tuas
1929 3751 2118 3805 lumen

532 3845 792 3900 tenebras
823 3844 1093 3899 incurret.

600 3933 693 3991 8|.
731 3936 865 4003 Qute
922 3934 1280 3992 dilectionem
1329 3934 1573 3999 solvunt,
1622 3933 1740 3989 hac
1780 3932 1898 3990 fere
1954 3941 2117 4000 sunt;

532 4045 752 4100 nempe,
797 4029 1078 4085 detractus
1110 4027 1310 4095 honor,
1339 4025 1527 4091 damni
1578 4025 1716 4082 illati
1758 4025 1978 4099 injuria,
2030 4040 2120 4081 ea-

532 4116 761 4183 lumnia,
795 4116 909 4173 sive
936 4115 994 4171 in
1020 4115 1149 4181 ﬁde,
1181 4116 1299 4173 sive
1320 4115 1377 4170 in
1406 4115 1518 4171 vita
1551 4130 1616 4171 ac
1665 4116 1947 4184 moribus;
1993 4132 2121 4172 ver-

536 4212 688 4272 bera,
719 4209 970 4272 vulnera,
1016 4216 1123 4262 etc.
1171 4209 1352 4277 Atque
1397 4206 1516 4261 haec
1547 4206 1633 4261 vel
1671 4221 1793 4277 quae
1822 4205 1927 4276 ipsi
1984 4221 2121 4262 eon-

532 4293 772 4371 tingant,
804 4300 889 4354 vel
922 4315 1046 4368 quae
1089 4297 1335 4352 amnium
1381 4297 1623 4369 cuipiam
1665 4313 1762 4353 seu
1818 4299 2121 4354 amicorum

534 4396 872 4462 irroga-tur.
898 4390 1001 4457 Qui
1034 4390 1201 4461 igitur
1231 4389 1432 4445 horum
1488 4390 1723 4463 alicujus
1754 4406 1919 4447 causa
1978 4391 2120 4446 dile-

536 4482 783 4537 ctionem
804 4480 1054 4536 solvitac
1077 4480 1426 4546 charitatem,
1479 4481 1526 4537 is
1571 4481 1809 4537 necdum
1864 4483 2117 4553 quisnam
2155 4490 2198 4545 ι)

549 4576 674 4630 finis
705 4575 778 4631 sit
799 4573 1186 4629 mandatorum
1218 4572 1421 4630 Christi
1449 4575 1724 4646 cognovit.

615 4665 702 4719 82.
758 4663 928 4721 Stude
982 4672 1187 4734 quanta
1238 4663 1469 4720 facultas
1525 4667 1777 4735 quemvis
1832 4667 2120 4723 hominum

536 4757 787 4828 diligere.
829 4754 925 4811 Sin
953 4762 1138 4811 autem
1171 4753 1226 4810 id
1264 4755 1500 4811 necdum
1534 4767 1793 4828 praestare
1818 4759 1991 4824 vales,
2034 4760 2122 4814 vel

537 4857 687 4905 certe
720 4848 999 4904 neminem
1055 4846 1260 4903 oderis.
1291 4847 1370 4903 Ac
1418 4863 1488 4903 ne
1543 4848 1651 4905 hoc
1700 4849 1926 4919 quidem
1974 4850 2124 4905 vales

540 4951 819 5012 przestarc,
854 4939 960 4995 nisi
985 4956 1108 5010 quae
1127 4948 1257 4995 sunt
1282 4940 1477 4995 mundi
1504 4941 1924 5010 contempseris.

608 5034 696 5089 83.
737 5033 861 5088 Tibi
889 5031 1093 5103 aliquis
1125 5031 1448 5087 maledixit?
1471 5030 1550 5086 Ne
1605 5031 1756 5086 illum
1787 5030 1994 5096 oderis,
2027 5031 2123 5086 sed

539 5126 689 5197 quod
724 5126 779 5181 in
815 5134 866 5181 te
911 5126 1176 5197 jactatum
1203 5133 1289 5179 est
1351 5122 1728 5189 maledictum,
1766 5125 1994 5195 ejusque
2043 5125 2126 5195 ja-

541 5217 727 5272 rtandi
757 5225 1063 5276 auctorem.
1098 5215 1405 5271 diabolum.
1438 5215 1532 5270 Sin
1565 5224 1748 5270 autem
1786 5215 1963 5285 ipsum
1990 5216 2122 5271 ode-

543 5310 639 5373 ris,
674 5309 768 5378 qui
808 5309 1109 5374 maledixit,
1135 5308 1418 5363 hominem
1440 5307 1627 5373 odisti,
1654 5322 1893 5378 reusque
1917 5324 1978 5363 es
2005 5308 2121 5361 vio-

542 5398 636 5452 lati
670 5397 956 5453 mandati:
989 5413 1054 5454 ac
1109 5399 1258 5468 quod
1311 5399 1403 5454 ille
1463 5398 1595 5454 fecit
1648 5398 1840 5462 verbo,
1894 5407 1949 5452 tu
1992 5398 2126 5455 facis

539 5505 730 5561 opere.
757 5488 853 5543 Sin
879 5497 1062 5545 autem
1094 5506 1281 5546 servas
1304 5490 1645 5553 mandatum,
1671 5506 1791 5561 quze
1812 5490 2125 5546 dilectionis

540 5588 691 5649 sunt,
721 5581 944 5644 exhibe,
973 5596 1039 5637 ac
1070 5582 1116 5636 si
1151 5582 1283 5650 quid
1316 5598 1415 5652 per
1452 5582 1769 5638 facultatem
1805 5582 1954 5649 licet,
1982 5582 2124 5637 ferto

542 5688 725 5742 opem,
753 5681 815 5728 ut
843 5688 873 5727 a
901 5672 1048 5728 malo
1070 5673 1293 5730 liberes.

617 5765 705 5829 ει.
737 5765 859 5823 Non
898 5764 1016 5819 vult
1039 5764 1314 5832 Christus,
1372 5772 1432 5820 ut
1494 5764 1756 5822 adversus
1811 5767 2124 5839 quempiam

2210 1928 2437 1992 ἑαυτοὺς
2470 1926 2579 1981 τῶν
2626 1926 2944 1981 κωλυόντων
2992 1926 3160 1996 ἡμᾶς,
3197 1925 3290 1979 καὶ
3335 1924 3432 1978 τὸν
3482 1924 3607 1979 νοῦν
3638 1925 3780 1997 ήμῶν

2210 2023 2619 2094 ἐκτυφλοῦντων
2653 2022 2860 2087 παθῶν,
2892 2019 3035 2075 ὥστε
3054 2020 3312 2075 δύνασθαι
3341 2019 3442 2075 καὶ⁵
3474 2020 3783 2092 τρανότερον

2212 2116 2366 2188 ἡλίου
2397 2116 2523 2179 τοὺς
2553 2113 2914 2188 περὶτούτων
2942 2113 3136 2182 λόγους
3158 2111 3311 2184 ὁρᾷν,
3349 2111 3583 2174 ἑαυτοὺς
3614 2112 3782 2163 αἰτια-

2213 2207 2460 2279 σώμεθα,
2498 2208 2593 2262 καὶ
2626 2206 2701 2280 μὴ
2726 2206 2825 2278 τὴν
2854 2206 2953 2277 τῆς
2978 2204 3199 2276 χάριτος
3231 2201 3514 2273 ἐνοίκησιν
3547 2200 3784 2274 ἀρνησώ-

2215 2295 2374 2368 μεθα.
3076 2310 3083 2316 ·

2284 2477 2385 2542 οην.
2456 2470 2515 2525 Ὀ
2580 2469 3052 2540 ἐπαγγειλάμενός
3113 2484 3194 2521 σοι
3262 2464 3406 2530 Θεὸς
3477 2465 3549 2523 τὰ
3611 2463 3790 2519 αίώνια

2212 2563 2416 2633 ἀγαθὰ,
2467 2561 2564 2616 καὶ
2609 2562 2702 2615 τὸν
2764 2559 3064 2633 ἀρραϐῶνα
3116 2558 3212 2613 τοῦ
3245 2556 3574 2628 [Ινεύματος
3620 2558 3677 2609 ἐν
3728 2558 3788 2625 τῇ

2208 2658 2411 2729 καρδίᾳ
2457 2653 2746 2718 δεδωκὼς,
2818 2652 3123 2707 ἐνετείλατό
3172 2669 3255 2705 σοι
3308 2650 3697 2722 ἐπιμελεῖσθαι
3740 2665 3792 2701 σε

2209 2746 2306 2800 τοῦ
2340 2746 2478 2816 βίου,
2519 2744 2607 2799 ἴνά
2664 2747 2692 2798 ό
2744 2745 2851 2797 ἔσω
2906 2742 3195 2815 ἄνθρωπος
3236 2741 3345 2796 τῶν
3403 2742 3599 2797 παθῶν
3653 2740 3792 2794 ἐλευ-

2213 2836 2495 2908 Θερωοεὶς,
2524 2836 2753 2908 ἄρξηται
2785 2835 3120 2891 ἀπεντεῦοεν
3144 2834 3243 2906 τῆς
3272 2833 3389 2888 τῶν
3414 2833 3645 2903 ἀγαθῶν
3668 2834 3795 2887 ἀπο-

2211 2929 2478 2993 λαύσεως.

2283 3023 2380 3077 00'.
2427 3024 2550 3078 Τῶν
2590 3024 2750 3078 θείων
2780 3023 2875 3078 καὶ
2914 3022 3136 3094 ὑψηλῶν
3185 3019 3567 3085 καταξιωθεὶς
3597 3018 3797 3089 θεωρη-

2220 3117 2406 3187 μάτων
2427 3155 2442 3181 ,
2476 3114 2683 3186 σφόδρα
2732 3114 2997 3185 ἐπιμελοῦ
3029 3102 3254 3184 ἀγάπης
3284 3113 3387 3167 καὶ
3432 3110 3757 3183 ἐγκρατείας
3786 3122 3798 3138 ·

2217 3209 2307 3262 ἵνα
2337 3205 2398 3260 τὸ
2439 3205 2744 3278 παθητικὴν
2794 3206 3071 3285 ἀτάραχον
3099 3204 3493 3274 διαφυλάττων
3518 3244 3533 3270 ,
3564 3201 3801 3258 ἀνέκλειο

2217 3319 2350 3355 πτον
2379 3298 2508 3372 Eii-.3;
2536 3299 2598 3353 τὸ
2625 3299 2725 3370 τῆς
2752 3298 2932 3370 ψυχῆς
2965 3298 3187 3367 φέγγος.

2291 3490 2364 3538 π’.
2403 3483 2476 3536 Τὸ
2525 3481 2756 3553 θυμικὸν
2804 3481 2903 3552 τῆς
2952 3478 3166 3551 ψυχῆς,
3223 3477 3422 3549 ἀγάπῃ
3466 3475 3803 3547 χαλίνωσον·

2219 3577 2314 3629 καὶ
2338 3575 2399 3628 τὸ
2421 3571 2822 3643 ἐπιθυμητικὸν
2844 3572 3014 3642 αὐτῆς
3065 3568 3366 3641 ἐγκρατείᾳ
3392 3566 3805 3639 καταμαρανοψ

2219 3669 2315 3724 καὶ
2348 3668 2407 3722 τὸ
2451 3667 2670 3735 λογικὸν
2706 3666 2878 3736 αὐτῆς
2917 3665 3195 3735 προσευχῇ
3251 3662 3553 3735 πτέρωσον
3577 3678 3593 3694 ⁸
3639 3659 3734 3714 καὶ
3757 3656 3810 3710 τὸ

2222 3761 2338 3831 φῶς
2365 3759 2461 3814 τοῦ
2492 3758 2585 3813 νοῦ
2610 3759 2712 3812 οὐκ
2741 3755 3090 3829 ἀμαυροῦται
3123 3772 3278 3810 ποτε.

2294 3939 2408 3997 πα⁹.
2463 3939 2546 3994 Τὰ
2572 3938 2673 4012 τὴν
2716 3938 2944 4010 ἀγάπην
2997 3937 3217 4002 λύοντα,
3255 3937 3369 3991 είσὶ
3422 3936 3644 3993 ταῦτα’
3683 3928 3810 3997 οἷον,

2222 4034 2435 4106 ἀτιμία,
2469 4032 2665 4105 ζημία,
2701 4031 3059 4101 συκοφαντία,
3089 4028 3123 4101 ἢ
3155 4030 3236 4094 είς
3262 4029 3480 4095 πίστιν,
3507 4030 3542 4101 ἢ
3570 4031 3652 4092 είς
3684 4027 3811 4098 βίον

2223 4125 2424 4198 δαρμοὶ
2452 4168 2465 4191 ,
2516 4124 2726 4195 πληγαὶ
2752 4162 2768 4189 ,
2816 4123 2913 4177 καὶ
2948 4122 3017 4176 τὰ
3049 4122 3179 4193 ἑξῆς
3200 4139 3215 4152 -
3252 4122 3349 4177 καὶ
3383 4122 3573 4179 ταῦτα
3601 4123 3637 4195 ἢ
3674 4119 3816 4191 αὐτῷ

2226 4217 2611 4289 συμϐαίνοντα,
2643 4218 2677 4287 ἦ
2712 4233 2821 4269 τινι
2859 4216 2967 4269 τῶν
3000 4213 3166 4269 αὐτοῦ
3213 4216 3514 4284 συγγενῶν
3546 4217 3581 4288 ἢ
3633 4214 3812 4285 φίλων.

2238 4311 2295 4365 '0
2321 4305 2416 4364 οῦν
2442 4309 2532 4363 διά
2564 4326 2615 4363 τι
2651 4308 2857 4362 τούτων
2889 4306 3031 4362 λύων
3058 4307 3159 4379 τήν
3190 4307 3445 4378 ἀγάπην,
3492 4306 3655 4363 οὔπω
3682 4305 3816 4375 ἐγνω

2224 4408 2309 4470 τίς
2336 4408 2364 4461 ὁ
2393 4405 2592 4469 σκοπὸς
2626 4403 2737 4459 τῶν
2769 4401 2865 4456 τοῦ
2895 4400 3134 4474 Χριστοῦ
3161 4393 3424 4457 ἐντολῶν.

2298 4665 2409 4737 πβ¹.
2462 4664 2774 4719 Σπούδασον
2824 4663 2951 4720 ὅσον
3003 4664 3229 4721 δύνασαι
3287 4666 3483 4722 πάντα
3535 4666 3819 4738 ἄνθρωπον

2227 4759 2535 4827 ἀγαπῆσαι.
2568 4758 2632 4811 Et
2678 4757 2737 4812 δὲ
2767 4756 2925 4811 τοῦτο
2957 4756 3110 4811 οὔπω
3148 4752 3382 4813 δύνασαι
3407 4799 3425 4825 ,
3465 4759 3578 4814 κᾶν
3623 4759 3821 4831 μηδένα

2230 4850 2487 4921 μισήσῃς.
2524 4849 2600 4923 Οὐ
2650 4849 2877 4904 δύνασαι
2926 4848 2983 4902 δὲ
3012 4848 3134 4903 οὐδὲ
3163 4848 3320 4904 τοῦτο
3351 4850 3601 4923 ποιῆσαι
3620 4891 3638 4918 ,
3675 4849 3723 4902 εί
3753 4846 3821 4918 μὴ

2225 4943 2335 4996 τῶν
2358 4942 2453 4997 τοῦ
2487 4943 2695 5014 κόσμου
2727 4944 3073 5016 πραγμάτων
3099 4946 3563 5018 καταφρονήσῃς.

2299 5040 2411 5103 πγ’.
2458 5033 2517 5088 '0
2541 5034 2691 5089 δεῖνα
2719 5033 3117 5106 ἐϐλασφήμησε
3140 5050 3154 5064 ·
3201 5033 3275 5105 μὴ
3308 5035 3569 5109 μισήσῃς
3601 5035 3819 5089 ἐκεῖνον.

2228 5123 2365 5177 ἀλλά
2394 5122 2493 5195 τὴν
2536 5122 2910 5194 βλασφημίαν,
2944 5123 3039 5176 καὶ
3076 5122 3168 5177 τὸν
3201 5121 3619 5195 βλασφημῆσαι
3664 5135 3825 5191 παρα-

2231 5214 2583 5269 σκευάσαντα
2629 5212 2883 5285 δαίμονα.
2949 5215 3013 5268 El
3070 5213 3125 5267 δὲ
3188 5214 3279 5268 τὸν
3333 5212 3823 5286 βλασφημήσαντα

2232 5311 2433 5379 μισεῖς,
2465 5308 2754 5379 ἄνθρωπον
2803 5310 3097 5381 ἐμίσησας,
3132 5311 3227 5365 καὶ
3258 5309 3356 5379 τὴν
3410 5310 3651 5380 ἐντολὴν
3689 5322 3824 5375 παρ-

2230 5400 2363 5472 έϐης
2389 5417 2405 5432 θ
2434 5401 2530 5454 καὶ
2555 5402 2693 5472 ὅπερ
2723 5402 2933 5466 ἐκεῖνος
2966 5401 3044 5471 τῷ
3068 5402 3215 5471 λόγῳ
3247 5398 3507 5471 ἐποίησε,
3544 5401 3725 5461 ποιεῖς
3765 5396 3824 5447 σὺ

2229 5491 2310 5563 τῷ
2360 5491 2527 5563 ἔργῳ.
2582 5492 2643 5545 Εί
2695 5492 2753 5545 δὲ
2803 5492 2901 5564 τὴν
2954 5491 3175 5563 ἐντολὴν
3225 5491 3571 5561 φυλάττεις,
3626 5491 3696 5544 τά
3738 5490 3828 5554 τῆς

2230 5584 2456 5655 ἀγάπης
2480 5582 2779 5650 ἐπίδειξαι·
2806 5584 2902 5638 καὶ
2940 5586 2994 5637 εἴ
3023 5602 3076 5637 τι
3104 5584 3355 5648 δύνασαι,
3397 5582 3710 5655 βοήθησον,
3747 5579 3830 5631 ἵνα

2230 5675 2325 5729 τοῦ
2358 5676 2530 5730 κακοῦ
2562 5678 2724 5731 αὑτὸν
2762 5677 3099 5748 ἀπαλλάξῃς.

2306 5765 2409 5823 πδ’.
2442 5770 2516 5823 Οὐ
2550 5770 2695 5824 θέλει
2733 5788 2791 5824 σε
2819 5771 2847 5824 ό
2880 5771 3114 5840 Χριστὸς
3165 5771 3318 5840 μῖσος
3360 5767 3524 5838 ἔχειν
3555 5768 3699 5841 πρὸς
3738 5764 3829 5817 ἄν·
