4076 6406
383 351 518 418 1οἓ9

1262 351 1597 412 CAPITUM
1642 350 1739 410 DE
1779 349 2214 410 CIIABITATE
2249 353 2637 413 CENTURIA
2679 355 2774 416 IV.

3510 353 3643 416 1079

378 468 618 538 θρωπον,
655 463 688 534 ἢ
719 463 896 533 λύπην
931 464 1158 535 ἣόργὴν
1193 465 1224 532 ἢ
1262 462 1632 532 μνησικακίαν
1666 460 1950 514 τοσύνολον

2063 460 2348 516 hominum
2381 465 2568 518 odium
2598 465 2819 528 habeas,
2843 465 3008 536 456
3035 474 3128 519 aut
3153 465 3284 535 argri
3317 464 3488 519 animi
3517 481 3640 518 sei.—

377 557 499 610 καθ’
550 556 863 628 οἱονδήποτε
902 556 1128 625 τρόπον,
1181 554 1213 623 ἢ
1264 554 1331 606 δι’
1367 555 1682 623 οίονδήποτε
1720 553 1956 620 πρᾶγμα

378 649 734 718 πρόσκαιρον.
789 648 898 702 Καὶ
929 648 1088 702 τοῦτο
1138 647 1314 716 πάντη
1371 645 1539 716 βοῶσι
1594 645 1665 698 τὰ
1711 645 1956 714 τέσσαρα

378 741 707 810 Εὑαγγέλια.

452 931 556 978 πε’.
584 922 779 976 Πολλοί
809 925 978 993 ἐσμεν
1005 923 1055 976 οἱ
1087 921 1362 990 λέγοντες,
1386 920 1556 988 ὀλίγοι
1585 919 1640 972 δὲ
1670 921 1719 972 οἱ
1744 917 1959 970 ποιοῦν-

376 1035 486 1081 τες.
533 1015 674 1069 Ἀλλ’
721 1012 814 1068 οὖν
857 1015 948 1068 τὸν
982 1015 1141 1082 λόγον
1189 1013 1286 1066 τοῦ
1347 1010 1482 1064 Θεοῦ
1529 1011 1704 1073 οὐδεὶς
1756 1008 1957 1078 ὤφειλε

376 1109 618 1163 νοθεύειν
651 1107 737 1160 διὰ
761 1108 860 1176 τὴν
896 1105 1033 1159 ἰδίαν
1061 1105 1326 1175 ἀμέλειαν
1348 1120 1362 1135 °
1403 1103 1520 1158 ἀλλ’
1547 1101 1829 1173 ὁμολογεῖν
1858 1100 1957 1170 μὲν

375 1200 476 1269 τὴν
521 1197 716 1254 ἑαυτοῦ
764 1196 1071 1259 ἀσθένειαν,
1125 1195 1200 1265 μὴ
1236 1192 1611 1264 ἀποκρύπτειν
1639 1192 1694 1244 δὲ
1729 1191 1830 1260 τὴν
1862 1189 1955 1242 τοῦ

377 1291 516 1344 Θεοῦ
555 1289 852 1360 ἀλήθειανο
905 1289 992 1340 ἵνα
1052 1286 1126 1356 μὴ
1159 1286 1402 1339 ὑπόδικοι
1449 1283 1764 1353 γενώμεθα.
1819 1280 1958 1352 μετά

377 1382 476 1452 τῆς
500 1381 608 1433 τῶν
639 1380 870 1432 ἐντολῶν
898 1378 1287 1450 παραϐάσεως,
1319 1377 1412 1430 καὶ
1434 1377 1532 1446 τῆς
1555 1373 1649 1427 τοῦ
1677 1373 1836 1441 λόγου
1862 1371 1956 1426 τοῦ

377 1472 512 1526 Θεοῦ
544 1471 833 1544 παρεξηγή
844 1487 999 1532 σεως-

449 1647 569 1713 πς·’.
617 1647 830 1718 ’Λγάπη
875 1649 970 1700 καὶ
996 1645 1334 1715 ἐγκράτεια,
1392 1641 1583 1695 παθῶν
1635 1642 1734 1711 τὴν
1779 1640 1957 1710 ψυχὴν

377 1740 794 1811 ἐλευθεροῦσιν·
837 1740 1145 1804 ἀνάγνωσις
1190 1738 1282 1790 καὶ
1317 1736 1520 1805 θεωρία
1545 1773 1560 1797 ,
1591 1735 1814 1803 ἀγνοίας
1866 1734 1956 1785 τὸν

377 1832 503 1886 νοῦν
551 1829 986 1884 ἀπαλλάττουσιν
1011 1845 1026 1860 ·
1063 1829 1095 1896 ἡ
1130 1828 1186 1879 δὲ
1215 1827 1312 1896 τῆς
1346 1825 1654 1894 προσευχῆς
1685 1825 1960 1875 κατάστα-

379 1939 465 1985 σις
491 1922 584 1992 (υ),
616 1919 764 1989 αὐτῷ
794 1919 1126 1989 παρίστησιν
1156 1917 1320 1970 αὐτὸν
1351 1915 1433 1985 τῷ
1463 1915 1602 1985 Θεῷ.

451 2011 558 2077 πζῖ
587 2013 759 2064 Ὅταν
789 2011 977 2063 ἴδωσιν
1011 2010 1157 2079 ἡμᾶς
1187 2009 1236 2061 οἱ
1277 2007 1532 2078 δαίμονες
1559 2006 1667 2060 τῶν
1697 2006 1958 2077 πραγμά-

375 2122 486 2159 των
517 2103 610 2156 τοῦ
659 2103 867 2171 κόσμου
921 2096 1400 2169 καταφρονοῦντας
1425 2096 1577 2167 (48),
1633 2096 1719 2148 ἵνα
1769 2097 1842 2165 μὴ
1891 2092 1958 2147 δι’

377 2197 522 2250 αῦτά
565 2193 691 2257 τοὺς
735 2191 1059 2262 ἀνθρώπους
1113 2190 1439 2260 μισήσωμεν
1470 2188 1690 2257 καὶτῆς
1736 2187 1958 2256 ἀγάπης

377 2287 724 2355 ἐκπέσωμεν,
749 2284 871 2336 τότε
905 2281 1270 2350 συκοφαντίας
1297 2279 1418 2331 καθ’
1444 2277 1602 2348 ἡμῶν
1631 2276 1955 2346 ἐγείρουσιν,

377 2379 466 2430 ἵνα
499 2376 596 2442 τὴν
625 2374 804 2444 λύπην
846 2372 921 2442 μὴ
953 2371 1211 2442 φέροντες
1235 2413 1248 2435 ,
1281 2369 1407 2432 τοὺς
1443 2370 1960 2436 συκοφαντήσαντας

379 2470 725 2539 μισήσωμεν.

451 2557 564 2629 πη’.
601 2559 717 2611 Ούκ
747 2557 864 2610 ἐστι
908 2557 1070 2620 πόνος
1114 2557 1292 2626 ψυχῆς
1345 2553 1649 2625 βαρύτερος
1685 2569 1959 2620 συκοφαν⁶

372 2651 496 2712 τίας
529 2650 673 2719 (l9),
707 2651 807 2702 κάν
849 2665 908 2700 τε
959 2650 1037 2710 είς
1072 2651 1256 2700 πίστιν
1282 2685 1298 2710 ,
1344 2646 1446 2700 κάν
1497 2663 1556 2698 τε
1599 2647 1678 2708 εἰς
1713 2643 1828 2714 βίον
1874 2659 1958 2705 τις

376 2744 801 2809 συκοφαντεῖται
825 2757 839 2772 ο
889 2740 986 2792 καὶ
1021 2739 1199 2801 οὐδεὶς
1228 2739 1437 2808 ταύτης
1468 2738 1834 2806 καταφρονεῖν
1866 2734 1956 2786 δύ-

373 2851 554 2889 ναται,
591 2835 637 2884 εἰ
672 2833 746 2902 μὴ
781 2833 938 2902 μόνος
963 2833 992 2883 ὁ
1022 2832 1100 2893 ε-ίς
1141 2829 1273 2881 Θεὸν
1315 2829 1760 2898 ἀποὸλεπόμενος
1812 2827 1888 2889 ὼς
1925 2827 1958 2896 ἡ

375 2925 659 2986 Σωσάννα,
707 2924 800 2978 τὸν
828 2926 988 2994 μόνον
1031 2922 1334 2990 δυνάμενον
1364 2921 1454 2973 καὶ
1493 2919 1552 2984 ἐξ
1583 2917 1838 2988 ἀναγκῶν
1868 2918 1960 2989 ρό-

377 3017 579 3069 σασθαι
609 3015 800 3084 ὥσπερ
835 3015 1119 3084 κάκείνην,
1162 3013 1258 3066 καὶ
1302 3014 1428 3074 τοὺς
1458 3010 1782 3081 ἀνθρώπους
1818 3009 1960 3080 πλη-

377 3110 704 3182 ροφορῆσαι,
737 3109 810 3170 ὼς
857 3109 950 3161 καὶ
979 3107 1106 3177 περὶ
1140 3105 1352 3176 ἐκείνης
1378 3120 1392 3135 ·
1427 3104 1521 3157 καὶ
1551 3102 1648 3173 τὴν
1682 3101 1861 3172 ψυχὴν
1890 3103 1957 3172 τῇ
1988 3150 2030 3206 C

376 3201 550 3252 ἐλπίδι
584 3196 1110 3268 παραμυθήσασθαι.

453 3293 560 3348 πθ¹.
591 3293 756 3345 Ὅσον
781 3289 918 3362 εὔχῃ
945 3293 1010 3342 ἐκ
1039 3293 1138 3360 τῆς
1177 3289 1357 3359 ψυχῆς
1387 3289 1528 3358 ὑπὲρ
1557 3288 1652 3341 τοῦ
1690 3305 1962 3355 συκοφαν-

374 3388 680 3456 τήσαντος,
728 3383 980 3436 τοσοῦτον
1037 3383 1130 3434 καὶ
1177 3382 1205 3433 6
1254 3382 1389 3444 Θεὸς
1438 3381 1783 3451 πληροφορεῖ
1833 3379 1962 3442 τοὺς

376 3475 888 3538 σκανδαλισθὲντας.

449 3658 522 3722 ιιν.
562 3653 728 3706 Φύσει
770 3652 974 3722 ἀγαθὸς
1018 3653 1177 3723 μόνος
1205 3653 1234 3706 6
1266 3650 1399 3716 Θεός
1423 3670 1437 3682 '
1477 3653 1573 3706 καὶ
1600 3651 1794 3723 γνώμῃ
1828 3654 1965 3720 ἀγα-

378 3745 490 3812 θὸς,
523 3747 683 3817 μόνος
714 3749 742 3799 ό
768 3746 1125 3817 θεομίμητος.
1172 3746 1380 3808 Σκοπὸς
1405 3745 1515 3815 γὰρ
1543 3745 1692 3816 αὐτῷ
1721 3747 1860 3809 ἐστι,
1885 3744 1964 3815 τῷ

377 3838 540 3907 φύσει
574 3837 763 3908 ἀγαθῷ
795 3839 921 3901 τοὺς
960 3838 1234 3907 πονηροὺς
1276 3839 1533 3907 συνάψαι,
1573 3838 1662 3892 ἵνα
1695 3837 1963 3905 γένωνται

376 3930 596 3999 ἀγαθοί.
647 3930 748 3985 Διά
789 3930 947 3983 τοῦτο
993 3931 1085 3982 ὑπ’
1157 3929 1338 3984 αὐτῶν
1387 3929 1801 4001 λοιδορούμενος
1869 3931 1963 3983 εὑ-

376 4025 536 4092 λογῇ·
568 4024 894 4092 διωκόμενος
947 4023 1220 4094 ἀνέχεται·
1281 4021 1770 4092 βλασφημούμενος
1794 4039 1965 4093 παρα-

380 4116 576 4169 καλεῖ·
661 4115 1019 4185 φονευόμενος
1105 4113 1491 4184 ὑπερεύχεται.
1552 4113 1737 4166 Πάντα
1797 4115 1962 4175 ποιεῖ,

379 4207 468 4260 ἵνα
493 4207 587 4260 τοῦ
622 4206 827 4260 σκοποῦ
855 4208 954 4276 τῆς
991 4206 1216 4276 ἀγάπης
1247 4205 1321 4277 μὴ
1349 4207 1585 4278 ἐκπέσῃ.

454 4379 561 4446 ιμ’.
588 4381 655 4435 Αἱ
689 4380 786 4451 μὲν
815 4380 1026 4434 ἐντολαὶ
1053 4379 1147 4431 τοῦ
1177 4378 1410 4449 Κυρίου,
1442 4380 1784 4433 διδάσκουσιν
1818 4381 1962 4451 ἡμᾶς

2065 569 2206 619 sum,
2235 565 2329 611 aut
2359 558 2516 622 iram,
2545 558 2777 612 ullamve
2800 558 2995 627 quovis
3012 559 3236 613 omnino
3259 559 3442 622 modo,
3469 557 3554 611 vel
3578 559 3646 610 οξ.»

2065 647 2228 700 ullam
2262 664 2491 717 prorsus
2526 665 2641 703 rem
2677 657 3112 718 temporaneam,
3172 657 3360 703 teneas
3412 649 3644 718 injuria-

2065 756 2185 792 rum
2215 741 2556 795 memoriam.
2593 741 2772 810 Atque
2815 740 2919 793 hoc
2948 739 3174 793 omnino
3195 747 3432 808 quatuor
3462 738 3639 792 Evan-

2064 831 2206 901 gelia
2241 834 2499 886 clamant.

2135 924 2223 980 85.
2257 926 2411 980 Multi
2457 941 2649 980 sumus
2678 926 2774 996 qui
2826 925 3094 991 dicamus,
3142 926 3303 994 pauci
3343 925 3436 995 qui
3482 924 3648 977 faeia-

2065 1031 2209 1070 mus.
2247 1018 2420 1072 Nemo
2477 1025 2682 1083 tamen,
2731 1018 2876 1088 quod
2911 1018 3030 1088 ipse
3059 1017 3343 1088 negligens
3391 1017 3646 1084 inersque

2065 1118 2172 1172 est,
2199 1111 2297 1163 Dei
2328 1111 2560 1165 verbum
2587 1112 2752 1165 debet
2774 1111 3087 1166 adulterare
3119 1129 3132 1164 :
3195 1111 3290 1166 sed
3339 1125 3495 1164 suam
3529 1109 3650 1176 qui-

2065 1199 2189 1252 dem
2222 1201 2382 1255 fateri
2413 1188 2809 1260 infirmitatem.
2835 1218 2937 1256 nec
2971 1212 3153 1256 tamen
3205 1209 3499 1270 propterea
3554 1199 3649 1252 Dei

2065 1293 2247 1348 celare
2280 1295 2598 1361 veritatem;
2627 1312 2697 1350 nc
2733 1295 2972 1365 duplicis
2997 1296 3250 1349 criminis
3281 1294 3360 1349 rei
3405 1293 3651 1347 invenia-

2067 1401 2215 1450 mur,
2267 1386 2415 1456 quod
2455 1403 2565 1440 non
2619 1387 2797 1441 solum
2839 1387 3096 1440 mandata
3157 1386 3645 1456 transgrediamur,

2066 1493 2256 1531 verum
2285 1479 2450 1532 etiam
2474 1479 2571 1533 Dei
2603 1479 2833 1533 verbum
2855 1495 2918 1533 ac
2942 1479 3280 1548 Scripturam
3313 1479 3454 1534 male
3479 1480 3652 1535 inter-

2067 1579 2367 1636 preteniur.

2137 1656 2223 1710 86.
2255 1657 2484 1711 Dilectio
2506 1666 2561 1711 et
2597 1658 2940 1712 continentia
2971 1660 3206 1712 animam
3241 1660 3310 1712 ab
3358 1660 3650 1714 affectibus

2067 1755 2231 1815 atque
2256 1747 2406 1800 vitiis
2429 1747 2668 1801 liberant
2701 1764 2714 1800 :
2750 1748 2912 1802 lectio
2934 1757 3114 1801 autem
3148 1756 3203 1802 et
3235 1750 3646 1818 contemplatio,

1992 1819 2033 1873 Β
2063 1845 2303 1892 mentem
2355 1841 2424 1892 ab
2453 1839 2762 1908 ignorantia
2795 1839 3070 1904 eximunt;
3105 1849 3162 1894 at
3209 1855 3331 1894 eam
3383 1841 3652 1896 orationis

2060 1939 2236 1984 status
2262 1930 2364 2000 ipsi
2391 1932 2500 1984 Deo
2528 1931 2696 1986 sistit.

2128 2022 2215 2076 87.
2250 2020 2386 2075 Cum
2449 2038 2551 2076 nos
2603 2023 2846 2078 viderint
2896 2023 3176 2078 datmones
3227 2040 3292 2078 ea
3340 2040 3462 2094 quae
3518 2031 3650 2079 sunt

2061 2113 2252 2167 mundi
2278 2129 2566 2182 spernere,
2600 2130 2669 2169 ne
2702 2115 2922 2169 illorum
2957 2131 3123 2170 causa
3164 2117 3480 2186 quempiam
3510 2116 3646 2170 ode-

2061 2203 2235 2257 rimus
2269 2219 2332 2257 ae
2365 2204 2651 2258 charitatis
2679 2205 2946 2274 iacturam
3009 2206 3316 2260 faciamus:
3361 2215 3493 2261 tunc
3552 2223 3647 2260 ca-

2060 2293 2299 2348 lumnias
2327 2294 2382 2347 in
2401 2310 2502 2348 nos
2530 2295 2793 2358 excitant,
2819 2306 2900 2360 ut,
2925 2298 3054 2365 aegri
3081 2293 3248 2350 animi
3270 2297 3516 2352 dolorem
3537 2312 3650 2351 non

2059 2384 2324 2451 ferentes,
2353 2402 2546 2441 earum
2571 2387 2734 2442 nobis
2766 2398 3069 2444 structores
3092 2388 3396 2443 oderimus.

2129 2559 2216 2614 88.
2240 2561 2432 2616 Nullus
2462 2562 2658 2617 anima:
2689 2562 2907 2632 gravior
2930 2562 3106 2628 labor,
3129 2578 3294 2632 quam
3333 2562 3647 2628 calumniaz,

2061 2650 2176 2704 sive
2209 2652 2324 2706 Ι]ωο
2350 2652 2512 2707 fidem
2546 2660 2716 2722 petat,
2768 2654 2881 2708 sive
2915 2655 3084 2708 vitam
3135 2669 3426 2722 moresque
3470 2655 3650 2723 reSpi-

2061 2742 2202 2808 eiat;
2240 2760 2342 2797 nec
2388 2744 2678 2813 quisquam
2726 2745 3130 2799 contemnendo
3173 2746 3264 2810 sit,
3315 2746 3420 2799 nisi
3471 2746 3648 2800 solum

2060 2835 2154 2903 qui
2193 2836 2366 2889 instar
2391 2835 2654 2890 Susanna)
2688 2837 2742 2890 in
2770 2838 2940 2890 Deum
2967 2838 3196 2906 aspiciat
3227 2839 3300 2903 '9;
3341 2837 3436 2906 qui
3474 2838 3646 2904 solus,

2061 2926 2214 2980 velut
2262 2927 2432 2991 illam,
2481 2942 2510 2979 a
2565 2927 2992 2981 necessitatibus
3036 2936 3218 2996 potest
3259 2927 3527 2992 liberare;
3585 2943 3651 2981 ac

2063 3012 2205 3066 sicut
2229 3012 2284 3065 in
2305 3013 2416 3076 illa,
2451 3013 2654 3066 malum
2707 3029 2910 3069 nomen
2960 3015 3259 3085 depellere,
3312 3024 3478 3085 atque
3531 3017 3652 3072 ani-

2064 3117 2212 3156 mum
2245 3102 2360 3171 spei
2392 3103 2588 3156 solatio
2625 3103 2832 3158 levare.

2137 3281 2224 3336 89.
2254 3279 2528 3346 Quantum
2559 3296 2622 3334 ex
2648 3281 2832 3334 animo
2859 3295 2960 3349 pro
2994 3296 3060 3335 eo
3085 3297 3230 3346 oras,
3261 3298 3292 3336 a
3319 3297 3429 3352 quo
3458 3298 3652 3354 asper-

2066 3389 2160 3427 sus
2189 3371 2462 3426 calumnia
2489 3387 2570 3434 es,
2599 3379 2809 3424 tantum
2838 3371 2984 3425 Deus
3025 3372 3168 3441 apud
3204 3373 3326 3427 illos
3361 3373 3648 3444 abstergit,

2067 3480 2205 3534 quos
2261 3464 2355 3517 illa
2413 3463 2746 3529 offenderat,
2807 3465 3058 3533 laesaeque
3110 3465 3270 3518 fidem
3320 3465 3652 3525 innocentia:

2069 3557 2221 3611 facit.

2138 3651 2225 3704 90.
2259 3649 2422 3704 Solus
2452 3649 2596 3702 Deus
2628 3655 2826 3702 natura
2848 3647 3028 3701 bonus
3053 3657 3138 3702 est
3173 3666 3185 3701 :
3219 3648 3502 3704 voluntate
3552 3665 3650 3703 au-

2066 3753 2177 3798 tem
2206 3743 2486 3812 animique
2519 3741 2793 3796 sententia
2830 3740 2981 3796 solus
3014 3740 3192 3795 bonus
3217 3749 3322 3806 est,
3350 3742 3444 3810 qui
3476 3741 3651 3795 Deum

2065 3835 2334 3890 imitatur.
2373 3835 2432 3889 Id
2465 3836 2612 3889 enim
2641 3833 2869 3888 omnino
2923 3834 3140 3903 satagit,
3176 3843 3236 3889 ut
3281 3834 3355 3898 ei,
3409 3833 3504 3903 qui
3548 3849 3649 3888 na-

2067 3939 2189 3984 tura
2221 3929 2400 3983 bonus
2442 3930 2532 3992 sit,
2576 3928 2751 3984 malos
2802 3929 3117 4000 conjungat,
3167 3941 3278 3998 quo
3330 3936 3387 3983 et
3439 3929 3477 3982 ii
3518 3929 3649 3982 boni

2065 4021 2217 4075 fiant.
2241 4021 2450 4075 ideirco
2478 4021 2585 4075 illis
2613 4021 3070 4075 maledicentibus
3115 4020 3428 4085 benedicit;
3463 4036 3650 4090 perse—

2065 4113 2364 4182 quentibus
2443 4111 2715 4176 sustinet;
2769 4111 3302 4180 blasphemantibus,
3356 4112 3645 4175 obsecrat;

2065 4205 2444 4266 enecantibus,
2498 4213 2755 4272 precatur
2784 4205 2848 4256 ³ο.
2881 4202 3076 4257 Omnia
3107 4203 3348 4272 denique
3405 4203 3558 4269 facit,
3590 4213 3650 4258 ut

2068 4294 2135 4347 ab
2165 4307 2333 4362 scopo
2357 4291 2669 4345 dilectionis
2701 4306 2809 4344 non
2835 4289 3071 4345 excidat.

2137 4385 2224 4439 91.
2279 4385 2554 4451 Praecepta
2623 4381 2906 4436 Dominiea
2972 4383 3060 4436 bis
3122 4396 3244 4452 qua).
3304 4391 3433 4436 sunt
3483 4382 3650 4438 mchi

378 4474 494 4536 τοῖς
554 4474 740 4543 μέσοις
790 4475 1026 4545 εὐλόγως
1081 4480 1392 4549 χρήσασθαι
1441 4481 1772 4549 πράγμασιν
1833 4484 1866 4550 ἠ
1901 4481 1957 4534 δὲ

2064 4475 2278 4532 ordinis
2300 4474 2503 4528 docent
2527 4473 2924 4527 convenienter
2953 4489 3020 4526 ex
3059 4473 3272 4527 ratione
3300 4474 3379 4526 uti
3403 4491 3415 4526 :
3453 4489 3651 4528 conve-

378 4563 599 4632 εὔλογος
629 4565 737 4618 τῶν
767 4567 948 4635 μέσων
985 4570 1199 4639 χρῆσις,
1235 4569 1332 4641 τὴν
1371 4572 1470 4640 τῆς
1503 4571 1961 4642 ψυχῆςικαθαίρει

377 4657 751 4709 κατάστασιν
795 4660 828 4728 ἡ
875 4658 931 4711 δὲ
967 4661 1185 4732 καθαρὰ
1232 4663 1587 4725 κατάστασις,
1640 4664 1818 4718 τίκτει
1863 4666 1962 4735 τὴν

373 4749 655 4818 διάκρισιν
683 4766 696 4779 '
728 4754 760 4821 ἡ
787 4751 844 4804 δὲ
871 4752 1173 4824 διάκρισις,
1222 4757 1396 4808 τίκτει
1440 4757 1536 4826 τὴν
1564 4757 1836 4812 ἀπάθειαν
1860 4802 1872 4824 ,
1905 4760 1964 4825 ἐξ

375 4838 444 4913 ἦς
480 4843 722 4897 τίκτεται
751 4847 782 4916 ἡ
812 4847 992 4900 τελεία
1017 4848 1228 4920 ἀγάπη.

452 5011 558 5079 οβ’.
595 5011 763 5065 Οὔπω
817 5013 929 5082 ἔχει
981 5014 1078 5083 τὴν
1135 5015 1404 5068 ἀπάθειαν
1434 5056 1446 5074 ,
1479 5019 1506 5068 6
1538 5017 1624 5071 διὰ
1687 5020 1958 5089 σύμϐασιν

379 5103 725 5173 πειρασμοῦ,
779 5104 839 5156 τὸ
894 5105 1182 5174 ἐλάττωμα
1239 5106 1330 5158 τοῦ
1375 5108 1528 5173 φίλου
1583 5103 1960 5178 παράόλέπειν

381 5192 459 5259 μὴ
497 5189 824 5260 δυνάμενος,
861 5192 892 5262 ἢ
933 5190 992 5242 ὃν
1037 5192 1218 5260 τυχὸν,
1267 5192 1298 5262 ἢ
1334 5193 1389 5246 δὲ
1441 5190 1583 5246 εἶναι
1632 5196 1840 5253 δοκοῦν.
1878 5203 1959 5255 Τά

456 5330 500 5358 ²⁹
533 5328 667 5382 Dan.
704 5345 818 5393 xm,
850 5329 875 5380 1
915 5344 1068 5397 seqq.
1147 5328 1190 5360 ³ο
1215 5329 1234 5382 Ι
1261 5327 1387 5382 Cor.
1416 5345 1488 5392 IV,
1520 5330 1604 5382 1‘2.

451 5442 526 5514 (υ)
556 5443 628 5514 Αᾙ
648 5442 715 5494 δὲ
744 5441 860 5514 τῆς,
883 5443 1230 5512 προσευχῆς
1252 5443 1641 5514 κατάστασις.
1677 5447 1782 5501 Pro
1812 5455 1955 5503 statu

376 5528 443 5568 ac
465 5512 661 5585 indole
693 5513 935 5585 accipio;
964 5514 1268 5585 secundum
1314 5513 1460 5583 quod
1486 5515 1730 5585 Hesyeh.
1763 5526 1819 5572 et
1849 5518 1956 5572 Va-

380 5586 508 5637 rino
533 5584 613 5646 τὺ,
647 5580 998 5644 κατάστασις,
1041 5599 1174 5637 voce
1202 5580 1347 5652 ἦθος
1366 5580 1632 5650 redditur.
1661 5586 1775 5639 [loc
1807 5589 1957 5641 enim

377 5655 578 5706 volunt
634 5653 768 5722 ipsae
813 5653 1082 5707 orationis
1129 5653 1470 5708 definitionis
1515 5655 1850 5711 Damasceno
1903 5668 1960 5713 et

378 5723 506 5777 aliis
537 5724 793 5795 tradita:_:
825 5724 1073 5795 Ascensio
1112 5725 1298 5777 mentis
1331 5725 1388 5777 in
1428 5729 1620 5789 Deum,
1658 5728 1838 5795 petitio
1865 5729 1954 5781 de-

379 5797 614 5847 centiam
653 5813 683 5848 a
734 5793 863 5858 Deo,
901 5804 1009 5849 etc.
1041 5794 1229 5849 Oratio
1261 5795 1443 5863 itaque
1473 5793 1667 5866 suapte
1699 5797 1879 5852 indole
1905 5809 1960 5853 et

2070 4569 2230 4624 niens
2267 4575 2450 4620 autem
2485 4579 2660 4633 exque
2687 4564 2898 4618 ratione
2927 4580 3110 4618 rerum
3139 4564 3444 4617 mediarum
3493 4581 3647 4629 usus,

2070 4662 2237 4714 animi
2272 4667 2471 4712 statum
2499 4663 2727 4726 purgat;
2756 4655 2910 4724 isque
2946 4664 3228 4723 purgatus,
3257 4651 3645 4710 discretionem

2073 4751 2246 4823 parit;
2277 4751 2558 4812 discretio,
2598 4749 3149 4817 imperturbationem
3190 4748 3467 4816 animique
3515 4751 3648 4803 affe-

2072 4847 2347 4900 etionibus
2379 4843 2533 4896 vacui
2585 4842 3073 4909 tranquillitatem;
3133 4856 3199 4893 ex
3257 4855 3363 4907 qua
3424 4839 3643 4894 demum

2072 4934 2311 5003 perfecta
2347 4930 2586 4983 Charitas
2623 4929 2891 4997 procedit.
3235 4929 3257 4934 “

2137 5022 2296 5094 457
2343 5020 2430 5072 92.
2467 5017 2720 5072 Nondum
2771 5015 3319 5084 imperturbationem
3342 5017 3643 5085 animique,

2069 5115 2272 5170 sedatis
2302 5110 2615 5173 affectibus,
2649 5107 3104 5176 tranquillitatem
3137 5107 3371 5176 adeptus
3419 5118 3522 5174 est,
3547 5111 3641 5179 qui

2068 5224 2132 5262 eo
2158 5205 2304 5276 quod
2331 5201 2560 5257 tentatio
2606 5201 2905 5269 duriusque
2950 5199 3153 5268 aliquid
3199 5199 3420 5265 accidit,
3482 5201 3645 5256 amici

2067 5450 2298 5505 ratione.
2348 5454 2586 5500 mentem
2625 5443 2729 5514 ipsi
2761 5441 2871 5514 Deo
2916 5439 3080 5496 sistit.
3131 5443 3239 5498 Sic.
3284 5461 3405 5514 cap.
3447 5446 3505 5498 9|
3553 5461 3645 5498 ae-

2065 5520 2172 5588 cipi
2206 5518 2444 5578 videtur,
2484 5517 2516 5583 ή
2549 5514 2649 5588 τῆς
2679 5513 2856 5582 ψυχῆς
2886 5514 3235 5588 κατάστασις,
3265 5513 3427 5583 quam
3461 5531 3646 5588 rerum

2066 5585 2370 5644 mediarum
2403 5585 2738 5639 conveniens
2767 5598 2902 5636 usus
2939 5591 2994 5637 et
3020 5599 3084 5637 ex
3119 5585 3351 5645 ratione,
3385 5585 3647 5638 mundam

2065 5657 2320 5728 praestét;
2351 5664 2413 5710 ut
2436 5655 2519 5728 sic
2538 5655 2752 5728 animus
2768 5651 2925 5722 quasi
2953 5653 3057 5728 sibi
3077 5669 3296 5723 suaeque
3323 5655 3492 5708 indoli
3523 5655 3648 5708 red-

2068 5723 2250 5793 datur,
2287 5725 2532 5796 depulsis
2573 5725 2836 5779 vitiorum
2870 5723 3149 5778 sordibus.
