4076 6430
476 343 600 405 Ιῦῖί

1636 347 1694 405 S.
1740 346 2026 408 MAXIMI
2062 346 2573 409 CONFESSOBIS

3601 349 3727 414 1972

474 457 772 525 ile-fectum,
803 459 922 515 sive
949 460 1044 531 qui
1080 476 1206 517 vere
1239 462 1422 533 reipsa
1466 466 1557 530 sit,
1597 466 1713 521 sive
1747 468 1843 537 qui
1874 466 2063 522 videa-

2164 466 2272 537 γὰρ
2304 467 2602 537 ὲγκείμενα
2656 469 2721 536 τῇ
2762 464 2907 536 ύυχῇ
2947 464 3093 536 πάθη
3127 465 3717 537 ἐκταρασσόμεναῶυ),

472 559 580 614 tur,
617 550 969 607 dissimulare
1031 553 1230 609 nescit.
1283 554 1609 626 lngruentes
1658 559 1807 613 enim
1868 559 2054 613 animo

472 643 673 697 turbati
695 658 759 698 ac
778 646 1089 715 exasperati
1106 645 1359 713 affectus,
1375 658 1616 704 mentem
1639 651 2056 717 exczecant,’nec

471 730 743 803 fulgentes
794 718 1077 815 veritatis:
1106 736 1294 792 radios
1338 738 1528 793 videre
1568 739 1778 805 sinunt,
1833 755 1937 795 nec
1994 749 2056 795 ut

473 824 646 880 virtus
671 825 1025 882 discernatur
1053 844 1085 884 a
1111 829 1267 885 vitio.
1301 831 1445 901 Ergo
1482 831 1578 901 qui
1623 832 1894 902 ejusmodi
1946 843 2051 899 est,

471 915 708 971 necdum
754 919 1052 988 perfectam
1119 922 1461 991 comparavit
1528 921 1880 989 charitatem,
1933 939 2056 994 qua:

472 1004 621 1063 foras
653 1007 824 1063 mittit
844 1009 1039 1079 judicii
1062 1009 1317 1065 timorem
1342 1010 1408 1065 “.

545 1096 636 1153 95.
665 1098 831 1153 Amici
855 1098 1027 1167 ﬁdelis
1056 1099 1210 1155 nulla
1255 1109 1330 1157 est
1364 1104 1705 1157 commutatio
1746 1102 1791 1135 ³³
1834 1120 1849 1156 :
1897 1101 2055 1169 Quod

480 1190 546 1252 is,
586 1189 750 1244 amici
784 1206 1059 1247 {erumnas
1108 1208 1171 1247 ac
1218 1195 1381 1259 mala,
1426 1210 1524 1249 sua
1581 1194 1758 1263 ipsius
1801 1202 2052 1264 reputet;

475 1282 723 1353 duraque
756 1299 821 1338 ac
848 1284 1081 1340 molesta
1127 1286 1206 1339 illi
1255 1286 1442 1341 socius
1492 1288 1560 1342 ad
1592 1298 1830 1343 mortem
1881 1304 2056 1358 usque

476 1376 694 1432 toleret.

539 1468 627 1522 91.
662 1467 981 1523 Amicorum
1005 1468 1230 1538 quidem
1256 1470 1451 1541 ingens
1475 1486 1766 1534 numerus,
1821 1472 1874 1526 id
1920 1488 2055 1527 vero

476 1556 640 1613 rebus
670 1558 928 1613 secundis
948 1574 1014 1614 ac
1040 1560 1320 1630 prosperis
1354 1578 1367 1615 :
1413 1570 1675 1617 caeterum
1720 1563 1913 1618 iisdem
1954 1581 2056 1619 nu-

475 1650 600 1705 bilis
627 1659 792 1720 atque
822 1651 1080 1717 turbatis,
1109 1651 1202 1706 vix
1232 1668 1402 1708 unum
1430 1652 1733 1711 inveneris.

543 1740 631 1795 92$.
686 1741 892 1796 Omnes
931 1742 1157 1812 quidem
1212 1759 1278 1799 ex
1329 1746 1517 1802 animo
1573 1746 1835 1819 diligendi
1883 1757 2052 1803 sunt:

2161 559 2422 628 ἐκτυφλοῖ
2445 560 2541 631 τὴν
2568 558 2827 622 διάνοιαν,
2856 558 2953 612 καὶ
2978 559 3078 611 οὐκ
3112 559 3177 629 ἐᾷ
3212 556 3496 624 διαϐλέψαι
3518 560 3595 621 εἰς
3629 562 3721 623 τὰς

2160 651 2260 721 τῆς
2289 650 2549 721 ἀληθείας
2577 650 2775 719 αύγὰς,
2808 650 2927 704 ούδέ
2957 650 3235 721 διακρῖναι
3265 648 3327 702 τὸ
3356 652 3598 719 κρεῖττον
3623 651 3723 705 ἀπὸ

2161 741 2253 795 τοῦ
2288 742 2549 814 χείρονος.
2590 743 2703 796 Ούκ
2735 742 2843 814 ἄρα
2870 737 2963 794 οὖν
2997 741 3118 794 οὐδὲ
3145 739 3243 809 τὴν
3272 738 3484 793 τελείαν
3516 740 3726 811 ἀγάπην

2160 838 2187 889 ὁ
2216 835 2458 899 τοιοῦτος
2487 836 2757 907 ἐκτήσατο
2775 875 2790 900 ,
2842 835 2943 906 τὴν
2982 833 3087 899 ἔξω
3131 832 3429 903 βάλλουσαν
3459 832 3546 883 τὸν
3571 832 3724 900 φόϐον

2159 930 2256 1000 τῆς
2292 928 2551 1000 κρίσεως.

2232 1111 2339 1175 ἥγ’.
2401 1107 2588 1161 Φίλου
2656 1102 2876 1158 πιστοῦ
2931 1104 3043 1157 οὐκ
3114 1101 3288 1156 ἐστιν
3320 1098 3726 1168 ἀντάλλαγμα.

2174 1198 2392 1270 Ἐπειδὴ
2464 1198 2564 1260 τὰς
2618 1196 2714 1251 τοῦ
2792 1197 2951 1266 φίλου
3018 1193 3344 1265 συμφορὰς,
3412 1192 3547 1256 ἰδίας
3592 1191 3729 1260 λογί-

2162 1288 2313 1349 ζεται
2339 1305 2353 1319 ο
2390 1288 2486 1341 καὶ
2519 1286 2885 1357 συνυποφέρει
2917 1283 3068 1355 αὐτῷ
3103 1282 3265 1353 μέχρι
3306 1281 3540 1337 Θανάτου
3567 1297 3728 1337 κακο-

2161 1379 2367 1433 παθῶν.

2231 1469 2334 1537 ιδ’.
2366 1470 2554 1525 Πολλοὶ
2609 1470 2707 1540 μὲν
2746 1468 2797 1521 οἱ
2832 1468 3012 1537 φίλοι,
3069 1465 3185 1520 ἀλλ’
3218 1466 3279 1519 ὲν
3330 1462 3509 1535 καιρῷ
3540 1463 3734 1534 εύημε-

2164 1560 2316 1631 ρίας·
2362 1561 2421 1613 ὲν
2465 1558 2523 1613 δὲ
2573 1557 2752 1629 καιρῷ
2797 1559 3081 1628 πειρασμσ
3107 1596 3120 1611 .
3148 1601 3160 1621 ,
3200 1556 3352 1627 μόλις
3386 1555 3453 1606 ἂν
3481 1554 3733 1625 εὑρήσεις

2160 1652 2273 1706 ινα.

2233 1746 2331 1809 ιιεῆ
2364 1742 2548 1796 Πάντα
2587 1742 2685 1811 μὲν
2716 1740 3027 1813 ἄνθρωπον,
3066 1742 3131 1793 ἐκ
3154 1739 3335 1810 ψυχῆς
3380 1736 3693 1807 ἀγαπητέον
3717 1753 3732 1770 ο

476 1847 667 1887 verum
690 1832 747 1888 in
775 1834 893 1890 solo
928 1835 1040 1890 Deo
1078 1835 1399 1892 collocanda
1421 1853 1567 1908 spes,
1598 1855 1777 1909 exque
1814 1848 1927 1893 tota
1949 1839 2061 1893 vir-

2166 1836 2260 1887 ὲπὶ
2289 1832 2516 1904 τῷθεῷ
2545 1832 2599 1885 δὲ
2632 1832 2777 1903 μόνῳ
2800 1832 2901 1901 τὴν
2930 1830 3123 1884 ἐλπίδα
3156 1828 3362 1892 θετέον,
3398 1827 3496 1881 καὶ
3529 1826 3588 1892 ἐξ
3615 1824 3736 1895 ὅλης

478 1934 595 1981 tute
618 1925 700 1980 illi
736 1926 1113 1981 serviendum.
1144 1926 1401 1993 Quandiu
1432 1930 1581 1984 enim
1613 1944 1716 1985 nos
1776 1929 1895 2001 ipse
1928 1946 2062 1986 cou-

473 2025 674 2084 servat,
702 2024 819 2073 tum
861 2034 965 2074 nos
992 2034 1189 2075 omnes
1222 2019 1383 2075 amici
1422 2022 1633 2087 colunt,
1679 2030 1794 2077 tum
1850 2018 2061 2077 inimici

473 2122 668 2163 omnes
692 2124 757 2163 ac
776 2108 1081 2165 adversarii
1108 2110 1246 2164 nihil
1299 2126 1500 2166 nocere
1526 2120 1779 2182 possunt.
1831 2112 1931 2167 Illo
1967 2128 2063 2167 au-

476 2209 585 2253 tem
612 2200 937 2267 deserente,
971 2208 1091 2256 tum
1154 2217 1258 2257 nos
1297 2202 1459 2257 amici
1497 2217 1690 2258 omnes
1716 2211 2060 2269 aversantur,

478 2300 595 2344 tum
622 2290 837 2346 inimici
860 2307 1056 2348 omnes
1078 2292 1377 2349 adversum
1402 2307 1505 2349 nos
1530 2294 1849 2363 praevalent.

550 2465 639 2520 96.
672 2467 926 2532 Quatuor
957 2466 1259 2523 universim
1283 2477 1413 2523 sunt
1442 2468 1821 2525 derelictionis
1864 2470 2012 2525 modi
2045 2487 2059 2524 :

480 2556 694 2625 primus
723 2563 872 2611 certa
895 2556 1131 2627 quadam
1163 2556 1578 2627 dispensatione
1606 2574 1672 2614 ac
1718 2560 1934 2614 consilii
1971 2576 2061 2615 ra-

481 2645 651 2707 tione,
685 2645 833 2700 velut
862 2644 919 2699 in
942 2644 1186 2712 Christo,
1214 2654 1275 2701 ut
1303 2662 1404 2717 per
1438 2662 1560 2703 eam
1600 2663 1723 2719 qua:
1747 2648 2060 2716 videbatur,

2165 1924 2348 1997 ίσχύος
2405 1924 2570 1979 αύτδν
2639 1923 3028 1995 θεραπευτέον.
3107 1922 3337 1991 Ἐφόσον
3425 1921 3538 1990 γάρ
3586 1916 3738 1981 «ore;

2162 2013 2311 2083 ἡμᾶς
2339 2013 2617 2083 συντηρεϊ,
2648 2012 2703 2065 οῖ
2725 2028 2786 2065 τε
2812 2010 2955 2082 φίλοι
2979 2009 3183 2073 πάντες
3208 2011 3355 2081 ἡμᾶς
3392 2008 3735 2078 περιέπουσι.

2162 2104 2259 2157 καὶ
2323 2106 2371 2157 οἱ
2428 2087 2616 2176 ἐχθροί
2663 2105 2886 2172 ,πάντες
2947 2102 3083 2174 πρὸς
3146 2103 3296 2173 ἡμᾶς
3360 2098 3734 2157 ἀδυνατοῦσιν.

2175 2192 2343 2247 Ἐπὰν
2377 2192 2433 2246 δὲ
2472 2190 2632 2255 αὐτὸς
2662 2194 2810 2263 ἡμᾶς
2840 2191 3208 2262 ἐγκαταλίπῃ,
3274 2189 3385 2248 οἵτε
3428 2188 3573 2259 φίλοι
3607 2186 3738 2239 πάν-

2162 2300 2252 2347 τες
2279 2284 2427 2354 ἡμᾶς
2455 2284 2910 2354 ἀποστρέφονται,
2939 2283 3036 2338 καὶ
3064 2284 3113 2337 οἱ
3152 2282 3340 2355 ἐχθροὶ
3379 2281 3590 2343 πάντες
3621 2277 3740 2332 καθ’

2164 2376 2321 2447 ἡμῶν
2355 2375 2621 2445 ἰσχύουσι.
3415 2394 3420 2399 ·

2237 2473 2353 2535 ῐπςκ
2403 2468 2681 2539 Τέσσαρές
2727 2471 2836 2522 είσι
2883 2469 3095 2538 γενικοῒ¹
3144 2466 3596 2538 ὲγκαταλείψεως
3621 2465 3741 2537 τρό-

2164 2579 2297 2615 ποι·
2337 2563 2370 2630 ἡ
2410 2563 2508 2631 μὲν
2530 2600 2545 2625 ,
2581 2560 2939 2630 οἰκονομικὴ,
2983 2561 3061 2623 ὼς
3108 2561 3203 2614 ἐπὶ
3249 2560 3345 2613 τοῦ
3377 2559 3627 2629 Κυρίουθ
3661 2558 3741 2611 ἵνα

2161 2655 2250 2709 διὰ
2273 2654 2375 2724 τῆς
2405 2654 2670 2716 δοκούσης
2703 2652 3169 2723 ἐγκαταλείψεως,
3216 2653 3265 2706 σί
3309 2650 3741 2721 ἐγκαταλελειμ-

479 2735 919 2803 derelictionem,
958 2737 1055 2808 qui
1084 2738 1341 2795 derelicti
1381 2749 1545 2796 erant
1587 2742 1825 2797 salutem
1870 2756 2064 2797 conse—

2166 2745 2318 2816 μένοι
2371 2743 2639 2799 σωθῶσιν.
2688 2744 2753 2798 Ἦ
2783 2745 2876 2808 δὲ,
2925 2745 3062 2814 πρὸς
3088 2742 3354 2813 δοκιμὴν,
3404 2743 3481 2796 ὡς
3519 2740 3613 2793 ἐπὶ
3654 2738 3744 2791 τοῦ

479 2828 1145 2897 querentur;secundus,
1174 2830 1270 2901 qui
1325 2840 1413 2887 est
1460 2833 1812 2903 probationis
1870 2849 2059 2901 causa,

2175 2835 2295 2889 ’1ὼὸ
2325 2836 2420 2891 καὶ
2448 2837 2648 2905 Ἰωσήφ
2666 2852 2680 2867 ·
2714 2836 2801 2889 ἵνα
2827 2837 2855 2890 ὁ
2882 2836 3002 2906 μὲν,
3033 2832 3285 2904 ἀνδρείας
3316 2850 3331 2865 ο
3357 2835 3389 2887 ὁ
3429 2832 3509 2899 δὲ,
3544 2846 3745 2900 σωφρο-

477 2926 541 2975 ut
574 2920 634 2977 in
654 2919 795 2976 Jobo
810 2936 874 2977 ac
890 2921 1153 2993 Josepbo,
1182 2931 1244 2979 ut
1278 2923 1419 2979 alter
1438 2925 1666 2995 quidem
1694 2924 2058 2992 fortitudinis,

2166 2928 2331 3000 σύνης
2373 2928 2565 2999 στῆλαι
2598 2929 2969 2999 ἀναφανῶσιν.
3033 2927 3099 2981 Ἦ
3127 2927 3184 2981 δὲ
3211 2966 3226 2991 ,
3274 2926 3424 2997 πρὸς
3473 2924 3742 2979 παίδευσιν

479 3007 618 3062 alter
669 3023 804 3063 vero
869 3008 1144 3066 castitatis
1209 3020 1410 3066 erectae
1480 3011 1752 3068 columnae
1806 3011 2063 3082 titulique

2164 3021 2563 3093 πνευματικὴν,
2609 3022 2685 3086 ὡς
2715 3022 2807 3076 ἐπὶ
2836 3021 2929 3076 τοῦ
2970 3020 3318 3084 Ἀποστόλου,
3356 3018 3455 3092 ἵνα
3501 3031 3745 3072 ταπεινός

478 3099 848 3166 exsisterent;
876 3101 1093 3168 tertius,
1120 3101 1455 3157 eruditionis
1483 3117 1645 3157 causa
1690 3101 1973 3173 spiritalis,
2003 3110 2064 3156 ut

2166 3112 2401 3183 φρονῶν,
2433 3114 2532 3185 τὴν
2570 3112 2877 3184 ύπερδολὴν
2907 3110 3115 3183 φυλάξῃ
3156 3110 3258 3181 τῆς
3282 3109 3548 3180 ⁸χάριτος.
3596 3106 3657 3160 ’Π
3691 3103 3744 3157 δὲ

479 3192 535 3245 in
560 3190 858 3262 Apostolo,
896 3207 1008 3262 quo
1031 3192 1143 3260 ille,
1189 3208 1387 3250 sensus
1432 3194 1703 3250 modestia
1738 3210 1804 3250 ac
1833 3193 2061 3249 humili-

2173 3205 2312 3259 κατά
2340 3205 2709 3275 ἀποστροφὴν,
2740 3205 2815 3269 ὡς
2845 3205 2937 3258 ἐπὶ
2963 3204 3073 3257 τῶν
3135 3202 3440 3266 Ἰουδαίων,
3473 3199 3561 3254 ἵνα
3593 3196 3742 3251 κολα-

480 3290 611 3347 tate,
658 3284 1061 3353 praecellentem
1102 3286 1339 3356 gratiam
1384 3296 1771 3353 conservaret;
1826 3295 2061 3357 quartus

2164 3296 2383 3368 ζόμενοι
2433 3296 2571 3368 πρὸς
2626 3296 2915 3367 μετάνοιαν
2960 3290 3437 3363 κατακαμφθῶσι.
3487 3288 3745 3358 Σωτήριοι

481 3387 579 3442 per
605 3374 972 3439 aversionem,
1001 3386 1062 3431 ut
1096 3376 1151 3430 in
1171 3376 1378 3432 Iudaeis
1401 3420 1415 3444 ,
1444 3385 1507 3431 ut
1557 3376 1771 3432 scilicet
1823 3375 2059 3446 castiga-

482 3467 630 3521 tione
684 3466 912 3534 eruditi,
958 3467 1026 3522 ad
1073 3470 1454 3540 pmnitcntiam
1496 3469 1872 3525 ﬂecterentur.
1920 3467 2062 3523 Sunt

480 3573 612 3614 vero
642 3573 837 3614 omnes
855 3558 1080 3614 himodi
1117 3560 1404 3627 salutares,
1430 3561 1738 3632 divinaeque
1798 3561 2062 3618 bonitatis

481 3647 629 3718 [deni
654 3663 720 3703 ac
746 3648 1139 3705 miserationis.

550 3740 641 3796 97.
677 3740 719 3795 li
763 3740 1030 3796 duntaxat
1053 3742 1150 3812 qui
1193 3741 1451 3797 mandata
1479 3741 1775 3814 diligenter
1817 3750 2060 3809 servant,

480 3843 718 3903 suntque
744 3832 862 3889 veri
889 3832 1203 3896 divinorum
1227 3833 1563 3906 judiciorum
1596 3843 1808 3907 mystzu,
1832 3836 2060 3900 amicos,

478 3924 576 3994 qui
597 3923 783 3979 divina
840 3924 1205 3995 permissione
1255 3933 1559 3991 tententur,
1599 3942 1715 3982 non
1774 3927 2059 3982 deserunt.

478 4014 583 4082 Qui
608 4023 796 4070 autem
822 4015 1079 4071 mandata
1109 4024 1492 4080 contemnunt,
1524 4031 1628 4085 nec
1650 4016 1835 4071 divina
1852 4015 2062 4088 judicia

480 4108 628 4163 docti
653 4116 805 4175 sunt,
834 4118 951 4163 tum
978 4108 1202 4179 quidem
1229 4124 1356 4165 eum
1380 4107 1590 4163 amicus
1612 4107 1871 4165 secundis
1899 4109 2065 4163 rebus

484 4199 680 4265 utitur,
714 4201 841 4270 ejus
869 4200 1005 4254 socii
1056 4199 1341 4255 felicitatis
1374 4198 1645 4253 accedunt
1685 4216 1699 4252 :
1752 4199 1851 4254 ubi
1881 4208 2064 4254 autem

484 4289 539 4341 in
564 4287 866 4342 tentatione
886 4288 1100 4357 positus
1125 4288 1283 4343 malis
1307 4286 1561 4353 allicilur,
1590 4303 1717 4342 eum
1776 4286 2061 4343 deserunt.

483 4379 626 4446 Quin
651 4384 708 4433 et
732 4378 1064 4449 quandoque
1114 4380 1170 4433 in
1206 4378 1647 4434 adversariorum
1695 4388 1881 4449 partes
1930 4386 2065 4434 c’on-

485 4470 711 4525 cedunt.

2159 3389 2217 3445 δὲ
2250 3388 2445 3452 πάντες
2479 3390 2527 3442 οί
2555 3388 2748 3460 τρόποι
2780 3388 3117 3459 ὑπάρχουσι,
3160 3384 3254 3438 καὶ
3283 3386 3392 3455 τῆς
3426 3382 3579 3449 θείας
3611 3381 3743 3448 ἁγα-

2162 3480 2387 3552 θότητος
2415 3480 2511 3533 καὶ
2540 3478 2948 3550 φιλανθρωπίας
2979 3477 3300 3549 ἀνάμεστοι.

2232 3745 2339 3815 ιιζι.
2370 3746 2538 3801 Μόνοι
2568 3746 2618 3798 ot
2665 3744 2916 3815 ἀκριϐεῖς
2940 3742 3048 3798 τῶν
3080 3738 3312 3795 ἐντολῶν
3342 3737 3618 3809 φύλακες,
3655 3734 3749 3790 καὶ

2162 3842 2375 3911 γνήσιοι
2422 3837 2531 3892 τῶν
2574 3836 2732 3891 θείων
2786 3833 3076 3907 χριμάτων
3127 3831 3362 3903 μύσται,
3432 3830 3566 3891 τοὺς
3610 3826 3749 3881 κατὰ

2164 3928 2516 4001 συγχώρησιν
2565 3926 2703 3982 Θεοῦ
2749 3918 3219 3998 πειραζομένους,
3267 3921 3330 3976 ού
3392 3916 3745 3990 καταλιμπά-

2162 4040 2315 4080 νουσι
2345 4022 2552 4090 φίλους.
2584 4022 2648 4074 Οἱ
2681 4019 2740 4073 δὲ
2772 4019 2882 4073 τῶν
2913 4017 3144 4081 ἐντολῶν
3185 4014 3629 4087 καταφρονηταὶ,
3659 4010 3748 4066 καὶ

2162 4115 2272 4172 τῶν
2303 4114 2465 4169 θείων
2494 4113 2778 4186 χριμάτων
2802 4111 3070 4183 ἀμύητοι,
3102 4110 3230 4163 ὅταν
3259 4108 3360 4177 μὲν
3393 4109 3425 4161 ό
3471 4105 3631 4178 φίλος
3664 4101 3746 4155 εύ-

2161 4209 2369 4280 ημερῇ,
2404 4203 2870 4260 συναπολαύουσιν
2893 4201 3061 4272 αὐτῷ’
3092 4199 3233 4265 ὲπάν
3260 4199 3316 4253 δὲ
3347 4196 3745 4269 πειραζόμενος

2164 4295 2488 4368 κακοπαθῇ,
2529 4293 3035 4364 καταλιμπάνουσιν
3075 4290 3262 4345 αὐτόν.
3315 4290 3479 4343 Ἔστι
3518 4286 3579 4342 δὲ
3620 4285 3746 4339 ὅταν

2165 4390 2261 4443 καὶ
2291 4387 2431 4459 μετά
2472 4386 2582 4440 τῶν
2611 4384 2870 4439 ἐναντίων
2906 4384 3175 4438 ἵστανται.

553 4561 721 4636 458
745 4562 834 4619 98.
866 4561 1078 4619 Christi
1097 4562 1281 4628 amici,
1302 4578 1431 4618 vere
1452 4573 1505 4619 et
1526 4579 1592 4619 ex
1620 4565 1804 4620 animo
1836 4573 2064 4621 cunctos

2242 4564 2349 4634 lm'.
2385 4565 2452 4619 Οί
2496 4562 2593 4635 μὲν
2640 4561 2733 4616 τοῦ
2764 4560 3003 4633 Χριστοῦ
3040 4560 3204 4629 φίλοι,
3241 4559 3459 4624 πάντας
3492 4556 3750 4629 ἀγαπῶσι

485 4655 724 4725 diligunt
752 4671 766 4709 :
807 4670 918 4711 non
950 4662 1133 4710 tamen
1161 4654 1232 4710 ab
1259 4655 1515 4711 omnibus
1530 4656 1853 4728 diliguntur.
1879 4657 2068 4714 Mundi

487 4755 667 4800 autem
718 4746 905 4811 amici,
957 4761 1063 4801 nee
1116 4760 1311 4801 omnes
1359 4746 1616 4816 diligunt,
1648 4764 1753 4803 nec
1791 4749 1861 4804 ab
1891 4749 2069 4803 omni-

489 4839 591 4894 hus
616 4837 938 4909 diliguntur.
968 4838 1047 4893 Ac
1072 4838 1296 4909 quidem
1326 4838 1530 4894 Christi
1554 4840 1740 4906 amici,
1795 4840 1849 4894 in
1904 4839 2066 4895 tinem

487 4944 714 4999 usquam
753 4927 1055 4998 perfectam
1090 4937 1313 4983 servant
1337 4929 1661 4984 charitatem
1693 4945 1707 4994 ;
1750 4927 2064 4982 mundiau-

488 5030 617 5087 tvm,
643 5012 820 5077 donec
852 5021 995 5076 alter
1013 5021 1250 5076 alterum
1277 5036 1463 5075 rerum
1491 5020 1677 5076 saeculi
1706 5034 1871 5074 causa
1888 5018 2063 5083 oﬂ‘en-

488 5114 691 5168 derint.

555 5207 644 5262 99.
698 5206 893 5261 Fidelis
962 5208 1187 5271 amicus,
1258 5208 1510 5276 proiectio
1577 5204 1739 5273 ﬁrma
1787 5206 1851 5259 ³³.
1906 5175 2065 5270 Quod
2154 5208 2157 5211 λ

488 5314 683 5369 nempe
712 5300 909 5364 amico,
927 5308 983 5354 et
1005 5298 1135 5353 dum
1154 5299 1413 5353 secundis
1434 5298 1601 5354 rebus
1622 5296 1817 5362 utitur,
1855 5297 2064 5367 probus

487 5392 727 5447 monitor
743 5392 815 5445 sit
833 5408 895 5446 ac
916 5391 1266 5447 consiliarius
1291 5390 1676 5460 unanimisque
1697 5389 1926 5460 adjutor;
1948 5398 2063 5444 tum

487 5482 593 5538 illis
619 5480 828 5535 nubilis
853 5490 1017 5550 atque
1044 5480 1313 5544 adversis,
1345 5478 1755 5534 sineerissimus
1802 5475 2062 5531 defensor

486 5590 548 5628 ac
573 5583 947 5647 pmpugnator
973 5571 1424 5630 ollieiosissimus.

558 5758 599 5788 ³⁸
630 5756 787 5812 Joan.
822 5771 895 5823 tv,
925 5754 1011 5810 18.
1089 5755 1133 5788 ²²
1159 5751 1330 5808 Eccli.
1362 5767 1434 5817 iv,
1480 5750 1562 5806 15.
1642 5750 1685 5783 ³³
1710 5749 1877 5805 Eccli.
1913 5764 1986 5814 γι,
2022 5749 2107 5804 14.

2164 4657 2421 4728 γνησίως.
2459 4654 2572 4724 Ούχ
2606 4653 2709 4708 ύπδ
2736 4653 2957 4707 πάντων
2984 4651 3041 4707 δὲ
3071 4651 3418 4721 ἀγαπῶνται.
3454 4652 3522 4706 Oi
3569 4650 3628 4705 δὲ
3659 4646 3750 4702 τού

2166 4753 2377 4820 κόσμου
2431 4749 2599 4818 φίλοι,
2655 4747 2777 4802 οὐδὲ
2840 4746 3049 4811 πάντας
3102 4747 3383 4816 ἀγαπῶσι,
3446 4747 3576 4801 οὐδὲ
3647 4744 3751 4800 ὑπὸ

2168 4843 2390 4898 πάντων
2415 4840 2762 4911 ἀγαπῶνται.
2795 4840 2906 4893 Καὶ
2933 4842 2984 4893 οἱ
3017 4840 3115 4911 μὲν
3143 4839 3234 4894 τοῦ
3277 4839 3549 4910 Χριστοῦ,
3593 4837 3754 4909 μέχρι

2169 4935 2357 4997 τέλους
2403 4933 2501 5004 τὴν
2538 4935 2822 5005 συνέχειαν
2866 4933 2965 5001 τῆς
3007 4932 3228 5003 ἀγάπης
3270 4930 3637 5002 διατηροῦσιν
3661 4947 3676 4963 ο
3708 4928 3754 4981 οἰ

2168 5025 2224 5078 δὲ
2264 5026 2357 5077 τοῦ
2410 5024 2616 5095 κόσμου
2639 5065 2653 5090 ,
2704 5025 2900 5096 μέχρις
2931 5013 2994 5079 οὗ
3036 5023 3289 5095 ἀλλήλοις
3324 5022 3414 5076 διὰ
3441 5022 3517 5076 τά
3548 5022 3753 5090 κόσμου

2172 5116 2621 5189 προσκρούσωσι.

2240 5209 2344 5277 [ιϐ’.
2377 5209 2558 5275 Φίλος
2587 5206 2824 5273 πιστὸς,
2863 5205 3064 5273 σκέπη
3094 5203 3360 5273 κραταιά.
3405 5203 3638 5274 Ἐπειδὴ
3668 5200 3757 5255 καὶ

2170 5298 2534 5371 εὐημεροῦντι
2570 5298 2644 5368 τῷ
2692 5297 2832 5368 φίλῳ
2880 5295 3183 5366 σύμῦουλός
3219 5297 3366 5347 ἐστιν
3396 5292 3616 5362 ἀγαθὸς
3668 5290 3759 5344 καὶ

2173 5393 2435 5463 συνεργὸς
2464 5390 2747 5462 σύμψυχος
2773 5406 2785 5418 ·
2826 5389 2921 5442 καὶ
2958 5386 3360 5442 κακοπαθοῦντι
3394 5385 3760 5455 ἀντιλήπτωρ

2170 5483 2540 5552 γνησιώτατος
2581 5482 2674 5535 καὶ
2706 5480 3023 5553 ύπέρμαχος
3060 5477 3545 5551 συμπαθέστατος.
