4076 6460
444 425 580 491 ῙθἹ3

441 638 626 706 μόνοις
663 635 721 688 δὲ
765 639 877 700 τοῖς
906 638 1141 709 Χριστοῦ
1199 640 1469 710 μαθηταῖς
1503 645 1706 713 ταύτην
1751 644 2012 714 ζητήσας,

438 729 692 798 εὑρήσεις
717 744 730 758 ’
777 729 898 782 ἐπεὶ
929 731 1024 782 καὶ
1058 731 1206 800 μόνοι
1251 733 1402 785 αὐτοὶ
1452 733 1596 804 εἶχον
1624 736 1721 804 τὴν
1756 736 2015 806 ἀληθινὴν

451 819 697 888 Ἀγάπην
729 822 828 890 τῆς
862 821 1084 891 ἀγάπης
1124 821 1473 890 διδάσκαλον,
1526 825 1654 895 περὶ¹
1683 821 1750 898 ἧς
1785 827 1970 895 ἔλεγον
1995 843 2008 856 ·

450 909 595 964 Ἐὰν
622 911 743 980 ἔχω
765 915 1155 981 προφητείαν,
1176 915 1273 968 καὶ
1296 915 1431 969 εἰδῶ
1452 917 1522 969 τὰ
1532 919 1838 986 μυστήρια
1858 918 2011 973 πάν-

433 1017 504 1054 τα
514 1002 632 1065 ,καὶ
650 1002 857 1058 πᾶσαν
868 1007 982 1071 τὴν
994 1006 1238 1076 γνῶσιν,
1254 1007 1494 1077 ἀγάπην
1508 1008 1575 1062 δὲ
1585 1010 1671 1078 μὴ
1691 1010 2015 1079 ἓχω,οὺδὲν

433 1093 800 1163 ὠφελοῦμαι.
846 1096 906 1149 ὐ
934 1093 1030 1150 οὖν
1063 1099 1408 1168 κτησάμενος
1439 1101 1536 1171 τὴν
1561 1101 1809 1172 ἀγάπην,
1847 1102 2011 1155 αὐτὸν

432 1186 526 1240 τὸν
558 1186 692 1243 Θεὸν
725 1188 1031 1259 ἐκτήσατο·
1083 1193 1272 1262 ἐπειδὴ
1329 1194 1356 1246 6
1405 1193 1548 1259 Θεὸς
1586 1193 1784 1264 ἀγάπη
1816 1196 2009 1249 ἐστίν.

433 1278 593 1349 Αὑτῷ
626 1280 660 1351 ή
691 1280 816 1345 δόξα
845 1283 924 1346 εἰς
954 1284 1080 1346 τοὺς
1109 1282 1331 1347 αἰῶνας.
1370 1285 1564 1356 Ἀμήν.

440 1395 618 1463 Τέλος
643 1395 762 1450 τῶν
789 1397 920 1466 περὶ
950 1396 1189 1472 ἀγάπης·
1219 1400 1564 1472 κεφαλαίων
1584 1401 1695 1471 τῆς
1729 1404 2010 1472 τετάρτης

995 1469 1410 1536 ἐκατοντάδος.

767 1579 1257 1636 ΑΝΕιιιΓΡΑΦυΥ
1296 1584 1549 1638 axona
1571 1583 1669 1656 (ac).

507 1695 576 1742 α’.
621 1689 810 1760 Ἡμεῖς
854 1692 976 1746 οὐδὲ
1010 1693 1190 1762 λόγοις
1229 1696 1349 1748 οὐδὲ
1402 1696 1585 1767 ἔργοις
1635 1699 2003 1774 παιδεύειν,ή

434 1779 540 1834 κᾶν
576 1781 932 1836 παιδεύεσθαι
965 1785 1257 1855 δυνάμενοι
1281 1827 1296 1852 ,
1343 1786 1523 1856 λόγοις
1561 1791 1836 1844 παιδεύειν
1880 1799 2002 1846 επι-

1323 434 1658 495 CAPlTUM
1699 435 1796 494 DE
1835 436 2269 496 CHARITATE
2310 435 2699 499 CENTURIA
2738 443 2833 502 IV.

509 550 577 613 ρ’.
620 542 814 597 Πολλοὶ⁵
840 543 939 614 μὲν
969 544 1138 598 πολλὰ
1171 549 1301 617 περὶ
1343 547 1564 616 ἀγάπης
1592 551 1882 621 εξρήκασιν
1908 569 1920 581 ·
1955 552 2012 604 ὲν
2045 558 2081 612 Α

3564 445 3657 507 1οῗ
3670 447 3700 504 ι

2189 553 2310 609 100.
2345 554 2497 609 Multi
2533 555 2600 609 de
2635 555 2900 610 charitate
2942 557 3108 612 locuti
3135 564 3263 612 sunt
3295 575 3307 610 :
3342 557 3484 612 bane
3529 560 3699 612 enin-r-

2118 661 2249 700 vero
2286 647 2331 701 si
2361 648 2668 717 quaesieris,
2722 648 2778 701 in
2811 647 2942 701 solis
2997 647 3246 703 invenies
3284 648 3487 704 Christi
3545 649 3703 705 disci-

2118 735 2281 802 pulis.
2311 736 2444 789 Nam
2465 746 2519 792 et
2565 737 2620 790 hi
2647 736 2748 790 soli
2799 752 2986 790 veram
3033 736 3355 799 charitatem
3399 737 3700 802 habebam,

2117 844 2239 895 qua:
2260 828 2483 884 doceret
2508 831 2866 895 charitatem;
2901 830 2969 883 de
2995 845 3101 898 qua
3143 830 3323 883 aiebat
3348 831 3641 898 Apostolus
3682 851 3697 884 :

2116 917 2174 972 Si
2205 921 2435 975 habuero
2470 924 2801 994 praphetiam
2832 931 2878 976 et
2923 924 3157 976 noverim
3190 924 3440 993 mysteria
3494 926 3695 986 omnia,

2114 1021 2165 1063 et
2189 1029 2396 1067 omnem
2422 1016 2719 1081 scientiam,
2748 1017 3063 1069 charitatem
3093 1023 3268 1068 autem
3313 1031 3416 1067 non
3445 1014 3694 1078 habuero,

2115 1101 2248 1155 nihil
2277 1104 2402 1157 mihi
2430 1105 2642 1174 prodest
2665 1105 2727 1159 ⁸⁸.
2752 1105 3001 1176 Quiergo
3027 1113 3219 1160 nactus
3239 1113 3323 1159 est
3349 1104 3692 1166 cbaritatem,

2111 1193 2282 1248 Deum
2314 1204 2506 1252 nactus
2538 1205 2642 1260 est,
2689 1214 2754 1252 eo
2778 1198 2922 1267 quod
2951 1197 3090 1252 Deus
3123 1199 3354 1252 charitus
3379 1205 3453 1251 est
3489 1197 3553 1249 ⁸⁸.
3588 1197 3691 1267 Ipsi

2108 1282 2282 1350 gloria
2319 1285 2370 1338 in
2400 1288 2596 1342 saecula
2627 1288 2974 1343 saeculorum.
3002 1288 3195 1342 Amen.

2211 1398 2353 1454 Finis
2386 1409 2575 1469 quater
2606 1412 2942 1455 centenorum
2970 1403 3202 1471 capitum
3226 1400 3288 1454 de
3309 1401 3584 1454 charitate.

2391 1581 2670 1636 INCERTI
2706 1581 3052 1638 AUCTORIS
3087 1579 3401 1637 SCHOLlA.

2180 1692 2229 1745 1.
2254 1692 2365 1747 Nos
2392 1693 2484 1762 qui
2510 1709 2612 1748 nec
2659 1695 2846 1750 verbis
2892 1710 2994 1749 nec
3032 1695 3295 1765 operibus
3345 1680 3568 1760 docere,
3597 1703 3691 1749 aut

2105 1781 2298 1836 saltem
2328 1783 2515 1839 doceri
2539 1786 2838 1851 valeamus,
2893 1786 3082 1841 verbis
3115 1801 3178 1841 ac
3203 1785 3550 1842 sermonibus
3588 1785 3690 1840 do-

436 1872 728 1942 χειροῦμεν
751 1890 766 1906 ο
800 1875 893 1927 καὶ
916 1875 1092 1928 ἄλλων
1121 1876 1366 1944 γίνεσθαι
1401 1881 1574 1950 ἰατροὶ
1605 1880 1820 1937 ἕλκεσιν
1847 1885 2002 1940 αὐτοὶ

2105 1887 2230 1927 cere
2249 1881 2541 1939 tentamus,
2566 1886 2732 1944 atque
2761 1875 2991 1930 aliorum
3013 1874 3150 1930 ciIiei
3182 1875 3401 1940 medici,
3429 1875 3523 1945 qui
3546 1875 3692 1929 ulce-

435 1963 713 2034 βρύοντες.
748 1965 890 2037 Ὅρα
929 1965 988 2019 δὲ
1035 1965 1129 2033 τὸ,
1167 1968 1248 2022 ὅτι
1301 1970 1382 2022 Οὐ
1415 1969 1610 2024 πάντα
1636 1973 1761 2038 τοῖς
1788 1974 2010 2038 ,βουλο-

426 2059 631 2126 μένοις
664 2058 824 2112 εἰσιν
853 2059 1144 2126 εὔληπτα,
1184 2058 1300 2114 κᾶν
1340 2061 1516 2117 τοῦτο
1560 2063 1732 2133 δοκῇ.
1776 2067 1885 2120 Καὶ
1923 2067 2008 2131 τίς

429 2149 494 2203 οὐ
517 2150 857 2222 θαυμάσεται
878 2153 1004 2216 τοὺς
1031 2154 1124 2206 καὶ
1150 2157 1416 2223 γυναῖκας
1437 2156 1703 2226 χλιδώσας
1725 2160 1818 2213 καὶ
1839 2161 2007 2230 νήπια

429 2241 605 2297 ταῦτα
665 2243 938 2298 διδάσκειν
995 2246 1506 2318 ἐπαγγελλομένους
1570 2249 1711 2319 μετὰ
1771 2251 2004 2323 σοϐαροῦ

426 2333 522 2388 τοῦ
552 2337 900 2407 φρονήματος
931 2353 946 2402 ;

499 2425 565 2496 β’.
600 2427 794 2494 Λέγων
819 2429 848 2482 6
895 2427 1252 2493 Ἀπόστολος·
1304 2432 1373 2485 El
1417 2431 1486 2486 δέ
1521 2449 1612 2498 τις
1662 2434 1868 2504 ἁγαπᾷ
1897 2435 2006 2490 τὸν

427 2514 578 2569 Θεὸν
603 2555 618 2577 ,
667 2511 847 2582 οὗτος
913 2516 1210 2587 ἔγνωσται
1265 2521 1367 2574 ὑπ’
1415 2521 1602 2575 αὐτοῦ
1628 2539 1642 2552 ·
1683 2523 1820 2593 δῆτα
1867 2525 2003 2594 ἀγα-

423 2606 645 2671 πῶντας
697 2609 844 2678 ἡμᾶς
891 2608 984 2661 τὸν
1033 2611 1241 2680 Κύριον
1293 2611 1661 2680 γινώσκεσθαι
1703 2614 1952 2685 βούλεται
1985 2636 1997 2648 ·

436 2697 538 2750 Ἐκ
564 2695 634 2749 δὲ
669 2698 776 2751 τοῦ
815 2699 1235 2768 γινώσκεσθαι.
1277 2705 1341 2757 τὸ
1388 2703 1781 2761 διδάσκεσθαι
1808 2750 1821 2772 ,
1855 2709 2002 2764 καθά

422 2805 590 2859 φησιν
621 2791 649 2841 6
702 2789 878 2860 μέγας
923 2792 1015 2846 καὶ
1064 2793 1164 2863 τὴν
1199 2795 1402 2865 ἀρετὴν
1449 2798 1542 2850 καὶ
1583 2799 1681 2868 τὴν
1716 2798 1998 2869 θεολογίαν

419 2881 742 2952 Γρηγόριος.
770 2883 988 2954 Ταύτης
1017 2881 1169 2954 οἴμαι
1200 2888 1300 2957 τῆς
1327 2886 1538 2950 ἐννοίας
1563 2888 1678 2942 ἐστὶ
1698 2931 1712 2954 ,
1755 2893 1851 2943 καὶ
1880 2892 1998 2945 τόδε

418 2971 481 3025 τὸ
510 2960 831 3041 κεφάλαῖοψ
879 2975 1144 3050 Ἀτάπην
1167 2975 1301 3046 μὲν,
1332 2979 1517 3032 τίκτει
1537 2981 1791 3036 ἀπάθεια
1819 3001 1832 3014 ο
1873 2985 1907 3054 ἡ
1932 2984 1999 3038 δὲ

419 3064 644 3134 ἀγάπη,
681 3065 787 3120 τοῦ
819 3066 1126 3137 φωτισμοῦ
1168 3067 1280 3138 τῆς
1321 3069 1598 3138 γνώσεώς
1623 3073 1754 3127 ἐστι
1786 3091 1996 3144 γεννη-

415 3157 589 3226 τική.-

2111 1963 2268 2019 ribus
2325 1965 2429 2035 ipsi
2478 1976 2806 2022 scatcamus.
2835 1966 3076 2023 Observa
3127 1982 3259 2022 vero
3311 1966 3446 2021 illud
3501 1983 3514 2020 :
3570 1965 3689 2020 Non

2109 2057 2287 2110 omnia
2311 2057 2391 2110 his
2423 2057 2512 2126 qui
2533 2057 2714 2124 velint,
2737 2060 2856 2129 capi
2888 2058 3043 2130 facile
3086 2068 3300 2129 possunt
3330 2075 3392 2112 ac
3438 2056 3686 2129 intelligi,

2109 2149 2205 2201 etsi
2235 2149 2312 2202 ita
2337 2149 2600 2203 videatur.
2634 2149 2837 2220 Ecquis
2897 2166 3009 2206 non
3047 2150 3283 2205 miretur
3335 2164 3450 2213 eos,
3485 2149 3580 2218 qui
3633 2157 3687 2202 et

2108 2238 2421 2295 luxuriosas
2445 2241 2802 2298 mulierculas
2827 2249 2884 2296 et
2909 2241 3164 2305 infantes,
3190 2240 3308 2295 haec
3328 2255 3386 2295 se
3403 2240 3686 2306 docturos,

2105 2340 2272 2380 sensu
2307 2328 2520 2382 tumido
2545 2345 2608 2384 ac
2641 2329 2898 2399 superbo,
2929 2330 3340 2400 proﬁteantur?

2175 2419 2229 2472 2.
2255 2418 2394 2474 Cum
2442 2420 2594 2476 dicat
2617 2420 2917 2492 Apostolus
2969 2440 2982 2477 :
3043 2420 3100 2476 Si
3131 2424 3249 2494 quis
3294 2431 3471 2477 autem
3513 2421 3687 2493 diligit

2104 2509 2296 2577 Deum,
2327 2513 2410 2566 hic
2439 2516 2681 2585 cognitus
2716 2525 2790 2569 est
2816 2515 2881 2570 ab
2913 2532 2970 2570 eo
2993 2516 3070 2583 “;
3103 2517 3364 2570 nimirum
3422 2515 3542 2570 vult
3585 2531 3687 2570 nos

2103 2599 2383 2671 diligendo
2430 2603 2725 2659 Dominum
2763 2606 3021 2675 cognosci
3059 2623 3074 2659 :
3118 2605 3203 2660 Ea:
3234 2622 3294 2659 eo
3341 2613 3519 2659 autem
3547 2604 3687 2676 quod

2102 2694 2490 2762 cognoscimur,
2533 2694 2729 2760 doceri,
2767 2695 2911 2751 sicut
2958 2697 3056 2762 ait,
3112 2704 3228 2751 tum
3276 2697 3501 2751 virtutis
3547 2711 3687 2765 prae-

2101 2784 2324 2848 stantia,
2354 2793 2471 2838 tum
2520 2786 2682 2840 laude
2742 2787 3034 2858 theologia:
3085 2803 3315 2858 magnus
3362 2785 3680 2857 Gregorius.

2101 2873 2257 2927 Hunc
2286 2883 2420 2943 puto
2443 2890 2666 2931 sensum
2695 2877 2898 2932 habere
2926 2887 2981 2931 et
3005 2878 3111 2932 hoc
3163 2876 3466 2946 capitulum
3499 2894 3512 2928 :
3541 2874 3682 2929 Cha—

2098 2966 2309 3019 ritatem
2343 2968 2553 3036 quidem
2578 2971 2720 3038 parit
2760 2969 3192 3039 impcrturbatio;
3227 2969 3459 3021 Charitas
3507 2973 3682 3021 autem

2095 3056 2476 3112 illustrationis
2506 3062 2738 3116 scientia
2764 3077 2955 3131 parens
2983 3062 3204 3114 exsistit.

489 3251 560 3319 γ’.
618 3251 790 3305 Τίνων
829 3253 925 3323 οὐχ
977 3253 1208 3308 ἅπτεται
1269 3253 1406 3326 αὕτη
1459 3255 1679 3321 ἔννοια,
1723 3253 1876 3329 οἴμαι
1938 3258 1992 3312 δὲ

2171 3252 2223 3304 5.
2247 3249 2394 3317 Quos
2426 3256 2697 3309 sententia
2732 3255 2850 3310 haec
2874 3271 2985 3309 non
3011 3253 3343 3326 perstringat
3368 3270 3380 3305 :
3403 3251 3684 3321 Praecipue

421 3343 655 3416 μάλιστα
681 3386 696 3412 ,
745 3346 854 3402 τῶν
906 3345 1000 3399 τοῦ
1066 3350 1303 3419 μαμωνᾶ
1355 3350 1989 3422 ύπεραποθνησκόντων·

414 3437 611 3490 ταυτὸν
644 3438 700 3490 δὲ
736 3439 909 3492 εἰπεῖν
951 3438 1046 3492 τοῦ
1096 3439 1391 3511 λεγομένου
1438 3442 1703 3512 δημοσίου
1758 3445 1852 3498 καὶ
1897 3445 1992 3498 τοῦ

413 3525 764 3594 κοσμοκράτο
770 3543 880 3596 ρος.

488 3615 553 3668 δ’.
597 3617 658 3668 '0
687 3616 820 3680 Θεὸς
854 3617 1064 3683 πάντας
1088 3619 1408 3692 ἀνθρώπους
1436 3621 1581 3676 θέλει
1607 3624 1864 3694 σωθῆναι,
1898 3626 1992 3679 καὶ

414 3707 557 3779 ὑπὲρ
591 3709 810 3764 πάντων
839 3713 1134 3778 ἀπέθανεν,
1182 3713 1268 3767 ἵνα
1310 3717 1359 3768 οξ
1391 3717 1592 3780 πάντες
1625 3717 1893 3773 σωθῶσιν.
1931 3718 1991 3772 '0

410 3798 508 3856 οὖν
529 3802 759 3872 ἀγαπῶν
785 3804 877 3859 τὸν
906 3805 1056 3868 Θεὸν,
1087 3805 1147 3859 τὸ
1180 3807 1401 3878 θελητὸν
1425 3808 1519 3862 τοῦ
1543 3810 1680 3864 Θεοῦ
1708 3811 1988 3880 φυλάττει.

410 3896 703 3950 Φυλάττων
743 3897 822 3963 δὲ,
879 3897 998 3962 πῶς
1027 3899 1126 3951 οὐκ
1177 3900 1456 3971 ἀγαπήσει
1511 3901 1720 3965 πάντας
1760 3903 1834 3966 ὡς
1869 3905 1990 3958 ἑαυο

411 3989 534 4055 τὸν,
571 3989 665 4042 καὶ
705 3989 922 4060 θελήσει
971 3989 1185 4054 πάντας
1236 3992 1506 4062 σωθῆναι,
1541 3995 1700 4048 τοῦτο
1737 3994 1986 4062 θέλοντος

410 4081 506 4136 τοῦ
534 4081 688 4148 Θεοῢς

484 4269 546 4318 ε’.
595 4262 802 4316 Γνῶσιν
851 4262 946 4316 τοῦ
989 4261 1123 4316 Θεοῦ
1167 4264 1266 4333 τὴν
1299 4264 1481 4318 πίστιν
1525 4266 1710 4334 λέγει·
1753 4268 1990 4340 ,ἀγάπη-ν

410 4354 492 4420 δὲ,
520 4357 618 4426 τὴν
653 4356 886 4426 τήρησιν
925 4353 1034 4408 τῶν
1070 4354 1333 4409 ἐντολῶν·
1376 4357 1441 4426 ἢν
1471 4358 1565 4410 καὶ
1597 4358 1809 4428 θέλημα
1836 4361 1994 4414 καλεῖ

410 4447 510 4500 καὶ
542 4446 888 4518 δικαιώματα
936 4447 1034 4500 καὶ
1083 4448 1400 4518 ἐντάλματα
1452 4451 1545 4502 καὶ
1583 4451 1989 4522 προστάγματα

411 4539 508 4590 καὶ
562 4536 710 4606 φώς-⁸
757 4537 899 4591 κατὰ
945 4537 1036 4604 τὸ,
1078 4539 1233 4592 Διότι
1279 4539 1406 4608 φῶς
1443 4541 1516 4594 τὰ
1564 4542 1992 4611 προστάγματα

411 4644 553 4682 σου.
584 4628 694 4701 Τὴν
725 4628 1042 4702 ἔμπρακτον
1072 4629 1129 4683 δὲ
1162 4629 1364 4698 γνῶσιν
1403 4632 1698 4703 παρίστησι
1729 4634 1788 4686 τὸ
1819 4635 1987 4702 κεφά-

411 4721 584 4775 λαιον.

489 4818 562 4878 ς’.
615 4813 776 4867 Attia.
823 4813 934 4868 τῶν
984 4813 1196 4886 ἀρετῶν
1229 4815 1378 4869 ἐστιν
1417 4817 1444 4868 6
1478 4817 1634 4880 Θεός.
1669 4817 1873 4871 Τούτου
1911 4818 1987 4883 δὲ,

411 4904 536 4958 κατ’
592 4897 875 4977 ἐνέργειαν
908 4905 1135 4974 γνῶσις,
1190 4906 1353 4976 ἡτοῦ
1398 4909 1518 4961 κατ’
1580 4909 1839 4981 ἀλήθειαν
1890 4912 1990 4963 ἑπ-

412 4996 718 5062 εγνωκὸτος
751 4997 842 5051 τὸν
871 4997 1038 5062 Θεὸν,
1076 4998 1211 5068 πρὸς
1240 4998 1301 5052 τὸ
1336 5000 1552 5072 πνεῦμα
1583 5001 1723 5056 κατὰ
1749 5002 1848 5074 τὴν
1877 5002 1990 5070 ἕξιν

413 5088 724 5154 ἀλλοίωσις.

485 5181 552 5245 ζ’.
595 5178 895 5249 Ἀνάγνωθι
924 5179 984 5233 τὸ
1011 5187 1094 5244 ος¹
1135 5184 1236 5252 τῆς
1283 5184 1454 5252 αὐτῆς
1492 5192 1556 5256 ρ’,
1607 5186 1701 5238 καὶ
1736 5187 1990 5258 εὑρήσεις

412 5269 600 5340 ὅμοιον
626 5270 825 5342 πάντη,
854 5271 1006 5343 παρὰ
1032 5272 1093 5324 τὸ
1125 5274 1233 5326 τῶν
1264 5275 1545 5344 ὀνομάτων
1575 5275 1857 5347 διάφορον.

484 5452 554 5517 η’.
601 5447 662 5500 Εἰ
697 5446 990 5518 φάρμακον
1036 5446 1136 5516 τῆς
1189 5448 1407 5518 ἀγάπης
1436 5452 1468 5519 ή
1501 5451 1687 5522 ἐντολὴ
1720 5454 1861 5508 κατὰ
1892 5456 1986 5509 τοῦ

412 5533 586 5608 θυμοῦ
633 5535 810 5609 ἐδόθη·
847 5537 1063 5601 πάντως
1100 5538 1133 5608 ἡ
1165 5537 1464 5607 ἐγκράτεια
1497 5541 1640 5594 κατὰ
1665 5544 1764 5613 τῆς
1795 5545 1987 5598 ἐπιθυ-

416 5623 546 5693 μίας
570 5624 892 5699 δεδώρηται.
933 5625 1231 5693 Ἀνάγνωθι
1264 5627 1324 5679 τὸ
1365 5627 1459 5680 οθ’.

484 5732 574 5789 a‘1
602 5734 727 5789 Cor.
760 5751 874 5800 xm,
903 5737 956 5790 2.
1035 5737 1080 5768 ⁸⁵
1115 5736 1313 5791 lJoan.
1350 5755 1420 5799 iV,
1458 5739 1545 5793 46.
1624 5742 1668 5771 ⁸⁸
1694 5742 1858 5796 lCor.
1892 5763 2001 5811 vui,
2031 5752 2079 5804 5.

473 5857 552 5931 (1;)
612 5856 688 5914 Ex
728 5858 1021 5929 Raphaclis
1059 5859 1328 5925 Dufrenii,
1385 5879 1531 5918 nunc
1562 5863 1750 5934 Regio,
1808 5868 2016 5924 codice.

2093 3358 2226 3399 vero
2253 3361 2370 3412 eos,
2410 3348 2505 3416 qui
2535 3363 2858 3402 mammonae
2895 3363 3073 3421 causa.
3089 3347 3443 3401 moriuntur:
3498 3345 3686 3414 perin-

2095 3435 2273 3506 deque
2313 3449 2399 3492 est
2447 3454 2512 3494 ac
2556 3439 2728 3504 dicas,
2780 3441 2902 3510 ejus
2951 3438 3098 3510 quod
3152 3437 3443 3508 publicum
3505 3435 3683 3506 (quasi

2094 3527 2234 3584 forte
2264 3529 2538 3600 aerarium)
2564 3539 2784 3595 vocant,
2809 3544 2863 3584 et
2885 3529 3077 3584 mundi
3104 3540 3396 3585 rectorem.

2165 3622 2218 3674 4.
2250 3621 2398 3675 Deus
2423 3636 2617 3676 omnes
2643 3623 2898 3676 homines
2920 3622 3042 3676 vult
3067 3620 3249 3676 salvos
3295 3619 3436 3686 ﬁeri,
3473 3631 3532 3677 et
3581 3636 3683 3692 pro

2095 3711 2356 3767 omnibus
2390 3719 2645 3768 mortuus
2700 3720 2806 3777 est,
2839 3719 2900 3765 ut
2964 3727 3158 3768 omnes
3205 3712 3438 3766 salutem
3483 3725 3682 3766 conse-

2094 3813 2336 3875 quantur
2367 3807 2432 3858 ³⁷.
2471 3805 2574 3872 Qui
2616 3821 2748 3876 ergo
2798 3805 2968 3860 Deum
3016 3806 3217 3874 diligit,
3253 3805 3359 3860 hoc
3412 3805 3677 3869 custodit,

2093 3897 2246 3966 quod
2289 3912 2356 3951 ex
2384 3898 2481 3952 Dei
2510 3899 2791 3954 voluntate
2822 3899 3057 3954 exsistit.
3085 3897 3189 3965 Qui
3222 3913 3354 3953 vero
3383 3897 3678 3956 custodiat.

2095 3986 2372 4054 quomodo
2401 4001 2514 4040 non
2556 4002 2748 4042 omnes
2782 3995 2845 4041 ut
2897 3987 3141 4057 seipsum
3193 3987 3392 4057 diligit,
3452 3985 3681 4056 vultque

2095 4091 2288 4132 omnes
2321 4076 2502 4132 salvos
2546 4076 2704 4142 ﬁeri,
2760 4092 2886 4131 cum
2927 4077 3046 4132 hazc
3093 4077 3192 4132 Dei
3241 4077 3496 4132 voluntas
3531 4077 3679 4132 exsi-

2095 4169 2244 4222 stat?

2167 4261 2218 4314 5.
2260 4259 2560 4315 Scientiam
2586 4260 2706 4325 Dei,
2737 4259 2900 4316 ﬁdem
2942 4269 3126 4316 vocat.
3156 4260 3493 4317 Charitatcm
3522 4275 3676 4323 vero,

2095 4351 2543 4406 observationem
2582 4351 2993 4418 mandatorum,
3023 4367 3190 4423 quam
3239 4360 3295 4407 et
3333 4352 3680 4407 voluntatem

2095 4442 2353 4512 appellat,
2385 4451 2440 4498 et
2464 4442 2892 4513 justiﬁcationes
2915 4452 2971 4498 et
3013 4443 3268 4498 mandata
3305 4453 3361 4498 et
3408 4449 3681 4513 praecepta

2095 4542 2150 4586 et
2173 4535 2380 4598 lumen,
2409 4535 2565 4606 juxta
2599 4535 2732 4588 illud
2765 4553 2778 4588 :
2826 4533 2964 4600 Quia
3000 4534 3092 4590 lux
3125 4535 3386 4590 mandata
3411 4533 3478 4589 ³⁸.
3509 4535 3682 4590 Porro

2100 4635 2266 4696 caput
2295 4626 2400 4682 hoc
2445 4627 2733 4682 Scientiam
2768 4627 2993 4684 exhibet
3037 4644 3163 4684 cum
3202 4627 3419 4684 actione
3448 4621 3682 4698 conjun-

2101 4731 2244 4774 ctam
2271 4735 2506 4791 eamque
2529 4721 2886 4793 dirigentem.

2170 4811 2222 4864 6.
2266 4811 2523 4866 Scientite
2558 4821 2752 4867 auctor
2797 4813 2946 4867 Deus
2977 4819 3080 4867 est.
3108 4813 3240 4884 Ejus
3271 4821 3456 4866 autem
3478 4811 3532 4865 in
3553 4819 3676 4865 actu

2098 4905 2350 4966 scientia,
2381 4906 2500 4976 ejus
2526 4915 2611 4960 est
2641 4905 2733 4976 qui
2763 4905 2932 4959 Deum
2962 4905 3085 4971 scit,
3111 4905 3164 4959 in
3203 4903 3459 4975 spiritum
3483 4902 3680 4959 habitu

2097 4995 2426 5052 immutatio.

2165 5172 2214 5225 7.
2249 5171 2392 5243 Lege
2441 5181 2606 5243 caput
2657 5174 3122 5245 septuagesimum
3169 5182 3384 5229 sextum
3425 5172 3674 5244 ejusdem

2091 5263 2418 5325 centenarii,
2473 5263 2834 5334 inveniesque
2885 5279 3114 5335 prorsus
3163 5264 3366 5330 simile,
3391 5265 3500 5322 nisi
3525 5265 3676 5336 quod

2098 5359 2204 5412 alia
2227 5358 2450 5413 nomina
2479 5360 2657 5428 posita
2681 5368 2828 5414 sunt.

2167 5449 2334 5521 459
2356 5449 2408 5504 8.
2437 5449 2806 5508 Sicharitatis
2845 5449 3166 5504 mandatum
3215 5451 3524 5507 remedium
3579 5451 3676 5506 ad-

2097 5558 2287 5597 versus
2318 5545 2454 5597 iram
2480 5542 2666 5597 datum
2696 5551 2812 5606 est,
2850 5544 3008 5614 plane
3033 5544 3376 5600 continentia
3408 5544 3676 5599 adversus

2095 5635 2600 5705 concupiscentiam
2629 5650 2891 5690 concessa
2916 5645 3023 5691 est.
3052 5634 3196 5708 Lege
3221 5650 3343 5706 cap.
3373 5634 3460 5690 79.

2161 5752 2200 5781 ³⁷
2235 5750 2252 5802 l
2291 5748 2432 5802 Tim.
2466 5763 2523 5813 ιι,
2560 5747 2611 5801 4.
2690 5747 2734 5779 ³⁸
2768 5747 2870 5802 lsa.
2905 5763 3049 5812 xxvi,
3083 5748 3137 5802 9.
