4076 6408
419 374 557 442 1075

1560 373 1645 435 .S.
1689 372 1977 435 MAXIMI
2012 366 2521 433 CONFESSORIS

3554 376 3687 445 1076

485 490 540 545 9.
565 484 675 542 Nos
704 498 839 539 vero
861 482 955 552 qui
1007 481 1207 536 horum
1232 480 1400 535 trium
1430 481 1577 536 servi
1609 483 1803 545 simus,
1831 496 2007 552 quan-

2184 481 2249 534 θ’.
2301 483 2362 534 Οἱ
2392 480 2450 534 δὲ
2493 480 2602 535 τῶν
2630 481 2798 554 τριῶν
2842 483 3041 552 δοῦλοι,
3081 487 3246 542 πόσον
3276 487 3429 559 μῖσος
3449 490 3567 541 κατ’
3595 491 3678 544 ἀλα

420 590 536 634 tum
565 576 657 631 alii
711 574 767 628 in
800 573 940 627 alios
966 570 1157 625 odium
1187 570 1424 636 alimus;
1447 570 1544 641 qui
1587 570 1889 625 insatiabili
1911 584 2008 624 cu-

420 669 649 740 piditate
679 666 779 720 toti
814 673 1125 719 teneamur.
1165 662 1309 734 Lege
1341 675 1463 732 cap.
1487 660 1578 717 64.

488 760 572 818 10.
605 759 711 816 Ubi
755 758 992 823 dixerat,
1036 772 1159 827 cap.
1200 758 1288 821 77,
1320 770 1421 826 per
1460 752 1720 809 mandata
1756 751 1826 807 ab
1868 749 2008 806 επο-

416 855 599 909 ctibus
623 867 688 908 ac
716 850 869 907 vitiis
898 851 1175 906 immunes
1201 857 1460 920 praestare
1489 865 1502 901 :
1536 847 1644 902 hoc
1673 862 1824 901 nunc
1855 843 2010 915 capi-

418 947 535 1001 tulo
558 944 786 999 modum
806 942 1084 1010 ostendit;
1112 958 1308 1013 nempe
1326 943 1382 997 in
1405 940 1677 996 charitate
1700 949 1757 996 et
1775 939 2010 1012 jejunio,

420 1036 873 1107 continentiaque
904 1044 960 1090 et
987 1035 1263 1089 oratione.

496 1131 582 1185 ll.
611 1129 790 1184 Etiam
829 1129 954 1199 quis
1004 1127 1273 1198 spiritalis
1319 1140 1384 1180 ac
1446 1124 1679 1181 scientia
1728 1122 2011 1193 praeditus,

424 1238 621 1278 rursus
654 1221 971 1276 detrahitur
996 1236 1061 1275 ac
1089 1219 1443 1290 degravatur.

492 1312 580 1366 12.
605 1310 719 1367 Nos
749 1325 882 1366 vero
908 1309 1004 1380 qui
1032 1308 1328 1364 affectibus
1351 1315 1517 1377 atque
1541 1304 1695 1359 vitiis
1718 1301 1904 1358 obruti
1944 1301 2018 1356 si-

426 1420 568 1466 mus,
590 1402 868 1474 quomodo
893 1401 1397 1471 contemplabimur
1427 1416 1440 1452 :
1470 1404 1567 1453 aut
1597 1394 1876 1467 quomodo
1897 1410 2020 1465 quae

424 1497 698 1553 fuerimus
737 1494 1116 1565 contemplati,
1141 1508 1254 1549 non
1286 1508 1389 1548 nos
1415 1508 1482 1547 ex
1505 1497 1710 1546 sanctae
1730 1488 2021 1545 Trinitatis

424 1589 658 1647 scientia
685 1587 1025 1643 extrudent?

496 1680 585 1735 1-5.
613 1680 784 1735 Vides
810 1677 1292 1750 contemplationis
1314 1675 1712 1731 ascensiones?

498 1772 586 1826 14.
650 1769 1129 1837 Quemadmodum
1192 1768 1249 1822 in
1303 1766 1432 1831 ﬁde,
1481 1767 1637 1822 nulla
1680 1765 2022 1822 infidelitatis

2113 572 2291 643 λήλων
2342 574 2637 645 τρέφομεν·
2678 578 2774 631 τοῦ
2816 577 3022 643 πάθους
3079 580 3192 634 ὅλοι
3237 580 3338 650 τῆς
3388 580 3685 653 ἀπληστίας

2112 665 2417 735 γενόμενοι.
2464 666 2761 735 ’Δνάγνωθι
2785 668 2846 721 τὸ
2878 669 2970 734 ξδ’.
3032 730 3035 733 _

2184 763 2238 811 t'.
2267 755 2454 810 Εἰπὼν
2498 759 2556 811 ὲν
2605 758 2683 829 τῷ
2735 757 2832 825 ος,
2879 761 3077 816 ὅτιδιά
3132 762 3231 834 μὲν
3276 763 3387 818 τῶν
3446 764 3684 829 ἐντολῶν,

2115 848 2349 912 ἀπαθεῖς
2406 850 2731 921 ἐργάζεται⁸
2782 852 2877 906 νῦν
2926 853 3015 907 διὰ
3043 855 3198 908 τοῦδε
3251 854 3347 909 τοῦ
3397 856 3687 926 κεφαλαίου

2111 941 2352 997 δείκνυσι
2377 944 2512 1007 πῶς’
2538 946 2621 998 ὅτι
2644 948 2701 1001 ὲν
2723 945 2915 1017 ἀγάπῃ
2931 947 3026 1001 καὶ
3054 947 3299 1019 νηστείᾳ,
3320 950 3387 1019 τῇ
3411 965 3471 1001 τε
3491 949 3689 1021 ἐγκρα-

2115 1035 2239 1105 τείᾳ
2265 1035 2360 1088 καὶ
2390 1040 2689 1108 προσευχῇ.

2189 1135 2278 1182 ια’.
2311 1129 2424 1182 Καὶ
2452 1130 2752 1199 γνωστικός
2780 1149 2866 1196 τις
2892 1133 3315 1202 ὲγκατασπᾶται
3347 1132 3529 1187 πάλιν.

2194 1300 2281 1373 ιβ’.
2328 1302 2540 1373 Ἠμεῖς
2586 1303 2643 1357 δὲ
2694 1312 3140 1377 συγκεχωσμένοι
3172 1310 3287 1370 τοῖς
3338 1307 3557 1373 πάθεσι,
3585 1309 3692 1373 πῶς

2120 1390 2486 1464 θεωρήσωμεν
2511 1412 2526 1459 ;
2549 1394 2582 1465 ἢ
2618 1394 2736 1458 πῶς
2758 1395 2795 1449 ἃ
2823 1395 3137 1467 θεωροῦμεν
3163 1398 3264 1451 οὐκ
3286 1398 3537 1452 ἐκϐάλλει
3556 1401 3695 1470 ἡμᾶς

2119 1486 2221 1555 τῆς
2251 1484 2505 1552 γνώσεως
2531 1487 2630 1557 τῆς
2664 1487 2826 1557 ἁγίας
2848 1489 3104 1558 Τριάδος;

2200 1693 2291 1756 ιγ’.
2335 1685 2449 1751 Τάς
2492 1685 2791 1751 ἀναϐάσεις
2810 1687 2914 1756 τῆς
2949 1686 3182 1758 θεωρίας
3211 1686 3470 1758 βλέπειςῖ
3520 1696 3527 1701 ’

2200 1777 2279 1831 ιδ’.
2313 1778 2435 1831 Ὅτι
2461 1776 2652 1848 ὥσπερ
2679 1777 2989 1842 άπιστιδίας
3021 1779 3079 1831 ὲν
3112 1779 3295 1832 πίστει
3328 1777 3488 1847 λόγος
3512 1777 3699 1841 οὐδείς·

429 1860 570 1917 ratio
595 1869 718 1928 est;
753 1861 834 1916 sic
858 1876 1041 1931 neque
1073 1860 1131 1914 in
1173 1857 1489 1913 rationibus
1512 1873 1635 1928 qua:
1678 1866 1893 1912 suntex
1924 1874 2022 1913 na-

2127 1869 2298 1935 οῦτως
2331 1870 2452 1924 οὐδὲ
2504 1871 2564 1924 ὲν
2605 1835 2718 1935 τοῖς
2740 1871 2924 1939 λόγοις
2967 1835 3113 1925 κατά
3150 1869 3314 1940 φύσιν
3371 1835 3609 1942 ὑπάρχει
3645 1835 3705 1923 τὸ

429 1953 573 2019 tui'a,
609 1952 820 2023 aliquid
852 1952 1000 2007 inest
1023 1950 1170 2021 quod
1200 1965 1231 2004 a
1264 1949 1481 2004 ratione
1506 1948 1824 2003 abhorreat.
1870 1947 2023 2020 Opus

426 2055 609 2099 autem
640 2044 1052 2107 mandatorum,
1088 2042 1230 2096 ratio
1253 2053 1339 2096 est
1367 2056 1431 2096 ac
1453 2055 1638 2095 sermo
1660 2040 1841 2111 reipsa
1866 2056 2025 2096 exer-

428 2137 590 2191 citus.
617 2134 762 2206 Lege
792 2150 915 2206 cap.
937 2134 1031 2201 84,
1064 2142 1120 2189 et
1140 2133 1542 2202 conquiesces;
1574 2132 1778 2189 factum
1807 2134 2023 2190 scilicet

429 2228 530 2284 tibi
554 2228 690 2283 satis
721 2228 991 2283 invenies.

502 2321 590 2376 15.
622 2319 924 2384 Naturalis,
951 2318 1152 2388 inquit,
1182 2318 1582 2389 contemplatio
1611 2318 2023 2385 mandatorum,

431 2412 768 2479 sinceraque
786 2424 915 2480 erga
947 2408 1265 2478 proximum
1303 2407 1550 2474 dilectio,
1582 2424 1679 2463 eos
1711 2409 1805 2478 qui
1833 2409 2027 2463 obser-

433 2510 583 2569 vent,
611 2517 641 2556 a
664 2516 837 2572 pravo
859 2516 924 2555 ac
946 2500 1155 2555 carnali
1175 2516 1362 2555 amore
1380 2509 1436 2555 et
1454 2500 1742 2573 tyrannide
1766 2500 2023 2555 liberant.

430 2594 641 2647 lterum
667 2605 801 2646 vero
831 2590 1087 2655 scientia,
1136 2605 1234 2646 eos
1256 2590 1355 2663 qui
1386 2590 1671 2660 spiritales
1724 2606 1901 2660 eaque
1936 2591 2026 2645 in-

430 2684 629 2740 structi
657 2690 808 2749 sunt,
842 2683 911 2738 ab
938 2683 1223 2738 oblivione
1246 2692 1302 2738 et
1332 2682 1644 2755 ignorantia
1670 2682 1865 2738 itidem
1883 2682 2027 2738 libe-

431 2787 532 2832 rat.
564 2776 778 2844 Quibus
803 2776 1065 2832 omnibus
1089 2776 1343 2844 docetur,
1366 2775 1606 2832 animam
1644 2775 1824 2831 tribus
1853 2775 2027 2846 parti-

432 2871 534 2925 bus
559 2884 625 2924 ac
647 2869 1006 2924 facultatibus
1035 2868 1292 2934 divisam,
1328 2867 1463 2923 dum
1511 2884 1580 2923 ex
1608 2867 1825 2923 ratione
1865 2873 2031 2922 natu-

432 2977 603 3032 raque
630 2972 937 3027 moveatur,
991 2959 1212 3016 o’mnem
1246 2971 1510 3031 praestare
1545 2962 1817 3016 virtutem
1838 2999 1852 3025 ,
1895 2960 2029 3015 dum

422 3042 563 3109 vero
611 3065 805 3111 contra
860 3054 1134 3110 rationem
1179 3063 1238 3110 et
1282 3063 1558 3121 naturam,
1608 3069 1772 3109 omne
1830 3052 2029 3106 vitium

429 3146 646 3203 efficere
673 3161 739 3205 ac
770 3146 1061 3201 malitiam.
1108 3146 1385 3201 Memento
1437 3145 1541 3200 tria
1583 3145 1702 3200 haec
1741 3144 2030 3215 originalia

430 3255 576 3309 esse,
605 3255 936 3310 summaque
970 3239 1152 3295 omnis
1181 3238 1473 3309 pravitatis
1507 3238 1843 3308 malitizeque
1878 3237 2030 3308 prin-

431 3331 611 3401 cipia;
643 3330 1012 3402 ignorantiam
1035 3332 1267 3394 scilicet,
1296 3346 1541 3385 amorem
1560 3331 1714 3385 illum
1731 3345 2027 3399 corporum

432 3440 531 3479 seu
571 3424 875 3488 carnalem,
920 3438 984 3479 ac
1032 3423 1403 3495 tyrannidem.
1455 3421 1581 3478 Haec
1624 3423 1680 3476 in
1729 3421 1892 3477 nobis
1928 3436 2029 3477 ne-

432 3515 739 3585 quissimus
768 3515 860 3572 ille
882 3516 1157 3582 condidit,
1188 3532 1287 3587 per
1322 3515 1493 3570 animi
1524 3516 1580 3571 in
1630 3516 1794 3572 nobis
1822 3516 2027 3570 virium

433 3606 686 3662 abusum.

504 3700 590 3757 16.
626 3699 881 3755 Mandata
931 3716 1118 3756 rerum
1164 3700 1437 3772 cogitatus
1468 3716 1740 3771 sensaque
1777 3716 1808 3755 a
1836 3698 2028 3755 libidi-

432 3791 587 3848 nosis
617 3791 741 3847 istis
771 3799 830 3847 et
862 3788 989 3847 cum
1040 3792 1242 3848 affectu
1297 3802 1529 3848 tenuant
1572 3791 2026 3864 cogitationibus,

432 3892 496 3940 ut
519 3884 577 3939 in
606 3900 730 3955 cap.
757 3884 812 3949 ὅ,
845 3883 924 3939 ait
960 3883 1236 3939 istiusmct
1258 3885 1586 3940 centenarii.

505 3973 595 4029 17.
626 3973 760 4040 Quae
802 3983 1004 4044 prater
1057 3974 1155 4030 Dei
1208 3976 1549 4031 voluntatem
1602 3974 1742 4029 fiunt
1808 3975 2031 4046 (bonam

435 4066 582 4121 illam
612 4074 670 4121 et
695 4066 1100 4136 beneplacitam
1127 4075 1184 4121 et
1210 4068 1512 4137 perfectam
1536 4065 1602 4139 ³³³)
1641 4083 1767 4138 qua:
1818 4066 2035 4121 scilicet

438 4159 581 4213 bona
611 4158 669 4212 in
704 4158 1019 4229 proximum
1072 4167 1301 4229 propter
1351 4159 1527 4214 Deum
1584 4158 1752 4213 animi
1813 4158 2032 4213 afiectio

434 4259 541 4313 est,
565 4259 766 4319 praeter
789 4260 998 4305 rectum
1031 4251 1196 4304 finem
1228 4264 1291 4305 ac
1319 4252 1657 4307 destinatum
1692 4250 1850 4305 fiunt.
1876 4250 2035 4316 Quod

437 4355 571 4395 vero
615 4339 714 4393 Dei
758 4340 1029 4396 voluntati
1086 4341 1428 4408 adversetur,
1477 4359 1587 4397 non
1641 4343 1788 4398 bono
1849 4344 2035 4398 animo

437 4444 568 4500 erga
604 4430 919 4500 proximum
947 4428 1090 4497 esse,
1122 4431 1369 4487 ostendit
1410 4433 1679 4489 Dominus
1730 4433 1786 4488 in
1849 4434 2034 4489 Evan-

2125 1963 2456 2034 παράλογον.
2515 1964 2717 2035 Ἔργον
2775 1962 2834 2016 δὲ
2876 1963 2984 2018 τῶν
3038 1964 3292 2027 ἐντολῶν,
3347 1963 3510 2033 λόγος
3567 1963 3705 2015 ἐστὶν

2124 2056 2543 2126 ὲνεργούμενος.
2607 2055 2907 2126 Ἀνάγνωθι
2958 2056 3018 2110 τὸ
3063 2056 3147 2109 πδ¹
3213 2055 3516 2126 κεφάλαιον
3551 2096 3567 2121 ,
3614 2053 3704 2108 καὶ

2125 2146 2433 2219 ἀναπαύσῃ.

2203 2333 2285 2381 ιε’.
2325 2327 2389 2379 Ἡ
2434 2326 2639 2394 φυσική
2686 2342 2820 2394 φησι
2856 2322 3058 2394 θεωρία
3093 2321 3203 2376 τῶν
3232 2320 3490 2382 ἐντολῶν,
3526 2320 3561 2390 ἦ
3592 2319 3705 2389 τεή

2129 2419 2266 2488 πρὸς
2309 2418 2401 2472 τὸν
2433 2415 2684 2487 ’πλησίον
2717 2415 3006 2477 άνόθευτος
3046 2415 3259 2483 ἀγάπη,
3290 2411 3585 2482 φιλαυτίας
3621 2411 3708 2464 καὶ

2127 2510 2442 2582 τυραννίδος
2473 2507 2751 2580 ἐλευθεροῖ
2794 2509 2918 2570 τοὺς
2949 2508 3344 2576 φυλάσσοντας.
3389 2506 3459 2558 Ἥ
3494 2504 3550 2558 δὲ
3578 2502 3709 2571 γνῶ-

2131 2620 2216 2668 σις
2264 2602 2372 2656 τῶν
2397 2601 2587 2668 ὄντων,
2634 2600 2805 2671 λήθης
2854 2601 2949 2652 καὶ
2987 2597 3209 2667 ἀγνοίας
3238 2595 3708 2655 ἀπαλιλάττειτοῦς

2128 2694 2482 2766 γνωστικούς.
2545 2692 2645 2747 Διὰ
2692 2692 2897 2745 τούτων
2946 2690 3003 2745 δὲ
3057 2690 3299 2754 πάντων,
3347 2686 3416 2740 τὸ
3459 2685 3709 2757 τριμερὲς

2128 2791 2229 2861 τῆς
2256 2787 2436 2857 ψυχῆς
2468 2784 2814 2848 ὑποτίθεται,
2869 2784 3012 2836 κατά
3058 2780 3218 2849 λόγον
3269 2779 3369 2849 μὲν
3422 2780 3518 2832 καὶ
3556 2775 3709 2845 φύσιν

2130 2880 2474 2949 κινούμενον,
2523 2877 2704 2931 πᾶσαν
2752 2873 2954 2946 ἀρετὴν
3004 2870 3323 2944 κατορθοῦν·
3367 2869 3529 2940 παρὰ
3561 2866 3709 2934 λόγον

2128 2968 2187 3021 δὲ
2228 2968 2323 3022 καὶ
2350 2965 2532 3037 φύσιν,
2579 2968 2760 3020 πᾶσαν
2804 2963 3003 3017 κακίαν
3035 2960 3386 3032 ἐργάζεσθαι.
3432 2959 3708 3031 Μέμνησο,

2130 3061 2216 3114 ὅτι
2238 3059 2306 3113 τά
2333 3058 2608 3131 ἀρχέγονα
2657 3057 2754 3112 καὶ
2784 3056 2964 3128 πάσης
3007 3055 3203 3118 κακίας
3234 3054 3560 3124 γεννητικὰ,
3590 3049 3713 3121 τρία

2056 3180 2098 3237 c
2132 3150 2312 3207 ταῦτά
2360 3152 2534 3217 ἐστιν,
2575 3149 2771 3218 ἄγνοια
2795 3188 2811 3214 ,
2857 3147 3138 3218 φιλαυτία,
3173 3146 3270 3200 καὶ
3302 3144 3584 3237 τυραννίς·
3621 3139 3710 3237 καί

2132 3245 2213 3297 ὅτι
2258 3243 2604 3315 ὑπεστήσατο
2637 3239 2844 3304 ταύτας
2868 3242 2896 3295 ὁ
2921 3239 3156 3312 πονηρὸς
3201 3241 3259 3292 ὲν
3290 3239 3452 3308 ἡμῖν,
3477 3235 3554 3307 τῷ
3576 3232 3712 3289 κατὰ

2132 3335 2481 3404 παράχρησιν
2526 3331 2670 3404 λόγῳ
2696 3330 2805 3385 τῶν
2842 3333 2899 3385 ὲν
2939 3332 3074 3401 ἡμῖν
3116 3328 3399 3400 δυνάμεων
3448 3341 3711 3399 προσχρη-

2132 3425 2384 3495 σάμενος.

2208 3707 2304 3768 ις’.
2340 3700 2561 3755 Τούτων
2593 3699 2702 3753 τῶν
2754 3697 3024 3768 ὲμπαθῶν
3053 3694 3334 3767 λογισμῶν
3374 3692 3622 3764 φιλοῦσιν
3655 3688 3709 3742 al

2132 3793 2368 3860 ἐντολαὶ,
2413 3792 2482 3846 τά
2541 3791 2650 3846 τῶν
2694 3790 3041 3862 πραγμάτων
3073 3789 3345 3859 νοήματα’
3380 3783 3524 3840 καθά
3552 3784 3608 3836 ὲν
3635 3779 3711 3850 τῷ

2130 3887 2171 3941 δ’
2204 3886 2487 3958 κεφαλαίῳ
2509 3885 2624 3955 τῆς
2653 3884 2822 3955 αὐτῆς
2856 3888 2901 3953 ρ’
2923 3881 3078 3953 φησί.

2208 3981 2292 4045 ιζ’.
2323 3978 2404 4033 Τὰ
2434 3978 2587 4050 παρὰ
2614 3976 2674 4031 τὸ
2712 3975 2926 4046 θέλημα
2962 3972 3313 4045 πραττόμενα
3337 3969 3434 4025 τοῦ
3470 3966 3622 4034 Θεοῦ,
3653 3965 3712 4018 τὸ

2133 4073 2334 4142 ἀγαθὸν
2373 4070 2468 4124 καὶ
2495 4070 2789 4141 εὐάρεστον
2841 4067 2937 4120 καὶ
2963 4066 3189 4128 τέλειον,
3216 4065 3354 4134 ὅπερ
3383 4062 3532 4115 ἐστὶν
3566 4060 3599 4131 ἠ
3629 4056 3713 4111 διὰ

2132 4167 2222 4221 τὸν
2279 4163 2410 4219 Θεὸν
2451 4163 2585 4234 πρὸς
2628 4161 2718 4215 τὸν
2759 4158 2988 4231 πλησίον
3033 4156 3212 4228 ἀγαθὴ
3258 4154 3537 4217 διάθεσις,
3570 4147 3713 4220 παρά

2132 4257 2224 4310 τὸν
2258 4253 2417 4326 ὀρθόν
2460 4254 2578 4307 ἐστι
2640 4250 2842 4305 σκοπὸν
2892 4248 3173 4317 γινόμενα.
3209 4246 3332 4299 Ὀτι
3358 4243 3419 4297 δὲ
3459 4242 3614 4313 παρά
3655 4237 3714 4291 τδ

2136 4348 2346 4418 θέλημα
2381 4344 2474 4399 τοῦ
2514 4343 2648 4398 Θεοῦ
2678 4344 2737 4397 τὸ
2769 4343 2904 4417 πρὸς
2931 4342 3024 4396 τὸν
3050 4339 3280 4411 πλησίον
3305 4337 3365 4391 οὐ
3392 4336 3574 4396 καλῶς
3602 4334 3713 4387 δια·

2137 4441 2375 4503 κεῖσθαι,
2412 4438 2686 4492 δείκνυσιν
2722 4436 2779 4488 ἐν
2816 4434 3171 4504 Εὐαγγελίοις
3215 4431 3391 4500 λέγων
3429 4432 3458 4483 ὁ
3492 4427 3711 4498 Κύριος

436 4520 616 4592 geliis,
643 4536 768 4575 cum
794 4521 870 4575 ait
899 4539 911 4575 :
945 4520 1221 4587 Quatenus
1250 4522 1466 4593 fecistis,
1493 4525 1580 4579 vel
1611 4542 1715 4580 non
1747 4526 1938 4596 fecistis
1962 4525 2027 4593 ’⁵ος

2148 4531 2256 4600 Ἐερ
2282 4530 2435 4583 ὅσον
2461 4525 2809 4592 ἐποιήσατε,
2841 4524 2936 4579 καὶ
2957 4526 3031 4593 ἐφ
3052 4524 3205 4577 ὅσον
3235 4524 3346 4576 οὐκ
3369 4518 3711 4584 ἐποιήσατε,

435 4629 771 4669 enumerans
808 4613 1094 4671 charitatis
1141 4605 1308 4686 atque
1345 4616 1455 4671 odii
1516 4632 1737 4687 genera.
1790 4615 2035 4672 Observa

436 4719 592 4772 vero,
621 4705 768 4777 quod
794 4705 891 4776 qui
911 4714 1103 4777 contra
1140 4703 1351 4762 rectum
1394 4707 1559 4763 finem
1600 4724 1665 4763 ac
1696 4707 2032 4763 destinatum

440 4804 656 4854 (contra
683 4795 779 4852 Dei
809 4796 1022 4852 scilicet
1051 4798 1421 4867 mandatum),
1459 4815 1692 4855 excusso
1717 4799 2033 4854 humanita-

439 4887 510 4942 tis
531 4902 720 4952 sensu,
750 4889 1024 4956 fecerunt,
1052 4906 1179 4946 cum
1203 4892 1344 4945 nihil
1381 4891 1448 4947 ad
1503 4891 1880 4947 defensionem
1927 4892 2030 4947 lia-

436 4980 654 5048 herent,
693 4998 876 5054 neque
898 4983 1065 5038 etiam
1097 4982 1263 5038 ﬁnem
1287 4999 1352 5040 ac
1384 4984 1718 5041 destinatum
1746 5000 2029 5054 opponere

435 5073 700 5131 videntur
741 5094 755 5128 :
793 5075 941 5145 quod
972 5092 1172 5147 nempe
1213 5076 1445 5142 scirent,
1498 5092 1625 5131 eum
1687 5077 1783 5146 qui
1825 5076 2032 5132 'contra

438 5171 651 5219 rectum
677 5165 772 5219 Dei
803 5165 968 5221 ﬁnem
993 5183 1058 5222 ac
1077 5167 1417 5222 destinatum
1448 5168 1634 5234 faciat,
1688 5169 1904 5223 tametsi
1943 5169 2029 5223 in-

439 5271 697 5317 numeras
727 5268 971 5326 opponat
994 5261 1259 5327 rationes,
1285 5260 1431 5316 haud
1466 5277 1709 5333 unquam
1724 5261 2031 5334 gehennam

437 5363 754 5403 evasurum.

511 5440 599 5496 l8.
643 5439 1014 5511 Cupiditatem
1060 5442 1208 5498 sistit
1263 5445 1362 5499 Dei
1425 5446 1666 5502 charitas
1712 5466 1724 5500 :
1791 5446 2029 5517 proximi

439 5541 626 5587 autem
660 5532 887 5589 dilectio
918 5533 999 5587 ira
1047 5546 1433 5608 exasperatum
1452 5539 1698 5593 animum
1726 5539 1900 5595 sedat.

512 5625 602 5682 l9.
636 5624 743 5692 Qui
787 5625 1090 5698 imaginum
1115 5630 1400 5695 materias,
1436 5630 1653 5687 divinas
1690 5632 1891 5704 figuras
1918 5633 2038 5689 exi-

506 5793 551 5825 ”
588 5799 744 5856 Rom.
774 5820 869 5873 xu,
903 5805 958 5862 2.
1036 5807 1080 5839 ⁴⁰
1107 5806 1297 5862 Matth.
1328 5823 1453 5873 xxv,
1487 5809 1574 5865 40.

2136 4624 2237 4693 τῆς
2263 4621 2484 4692 ἀγάπης
2511 4619 2582 4674 τὰ
2619 4620 2734 4693 εἴδη
2776 4621 2871 4675 καὶ
2927 4616 3020 4672 τοῦ
3069 4617 3260 4688 μίσους
3299 4609 3716 4685 ἀπαριθμούμε-

2137 4733 2246 4780 νος.
2285 4716 2425 4786 Ὅρα
2454 4712 2512 4767 δὲ
2549 4715 2630 4766 ὅτι
2662 4714 2712 4765 oi
2747 4710 2899 4782 παρά
2925 4710 3016 4763 τὸν
3046 4708 3206 4780 ὀρθὸν
3238 4707 3568 4778 ποιήσαντες
3594 4716 3712 4754 σκο-

2138 4807 2263 4871 πὸν,
2296 4807 2468 4878 ἦγουν
2497 4804 2650 4875 παρά
2682 4803 2781 4875 τὴν
2824 4801 3043 4872 ἐντολὴν
3087 4801 3184 4855 τοῦ
3216 4799 3375 4865 Θεοῦ,
3418 4792 3714 4852 ἀποσεισά-

2139 4917 2290 4970 μενοι
2320 4898 2379 4952 τὺ
2418 4897 2822 4969 φιλάνθρωπον,
2864 4895 3119 4967 οὐδεμίαν
3168 4892 3383 4961 ἔχοντες
3424 4888 3714 4956 ἀπολογίαν

2136 4993 2333 5059 εἰπεῖν,
2388 4990 2510 5044 οὐδὲ
2564 4990 2658 5044 τὸν
2691 4989 2894 5044 σκοπὸν
2942 4987 3375 5060 προϐαλλόμενοι
3417 4984 3711 5054 φαίνονται·

2136 5084 2358 5149 εἰδότες,
2390 5082 2467 5146 ὡς
2513 5083 2542 5137 ὁ
2592 5083 2743 5153 παρὰ
2795 5080 2888 5134 τὸν
2934 5079 3092 5152 ὀρθὸν
3127 5077 3328 5131 σκοπὸν
3360 5073 3455 5129 τοῦ
3501 5072 3636 5128 Θεοῦ
3665 5086 3714 5122 τι

2139 5175 2417 5247 πράττων,
2452 5173 2554 5228 κᾶν
2588 5173 2816 5247 μυρίους
2844 5171 3038 5242 λόγους
3083 5168 3400 5241 προϐἀλλοι,
3436 5165 3535 5238 τὴν
3566 5164 3714 5233 γέεν-

2139 5285 2236 5321 ναν
2259 5267 2358 5319 οὐκ
2386 5264 2731 5335 ἐκφεύξεται.

2212 5455 2301 5519 ιη’.
2347 5446 2676 5517 Ἐπιθυμίαν
2710 5445 2922 5514 ἵστησιν
2961 5446 2994 5516 ἡ
3030 5443 3125 5497 τοῦ
3164 5440 3299 5495 Θεοῦ
3332 5437 3541 5508 ἀγάπη
3568 5435 3600 5505 ἡ
3624 5429 3712 5485 τοῦ

2141 5540 2369 5611 πλησίον
2399 5539 2477 5602 δὲ,
2512 5537 2678 5592 παύει
2711 5536 2882 5608 θυμὸν
2928 5534 3295 5607 ἠγριωμένον.

2214 5632 2300 5687 ιϐ’.
2348 5633 2411 5686 Ol
2467 5630 2742 5694 εἰκονικὰς
2796 5628 2928 5695 ὔλας
2967 5629 3093 5692 τοὺς
3128 5627 3307 5691 θείους
3363 5622 3711 5697 χαρακτῆρας
