4076 6460
417 398 549 464 ῙΟΠ

1304 397 1640 458 ΕΑΡΙῚἪΜ
1681 396 1778 457 DE
1817 388 2250 458 ClIARlTATE
2292 401 2684 462 CENTURIA
2727 403 2820 463 IV.

3508 403 3676 498 \1073

404 518 903 589 ὑπολαμϐάνοντες,
935 517 1326 588 παραχρῶνται
1358 519 1471 582 τοῖς
1486 517 1595 570 τῶν
1625 516 1987 586 χαρακτήρων

2099 518 2337 583 stimant,
2387 518 2682 590 ﬁgurarum
2748 519 3106 588 coneeptibus
3164 518 3487 574 abutuntur.
3543 518 3677 574 Nam

403 613 662 682 νοήμασι.
713 609 820 663 Τοῦ
852 609 960 680 γὰρ
1010 609 1356 680 χαρακτῆρος
1405 609 1503 678 τὴν
1549 607 1846 660 ὑπόστασιν
1893 606 1984 675 δη-

402 705 645 768 λοῦντος·
685 704 839 759 αὐτοὶ
888 703 987 774 τὴν
1043 703 1251 768 οὐσίαν,
1284 703 1401 772 ἦτοι
1445 702 1544 770 τὴν
1585 699 1748 771 ὓλην,
1794 701 1850 751 ἐν
1959 701 1986 751 6

402 798 697 871 χαρακτὴρ
725 798 1135 868 προσκυνεῖται,
1168 795 1494 866 χαρακτῆρα
1527 792 1814 846 ὑπέλαϐον.
1857 791 1984 844 Ἔν-

409 894 591 946 θεντοι
621 892 715 945 καὶ
747 889 1242 961 παραχρησάμενοι
1273 887 1348 957 τῷ
1373 889 1628 958 νοήματι,
1654 885 1711 952 ἐξ
1742 885 1986 952 ἀνάγκης

403 985 500 1040 καὶ
529 984 608 1056 τῷ
636 983 921 1054 πράγματι
948 983 1390 1052 παρεχρήσαντο·
1423 980 1498 1040 ὡς
1532 978 1663 1048 ὓλην
1701 976 1862 1046 ψιλὴν
1893 975 1986 1027 καὶ

401 1078 597 1149 κωφὴν
623 1078 753 1142 τοὺς
798 1076 979 1147 ἱεροὺς
1025 1074 1384 1144 χαρακτῆρας
1429 1070 1661 1133 ἀναιδῶς
1706 1068 1984 1122 κατακαύ-

404 1187 618 1234 σαντες.

473 1269 542 1316 κ’.
574 1261 750 1315 Βλέπε
788 1259 850 1312 τὸ
894 1258 1152 1328 διάφορον
1181 1258 1279 1326 τῆς
1314 1255 1492 1325 λύπης
1521 1255 1615 1308 καὶ
1644 1255 1740 1324 τῆς
1768 1253 1981 1321 ὀδύνης·

403 1354 499 1407 καὶ.
537 1355 621 1406 ὅτι
651 1348 1198 1423 παρακολουθήματά
1234 1349 1390 1402 είσιψ
1423 1348 1457 1418 ἡ
1482 1347 1598 1418 μὲν,
1642 1346 1742 1416 τῆς
1773 1345 1982 1417 ἡδονῆς*

399 1450 434 1516 ἡ
467 1446 545 1509 δὲ,
585 1447 685 1514 τῆς
725 1443 1055 1509 κενοδοξίας.

475 1545 583 1594 καν.
614 1539 803 1606 Πὰσης
844 1539 992 1607 ἡμᾶς
1025 1535 1319 1603 ἀπολογίας
1367 1533 1640 1587 ἀποπαύει
1669 1531 1765 1587 τοῦ
1796 1532 1986 1586 ἀποτι-

401 1631 554 1684 θέναι
579 1631 644 1683 τὰ
671 1631 774 1699 χρή
788 1646 952 1698 ματα,
978 1628 1043 1680 τὰ
1077 1626 1309 1696 καθεξῆς
1335 1625 1461 1695 τρία
1491 1623 1662 1678 ταῦτα
1689 1623 1984 1693 κεφάλαια.

474 1811 578 1880 κβ’.
626 1809 897 1880 Τεχνικὴν
930 1807 1142 1874 σοφίαν,
1179 1807 1241 1859 ού
1273 1805 1370 1875 τὴν
1395 1806 1460 1858 ὲκ
1491 1804 1780 1875 μαθήσεως
1813 1802 1982 1869 λέγει,

401 1903 544 1956 ἀλλά
583 1901 682 1971 τὴν
713 1902 779 1953 δι’
809 1895 878 1970 ἦς
904 1901 931 1952 6
957 1900 1088 1961 Θεὸς
1132 1898 1200 1950 τὰ
1236 1898 1412 1950 πάντα
1457 1897 1700 1966 εποίησε.

474 1992 581 2060 κγ’.
615 1993 741 2054 Τοῖς
769 1991 1060 2060 τέσσαρσιν
1084 1989 1112 2039 ὀ
1164 1987 1289 2050 νοῦς
1325 2003 1425 2057 μου
1454 1985 1784 2055 ἀκάθαρτος.
1832 1984 1985 2054 Ἔχει

396 2086 458 2140 δέ
486 2103 540 2138 τι
570 2085 664 2138 καὶ
687 2083 869 2148 πλέον,
897 2083 976 2135 ὅτι
1007 2082 1100 2135 καὶ
1126 2081 1232 2134 τῶν
1261 2080 1437 2134 ἄλλων
1461 2078 1650 2132 ἑαυτὸν
1680 2078 1987 2148 σοφώτερον

398 2175 625 2245 ἥγηται.

482 2284 582 2338 κδ’.
623 2282 892 2336 Οὐδέποτε
923 2282 958 2350 ἡ
985 2279 1130 2350 ψυχή
1165 2296 1268 2350 μου
1292 2278 1438 2333 κατά
1472 2278 1634 2348 φύσιν
1665 2279 1985 2348 ἐνήργησεν·

400 2373 572 2443 οἶδεν,
603 2377 630 2428 6
668 2374 836 2444 μηδὲν
863 2373 1094 2441 ἀγνοῶψ
1134 2371 1229 2425 καὶ
1260 2371 1518 2425 οὐδέποτε
1550 2371 1649 2441 τῆς
1687 2372 1810 2425 κατ’
1841 2371 1990 2440 ὲνέρτ

403 2483 563 2536 γειαν
606 2465 885 2535 ἁμαρτίας
924 2463 1229 2534 ἠρέμησεν.

483 2645 580 2700 κε’.
617 2646 782 2698 Ὥστε
817 2644 892 2714 μὴ
940 2643 1028 2697 διὰ
1073 2644 1166 2696 τὸν
1213 2643 1447 2714 Χριστόν
1487 2661 1540 2695 τι
1589 2642 1892 2704 ποιοῦντεςο
1924 2641 1990 2694 δι’

410 2740 540 2794 ἄλλο
573 2739 631 2792 δέ
673 2757 746 2803 τι,
783 2739 842 2791 οὐ
885 2735 1164 2807 δυνάμεθα
1204 2735 1606 2807 προϐάλλεσθαι
1648 2735 1739 2787 τὸν
1767 2735 1988 2787 σκοπόν·

410 2831 538 2885 ἐπεὶ
573 2830 726 2899 παρὰ
756 2830 847 2884 τὸν
874 2827 1188 2882 σκοπὸντοῦ
1219 2829 1376 2896 Θεοῦ,
1405 2829 1498 2882 καὶ
1538 2827 1680 2881 κατά
1707 2828 1768 2880 τὸ
1789 2830 1821 2898 ἡ
1833 2827 1990 2897 μέτε-

413 2940 510 2991 ρον
538 2921 906 2993 ἐργαζόμεθα.

487 3038 598 3096 κς’.
632 3032 696 3084 Εἰ
743 3031 877 3102 διψᾷ
899 3048 984 3094 τις
1019 3031 1260 3083 ἀλίσκειν
1291 3030 1382 3082 καὶ
1415 3028 1688 3100 ἁρπάζειν
1714 3029 1990 3100 ἀλλότρια,

409 3122 442 3176 ὃ
475 3124 545 3192 μή
580 3123 700 3176 ἐστι
734 3123 946 3194 θέλημα
981 3122 1076 3175 τοῦ
1127 3122 1284 3189 Θεοῦ,
1335 3120 1452 3184 πῶς
1504 3121 1860 3192 προϐαλεῖται
1905 3122 1996 3175 τὸν

2089 626 2213 662 cum
2244 611 2418 680 ﬁgura
2454 627 2550 666 seu
2583 610 2868 664 character
2911 626 3202 680 personam
3233 611 3539 682 signiﬁcet,
3577 609 3678 682 ipsi

2088 701 2448 755 substantiam
2514 701 2603 773 (id
2661 709 2782 766 est,
2841 703 3167 771 materiam)
3220 703 3274 757 in
3331 719 3440 773 qua
3497 702 3674 774 ﬁgura

2088 792 2370 858 adoratur,
2432 793 2660 864 ﬁguram
2717 795 3196 850 existimaverunt.
3249 795 3499 864 llincque
3539 794 3679 848 adeo

2088 892 2384 955 conceptu,
2434 886 2625 955 reique
2694 886 2922 940 notione
2976 886 3289 949 abutentes,
3365 887 3678 964 necessario

2089 977 2254 1030 etiam
2288 978 2472 1047 reipsa
2512 977 2670 1033 abusi
2729 987 2897 1045 sunt;
2929 978 3006 1032 ita
3061 979 3326 1032 nimirum
3382 986 3442 1032 ut
3477 978 3676 1031 nudam

2088 1078 2408 1140 mutamque
2471 1071 2761 1126 materiam
2797 1086 2980 1126 sacras
3034 1070 3235 1142 ﬁguras
3282 1087 3345 1125 ac
3410 1070 3679 1139 imagines

2089 1165 2439 1233 impudenter
2471 1167 2579 1236 igni
2606 1167 2904 1223 abolendas
2936 1169 3272 1238 putaverint.

2160 1257 2249 1311 20.
2287 1259 2420 1326 Vide
2455 1258 2754 1314 discrimen
2782 1261 2927 1316 inter
2960 1261 3240 1316 tristitiam
3281 1271 3337 1316 et
3389 1263 3679 1327 dolorem;

2091 1349 2352 1418 quodque
2378 1350 2534 1404 velut
2582 1351 2936 1420 appendices,
2962 1353 3131 1406 altera
3167 1352 3487 1423 voluptatis,
3546 1353 3684 1407 alter

2088 1439 2269 1495 inanis
2294 1440 2482 1508 glorize
2517 1441 2649 1495 sint.

2157 1531 2247 1586 2-1.
2291 1531 2521 1587 Omnem
2559 1534 2723 1588 nobis
2754 1533 3007 1592 adimunt
3067 1535 3482 1590 excusationem
3548 1537 3681 1605 quin

2087 1625 2352 1694 pecunias
2406 1624 2755 1696 abjiciamus,
2817 1641 2939 1695 qua:
3023 1635 3335 1696 sequuntur
3405 1627 3505 1681 tria
3570 1629 3684 1681 ha'c

2103 1717 2298 1786 capita.

2159 1809 2250 1863 22.
2306 1807 2662 1862 Artiﬁeialem
2697 1807 3021 1876 sapientiam
3051 1818 3231 1874 vocat,
3283 1824 3392 1862 non
3446 1825 3565 1878 qum
3618 1823 3684 1861 ex

2094 1900 2380 1970 disciplina
2409 1900 2666 1962 habetur,
2697 1898 2794 1953 sed
2820 1915 2926 1968 qua
2964 1900 3107 1954 Deus
3130 1900 3379 1955 condidit
3401 1901 3606 1955 omnia.

2163 1996 2253 2051 25.
2287 1992 2642 2062 Quadruplici
2691 2007 2754 2046 ea
2809 1992 2930 2047 labe
2965 2008 3121 2047 mens
3165 2008 3284 2046 mea
3334 1992 3548 2062 impura
3577 2002 3678 2048 est.

2094 2089 2238 2155 Quin
2263 2095 2318 2142 et
2348 2086 2494 2141 aliud
2528 2085 2661 2156 quid
2687 2085 2922 2154 amplius
2942 2085 3127 2144 habet.
3158 2085 3305 2154 quod
3357 2093 3414 2140 et
3455 2085 3683 2154 reliquis

2097 2183 2362 2252 majorem
2396 2178 2501 2233 sibi
2530 2177 2854 2248 sapientiam
2888 2178 3184 2246 arrogavit.

2168 2292 2258 2346 24.
2305 2291 2599 2360 Nunquam
2646 2289 2827 2343 anima
2870 2304 2990 2342 mea
3038 2297 3260 2357 operata
3309 2295 3428 2353 est,
3489 2295 3552 2342 ut
3607 2288 3682 2342 illi

2098 2399 2164 2437 ex
2187 2389 2382 2436 natura
2405 2389 2786 2450 comparatum
2816 2387 2899 2433 est
2931 2397 2943 2431 :
2998 2378 3282 2446 novitque,
3331 2391 3494 2446 quem
3533 2377 3684 2431 nulla

2102 2485 2189 2523 res
2223 2469 2352 2524 latet
2388 2486 2400 2521 :
2455 2484 2520 2522 ac
2560 2468 2770 2522 nullum
2802 2476 2925 2522 actu
2975 2465 3239 2536 peccandi
3274 2481 3512 2534 unquam
3556 2465 3688 2522 fecit

2101 2563 2285 2616 ﬁnem.

2171 2655 2262 2709 25.
2297 2653 2508 2708 Idcirco
2532 2667 2644 2707 non
2666 2659 2893 2721 propter
2917 2650 3200 2706 Christum
3238 2649 3446 2720 aliquid
3476 2649 3685 2704 facien-

2104 2757 2202 2809 tes,
2246 2745 2344 2801 sed
2376 2746 2445 2799 ob
2477 2744 2686 2814 aliquid
2721 2744 2894 2809 aliud,
2932 2759 3044 2798 non
3072 2759 3366 2812 possumus
3388 2743 3552 2798 ﬁnem
3589 2743 3688 2796 ob-

2097 2841 2264 2909 jicere
2289 2855 2349 2892 ac
2382 2837 2727 2908 propositum
2767 2854 2778 2890 :
2813 2837 3018 2906 quippe
3067 2836 3161 2906 qui
3215 2845 3413 2906 prseter
3453 2834 3551 2889 Dei
3589 2849 3686 2888 vo-

2100 2934 2390 2998 luntatem,
2429 2947 2605 3002 exque
2630 2939 2816 2985 nostra
2852 2945 3018 3000 opera
3041 2938 3383 3000 praestemus.

2169 3043 2334 3115 560
2367 3043 2456 3096 26.
2497 3041 2552 3096 Si
2606 3041 2730 3110 quis
2790 3041 2908 3096 sitit
2954 3049 3014 3094 ut
3065 3040 3245 3096 aliena
3272 3038 3485 3092 auferat
3523 3046 3688 3106 atque

2106 3134 2282 3203 rapiat
2334 3133 2501 3204 (quod
2553 3147 2666 3186 non
2716 3140 2801 3186 est
2841 3132 2940 3186 Dei
2988 3130 3334 3201 voluntatis),
3360 3142 3599 3200 quonam
3645 3129 3690 3182 is

413 3216 637 3280 σκοπὸν,
672 3209 734 3269 οὗ
794 3215 994 3278 σκοπὸς
1054 3215 1116 3267 τὸ
1168 3214 1339 3267 ἐλεεῖν
1394 3215 1541 3284 ἡμᾶς
1605 3215 1699 3268 καὶ
1730 3214 1994 3277 δανείζειν

2100 3225 2264 3280 modo
2331 3225 2680 3294 propositum
2735 3223 3011 3292 ﬁnemque
3068 3222 3296 3294 objiciet
3340 3223 3463 3292 ejus
3534 3219 3691 3289 cujus

412 3310 582 3376 ὲστίνς

488 3419 591 3483 κζ’.
629 3421 754 3472 Ὀτι
783 3420 811 3472 6
841 3418 1101 3490 φιλαυτία
1128 3419 1416 3486 δουλεύων,
1463 3419 1828 3491 βαρυκάρδιός
1861 3422 1998 3483 ἐστι,

415 3509 765 3579 ματαιότητα
815 3511 908 3562 καὶ
938 3509 1132 3579 ψεῦδος
1169 3510 1401 3579 ἀγαπῶν
1454 3511 1549 3564 καὶ
1600 3510 1780 3582 ζητῶν
1809 3527 1821 3540 ·
1865 3512 2000 3579 ὅπερ

411 3601 534 3652 ἐστὶ
589 3600 650 3653 τὸ
698 3600 963 3669 σαρκικὸν
1007 3600 1286 3671 φρόνημα·
1325 3603 1444 3672 ῆτοι
1477 3602 1577 3672 τῆς
1617 3601 1818 3670 σαρκὸς
1846 3603 1878 3669 ἠ
1913 3600 2002 3652 εύο

415 3692 642 3746 πάθεια.

488 3801 598 3872 κη’.
633 3800 754 3854 Τῶν
780 3803 1225 3874 προειρημένων,
1256 3802 1412 3873 δῆλον
1453 3803 1762 3872 φιληδονίας
1795 3805 1888 3857 καὶ
1916 3823 2001 3874 φι-

416 3892 662 3958 λοδοξίας
693 3893 787 3946 καὶ
820 3893 1208 3965 φιλαργυρίας.
1249 3896 1310 3947 Εἰ
1370 3895 1428 3948 δέ
1457 3913 1542 3959 τις
1580 3895 1790 3960 τούτοις
1832 3897 2003 3968 ἀπρὶξ

419 3985 694 4058 ἐνίσχεται
738 3988 815 4052 ὡς
852 3989 982 4057 ἐγὼ,
1027 3991 1144 4054 πῶς
1181 3991 1316 4044 Θεοῦ
1361 3991 1835 4064 καταξιωθησεται
1863 3993 2003 4061 γνώ-

423 4095 585 4142 σεως,
627 4081 858 4135 συνιδεῖν
893 4085 993 4135 οὐκ
1022 4085 1151 4154 ἔχω.

495 4187 598 4241 κθ’.
636 4189 706 4240 Ἢ
740 4190 846 4260 γὰρ
891 4191 964 4254 ὡς
1013 4191 1187 4244 δοῦλοι
1219 4192 1252 4263 ἣ
1287 4193 1383 4246 καὶ
1433 4192 1719 4264 μίσθιοι,ἢ
1759 4194 1834 4258 ὡς
1879 4194 1999 4248 υἱοί·

422 4278 725 4345 τουτέστιν,
785 4281 817 4351 ἢ
867 4282 942 4346 ὡς
981 4284 1273 4354 πρακτικοὶ
1319 4285 1499 4356 μόνον,
1542 4285 1702 4358 ῆκαὶ
1745 4287 1820 4350 ὡς
1862 4287 2003 4356 γνώ-

425 4380 567 4428 σεως
594 4369 1048 4436 καταξιωθέντες.

2103 3314 2228 3367 ﬁnis
2247 3320 2351 3376 est,
2369 3323 2428 3367 ut
2450 3313 2780 3367 misereatur
2801 3312 2975 3366 nostri
3003 3327 3067 3366 ac
3093 3311 3444 3366 commodet?

2171 3423 2262 3476 27.
2287 3420 2390 3486 Qui
2422 3419 2630 3476 carnali
2655 3421 2828 3474 amori
2851 3420 3043 3484 servit,
3065 3421 3216 3490 gravi
3244 3421 3410 3475 corde
3439 3430 3556 3487 est;
3593 3421 3688 3490 qui

2102 3529 2299 3583 nempe
2337 3513 2634 3568 vanitatem
2667 3520 2724 3566 et
2751 3511 3101 3566 mendacium
3142 3511 3337 3583 diligat
3365 3527 3430 3566 ac
3455 3520 3686 3582 qurerat,

2101 3602 2248 3673 quod
2289 3612 2374 3658 est
2399 3604 2582 3658 carnis
2621 3619 2820 3658 sensus
2845 3617 2908 3658 ac
2932 3602 3228 3673 prudentia
3264 3620 3278 3656 :
3319 3604 3440 3672 ejus
3479 3603 3691 3657 scilicet

2101 3695 2349 3750 luxuries
2376 3695 2632 3764 bonaque
2669 3693 2956 3749 habitudo.
3575 3695 3586 3702 ”

2171 3801 2261 3854 28.
2295 3800 2426 3866 Quae
2460 3799 2606 3854 dicta
2651 3808 2802 3864 sunt,
2837 3815 3038 3869 nempe
3072 3799 3278 3854 amoris
3321 3798 3685 3868 voluptatum,

2101 3892 2289 3961 gloria:
2311 3907 2374 3946 ac
2404 3891 2671 3961 pecuniae.
2697 3890 2754 3945 Si
2794 3891 2919 3961 quis
2946 3901 3130 3945 autem
3180 3891 3235 3945 in
3279 3891 3388 3945 mei
3454 3905 3686 3954 morem,

2105 3985 2190 4038 his
2221 3984 2502 4038 mordicus
2527 3984 2719 4049 lueret,
2748 3985 3028 4054 quomodo
3083 3984 3179 4039 Dei
3206 3983 3434 4040 scientia
3463 3983 3691 4054 dignan-

2105 4076 2210 4129 dus
2231 4076 2323 4138 sit,
2348 4075 2534 4158 nullus
2563 4076 2870 4146 intelligere
2904 4076 3081 4130 valeo.

2170 4185 2259 4239 29.
2293 4185 2400 4237 Aut
2447 4184 2594 4238 enim
2629 4168 2905 4254 tanquam
2965 4186 3132 4248 servi,
3186 4199 3284 4239 seu
3329 4183 3497 4238 etiam
3547 4199 3689 4236 mer-

2105 4275 2332 4340 eenarii,
2367 4275 2450 4329 vel
2475 4283 2537 4329 ut
2555 4275 2672 4340 ﬁlii,
2735 4277 2844 4331 hoc
2870 4284 2976 4343 est,
3007 4278 3094 4330 vel
3122 4284 3182 4330 ut
3211 4275 3305 4346 qui
3349 4276 3527 4331 solum
3571 4286 3686 4329 sui»

2108 4367 2274 4420 deant
2317 4366 2542 4432 actioni,
2576 4369 2662 4421 vel
2693 4368 2788 4437 qui
2829 4368 2998 4424 etiam
3039 4368 3286 4424 scientia:
3329 4367 3537 4423 donum
3581 4369 3688 4421 sint

2106 4462 2410 4517 consecuti.

498 4547 562 4602 λ’.
595 4547 766 4612 Ψιλὸς
805 4549 1086 4622 λογισμὸς,
1141 4556 1169 4606 ὀ
1206 4555 1327 4624 δίχα
1373 4557 1610 4623 πάθους,
1649 4561 1676 4612 6
1713 4560 1936 4622 ἁπλοῦς
1979 4563 1994 4613 ἑ

2179 4554 2266 4606 50.
2302 4553 2459 4608 Nuda
2486 4552 2745 4623 cogitatio
2764 4560 2869 4616 est,
2897 4567 3020 4622 quae
3048 4551 3306 4606 alfeetum
3336 4551 3690 4622 coniunctum

424 4645 536 4716 γάρ
572 4646 846 4718 ἐμπαθὴς,
872 4648 1075 4717 ἀπάγει
1104 4651 1260 4705 Θεοῦ.
1286 4652 1474 4716 Οὕτως
1498 4655 1618 4707 οὐδὲ
1651 4657 1682 4724 ή
1711 4655 1840 4727 ψιλὴ
1863 4659 2004 4725 γνὼ-

427 4755 516 4803 σις
546 4740 746 4807 ἀπάγει
790 4743 900 4795 τῶν
972 4744 1349 4815 ἀνθρωπίνων·
1396 4746 1575 4818 ἀλλ’ἢ
1625 4748 1875 4804 παθοῦσα
1910 4750 2007 4822 τὴν

427 4831 674 4901 ἀγάπην·
705 4834 841 4904 ὅπερ
886 4836 1104 4908 ὲστὶνὴ
1139 4839 1276 4910 πρὸς
1324 4840 1383 4892 τὸ
1441 4839 1660 4911 πνεῦμα
1715 4843 1857 4895 κατά
1909 4843 2008 4914 τὴν

429 4919 547 4985 ἕξιν
577 4920 883 4984 ἀλλοίωσις.

505 5091 610 5144 λα’.
643 5092 765 5145 Ὅτι
799 5093 848 5144 oi
891 5093 1017 5157 υίοὶ,
1048 5091 1247 5160 γνώσει
1304 5094 1396 5147 καὶ
1450 5097 1639 5168 ἀγάπῃ
1680 5097 1788 5150 τῶν
1825 5099 2010 5153 παθῶν

431 5183 749 5254 ἀπέχουσιν·
777 5185 828 5236 οἱ
863 5184 920 5238 δὲ
947 5184 1123 5237 δοῦλοι
1171 5187 1262 5238 καὶ
1291 5187 1516 5257 μίσθιοι,
1547 5185 1666 5256 ἦτοι
1693 5190 1742 5241 oi
1786 5207 2013 5260 πρακτι-

435 5274 542 5337 κοὶ,
580 5274 612 5344 ἢ
653 5274 825 5345 φόϐῳ,
867 5275 898 5345 ἢ
940 5275 1140 5329 ἐλπίδι.

505 5363 604 5435 λβ’.
639 5367 750 5419 Καὶ
782 5365 958 5419 ταῦτα
988 5366 1243 5438 ἀπείργει
1273 5371 1396 5432 τοὺς
1421 5370 1654 5440 γράφειν
1681 5373 2008 5443 ᾑρημένουςο

435 5456 718 5512 δεικνύντα
746 5459 930 5537 σαφῶς
952 5460 1051 5532 τὴν
1087 5459 1292 5532 βλάϐην
1334 5463 1399 5515 ἐκ
1437 5462 1531 5517 τοῦ
1570 5462 1774 5528 τέλους.

509 5637 611 5706 λγ’.
654 5635 823 5710 Οἶμαι
853 5641 990 5711 πρὸς
1014 5642 1160 5713 ἡμᾶς
1194 5642 1390 5697 ἕὸλεπε
1421 5643 1597 5699 ταῦτα
1623 5649 1870 5717 γράφων.

513 5819 610 5879 λδ’.
635 5825 750 5880 Οὐκ
778 5826 1009 5896 ἐνόησαν
1041 5827 1098 5881 τὸ
1131 5829 1194 5882 ἐκ
1229 5830 1322 5901 τῆς
1353 5829 1578 5900 μεθόδου
1604 5832 1807 5903 ταύτης
1831 5833 2020 5906 κέρδος

2106 4661 2217 4698 non
2249 4645 2434 4708 habet,
2461 4660 2583 4713 quae
2612 4653 2695 4698 est
2726 4644 2956 4714 simplex
2985 4659 2998 4696 :
3031 4657 3154 4712 qua:
3176 4643 3320 4697 enim
3343 4657 3468 4695 cum
3493 4641 3690 4695 affectu

2106 4746 2190 4793 est
2239 4755 2302 4793 ac
2351 4738 2669 4803 libidinosa,
2697 4738 2922 4792 abducit
2947 4753 2978 4790 a
3009 4737 3143 4791 Deo.
3168 4736 3260 4791 Sic
3284 4750 3504 4804 quoque
3544 4734 3690 4788 nuda

2106 4845 2169 4884 ac
2193 4830 2424 4898 simplex
2457 4830 2706 4893 scientia,
2732 4843 2844 4882 non
2886 4828 2955 4882 ab
2993 4827 3251 4881 humanis
3294 4826 3540 4888 abducit,
3595 4825 3687 4879 sed

2107 4938 2228 4992 quae
2250 4923 2602 4977 dilectionem
2635 4922 2871 4992 patitur;
2921 4921 3070 4990 quod
3124 4929 3210 4976 est
3269 4919 3580 4974 immutatio
3633 4917 3689 4972 in

2108 5011 2364 5082 spiritum
2400 5027 2521 5082 quae
2550 5012 2741 5066 habitu
2767 5019 2869 5065 est.

2179 5102 2264 5157 51.
2297 5103 2398 5169 Qui
2442 5102 2539 5155 lilii
2571 5111 2736 5167 sunt,
2771 5102 3002 5156 scientia
3033 5110 3091 5156 et
3117 5101 3386 5156 charitate
3417 5100 3694 5156 seavitiis

2111 5195 2392 5251 abstinent
2419 5214 2431 5250 :
2461 5196 2610 5250 servi
2637 5204 2898 5250 autemet
2952 5195 3281 5251 mercenarii
3321 5194 3398 5257 (id
3448 5202 3552 5261 est,
3599 5194 3693 5265 qui

2112 5284 2385 5339 actionem
2409 5284 2622 5347 colunt)
2653 5291 2750 5338 aut
2785 5283 2984 5338 timore
3008 5293 3102 5338 aut
3131 5299 3250 5354 spe.

2184 5375 2271 5429 52.
2298 5374 2423 5430 Haec
2445 5390 2668 5444 quoque
2722 5375 3026 5442 deterrent,
3074 5376 3280 5446 quibus
3337 5384 3398 5432 ut
3449 5375 3696 5430 scribant

2115 5468 2296 5522 animo
2325 5465 2688 5521 constitutum
2713 5465 2784 5521 sit
2815 5482 2829 5519 :
2861 5481 2983 5535 qum
3011 5481 3210 5537 nempe
3235 5465 3496 5522 damnum
3517 5465 3695 5536 palam

2115 5577 2182 5615 ex
2207 5561 2315 5615 ﬁne
2333 5558 2646 5613 ostendant.
3339 5554 3342 5555 ⁷

2189 5650 2278 5704 55.
2314 5650 2383 5705 Ει
2413 5649 2528 5703 ιιιεο
2555 5657 2689 5718 puto
2713 5648 2844 5704 dum
2886 5649 3175 5715 scriberet,
3204 5647 3273 5703 ad
3308 5661 3410 5703 nos
3453 5647 3698 5703 animum

2122 5740 2460 5794 intendebat.

2189 5833 2275 5888 5i.
2311 5833 2431 5888 Non
2467 5831 2875 5899 intellexerunt,
2922 5828 3071 5902 quod
3098 5843 3166 5887 ex
3187 5828 3296 5899 hac
3328 5829 3590 5886 methodo
3611 5843 3700 5888 se-
