4076 6470
382 360 518 425 179

373 563 602 625 vissent,
632 560 982 614 commodum
1016 559 1120 614 hoc
1147 569 1541 629 reportassent,
1567 571 1625 617 ut
1660 563 1710 615 in
1739 563 1969 616 scicntia

375 651 732 721 proﬁcerent.

443 743 531 797 55.
565 743 812 796 Morante
863 740 1101 811 simplici
1135 739 1394 811 nudaque
1425 742 1784 812 cogitatione,
1815 740 1968 796 exei-

379 848 528 891 tatur
558 835 793 890 aﬁ'ectus
826 853 838 888 :
872 835 954 896 uti
980 834 1146 890 etiam
1174 850 1240 889 ea
1264 850 1391 904 qua:
1419 835 1644 890 affectui
1673 838 1968 908 conjuncta

375 944 440 983 ac
461 927 760 983 libidinosa
784 937 891 993 est,
924 936 1218 998 przestatur
1239 943 1564 983 consensus.

441 1021 530 1076 36.
557 1019 699 1087 Scis,
720 1019 970 1084 Domine,
990 1020 1496 1092 quomodojudieer
1518 1020 1704 1085 hodie,
1726 1028 1782 1076 et
1804 1036 1969 1092 quam

373 1113 446 1169 ob
486 1128 706 1168 causam
741 1128 811 1167 ne
841 1111 1194 1183 derelinquas
1222 1128 1332 1168 me.

445 1207 534 1260 57.
559 1205 678 1260 Non
706 1214 887 1276 potest
922 1205 1040 1260 haec
1072 1212 1359 1276 praestare,
1385 1206 1480 1276 qui
1515 1208 1634 1263 suis
1659 1207 1776 1264 fidit
1795 1207 1968 1263 ratio-

377 1297 566 1362 nibus,
598 1311 662 1352 ac
703 1312 763 1352 se
784 1298 896 1368 jam
953 1295 1443 1367 comprehendisse
1489 1297 1787 1364 existimat,
1823 1314 1966 1369 quze,

375 1398 734 1461 posteaquam
760 1388 928 1444 etiam
946 1387 1346 1457 comprehensa
1378 1397 1530 1454 sunt,
1548 1397 1744 1444 natura
1765 1389 1971 1445 incom-

375 1478 658 1550 prehensa
686 1485 940 1534 manent.

446 1570 536 1626 38.
605 1569 858 1626 Tristitia
915 1569 1067 1642 (aegri
1125 1567 1340 1625 scilicet
1394 1569 1564 1623 animi
1611 1567 1858 1640 affectio)
1913 1579 1969 1624 et

376 1664 591 1727 odium.
627 1665 764 1719 vitia
787 1673 918 1721 sunt
936 1664 1111 1736 partis
1135 1663 1306 1719 animi
1335 1663 1582 1734 expertis
1608 1664 1859 1719 rationis.

448 1757 538 1814 39.
575 1757 713 1813 Vide
735 1757 1014 1828 quomodo
1045 1756 1413 1827 decipiamur,
1447 1757 1545 1827 qui
1577 1758 1858 1813 contraria
1887 1756 1968 1812 fa-

376 1850 612 1914 ciamus,
641 1861 698 1904 et
723 1849 1036 1904 Christiana
1069 1865 1171 1904 nos
1211 1848 1417 1920 pietate
1460 1849 1649 1904 vivere
1691 1849 1972 1905 existime-

379 1958 526 2008 mus,
562 1941 823 2013 quodque
859 1942 1082 2013 gravius
1111 1950 1217 2002 est,
1252 1941 1366 2012 jam
1396 1956 1620 2011 quoque
1665 1940 1973 2011 spiritalem
2019 1958 2023 1962 '

379 2030 491 2101 pati
528 2030 883 2085 dilectionem
917 2029 1278 2084 arbitremur.

447 2121 537 2178 40.
577 2121 756 2177 Habet
781 2121 907 2192 quis
928 2121 1129 2175 vitium
1181 2120 1429 2176 avaritiae
1467 2138 1480 2175 :
1517 2136 1628 2175 non
1655 2119 1866 2192 indiget
1913 2127 1976 2174 ut

377 2230 480 2286 per
514 2213 804 2268 avaritiam
845 2212 950 2267 sibi
993 2212 1205 2283 aliquid
1236 2221 1479 2284 arroget,
1511 2221 1608 2267 aut
1660 2221 1723 2266 ut
1772 2211 1974 2283 injuste

379 2305 624 2375 aliquem
678 2304 1099 2360 circumveniat.
1128 2303 1260 2375 Ejus
1288 2303 1370 2359 rei
1411 2313 1606 2359 nactus
1633 2302 1972 2367 facultatem,

379 2398 566 2454 statim
591 2395 1052 2466 deprehenditur.
1080 2395 1260 2465 Atque
1288 2394 1343 2450 id
1367 2403 1558 2459 notum
1580 2402 1684 2448 est.

451 2490 542 2545 4|.
577 2488 710 2545 Vide
753 2487 808 2542 in
848 2487 1054 2558 quibus
1087 2487 1513 2558 longanimitate
1557 2495 1613 2542 et
1664 2487 1719 2541 in
1770 2487 1976 2558 quibus

379 2581 644 2655 patientia
671 2579 961 2636 utendum.
995 2579 1236 2634 Tametsi
1260 2579 1411 2634 enim
1434 2589 1736 2651 utrumque
1763 2580 1818 2633 in
1851 2589 1973 2634 ten-

382 2673 688 2728 tationibus
736 2671 977 2737 dicatur,
1031 2685 1153 2739 qua:
1195 2669 1386 2726 invitis
1435 2671 1791 2741 exteriusque
1848 2686 1976 2725 eve-

379 2766 544 2824 niunt
569 2783 584 2819 :
615 2764 765 2838 quod
794 2774 975 2819 tamen
1004 2764 1111 2818 illa;
1135 2763 1190 2819 in
1219 2777 1505 2818 sermones
1533 2773 1699 2834 atque
1739 2763 1974 2818 verbera

377 2876 478 2917 seu
505 2861 693 2932 plagas
725 2859 1074 2920 dividuntur,
1120 2872 1233 2912 una
1265 2872 1488 2928 quoque
1522 2857 1637 2913 hazc
1663 2873 1851 2912 secum
1887 2855 1973 2911 vi-

350 2985 352 2987 »
381 2954 647 3011 dentibus
671 2951 951 3008 dividunt.

450 3047 543 3102 42.
570 3047 677 3102 Per
707 3042 1114 3101 continentiam
1134 3055 1190 3100 et
1214 3044 1565 3109 charitatcm,
1585 3041 1732 3097 bona
1762 3041 1818 3095 in
1846 3048 1974 3096 actu

383 3137 617 3196 scientia
652 3142 972 3207 praestatur.

455 3231 547 3286 45.
589 3227 732 3296 Quid
762 3243 895 3282 vero
933 3227 1176 3282 delirant
1213 3225 1366 3279 vitiis
1416 3233 1690 3280 scatentes
1750 3223 1976 3294 quidem

386 3334 554 3394 atque
574 3320 823 3392 superbi,
845 3321 1230 3376 existimantes
1261 3318 1390 3392 (qua
1425 3327 1636 3374 tument
1665 3319 1981 3390 arrogantia

386 3429 453 3470 ac
477 3410 645 3484 fastu)
676 3411 863 3467 divina
891 3412 1122 3468 scientia
1143 3427 1202 3467 se
1232 3410 1496 3481 praeditos
1521 3425 1642 3466 esse
1663 3409 1686 3464 ?
1711 3410 1791 3466 Ita
1831 3411 1982 3466 enim

389 3507 468 3562 illi
498 3523 564 3562 ex
596 3505 806 3577 ingenti
835 3505 1007 3559 animi
1039 3505 1312 3574 pravitate
1335 3511 1392 3559 et
1425 3502 1686 3558 elatione.

459 3598 550 3652 44.
581 3596 687 3662 Qui
711 3604 897 3650 autem
923 3596 1206 3651 existimat
1238 3611 1298 3650 se
1327 3595 1438 3665 jam
1471 3594 1981 3665 comprehendisse,

389 3702 454 3742 ac
489 3687 627 3740 nihil
665 3687 942 3757 ignorare.
977 3687 1150 3756 liquet
1206 3701 1333 3741 eum
1369 3685 1640 3740 charitate
1689 3685 1983 3755 pmditum

389 3795 502 3836 non
528 3795 672 3836 esse.
705 3779 808 3846 Qui
846 3789 1032 3834 autem
1061 3794 1171 3834 non
1198 3795 1263 3834 ea
1289 3779 1553 3848 praeditus
1577 3778 1672 3844 sit,
1703 3779 1984 3849 quomodo

393 3871 450 3926 in
476 3870 708 3926 scientia
737 3869 1033 3941 proficiet?

457 3962 547 4019 45.
575 3963 678 4030 Qui
703 3963 824 4018 vitii
872 3971 928 4018 et
965 3962 1290 4034 ignorantiae
1313 3963 1490 4032 spinis
1513 3978 1579 4019 ac
1601 3962 1821 4019 tribulis
1848 3978 1984 4019 con-

390 4055 520 4112 ferti
553 4055 746 4121 simus,
788 4055 1050 4110 virtutem
1096 4071 1161 4110 ac
1209 4055 1514 4126 spiritalem
1547 4057 1835 4114 scientiam
1883 4065 1986 4113 nos

391 4147 600 4204 habere
632 4146 985 4204 confidimus.

464 4240 553 4296 46.
581 4237 682 4296 llic
717 4239 1018 4310 perfectius
1043 4239 1379 4296 charitatcm
1410 4241 1708 4313 descripsit
1763 4259 1777 4296 :
1819 4243 1989 4297 duos-

394 4347 501 4403 que
537 4331 814 4397 denarios,
845 4331 1174 4386 charitatem
1224 4333 1279 4386 in
1339 4333 1511 4388 Deum
1573 4343 1628 4387 et
1670 4333 1985 4405 proximum

394 4423 611 4478 statuit.

462 4514 554 4570 47.
581 4515 644 4569 In
671 4514 1066 4572 emundatione
1094 4516 1273 4572 tribus
1297 4517 1550 4589 partibus
1570 4518 1760 4575 divisae
1791 4520 1988 4575 anima:
2021 4507 2063 4561 ί)

397 4606 698 4671 facultatis,
730 4605 937 4663 Christi
965 4607 1250 4664 scientiam
1270 4610 1538 4684 praestari.

467 4699 556 4753 48.
584 4697 910 4754 Necessario
927 4699 1022 4770 qui
1047 4699 1240 4755 mundi
1265 4717 1354 4756 res
1378 4702 1568 4756 colunt
1584 4701 1776 4773 eisque
1803 4701 1989 4757 animo

398 4787 606 4850 addicti
649 4796 800 4854 sunt,
837 4798 1082 4846 sanctam
1142 4791 1471 4847 charitatcm
1536 4793 1832 4859 amittunt;
1882 4794 1986 4848 im-

399 4882 778 4954 placabileque
806 4883 995 4938 odium
1025 4900 1154 4956 erga
1183 4885 1545 4953 contribulcs,
1580 4901 1772 4942 earum
1796 4902 1985 4953 causa,

398 4974 624 5031 habent.

467 5065 555 5123 49.
581 5067 640 5123 1η
673 5068 923 5139 utrisque
963 5077 1188 5125 sanctus
1235 5071 1543 5127 monachus
1582 5071 1861 5129 Cedonins
1897 5089 1987 5129 ca-

400 5157 666 5212 lumniam
688 5173 887 5228 passus
913 5164 1031 5214 est:
1062 5159 1158 5229 qui
1189 5168 1375 5215 tamen
1398 5159 1467 5214 ad
1505 5159 1680 5215 Deum
1721 5160 1988 5217 Susannze

403 5249 682 5320 respiciat,
714 5249 902 5306 divina
933 5250 1331 5307 corroboratur
1356 5266 1473 5323 spe.

474 5338 566 5394 50.
591 5337 696 5406 Qui
716 5340 886 5396 servit
923 5339 1147 5396 aﬂ'ectui
1199 5356 1263 5397 ac
1305 5340 1545 5408 libidini,
1589 5359 1766 5400 caecus
1803 5343 1990 5400 animo

403 5438 521 5488 est:
563 5430 885 5504 habensque
927 5432 1269 5488 obcaecatum
1303 5433 1595 5506 judicium,
1650 5437 1913 5492 virtutem
1958 5451 1988 5491 a

407 5522 546 5582 vitio
568 5523 886 5584 discernere
909 5540 1020 5583 non
1043 5531 1242 5595 potest.

1547 365 1605 424 S.
1650 366 1937 425 MAXIMI
1974 364 2484 439 CONFESSORIS

373 474 563 541 quitur
587 470 821 532 lucrum,
850 467 942 537 qui
985 481 1041 522 se
1077 466 1215 521 scire
1249 468 1562 523 existimant
1593 488 1604 522 :
1641 488 1764 524 nam
1794 472 1837 525 si
1865 471 1973 524 sci-

2082 479 2124 527 οἱ
2181 484 2493 552 νομίζοντες
2545 490 2767 543 εἰδέναι.
2814 492 2871 544 Εἰ

2003 1823 2046 1880 Β
2107 1823 2124 1851 .

2836 492 2874 544 ἰὶ
2914 491 3023 564 γὰρ
3057 493 3318 561 ἔγνωσαν.
3353 494 3649 567 ὲκέρόησαο

2073 576 2138 628 ἂν
2173 578 2229 629 τὸ
2262 581 2591 650 προκόπτειν
2616 585 2695 647 εἰς
2723 585 2783 638 τὺ
2816 587 3038 642 εἰδέναι.

2145 758 2236 811 λε’.
2283 760 2406 813 Ὅτι
2441 761 2784 832 χρονίζοντος
2825 764 2923 818 τοῦ
2970 765 3127 833 ψιλοῦ
3169 766 3461 838 λογισμοῦ,
3491 772 3656 821 κινεῖ-

2071 866 2166 903 ται
2188 850 2248 902 τὸ
2274 851 2462 916 πάθος
2494 853 2684 926 ὥσπερ
2713 857 2807 909 καὶ
2832 856 2928 909 τοῦ
2958 857 3258 928 ἐμπαθοῦς,
3289 859 3502 928 γίνεται
3533 878 3657 930 συγ-

2073 940 2392 1006 κατάθεσις.

2143 1034 2251 1099 λς’.
2279 1031 2458 1101 Οἶδας,
2483 1038 2679 1110 Κύριε,
2703 1039 2852 1103 ὅπως
2887 1039 3148 1110 κρίνομαι
3171 1042 3438 1113 σήμερον,
3471 1042 3566 1094 καὶ
3591 1042 3656 1095 δι’

2071 1126 2139 1196 ἣν
2174 1127 2376 1182 αἰτίανο
2413 1129 2489 1200 μὴ
2523 1130 2894 1203 ὲγκαταλίπῃς
2921 1133 3092 1202 ἡμᾶς.

2141 1219 2239 1282 λζ’.
2269 1220 2344 1272 Uti
2377 1220 2600 1274 δύναται
2642 1221 2816 1276 ταῦτα
2882 1224 3129 1294 ποιῆσαι,
3194 1225 3223 1277 ὁ
3286 1226 3396 1287 τοῖς
3438 1225 3659 1288 οἰκείοις

2073 1311 2373 1376 πιστεύσας
2424 1312 2730 1383 λογισμοῖς,
2769 1315 2866 1367 καὶ
2908 1314 3069 1378 δόξας
3110 1314 3210 1385 ἤδη
3242 1316 3658 1385 κατειληφέναι,

2069 1402 2140 1454 τὰ
2175 1403 2271 1457 καὶ
2311 1404 2452 1474 μετά
2485 1405 2545 1458 τὸ
2583 1405 2949 1474 κατειλῆφθαι
2989 1407 3360 1476 ἀκατάληπτα
3392 1406 3537 1461 κατὰ
3565 1407 3662 1477 φύ-

2073 1511 2160 1550 σιν
2189 1495 2528 1566 ὑπάρχοντα.

2141 1588 2244 1659 λη’.
2281 1589 2442 1660 Λύπη
2483 1591 2580 1644 καὶ
2625 1592 2801 1662 μῖσος,
2830 1589 2926 1644 τοῦ
2956 1589 3155 1660 ἀλόγου
3193 1589 3400 1662 μέρους
3429 1589 3532 1659 τῆς
3561 1587 3662 1659 ψυ-

2070 1679 2175 1751 χῆς
2207 1679 2589 1752 ἐλαττώματα.

2144 1775 2248 1830 λθ’.
2287 1776 2462 1830 Βλέπε
2511 1777 2584 1841 ὡς
2630 1775 2996 1847 ἀπατώμεθα,
3030 1774 3293 1830 τάναντία
3357 1772 3661 1836 ποιοῦντες,

2074 1869 2173 1922 καὶ
2200 1869 2516 1940 νομίζοντες
2555 1869 2698 1923 κατὰ
2749 1869 2988 1940 Χριστὸν
3018 1866 3423 1934 πολιτεύεσθαι’
3465 1865 3530 1918 τὸ
3570 1865 3664 1934 βα-

2079 1963 2330 2034 ρύτερον,
2373 1965 2470 2018 καὶ
2514 1963 2616 2037 ήδη
2664 1963 2858 2018 παθεῖν
2885 1961 2985 2034 τὴν
3031 1961 3421 2032 πνευματικὴν
3449 1959 3664 2027 ἀγάπην

2077 2053 2576 2123 ὑπολαμϐάνοντες.

2151 2153 2226 2218 μ’.
2263 2148 2418 2219 Ἔχει
2450 2165 2535 2210 τις
2560 2147 2731 2211 πάθος
2763 2145 3130 2212 πολεονεξίας·
3158 2144 3220 2197 οὐ
3243 2143 3423 2196 δεῖται
3441 2141 3498 2195 δὲ
3520 2140 3665 2195 πλεο-

2077 2240 2318 2304 νεκτεῖν;
2350 2239 2398 2318 εί
2425 2238 2581 2293 λάϐοι
2601 2238 2834 2310 δύναμιν
2863 2238 3228 2302 πλεονεκτεῖν,
3257 2235 3426 2300 εὐθὺς
3455 2231 3664 2302 ἐξελέγ-

2076 2347 2252 2402 χεται·
2293 2329 2390 2385 καὶ
2427 2329 2588 2384 τοῦτο
2627 2329 2808 2402 δῆλον.

2150 2513 2261 2578 μα’.
2292 2507 2434 2577 Ὅρα
2485 2505 2590 2560 ποῦ
2616 2504 2694 2576 τῷ
2731 2506 3108 2578 μακροθυμεῖν
3154 2504 3248 2558 καὶ
3281 2503 3394 2557 ποῦ
3433 2501 3511 2572 τῷ
3543 2501 3665 2554 ὑπο-

2079 2599 2264 2668 μένειν
2290 2599 2582 2669 χρηστέον.
2623 2599 2743 2652 Κᾶν
2777 2599 2888 2668 γὰρ
2927 2600 3097 2668 άμφω
3132 2598 3226 2650 ἐπὶ
3252 2597 3372 2650 τῶν
3399 2593 3662 2648 ἀκουσίων

2075 2691 2305 2760 λέγηται
2351 2689 2700 2762 πειρασμῶν·
2754 2691 2868 2744 ἀλλ’
2929 2691 2980 2743 οἱ
3038 2687 3290 2744 ἀκούσιοι
3341 2688 3431 2750 εἰς
3481 2686 3663 2754 λόγους

2075 2783 2445 2854 διαιρούμενοι
2491 2783 2586 2838 καὶ
2643 2783 2878 2856 πληγὰς,
2927 2782 3294 2842 συνδιαιροῦσι
3347 2781 3452 2836 καὶ
3501 2777 3663 2833 ταῦτα

2076 2876 2190 2937 τοῖς
2231 2873 2515 2943 βλέπουσι.

2155 3050 2266 3122 μβ¹.
2302 3052 2426 3104 Ὀτι
2451 3049 2518 3104 δι’
2549 3049 2880 3121 ἐγκρατείας
2909 3050 3004 3104 καὶ
3027 3048 3272 3119 ἀγάπης,
3297 3048 3331 3120 ἡ
3357 3047 3487 3102 κατ’
3517 3042 3658 3116 ἐνέρ-

2007 3166 2050 3224 C
2082 3161 2239 3212 γειαν
2266 3142 2447 3214 ἀγαθὴ
2473 3142 2674 3212 γνῶσις
2703 3143 2999 3210 ἐγγίνεται.

2159 3233 2267 3306 μγ’.
2295 3235 2407 3289 Καὶ
2431 3234 2486 3287 τί
2515 3232 2778 3305 ληροῦσιν
2806 3234 3073 3305 ἐμπαθεῖς
3098 3251 3242 3297 τινες
3271 3230 3556 3302 ἅνθρωποι
3581 3228 3668 3282 καὶ

2084 3327 2389 3398 ὑψαύχενες
2419 3327 2620 3395 γνῶσιν
2656 3325 2799 3396 ἔχειν
2854 3327 3306 3398 ἀλαζονευόμενοι
3335 3325 3494 3379 θείαν
3523 3342 3538 3390 ;
3583 3319 3669 3385 Ἐξ

2085 3419 2388 3491 ὲμπαθείας
2413 3418 2522 3491 γάρ
2547 3418 2644 3474 καὶ
2675 3418 2981 3489 ὲπάρσεως.

2161 3606 2266 3677 μδ’.
2315 3603 2376 3658 'U
2425 3603 2484 3658 δὲ
2533 3603 2712 3658 δοκῶν
2767 3603 2870 3675 ἥδη
2926 3601 3317 3672 κατειληφέναι
3375 3603 3473 3656 καὶ
3512 3599 3669 3672 μηδὲν

2087 3702 2328 3768 ἀγνοεῖν,
2380 3698 2538 3765 δῆλον
2567 3698 2643 3762 ὡς
2671 3697 2895 3768 ἀγάπην
2933 3697 3034 3750 οὐκ
3088 3697 3223 3768 ἔχει.
3275 3694 3370 3768 Μὴ
3414 3694 3553 3767 ἔχων
3594 3691 3668 3758 δὲ,

2089 3793 2209 3854 πῶς
2239 3791 2508 3864 προκόψει
2537 3791 2616 3855 είς
2641 3790 2848 3860 γνῶσιν
2879 3808 2895 3858 ;

2164 3973 2268 4036 με’.
2308 3964 2578 4028 Ἀκάνθας
2627 3947 2842 4034 ἔχοντες
2881 3964 2976 4018 καὶ
3020 3963 3304 4034 τριϐόλους
3353 3961 3552 4025 κακίας
3579 3958 3668 4013 καὶ

2088 4058 2388 4128 ἀγνωσίαςο
2417 4059 2621 4129 ἀρετὴν
2655 4059 2950 4129 ἐλπίζομεν
2977 4056 3123 4130 ἔχειν
3148 4057 3243 4110 καὶ
3272 4055 3480 4124 γνῶσιν
3512 4067 3668 4107 πνευ-

2091 4149 2349 4219 ματικήν.

2159 4238 2275 4310 μς’.
2314 4237 2677 4310 Τελειώτερον
2709 4232 2811 4292 ὦδε
2859 4237 2958 4310 τὴν
3010 4236 3234 4307 ἀγάπην
3271 4233 3664 4305 ὑπεζωγράφη-

2091 4348 2170 4384 σε·
2211 4331 2305 4384 καὶ
2343 4331 2412 4384 τὰ
2467 4329 2560 4383 δύο
2610 4329 2862 4401 δηνάρια,
2894 4329 2995 4401 τὴν
3026 4331 3106 4394 εἰς
3151 4327 3243 4382 τὸν
3269 4328 3408 4381 Θεὸν
3442 4328 3538 4380 καὶ
3581 4324 3668 4378 τὸν

2089 4421 2318 4493 πλησίον
2361 4421 2582 4492 ἀγάπην
2617 4419 2885 4490 ὑπέφηνε.

2171 4511 2278 4582 μζ.
2314 4512 2438 4565 ’Ὁτι
2475 4513 2535 4565 ἐν
2570 4513 2637 4583 τῇ
2671 4510 2938 4582 καθάρσει
2966 4511 3066 4581 τῆς
3103 4507 3401 4581 τριμεροῦς
3436 4508 3537 4579 τῆς.
3566 4506 3663 4576 ψο-

2089 4605 2189 4675 χῆς
2221 4604 2527 4674 δυνάμεως.
2565 4604 2598 4674 ἡ
2631 4603 2833 4672 γνῶσις
2861 4602 2954 4656 τοῦ
2999 4601 3236 4672 Χριστοῦ
3271 4601 3596 4669 ἐπιγίνεται.

2164 4703 2273 4769 μη’.
2306 4697 2430 4750 Ὅτι
2461 4696 2522 4761 ἐξ
2557 4698 2805 4767 ἀνάγκης
2835 4697 2886 4750 οἱ
2914 4695 2980 4750 τὰ
3003 4695 3097 4749 τοῦ
3130 4695 3339 4766 κόσμου
3375 4691 3662 4764 περιέπον-

2088 4807 2177 4852 τες
2213 4789 2535 4859 πράγματα,
2593 4789 2693 4859 τῆς
2741 4789 2904 4857 ἁγίας
2941 4787 3164 4857 ἀγάπης
3207 4785 3550 4840 ἐκπίπτουσι·
3579 4780 3667 4836 καὶ

2093 4883 2252 4949 μῖσος
2282 4880 2350 4933 δι’
2399 4880 2540 4934 σιττεά
2577 4879 2714 4952 πρὸς
2757 4880 2886 4944 τοὺς
2927 4878 3236 4950 ὁμοφύλους
3261 4876 3666 4932 ἀκατάλλακτον

2092 4974 2296 5045 ἔχουσι.

2172 5065 2279 5136 μθ¹.
2323 5066 2411 5117 Ἐν
2465 5065 2799 5136 ἀμφοτέροις
2846 5065 2874 5118 ὁ
2916 5063 3070 5131 ἀγιος
3124 5061 3358 5133 μοναχὸς
3413 5058 3664 5130 Κηδόνιος

2097 5159 2517 5229 σεσυκόφανται·
2567 5160 2646 5224 είς
2679 5159 2771 5212 τὸν
2823 5159 2923 5228 τῆς
2969 5157 3260 5229 Σωσάννης
3283 5155 3416 5211 Θεὸν
3443 5150 3664 5209 ἀποϐλέ-

2097 5269 2234 5316 πων,
2269 5254 2388 5314 ταῖς
2435 5251 2610 5315 θείαις
2638 5249 2820 5303 ἐλπίσι
2851 5249 3170 5320 ρωννύεται.

2161 5348 2224 5397 ν’.
2254 5342 2376 5396 Ὀτι
2405 5343 2434 5396 ὁ
2452 5340 2614 5395 πάθει
2638 5338 3082 5410 δουλεύων,πεπή
3093 5354 3264 5410 ρωται
3287 5336 3386 5410 τὴν
3406 5333 3658 5396 διάνοιαν,

2096 5434 2190 5488 καὶ
2216 5434 2418 5504 τυφλὸν
2449 5434 2765 5507 περιφέρων
2797 5433 3091 5504 διάκρισιν,
3130 5431 3192 5486 οὐ
3216 5429 3438 5486 δύναται
3459 5416 3657 5494 διακρῖ-

2095 5543 2184 5582 ναι
2216 5526 2276 5582 τὸ
2307 5529 2556 5601 κρεῖττον
2604 5527 2712 5583 ἀπὸ
2741 5523 2837 5581 τοῦ
2880 5525 3142 5597 χείρονος.
