4076 6434
417 408 558 477 ωδε

1599 414 1658 474 S.
1701 415 1989 475 MAXIMI
2018 412 2530 476 CONFESSORIS

1117 604 3659 636 WW—

1525 750 1662 804 ΤΟΥ
1701 749 1793 803 ΕΝ
1833 750 2056 805 ΔΓΙΟΙΣ
2082 750 2356 806 ΠΑΤΡΟΣ
2382 754 2583 808 ΗΜΩΝ

734 911 1538 1053 ΜΑΞΙΜΟΥ
1667 922 2018 1055 ΤΟΥ
2149 922 3371 1067 ΟΜΟΛΟΓΗΤΟΥ

1685 1158 2250 1249 ΚΕΦΛΛΑΙΑ
2321 1161 2407 1253 Σ¹

1071 1348 1212 1416 Περὶ
1244 1348 1556 1419 θεολογίας
1577 1348 1677 1404 καὶ
1704 1346 1817 1417 τῆς
1839 1348 2145 1420 ἐνσάρκου
2169 1352 2515 1423 οἰκονομίας
2558 1352 2665 1408 τοῦ
2702 1352 2839 1407 Υιοῦ
2884 1354 3055 1410 Θεοῦ.

894 1634 1011 1749 s.
1083 1641 1210 1751 P.
1308 1639 1447 1751 N.
1546 1638 2089 1756 MAXlMl
2170 1639 3198 1789 CONFESSORIS,

1572 1872 1934 1998 CAP'ITA
2004 1874 2487 1955 DUCENTA

933 2044 1026 2107 Ad
1047 2043 1434 2127 theologiam
1466 2048 1708 2129 Deique
1736 2050 1876 2112 Filii
1902 2050 1971 2113 in
2003 2067 2192 2116 carne
2244 2054 2786 2135 dispensationem
2817 2057 3189 2138 spectantia.

735 2340 1063 2418 CENTENA
1116 2345 1383 2403 PRIMUM
1423 2348 1698 2407 CAPITA.

494 2458 543 2512 1.
588 2455 734 2531 Deus
783 2472 930 2512 unus
973 2466 1078 2525 est,
1115 2460 1377 2532 principii
1421 2479 1640 2534 expers,
1696 2465 2012 2537 incompre-

421 2547 651 2614 hensus,
704 2557 872 2605 totam
919 2568 1148 2623 prorsus
1197 2555 1414 2611 essendi
1461 2558 1574 2612 vim
1602 2558 2010 2629 complectens;

420 2654 487 2694 ac
519 2641 612 2710 qui
642 2656 861 2696 omnem
913 2644 1181 2714 temporis
1211 2646 1476 2718 modique
1503 2650 1726 2705 essendi
1755 2651 2014 2708 excludat

421 2731 716 2801 rationem,
764 2735 914 2789 velut
961 2736 1221 2792 omnibus
1276 2738 1614 2810 inaccessus,
1646 2742 1899 2814 nullique
1931 2745 2013 2801 rei

420 2820 607 2877 nativa
651 2839 718 2878 ex
768 2828 1253 2896 repraesentatione
1300 2831 1573 2900 cognitus.

497 2914 552 2968 2.
595 2916 761 2982 Deus,
807 2916 892 2971 sui
933 2917 1049 2988 ipse
1095 2919 1309 2974 ratione
1339 2921 1630 2992 (quantum
1673 2924 1839 2981 nobis
1872 2926 2014 2982 scire

422 3022 746 3063 concessum
773 3005 878 3079 est)
903 3023 1083 3078 neque
1116 3010 1477 3081 principium,
1524 3030 1704 3085 neque
1747 3018 2013 3086 medium,

422 3112 605 3167 neque
648 3096 776 3151 ﬁnis
821 3104 907 3152 est
947 3099 1001 3165 ‘;
1037 3114 1143 3154 nec
1174 3101 1481 3172 quidquam
1530 3120 1761 3174 prorsus
1796 3124 2013 3175 eorum,

424 3205 548 3259 quae
602 3189 710 3256 his,
757 3205 878 3259 qua:
925 3190 994 3245 ab
1029 3190 1124 3245 illo
1168 3194 1413 3249 secunda
1443 3204 1595 3264 sunt,
1635 3215 1732 3269 per
1760 3210 2015 3257 naturam

424 3281 607 3335 inesse
640 3281 1059 3352 intelliguntur.
1116 3285 1215 3340 Est
1269 3287 1419 3342 enim
1470 3289 1776 3349 immensus
1818 3302 1875 3350 et
1910 3296 2014 3351 im-

427 3372 649 3428 mobilis
697 3381 755 3429 et
805 3373 1077 3442 inﬁnitus,
1139 3386 1200 3432 ut
1257 3379 1355 3449 qui
1395 3381 1547 3436 omni
1590 3384 1899 3443 substantia
1958 3397 2017 3444 et

426 3465 676 3535 potentia
709 3472 765 3521 et
807 3466 1026 3522 actione
1063 3468 1298 3526 inﬁnitis
1348 3474 1602 3542 partibus
1638 3479 1896 3547 superior
1921 3481 2012 3535 sit.

495 3555 549 3610 3.
590 3556 752 3612 Omni
796 3558 1140 3627 substantiae,
1182 3576 1306 3630 quae
1356 3579 1465 3618 una
1503 3581 1694 3622 secum
1719 3583 1877 3625 suam
1915 3571 2014 3626 de-
2046 3574 2047 3577 “

2043 2358 2091 2413 A

2641 2354 3061 2409 ΕΚΑΤΟΝΤΑΣ
3096 2354 3174 2408 A'.

2189 2478 2259 2525 α’.
2306 2464 2403 2535 Εἷς
2432 2470 2587 2538 Θεὸς,
2622 2468 2879 2542 ἄναρχος,
2922 2468 3331 2541 ἁκατάληπτος,
3388 2468 3516 2541 ὃλην
3567 2469 3699 2540 ἔχων

2115 2561 2211 2616 τοῦ
2261 2558 2401 2617 εἶναι
2438 2562 2540 2633 τὴν
2592 2561 2824 2634 δύναμιν
2867 2560 3079 2615 διόλου*
3115 2560 3237 2632 τὴν,
3274 2561 3413 2613 πότε
3468 2562 3560 2614 καὶ
3591 2560 3699 2624 πῶς

2117 2653 2258 2712 εἶναι
2300 2656 2648 2713 παντάπασιν
2701 2652 3091 2723 ἀπωθούμενος
3138 2651 3348 2706 ἔννοιαν
3376 2668 3389 2681 ο
3425 2651 3498 2714 ὼς
3546 2653 3700 2706 πᾶσιν

2115 2750 2336 2815 ἄόατος,
2369 2749 2462 2802 καὶ
2499 2747 2692 2821 μηδενὶ
2714 2746 2824 2800 τῶν
2854 2745 3022 2799 ὄντων
3055 2745 3119 2798 ὲκ
3149 2743 3389 2814 φυσικῆς
3421 2744 3699 2815 ἐμφάσεως

2114 2844 2345 2913 διεγνωσ
2353 2841 2533 2913 μένος.

2190 2934 2256 3007 β’.
2319 2936 2377 2989 Ὀ
2432 2934 2587 2997 Θεὸς,
2641 2932 2744 2986 οὐκ
2780 2931 2899 2985 ἔστι
2930 2932 2999 2985 δι’
3030 2930 3246 2997 ἑαυτὸν,
3287 2931 3371 2994 ὡς
3397 2932 3543 3002 ἡμᾶς
3571 2928 3702 2983 ειδέ-

2115 3046 2205 3083 ναι
2236 3027 2484 3082 δυνατόν·
2531 3025 2656 3079 οὔτε
2687 3024 2850 3097 ἀρχὴ,
2887 3023 3013 3077 οὕτε
3049 3024 3306 3095 μεσότης,
3359 3023 3488 3076 οὔτε
3532 3021 3697 3083 τέλος,

2116 3118 2240 3174 οὔτε
2267 3119 2403 3173 τιτὸ
2446 3117 2666 3172 σύνολον
2706 3116 2893 3187 ἕτερον
2927 3115 3036 3168 τῶν
3067 3116 3178 3179 τοῖς
3209 3113 3326 3186 μετ’
3366 3114 3533 3168 αὐτὸν
3563 3128 3704 3181 φυσι-

2117 3215 2230 3278 κῶς
2255 3211 2736 3283 ένθεωρουμένωψ
2788 3209 3040 3280 ἀόριστος
3074 3207 3185 3278 γάρ
3236 3210 3355 3260 ἐστι
3394 3206 3489 3261 καὶ
3523 3205 3703 3274 ἀκίνην

2115 3324 2205 3369 τος
2232 3306 2326 3358 καὶ
2353 3303 2601 3374 ἄπειρος,
2638 3301 2714 3364 ὡς
2746 3301 2927 3373 πάσης
2952 3299 3144 3364 οὐσίας
3179 3299 3275 3353 καὶ
3303 3298 3594 3366 δυνάμεως
3618 3298 3705 3350 καὶ

2117 3396 2399 3468 ἐνεργείας
2440 3393 2770 3465 ὑπερέκεινα
2813 3391 3055 3463 ἀπείρως
3106 3390 3206 3444 ὢν.

2188 3579 2256 3648 γ’.
2279 3579 2433 3632 Πᾶσα
2454 3575 2612 3630 οὐσία
2626 3577 2715 3628 τὸν
2732 3573 2930 3642 ἑαυτῆς
2950 3574 3076 3644 ὅρον
3094 3574 3263 3645 ἑαυτῇ
3279 3574 3706 3641 συνεισάγουσα,

426 3646 735 3703 ﬁnitionem
768 3648 1012 3715 inducat,
1050 3662 1426 3722 comparatum
1456 3664 1542 3711 est
1572 3665 1634 3712 ut
1655 3660 1776 3730 ejus
1809 3672 2011 3730 motus,

2119 3646 2262 3742 ἀργὴ
2293 3669 2540 3738 πέφυκεν
2566 3665 2726 3731 εἶναι,
2758 3667 2857 3736 τῆς
2881 3664 3372 3737 έπιθεωρουμένης
3390 3666 3530 3734 αὐτῇ
3572 3661 3708 3717 κατὰ

426 3737 522 3807 qui
578 3737 658 3792 illi
724 3740 969 3809 potentia
1014 3741 1196 3799 inesse
1251 3744 1610 3816 intelligitur,
1676 3751 2014 3823 principium

425 3828 689 3885 exsistat.
717 3828 914 3884 Omnis
952 3841 1137 3897 autem
1189 3836 1460 3891 naturalis
1519 3837 1587 3891 ad
1636 3842 2015 3909 operationem

424 3928 628 3986 motus,
650 3920 813 3993 462
839 3922 934 3992 qui
959 3925 1237 3993 posterior
1251 3927 1478 3997 quidem
1498 3930 1828 4001 substantia,
1860 3937 2015 4006 prior

423 4030 557 4070 vero
582 4015 902 4085 operatione
939 4015 1297 4088 intelligatur,
1326 4022 1569 4077 medium
1591 4034 1697 4091 est,
1725 4041 1827 4096 pro
1847 4027 2014 4083 medii

424 4108 637 4165 scilicet
685 4108 832 4163 inter
878 4117 1183 4180 utrumque
1235 4112 1450 4167 ratione
1510 4122 1708 4170 natura
1776 4117 2013 4174 interceo

425 4200 581 4255 dens.
617 4198 809 4255 Omnis
844 4200 1085 4270 denique
1135 4204 1385 4271 operatio
1422 4219 1524 4259 sua
1570 4204 1746 4275 ipsius
1803 4209 2017 4265 ratione
2080 4198 2085 4204 ’

425 4301 625 4347 natura
644 4293 1090 4362 circumscripta,
1129 4293 1255 4347 ﬁnis
1275 4304 1361 4350 est
1412 4297 1724 4354 essentialis
1749 4300 1871 4369 ejus
1898 4316 2016 4354 mo-

428 4393 535 4449 tus,
587 4384 685 4452 qui
724 4383 815 4437 illa
846 4384 1003 4453 prior
1026 4384 1242 4439 ratione
1273 4384 1484 4456 (subtili
1520 4388 1782 4445 nimirum
1815 4393 2018 4448 mentis

426 4473 690 4547 cogitatu)
725 4482 832 4530 est.

498 4569 553 4624 4.
593 4567 716 4624 Non
745 4577 831 4624 est
858 4567 1358 4635 Deussubstantia,
1403 4586 1505 4639 pro
1552 4573 1673 4644 ejus
1696 4573 2018 4631 substantiae

428 4662 668 4727 ratione,
723 4677 845 4732 quae
893 4660 1223 4732 simpliciter
1259 4671 1357 4718 aut
1399 4664 1495 4718 tali
1548 4665 1715 4721 modo
1756 4667 2017 4722 substan-

426 4757 503 4811 tia
532 4753 755 4822 dicitur,
788 4766 852 4811 ut
902 4763 959 4811 et
1010 4755 1345 4826 principium
1399 4757 1512 4813 sit:
1548 4773 1730 4829 neque
1772 4761 2015 4830 potentia

428 4863 525 4902 seu
557 4847 788 4903 facultas
835 4855 942 4914 est,
988 4863 1091 4918 pro
1132 4849 1253 4919 ejus
1306 4850 1570 4919 potentia:
1604 4866 1702 4907 seu
1740 4853 2018 4909 facultatis

2121 3761 2351 3831 δύναμιν
2402 3758 2691 3827 κινήσεως.
2719 3757 2877 3809 Πᾶσα
2915 3755 2973 3808 δὲ
3004 3756 3210 3825 φυσικὴ
3239 3754 3383 3826 πρὸς
3423 3756 3702 3826 ἐνέργειαν

2122 3852 2356 3923 κίνησις,
2379 3849 2476 3919 τῆς
2498 3848 2594 3919 μὲν
2618 3847 2805 3911 οὐσίας
2836 3847 3296 3917 μετεπινοουμένη
3317 3863 3331 3878 ·
3354 3860 3709 3917 προεπινοουο

2126 3942 2262 4014 μένη
2300 3941 2357 3994 δὲ
2385 3941 2484 4010 τῆς
2529 3937 2834 4010 ἐνεργείας,
2881 3937 3115 4009 μεσότης
3163 3938 3331 4003 ἐστὶν,
3378 3938 3457 4001 ὡς
3509 3936 3708 4007 ἀμφοῖν

2123 4035 2264 4088 κατά
2316 4033 2376 4086 τὸ
2437 4031 2602 4101 μέσον
2653 4030 2900 4101 φυσικῶς
2955 4029 3362 4102 διειλημμένη·
3416 4031 3513 4084 καὶ
3567 4029 3713 4082 πᾶσα

2124 4123 2374 4195 ἐνέργεια
2423 4119 2503 4190 τῷ
2556 4121 2676 4174 κατ’
2701 4119 2873 4191 αὐτὴν
2906 4118 3050 4190 λόγῳ
3097 4119 3343 4188 φυσικῶς
3373 4133 3714 4198 περιγραφοο

2128 4215 2289 4285 μένη,
2342 4212 2495 4275 τέλος
2550 4211 2672 4264 ἐστὶ
2722 4214 2820 4284 τῆς
2856 4210 2960 4284 πρὸ
2990 4210 3164 4282 αὐτῆς
3189 4213 3309 4265 κατ’
3343 4212 3598 4266 ἐπίνοιαν
3626 4209 3712 4264 οὐ·

2128 4303 2350 4369 σιὼδους
2382 4304 2673 4375 κινήσεως.
3028 4300 3037 4307 ”

2194 4582 2259 4636 δ’.
2290 4581 2425 4645 κούκ
2459 4579 2608 4633 ἔστιν
2645 4579 2673 4632 ὁ
2714 4578 2847 4642 Θεὸς
2889 4577 3070 4644 οὖσία,
3116 4576 3260 4631 κατά
3304 4577 3407 4648 τὴν
3453 4575 3643 4639 ἁπλῶς
3679 4573 3711 4645 ἦ

2096 4675 2243 4739 πῶς
2275 4672 2580 4744 λεγομένην
2619 4670 2832 4750 οὐσίαν,
2888 4671 2974 4723 ἵνα
3029 4669 3126 4722 καὶ
3164 4669 3345 4740 ἀρχή*
3382 4667 3514 4721 οὔτε
3552 4668 3712 4721 δύνα-

2130 4786 2223 4840 μις
2250 4766 2394 4821 κατὰ
2424 4765 2525 4836 τὴν
2554 4762 2745 4822 ἁπλῶς
2774 4761 2809 4832 ἦ
2844 4760 2962 4824 πῶς
2993 4758 3296 4831 λεγομένην
3321 4758 3585 4829 δύναμιν,
3630 4758 3713 4810 ἵνα

2126 4861 2221 4916 καὶ
2249 4858 2506 4930 μεσότης·
2553 4854 2679 4909 οὔτε
2710 4854 2984 4925 ἐνέργεια,
3014 4852 3159 4906 κατὰ
3186 4852 3284 4922 τὴν
3308 4851 3502 4914 ἁπλῶς
3530 4851 3564 4922 ἢ
3597 4849 3713 4912 πῶς

428 4937 664 5003 ratione,
695 4953 818 5007 quae
846 4937 1176 5008 simpliciter
1200 4947 1297 4994 aut
1328 4939 1422 4994 tali
1451 4940 1616 4994 modo
1644 4942 1889 5011 potentia
1918 4958 2015 4996 seu

2123 4951 2425 5022 λεγομένην
2467 4946 2771 5017 ἐνέργειαν,
2805 4944 2895 4998 ἵνα
2944 4943 3039 4997 καὶ
3080 4942 3237 5006 τέλος
3281 4942 3404 4994 ἐστὶ
3440 4942 3548 5012 τῆς
3574 4939 3712 4995 κατᾶ

429 5029 659 5085 facultas
681 5030 1007 5101 appellatur,
1040 5044 1104 5087 ut
1125 5041 1182 5086 et
1207 5033 1455 5087 medium
1488 5034 1563 5088 sit
1595 5052 1607 5087 :
1640 5051 1744 5090 nec
1772 5034 2012 5105 denique

2119 5044 2346 5112 δύναμιν
2395 5036 2901 5111 προεπινοουμένης
2923 5034 3214 5099 οὐσιώδους
3251 5037 3557 5105 κινήσεωςο-
3598 5032 3711 5087 ἀλλ’

428 5121 677 5190 operatio
707 5137 804 5177 seu
845 5122 1011 5189 actio,
1052 5138 1157 5194 pro
1196 5125 1319 5196 ejus
1346 5126 1583 5182 actionis
1622 5127 1859 5195 ratione,
1895 5144 2019 5198 quae

2119 5130 2429 5194 οὑσιοποιδς
2471 5128 2564 5183 καὶ
2608 5124 2934 5198 ὑπερούσιος
2989 5124 3254 5197 ὀντὸτης⁸
3316 5125 3414 5180 καὶ
3473 5125 3712 5195 δυναμο-

429 5213 756 5282 simpliciter
800 5215 887 5270 vel
920 5216 1015 5271 tali
1053 5218 1219 5274 modo
1265 5219 1513 5288 operatio
1544 5235 1642 5275 seu
1688 5221 1831 5275 actio
1877 5236 2019 5275 nun-

2122 5222 2277 5286 ποιὸς
2336 5220 2431 5274 καὶ
2461 5216 2841 5289 ὑπερδύναμος
2896 5214 3125 5285 ἵδρυσις·
3176 5216 3270 5270 καὶ
3326 5215 3517 5286 πάσης
3561 5217 3709 5285 ὲνερ·

430 5314 687 5373 cupatur,
721 5313 785 5359 ut
828 5315 886 5361 et
933 5306 1061 5363 ﬁnis
1103 5309 1174 5364 sit
1204 5319 1370 5380 atque
1403 5312 1673 5366 terminus
1709 5311 2019 5366 essentialis

2120 5315 2279 5383 γεῑας
2300 5307 2569 5383 δραστικὴ
2614 5307 2710 5363 καὶ
2736 5305 3096 5377 ἀτελεύτητος
3129 5306 3263 5373 ἕξις*
3302 5307 3398 5361 καὶ
3428 5308 3711 5377 συντόμως

430 5396 550 5468 ejus
583 5405 787 5465 motus,
815 5399 911 5468 qui
950 5401 1257 5456 secundum
1296 5402 1600 5473 potentiam
1632 5403 1723 5457 illa
1756 5402 1910 5473 prior
1940 5403 2019 5457 in-

2119 5405 2321 5466 εἰπεῖν,
2353 5400 2536 5471 πάσης
2583 5397 2773 5462 οὐσίας
2820 5396 2916 5450 καὶ
2949 5396 3235 5467 δυνάμεως
3266 5396 3362 5451 καὶ
3393 5397 3708 5468 ἐνεργείας,

431 5489 741 5564 telligatur;
783 5491 878 5546 sed
916 5500 1003 5546 est
1047 5507 1137 5548 res
1185 5494 1457 5565 ejusmodi
1493 5502 1659 5565 atque
1709 5494 1911 5550 entitas
1942 5501 2019 5567 (ut

2123 5494 2300 5565 ἀρχῆς
2328 5510 2388 5546 τε
2422 5493 2520 5546 καὶ
2551 5489 2850 5561 μεσότητος
2887 5489 2986 5542 καὶ
3017 5487 3211 5553 τέλους
3246 5490 3538 5560 ποιητική.

430 5585 512 5641 sic
574 5585 726 5657 loqui
772 5584 959 5657 liceat)
1023 5601 1146 5656 quae
1195 5588 1268 5643 sit
1313 5589 1638 5645 Substantia:
1692 5598 1906 5655 auctor,
1956 5603 2022 5643 ac
2089 5604 2255 5659 quam
2324 5601 2429 5658 pro
2476 5583 2801 5641 substantiae
2841 5597 2941 5638 seu
2987 5583 3241 5639 essentia:
3284 5581 3508 5639 ratione
3547 5582 3705 5638 altius

431 5676 708 5745 emineat;
763 5678 1105 5749 ﬁrmitasque
1161 5678 1272 5735 vim
1305 5692 1571 5752 praestans
1607 5689 1665 5738 et
1714 5681 2038 5751 potentiam,
2079 5695 2145 5737 ac
2191 5695 2314 5752 quae
2351 5678 2464 5735 vim
2516 5692 2736 5734 omnem
2805 5690 2871 5732 ac
2921 5675 3225 5747 potentiam
3265 5673 3708 5746 Super-excedat:

506 5841 520 5860 ⁸
548 5840 678 5911 Cap.
717 5841 751 5897 5
779 5842 853 5896 De
882 5851 1031 5915 mysi.
1069 5843 1225 5899 theol.
