4076 6410
370 440 506 506 1085

367 552 590 608 habitus
633 547 873 620 denique
931 543 1112 600 omnis
1163 542 1502 612 operationis
1579 556 1674 595 seu
1745 535 1979 592 actionis

1213 428 1548 489 CAPITUM
1586 424 1854 486 THEOL.
1905 423 2015 482 ET.
2040 422 2276 482 (ECON.
2317 421 2709 485 CENTURIA
2739 425 2791 484 Ι.

3504 412 3642 475 1086

2052 534 2241 590 eliicax
2292 551 2356 589 ac
2410 535 2760 588 immortalis.
2809 535 3010 604 Atque,
3060 541 3121 586 ut
3165 543 3379 585 summa
3439 527 3640 587 dicam,

369 647 550 703 omnis
579 641 901 700 substantia:
930 653 1026 693 seu
1049 638 1318 702 essential,
1346 644 1402 690 et
1447 633 1706 705 potentiae
1738 639 1793 686 et
1823 627 2184 699 operationis,
2238 626 2613 698 principiique
2657 635 2714 680 ct
2774 625 2943 680 medii
2999 633 3056 679 et
3115 623 3240 677 ﬁnis
3271 637 3366 676 scu
3422 618 3642 674 termini

370 756 535 795 causa
578 736 846 792 eﬁcctrix.

443 837 502 884 ε’.
543 829 606 880 Ἦ
644 828 788 897 ἀρχὴ
816 829 907 881 καὶ
938 829 968 896 ἡ
1003 825 1234 896 μεσότης
1262 823 1355 876 καὶ
1389 821 1448 873 τὸ
1473 819 1646 882 τέλος,
1680 816 1787 869 τῶν
1825 813 1947 884 χρό-
1974 819 2000 872 Α

2120 811 2172 864 5.
2210 809 2570 879 Principium,
2595 807 2839 862 medium
2861 815 2917 860 et
2939 805 3083 869 ﬁnis,
3112 811 3255 857 notae
3277 809 3405 856 sunt
3422 814 3639 854 eorum:

371 939 446 990 νῳ
472 920 755 990 διαιρετῶν
787 921 892 970 εἰσι
932 916 1308 986 γνωρίσματα·
1343 913 1485 965 εἴποι
1515 912 1558 963 δ’
1611 911 1675 964 ἄν
1708 926 1790 970 τις
1822 907 1952 976 ἀλη-

373 1004 704 1068 οεύων,’καὶ
732 1004 840 1055 τῶν
868 1006 924 1056 έν
961 1002 1118 1056 αἰῶνι
1148 998 1564 1068 συνορωμένων.
1618 997 1674 1047 '0
1713 993 1809 1064 μὲν
1843 993 1952 1063 γὰρ

370 1097 584 1167 χρόνος,
626 1096 1000 1165 μετρουμένην
1036 1092 1174 1163 ἔχων
1198 1091 1296 1162 τὴν
1327 1091 1561 1156 κίνησιν,
1604 1084 1825 1156 ἀριθμῷ
1855 1101 1953 1138 πε·-

376 1188 725 1258 ριγράφεται·
767 1187 794 1237 ὁ
842 1184 979 1237 αἰὼν
1031 1183 1087 1236 δὲ
1150 1179 1640 1250 συνεπινοουμένην
1695 1177 1834 1248 ἔχων
1885 1176 1948 1244 τῇ

373 1278 604 1348 ὑπάρξει
649 1276 745 1346 τὴν
777 1275 904 1328 πότε
936 1273 1294 1344 κατηγορίαν,
1322 1272 1517 1340 πάσχει
1547 1270 1846 1334 διάστασιν,
1876 1267 1952 1332 ὡς

372 1368 548 1438 ἀρχὴν
593 1365 689 1419 τοῦ
724 1362 864 1418 εἶναι
908 1365 1108 1418 λαϐών.
1149 1366 1212 1417 Εἰ
1238 1365 1292 1416 δὲ
1335 1363 1524 1432 χρόνος
1553 1364 1646 1415 καὶ
1683 1361 1818 1415 αἰὼν
1850 1362 1948 1415 οὐκ

371 1463 607 1531 ἄναρχα,
647 1458 829 1529 πολλῷ
864 1459 1064 1529 μᾶλλον
1102 1457 1170 1510 τὰ
1215 1459 1273 1509 έν
1313 1455 1522 1518 τούτοις
1554 1457 1945 1524 περιεχόμενα.

2060 915 2182 970 ψιεθ
2214 911 2459 972 tempore
2492 900 2716 954 dividua
2743 907 2870 953 sunt
2893 915 2908 964 ;
2931 909 3045 951 nec
3089 911 3119 949 a
3151 909 3284 949 vero
3305 890 3643 946 aberraverit

2060 992 2155 1060 qui
2181 991 2348 1056 dicat,
2375 992 2542 1045 etiam
2568 1005 2760 1044 eorum
2806 1005 2929 1059 quae
2969 989 3023 1042 in
3051 1003 3166 1041 mvo
3201 1000 3264 1039 ac
3297 983 3495 1038 sarculo
3524 995 3644 1034 esse

2060 1085 2468 1155 intelliguntur.
2527 1084 2663 1138 Nam
2708 1089 2925 1151 tempus
2967 1079 3212 1150 quidem,
3259 1079 3418 1147 cujus
3467 1082 3648 1126 motus

2057 1188 2290 1227 numero
2347 1180 2724 1235 mensuretur,
2776 1170 2893 1224 suis
2948 1167 3204 1223 terminis
3231 1160 3644 1221 circumscribi-

2058 1279 2170 1325 tur.
2229 1267 2427 1323 IEvum
2473 1274 2656 1319 autem
2703 1280 2797 1318 seu
2824 1263 3104 1324 saeculum,
3138 1261 3293 1331 cujus
3314 1255 3646 1314 exsistcntiae

2057 1362 2550 1434 praedicamentum
2587 1356 2808 1428 quando
2833 1362 3027 1410 comes
3053 1354 3412 1424 intelligatur,
3439 1349 3644 1403 distan-

2056 1456 2190 1509 tiam
2244 1453 2505 1516 admittit,
2541 1467 2639 1506 seu
2680 1465 2769 1504 res
2809 1448 3102 1519 ejusmodi,
3140 1462 3263 1516 qua:
3307 1459 3429 1499 esse
3466 1443 3642 1496 inca:-

372 1557 540 1626 perit.
573 1554 670 1608 Sin
698 1562 884 1608 autem
914 1569 984 1607 ne
1009 1563 1226 1623 tempus
1257 1551 1481 1622 quidem
1503 1565 1567 1604 ac
1603 1565 1780 1605 aevum
1810 1550 2084 1621 principio
2124 1557 2344 1615 vacant,
2398 1548 2600 1619 potiori
2667 1548 2828 1616 longe
2899 1545 3110 1598 ratione
3149 1556 3251 1595 nec
3276 1555 3339 1594 ea
3393 1552 3514 1607 qum
3538 1535 3646 1589 illis

375 1643 945 1713 comprehenduntur.

449 1742 523 1803 ς’.
560 1732 656 1800 Εἷς
702 1738 797 1790 καὶ
839 1738 998 1807 μόνος
1029 1735 1172 1790 κατὰ
1202 1735 1362 1804 φύσιν
1394 1735 1480 1788 ἀεὶ
1508 1735 1714 1806 κυρίως
1752 1735 1898 1788 ἐστὶν
1924 1735 1951 1786 ὁ

374 1829 529 1893 Θεὸς,
559 1829 679 1882 ὅλον
705 1829 768 1881 τὸ
795 1829 1000 1898 κυρίως
1031 1824 1170 1881 εἶναι
1197 1827 1338 1881 κατὰ
1372 1828 1549 1880 πάντα
1590 1827 1790 1897 τρόπον
1821 1827 1952 1878 ἑαυ-

374 1921 456 1992 τῷ
491 1920 836 1991 περικλείων,
864 1921 938 1983 ὡς
970 1920 1062 1974 καὶ
1090 1919 1253 1973 αὐτοῦ
1272 1919 1363 1972 τοῦ
1392 1914 1529 1972 εἶναι
1553 1919 1757 1988 κυρίως
1785 1918 1953 1988 ὑπέρ-

2129 1732 2181 1787 6.
2251 1730 2405 1787 Unus
2445 1730 2706 1800 solusque
2755 1744 2853 1799 per
2885 1735 3139 1781 naturam
3176 1736 3392 1791 semper
3423 1735 3552 1774 vere
3583 1735 3645 1773 ac

2058 1823 2281 1894 proprie
2331 1831 2417 1876 est
2452 1822 2618 1886 Deus,
2666 1821 2786 1890 ejus
2838 1819 2986 1888 quod
3013 1824 3097 1871 est
3129 1829 3249 1869 esse
3278 1812 3387 1865 vim
3426 1825 3643 1864 omnem

2061 1914 2211 1969 omni
2255 1913 2421 1968 modo
2464 1913 2521 1967 in
2557 1928 2616 1967 se
2662 1909 3002 1966 concludens
3045 1922 3108 1962 ac
3148 1902 3643 1973 comprehenderis,

375 2029 557 2108 τερος.
609 2014 672 2064 El
703 2011 758 2064 δὲ
791 2011 966 2074 τοῦτο,
1000 2011 1254 2080 οὐδαμῶς
1281 2010 1430 2063 οὐδὲν
1465 2009 1700 2078 οὐδαμοῦ
1738 2009 1810 2079 (α)
1848 2009 1955 2061 τῶν
1991 2051 2000 2107 1

2080 2017 2124 2062 ιι
2164 2007 2256 2076 qui
2304 2007 2424 2076 ipso
2474 2020 2596 2060 esse
2646 2020 2778 2058 vere
2821 2001 3158 2072 proprieque
3204 1997 3462 2052 emineat.
3490 1993 3643 2060 Quod

377 2101 523 2157 εἶναι
551 2103 860 2172 λεγομένων
904 2102 964 2155 τὸ
1021 2101 1238 2154 σύνολον
1272 2101 1384 2170 ἔχει
1437 2099 1518 2165 τὸ,
1555 2102 1762 2169 κυρίως
1799 2094 1959 2152 εἷναι.

380 2193 594 2247 Οὐκοῦν
621 2193 775 2246 οὐδὲν
799 2191 947 2261 αὐτῷ
969 2191 1030 2243 τὸ
1063 2191 1323 2260 παράπαν
1350 2187 1409 2253 ἐξ
1440 2190 1610 2243 ἀϊδίου
1639 2188 1961 2258 συνθεωρεῖ-

381 2303 476 2338 ται
508 2287 630 2339 κατ’
657 2286 847 2338 οὐσίαν
877 2286 1155 2353 διάφορον·
1191 2284 1292 2336 οὐκ
1321 2281 1475 2344 αἰὼν,
1511 2281 1570 2332 οὐ
1603 2281 1815 2351 χρόνος,
1845 2279 1966 2331 οὐδέ

384 2395 438 2431 τι
477 2379 583 2430 τῶν
623 2377 836 2440 τούτοις
878 2376 1333 2446 ὲνδιαιτωμένων.
1369 2375 1442 2426 Οὐ
1494 2371 1604 2442 γὰρ
1639 2370 1967 2441 συμϐαίνου-

386 2491 474 2526 σιν
527 2471 779 2543 ἀλλήλοις
829 2469 1071 2535 πώποτε,
1106 2469 1166 2522 τὸ
1218 2466 1423 2538 κυρίως
1472 2460 1613 2518 εἶναι
1657 2464 1752 2520 καὶ
1778 2464 1836 2517 οὐ
1869 2481 1968 2516 κυ-

389 2565 544 2637 ρίως.

464 2832 531 2898 ζ’.
581 2829 751 2901 Ἀρχὴ
780 2830 929 2881 πᾶσα
971 2825 1065 2879 καὶ
1106 2825 1340 2894 μεσότης
1369 2823 1463 2876 καὶ
1509 2820 1680 2883 τέλος,
1715 2819 1795 2880 εἰς
1827 2817 1972 2869 ἅπαν

392 2928 495 2996 τὴν
528 2922 780 2994 σχετικὴν
804 2921 868 2974 δι’
904 2920 1025 2973 ὅλου
1059 2916 1399 2986 κατηγορίαν
1427 2914 1527 2966 οὐκ
1549 2913 1804 2982 ἤρνηταιθ
1842 2907 1974 2968 Θεὸς

392 3020 452 3074 δὲ
484 3017 712 3072 καθόλου
743 3015 925 3083 πάσης
953 3012 1188 3082 σχέσεως
1217 3009 1481 3079 ὑπάρχων
1511 3004 1802 3074 ἀπειράκις
1823 2999 1976 3053 ἀπεί-

399 3128 508 3181 ρως
537 3107 828 3177 ἀνώτερος,
869 3103 990 3157 οὔτε
1041 3102 1184 3172 ἁρχὴ
1227 3099 1348 3152 οὒτε
1394 3098 1626 3168 μεσότης
1669 3093 1790 3147 οὐτε
1823 3092 1975 3155 τέλος

394 3201 621 3260 εἰκότως
654 3195 802 3248 ἐστίν
824 3211 837 3224 ⁸
868 3192 988 3246 οὐδέ
1023 3209 1076 3244 τι
1130 3191 1190 3242 τὸ
1229 3189 1449 3241 σύνολον
1484 3187 1690 3256 ἕτερον,
1722 3185 1851 3247 τῶν,
1897 3177 1978 3246 οἷς

397 3285 786 3356 ὲνΘεωρεῐσθαι
820 3282 962 3337 κατὰ
1006 3281 1104 3350 τὴν
1144 3279 1327 3349 σχέσιν
1360 3279 1392 3348 ἡ
1421 3275 1513 3330 τοῦ
1549 3276 1697 3343 πρός
1734 3289 1790 3326 τι
1816 3271 1976 3325 δύνα-

395 3397 489 3433 ται
517 3376 841 3449 κατηγορία.

477 3684 545 3745 η’.
582 3676 771 3730 Πάντα
818 3671 886 3725 τὰ
922 3671 1072 3733 ὄντα,
1109 3667 1378 3736 νοούμενα
1430 3662 1689 3729 λέγεται·
1743 3654 1852 3709 τῶν
1893 3651 1979 3704 ἐπ’

401 3744 551 3825 αὐτὰ
585 3765 840 3836 γνώσεων
869 3759 1285 3820 ἐναποδείκτους
1332 3754 1527 3824 ἔχοντα
1578 3750 1680 3812 τὰς
1723 3747 1918 3818 ἀρχάς·
1955 3744 1983 3795 ὁ

403 3861 463 3914 δὲ
485 3859 640 3922 Θεὸς,
671 3855 730 3910 οὐ
764 3851 1055 3921 νοούμενος
1084 3847 1432 3917 ὀνομάζεταν
1471 3841 1585 3896 ἀλλ’
1610 3841 1674 3893 ἐκ
1703 3838 1812 3890 τῶν
1833 3852 1985 3890 νοου-

410 3951 594 4022 μένων
654 3928 816 4018 μόνον
858 3939 998 3997 εἶναι
1054 3938 1402 3994 πιστεύεται,⁸
1453 3935 1642 4002 διόπερ
1686 3929 1836 3982 οὐδὲν
1876 3925 1986 3981 τῶν

405 4042 719 4112 νοουμένων
757 4036 910 4108 αὐτῷ
941 4034 1062 4090 καθ’
1095 4031 1274 4087 ὁτιοῦν
1311 4026 1742 4100 παραϐάλλεται.

487 4288 553 4342 θ’.
572 4286 637 4339 Αἱ
672 4283 780 4338 τῶν
809 4281 978 4335 ὄντων
1005 4276 1252 4348 γνώσεις,
1285 4270 1722 4344 συνηρτημένους
1745 4263 1992 4337 φυσικῶς

411 4382 600 4450 ἔχουσι
632 4376 770 4447 πρὸς
805 4369 1084 4434 ἀπόδειξιν
1109 4369 1235 4431 τοὺς
1263 4365 1497 4426 οἰκείους
1539 4361 1751 4428 λόγους,
1783 4352 1864 4419 οἷς
1893 4371 1992 4407 πε-

414 4447 700 4546 ριγραφὴν
737 4465 984 4536 φυσικῶς
1015 4461 1397 4532 ὑπομένουσιν
1429 4459 1455 4510 ὁ
1485 4455 1540 4508 δὲ
1569 4453 1722 4518 Θεὸς,
1757 4450 1845 4503 διὰ
1884 4447 1993 4500 τῶν

413 4573 476 4623 ἐν
503 4557 614 4630 τοῖς
659 4561 781 4618 οὖσι
812 4563 986 4630 λόγων
1037 4555 1177 4612 εἶναι
1225 4555 1387 4626 μόνον
1429 4549 1763 4604 πιστεύεται·
1813 4543 1995 4611 πάσης

416 4657 754 4722 ἀποδείξεως
800 4652 1199 4726 βασιμώτερον,
1235 4649 1346 4709 τοῖς
1385 4643 1636 4698 εὐσεϐέσι
1665 4639 1762 4710 τὴν
1789 4638 1872 4690 ὃτι
1898 4653 1997 4688 κυ-

2065 2100 2111 2155 si
2160 2100 2235 2154 ita
2287 2106 2393 2163 est,
2445 2097 2586 2152 nihil
2643 2111 2875 2166 prorsus
2906 2102 2991 2148 cst
3018 2107 3230 2156 eorum,
3271 2104 3391 2158 quat:
3423 2085 3647 2140 omnino

2063 2207 2184 2246 esse
2232 2190 2512 2255 dicuntur,
2564 2188 2713 2258 quod
2741 2202 2870 2241 vere
2919 2200 2984 2239 ac
3024 2183 3247 2253 proprie
3275 2195 3395 2234 esse
3426 2179 3643 2232 habeat.

2065 2280 2211 2333 Nihil
2252 2280 2434 2348 itaque
2483 2279 2705 2348 penitus
2748 2277 2816 2330 ab
2860 2283 3089 2336 aeterno,
3139 2270 3392 2325 essentia:
3437 2268 3649 2321 ratione

2068 2370 2412 2433 distinctum,
2466 2384 2575 2422 una
2623 2383 2747 2422 cum
2791 2367 2886 2420 illo
2916 2381 2980 2419 ac
3020 2365 3171 2418 velut
3213 2362 3264 2416 ei
3312 2358 3530 2414 esscndi
3560 2373 3651 2412 co-

2069 2478 2206 2527 mes,
2235 2451 2577 2530 intelligitur
2633 2477 2647 2513 :
2687 2475 2797 2513 non
2834 2472 3013 2512 aavum
3066 2471 3161 2510 seu
3210 2451 3491 2513 smculum,
3542 2464 3650 2502 non

2070 2567 2260 2607 eorum
2287 2551 2490 2620 aliquid
2513 2566 2637 2619 quae
2655 2550 2708 2603 in
2731 2548 2840 2603 illis
2861 2555 3173 2602 versantur.
3193 2543 3484 2610 Nunquam
3506 2537 3653 2592 enim

2072 2643 2187 2706 ﬁat,
2225 2650 2284 2694 ut
2317 2655 2437 2694 esse
2471 2655 2600 2693 vere
2641 2647 2695 2693 et
2746 2636 2991 2707 proprie,
3037 2641 3093 2687 et
3122 2648 3233 2686 non
3276 2644 3406 2683 vere
3435 2643 3498 2681 ac
3529 2641 3656 2696 pre-

2071 2733 2189 2803 prie
2239 2747 2383 2792 esse,
2433 2730 2768 2784 conveniant
2823 2743 2886 2781 ac
2929 2731 3280 2780 concurrant.

2141 2821 2301 2893 463
2339 2823 2390 2874 7.
2416 2819 2640 2873 Nullum
2674 2801 3030 2887 principium,
3060 2813 3383 2878 nullumque
3413 2805 3655 2861 medium

2074 2923 2169 2968 aut
2200 2915 2344 2977 linis,
2390 2925 2609 2965 omnem
2658 2908 2880 2978 penitus
2941 2902 3348 2964 habitudinem,
3385 2914 3478 2953 seu
3521 2896 3661 2950 rela-

2076 3004 2303 3062 tionem,
2340 3001 2468 3070 quia
2499 2999 2604 3052 alia
2630 2996 2752 3050 aliis
2769 3001 3183 3062 comparentur,
3219 2987 3482 3043 excludit.
3515 2986 3663 3039 Deus

2077 3108 2212 3148 vero
2250 3092 2343 3162 qui
2397 3090 2660 3145 inﬁnities
2706 3085 2919 3141 inﬁnite
2965 3083 3115 3139 omni
3166 3081 3390 3152 penitus
3436 3077 3663 3131 habitu-

2078 3185 2194 3238 dini
2242 3199 2306 3238 ac
2341 3181 2597 3236 relationi
2647 3179 2909 3242 emineat,
2957 3175 3156 3230 merito
3186 3187 3288 3228 nec
3331 3169 3660 3240 principium

2079 3292 2261 3345 neque
2310 3275 2552 3330 medium
2607 3286 2786 3341 neque
2821 3270 2947 3324 linis
2999 3267 3209 3322 exsistit
3255 3279 3410 3318 :nec
3440 3273 3666 3332 prorsus

2005 3382 2046 3438 c
2081 3369 2230 3424 aliud
2284 3366 2564 3436 quidpiam
2623 3378 2838 3427 eorum,
2887 3362 2940 3414 in
3000 3359 3201 3429 quibus
3244 3355 3461 3426 parium
3512 3365 3664 3404 com-

2085 3460 2391 3531 paratione,
2442 3473 2606 3528 quam
2656 3463 2855 3510 vocant
2897 3453 2966 3507 ad
3001 3449 3226 3522 aliquid,
3283 3442 3553 3516 categoria
3586 3441 3669 3496 in-

2090 3545 2260 3621 telligi
2318 3548 2516 3620 possit.

2161 3642 2214 3696 8.
2256 3641 2364 3694 Res
2407 3652 2599 3693 omnes
2626 3645 2791 3705 atque
2824 3633 2994 3697 entia,
3028 3645 3092 3685 ea
3121 3627 3400 3688 dicuntur,
3433 3639 3554 3694 qua:
3585 3623 3668 3677 im-

2091 3734 2447 3803 telliguntur;
2480 3745 2602 3800 quae
2632 3727 2841 3782 scilicet
2870 3738 3084 3788 eorum,
3120 3735 3244 3789 quae
3282 3717 3350 3771 de
3379 3717 3488 3770 illis
3517 3724 3665 3780 sunt,

2090 3827 2379 3880 notionum
2432 3818 2884 3877 demonstrabilia
2931 3812 3201 3883 principia
3232 3810 3488 3864 habeant.
3525 3807 3672 3860 Deus

2091 3927 2276 3973 autem
2320 3920 2366 3970 is
2409 3914 2635 3977 dicitur,
2683 3911 2778 3980 qui
2808 3925 2917 3963 non
2953 3906 3312 3975 intelligatur,
3367 3899 3460 3955 sed
3490 3914 3557 3952 ex
3583 3913 3670 3951 re-

2093 4007 2199 4062 bus
2240 4023 2360 4077 quze
2396 4003 2801 4073 intelliguntur,
2842 3995 3190 4054 solummodo
3216 4009 3338 4048 esse
3375 3989 3668 4044 credatur:

2095 4099 2242 4170 quod
2299 4097 2564 4152 nimirum
2626 4108 2816 4149 earum
2863 4104 3050 4145 rerum
3093 4103 3214 4157 quae
3269 4083 3671 4152 intelliguntur,

2096 4190 2248 4244 nulla
2285 4188 2398 4242 ullo
2448 4185 2613 4241 modo
2653 4199 2778 4238 cum
2817 4197 2884 4236 eo
2919 4185 3291 4248 comparetur.

2166 4279 2220 4333 9.
2262 4279 2465 4332 Rerum
2505 4273 2748 4329 scientiae
2779 4287 2845 4326 ac
2879 4270 3151 4331 notiones,
3186 4278 3460 4321 connean
3484 4269 3678 4315 natura

2098 4374 2304 4444 quibus
2335 4369 2729 4427 demonstratio
2780 4365 3122 4425 instituatur,
3156 4375 3284 4415 suas
3312 4357 3554 4410 rationes
3581 4352 3682 4406 ha-

2100 4469 2264 4532 bent,
2314 4465 2518 4534 quibus
2585 4461 2800 4516 scilicet
2865 4463 3067 4510 nalura
3128 4447 3680 4507 circumcribuntur:

2100 4560 2247 4612 Dcus
2295 4565 2481 4611 autem
2536 4570 2635 4624 per
2662 4551 2906 4605 rationes
2944 4562 3066 4617 qua:
3099 4550 3230 4600 sunt
3264 4544 3320 4597 in
3369 4539 3556 4599 rebus,
3591 4550 3682 4590 so-

2103 4649 2384 4704 lummodo
2431 4663 2553 4702 esse
2592 4643 2850 4699 creditur
2879 4659 2892 4694 :
2920 4639 3001 4693 sic
3050 4646 3254 4695 tamen,
3305 4640 3366 4685 ut
3405 4627 3551 4682 omni
3588 4623 3684 4678 ﬁr-

421 4748 556 4822 ρίως
595 4719 745 4799 ἐστὶν
769 4719 1061 4814 ὁμολογίαν
1086 4719 1192 4792 καὶ
1233 4738 1416 4791 πίστιν
1443 4731 1638 4794 διδούς.
1673 4727 1861 4788 Πίστις
1889 4725 1998 4794 γάρ

2103 4741 2335 4797 miorem
2367 4735 2861 4797 demonstratione,
2886 4745 3007 4785 eam
3034 4735 3272 4782 mentem
3307 4722 3414 4792 piis
3451 4719 3686 4787 ingerat,

420 4816 564 4900 ἐστι,
605 4835 804 4904 γνῶσις
845 4832 1052 4903 ἀληθὴς
1085 4827 1508 4887 ἀναποδείκτους
1539 4822 1741 4892 ἔχουσα
1775 4816 1873 4880 τὰς
1900 4816 1998 4884 ἁρ-

422 4925 548 5000 χὰς,
581 4926 655 4989 ὡς
682 4923 792 4977 τῶν
823 4921 962 4992 ὑπὲρ
1001 4919 1125 4974 νοῦν
1165 4919 1260 4972 καὶ
1295 4916 1454 4984 λόγον
1503 4911 1824 4982 ὑπάρχουσα
1857 4923 2003 4976 πρα-

423 5037 463 5090 γ
471 5018 657 5090 μάτων
697 5017 1018 5078 ὑπόστασις.

505 5294 558 5353 ι’.
603 5298 772 5369 Ἀρχὴ
801 5296 908 5351 τῶν
941 5295 1110 5350 όντων
1139 5294 1234 5349 καὶ
1271 5292 1507 5365 μεσότης
1557 5289 1651 5345 καὶ
1681 5287 1833 5353 τέλος
1861 5287 2010 5342 ἐστὶν

506 5500 582 5580 (a)
614 5496 898 5567 οὐδαμῶς
929 5495 1111 5576 οὐδὲν
1142 5494 1427 5562 οὐδαμοῦ.
1474 5490 1566 5546 Sic
1609 5504 1828 5612 quoque
1876 5487 2008 5542 locis

513 5587 560 5612 ια
606 5570 887 5612 Μειγίῐηιις-
923 5567 1204 5612 l‘usmsmm
1239 5565 1293 5612 in
1325 5563 1526 5612 Oumsl.
1577 5576 1605 5612 a
1692 5558 2008 5612 Gregorium

433 5558 575 5627 aliis'
605 5558 888 5631 Maximus,
923 5566 1204 5634 fusiusque
1239 5558 1304 5618 in'
1325 5563 1526 5628 Quaest.
1577 5558 1642 5614 ad
1663 5558 2010 5634 _Gregorium

434 5643 796 5709 Theologum.
828 5629 906 5692 Ac
946 5629 1167 5709 quidem
1211 5635 1256 5689 si
1305 5647 1487 5709 sermo
1525 5639 1609 5685 est
1645 5629 1712 5709 de
1741 5637 2013 5709 comterno

435 5700 682 5792 proprie",
710 5719 773 5791 ut
805 5723 908 5792 nec
932 5700 1219 5789 virtualem
1251 5703 1405 5774 quasi
1455 5700 1854 5792 successionem
1896 5700 2016 5779 ejus

436 5769 760 5836 Exsistentia
803 5777 1086 5844 admittat;
1122 5776 1201 5831 sic
1233 5769 1443 5829 certum
1476 5779 1560 5844 est
1598 5769 1735 5823 nihil
1772 5769 2015 5844 potuisse

439 5867 563 5908 esse
595 5859 924 5907 coaeternum
953 5838 1082 5904 Deo;
1127 5847 1220 5903 Sin
1254 5852 1436 5900 autem
1467 5842 1535 5898 de
1567 5848 1841 5896 coaeterno
1870 5838 2013 5910 quod

2105 4843 2170 4887 ut
2197 4847 2320 4886 esse
2355 4840 2482 4884 etim
2509 4842 2639 4881 vere
2663 4840 2727 4879 ac
2766 4821 2986 4893 proprie
3012 4818 3241 4874 credant
3276 4828 3340 4868 ac
3381 4809 3685 4865 conﬁtean-

2109 4933 2218 4979 tur.
2246 4923 2407 4978 Fides
2430 4933 2668 4988 namque
2698 4930 2827 4970 vera
2863 4911 3108 4983 cognitio
3141 4915 3247 4973 est,
3279 4905 3688 4960 indemonstra-

2105 5017 2236 5071 bilia
2283 5015 2496 5069 habens
2538 5009 2834 5083 principia,
2868 5015 2932 5062 ut
2961 5019 3083 5074 quae
3118 5014 3310 5058 earum
3347 5011 3529 5052 rerum
3561 4993 3692 5049 sub-

2105 5108 2304 5165 stantia
2335 5107 2581 5169 exsistat,
2604 5117 2726 5172 quae
2751 5101 2862 5154 vim
2893 5111 3114 5154 omnem
3141 5091 3342 5148 mentis
3375 5104 3438 5144 ac
3461 5085 3694 5142 rationis

2107 5198 2405 5255 excedunt.

2180 5287 2268 5342 10.
2309 5285 2476 5352 Deus,
2518 5295 2704 5337 rerum
2746 5287 2803 5334 et
2856 5275 3190 5348 principium
3220 5283 3307 5330 est
3349 5281 3404 5329 et
3452 5268 3693 5327 medium

2111 5485 2420 5542 extrinsece
2450 5469 2742 5536 :eternitati
2776 5490 2900 5530 cum
2956 5470 3180 5527 virtuali
3215 5467 3563 5542 successione
3605 5478 3695 5518 re-

2113 5536 2399 5626 spondeat,
2419 5568 2529 5626 non
2561 5549 2718 5626 facile
2749 5545 2924 5626 evinci
2956 5550 3140 5624 potest
3175 5556 3282 5626 non
3311 5536 3556 5626 potuisse
3580 5547 3694 5626 1:21“

2114 5603 2352 5694 aiiquam
2386 5603 2480 5676 ’ve—l
2505 5618 2771 5674 mundum
2807 5603 2990 5694 ipsum
3017 5613 3118 5694 _sic
3161 5611 3230 5664 ab
3270 5603 3478 5688 celem?
3511 5619 3542 5658 a
3582 5603 3696 5694 Deo

2116 5676 2312 5755 éi'e‘aﬁ,
2341 5693 2412 5746 ita
2440 5701 2501 5745 ut
2529 5705 2745 5758 semper
2769 5676 3224 5758 ei'coexsisteret,
3257 5677 3336 5758 uti
3365 5684 3417 5730 et
3449 5676 3505 5729 in
3532 5680 3693 5728 aeter-

2116 5747 2247 5820 num
2278 5747 2373 5818 Dei
2403 5777 2631 5815 munere
2647 5747 2737 5812 illi
2771 5756 3096 5817 coexsistet,
3131 5751 3248 5819 ipso
3279 5747 3334 5820 in
3365 5754 3694 5815 perpetuum

2116 5819 2495 5899 eonscrvante,
2521 5830 2622 5891 etsi
2657 5829 2832 5885 libero
2864 5826 3084 5881 decreto
3119 5836 3182 5877 ac
3209 5819 3512 5876 voluntate.
