4076 6428
458 399 596 466 1087

1621 404 1684 463 S.
1726 402 2013 464 MAXIMI
2051 400 2560 465 CONFESSORIS

3581 409 3711 478 1088

451 524 510 571 et
552 513 709 580 linis;
746 521 805 569 ut
848 528 1016 585 agens
1055 512 1289 578 scilicet,
1317 510 1455 581 fnon
1487 519 1548 567 ut
1586 512 1861 583 patiatur;
1894 511 2037 566 sicut

2162 532 2167 558 ι
2202 511 2355 574 Θεὸς,
2399 514 2475 575 ὡς
2506 513 2770 585 ἐνεργῶν,
2801 515 2917 569 ἀλλ’
2949 517 3011 572 οὐ
3043 519 3286 589 πάσχων·
3318 518 3504 589 ὥσπερ
3531 524 3621 575 καὶ
3648 523 3713 579 τὰ

449 606 620 661 etiam
670 605 932 675 quaslibet
968 606 1097 671 alia,
1141 604 1345 675 quibus
1385 620 1417 659 a
1451 604 1614 659 nobis
1648 604 1875 659 nomina
1915 619 2038 657 niu-

452 704 661 754 tuatur.
695 697 791 751 Est
821 698 969 752 enim
1000 696 1333 767 principium
1365 711 1429 750 ea
1481 695 1691 750 ratione
1720 710 1827 764 qua
1853 709 2040 749 rerum

452 788 712 845 conditor
743 798 860 855 est;
894 789 1163 852 medium,
1195 804 1302 858 qua
1336 803 1423 842 res
1448 786 1705 842 conditas
1733 785 2039 840 Providen-

454 882 529 936 tia
571 880 746 951 regit;
797 881 922 936 linis
965 872 1226 951 denique,
1278 895 1386 950 qua
1432 878 1878 949 circumscriptio
1934 886 2040 934 est.

452 971 538 1027 Ea:
570 974 683 1043 ipso
708 972 880 1037 enim,
912 972 1113 1042 inquit,
1142 980 1191 1026 et
1218 988 1312 1043 per
1344 973 1539 1043 ipsum,
1590 979 1640 1026 et
1670 971 1729 1025 in
1775 972 1891 1041 ipso
1922 978 2047 1025 sunt

453 1065 637 1118 omnia
656 1066 698 1119 ί.

527 1155 616 1210 Η.
653 1155 975 1210 Animarum
1021 1153 1298 1210 utentium
1342 1153 1583 1220 ratione,
1632 1152 1784 1208 nulla
1819 1151 1928 1207 alia
1953 1167 2045 1208 se-

456 1245 698 1300 cundum
732 1245 1028 1301 essentiam
1068 1244 1264 1299 animze
1310 1243 1517 1298 utentis
1556 1243 1770 1298 ratione
1806 1242 2049 1297 nobilior

455 1347 562 1393 est.
609 1339 757 1394 Deus
792 1339 941 1394 enim
988 1354 1085 1394 sua
1120 1338 1369 1393 bonitate
1399 1352 1595 1392 omnes
1640 1334 1932 1391 condendo
1975 1335 2047 1390 ad

457 1444 612 1484 suam
645 1429 962 1501 imaginem,
1002 1429 1089 1485 sui
1143 1429 1385 1485 arbitras
1409 1436 1596 1483 motus
1644 1428 1701 1482 in
1734 1443 1920 1482 rerum
1950 1443 2050 1482 na-

460 1528 639 1576 turam
686 1522 992 1592 producit:
1037 1521 1300 1592 quaslibet
1350 1531 1536 1577 autem
1583 1520 1886 1574 voluntatis
1918 1534 2049 1589 pro-

458 1610 642 1679 posito
662 1624 725 1664 ac
750 1611 1041 1675 arbitratu,
1070 1611 1155 1666 vel
1181 1611 1447 1665 honorem
1475 1610 1627 1681 legit,
1652 1610 1737 1665 vel
1764 1609 2045 1664 infamiam

461 1706 627 1770 atque
664 1701 907 1756 dedecus
949 1702 1066 1772 ipsa
1116 1717 1147 1756 a
1187 1717 1247 1757 se
1290 1710 1485 1771 sponte
1536 1700 1775 1756 asciscit.

531 1790 618 1845 ιε.
658 1792 828 1857 Deus,
866 1791 946 1847 uti
973 1792 1243 1862 scriptum
1276 1801 1382 1858 est,
1415 1792 1497 1846 sol
1515 1791 1747 1864 iustitiae
1767 1800 1853 1847 est
1878 1791 1922 1857 ',
1950 1790 2046 1862 qui

2142 604 2277 659 ἄλλα
2304 606 2504 671 πάντα,
2539 602 2622 670 οἷς
2662 608 2794 679 παρῗ
2829 611 2993 680 ἡμῶν
3017 612 3361 680 ὀνομάζεται.
3411 614 3578 683 Ἀρχὴ
3611 616 3713 685 γάρ

2144 697 2294 749 ἐστιν
2344 698 2420 762 ὡς
2451 698 2805 770 δημιουργός·
2840 703 2936 756 καὶ
2968 704 3226 773 μεσότης,
3274 705 3348 766 ὡς
3394 710 3710 776 προνοητής-

2147 787 2241 837 καὶ
2290 784 2480 850 τέλος.
2514 788 2593 843 ὡς
2633 792 2975 864 περιγραφή.
3022 793 3116 858 Ἐξ
3157 794 3346 848 αὑτοῦ
3377 796 3482 865 γὰρ
3511 836 3525 858 .
3565 798 3711 865 φησι,

2146 880 2245 933 καὶ
2278 878 2354 932 δι’
2378 879 2589 949 αὐτοῦ,
2618 881 2718 935 καὶ
2745 884 2835 949 εις
2862 885 3052 939 αὐτὸν
3088 887 3161 940 τὰ
3194 885 3415 942 πάντα.

2227 1140 2323 1197 ια’.
2347 1141 2461 1195 Οὐκ
2491 1140 2607 1196 ἔστι
2632 1141 2779 1214 ψυχὴ
2809 1143 3002 1216 λογικὴ
3030 1147 3152 1199 κατ’
3176 1146 3363 1199 οὐσίαν
3379 1146 3558 1217 ψυχῆς
3578 1147 3720 1218 λογιο

2149 1232 2254 1302 κῆς
2287 1232 2360 1301 (b)
2382 1234 2707 1305 τιμιωτέρα.
2753 1236 2943 1289 Πᾶσαν
2988 1235 3098 1307 γὰρ
3146 1237 3328 1309 ψυχὴν
3381 1241 3501 1292 κατ’
3539 1242 3720 1296 εἰκόνα

2150 1324 2346 1379 ἑαυτοῦ
2378 1326 2751 1398 δημιουργῶν,
2779 1327 2856 1391 ὡς
2901 1328 3107 1396 ἀγαθὸς
3133 1332 3162 1382 ὁ
3201 1330 3353 1393 Θεὸς,
3378 1332 3723 1403 αὐτοκίνητον

2150 1418 2231 1478 εἰς
2278 1415 2342 1469 τὸ
2370 1412 2511 1470 εἶναι
2561 1419 2833 1488 παράγει·
2898 1420 3104 1492 ἑκάστη
3156 1421 3212 1475 δὲ
3250 1423 3395 1477 κατὰ
3450 1425 3720 1495 πρόθεσιν,

2148 1507 2183 1579 ἢ
2216 1506 2316 1579 τὴν
2350 1508 2517 1579 τιμὴν
2554 1509 2869 1579 ὲπιλέγεται
2890 1553 2905 1578 ,
2938 1510 2972 1583 ἢ
3020 1511 3120 1583 τὴν
3158 1512 3382 1584 ἀτιμίαν
3414 1513 3613 1569 ἑκοῦσα
3642 1516 3726 1573 διὰ

2150 1597 2258 1651 τῶν
2286 1597 2463 1668 ἔργων
2489 1601 2797 1670 προσίεται.

2178 1750 2181 1755 ⁴
2230 1774 2319 1846 ιβ’.
2359 1775 2417 1829 '0
2444 1775 2597 1841 Θεὸς,
2616 1776 2769 1847 ἥλιός
2785 1776 3285 1848 ἐστιδικαιοσύνης,
3308 1778 3384 1842 ὡς
3401 1778 3726 1851 γέγραπται*

461 1882 678 1937 cunctis
703 1854 1028 1953 simpliciter
1065 1854 1331 1938 bonitatis
1350 1854 1537 1939 radios
1560 1883 1819 1953 explicet.
1850 1854 2047 1939 Anima

2162 1868 2325 1921 πᾶσιν
2358 1866 2551 1931 ἁπλῶς
2578 1868 2679 1932 τὰς
2715 1869 2941 1932 ἀκτῖνας
2974 1869 3306 1941 ἑπιλὰμπων
3332 1870 3433 1941 τῆς
3464 1869 3728 1942 ὰγαθότη-

460 1982 669 2037 autem,
712 1974 798 2029 vel
844 1989 993 2040 cera,
1032 1982 1095 2028 ut
1137 1973 1235 2028 Dei
1288 1989 1481 2029 amans
1522 1989 1588 2029 ac
1632 1972 1920 2045 religiosa;
1960 1973 2050 2028 vel

458 2060 660 2129 lutum,
701 2071 763 2118 ut
806 2063 1045 2119 terrenis
1075 2063 1244 2129 rebus
1276 2064 1572 2131 addictior,
1616 2065 1789 2120 animi
1830 2071 2055 2119 sentcn-

461 2154 537 2210 tia
566 2169 631 2210 ac
670 2156 956 2212 voluntate
991 2164 1052 2210 ιιι.
1073 2155 1294 2219 evadat,
1335 2156 1580 2225 proclive
1609 2155 1798 2211 habet.
1840 2154 2039 2221 Quem-

459 2246 763 2302 admodum
797 2247 967 2319 igitur
1030 2248 1210 2303 lututn
1261 2264 1360 2319 per
1394 2256 1672 2313 naturam,
1711 2248 1846 2303 solis
1871 2248 2055 2302 calore

458 2337 804 2411 exsiccatur;
832 2336 999 2410 464
1032 2352 1162 2393 cera
1214 2354 1348 2393 vero
1378 2338 1707 2393 naturaliter
1740 2338 2051 2393 emollitur:

463 2426 547 2482 sic
589 2435 648 2482 et
682 2428 866 2482 omnis
895 2428 1081 2483 anima
1115 2427 1353 2482 terrenis
1394 2426 1712 2498 mundoque
1750 2444 1939 2483 amore
1971 2427 2050 2482 af-

459 2517 682 2582 fectior,
709 2517 1041 2574 admonente
1066 2519 1182 2573 Deo
1207 2532 1271 2573 ac
1306 2517 1651 2588 increpante,
1692 2518 1750 2572 in
1795 2518 1896 2573 luti
1939 2533 2059 2573 mo-

461 2610 595 2666 dum
628 2611 911 2666 voluntate
976 2610 1230 2666 renitens
1277 2610 1606 2676 obduratur,
1645 2626 1710 2666 ac
1754 2610 2058 2666 Pharaonis

461 2722 615 2761 more
651 2719 711 2760 se
750 2704 807 2759 in
853 2703 1142 2761 interitum
1186 2702 1518 2773 ruinamque
1550 2703 1787 2773 impellit
1833 2702 1875 2756 ⁸.
1926 2701 2060 2767 Quae

461 2812 596 2854 vero
642 2796 740 2852 Dei
785 2811 979 2852 amans
1027 2811 1093 2852 ac
1129 2796 1388 2868 religiosa
1430 2794 1669 2855 exsistit,
1714 2810 1857 2849 certe
1885 2794 2060 2849 instar

461 2886 765 2950 emollitur,
820 2885 1249 2956 divinorumque
1296 2885 1503 2940 formas
1555 2894 1721 2955 atque
1760 2886 1962 2955 ﬁguras
2004 2885 2061 2940 in

464 2992 525 3033 se
574 2977 869 3047 recipiens,
908 2976 1008 3031 Dei
1042 2976 1417 3031 habitaculum
1449 2975 1507 3030 in
1531 2976 1730 3046 spiritu
1752 2974 1989 3029 efﬁcitur
2016 2976 2058 3031 ⁸⁵.

540 3070 629 3125 l3.
669 3069 796 3136 Qui,
835 3070 990 3125 velut
1025 3068 1283 3140 fulgetra,
1313 3068 1521 3125 divinis
1552 3078 1935 3123 coruscantem
1960 3084 2061 3123 no-

2149 1974 2261 2021 τοςο
2287 1958 2320 2026 ἠ
2340 1956 2395 2009 δὲ
2415 1956 2586 2028 ψυχὴ.
2605 1956 2636 2027 ἢ
2654 1957 2822 2027 κηρὸς
2835 1957 2912 2022 ὡς
2932 1957 3200 2027 φιλόθεος,
3238 1958 3272 2030 ἢ
3308 1957 3481 2030 πηλὸς
3495 1958 3571 2022 ὡς
3587 1957 3731 2028 φιλό-

2153 2049 2278 2113 ῦ).ος
2298 2048 2442 2102 κατὰ
2464 2048 2564 2119 τὴν
2586 2048 2813 2121 γνώμην
2840 2048 3088 2118 γίνεσθαι
3105 2050 3368 2119 πέφυκεν
3391 2049 3581 2119 ὥσπερ
3599 2045 3688 2104 οὖν
3702 2049 3732 2103 6

2154 2141 2321 2212 πηλὸς
2344 2140 2486 2195 κατὰ
2503 2139 2665 2209 φύσιν
2686 2141 2819 2211 ἡλίῳ
2836 2141 3172 2213 ξηραίνεταν
3186 2141 3281 2196 ὀδέ
3297 2138 3732 2212 κηρὸς,φυσικῶς

2153 2232 2513 2289 ἁπαλύνεται·
2540 2231 2685 2286 οὕτω
2716 2231 2810 2287 καὶ
2840 2234 2991 2287 πᾶσα
3024 2232 3173 2305 ψυχὴ
3195 2232 3448 2303 φιλόῦλος
3474 2232 3569 2286 καὶ
3588 2231 3729 2301 φιλόέ

2154 2342 2362 2396 κοσμος
2409 2322 2517 2377 ἁιτδ
2544 2322 2681 2377 Θεοῦ
2704 2322 3131 2395 νουθετουμένη,
3168 2324 3263 2377 καὶ
3293 2322 3371 2386 1'0;
3406 2321 3576 2391 πηλὸς
3598 2318 3732 2374 κατὰ

2155 2414 2253 2486 τὴν
2294 2412 2525 2485 γνώμην
2564 2413 2956 2475 ἀπιτυποῦσα,
2992 2412 3378 2483 σκληρύνεται·
3415 2412 3510 2464 καὶ
3542 2409 3731 2482 ἑαυτὴν

2154 2507 2287 2560 ὠθεῖ
2310 2506 2454 2560 κατὰ
2485 2506 2578 2560 τὸν
2618 2505 2821 2577 Φαραὼ
2852 2508 2990 2578 πρὸς
3024 2505 3302 2560 ἀπώλειαν
3324 2523 3338 2535 ’
3376 2506 3529 2557 πᾶσα
3558 2503 3615 2557 δὲ
3648 2519 3733 2572 φι-

2155 2596 2359 2659 λόθεος,
2397 2596 2473 2660 ὡς
2506 2595 2675 2667 κηρὸς
2720 2595 3079 2662 ἁπαλύνεται,
3122 2595 3218 2648 καὶ
3266 2595 3398 2656 τοὺς
3447 2594 3554 2646 τῶν
3585 2593 3735 2646 θείων

2156 2685 2363 2749 τύπους
2414 2684 2511 2739 καὶ
2549 2685 2909 2756 χαρακτῆρας
2950 2684 3325 2754 είσδεχομένη,
3362 2683 3579 2753 γίνεται
3605 2680 3733 2736 Θεοῦ

2159 2777 2586 2849 κατοικητήριον
2631 2777 2693 2831 ὲν
2736 2775 3034 2847 πνεύματι.

2236 3066 2325 3129 ιγ’.
2372 3061 2434 3114 Ὃ
2470 3060 2565 3116 τὸν
2606 3059 2735 3116 νοῦν
2776 3064 2901 3127 ταῖς
2936 3061 3112 3129 θείαις
3140 3064 3538 3137 καταστράψας
3555 3066 3736 3137 νοήσε-

469 3160 718 3217 tionibus
763 3175 828 3215 ac
864 3158 1042 3215 sensis
1075 3159 1321 3215 animum
1359 3157 1625 3222 reddidit,
1673 3157 2055 3227 rationemque

2163 3170 2269 3219 σιν,
2306 3152 2522 3208 καὶτὸν
2553 3154 2713 3223 λόγον
2756 3156 2949 3220 ἐθίσας
2998 3156 3166 3222 θείοις
3217 3158 3413 3229 ὕμνοις
3454 3159 3737 3223 ἀπαύστως

469 3266 536 3308 ac
581 3266 891 3306 sermonem
937 3251 1144 3308 divinis
1175 3252 1518 3306 incessanter
1562 3249 1793 3305 canticis
1829 3248 2057 3304 Creato-

470 3360 589 3400 rem
628 3345 903 3399 honorare
949 3344 1282 3409 assuefecit,
1330 3357 1548 3399 necnon
1610 3342 1767 3413 puris
1808 3356 1875 3396 ac
1913 3341 2059 3396 inta-

472 3436 694 3492 minatis
718 3438 1050 3508 eogitatibus
1076 3452 1300 3493 sensum
1332 3434 1691 3501 castificavit;
1724 3434 1791 3499 is,
1821 3434 2060 3489 naturali

472 3528 620 3585 bono
649 3529 921 3600 imaginis,
955 3529 1103 3600 quod
1130 3530 1415 3585 voluntate
1441 3527 1755 3598 mentisque
1782 3514 2062 3583 sententia

472 3628 710 3686 constat,
755 3620 1137 3676 similitudinis
1177 3620 1386 3676 bonum
1418 3619 1643 3690 adjecit.

545 3710 635 3765 14.
685 3709 878 3766 Servat
926 3708 1053 3782 quis
1103 3710 1350 3766 animum
1394 3708 1510 3764 Deo
1572 3723 1605 3763 a
1663 3706 1787 3762 labe
1833 3718 2060 3777 purum,

472 3801 607 3858 dum
654 3811 897 3858 mentem
937 3802 1008 3859 de
1045 3803 1160 3858 Deo
1194 3801 1314 3857 solo
1359 3801 1591 3873 ejusque
1624 3799 1928 3855 virtutibus
1966 3815 2063 3855 eo-

472 3896 651 3968 gitare
701 3894 1426 3966 compulerit;sermonem
1473 3908 1606 3949 vero
1646 3906 1713 3947 ac
1768 3891 2063 3955 rationem,

474 3994 689 4042 rectum
714 3985 1071 4058 interpretem
1102 3996 1267 4058 atque
1296 3987 1580 4043 doctorem
1613 3986 1932 4042 earumdem
1954 3985 2067 4041 vir-

474 4085 657 4135 tutum
682 4078 1016 4145 reddiderit;
1050 4094 1115 4135 ac
1130 4078 1354 4135 demum
1376 4078 1896 4143 sensum,mundum
1919 4077 2068 4134 hunc

471 4170 653 4226 oculis
691 4172 1002 4243 subjectum
1039 4178 1095 4225 et
1150 4186 1277 4241 quae
1315 4170 1372 4225 in
1413 4185 1483 4226 eo
1519 4178 1650 4224 sunt
1713 4169 1921 4231 omnia.
1975 4169 2068 4239 pie

477 4261 813 4333 imaginibus
850 4261 1152 4316 informare
1178 4260 1461 4325 docuerit;
1486 4260 1582 4330 qni
1608 4276 1806 4330 nempe
1838 4260 2065 4315 elucen-

478 4352 618 4405 tium
683 4351 739 4406 in
789 4351 873 4407 eis
923 4352 1200 4407 rationum
1234 4349 1658 4421 magniﬁcentiae
1705 4349 1850 4406 fidus
1881 4350 2067 4405 animo

480 4443 804 4515 probusque
849 4444 1083 4499 nuntius
1123 4444 1217 4499 sit.

558 4552 646 4608 l5.
675 4552 779 4620 Qui
804 4567 907 4608 nos
931 4568 960 4607 a
984 4552 1123 4608 dura
1150 4552 1585 4624 opprimentium
1615 4549 1927 4605 dzcmonum
1954 4564 2069 4605 ser-
2098 4548 2146 4607 D
2246 4550 2327 4604 ιε’.

484 4644 661 4699 vitute
701 4644 846 4700 Deus
897 4644 1170 4706 liberavit,
1213 4644 1567 4700 mitissimum
1619 4641 1890 4713 religiosae
1948 4641 2067 4711 pie-

487 4735 615 4791 tatis
632 4736 825 4807 jugum
866 4734 1125 4806 (mmicsti
1154 4736 1368 4791 scilicet
1404 4735 1573 4789 animi
1593 4748 1840 4797 sensum,
1872 4732 1929 4788 id
1960 4741 2067 4798 est,

486 4827 878 4899 humilitatem)
921 4830 1083 4886 nobis
1125 4829 1381 4896 donavit;
1420 4828 1573 4900 quia,
1616 4836 1733 4883 tum
1771 4830 1855 4881 vis
1887 4826 2071 4880 omnis

2160 3246 2440 3318 γεραίρειν
2466 3246 2559 3300 τὸν
2588 3247 2887 3315 κτίσαντα,
2918 3248 3013 3302 καὶ
3043 3252 3165 3314 ταῖς
3204 3251 3513 3324 ἀκηράτοις
3543 3269 3738 3323 φαντα-

2162 3336 2309 3401 σίαις
2364 3336 2710 3414 καθαγιάσας
2762 3339 2864 3411 τὴν
2904 3341 3182 3413 αἴσθησιν
3234 3338 3392 3409 οὗτος
3425 3345 3506 3416 τῷ
3534 3344 3740 3415 φυσικῷ

2162 3429 2283 3481 κατ’
2314 3428 2499 3481 εἰκόνα
2530 3427 2703 3499 καλῷ,
2739 3431 3140 3502 προσέθηκε-τὸ
3169 3432 3294 3487 καθ’
3322 3435 3584 3505 ὁμοίωσιν
3603 3451 3739 3505 γνω-

2166 3520 2323 3593 μικὸν
2348 3519 2571 3591 ἀγαθόν.

2239 3712 2322 3769 ιδ’.
2356 3714 2623 3769 Ψυλάττει
2662 3733 2748 3780 τις
2775 3716 2854 3787 τῷ
2883 3715 3005 3788 Θεῷ
3036 3716 3138 3788 τὴν
3180 3717 3364 3790 ψυχὴν
3395 3718 3740 3791 ἄκηλίδιιηον,

2164 3806 2214 3860 εἰ
2245 3805 2345 3878 τὴν
2378 3806 2476 3878 μὲν
2520 3806 2763 3862 διάνοιαν
2814 3809 2947 3879 περὶ
2991 3812 3155 3880 μόνου
3189 3811 3348 3877 Θεοῦ,
3379 3813 3482 3866 καὶ
3510 3810 3619 3866 τῶν
3651 3809 3742 3864 αὑ-

2164 3896 2260 3952 τοῦ
2292 3896 2505 3967 ἀρετῶν
2548 3898 2883 3953 διανοεῖσθαι
2909 3899 3179 3970 βιάσαιτω
3208 3902 3301 3956 τὸν
3338 3902 3400 3956 δὲ
3432 3902 3613 3971 λόγον,
3651 3901 3742 3971 ὀρ-

2166 3987 2258 4041 θὸν
2290 3987 2538 4059 ἑρμηνέα
2568 3989 2662 4042 καὶ
2687 3988 2963 4059 ἐξηγητὴν
2984 3990 3094 4044 τῶν
3122 3991 3311 4045 αὐτῶν
3334 3992 3556 4064 ἀρετῶν
3579 4009 3742 4046 καταο

2168 4081 2403 4150 στήσειε·
2436 4078 2532 4133 καὶ
2564 4080 2664 4151 τὴν
2709 4080 2967 4153 αἴσθησιν
3009 4083 3255 4148 εὐσεϐῶς
3301 4085 3393 4138 τὸν
3422 4085 3621 4157 ὁρατὸν
3654 4084 3742 4138 κό-

2168 4186 2306 4242 σμον
2338 4170 2433 4223 καὶ
2475 4170 2547 4223 τὰ
2598 4172 2656 4223 ἐν
2693 4172 2841 4242 αὐτῷ
2879 4174 3057 4228 πάντα
3099 4177 3468 4245 φαντάζεσθαι
3500 4177 3741 4242 διδάξειε.

2166 4262 2392 4332 τὴντῶν
2412 4264 2470 4315 ὲν
2495 4263 2676 4328 αὐτοῖς
2702 4263 2879 4333 λόγων
2903 4266 3299 4340 μεγαλειότητα
3331 4271 3399 4341 τῇ
3427 4267 3576 4341 ψυχῇ
3605 4268 3746 4338 διαγ-

2166 4355 2483 4425 γέλλουσαν.

2393 4549 2450 4605 Ὀ
2489 4550 2587 4620 τῆς
2647 4553 2854 4623 πικρᾶς
2900 4551 3145 4618 δουλείας
3187 4555 3299 4608 τῶν
3346 4554 3747 4626 τυραννούντων

2173 4642 2445 4712 δαιμόνων
2473 4641 2849 4713 ἐλευθερώσας
2873 4645 3025 4716 ’ἡμᾶς
3047 4645 3202 4709 Θεὸς,
3235 4647 3617 4718 φιλάνθρωπον
3639 4645 3748 4699 θεο-

2179 4724 2401 4796 σεϐείας
2446 4733 2579 4803 ἡμῖν
2613 4733 2778 4800 ζυγὸν
2821 4735 3156 4808 ἐδωρήσατο,
3189 4737 3289 4809 τὴν
3327 4734 3751 4810 ταπεινοφροσύ-

2177 4840 2298 4895 νην’
2330 4823 2399 4876 δι’
2438 4820 2506 4897 ἧς
2552 4827 2702 4880 πᾶσα
2733 4825 2834 4897 μὲν
2863 4828 3147 4898 διαϐολικὴ
3179 4828 3483 4901 δαμάζεται
3507 4828 3747 4901 δύναμις⁶

558 5007 576 5041 ⁸
598 5005 761 5063 Rom.
785 5020 861 5073 Si,
892 5006 974 5062 l5.
1051 5009 1071 5039 ¹
1094 5006 1325 5062 Malaeb.
1349 5022 1423 5071 tv,
1444 5004 1498 5061 2.
1576 5006 1597 5038 ⁸
1617 5005 1789 5061 Exod.
1812 5020 1907 5071 vn,
1936 5004 2022 5061 l5.
2098 5003 2119 5036 ⁸
2140 5003 2345 5075 prcs.
2367 5020 2428 5071 ιι,
2446 5006 2535 5061 22.

556 5186 630 5264 (ιι)
654 5189 793 5264 Οὐκ.
815 5190 948 5264 ἐσέτι
973 5187 1155 5264 ψυχὴ
1175 5191 1414 5264 gotum.
1442 5191 1605 5264 Greg.
1655 5194 1872 5261 TheoL,
1913 5193 2064 5250 Orat.

488 5257 549 5334 in
568 5256 723 5334 diem
746 5256 1015 5334 Natalem,
1043 5256 1102 5334 et
1124 5260 1167 5334 _2
1186 5259 1241 5315 in
1260 5256 1493 5328 Pascha,
1519 5256 1589 5334 de
1625 5264 1822 5320 animis
1847 5256 2069 5334 separa-

486 5330 561 5409 t_is
589 5327 668 5399 (id
690 5328 893 5409 estnde
915 5328 1165 5409 angelis),
1191 5347 1391 5402 anceps
1413 5327 1518 5398 est,
1550 5333 1693 5409 sitne
1724 5336 1786 5409 in
1811 5327 1925 5389 illis'
1939 5350 2067 5405 gra-

487 5396 657 5479 duum
688 5396 971 5479 distinctio
991 5396 1067 5479 es.
1085 5396 1301 5479 natura,
1326 5396 1395 5457 an
1424 5396 1821 5479 ex'yoluntatis
1842 5396 2064 5479 conatu,

486 5467 784 5550 accedente
922 5467 1127 5549 gratia,
1152 5472 1229 5524 uti
1254 5487 1346 5550 res
1364 5471 1501 5550 sein
1520 5473 1840 5550 hominibus
1861 5467 2066 5550 habeth

489 5539 549 5595 in
589 5538 1003 5619 quibusipsis,
1035 5552 1179 5619 curn
1205 5542 1326 5611 pari
1377 5542 1471 5597 illa
1513 5543 1803 5619 nobilitate
1843 5545 2074 5619 rationis

489 5607 654 5684 quam
688 5607 957 5684 aluimus
985 5607 1222 5675 asserit,
1243 5627 1345 5684 nec
1384 5622 1590 5684 negant
1630 5614 1968 5684 philosophi,
1993 5616 2075 5672 sie

491 5676 657 5764 stest
678 5676 996 5764 £95199"?!
1021 5685 1079 5764 ει
1100 5680 1387 5764 eseam:
1416 5676 1611 5764 ίιῖιειιε
1631 5676 2072 5764 meamme-

495 5753 588 5826 tur
632 5747 984 5826 perfectionis
1030 5748 1257 5826 majoris
1306 5747 1967 5826 minorismte'distantia,
2013 5765 2074 5813 ut

494 5815 615 5870 alite
640 5815 840 5873 animae
860 5824 1081 5874 utentes
1108 5815 1317 5877 ratione
1349 5837 1542 5891 parum
1562 5815 1603 5876 'a
1639 5824 1817 5879 brutis
1842 5815 2072 5883 vidcan-

2175 5203 2267 5269 tur
2293 5195 2539 5269 differre,
2581 5209 2695 5269 prae
2731 5208 2994 5250 sensuum
3028 5202 3341 5269 mentisque
3363 5184 3750 5269 stuporexalia:

2173 5267 2243 5322 ad
2267 5258 2609 5323 substantias
2634 5264 2780 5335 ipsas
2805 5273 3083 5335 separatas
3107 5258 3430 5335 eorumdem
3458 5258 3748 5335 subtilitate

2171 5352 2346 5416 prope
2388 5328 2696 5392 accedere':
2724 5328 2885 5416 quod:
2908 5344 3095 5416 totum
3136 5331 3386 5416 corporis
3401 5328 3748 5416 iorganisqge

2172 5400 2470 5470 ascribere,
2506 5421 2617 5459 non
2660 5400 2793 5460 satis
2834 5404 3055 5460 videtur
3077 5419 3109 5459 e
3142 5400 3751 5474 philosophiaa‘rationi-

2172 5478 2299 5542 bus,
2326 5492 2452 5532 cum
2477 5475 2707 5545 spiritus
2729 5476 2932 5530 formet
2960 5470 3179 5545 corpus,
3206 5488 3314 5545 nee
3336 5481 3447 5545 tam
3469 5470 3590 5541 ejus
3610 5470 3750 5545 eom—

2171 5537 2381 5603 mer'cio
2405 5537 2702 5612 inliciatur,
2728 5560 2895 5616 quam
2924 5545 2993 5601 ad
3028 5537 3319 5616 suasillud
3353 5537 3514 5616 dotes
3543 5537 3746 5598 trahat;

2170 5626 2439 5688 quantum
2485 5611 2832 5690 saltemqper
2880 5615 3136 5671 infectam
3187 5614 3317 5668 licet
3356 5611 3748 5690 origi_nc_m_,rg§

2213 5703 2279 5741 ua
2302 5694 2388 5742 cst
2412 5695 2479 5740 ut
2505 5678 2865 5758 mortali'jam
2908 5700 3141 5758 corpore
3173 5692 3392 5739 terrena
3434 5678 3748 5736 inhabitatio

2213 5704 2279 5741 ua
2302 5704 2388 5742 εει
2412 5704 2479 5740 ill
2505 5704 2723 5741 mortali
2755 5704 2865 5758 jam
2908 5704 3141 5756 corpore
3173 5704 3295 5739 tem

2171 5704 2447 5829 ﬂeprimat
2479 5771 2700 5813 sensum
2738 5756 2909 5812 multa
2944 5755 3295 5827 cogitantem.
