4076 6458
432 327 565 394 1039

1279 325 1617 385 CAPITUM
1654 324 1928 384 THEOL.
1971 323 2066 383 ΕΤ
2106 323 2344 385 (ΕΕΟΝ.
2389 325 2779 388 CENTURIA
2820 323 2873 388 Ῐ,

3562 321 3701 388 1090

425 443 534 493 πᾶν
574 438 630 490 δὲ
676 438 788 499 τοῖς
815 435 1093 506 ἑλομένοις
1128 435 1298 504 αὐτὴν
1334 433 1536 502 ἀγαθὸν
1560 433 2008 503 δημιουργεῖται,

2117 433 2388 489 diabolica
2444 436 2726 502 domatur,
2770 446 2885 492 tum
2939 429 3146 492 bonum
3201 446 3387 498 omne.
3438 432 3548 498 his,
3605 435 3703 503 qui

421 528 520 582 καὶ
550 525 994 599 ἀραδιούργητον,
1016 525 1460 593 διαφυλάττεται.

495 717 592 775 ις’.
622 709 680 764 Ὀ
703 711 994 774 πιστεύων,
1025 709 1290 778 φοϐεῖταιο
1327 710 1353 759 6
1373 707 1427 760 δὲ
1451 705 1784 776 φοϐούμενος
1815 723 2012 758 ταπει-

442 799 650 854 νοῦται·
671 803 697 853 6
714 801 769 852 δὲ
790 801 1230 869 ταπεινούμενος,
1256 798 1582 867 πραΰνεται,
1611 797 1707 868 τὴν
1732 797 1838 849 τῶν
1859 797 2011 868 παρὰ

431 891 592 960 φύσιν
618 891 711 943 τοῦ
739 891 912 960 θυμοῦ
950 891 1046 943 καὶ
1089 890 1187 958 τῆς
1225 889 1522 959 ἐπιθυμίας
1558 891 1876 959 κινημάτων
1913 891 2006 942 άν-

427 984 724 1054 ενέργητον
747 983 860 1048 ἕξιν
880 981 1080 1034 λαθών·
1106 985 1132 1034 ὁ
1155 982 1209 1034 δὲ
1248 981 1448 1050 πραῢς,
1474 984 1631 1052 τηρεῖ
1647 981 1743 1042 τὰς
1771 981 2007 1044 Ξντολάς·

417 1076 515 1130 ὁδὲ
539 1075 724 1146 τηρῶν
757 1074 853 1137 τὰς
883 1073 1122 1136 ἐντολὰς,
1157 1073 1504 1143 καθαίρεται·
1536 1077 1564 1126 ὁ
1593 1073 1651 1125 δὲ
1686 1071 2006 1142 καθαρθεὶς,

418 1168 778 1236 ὲλλάμπεται·
805 1169 833 1220 6
851 1166 907 1219 δὲ
929 1165 1277 1236 ὲλλαμφθεὶς,
1311 1167 1368 1218 ὲν
1401 1163 1478 1235 τῷ
1509 1165 1744 1234 ταμιείῳ
1773 1164 1878 1215 τῶν
1919 1181 2010 1234 μυο

421 1259 661 1330 στηρίων
690 1257 938 1324 ἀξιοῦται
969 1257 1047 1330 τῷ
1078 1257 1299 1329 νυμφίῳ
1336 1258 1494 1327 Λόγῳ
1526 1256 2006 1325 συγκοιτασθῆναι.

500 1514 585 1580 ιζ’.
618 1515 829 1585 Ὥσπερ
853 1513 1121 1585 γεωργὸς,
1154 1513 1297 1584 ὑπὲρ
1324 1513 1420 1566 τοῦ
1458 1530 1512 1565 τι
1541 1512 1649 1566 τῶν
1677 1514 1886 1587 ἀγρίων
1913 1532 2009 1585 με-

419 1607 759 1678 ταφυτεῦσαι
783 1607 1016 1678 δένδρων
1040 1607 1347 1676 ἐπιτήδειον
1375 1607 1594 1661 σκοπῶν
1617 1607 1839 1679 χωρίον,
1861 1608 2010 1661 ἀνελ-

424 1701 603 1770 πίστῳ
647 1699 910 1771 θησαυρῷ
940 1698 1288 1769 περιπίπτει·
1325 1697 1470 1751 οὕτω
1499 1699 1595 1750 καὶ
1627 1701 1732 1762 πᾶς
1758 1699 2007 1770 ἀσκητὴς

2118 523 2292 591 ipsam
2341 524 2630 595 elegerint,
2673 534 2984 594 praestatur,
3033 519 3379 592 iiimsumque
3432 537 3498 576 ac
3531 522 3705 576 invio-

2114 615 2285 669 latum
2324 627 2596 671 servatur.

2189 707 2274 761 l6.
2316 707 2418 774 Qui
2481 709 2677 774 credit,
2728 711 2928 766 timore
2981 711 3331 772 concutitur;
3378 706 3472 776 qui
3517 715 3704 761 autem

2117 797 2314 852 timore
2372 801 2713 865 concutitur,
2769 801 2984 854 animos
3021 802 3179 871 ponit
3233 817 3300 858 ac
3355 799 3699 854 liumiliatur.

2115 888 2266 942 mitis
2311 888 2370 941 fit
2403 897 2458 942 et
2500 900 2844 953 mansuetus,
2894 889 3131 944 inertem
3192 906 3257 945 ac
3298 899 3561 947 ouantem
3619 893 3703 948 in-

2115 977 2448 1030 naturalium
2487 978 2581 1032 ira‘
2631 986 2687 1032 et
2720 979 3042 1049 cupiditatis
3088 987 3338 1034 motuum
3379 990 3574 1037 nactus
3601 984 3703 1038 ha-

2114 1066 2291 1121 bitum
2321 1085 2334 1121 :
2366 1069 2516 1124 mitis
2541 1085 2708 1140 porro
2735 1080 2790 1126 et
2823 1080 3164 1137 mansuetus,
3199 1072 3455 1128 mandata
3483 1085 3700 1131 servat:

2112 1162 2206 1230 qui
2237 1172 2418 1216 autem
2437 1173 2619 1218 servat
2639 1165 2915 1230 mamlata,
2945 1174 3238 1235 purgatur;
3266 1175 3531 1237 purgatus
3548 1183 3704 1233 vero,

2113 1252 2422 1306 illustratur
2457 1273 2469 1306 :
2508 1254 2814 1310 illustratus
2839 1256 3101 1325 denique,
3132 1257 3186 1310 in
3209 1257 3468 1326 penitiori
3504 1267 3707 1329 myste-

2114 1345 2326 1398 riorum
2365 1348 2635 1408 conclavi,
2679 1363 2806 1402 cum
2840 1349 3024 1403 Verbo
3062 1365 3266 1419 sponso
3306 1350 3450 1405 thori
3492 1360 3704 1408 secreta

2115 1444 2300 1490 tenere
2346 1449 2608 1492 meretur.

2185 1527 2269 1580 l7.
2334 1528 2810 1594 Quemadmodum
2859 1531 2946 1585 vir
3006 1532 3268 1603 agricola,
3331 1533 3462 1589 dum
3510 1548 3706 1605 agrum

2111 1620 2500 1683 commodum,
2565 1621 2620 1673 in
2687 1637 2797 1691 quo
2863 1623 3145 1678 silvestres
3205 1625 3422 1694 aliquas
3479 1625 3709 1680 arbores

2115 1710 2498 1777 transplantet,
2554 1712 2797 1780 dispicit,
2851 1713 3133 1782 insperato
3167 1713 3222 1766 in
3263 1715 3586 1770 thesaurum
3618 1715 3708 1768 in-

424 1791 806 1861 ταπεινόφρων
853 1790 949 1844 καὶ
982 1791 1281 1856 ἄπλαστος,
1337 1789 1432 1843 καὶ
1479 1789 1623 1852 λεῖος
1664 1790 1805 1843 κατά
1830 1789 2008 1861 ψυχὴν

2117 1797 2246 1850 cidit
2283 1815 2294 1848 :
2326 1799 2403 1850 sic
2445 1815 2664 1867 ηιιοηιιιι
2702 1801 2954 1871 quisquis
2991 1804 3283 1874 religiosus
3316 1805 3516 1869 cultor,
3540 1818 3708 1858 sensu

424 1882 526 1951 τῆς
556 1880 748 1950 ὑλικῆς
775 1879 1097 1951 δασύτητος,
1145 1880 1288 1932 κατὰ
1316 1879 1406 1932 τὸν
1435 1880 1852 1951 μακαριώτατον
1899 1881 2008 1932 ἰα-

425 1972 566 2040 κὼό,
615 1973 720 2026 ὑπὸ
765 1971 858 2025 τοῦ
901 1973 1114 2044 Πατρὺς
1154 1971 1510 2043 ἐρωτώμενος
1560 1973 1660 2042 τῆς
1700 1975 2010 2044 ἐπιστήμης

421 2064 517 2119 τὸν
543 2049 764 2137 τρόπον·
798 2065 858 2118 Τί
903 2063 1080 2118 τοῦτο
1110 2064 1141 2117 ὃ
1187 2065 1337 2131 ταχὺ
1367 2060 1558 2131 εὗρες,
1602 2067 1852 2130 τέκνονς
1878 2067 2012 2117 ἁπο-

420 2153 670 2224 κρίνεται
682 2152 874 2221 λέγων·
888 2155 956 2206 Ὃ
969 2153 1275 2221 παρέδωκε
1292 2154 1507 2220 Κύριος
1524 2157 1556 2208 ὁ
1570 2156 1714 2218 Θεὸς
1730 2155 2013 2207 ἐναντίον

412 2265 560 2316 μου.
602 2247 771 2299 Ὅταν
816 2246 925 2318 γὰρ
953 2248 1084 2316 ἡμῖν
1120 2246 1147 2299 6
1179 2246 1310 2309 Θεὸς
1342 2246 1568 2317 παραδῴ
1613 2247 1712 2316 τῆς
1751 2247 1886 2309 ἰδίας
1928 2263 2014 2299 σο-

424 2339 556 2410 φίας
585 2338 654 2392 τὰ
685 2339 825 2408 σοφά
867 2338 1206 2410 θεωρήματα
1239 2339 1488 2409 καμάτου
1521 2337 1710 2409 χωρὶς,
1751 2339 1812 2390 οὐ
1846 2355 2014 2409 προσο

421 2434 710 2504 δοκήσασι,
759 2432 1029 2504 θησαυρὸν
1063 2431 1322 2502 ἐξαίφνης
1356 2431 1728 2500 πνευματικὸν
1777 2431 2012 2501 εὕρηκέ-

421 2546 513 2580 ναι
555 2527 890 2597 νομίσωμεν.
925 2525 1175 2595 Γεωργὺς
1208 2525 1318 2596 γὰρ
1367 2523 1734 2594 πνευματικός
1784 2525 1932 2576 ἐστιν
1985 2525 2014 2575 6

421 2619 644 2688 δόκιμος
669 2619 938 2689 ἀσκητὴς,
968 2616 1067 2687 τὴν
1107 2617 1242 2688 πρὸς
1284 2617 1537 2687 αἴσθησιν
1571 2615 1729 2687 [unus
1758 2615 1886 2686 Reg.
1913 2615 2014 2685 τὴν

421 2706 709 2779 αἰσθητὸν]
751 2707 858 2761 τῶν
891 2708 1102 2778 ὁρατῶν
1150 2707 1404 2778 θεωρίαν,
1451 2707 1528 2770 ὡς
1566 2708 1756 2778 ἄγριον
1798 2706 2014 2778 δένδρον

423 2800 562 2872 πρὸς
600 2800 698 2870 τὴν
732 2798 840 2852 τῶν
872 2799 1080 2869 νοητῶν
1123 2798 1308 2870 χώραν
1355 2797 1765 2868 μεταφυτεύων’
1797 2797 1888 2851 καὶ
1917 2797 2013 2868 θη-

424 2893 626 2964 σαυρὸν
670 2891 960 2959 εὑρίσκων,
994 2891 1095 2961 τὴν
1132 2889 1272 2944 κατά
1317 2889 1475 2960 χάριν
1520 2888 1620 2958 τῆς
1671 2888 1728 2941 ὲν
1758 2890 1872 2951 τοῖς
1897 2883 2015 2941 οὖσι

424 2984 618 3051 σοφίας
655 2983 984 3053 φανέρωσιν.

2113 1889 2396 1941 modestus
2451 1907 2514 1943 ac
2570 1890 2797 1959 simplex
2852 1893 3148 1961 animoque
3213 1893 3356 1948 lenis
3395 1910 3425 1948 a
3485 1901 3708 1949 terrena

2113 1977 2348 2030 hirsutie
2383 1994 2447 2033 ac
2497 1978 2788 2046 pilositate,
2848 1981 2996 2034 haud
3045 1998 3206 2036 secus
3254 1999 3316 2037 ac
3349 1983 3708 2038 beatissimus

2111 2068 2301 2131 Jacoh,
2337 2069 2585 2134 exsistit;
2643 2080 3000 2139 percontante
3053 2072 3214 2144 465
3253 2085 3406 2144 patre
3456 2074 3706 2131 scientiae

2115 2159 2336 2212 modum
2378 2177 2389 2210 :
2431 2157 2565 2222 Quid
2622 2161 2714 2212 hoc
2766 2161 2904 2229 quod
2948 2171 3058 2214 tam
3113 2164 3213 2216 cito
3268 2164 3536 2230 invenisti,
3573 2163 3708 2234 ﬁli?

2115 2247 2413 2316 respondet
2462 2246 2688 2301 dicens:
2727 2246 2875 2312 Quod
2912 2250 3132 2303 tradidit
3180 2251 3435 2306 Dominus
3470 2252 3610 2308 Deus
3647 2254 3706 2308 in

2115 2347 2390 2409 conspectu
2444 2356 2556 2391 meo
2589 2340 2629 2393 ⁵.
2667 2341 2804 2393 Cum
2851 2341 2998 2395 enim
3045 2342 3192 2395 Deus
3250 2343 3534 2413 sapientiae
3582 2360 3698 2400 sua:

2116 2430 2524 2500 sapicntissima
2597 2431 2936 2486 theoremata
2995 2432 3424 2504 (solertissimas
3495 2436 3709 2492 scilicet

2117 2523 2360 2578 rationes
2413 2540 2478 2578 ac
2535 2523 3056 2594 contemplationes)
3108 2525 3262 2579 nullo
3320 2525 3511 2582 labore
3567 2526 3706 2581 nihil

2116 2613 2568 2682 exspectantibus

2119 2703 2438 2757 thesaurum
2475 2703 2755 2758 invenisse
2801 2705 3202 2760 existimemus.
3253 2705 3527 2760 Probatus
3555 2703 3705 2760 enim

2117 2793 2484 2860 Exercitator,
2521 2795 2788 2864 spiritalis
2831 2797 3070 2866 agricola
3111 2806 3216 2863 est,
3257 2813 3442 2852 rerum
3491 2797 3709 2855 scilicet

2117 2886 2296 2942 oculis
2339 2889 2716 2958 subjectarum
2762 2905 2872 2958 qua
2916 2905 3079 2944 sensu
3130 2890 3538 2960 percipiuntur,
3575 2904 3706 2959 spe-

2119 2980 2477 3045 culationem,
2513 2980 2659 3034 haud
2689 2996 2852 3035 secus
2877 2995 2940 3035 ac
2987 2981 3294 3036 silvestrem
3342 2980 3620 3046 arborem,
3647 2980 3707 3036 in

2643 2613 2806 2666 nobis
2873 2611 3184 2677 tradiderit,
3239 2613 3546 2682 spiritalem
3603 2629 3708 2669 nos

422 3091 611 3130 rerum
665 3073 1018 3144 spiritalium,
1070 3088 1134 3128 ac
1171 3089 1295 3144 qua:
1342 3079 1528 3126 mente
1592 3069 2002 3141 intelliguntur,
2049 3071 2226 3126 solum
2269 3073 2699 3141 transplantans,
2755 3081 2922 3140 atque
2999 3071 3325 3126 thesaurum
3389 3070 3704 3137 offendens,

422 3186 622 3241 nempe
665 3186 790 3240 qua:
832 3185 933 3240 per
971 3170 1201 3242 gratiam
1244 3174 1347 3232 est,
1375 3165 1663 3236 sapientia:
1693 3164 2008 3221 exsistentis
2047 3167 2103 3220 in
2156 3166 2323 3220 rebus
2375 3165 2898 3219 manifestationem.

498 3287 592 3353 ιη’.
639 3283 831 3350 Ἀφνω
869 3278 1257 3350 προσπεσοῦσα
1298 3278 1500 3347 γνῶσις
1536 3277 1694 3330 θείων
1724 3275 2014 3346 θεωρημά-
2043 3263 2083 3318 C

420 3373 533 3428 τῶν
560 3373 639 3443 τῷ
671 3375 885 3442 ἀσκητῇ
927 3377 1000 3444 μὴ
1038 3372 1478 3442 προσδοκήσαντι
1506 3369 1594 3421 διὰ
1618 3369 1718 3437 τὴν
1744 3367 2012 3420 ταπείνω-
2052 3397 2060 3405 -

421 3480 533 3530 σιν,
566 3463 815 3533 κατακλᾷ
856 3462 948 3514 τὸν
986 3460 1250 3532 λογισμὸν
1278 3459 1372 3512 τοῦ
1405 3457 1542 3528 πρὸς
1575 3453 1841 3522 ἐπίδειξιν
1875 3456 2013 3525 μετὰ

419 3555 675 3626 καμάτου
724 3556 821 3607 καὶ
862 3553 1028 3606 πόνου
1059 3553 1266 3623 ταύτην
1309 3549 1620 3620 ζητοῦντος,
1667 3549 1761 3602 καὶ
1806 3547 1881 3618 μὴ
1919 3547 2010 3601 εὑ·

420 3645 709 3718 ρίσκοντος
742 3661 754 3675 ⁸
799 3644 894 3700 καὶ
942 3645 1107 3715 γεννᾷ
1147 3643 1225 3713 τῷ
1264 3642 1458 3712 ἄφρονι
1499 3639 1692 3708 φθόνον
1722 3639 1844 3707 είκῆ
1878 3638 2013 3709 πρὸς

419 3738 516 3792 τὸν
554 3739 804 3808 ἀδελφὸν,
844 3739 940 3792 καὶ
970 3738 1132 3808 φόνου
1172 3737 1422 3806 μελέτην,
1459 3734 1554 3788 καὶ
1601 3731 1780 3803 ἐαυτῷ
1812 3731 2010 3801 λύπην,

418 3831 517 3885 διὰ
544 3833 606 3888 τὸ
638 3833 715 3904 μὴ
739 3832 883 3904 ἔχειν
913 3831 1013 3904 τὴν
1041 3832 1106 3884 ὲκ
1134 3829 1244 3884 τῶν
1278 3827 1520 3881 ἐπαίνων
1545 3825 1833 3896 φυσίωσιν.

503 4075 591 4132 ιθ’.
643 4076 709 4128 Ol
753 4071 1044 4144 ζητοῦντες
1090 4071 1230 4142 μετὰ
1279 4071 1444 4124 πόνου
1485 4067 1710 4138 γνῶσιν,
1753 4065 1847 4119 καὶ
1882 4065 2016 4118 ἀπο-

422 4165 813 4237 τυγχάνοντες,
848 4165 882 4234 ἢ
917 4165 1006 4218 διὰ
1053 4163 1314 4218 ἀπιστίαν
1349 4158 1813 4230 ἀποτυγχάνουσι,
1856 4157 1889 4227 ἢ
1925 4173 2017 4208 τυ-

425 4258 522 4328 χὸν
543 4257 631 4310 διὰ
661 4256 722 4310 τὸ
749 4256 935 4325 ἀφυῶς
961 4255 1176 4326 μέλλειν
1198 4254 1396 4316 αὐτοὺς
1446 4247 2015 4321 ἀντιφιλονεικοῦντας

425 4348 754 4420 ἐπαίρεσθαι
785 4348 851 4417 (c)
884 4345 1028 4400 κατὰ
1059 4346 1171 4399 τῶν
1213 4344 1613 4412 γινωσκόντων,
1675 4340 1750 4402 ὡς
1802 4341 1831 4392 6
1886 4339 2016 4402 λανς

427 4441 602 4495 πάλαι
633 4440 775 4494 κατὰ
803 4438 1082 4501 Μωῦσέως
1110 4453 1125 4467 ⁶
1170 4435 1311 4508 πρὸς
1344 4433 1435 4497 οὓς
1464 4434 1492 4485 6
1523 4434 1686 4503 νόμος
1721 4432 1836 4502 ἐρεῖ
1880 4431 2018 4482 δείν-

421 4549 560 4596 τως,
579 4534 662 4586 ὅτι
694 4529 1179 4603 παραϐιασάμενοί
1203 4545 1368 4592 τινες,
1393 4525 1668 4594 ἀνέϐησαν
1690 4525 1769 4588 εἰς
1787 4523 1846 4574 τὸ
1869 4521 2014 4594 ὅρος,

2193 3258 2278 3310 l8.
2319 3255 2456 3311 Cum
2505 3264 2756 3324 repente,
2790 3255 2928 3308 nihil
2966 3254 3073 3308 tale
3109 3270 3225 3324 pra:
3258 3253 3576 3311 humilitate
3614 3267 3706 3307 eo-

2115 3349 2311 3419 gitanti
2363 3348 2633 3402 monacho
2688 3348 2990 3418 (exerccnti
3041 3345 3252 3400 scilicet
3297 3345 3366 3400 ad
3419 3346 3706 3418 pietatem)

2115 3443 2431 3496 divinorum
2465 3441 2869 3496 theorematum
2902 3454 3304 3509 scnsorumque
3345 3438 3578 3494 scientia
3615 3439 3707 3494 in-

2115 3533 2334 3596 ciderit,
2353 3535 2474 3604 ejus
2495 3531 2697 3602 frangit
2719 3532 2986 3592 animum,
3012 3531 3106 3599 qui
3131 3529 3519 3586 ostentationis
3539 3545 3708 3586 causa

2116 3639 2242 3679 cum
2281 3623 2470 3677 labore
2514 3630 2570 3677 et
2601 3631 2803 3677 conatu
2839 3621 3146 3691 qua‘sitam,
3192 3621 3422 3676 minime
3458 3635 3579 3675 eam
3618 3620 3708 3676 of-

2114 3715 2327 3781 fendit;
2382 3696 2701 3784 temereque
2743 3714 3027 3784 insipienti
3071 3713 3334 3768 invidiam
3366 3712 3568 3767 eonfiat
3609 3712 3710 3768 ad-

2115 3823 2311 3862 versus
2363 3805 2621 3870 fratrem,
2655 3815 2710 3862 et
2763 3813 2824 3859 ut
2867 3821 3058 3860 necem
3110 3805 3188 3860 illi
3232 3804 3514 3870 moliatur,
3565 3804 3704 3861 sibi-

2115 3916 2222 3969 que
2264 3899 2379 3969 ipse
2427 3899 2597 3953 animi
2647 3898 2891 3954 dolorem
2924 3897 3176 3964 asciscat,
3220 3897 3369 3967 quod
3407 3911 3556 3961 eum,
3608 3896 3707 3968 qui

2114 4001 2181 4040 ex
2233 3986 2489 4040 laudibus
2518 3995 2623 4050 est,
2661 3987 2838 4041 fastus
2877 3986 3119 4050 deficiat,
3163 3995 3358 4042 auctor
3389 3986 3629 4042 exsistit.

2189 4078 2274 4132 l9.
2315 4077 2434 4144 Quit
2488 4077 2681 4132 labore
2746 4086 3120 4148 contentaque
3163 4093 3334 4148 opera
3392 4084 3708 4147 quaerentes

2115 4169 2424 4233 scientiam,
2473 4169 2594 4239 ejus
2647 4168 2872 4222 minime
2922 4178 3210 4238 compotes
3260 4167 3436 4234 fiunt,
3483 4175 3546 4222 ut
3590 4183 3705 4221 non-

2117 4260 2252 4315 fiant
2302 4267 2400 4315 aut
2429 4260 2792 4314 incredulitas
2824 4260 2879 4313 in
2907 4273 3074 4314 causa
3113 4267 3220 4324 est,
3263 4265 3360 4312 aut
3387 4258 3529 4313 forte
3554 4257 3705 4329 quod

2117 4352 2366 4406 futurum
2422 4352 2496 4406 sit
2536 4359 2598 4405 ut
2643 4367 2838 4421 parum
2885 4350 3122 4421 ingenue
3168 4350 3438 4405 adversus
3479 4364 3576 4405 eos
3605 4349 3705 4420 qui

2117 4443 2243 4497 fulti
2296 4443 2527 4498 scientia
2569 4452 2718 4506 sunt,
2770 4442 3179 4498 eontcnsiosius
3208 4441 3288 4497 eis
3319 4440 3701 4512 repugnando,

2118 4530 2317 4584 animis
2370 4531 2698 4595 efferantur,
2749 4529 2897 4583 haud
2944 4545 3104 4584 secus
3156 4545 3220 4584 ac
3275 4529 3410 4583 olim
3456 4527 3702 4599 populus

428 4624 528 4676 καὶ
581 4621 804 4690 ἐξῆλθεν
831 4623 860 4673 ὁ
906 4619 1236 4690 Ἀμορραῖος
1267 4619 1295 4670 ὁ
1317 4615 1480 4670 οἰκῶν
1508 4615 1564 4667 ἐν
1602 4611 1682 4683 τῷ
1721 4612 1838 4684 ὖρει
1869 4610 2012 4664 ὲκεί-

2117 4620 2382 4675 adversus
2430 4621 2688 4691 Moysen;
2735 4621 2788 4675 in
2817 4637 2956 4691 quos
3001 4621 3087 4674 lex
3131 4620 3329 4674 merito
3381 4619 3531 4674 dicat
3589 4619 3702 4674 vim

429 4731 546 4781 νῳ,
604 4713 699 4764 καὶ
755 4711 1088 4781 ἐτίτρωσκεν
1137 4707 1357 4771 αὐτούς.
1433 4705 1674 4774 Ἀνάγκη
1728 4704 1837 4774 γὰρ
1887 4702 2015 4766 τοὺς

428 4804 748 4870 ἐπιδείξεως
780 4805 964 4857 ἕνεκεν
997 4800 1532 4872 ὲπιμορφιζομένους
1559 4798 1658 4868 τὴν
1688 4795 1909 4869 ἀρετὴν,
1940 4794 2014 4867 μὴ

431 4899 597 4968 μόνον
627 4897 960 4969 σφάλλεσθαι
979 4895 1266 4958 δολοῦντας
1295 4893 1393 4965 τὴν
1425 4891 1731 4953 εὐσέϐειαν,
1756 4890 1894 4942 ἀλλὰ
1921 4889 2015 4942 καὶ

423 4993 539 5049 ,ὑπὸ
570 4991 661 5046 τοῦ
687 4993 990 5053 συνειδότος
1022 4985 1442 5059 τιτρώσκεσθαι.

2123 4710 2318 4766 fecisse
2344 4712 2612 4780 quosdam
2645 4722 2705 4765 ut
2731 4711 3096 4766 ascenderent
3129 4710 3184 4763 in
3215 4720 3490 4774 montem;
3517 4723 3708 4780 egres-

2123 4815 2358 4870 sumque
2400 4801 2812 4867 Amorrhznum,
2871 4802 3074 4856 montis
3121 4801 3266 4855 illius
3311 4799 3569 4864 incolam,
3609 4815 3710 4854 eos

2123 4891 2444 4947 cecidisse“.
2473 4892 2708 4948 Necesse
2764 4894 2912 4947 enim
2957 4901 3040 4948 est
3067 4899 3126 4946 ut
3175 4893 3290 4962 qui,
3323 4889 3709 4946 ostentationis

2124 4999 2312 5049 causa,
2362 4985 2584 5039 virtutis
2609 4985 2816 5039 larvam
2864 4996 3171 5048 assumunt,
3222 4984 3424 5038 nedum
3467 4998 3564 5052 spe.
3607 4998 3708 5038 sua

429 5086 790 5154 frustrentur,
821 5085 953 5140 dum
984 5085 1242 5154 pietatem
1269 5081 1607 5144 adulterant,
1631 5093 1820 5132 verum
1849 5077 2042 5142 etiam,
2082 5079 2417 5134 conscientia
2476 5080 2744 5144 caedente,
2769 5081 2997 5134 vulnera
3028 5078 3318 5147 accipiant.

504 5249 524 5279 ³
545 5246 681 5302 Gen.
702 5261 869 5309 xxvu,
892 5243 982 5298 20.
1061 5245 1080 5276 ⁸
1100 5243 1262 5299 Num.
1288 5259 1399 5310 xw,
1422 5242 1518 5309 40;
1551 5242 1712 5297 Deut.
1734 5258 1772 5307 ι,
1796 5242 1883 5296 tl.

507 5379 574 5449 (ε)
623 5378 845 5450 ’ᾼφυῶς
894 5379 1267 5448 ἐπαίρεσθαι.
1307 5377 1507 5444 Quasi,
1561 5376 1756 5450 stulte,
1804 5375 2015 5450 inepte,

434 5445 596 5515 male,
625 5445 693 5504 ρι’
707 5449 864 5520 quasi
892 5445 1062 5520 invita
1088 5457 1304 5514 natura,
1337 5463 1457 5520 qua:
1486 5446 1809 5520 modestiam
1837 5445 2022 5520 potius

434 5516 1279 5598 εμιιιίεῐέιίὲπιμορφαζομὲνους
1300 5519 1397 5598 τ-ην
1419 5519 1644 5598 ἀρετήν,
1663 5516 1880 5598 virtuth
1902 5530 2024 5583 Spe-

435 5590 573 5643 ciem
597 5586 972 5664 prgeferentés.
993 5586 1138 5664 Bene
1157 5586 1508 5664 enimj'arin.
1535 5586 2022 5664 ἐπιμορφάζοντες,

438 5656 886 5734 σχΐιμάτζξοντες.
915 5659 1028 5734 Nec
1064 5660 1245 5734 placet
1283 5658 1552 5734 Thesaur.
1596 5656 1744 5734 quod
1785 5670 1904 5734 eam
1949 5656 2023 5707 εἰς

436 5725 844 5799 gnificationem
890 5725 1301 5786 solum'tribuat
1327 5729 1498 5783 verbo
1543 5725 1810 5798 μορφίζω,
1838 5725 2026 5778 aliam-

2121 5386 2377 5442 queesse
2411 5371 2557 5425 dicat
2592 5372 2748 5426 verbi
2781 5371 3064 5442 μορφάζω,
3083 5369 3237 5442 quod
3271 5369 3504 5442 Hesych.
3532 5369 3710 5442 V_E_t_3_5tv

2122 5439 2448 5496 reddiderit.
2476 5441 2706 5496 Videtur
2735 5439 2865 5497 sane
2897 5439 3165 5497 remotiOr
3206 5440 3322 5495 haec
3361 5439 3514 5494 vocis
3563 5439 3712 5492 illius

2124 5511 2483 5582 significatio;
2508 5513 2692 5582 nativa
2717 5527 2870 5576 vero,
2896 5526 3060 5581 quam
3093 5509 3457 5582 compositum
3488 5508 3708 5582 retinet,

2125 5579 2232 5652 qua
2271 5589 2328 5635 et
2361 5581 2610 5652 crebrius
2646 5583 2876 5636 Maximo
2912 5579 3235 5652 usurpatur.
3271 5579 3457 5652 Habet
3482 5587 3540 5632 et
3563 5579 3710 5652 ipse,

2127 5647 2176 5706 ἑ.
2210 5651 2280 5706 25
2325 5668 2338 5703 :
2388 5651 2783 5721 μορφιζόμενος
2825 5647 3372 5720 adiuv—amicitiam
3413 5647 3708 5716 simulans;

2129 5737 2246 5788 seu,
2283 5723 2394 5792 ejus
2430 5720 2635 5776 imam
2672 5725 2978 5792 prmferens,
3015 5731 3070 5775 ut
3105 5721 3344 5792 proximo
3371 5729 3574 5774 noceat.
