4076 6424
480 304 610 375 1091

1659 309 1720 369 S.
1762 300 2050 371 ΜᾹΧΙΜῙ
2088 302 2600 368 CONFESSORIS

3625 302 3760 369 ιοςθ

541 424 632 479 20.
674 423 779 490 Qui
841 420 1229 479 ostentationis
1276 434 1445 475 causa
1495 420 1785 475 scientiam
1840 419 2062 490 appetit,

2250 428 2321 475 κ’.
2365 421 2424 476 '0
2457 420 2594 492 πρὸς
2628 418 2889 484 ἐπίδειξιν
2927 417 3218 489 ἐφιέμενος
3251 418 3508 488 γνώσεως
3543 420 3642 490 (Ι),
3666 419 3758 473 καὶ

472 532 574 573 nec
623 531 745 570 eam
796 513 1135 584 assequitur,
1181 513 1249 580 is,
1285 528 1467 582 neque
1519 512 1774 582 proximo
1801 512 2067 577 invideat,

469 622 648 676 neque
695 620 828 659 vero
871 605 1057 659 animo
1085 604 1313 669 doleat;
1353 603 1472 662 sed,
1498 603 1555 657 in
1594 603 1795 657 vicinia
1832 603 2068 673 quadam

467 712 532 751 ac
569 696 833 762 conﬁnio,
864 696 943 751 uti
978 706 1314 766 praeceptum
1354 704 1457 761 est,
1494 703 1817 765 apparatum
1868 695 2066 751 faciat:

469 791 543 845 ita
589 791 855 845 nimirum
913 799 976 844 ut
1035 788 1268 843 colenda
1299 789 1527 853 virtute,
1555 789 1610 842 in
1653 803 1886 859 corpore
1915 788 2071 858 prius

468 882 716 937 studiose
768 882 1051 946 laborans,
1079 882 1326 936 animum
1360 880 1429 935 ad
1475 880 1773 936 scientiam
1799 889 2070 951 praeparet

467 989 535 1030 ac
574 973 854 1042 disponat.

540 1066 631 1120 2].
655 1064 758 1131 Qui
784 1073 935 1119 recte
970 1080 1039 1119 ex
1070 1063 1276 1134 pietate
1312 1062 1559 1117 animum
1586 1042 1754 1117 rebus
1776 1062 2065 1134 adjiciunt,

470 1168 573 1206 nec
617 1152 1006 1207 ostentationis
1043 1152 1242 1207 modos
1290 1153 1438 1207 ullos
1471 1152 1858 1218 adinveniunt,
1911 1153 1948 1206 ii
1978 1155 2066 1207 lu-

469 1246 784 1301 cidissimas
845 1262 1030 1301 rerum
1081 1247 1581 1317 contemplationes
1633 1248 1779 1303 ultro
1848 1248 2062 1315 obvias,

469 1335 667 1403 suique
718 1334 1189 1389 absolutissimam
1222 1336 1779 1405 comprehensionem
1808 1336 2065 1407 ingeren-

471 1432 572 1483 tes,
610 1422 775 1493 466
811 1422 1184 1488 oﬂ‘enderint;
1233 1422 1300 1476 ad
1340 1439 1481 1492 quos
1521 1424 1611 1477 lex
1644 1424 1835 1478 dicat:
1879 1422 2067 1496 Ingre-

465 1514 665 1568 dicntes
692 1515 953 1583 possidete
987 1518 1139 1568 urbes
1162 1531 1389 1586 magnas
1411 1524 1461 1568 et
1492 1515 1764 1586 pulchras,
1783 1518 2065 1585 domosque

465 1607 610 1659 bonis
647 1606 888 1660 omnibus
923 1607 1168 1676 refertas,
1206 1623 1340 1677 quas
1364 1622 1467 1659 non
1499 1606 1842 1674 wdi/icastis;
1883 1625 1945 1661 ac
1978 1608 2062 1661 la-

465 1716 553 1752 cus
578 1699 798 1764 excisos,
824 1716 953 1770 quos
980 1717 1083 1753 non
1110 1701 1379 1754 cxcidz’stis
1407 1717 1425 1764 ;
1448 1702 1735 1771 vineasque
1767 1711 1813 1754 el
1845 1702 2060 1767 oliveta,

2177 514 2573 584 ἀποτυγχάνων
2601 530 2616 545 ι
2660 512 2797 583 μήτε
2843 509 3109 579 φθιλνείτω
3158 509 3237 580 τῷ
3272 509 3464 574 πέλας,
3504 514 3645 583 μήτε
3673 514 3763 562 λυ-

2177 604 2387 659 πείσθω
2418 620 2431 634 ⁸
2465 604 2582 659 ἀλλ’
2621 604 2679 658 έν
2712 621 2817 657 τινι
2866 602 2975 656 τῶν
3020 602 3238 674 ὁμόρων
3268 602 3493 656 ποιείτω
3522 601 3623 673 τὴν
3649 618 3759 654 πα-

2179 697 2475 771 ρασκευὴν,
2512 696 2591 759 ὡς
2616 695 3018 767 προστέτακται
3044 710 3057 723 ·
3108 693 3253 748 κατὰ
3296 692 3394 764 τὴν
3435 693 3661 765 πρᾶξιν,
3703 693 3760 745 ἐν

2174 788 2252 859 τῷ
2283 789 2498 863 σώματι
2528 787 2792 858 πρότερον
2832 785 3138 857 φιλοπονῶν
3184 788 3252 857 τῇ
3284 784 3431 857 ψυχῇ
3477 784 3577 857 τὴν
3617 785 3762 838 ἐτοι-

2154 949 2158 952 ,
2178 883 2381 953 μασίαν
2409 882 2513 953 τῆς
2543 879 2818 951 γνώσεως.

2245 1068 2350 1117 κα’.
2391 1060 2455 1114 Oi
2484 1059 2662 1132 ὀρθῶς
2698 1059 2815 1128 μετ’
2843 1055 3131 1119 εὐσεϐείας
3160 1056 3274 1119 τοῖς
3319 1048 3441 1109 οὖσι
3482 1053 3762 1126 προσϐάλ-

2173 1154 2379 1217 λοντες,
2409 1153 2504 1205 καὶ
2534 1150 2742 1222 μηδένα
2766 1146 3124 1219 φιλενδειξίας
3146 1146 3349 1217 τρόπον
3391 1144 3760 1210 ἐπινοοῦντες,

2172 1246 2466 1317 εὑρήσουσι
2532 1238 2970 1313 προῦπαντώσας
3031 1238 3218 1300 αὐτοῖς
3274 1236 3376 1300 τὰς
3423 1236 3531 1289 τῶν
3589 1235 3763 1290 ὄντων

2172 1338 2457 1409 παμφαεῖς
2484 1334 2738 1406 θεωρίας,
2771 1330 3173 1404 ἀκριϐεστάτην
3204 1330 3389 1393 αὐτοῖς
3424 1327 3762 1399 ἐμποιούσαις

2172 1430 2382 1486 ἑαυτῶν
2411 1429 2511 1500 τὴν
2553 1426 2898 1499 κατάληψιν·
2938 1424 3075 1496 πρὸς
3120 1423 3216 1488 οὓς
3259 1426 3288 1476 ὁ
3332 1422 3497 1493 νόμος
3541 1422 3709 1494 φησίν
3740 1438 3757 1457 ι

2175 1525 2572 1588 Εἱσελθόντες
2645 1517 3145 1588 κληρονομήσατε
3224 1516 3433 1581 πόλεις
3486 1512 3761 1584 μεγάλας

2172 1617 2272 1672 καὶ
2301 1617 2515 1682 καλὰς,
2551 1614 2647 1667 καὶ
2678 1614 2867 1678 οἰκίας
2909 1610 3163 1678 πλήρεις
3203 1609 3447 1662 πάντων
3494 1606 3758 1677 ἀγαθῶν,

2171 1707 2245 1775 ἅς
2305 1709 2418 1761 οὐκ
2465 1702 2899 1772 οίχοδομήσατε
2929 1716 2942 1728 ·
2984 1700 3078 1752 καὶ
3118 1697 3388 1764 λάκκους
3418 1700 3758 1765 λελατομηο

465 1804 581 1855 qua:
624 1805 729 1840 non
772 1788 1063 1859 plantasu‘s
1088 1790 1130 1841 ⁷.
1170 1788 1273 1856 Qui
1307 1789 1456 1843 enim
1495 1805 1606 1843 non
1648 1790 1753 1844 sibi
1792 1791 1925 1860 ipse,
1971 1791 2062 1846 sed

2167 1798 2413 1869 μένους,
2448 1797 2555 1862 οὓς
2585 1797 2696 1848 οὐκ
2743 1791 3161 1861 ἐλατομήσατε
3189 1805 3201 1818 ·
3248 1789 3350 1843 καί
3396 1788 3759 1858 ἀμπελῶνας

465 1878 577 1931 Deo
621 1878 775 1942 vivit,
834 1879 901 1943 is,
955 1878 1161 1934 divinis
1193 1880 1457 1934 omnibus
1501 1880 1663 1935 donis
1690 1882 2059 1952 adimpletur;

464 1970 733 2023 hactenus
773 1970 1004 2026 minime
1060 1971 1399 2042 conspicuis,
1456 1973 1528 2027 ob
1581 1973 2063 2042 perturbationum

462 2063 874 2133 alfectuumque
910 2063 1260 2132 ingruentem
1301 2064 1616 2120 molestiam
1645 2070 1813 2134 atque
1849 2066 2060 2121 tumul-

442 2165 600 2214 Villii].

532 2245 621 2298 ‘22.
680 2244 1166 2312 Quemadmodum
1242 2260 1441 2301 sensus
1506 2245 1807 2316 dupliciter
1857 2247 2062 2303 dicitur

464 2338 685 2406 (nempe
722 2353 920 2393 sensus
968 2337 1185 2403 habitu,
1227 2338 1323 2408 qui
1353 2347 1412 2393 et
1459 2337 1620 2393 nobis
1651 2338 2063 2395 dormientibus

464 2426 627 2491 inest,
679 2444 780 2483 nec
839 2430 1005 2484 ullam
1074 2429 1453 2500 subjectarum
1516 2445 1706 2484 rerum
1775 2432 2060 2501 percipit;

464 2521 725 2592 quodque
767 2522 837 2577 ad
892 2524 1274 2592 operationem
1322 2540 1436 2577 non
1469 2522 1815 2589 intendatur,
1849 2524 2062 2578 inutilis

461 2614 715 2680 exsistit;
762 2630 1070 2685 sensusque
1113 2615 1168 2669 in
1230 2624 1384 2680 actu,
1438 2630 1549 2685 quo
1609 2631 1675 2670 ea
1723 2615 2063 2686 percipimus

459 2720 583 2773 qua:
624 2703 682 2757 in
734 2719 958 2759 sensum
1016 2703 1271 2776 cadunt),
1311 2704 1391 2760 sic
1449 2721 1671 2776 quoque
1731 2706 1935 2776 duplex
1978 2715 2063 2763 est

460 2794 695 2850 scientia
736 2812 750 2848 :
798 2811 906 2851 una
951 2796 1178 2867 quidem
1230 2797 1347 2866 ipsa
1384 2797 1598 2853 sciendi
1651 2799 1886 2864 ratione,
1943 2800 2061 2855 solo

460 2887 657 2941 habitu
709 2888 955 2942 rationes
1003 2889 1232 2959 legens;
1287 2905 1411 2959 quae
1460 2890 1684 2960 quidem
1716 2891 1857 2945 nihil
1882 2893 2058 2961 juvat,

464 2979 599 3048 quin
648 2979 721 3034 ad
772 2980 1032 3035 mandata
1082 2982 1203 3051 ipso
1253 2996 1421 3050 opere
1471 2982 1825 3051 exsequenda
1866 2994 2061 3037 exten-

462 3067 661 3133 datur;
721 3069 895 3123 altcra
940 3068 997 3121 in
1037 3079 1164 3123 actu
1218 3068 1427 3122 actioni
1491 3069 1680 3124 dedita
1724 3070 2058 3141 (πρακτικὴν

460 3159 683 3229 vocant)
716 3175 839 3229 quae
868 3175 1058 3215 veram
1085 3159 1259 3229 ipsam
1288 3176 1476 3215 rerum
1499 3162 2058 3232 comprehensionem

462 3267 562 3321 per
597 3252 1002 3321 experientiam
1020 3252 1258 3310 .atferat.

529 3341 619 3396 25.
661 3340 983 3413 Hypocrita,
1014 3343 1260 3413 quandiu
1291 3342 1517 3414 quidem
1551 3360 1611 3400 se
1658 3345 1830 3399 latere
1862 3339 2050 3400 existi-

462 3428 828 3502 mat,'quicte
882 3435 990 3504 agit
1051 3450 1117 3489 ac
1171 3435 1317 3490 silet.
1370 3432 1468 3490 Sin
1522 3444 1706 3491 autem
1751 3436 1923 3490 semel
1962 3435 2061 3490 de-

463 3524 775 3593 prehensus
825 3524 1015 3591 fuerit,
1055 3525 1363 3582 virulentos
1403 3542 1693 3582 sermones
1730 3527 2057 3597 prietendit;

464 3615 751 3679 conviciis,
801 3632 924 3686 quae
957 3618 1133 3687 jactat
1168 3618 1224 3671 in
1273 3618 1431 3684 alios,
1477 3634 1636 3673 suam
1673 3634 1731 3673 se
1766 3619 2062 3689 turpitudi-

464 3720 592 3759 nem
638 3705 994 3762 obtecturum
1036 3707 1381 3764 existimans.
1427 3709 1587 3764 Hunc
1641 3709 1930 3778 Scriptura
1989 3710 2061 3782 ob

464 3798 742 3853 vafritiem
790 3799 1117 3870 viperarum
1166 3801 1347 3856 soboli
1392 3817 1520 3857 cum
1555 3810 1951 3871 comparasset,
1979 3802 2064 3856 di-

466 3906 600 3961 gnos
655 3890 707 3945 ei
757 3891 1101 3960 poenitentiae
1156 3891 1374 3949 fructus
1428 3892 1712 3948 faciendos
1752 3892 1948 3947 indicit
1984 3891 2058 3946 δι

465 3998 665 4053 nempe
710 3983 974 4038 latentem
1026 3984 1198 4039 animi
1249 3985 1600 4040 affectionem
1664 3984 1719 4038 in
1774 3993 2062 4040 externam

471 4074 616 4129 illam
652 4090 718 4129 ac
761 4075 1118 4146 conspicuam
1170 4076 1646 4133 transmutandam
1694 4091 1912 4131 morum
1962 4077 2063 4133 ho-

466 4172 767 4218 nestatem.

537 4252 629 4306 24.
671 4253 845 4308 Aiunt
893 4255 1118 4325 quidam
1168 4257 1406 4311 bestiam
1450 4273 1572 4314 esse
1607 4258 1879 4329 quidquid
1923 4258 2064 4330 legis

439 4336 725 4410 'decreto,
782 4363 974 4401 earum
1015 4349 1383 4403 animantium
1432 4365 1555 4420 quae
1591 4350 1679 4405 vel
1712 4350 1767 4404 in
1804 4362 1934 4405 aere
1975 4351 2062 4405 vel

470 4435 527 4490 in
568 4436 708 4490 mari
747 4439 835 4492 vel
897 4439 955 4493 in
1010 4448 1160 4495 terra
1206 4440 1434 4511 degunt,
1484 4457 1596 4496 non
1653 4443 1922 4497 mundum
1975 4444 2065 4515 ju-

470 4528 715 4583 dicatum
756 4539 881 4599 est;
939 4532 1157 4586 tametsi
1216 4541 1565 4588 mansuetum
1604 4550 1703 4590 sua
1757 4535 1941 4591 indole
1977 4536 2061 4590 vi-

470 4620 669 4675 deatur
718 4637 730 4673 :
796 4637 1033 4690 quorum
1094 4622 1416 4678 nominibus
1470 4624 1755 4696 Scriptura
1812 4641 2062 4697 quosque

470 4712 724 4767 homines
773 4728 842 4767 ex
873 4714 1116 4784 propriis
1161 4714 1317 4770 vitiis
1356 4716 1719 4786 appellandos
1748 4717 1926 4773 duxit.

536 4803 627 4857 25.
653 4802 758 4869 Qui
789 4815 850 4859 ut
871 4807 1126 4876 proximo
1158 4815 1377 4874 noceat,
1403 4809 1663 4865 amicitiae
1683 4810 1891 4864 larvam
1922 4826 2064 4880 prae-

472 4895 671 4962 tendit,
725 4896 890 4967 lupus
935 4905 1041 4962 est,
1102 4898 1268 4954 ovina
1318 4900 1465 4970 pelle
1523 4899 1665 4955 vafri
1719 4900 1890 4957 animi
1942 4916 2069 4971 pra-

469 4987 701 5041 vitatem
757 4996 966 5061 tegens.
1022 4990 1094 5054 Is,
1142 4989 1240 5045 ubi
1274 4990 1679 5061 simpliciorum
1712 4992 1919 5062 aliquid
1945 5007 2066 5047 mo-

544 5149 562 5176 “¹
583 5146 751 5201 Josue
775 5164 920 5214 xxw,
948 5149 1031 5215 15,
1059 5150 1148 5205 14.
1221 5149 1242 5180 ⁸
1265 5149 1456 5205 Matth.
1482 5166 1560 5215 ιιι,
1587 5153 1635 5204 7.

544 5303 619 5372 (Δ)
656 5304 872 5375 eripior
903 5300 1077 5375 εἶναι.
1104 5304 1181 5360 De
1206 5306 1420 5371 bestiis,
1445 5322 1511 5361 ac
1543 5320 1793 5375 quamam
1827 5304 1934 5375 illis
1969 5318 2058 5375 ac-

472 5384 803 5445 censeantur
829 5373 1129 5445 Scriptum
1153 5375 1362 5443 phrasi,
1395 5373 1577 5430 multa
1592 5374 1826 5445 Orig.in
1850 5373 1967 5429 Cat.
2000 5373 2056 5445 in

470 5445 609 5501 Gen.
642 5460 679 5508 ι,
722 5444 798 5517 ad_
828 5443 982 5497 illum
1011 5459 1274 5517 versum:
1306 5445 1376 5499 Et
1406 5447 1586 5517 prwsit
1615 5443 1839 5517 piscibus
1871 5444 2057 5517 maris,

471 5523 561 5569 etc
590 5554 605 5578 ,
654 5512 801 5583 quod
846 5520 1009 5586 negat
1047 5513 1115 5566 de
1146 5512 1483 5586 cctiswatq'ue
1522 5512 1930 5586 bestiisitidcm
1970 5513 2059 5567 di-

472 5593 622 5657 ctum
657 5582 799 5657 esse,
827 5582 1429 5657 desiderante_scilice't
1470 5587 1591 5657 ejus
1633 5584 1867 5657 codice,
1899 5593 2062 5657 u_t_et

472 5652 637 5707 modo
661 5653 783 5709 Cat.
826 5654 1072 5724 Romana
1117 5653 1251 5724 mihi
1296 5652 1532 5724 reposita
1563 5663 1620 5709 et
1650 5653 1787 5708 Sixt.
1837 5654 2059 5708 deside-

473 5729 616 5786 rant,
650 5726 737 5778 καὶ
767 5723 876 5779 τῶν
915 5721 1140 5792 θηρίων.
1165 5722 1308 5778 Num
1339 5721 1487 5797 Orig.
1516 5725 1682 5780 etiam
1715 5724 1899 5779 sicura
1936 5724 2057 5780 ani-

2164 1891 2263 1946 καί
2300 1887 2614 1954 ἐλαιῶνας,
2660 1886 2764 1953 οὓς
2813 1887 2925 1939 οὐκ
2962 1882 3355 1953 ἐφυτεύσατε.
3415 1880 3474 1933 '0
3518 1880 3629 1951 γὰρ
3682 1881 3757 1951 μὴ

2165 1982 2346 2054 ἐαυτῷ
2397 1983 2527 2048 ζῶν,
2572 1979 2708 2035 ἀλλὰ
2750 1978 2830 2051 τῷ
2873 1976 3014 2048 Θεῷ,
3057 1977 3278 2031 πάντων
3302 1974 3514 2044 γίνεται
3538 1973 3757 2045 πλήρης

2162 2078 2274 2134 τῶν
2300 2077 2461 2131 θείων
2500 2075 2862 2147 χαρισμάτων
2893 2085 2909 2100 ’
2946 2071 3056 2124 τῶν
3085 2070 3226 2134 τέως
3266 2068 3355 2122 διὰ
3403 2068 3502 2140 τὴν
3543 2068 3755 2120 ἐπικει-

2167 2171 2335 2242 μένην
2361 2168 2471 2223 τῶν
2506 2166 2694 2222 παθῶν
2716 2165 2940 2237 ὄχλησιν
2973 2162 3049 2235 μὴ
3075 2160 3403 2231 ιραινομένω1
3427 2199 3442 2215 .

2235 2266 2343 2336 κβ’.
2381 2263 2592 2332 Ὥσπερ
2625 2259 2788 2330 διχῶς
2832 2260 2865 2328 ἡ
2904 2255 3160 2326 αἴσθησις
3211 2253 3431 2322 λέγεται
3464 2269 3478 2283 ·
3536 2252 3570 2323 ὴ
3629 2251 3749 2323 μὲν,

2164 2356 2287 2412 καθ’
2320 2356 2435 2419 ’έξιν
2460 2371 2474 2385 θ
2496 2354 2619 2425 ἥτις
2640 2351 2735 2406 καὶ
2764 2347 3126 2420 κοιμωμένων
3148 2345 3305 2417 ἡμῶν
3340 2347 3479 2408 ἐστι,
3525 2343 3751 2413 μηδενὸς

2165 2445 2681 2519 ἀντιλαμϐανομένη
2722 2442 2830 2496 τῶν
2866 2439 3245 2510 ὑποκειμένων
3275 2456 3291 2471 ο
3328 2432 3397 2509 ἦς
3433 2437 3588 2491 οὐδὲν
3620 2435 3752 2505 ὄφε-

2162 2545 2274 2607 λος,
2302 2540 2376 2612 μὴ
2410 2539 2543 2611 πρὸς
2567 2537 2850 2607 ἐνέργειαν
2882 2532 3200 2603 τεινομένης
3230 2546 3245 2559 ⁸
3277 2532 3311 2602 ἡ
3336 2530 3412 2596 δέ,
3444 2530 3565 2583 κατ’
3601 2530 3753 2599 ἐνέρι
3836 2564 3853 2575 η

2163 2648 2361 2705 γειαν·
2417 2631 2484 2685 δι’
2549 2624 2617 2701 ἧς
2689 2623 3207 2696 ἀντιλαμϐανόμεθα
3252 2623 3361 2676 τῶν
3420 2622 3697 2692 αἰσθητῶν
3728 2639 3743 2654 ν

2162 2727 2308 2783 οὕτω
2337 2727 2431 2781 καὶ
2458 2725 2491 2796 ή
2516 2722 2720 2793 γνῶσις
2742 2720 2894 2790 διττή
2926 2735 2940 2748 ·
2981 2720 3014 2789 ή
3046 2716 3145 2789 μὲν
3174 2715 3600 2785 ἐπιστημονικὴ,
3627 2715 3749 2768 καθ’

2163 2821 2276 2886 ἕξιν
2320 2818 2491 2890 μόνην
2528 2814 2655 2877 τοὺς
2690 2811 2887 2881 λόγους
2911 2807 3287 2878 άναλεγομένη
3316 2806 3425 2859 τῶν
3446 2806 3616 2859 όντων
3639 2822 3654 2837 ο
3682 2800 3750 2878 ἦς

2161 2913 2317 2969 οὐδὲν
2370 2908 2563 2980 ὄφελος
2616 2906 2691 2977 μὴ
2742 2906 2881 2976 πρὸς
2918 2902 3017 2973 τὴν
3059 2901 3168 2953 τῶν
3202 2899 3432 2952 ἐντολῶν
3465 2898 3747 2969 ἐνέργειαν

2165 3004 2555 3075 ἐκτεινομένης
2588 3017 2600 3030 ·
2646 3002 2681 3071 ἡ
2717 2999 2799 3064 δὲ,
2842 2999 2962 3051 κατ’
3003 2995 3285 3066 ἐνέργειαν
3317 2992 3618 3064 πρακτικὴ,
3647 2992 3749 3047 αὐ·

2163 3097 2263 3165 τὴν
2299 3092 2478 3163 ἁληθῆ
2513 3089 2600 3143 διὰ
2633 3090 2732 3157 τῆς
2763 3086 2963 3158 πείρας
2991 3084 3099 3137 τῶν
3121 3082 3290 3136 ὄντων
3319 3081 3624 3155 κομίζουσα
3650 3078 3748 3165 τὴν

2164 3179 2490 3252 κατάληψιν.

2235 3331 2342 3400 κγ’.
2389 3331 2451 3382 Ὀ
2482 3325 2810 3397 ὑποκριτὴς,
2838 3323 2945 3386 ἕως
2973 3321 3073 3393 μέν
3097 3321 3244 3375 δοκεῖ
3270 3317 3579 3378 λανθάνειν,
3623 3315 3744 3386 ἡρε-

2167 3424 2293 3495 μεῖ·
2330 3419 2429 3491 τὴν
2459 3421 2524 3472 ἐκ
2568 3416 2663 3471 τοῦ
2701 3416 2879 3469 δοκεῖν
2918 3413 3125 3475 δίκαιος
3169 3404 3313 3466 εἶναι
3368 3407 3524 3473 δόξαν
3573 3406 3748 3477 θηρώ-

2168 3529 2350 3585 μενος.
2394 3509 2646 3564 Ἐπειδὰν
2666 3509 2723 3562 δέ
2749 3506 3004 3578 φωραθῇ,
3038 3501 3452 3573 θανατηφόρους
3493 3499 3747 3570 προϊσχεο

2164 3626 2254 3661 ται
2284 3606 2499 3675 λόγους,
2537 3605 2659 3665 ταῖς
2694 3600 2814 3653 κατ’
2849 3598 3027 3654 ἄλλων
3080 3594 3376 3664 λοιδορίαις
3429 3591 3602 3645 δοκῶν
3649 3590 3746 3658 τὴν

2164 3700 2374 3752 οἰκείαν
2448 3692 2853 3759 συγκαλύπτειν
2924 3686 3316 3760 ἀσχημοσύνην
3346 3701 3361 3716 ·
3423 3683 3482 3736 ὃν
3535 3681 3745 3752 ἐχίδνης

2166 3791 2468 3861 γεννήματι
2518 3786 2867 3857 παρεικάσας
2913 3782 2943 3836 ὁ
3007 3782 3204 3850 λόγος,
3254 3778 3331 3843 ὡς
3395 3774 3741 3845 παλίμϐολον,

2168 3882 2352 3949 ἀξίους
2403 3880 2500 3951 τῆς
2555 3878 2843 3950 μετανοίας
2885 3872 3220 3947 προσέταξεν
3268 3867 3417 3940 αὑτῷ
3476 3864 3743 3920 ποιεῖσθαι

2165 3973 2411 4047 καρπούς
2436 3990 2451 4003 ·
2485 3971 2754 4033 τουτέστι,
2791 3966 2928 4038 πρὸς
2959 3966 3086 4029 τοὺς
3110 3961 3466 4032 φαινομένους
3490 3957 3747 4029 τρόπους,

2168 4066 2533 4141 μεταποιῆσαι
2567 4062 2665 4135 τὴν
2687 4059 3079 4133 κρυπτομένην
3101 4056 3201 4128 τῆς
3231 4054 3460 4126 καρδίας
3481 4051 3739 4106 διάθεσιν.

2239 4257 2334 4313 κδ’.
2363 4255 2500 4309 Φασί
2541 4269 2684 4316 τινες
2715 4250 2901 4321 θηρίον
2943 4245 3083 4302 εἶναι
3139 4246 3240 4317 (d),
3301 4247 3409 4298 πᾶν
3459 4243 3489 4296 ’ὁ
3543 4244 3617 4313 μὴ
3670 4239 3743 4311 τῷ

2165 4350 2317 4420 νόμῳ
2352 4347 2460 4402 τῶν
2501 4349 2558 4400 ἐν
2599 4346 2722 4415 ἀέρι
2771 4360 2832 4396 τε
2874 4342 2970 4395 καὶ
3031 4342 3101 4411 γῇ
3151 4339 3246 4393 καὶ
3292 4338 3530 4408 θαλάττῃ
3594 4335 3743 4400 ζώων

2167 4444 2419 4510 κέκριται
2448 4436 2711 4508 καθαρὸν,
2764 4433 2866 4487 κᾶν
2919 4433 3130 4504 ἥμερον
3170 4426 3312 4484 εἶναι
3341 4428 3419 4499 τῷ
3444 4427 3563 4499 ἤθει
3590 4427 3738 4496 δοκῇ·

2166 4526 2249 4595 οἶς
2273 4531 2504 4583 ἕκαστον
2535 4527 2643 4580 τῶν
2669 4524 2976 4599 ἀνθρώπων
3004 4527 3069 4578 ἐκ
3105 4522 3197 4577 τοῦ
3240 4520 3444 4576 οἰκείου
3485 4519 3689 4581 πάθους
3718 4519 3744 4570 ό

2166 4623 2322 4691 λόγος
2342 4619 2762 4693 προσαγορεύει.

2234 4811 2332 4860 κε’.
2377 4803 2437 4857 '0
2460 4802 2554 4857 ἐπὶ
2586 4801 2762 4875 βλάόῃ
2789 4794 2897 4856 τῶν
2926 4800 3094 4863 πέλας
3123 4795 3518 4870 μορφιζόμενος
3543 4790 3741 4861 φιλίαν,

2163 4896 2328 4958 λύκος
2361 4894 2477 4947 ἐστὶ
2509 4893 2689 4962 κωδίῳ
2730 4889 3086 4961 ἐπικρύπτων
3121 4890 3219 4960 τὴν
3263 4885 3460 4940 ἑαυτοῦ
3516 4900 3744 4953 κακουρ-

2166 4992 2315 5059 γίαν.
2357 4987 2454 5050 Ὃς
2479 4983 2699 5040 ἐπειδὰν
2729 4982 2865 5056 εὕρῃ
2899 4981 3053 5052 ψιλὸν
3107 4978 3261 5053 ἦθος,
3311 4978 3345 5050 ἢ
3403 4978 3558 5049 ῥῆμα
3608 4977 3743 5029 κατὰ

2164 5302 2350 5364 malia,
2394 5298 2489 5354 sed
2528 5297 2832 5360 immunda,
2874 5296 3068 5351 bestiis
3108 5294 3477 5366 deputaverit,
3521 5310 3631 5349 non
3675 5294 3744 5347 li-

2163 5380 2332 5441 quet;
2363 5370 2673 5441 putaverim
2698 5367 2882 5441 potius
2902 5381 2966 5441 ea
2990 5367 3165 5422 solum
3189 5367 3353 5437 θηρία
3380 5366 3743 5427 existimasse,

2164 5437 2288 5511 quae
2319 5437 2481 5495 noxia
2507 5437 2704 5511 sunt,
2747 5437 2802 5511 in
2850 5437 3053 5511 quibus
3093 5444 3408 5511 serpentes,
3449 5450 3600 5511 quos
3636 5449 3743 5489 non

2164 5505 2391 5578 ἑρπετὰ,
2427 5509 2522 5564 sed
2550 5509 2733 5579 θηρία,
2761 5505 3268 5579 Seripturmdictos
3290 5506 3489 5579 probat
3516 5524 3530 5560 :
3558 5505 3744 5579 sicque

2162 5573 2230 5636 dc
2263 5573 2418 5636 Pauli
2452 5573 2637 5648 vipera
2670 5584 2788 5632 Act.
2828 5573 3031 5631 xx'vm:
3067 5577 3124 5648 ’Ᾱο
3167 5577 3265 5644 μὲν
3288 5573 3381 5631 οὖν
3416 5573 3747 5640 ἀποτινάξεις

2162 5652 2221 5705 τὺ
2246 5652 2451 5721 θηρίον’
2483 5646 2582 5703 Ille
2615 5661 2793 5705 autem
2824 5664 3038 5702 excussa
3069 5646 3251 5701 bestia.
