4076 6416
433 328 564 391 1093

1273 312 1608 374 CAPITUM
1647 309 1918 369 THEOL.
1965 307 2058 365 ET
2098 305 2334 364 (ECON.
2379 302 2767 362 CENTURIA
2807 301 2858 359 Ι.

3551 290 3690 357 1091

429 440 664 512 Χριστὸν
691 434 966 495 ἁπλοϊκῶς
994 431 1028 502 ἢ
1060 429 1342 500 εεινόμενον
1370 429 1402 497 ἢ
1435 426 1758 495 λεγόμενον,
1784 423 2003 491 ἥρπασε
2035 427 2076 480 Α

2152 434 2249 478 im,
2300 416 2382 469 vcl
2436 414 2718 483 quidpiam
2748 411 3054 465 Christiana
3091 407 3277 462 indole
3323 406 3473 460 omni
3503 406 3693 476 procul

430 506 524 584 κάλ,
566 529 839 597 διέφθειρε
876 542 889 554 ·
943 523 1172 593 μυρίους
1205 519 1490 588 καταχέων
1521 516 1766 586 μώμους,
1799 506 1873 566 ὧν
1905 514 2018 574 τοῖς

431 625 609 690 λόγοις
640 619 672 688 ἢ
708 620 819 679 τοῖς
848 615 1041 685 ἤθεσιν
1075 611 1376 665 ἐπιτίθεται
1402 625 1418 640 ·
1455 607 1646 676 ῶσπερ
1674 603 2017 664 κατάσκοπος

433 717 530 785 τῆς
561 715 620 765 ἐν
642 709 862 780 Χριστῷ
896 707 1004 760 τῶν
1033 703 1279 773 ἀδελφῶν
1323 701 1658 770 ἐλευθερίας.

514 966 629 1023 κς’.
672 956 731 1007 ’0
770 954 1194 1024 ὑποκρινόμενος
1223 949 1432 1020 σιωπὴν
1470 945 1807 1017 κακουργίας
1836 945 2016 1015 χάριν,

375 1061 393 1078 ’
437 1052 515 1122 τῷ
569 1049 794 1118 πλησίον
848 1045 1191 1098 τεκταίνεται
1249 1042 1400 1094 δόλον
1433 1056 1444 1070 °
1509 1033 1570 1092 οὐ
1627 1037 2018 1106 ἀποτυγχάνων

441 1144 650 1206 ἄπεισι,
677 1141 755 1210 τῷ
797 1140 912 1208 ἰδίῳ
952 1136 1114 1190 πάθει
1161 1133 1530 1204 προσθέμενος
1580 1130 1792 1200 ὀδύνην,
1859 1132 1915 1181 Ὀ
1963 1127 2020 1178 δὲ

443 1232 663 1285 σιωπῶν
707 1230 974 1302 ᾡφελείας
1011 1227 1195 1298 χάριν,
1245 1223 1450 1295 ηὔξησε
1503 1221 1683 1290 φιλίαν
1709 1213 1730 1285 ,Α
1775 1220 1871 1273 καὶ
1918 1220 2022 1273 ἀπ-

446 1324 722 1376 ελεύσεται
757 1321 984 1394 χαίρων,
1031 1320 1106 1382 ὡς
1151 1314 1329 1371 λαϐὼν
1360 1313 1637 1384 φωτισμὸν
1683 1311 1907 1374 σκότους
1931 1310 2023 1362 λυ-

445 1417 649 1486 τήριον.

521 1591 620 1655 κζ’.
692 1590 750 1642 '0
791 1589 848 1640 ὲν
898 1585 1156 1656 συνεδρίῳ
1203 1584 1377 1653 λόγων
1427 1583 1688 1652 ἀκρόασιν
1737 1577 2023 1650 προπετῶς

449 1683 788 1747 ἀνακόπτων,
829 1679 928 1733 οὐκ
977 1677 1136 1731 ἔλαθε
1195 1674 1492 1746 φιλοδοξίαν
1543 1673 1713 1727 νοσῶν
1745 1689 1761 1704 ·
1819 1673 1909 1738 ὑφ’
1956 1666 2024 1742 ἦς

2120 510 2444 578 duplicitate
2471 507 2674 560 factum
2704 504 2977 557 dictumve
3009 499 3301 563 invenerit,
3332 497 3478 566 rapit
3515 496 3698 550 statim

2119 615 2183 653 ac
2211 597 2539 666 corrumpit,
2569 593 2876 649 innumeris
2899 607 3196 662 aspergens
3217 588 3565 650 criminibus,
3583 601 3701 649 eos,

2121 692 2178 744 in
2210 704 2448 758 quorum
2485 701 2773 741 sermones
2827 693 2923 737 aut
2983 697 3165 736 mores
3219 681 3538 742 invehitur,
3589 686 3706 731 tan-

2120 797 2282 851 quam
2323 781 2533 837 scilicet
2587 778 2902 848 explorator
2957 773 3229 828 libertatis
3276 772 3528 834 fratrum,
3584 784 3706 837 qua:

2121 881 2206 926 est
2252 871 2308 923 in
2351 869 2574 924 Christo
2603 867 2730 921 Jcsu
2765 869 2808 918 ’³.

2190 962 2280 1015 26.
2320 960 2424 1026 Qui
2461 959 2701 1029 maligno
2737 956 3008 1023 vafroque
3049 951 3282 1006 consilio
3317 949 3597 1004 silentium
3631 949 3708 1002 si-

2123 1054 2315 1113 nmlat,
2372 1050 2559 1104 dolum
2611 1048 2866 1118 proximo
2918 1043 3275 1097 machinatur
3324 1060 3337 1095 :
3387 1041 3547 1113 467
3592 1040 3710 1093 fru-

2123 1152 2410 1211 stratoque
2440 1150 2642 1196 conatu
2686 1140 2824 1202 abit,
2862 1138 3060 1192 morbo
3091 1137 3170 1190 illi
3207 1151 3306 1189 suo
3360 1150 3422 1188 ac
3461 1132 3709 1196 ail‘ectui,

2123 1236 2312 1289 dolore
2373 1235 2654 1304 adjuncto.
2712 1231 2814 1298 Qui
2883 1239 3066 1284 autem
3135 1227 3409 1282 commodi
3481 1226 3715 1295 alicujus

2125 1328 2296 1395 gratia
2330 1325 2476 1387 silet,
2515 1324 2814 1378 amicitiam
2866 1331 3049 1391 auget,
3087 1336 3151 1374 ac
3183 1318 3404 1374 recedet
3441 1317 3708 1387 gaudens,

2123 1417 2275 1470 velut
2319 1416 2527 1470 scilicet
2583 1413 3010 1468 illustrationem
3055 1419 3270 1474 nactus,
3311 1424 3418 1478 qua
3474 1407 3716 1462 tenebra:

2125 1508 2510 1576 dispellantur.

2196 1599 2285 1652 27.
2327 1597 2430 1663 Qui
2481 1597 2534 1650 in
2583 1595 2859 1650 communi
2909 1593 3139 1647 fratrum
3190 1590 3426 1645 concilio
3469 1589 3718 1643 auditum

2126 1703 2432 1743 sermonem
2479 1689 2683 1758 majore
2729 1685 2982 1755 procacia
3019 1683 3397 1752 interrumpit,
3429 1681 3576 1735 haud
3624 1681 3721 1733 ob-

456 1773 812 1844 ἀλισκόμενος
835 1811 849 1835 ,
911 1769 1136 1840 μυρίους
1165 1765 1528 1838 προϐάλλεται
1552 1764 1786 1836 δρόμους
1809 1763 1903 1814 καὶ
1935 1779 2027 1813 πε·
2066 1763 2077 1820 l

2152 1794 2296 1833 scure
2333 1778 2512 1832 inanis
2550 1778 2734 1848 gloria:
2761 1777 2896 1830 vitio
2928 1791 2985 1829 se
3027 1775 3278 1828 laborare
3309 1773 3582 1837 ostendit;
3615 1788 3721 1840 qua

455 1865 740 1939 ριδρόμους
797 1861 1133 1934 προτάσεων,
1183 1860 1274 1913 τὸν
1326 1856 1519 1930 εἱρμὸν
1567 1854 1674 1908 τῶν
1717 1852 2026 1923 λεγομένων

450 1959 734 2029 διαστῆσαι
769 1955 1109 2026 βουλόμενος.
1533 1959 1536 1962 ’

530 2151 636 2215 κη’.
677 2143 736 2196 ὐ
792 2140 976 2209 σοφὸς,
1028 2138 1124 2192 καὶ
1174 2136 1442 2190 διδάσκων
1491 2134 1586 2187 καὶ
1628 2130 2030 2200 διδασκόμενος,

461 2238 600 2304 μόνα
634 2234 880 2306 βούλεται
915 2231 985 2285 τὰ
1015 2229 1330 2301 ὠφελοῦντα
1375 2224 1722 2280 διδάσκεσθαι
1763 2222 1857 2274 καὶ
1888 2221 2033 2274 διδά-

459 2347 611 2384 σκειν
637 2347 650 2361 ο
685 2331 713 2382 ό
740 2328 794 2381 δὲ
817 2326 1036 2396 δοκήσει
1072 2322 1252 2392 σοιρὸς,
1289 2321 1385 2374 καὶ
1423 2317 1642 2390 ἐρωτῶν
1686 2316 1780 2369 καὶ
1824 2313 2037 2386 ἐρωτὼ-

462 2422 721 2491 μενος,τά
753 2419 1157 2492 περιεργότερα
1193 2417 1353 2487 μόνον
1385 2409 1774 2484 προϐάλλεται.

539 2599 640 2652 κθ’.
661 2590 762 2650 Ὧν
789 2594 1016 2666 μετέσχε
1047 2610 1130 2656 τις
1156 2592 1297 2645 κοιτά
1322 2590 1456 2644 Θεοῦ
1487 2591 1645 2660 χάριν
1676 2587 1916 2656 ἀγαθῶν,
1947 2585 2040 2639 καὶ

463 2694 646 2756 ἄλλοις
677 2689 925 2759 ἀφθόνως
957 2685 1279 2757 μεταδοῦναι
1307 2683 1588 2754 χρεώστης
1628 2681 1764 2733 ἐστί.
1811 2679 2041 2746 Δωρεὰν

463 2787 595 2856 γάρ,
625 2784 808 2853 φησιν,
845 2780 1106 2842 ἐλάϐετε,
1138 2776 1362 2844 δωρεὰν
1389 2775 1544 2828 δότε.
1583 2773 1639 2826 '0
1660 2772 1767 2841 γὰρ
1796 2771 1898 2825 ὐπὸ
1940 2771 2041 2840 γῆν

466 2877 727 2946 κρύπτων
758 2871 856 2940 τὴν
890 2868 1119 2938 δωρεὰν,
1147 2867 1220 2930 ὡς
1256 2863 1490 2933 σκληρὸν
1519 2860 1791 2914 διαϐάλλει
1826 2859 1918 2912 τὸν
1955 2858 2044 2910 κύ-

469 2984 605 3037 ρτον,
635 2963 806 3033 φειδοῖ
834 2963 932 3031 τῆς
966 2959 1163 3031 σαρκὸς
1202 2957 1296 3027 τὴν
1335 2955 1533 3025 ἀρετὴν
1563 2952 1943 3022 ἐξομνύμενος.
1985 2951 2043 3002 '0

466 3057 523 3110 δὲ
555 3057 880 3127 πιπράσκων
905 3052 1120 3123 ἐχθροῖς
1149 3051 1246 3119 τὴν
1291 3047 1570 3118 ἀλήθειαν,
1622 3045 1848 3115 ὕστερον
1883 3044 2044 3107 ἁλοὺς

469 3149 547 3212 ως
575 3147 866 3218 φιλόδοξος,
896 3145 970 3216 μὴ
998 3145 1178 3214 φέρων
1203 3142 1300 3212 τὴν
1323 3139 1586 3209 αἰσχύνην
1612 3137 1940 3207 ἀπάγχεται.

2136 1870 2346 1925 scilicet
2391 1879 2604 1938 captus,
2651 1870 2975 1922 innumeros
3038 1866 3474 1936 propositionum
3528 1877 3726 1919 cursus

2136 1969 2302 2030 atQue
2333 1961 2611 2031 ambages,
2643 1959 2912 2014 sermonis
2939 1957 3137 2013 seriem
3164 1954 3567 2019 intercidendo,
3598 1968 3726 2024 pro»

2137 2051 2313 2120 ponit.

2209 2141 2298 2196 28.
2333 2140 2585 2208 Sapiens,
2624 2139 2736 2192 sive
2778 2137 2973 2192 doceat
3004 2137 3119 2192 sive
3156 2136 3440 2199 doceatur,
3481 2149 3545 2188 ea
3582 2131 3724 2185 dun-

2143 2241 2292 2287 taxat
2341 2231 2529 2285 doceri
2578 2231 2696 2284 vult
2728 2245 2792 2283 ac
2821 2229 3043 2292 docere,
3091 2230 3211 2298 qua:
3241 2227 3397 2281 utilia
3446 2232 3592 2278 sunt.
3625 2221 3729 2288 Qui

2142 2339 2274 2379 vero
2302 2323 2484 2392 specie
2515 2332 2673 2376 tenus
2706 2323 2964 2390 larvaque
2995 2321 3298 2389 sapientem
3321 2324 3580 2378 ostentat,
3617 2317 3732 2368 sive

2144 2425 2308 2486 quem"
2345 2415 2461 2484 ipse
2507 2422 2882 2482 percontetur,
2934 2413 3049 2467 sive
3099 2427 3166 2466 ex
3217 2412 3337 2480 ipso
3386 2407 3734 2478 percontanti

2145 2506 2496 2576 respondeat,
2530 2505 2835 2559 curiosiora
2875 2502 3218 2557 solummodo
3251 2499 3521 2554 obtendit.

2214 2599 2304 2652 29.
2357 2598 2489 2664 Quae
2538 2597 2662 2666 quis
2709 2597 2850 2650 bona
2889 2596 3078 2649 divino
3133 2607 3362 2647 munere
3403 2599 3738 2645 consecutus

2152 2700 2257 2754 est,
2296 2691 2411 2759 ipse
2458 2705 2678 2759 quoque
2715 2690 2864 2758 large
2916 2688 3037 2742 aliis
3085 2685 3354 2755 impartiri
3411 2683 3596 2737 debet.
3648 2680 3740 2734 Ait

2148 2782 2317 2844 enim,
2346 2782 2522 2837 Gratis
2556 2782 2848 2850 accepistis,
2884 2779 3050 2849 gratis
3083 2777 3207 2830 date
3233 2777 3297 2828 ¹⁰.
3334 2773 3438 2840 Qui
3466 2772 3610 2826 enim
3645 2786 3738 2824 ac-

2150 2881 2371 2942 ceptum
2405 2873 2606 2926 donum
2652 2872 2706 2925 in
2740 2879 2888 2924 terra
2914 2868 3223 2931 abscondit,
3267 2867 3394 2920 duri
3426 2880 3489 2918 ac
3532 2861 3740 2917 austeri

2158 2967 2370 3017 crimen
2408 2965 2630 3016 domino
2662 2961 2911 3030 impingit
2939 2962 3018 3022 “;
3050 2962 3144 3028 qui
3185 2959 3447 3012 nimirum
3484 2964 3545 3009 ut
3589 2954 3742 3009 carni

2152 3065 2341 3124 pareat
2370 3072 2432 3110 ac
2461 3055 2761 3123 indulgeat,
2795 3053 3058 3106 virtutum
3090 3051 3239 3104 cultu
3279 3048 3560 3102 laboribus
3591 3043 3743 3114 fungi

2080 3133 2119 3188 Ο
2155 3145 2421 3216 defugiat.
2475 3145 2578 3211 Qui
2633 3153 2816 3199 autem
2875 3143 3129 3197 hostibus
3181 3141 3471 3195 veritatem
3521 3136 3742 3198 vendit,

472 3249 660 3313 postea
709 3237 1086 3308 deprehensus
1117 3243 1280 3302 atque
1325 3231 1631 3295 convictus,
1667 3229 1820 3284 velut
1871 3228 2050 3282 inanis

2152 3237 2273 3291 aria:
2298 3237 2552 3306 cupidus,
2626 3234 2894 3304 probrum
2933 3249 3040 3286 non
3103 3231 3308 3294 ferens,
3345 3230 3448 3284 sibi
3475 3229 3590 3297 ipse
3623 3224 3746 3278 fau-

474 3348 570 3388 ces
601 3331 878 3402 praefocat.

550 3425 614 3476 λ’.
642 3423 781 3484 Τοὺς
809 3419 886 3472 ἔτι
905 3418 1215 3478 δειλιῶντας
1243 3414 1335 3467 τὸν
1359 3413 1495 3483 πρὸς
1521 3412 1587 3466 τὰ
1618 3410 1769 3480 πάθη
1796 3408 2055 3478 πόλεμον,

476 3518 574 3572 καὶ
604 3511 970 3584 φοϐουμένους
1004 3508 1100 3579 τὴν
1133 3506 1242 3560 τῶν
1291 3506 1539 3573 ἀοράτων
1583 3499 1794 3572 ἐχθρῶν
1842 3499 2060 3566 ἐπιδρο-

481 3609 613 3682 μὴν,
642 3605 854 3674 σιωπᾷν
892 3601 970 3654 δεῖ
1004 3617 1016 3632 ’
1053 3597 1318 3661 τουτέστι,
1351 3596 1440 3647 τὸν
1476 3593 1617 3663 ὑπὲρ
1642 3590 1844 3663 ἀρετῆς
1875 3589 2058 3658 άντιρΔ

481 3698 706 3773 ῥητικὺν
747 3696 822 3766 μὴ
879 3688 1350 3765 μεταχειρίζεσθαι
1402 3685 1604 3756 τρόπον
1637 3699 1650 3713 ·
1703 3681 1838 3735 ἀλλὰ
1884 3693 2062 3748 παρα-

481 3768 682 3862 χωρεῖν
713 3787 790 3858 τῷ
813 3783 931 3855 Θεῷ
963 3783 1029 3870 δις
1087 3781 1271 3851 εὐχῆς,
1332 3778 1428 3848 τὴν
1471 3775 1609 3846 ὑπὲρ
1652 3771 1861 3826 ἑαυτῶν
1912 3768 2066 3840 μέρι-

488 3901 627 3957 μναν
661 3899 674 3913 ·
713 3879 846 3949 πρὸς
876 3877 968 3940 οὒς
1001 3865 1059 3928 ἐν
1125 3871 1321 3940 Ἑξόδῳ
1346 3868 1565 3936 λέγεται
1594 3882 1608 3896 ·
1645 3865 1858 3932 Κύριος
1890 3867 2067 3916 πολε-

480 3956 663 4048 ⁸ζιήοέι
694 3974 826 4043 περὶ
877 3971 1064 4042 ὑμῶν,
1114 3967 1211 4022 καὶ
1250 3963 1420 4035 ὑμεῖς
1452 3961 1802 4030 σιγήσεσθε.
1849 3959 1986 4020 Τοὺς
2011 3956 2068 4010 δὲ

487 4073 594 4142 ἤδη
628 4067 766 4140 μετὰ
806 4065 902 4136 τὴν
937 4061 1215 4130 ἀναίρεσιν
1256 4056 1365 4110 τῶν
1401 4054 1726 4118 διωκόντων,
1781 4051 1906 4112 τοὺς
1961 4048 2070 4101 τῶν

488 4159 700 4230 ἀρετῶν
740 4151 1131 4226 ἐπιζητοῦντας
1164 4147 1402 4218 τρόπους
1448 4144 1582 4215 πρὸς
1620 4139 1937 4210 εὐγνώμονα
1967 4137 2072 4207 μά-

491 4228 671 4324 θησιν,
706 4251 820 4305 δέον
846 4249 989 4318 ἔχειν
1020 4244 1178 4316 μόνον
1201 4238 1544 4312 ἠνεῳγμένον
1579 4236 1678 4305 τῆς
1727 4233 1962 4324 διανοίας
2015 4228 2074 4324 τὸ

491 4318 587 4406 οὓς
617 4361 629 4374 ·
659 4318 812 4412 πρὸς
844 4338 936 4402 οὓς
964 4353 1150 4406 φησιν,
1181 4333 1399 4386 Ἀκουε
1442 4324 1699 4394 Ἰσραήλ.
1733 4321 1822 4392 Τῷ
1855 4321 1910 4373 δὲ
1944 4318 2074 4388 σφό-

494 4439 600 4508 δρα
628 4434 714 4490 διὰ
744 4434 842 4503 τὴν
871 4430 1166 4498 κάθαρσιν,
1191 4425 1287 4493 τῆς
1324 4420 1472 4483 θείοις
1502 4416 1776 4486 ἐφιεμένῳ
1797 4411 2074 4482 γνώσεως,

495 4532 755 4602 ἁρμόδιος
787 4529 820 4596 ἡ
852 4521 1084 4592 εὐλαϐὴς
1130 4516 1412 4590 παρρησία
1443 4531 1456 4544 ’
1496 4511 1632 4581 πρὸς
1673 4509 1733 4563 ὃν
1775 4508 2074 4578 εἰρήσεται,

506 4599 742 4689 Τι’-βοᾷς
771 4619 921 4685 πρός
953 4631 1064 4684 με;
1100 4608 1310 4664 Οὐκοῦν
1340 4609 1446 4677 ὅτῳ
1477 4606 1573 4676 μὲν
1603 4602 1781 4671 σιωπὴ
1806 4601 1891 4654 διὰ
1913 4599 2075 4667 φόϐον

501 4713 930 4784 προστέτακται,
964 4705 1273 4777 πρόσφορος

502 4807 651 4876 φυγή
681 4820 693 4833 ·
717 4805 824 4873 ὅτῳ
852 4801 910 4853 δὲ
960 4797 1182 4852 ἀκούειν
1227 4789 1687 4862 παρακελεύεται,

504 4875 640 4968 πρὸς
678 4893 926 4962 ὑπακοὴν
959 4890 1068 4942 τῶν
1108 4886 1267 4940 θείων
1299 4882 1527 4938 ἐντολῶν
1562 4877 1847 4950 ἑτοιμότης
1879 4893 1892 4905 ·
1928 4875 2007 4946 τῷ
2030 4875 2086 4926 δὲ

503 4966 817 5055 γνωστικῷ,
853 4981 912 5036 τὸ
959 4980 1024 5033 δι’
1083 4976 1294 5030 ἱκεσίαν
1354 4971 1658 5032 ἀπαύστως
1710 4969 1839 5040 βοᾷν
1905 4966 2089 5036 ἐπιτή-

2229 3410 2317 3463 50.
2363 3411 2464 3476 Qui
2511 3409 2693 3464 adhuc
2743 3409 3046 3463 timidiores
3097 3414 3244 3468 sunt,
3297 3421 3462 3475 quam
3508 3414 3568 3458 ut
3616 3406 3747 3461 belli

2162 3501 2360 3554 molem
2393 3501 2655 3554 adversus
2675 3499 3122 3568 perturbationes
3147 3494 3389 3563 vitiaque
3417 3494 3746 3560 sustineant,

2161 3586 2630 3654 invisibiliumque
2671 3585 2911 3638 hostium
2952 3582 3369 3652 impressionem
3415 3583 3748 3644 formidant,

2163 3692 2341 3748 Opera:
2359 3677 2591 3746 pretium
2617 3676 2687 3730 sit
2712 3683 2772 3728 ut
2798 3675 2994 3731 sileant
3012 3718 3025 3738 ,
3059 3673 3274 3727 tuenda:
3300 3673 3513 3728 scilicet
3533 3673 3753 3728 virtutis

2165 3779 2370 3839 partes,
2420 3768 2752 3824 adversariis
2804 3764 3208 3836 respondendo,
3256 3780 3366 3817 non
3412 3764 3749 3833 suscipiant;

2166 3859 2260 3916 sed
2292 3859 2346 3912 in
2379 3874 2569 3928 preces
2600 3857 2784 3923 eﬂ‘usi,
2820 3857 2904 3911 sui
2937 3870 3125 3910 curam
3162 3855 3272 3909 Deo
3306 3853 3661 3923 permittant;
3685 3870 3754 3907 ex

2168 3966 2400 4020 quorum
2438 3949 2663 4003 nomine
2714 3949 2768 4002 in
2818 3947 3007 4002 Exodo
3056 3945 3258 3999 dicitur
3303 3963 3315 3997 :
3367 3944 3621 3998 Dominus
3657 3962 3755 4014 pu-

2169 4043 2348 4115 gnabit
2380 4058 2474 4112 pro
2507 4042 2668 4105 vobis,
2703 4048 2751 4093 et
2776 4055 2862 4093 vos
2885 4039 3115 4098 tacebitis
3143 4038 3204 4090 ”.
3241 4035 3342 4102 Qui
3378 4045 3585 4099 autem,
3621 4037 3757 4089 sub-

2171 4132 2298 4188 latis
2351 4135 2464 4205 jam
2507 4129 2981 4202 persecutoribus,
3011 4128 3278 4182 virtutum
3310 4127 3597 4196 inquirunt
3637 4143 3759 4181 mo-

2174 4222 2294 4286 dos,
2347 4231 2564 4291 apertas
2609 4221 2874 4274 duntaxat
2916 4219 3158 4272 habeant
3207 4232 3431 4272 necesse
3473 4221 3559 4271 es‘t
3591 4216 3761 4270 animi

2177 4330 2359 4377 aures,
2409 4323 2470 4367 ut
2517 4312 2757 4367 candore
2794 4311 3120 4373 addiscant;
3176 4310 3244 4363 ad
3289 4326 3427 4379 quos
3450 4311 3526 4364 ait
3557 4328 3569 4364 :
3600 4312 3763 4376 Audi,

2178 4403 2348 4458 Israel
2385 4403 2447 4456 ιδ.
2481 4403 2619 4456 Eum
2667 4403 2907 4472 denique
2937 4403 3030 4471 qui
3067 4403 3379 4472 purgatiore
3415 4403 3621 4467 animo,
3652 4404 3765 4457 acri

2180 4498 2378 4552 divinae
2407 4495 2651 4551 scientia:
2675 4495 2951 4549 desiderio
2988 4502 3204 4558 azstuat,
3233 4493 3320 4563 pia
3355 4493 3516 4548 decet
3546 4494 3767 4562 religio-

2183 4605 2349 4659 saque
2400 4588 2674 4644 sermonis
2726 4586 2961 4652 ﬁducia;
3012 4587 3078 4639 ad
3130 4601 3292 4654 quem
3344 4584 3769 4649 dicetur:Quid
3863 4617 3866 4622 -

1315 4671 1537 4769 ambit,
1571 4694 1707 4764 πρὸς
1741 4692 1875 4744 Θεὸν
1907 4707 2077 4744 κατα-

2152 4685 2382 4738 'clamas
2434 4683 2504 4736 ad
2547 4697 2628 4735 me
2661 4681 2745 4733 ”*?
2779 4679 2881 4734 Cui
2914 4694 3044 4748 ergo
3076 4695 3189 4747 prae
3222 4679 3416 4730 timore
3447 4675 3650 4730 silentii
3684 4676 3765 4729 lex

1738 4784 1994 4855 ἁρμόδιος
2049 4784 2083 4852 ἡ
2181 4774 2360 4844 posita
2389 4781 2493 4838 est,
2529 4772 2582 4826 id
2623 4787 2791 4825 unum
2828 4769 3100 4839 congruit,
3139 4777 3198 4822 ut
3243 4767 3310 4820 ad
3354 4767 3526 4820 Deum
3573 4765 3769 4818 confu-

2184 4867 2295 4937 giat
2320 4885 2332 4919 :
2361 4866 2410 4920 ei
2446 4873 2630 4919 autem
2671 4863 2763 4931 qui
2795 4862 2986 4916 audire
3029 4861 3278 4930 jubetur,
3311 4872 3493 4927 opera:
3527 4857 3770 4926 pretium

2185 4967 2247 5012 ut
2279 4956 2482 5012 divinis
2527 4953 2799 5008 mandatis
2838 4961 3126 5022 proruptus
3171 4949 3453 5003 ohaudiat.
3497 4949 3770 5002 Caeterum

504 5079 669 5142 δειον,
707 5075 846 5144 ὑπὲρ
885 5089 945 5125 τε
972 5071 1071 5140 τῆς
1113 5068 1223 5121 τῶν
1271 5064 1458 5120 κακῶν
1496 5062 1832 5131 ἀποτροπῆς,
1875 5059 1968 5114 καὶ
1997 5057 2077 5111 εὐ-

2189 5049 2353 5102 docto
2385 5061 2449 5100 ac
2479 5044 2717 5115 spiritali
2754 5052 2938 5113 aptum
2977 5042 3027 5095 id
3061 5058 3123 5094 ac
3160 5040 3439 5099 idoneum,
3465 5049 3531 5091 ut
3561 5037 3773 5107 suppli-

507 5171 796 5242 χαριστίας
824 5167 924 5236 τῆς
950 5164 1058 5218 τῶν
1086 5160 1306 5230 ἀγαθῶν
1347 5157 1657 5229 μετουσίας.

581 5341 682 5393 λα’.
725 5336 992 5392 Οὐδέποτε
1039 5331 1188 5402 ψυχὴ
1233 5308 1459 5382 δύναται
1494 5324 1632 5396 πρὸς
1682 5320 1884 5390 γνῶσιν
1926 5319 2084 5372 ἑκτα-

512 5432 676 5500 θῆυαι
702 5429 943 5495 amaret
981 5425 1055 5496 μὴ
1090 5421 1255 5485 αὐτὸς
1283 5423 1311 5474 ό
1334 5420 1468 5482 Θεὸς
1505 5411 1914 5486 συγκαταϐἀσει
1952 5426 2092 5482 χρη-

516 5523 753 5592 σάμενος
791 5518 996 5590 amat
1038 5515 1232 5583 αὐτῆς,
1277 5510 1374 5565 καὶ
1415 5507 1670 5578 ἀναγάγῃ
1701 5503 1839 5575 πρὸς
1878 5502 2091 5557 ἑαυτόν.

590 5635 801 5692 ’Galat.
827 5649 887 5701 ιι,
909 5635 964 5688 4.
1041 5631 1084 5663 ¹⁰
1105 5627 1300 5685 Matth.
1321 5642 1376 5693 x,
1401 5625 1453 5681 8.
1530 5623 1572 5655 “
1611 5619 1818 5675 Matth.
1844 5633 1970 5683 xxv,
2010 5616 2099 5670 24.

522 5705 610 5763 15.

2187 5138 2360 5194 cando
2377 5138 2718 5192 incessanter
2736 5136 2951 5199 clamet,
2977 5144 3088 5188 tum
3116 5135 3253 5187 mala
3276 5130 3558 5186 avertendi
3585 5146 3771 5194 causa,

2186 5239 2302 5283 tum
2330 5238 2391 5283 ut
2418 5227 2486 5281 de
2517 5226 2789 5297 perceptis
2814 5225 2974 5279 bonis
3002 5223 3203 5295 gratias
3231 5232 3372 5293 agat.

2257 5319 2531 5391 46851.
2557 5317 2843 5386 Nunquam
2880 5316 2970 5370 ﬁat
3000 5317 3259 5371 utanima
3286 5315 3352 5371 ad
3382 5315 3476 5369 Dei
3510 5329 3567 5368 se
3598 5315 3779 5368 scien-

2192 5411 2322 5465 tiam
2369 5409 2650 5471 extendat,
2684 5407 2816 5476 quin
2852 5407 3016 5470 Deus,
3046 5423 3152 5475 qua
3187 5423 3245 5461 se
3281 5405 3356 5459 illi
3407 5403 3648 5459 demittit
3693 5403 3779 5456 in-

2192 5499 2509 5562 clinatione,
2545 5497 2778 5567 benigue
2821 5498 3218 5566 apprchcnsam
3250 5497 3314 5551 ad
3351 5512 3408 5550 se
3436 5495 3776 5550 subvexerit.

2180 5616 2221 5646 “
2265 5613 2434 5668 Exod.
2487 5629 2596 5680 xw,
2637 5613 2724 5666 M.
2817 5612 3040 5666 "Deut.
3097 5626 3168 5677 vr,
3216 5612 3269 5664 4.
3374 5611 3416 5640 ⁸⁸
3464 5607 3635 5661 Exod.
3667 5623 3776 5672 xw,
