4076 6450
489 303 627 370 1095

1657 293 1714 354 S.
1759 292 2046 355 ΜΛΧΙΜΙ
2084 288 2592 350 CONFESSOPJS

3601 292 3719 364 1096

482 421 596 476 Nec
616 418 766 472 enim
794 427 1034 483 unquam
1064 426 1218 466 mens
1245 410 1484 463 humana
1510 407 1590 464 sic
1619 423 1920 463 excurrere
1952 422 2075 476 pos-

2186 406 2251 458 υύ
2287 403 2396 475 γὰρ
2433 403 2497 455 ἂν
2523 402 2774 456 τοσοῦτον
2810 403 3030 474 ἰσχυσεν
3052 402 3381 474 ἀναδραμεῖν
3414 403 3722 476 ἀνθρώπινος

482 520 568 568 set
607 524 673 564 ac
714 521 1020 578 cmergere,
1071 516 1132 560 ut
1175 503 1379 559 divinae
1424 501 1635 573 aliquid
1686 499 2073 556 illustrationis

482 601 816 673 perciperet,
852 596 958 652 nisi
983 611 1107 651 eam
1141 595 1288 651 Deus
1313 593 1619 649 attralieret
1644 592 1933 664 (quantum
1965 590 2069 644 bu-

486 708 662 748 manae
698 690 867 746 menti
903 702 1231 745 concessum
1263 694 1349 742 est
1383 693 1445 741 ιιι
1479 683 1807 756 attrahatur)
1841 682 2072 737 divinis-

501 800 609 854 que
645 784 820 854 ipsam
850 781 1158 853 fulgoribus
1182 780 1503 834 illustraret.

552 876 642 930 52.
678 875 786 942 Qui
832 874 1137 945 discipulos
1173 872 1388 928 Domini
1430 871 1702 934 imitatur,
1735 884 1843 922 non
1888 867 2075 924 deter-

484 976 641 1023 retur
678 967 1081 1022 Pharisaeorum
1128 974 1315 1028 metu,
1371 964 1506 1034 quin
1554 963 1660 1018 iter
1703 962 1942 1018 Sabbato
1977 977 2077 1031 per

481 1070 604 1117 sata
648 1060 870 1125 habeat,
915 1074 982 1114 ac
1013 1059 1193 1129 spicas
1231 1057 1399 1113 vellat
1428 1056 1473 1087 ¹⁵
1501 1074 1514 1110 :
1545 1055 1641 1111 sed
1677 1062 1802 1125 post
1842 1053 2078 1110 actionis

482 1152 725 1220 labores,
759 1150 1144 1222 impcrtu‘rbati
1171 1151 1338 1206 animi
1376 1149 1831 1220 tranquillitatem
1859 1157 2075 1213 nactus,

484 1254 803 1300 creatorum
842 1243 1109 1308 rationes,
1144 1242 1238 1313 qui
1284 1242 1372 1313 pie
1402 1242 1591 1297 divina
1629 1256 1817 1296 rerum
1848 1239 2078 1295 scientia

484 1338 693 1402 alatur,
728 1334 989 1406 sublegit.
1662 1407 1667 1411 _

557 1427 646 1481 55.
674 1425 779 1492 Qui
813 1422 1096 1495 Evangelii
1124 1421 1417 1492 disciplina
1449 1420 1625 1476 solum
1656 1418 1832 1473 fidelis
1855 1426 1961 1483 est,
1990 1433 2081 1473 ac-

489 1518 656 1574 tionis
686 1517 840 1572 cultu
875 1515 994 1570 vitii
1024 1530 1054 1569 a
1098 1529 1158 1569 se
1201 1529 1267 1567 ac
1300 1512 1588 1583 pravitatis
1622 1520 1865 1566 montem
1893 1520 2078 1565 trans-

487 1610 596 1664 fert
621 1609 687 1675 “,
708 1622 920 1681 earum
953 1620 1138 1661 rerum
1170 1620 1292 1675 quae
1328 1604 1384 1658 in
1415 1619 1641 1660 sensum
1669 1603 1876 1659 cadunt
1912 1603 2082 1658 insta-

488 1700 587 1756 bili
611 1699 976 1763 volubilitate,
1008 1698 1248 1769 priorem
1276 1712 1308 1751 a
1335 1711 1395 1751 se
1425 1696 1799 1764 affectionem,
1833 1711 1943 1767 qua
1970 1695 2081 1750 illis

2174 496 2320 561 νοῦς,
2346 498 2424 562 ὡς
2459 497 2847 552 ἀντιλαϐέσθαι
2874 500 3019 561 τινὸς
3049 497 3202 560 θείας
3234 496 3563 570 ἐλλάμψεως,
3587 502 3633 555 εί
3656 505 3722 577 μὴ

2174 588 2337 652 αὐτὸς
2383 590 2412 642 ὁ
2450 589 2583 652 Θεὸς
2616 588 2926 643 ἀνέσπασεν
2967 586 3155 655 αὐτὸν,
3194 588 3271 651 ὼς
3302 588 3524 643 δυνατὸν
3549 586 3610 663 ἦν
3644 595 3727 647 ἀν-

2176 681 2448 752 θρώπινον
2473 683 2600 736 νοῦν
2629 682 3071 753 ἀνασπασοῆναι,
3108 682 3201 735 καὶ
3219 683 3337 745 ταῖς
3359 681 3524 746 θείαις
3545 685 3727 754 αὐγαῖς

2176 774 2569 844 κατεφώτισεν.

2247 868 2348 940 λβ’.
2403 871 2461 923 '0
2496 871 2622 933 τοὺς
2663 868 2910 940 μαθητὰς
2974 869 3069 920 τοῦ
3132 867 3337 939 Κυρίου
3398 884 3727 942 μιμουμενος,

2177 961 2239 1013 οὐ
2300 966 2651 1033 παραιτεῖται
2697 961 2788 1015 διὰ
2833 962 2957 1025 τοὺς
3002 961 3331 1031 Φαρισαίους
3359 961 3472 1014 ὁδὸν
3498 966 3656 1016 ποιεῖν
3681 969 3731 1019 ὲν

2180 1055 2446 1125 Σαϐϐάτῳ
2478 1053 2565 1108 διὰ
2593 1054 2703 1107 τῶν
2739 1053 3049 1125 σπορίμων,
3086 1052 3181 1106 καὶ
3236 1053 3472 1125 στάχυας
3517 1054 3699 1110 τίλλειν
3714 1042 3739 1122 ,-

2178 1144 2316 1199 am
2340 1144 2479 1216 μετὰ
2506 1143 2606 1216 τὴν
2632 1145 2946 1215 πρακτικὴν
2974 1146 3032 1196 ὲν
3052 1147 3119 1215 τῇ
3152 1143 3390 1217 ἀπαθείᾳ
3439 1147 3729 1217 γενόμενος,

2178 1243 2306 1304 τοὺς
2362 1239 2553 1309 λόγους
2597 1240 2924 1309 ἀναλέγεται
2968 1239 3079 1292 τῶν
3129 1240 3456 1308 γεγονότων,
3513 1240 3733 1307 εὐσεϐῶς

2179 1332 2280 1404 τὴν
2301 1333 2454 1387 θείαν
2480 1332 2591 1386 τῶν
2626 1333 2796 1386 ὄντων
2825 1332 3140 1403 ἐπιστήμην
3158 1332 3508 1402 τρεφόμενος.

2252 1428 2355 1495 λγί.
2406 1427 2465 1480 Ὀ
2499 1426 2640 1480 κατὰ
2672 1426 2733 1478 τὸ
2776 1425 3106 1494 Εὐαγγέλιον
3145 1424 3215 1496 (e)
3258 1424 3418 1495 μόνον
3452 1425 3650 1489 πιστὸς,
3680 1427 3734 1480 τὸ

2180 1522 2303 1593 ὅρος
2333 1521 2430 1591 τῆς
2464 1519 2661 1581 κακίας
2704 1517 2872 1572 αὐτοῦ
2914 1518 3003 1572 διὰ
3053 1517 3303 1588 πράξεως
3357 1516 3692 1588 μετατίθησιν
3719 1538 3731 1551 ·

2182 1612 2577 1685 ἀπωθούμενος
2628 1610 2823 1664 ἑαυτοῦ
2870 1613 2934 1681 τῇ
2970 1611 3188 1681 ἀστάτῳ
3220 1611 3492 1681 περιφορᾷ
3520 1610 3620 1663 τῶν
3646 1611 3737 1663 ὑπὸ

2183 1704 2458 1774 αἴσθησιν,
2498 1703 2599 1773 τὴν
2634 1704 2719 1755 ἐπ’
2753 1703 2938 1765 αὐτοῖς
2972 1718 3047 1771 πρ
3079 1701 3248 1771 τέραν
3295 1700 3555 1753 διάθεσιν.
3605 1701 3657 1754 Ὀ
3686 1700 3735 1753 δὲ

487 1793 867 1858 addieebatur,
900 1792 1208 1848 excutiens.
1235 1790 1346 1858 .Qui
1394 1799 1579 1845 autem
1622 1790 1934 1860 discipulus
1958 1803 2078 1845 esse

2187 1797 2435 1868 μαθητὴς
2467 1791 2604 1848 εἶναι
2641 1796 2960 1863 δυνάμενος,
3006 1798 3071 1847 ὲκ
3106 1793 3197 1846 τοῦ
3257 1792 3433 1862 Λόγου
3475 1793 3736 1863 δεχόμενος

489 1885 670 1954 potuit
697 1884 1029 1955 spiritalium
1060 1900 1124 1938 ac
1168 1882 1413 1939 scientiae
1454 1899 1655 1954 panum
1700 1882 2023 1953 fragmentis
2051 1896 2082 1935 a

487 1976 671 2033 Verbo
705 1977 760 2031 in
804 1991 1001 2032 manus
1046 1977 1308 2046 acceptis,
1340 1976 1630 2031 turbarum
1676 1976 1852 2030 millia
1884 1975 2079 2046 pascit,

487 2067 621 2122 dum
666 2068 942 2123 sermonis
989 2066 1099 2122 vim
1136 2069 1354 2124 actione
1387 2068 1676 2124 adauctam
1710 2083 1773 2124 ac
1814 2065 2084 2137 multipli-

486 2166 666 2213 catam
717 2158 965 2231 ostendit
1001 2160 1068 2214 ιτ.
1117 2158 1223 2227 Qui
1264 2174 1404 2215 vero
1449 2161 1616 2215 etiam
1664 2159 1721 2213 in
1771 2159 2083 2229 apostolum

486 2265 815 2321 promovere
845 2251 1055 2317 valuit,
1096 2267 1317 2307 onmem
1364 2252 1621 2307 morbum
1666 2266 1731 2307 ac
1761 2251 2083 2324 languorem

488 2349 678 2407 sanat,
722 2339 993 2394 daemonia
1021 2340 1250 2412 ejiciens
1281 2339 1564 2412 (vitiorum
1607 2338 1822 2395 scilicet
1850 2354 1913 2394 ac
1947 2339 2082 2394 affe-

489 2441 681 2487 ctuum
704 2432 816 2486 vim
852 2430 1092 2503 fugane),
1111 2440 1348 2503 aegrotos
1379 2445 1615 2496 curans;
1640 2445 1839 2500 nempe
1865 2428 1931 2484 ad
1963 2428 2083 2499 pic-

494 2523 622 2577 tatis
660 2522 937 2588 habitum,
976 2536 1075 2577 eos
1107 2522 1201 2592 qui
1235 2523 1326 2577 illa
1365 2521 1566 2592 privati
1597 2520 1730 2586 sint,
1760 2520 1877 2590 spei
1905 2519 2081 2574 admi-

494 2613 682 2667 niculo
704 2627 1003 2680 revocans;
1036 2627 1102 2667 ac
1128 2628 1241 2682 prae
1270 2611 1502 2683 segnitie
1527 2611 1807 2666 molliores
1829 2609 2080 2673 effectos,

486 2703 683 2775 judicii
750 2718 1006 2759 sermone
1061 2703 1373 2775 astringens
1431 2702 1495 2756 ⁸⁸.
1551 2700 1657 2769 Qui
1717 2701 1868 2756 enim
1917 2715 2086 2770 super

489 2804 783 2864 serpentes
823 2800 880 2847 et
920 2793 1239 2863 scorpiones
1270 2793 1487 2847 calcare
1510 2792 1699 2863 jussus
1730 2799 1815 2846 est
1851 2790 1913 2857 ¹⁹,
1955 2805 2085 2861 pec-

490 2885 601 2941 cati
626 2885 959 2955 principium
988 2900 1053 2939 ac
1086 2884 1252 2940 tinem
1283 2884 1488 2939 abolet.

562 2977 654 3031 54.
687 2976 1006 3046 Apostolus,
1029 2976 1258 3030 omnino
1281 2975 1448 3030 etiam
1483 2973 1791 3044 discipulus
1813 2988 1877 3029 ac
1910 2972 2086 3030 fideiis

491 3076 606 3133 est;
643 3067 948 3137 discipulus
976 3075 1184 3128 autem,
1218 3081 1332 3121 non
1359 3065 1583 3135 quidem
1615 3066 1842 3121 omnino
1868 3077 2088 3136 aposto-

495 3160 605 3224 lus,
628 3171 686 3215 at
714 3160 879 3229 plane
904 3158 1083 3215 ﬁdelis
1103 3169 1207 3215 est.
1228 3159 1335 3227 Qui
1364 3168 1548 3215 autem
1570 3160 1749 3214 solum
1772 3168 1863 3215 est
1883 3161 2082 3227 ﬁdelis,
2112 3151 2117 3155 ’

495 3251 546 3307 is
588 3268 690 3306 nec
724 3251 1033 3322 discipulus
1065 3267 1169 3307 nec
1208 3251 1491 3321 apostolus
1528 3258 1633 3306 est.
1680 3251 1869 3306 Potest
1904 3260 2085 3306 tamen

497 3345 606 3401 rite
656 3343 924 3400 institutis
966 3344 1094 3400 vitae
1145 3343 1453 3398 rationibus
1495 3358 1560 3398 ac
1603 3342 2087 3412 contemplationis

495 3437 672 3502 cultu,
706 3444 821 3491 tum
870 3435 1070 3492 tertius
1115 3433 1182 3489 ad
1218 3432 1448 3489 secundi
1493 3434 1724 3488 classem
1757 3448 1822 3488 ac
1853 3432 2089 3505 dignita-

499 3538 610 3584 tem
645 3529 902 3592 transire,
933 3534 1049 3582 tum
1079 3526 1358 3581 secundus
1385 3525 1453 3581 ad
1484 3525 1673 3595 primi.

567 3635 655 3691 55.
688 3633 1041 3703 Quaecunque
1089 3632 1144 3686 in
1179 3639 1427 3700 tempore
1465 3645 1532 3684 ex
1567 3630 1830 3701 temporis
1859 3629 2087 3685 rationi-

499 3724 604 3779 bus
662 3731 1062 3794 procreantur,
1119 3720 1650 3775 consummationem
1707 3730 1866 3777 nacta
1922 3733 2088 3792 atque

497 3810 707 3877 adulta,
726 3818 977 3865 cessante
1002 3807 1240 3863 naturali
1260 3816 1576 3878 augmento,
1603 3825 1633 3863 a
1654 3819 1806 3864 motu
1827 3811 2089 3882 conquie-

497 3911 685 3958 scunt.
714 3900 1071 3972 Quaecunque
1111 3908 1296 3956 autem
1340 3900 1438 3956 Dei
1483 3901 1715 3957 scientia
1760 3916 1829 3957 ex
1868 3903 2091 3960 virtutis

498 3994 807 4050 rationibus
837 4001 1121 4066 operatur,
1169 4008 1296 4049 cum
1340 3993 1452 4064 jam
1503 3993 1752 4065 perfecta
1795 3993 2004 4051 fuerint
2033 4006 2092 4052 et

495 4071 719 4151 adulta,
766 4085 836 4141 ad
890 4086 1070 4157 majus
1116 4085 1314 4141 iterum
1363 4093 1723 4157 augmentum
1771 4096 2089 4143 moventur.

496 4177 725 4232 lllorum
770 4176 922 4231 enim
970 4175 1144 4241 ﬁnes,
1191 4176 1426 4231 aliorum
1459 4175 1616 4230 initia
1646 4174 1941 4231 exsistunt.
1984 4175 2090 4243 Qui

496 4271 649 4325 enim
680 4270 952 4325 virtutum
987 4268 1140 4324 cultu
1179 4269 1233 4321 in
1264 4282 1324 4323 se
1355 4268 1473 4338 ipse
1496 4282 1691 4322 eorum
1714 4282 1837 4338 qua:
1860 4268 2091 4324 interitu

499 4370 739 4432 pereunt
779 4376 879 4430 per
908 4359 1183 4415 actionem
1230 4374 1263 4413 a
1302 4359 1486 4428 seipso
1529 4358 1698 4431 469
1725 4359 2091 4416 substantiam

2184 1887 2341 1959 χερσὶ
2365 1888 2473 1940 τῶν
2502 1886 2818 1955 γνωστικῶν
2845 1885 3024 1954 ἄρτων
3073 1885 3141 1938 τὰ
3188 1882 3500 1954 κλάσματα,
3546 1884 3739 1954 διατρέ.

2185 1998 2277 2051 φει
2326 1980 2569 2052 χιλιάδας
2603 1996 2617 2011 ⁸
2667 1977 2868 2050 πράξει
2926 1977 3141 2040 δεικνὺς
3187 1975 3598 2047 πληθυνομένην
3653 1976 3737 2028 τοῦ

2182 2075 2343 2144 λόγου
2388 2074 2486 2145 τὴν
2538 2074 2787 2144 δύναμιν.
2850 2071 2908 2127 ’0
2952 2072 3006 2126 δὲ
3047 2073 3141 2125 καί
3184 2070 3508 2134 ’Δπόστολος
3538 2071 3740 2143 ἰσχύσας

2183 2163 2347 2224 εἶναι.
2402 2167 2582 2219 πᾶσαν
2633 2164 2873 2237 ίατρεύει
2923 2163 3079 2216 νόσον
3107 2164 3201 2215 καὶ
3232 2161 3525 2232 μαλακίαν,
3562 2162 3739 2216 ἐκϐάλ-

2182 2258 2290 2313 λων
2319 2258 2572 2330 δαιμόνια
2607 2273 2621 2289 ·
2653 2257 2925 2324 τουτέστι,
2964 2254 3064 2327 τὴν
3088 2254 3195 2308 τῶν
3225 2253 3416 2307 παθῶν
3448 2254 3741 2324 φυγαδεύων

2184 2352 2468 2423 ἐνέργειαν
2496 2368 2509 2383 ο
2555 2349 2849 2413 νοσοῦντας
2889 2347 3142 2419 ἰώμενος,
3177 2345 3317 2418 πρὸς
3345 2345 3458 2411 ἕξιν
3482 2345 3741 2410 εὖσεόείας

2182 2446 2310 2511 τοὺς
2337 2442 2701 2516 στερηθέντας
2743 2441 2916 2512 αὐτῆς
2949 2440 3019 2493 δι’
3061 2439 3276 2504 ἐλπίδος
3330 2439 3632 2506 ἐπανάγων,
3664 2439 3742 2491 καὶ

2183 2537 2314 2601 τοὺς
2342 2535 2411 2590 δι’
2450 2535 2613 2590 ὄκνον
2642 2531 3104 2605 μαλακισθέντας,
3142 2531 3462 2600 ἐπιστύφων
3494 2529 3569 2601 τῷ
3618 2529 3742 2599 λόγῳ

2185 2630 2283 2700 τῆς
2317 2628 2571 2700 κρίσεως.
2605 2628 2802 2681 Πατείν
2816 2625 2926 2696 γὰρ
2959 2626 3146 2679 ἐπάνω
3173 2625 3354 2694 ὄφεων
3377 2624 3470 2677 καὶ
3491 2622 3744 2692 σκορπίων

2186 2714 2525 2782 κελευσθεὶς,
2556 2716 2730 2787 ἀρχὴν
2760 2715 2857 2768 καὶ
2879 2714 3036 2778 τέλος
3079 2713 3180 2783 τῆς
3231 2714 3509 2784 ἁμαρτίας
3567 2709 3746 2780 ἐξαφα-

2185 2803 2343 2869 νίζει.

2256 2982 2352 3037 λδ¹.
2392 2982 2452 3034 '0
2494 2978 2819 3041 ’Λπόστολος
2844 2975 2940 3031 καὶ
2975 2974 3249 3048 μαθητὴς,
3282 2975 3502 3038 πάντως
3528 2973 3636 3028 ἐστὶ
3662 2973 3747 3031 καὶ

2189 3076 2384 3138 πιστός
2410 3091 2426 3107 ·
2453 3076 2481 3128 ὁ
2508 3073 2564 3127 δὲ
2589 3072 2839 3143 μαθητὴς
2866 3073 2943 3128 ,οὐ
3001 3069 3220 3132 πάντως
3251 3068 3354 3140 μὲν
3413 3068 3507 3122 καὶ
3535 3067 3747 3122 ἀπόστο·

2188 3169 2277 3231 λος
2313 3206 2327 3228 ,
2356 3166 2573 3229 πάντως
2596 3164 2653 3218 δὲ
2695 3163 2907 3227 πιστός.
2955 3163 3014 3216 '0
3059 3162 3115 3216 δὲ
3168 3161 3334 3233 μόνον
3385 3161 3586 3228 πιστὸς,
3638 3159 3749 3217 οὔτε

2193 3257 2441 3330 μαθητὴς
2472 3254 2595 3310 οὔτε
2621 3255 2920 3319 ἀπόστολός
2945 3255 3063 3307 ἐστι
3091 3270 3104 3285 ο
3136 3253 3276 3322 πλὴν
3299 3253 3520 3306 δύναται
3541 3253 3624 3306 διὰ
3645 3251 3748 3323 βίον

2188 3355 2281 3409 καὶ
2321 3354 2579 3426 θεωρίας,
2617 3353 2712 3406 καὶ
2739 3354 2769 3406 ὁ
2803 3352 2989 3423 τρίτος
3016 3351 3095 3414 είς
3118 3353 3216 3421 τὴν
3239 3348 3336 3402 τοῦ
3373 3348 3640 3419 δευτέρου,
3666 3343 3750 3398 καὶ

2187 3448 2215 3500 ὁ
2245 3446 2499 3517 δεύτερος
2539 3447 2617 3509 εἰς
2667 3443 2765 3517 τὴν
2793 3443 2888 3498 τοῦ
2935 3441 3155 3515 πρώτου
3190 3441 3579 3513 μετενεχθῆναι
3613 3435 3749 3502 τάξιν

2187 3539 2283 3593 καὶ
2322 3537 2499 3602 ἀξίαν.

2259 3630 2353 3684 λε’.
2373 3630 2517 3683 Ὅσα
2545 3629 2644 3702 μὲν
2663 3630 2722 3684 ὲν
2745 3628 2924 3701 χρόνῳ
2948 3627 3088 3682 κατᾶ
3117 3627 3310 3702 χρόνον
3327 3628 3523 3699 δημιου
3533 3624 3746 3696 ργεῖτιιι⁹

2188 3719 2543 3774 τελειωθέντα
2575 3719 2814 3781 ἵσταται,
2851 3719 3092 3790 λήγοντα
3115 3719 3213 3789 τῆς
3239 3718 3384 3774 κατὰ
3417 3717 3574 3787 φύσιν
3598 3711 3747 3783 αὐξή-

2190 3829 2348 3873 σεως.
2404 3811 2549 3865 Ὅσα
2577 3811 2635 3864 δὲ
2674 3811 2798 3864 κατ’
2835 3811 3039 3882 ἀρετὴν
3084 3812 3369 3884 ἐπιστήμη
3409 3809 3543 3864 Θεοῦ
3569 3824 3751 3879 κατερε

2189 3902 2438 3973 γάζεται,
2463 3901 2821 3957 τελειωθέντα
2861 3902 3025 3956 πάλιν
3070 3905 3304 3957 κινεῖται
3340 3903 3478 3977 πρὸς
3520 3901 3748 3972 αὔξησιν.

2191 3994 2273 4046 Τὰ
2310 3992 2419 4063 γὰρ
2466 3992 2594 4063 τέλη
2644 3993 2845 4061 αὐτῶν,
2888 3994 3091 4066 ἑτέρων
3136 3995 3306 4067 ἀρχαὶ
3343 3979 3746 4065 καθεστήκασιν.

2202 4082 2262 4136 '0
2293 4082 2403 4153 γὰρ
2427 4082 2793 4147 καταπαύσας
2827 4085 2886 4137 ὲν
2918 4085 3097 4157 ἑαυτῷ
3126 4085 3216 4139 διὰ
3249 4085 3363 4139 τῶν
3393 4084 3600 4158 ἀρετῶν
3623 4079 3751 4136 κατὰ

2190 4173 2291 4246 τὴν
2326 4175 2527 4246 πρᾶξιν
2548 4174 2647 4247 τὴν
2668 4175 2777 4230 τῶν
2811 4176 3186 4248 φθειρομένων
3216 4177 3516 4233 ὑπόστασιν
3544 4175 3626 4248 (ι’),
3646 4172 3750 4227 ἑτέ-

2192 4283 2304 4338 ρων
2334 4266 2616 4339 ἀπήρξατο
2646 4265 2935 4338 θειοτέρων
2963 4267 3375 4323 διατυπώσεωνο
3407 4267 3637 4323 παύεται
3654 4266 3750 4337 γὰρ

2190 4357 2448 4412 οὐδέποτε
2481 4356 2591 4411 τῶν
2616 4358 2799 4413 καλῶν
2819 4359 2848 4411 ὁ
2884 4358 3038 4423 Θεὸς,
3087 4351 3161 4412 ὧν
3191 4360 3311 4414 οὐδὲ
3358 4359 3531 4433 ἀρχὴν
3589 4359 3747 4428 ἔσχεν.

498 4453 753 4520 abstulit,
779 4453 944 4522 eique
976 4453 1140 4507 linem
1178 4451 1463 4521 imposuit,
1495 4450 1799 4508 diviniores
1830 4451 1967 4509 alias
2005 4453 2085 4508 in-

2192 4449 2294 4512 ’Ὤς
2327 4449 2438 4519 γὰρ
2471 4449 2649 4517 φωτὸς
2692 4449 2824 4503 ἴδιον
2860 4450 2923 4504 τὸ
2965 4450 3245 4521 φωτίζειν,
3276 4451 3449 4516 οὕτως
3478 4451 3604 4506 ἴδιον
3632 4444 3750 4501 θεοῦ

501 4545 865 4600 formationes
888 4543 1189 4598 inchoavit.
1218 4543 1511 4613 Nunquam
1538 4543 1685 4611 enim
1704 4544 1852 4600 Deus
1877 4559 1908 4600 a
1930 4544 2092 4601 bonis

577 4659 620 4692 ιδ
656 4658 792 4721 Luc.
815 4672 892 4724 vl,
917 4656 970 4710 1.

574 4775 649 4901 (eg
683 4776 736 4828 '0
759 4773 910 4828 κατὰ
934 4771 1001 4826 τὸ
1031 4771 1417 4840 Euan-utor.
1445 4768 1543 4823 Est
1574 4767 1716 4822 istud
1744 4768 1979 4838 primum
2007 4768 2093 4822 in-

574 4865 588 4901 π
646 4845 785 4901 larci
830 4843 1010 4901 capita
1041 4839 1302 4901 νηπτικά,
1337 4854 1459 4901 quae
1489 4838 1650 4893 nobis
1687 4846 1924 4901 exstant,
1961 4838 2091 4893 Pico

502 4838 785 4906 ter‘L‘larci
830 4843 1010 4913 capita
1041 4838 1302 4913 νηπτικά,
1337 4838 1650 4913 quaenobis
1687 4846 1924 4913 exstant,
1961 4838 2091 4913 Pico

499 4919 687 4983 edita;
717 4915 870 4970 velut
897 4908 1067 4976 dicas,
1096 4908 1288 4983 Capita
1336 4909 1400 4962 de
1440 4908 1756 4983 disciplina;
1787 4909 1991 4978 quibus
2020 4908 2091 4983 ad

500 4978 864 5044 sobrietatem
897 4998 1078 5038 mores
1110 4978 1547 5050 componuntur.
1572 4978 1649 5033 De
1691 4994 1800 5047 qua
1842 4994 1975 5033 voce
2004 4978 2091 5050 vi-

502 5057 669 5113 dendi
706 5055 961 5125 llcsych.
1008 5051 1163 5107 Suid.
1216 5049 1438 5125 et_alii.
1488 5049 1677 5125 ficus,
1726 5049 2092 5119 temperantia:

502 5124 764 5183 reddidit.
799 5118 962 5180 G'ravi
1004 5135 1194 5176 errore
1233 5119 1445 5174 laborat
1487 5118 1651 5172 Marci
1688 5127 1890 5185 textus,
1920 5134 2086 5187 quem

505 5198 670 5251 Picus
700 5195 985 5263 sequitur;
1019 5191 1165 5263 apud
1194 5205 1365 5263 quem
1401 5196 1519 5263 est,_
1546 5191 1646 5263 τῂν
1675 5187 1780 5263 ὑπο
1812 5188 2083 5263 αἴσθησιν,

503 5271 602 5337 τὴν
631 5264 716 5317 ἐπ’
757 5258 942 5337 αυτῇς·
976 5258 1124 5337 (ιιιρᾱ
1156 5258 1271 5337 non
1314 5258 1419 5337 nisi
1472 5259 1540 5337 ab
1588 5258 1843 5337 imperita
1892 5259 2087 5337 scribae

504 5329 693 5399 manu,
725 5333 810 5387 vel
835 5329 956 5403 eius
1000 5329 1075 5385 ’ui
1099 5330 1390 5401 exscripsit
1417 5330 1729 5396 oscitantia,
1758 5329 1937 5398 potuit
1964 5345 2091 5399 pro—

504 5405 707 5456 ﬁcisci:
749 5348 1137 5456 fuituueqPico
1164 5401 1324 5456 facile
1365 5399 1686 5456 emendare.
1727 5410 1790 5453 ut
1829 5408 1915 5454 est
1943 5398 2088 5456 apud

504 5405 707 5471 licisci;
749 5398 968 5473 fuitque
998 5398 1137 5473 Pico
1164 5398 1324 5473 facile
1365 5399 1703 5473 emendare,
1727 5410 1802 5473 ut_
1829 5408 1915 5473 est
1943 5398 2088 5473 apud

506 5469 821 5540 Maximum,
857 5469 965 5526 τῶν
1012 5472 1116 5524 ὑπὸ
1159 5471 1431 5540 αἴσθησιν,
1479 5470 1578 5592 τίὲν
1617 5470 1705 5524 ἐπ’
1744 5469 1950 5534 αὐτοῖς,
2004 5469 2089 5523 vel

506 5547 551 5592 si
589 5548 659 5592 ita
710 5542 1059 5592 antiquarius
1097 5541 1343 5592 erravit:
1370 5540 1448 5592 τῶ
1490 5538 1521 5592 λ
1553 5557 1634 5592 γω
1684 5540 1784 5592 τῆς
1834 5541 2086 5592 misso):

503 5547 555 5602 si
588 5548 662 5601 ita
710 5538 1060 5615 antiquarius
1097 5538 1343 5615 erravit:
1370 5540 1448 5615 τῷ
1490 5538 1634 5615 λόγῳ
1659 5540 1808 5615 ,τῆς-
1834 5541 2086 5615 κρίσεως·

505 5615 649 5685 apud
681 5609 972 5685 Μετοξτῆς
1000 5610 1354 5685 πίστεωςχιη,
1372 5609 1490 5685 ﬁne
1507 5609 1723 5680 capitis,
1741 5609 1850 5685 :ubi
1877 5609 2089 5685 haben-

507 5680 598 5740 tur
628 5685 793 5738 verba
822 5680 1005 5747 Lucae,
1039 5683 1229 5735 πατεῖν
1256 5680 1441 5735 ἐπάνω
1466 5681 1643 5750 ὃφεων
1668 5682 1761 5733 καὶ
1790 5680 2087 5750 σκορπίων,

504 5752 653 5824 quod
682 5763 943 5827 praestare
959 5752 1099 5827 jussi
1131 5750 1409 5822 discipuli,
1439 5749 1649 5805 calcare
1683 5765 1844 5820 super
1871 5765 2089 5822 serpen-

1047 4655 1091 4687 ⁸⁸
1113 4654 1306 4710 Matth.
1332 4669 1459 4719 xvn,
1485 4654 1572 4707 19.
1652 4654 1692 4685 ’⁷
1714 4653 1906 4708 Matth.
1932 4670 2020 4720 xv,
2042 4652 2113 4708 52
2134 4668 2289 4725 seqq.

2198 4545 2260 4598 τὸ
2285 4542 2345 4598 εὖ
2381 4548 2576 4599 ποιεῖν.
2604 4545 2698 4599 Διὸ
2723 4545 2804 4617 τῷ
2832 4546 2931 4617 μὲν
2956 4547 3127 4618 νόμῳ,
3161 4548 3257 4619 τὴν
3287 4551 3430 4604 κατὰ
3450 4547 3637 4621 χρόνον
3658 4541 3751 4597 τῶν

2369 4653 2412 4685 ¹⁸
2433 4652 2624 4708 Matth.
2645 4669 2700 4719 κ,
2726 4654 2776 4708 1.
2855 4654 2897 4686 ¹⁹
2921 4654 3054 4710 Luc.
3080 4670 3133 4721 ι,
3156 4654 3241 4711 19.
3296 4712 3297 4715 η

2193 4777 2268 4822 tes
2291 4777 2339 4823 et
2363 4768 2683 4839 scorpiones,
2713 4783 2825 4839 quo
2852 4768 3066 4824 Marcus
3086 4777 3251 4839 atque
3273 4769 3537 4827 Maximus
3563 4768 3750 4825 aboleri

2193 4784 2268 4822 tes
2291 4784 2339 4823 et
2363 4784 2683 4838 scorpiones,
2752 4784 2825 4823 uo
2852 4784 3066 4824 marcus
3086 4784 3251 4839 atque
3273 4784 3537 4827 maximus
3563 4784 3750 4825 aDOICI‘l

2191 4839 2348 4921 aiunt
2369 4838 2580 4908 peccati
2618 4784 2792 4963 αἵθ-ιν
2830 4839 2923 4920 κα).
2953 4840 3125 4904 τέλος,
3156 4841 3475 4911 principium
3502 4851 3549 4895 et
3578 4839 3750 4910 ﬁnem;

2192 4918 2377 4963 mente
2409 4923 2639 4963 prorsus
2716 4921 2853 4963 rcus.
2889 4925 3064 4963 russus
3107 4909 3420 4963 conculcare
3458 4919 3614 4963 caput
3651 4927 3750 4963 ser-

2192 4909 2377 4978 inepte
2409 4923 2639 4978 prorsus
2660 4909 2853 4981 Picus,
2879 4909 3064 4981 jussus
3107 4909 3420 4981 canculcare
3458 4909 3750 4981 sapam-

2230 4988 2409 5031 entum
2435 4987 2484 5032 et
2508 4980 2865 5051 scorpiormnt,
2912 4979 3047 5033 delet
3091 4980 3319 5034 caudam
3360 4979 3574 5051 peccati.
3620 4980 3750 5051 Bone

2192 4996 2409 5103 gemunt
2435 4996 2484 5032 et
2508 4996 2865 5049 scorpionum,
2912 4996 3047 5033 aetat
3091 4996 3319 5034 caudam
3360 4996 3574 5051 peccati.
3620 4996 3747 5035 none

2194 5063 2360 5121 _eus,
2394 5064 2517 5117 quae
2545 5049 2904 5121 constructio,
2934 5051 3126 5121 πατεῖν
3153 5051 3338 5103 ἐπάνω
3365 5051 3539 5121 ἀρχὴν
3563 5048 3747 5119 assem:

2193 5118 2456 5174 Tantame
2501 5118 2662 5173 molis
2701 5118 3075 5174 distinctionis
3132 5127 3318 5175 notam
3361 5118 3506 5175 male
3537 5118 3748 5175 loeatam

2192 5196 2323 5267 post
2341 5204 2530 5267 vocem
2559 5187 2872 5267 ἀρχὴνηίιιί
2897 5189 3266 5267 ρι’ςιξηιὶιιθιιεῖ

2267 5257 2331 5330 (ῃ
2378 5258 2501 5330 Τὴν
2544 5257 2663 5311 τῶν
2694 5257 3110 5330 φθειρομένων
3161 5261 3513 5315 ὑπόστασιν.
3562 5259 3749 5326 Nempe

2189 5328 2397 5383 abelito
2422 5329 2688 5399 virtutum
2712 5328 2889 5397 cultu,
2920 5328 3069 5399 quod
3097 5338 3311 5386 naturae
3333 5330 3558 5384 inolevit
3580 5343 3609 5383 a
3634 5341 3745 5399 pec:

2187 5407 2340 5465 cato;
2390 5407 2452 5454 ut
2484 5398 2557 5454 sit
2587 5399 2697 5468 jam
2739 5393 3268 5455 natura-virtutibus
3307 5400 3577 5462 instituta,
3615 5393 3747 5466 quod

2187 5469 2521 5524 diviniorum
2558 5469 3007 5525 informationem
3045 5470 3323 5525 inchoatio
3353 5481 3457 5536 est,
3492 5482 3596 5538 qua
3625 5480 3748 5538 γνω-

2191 5539 2721 5611 ctcxotevadamus,
2749 5539 2919 5611 sacris
2958 5532 3532 5611 contemplationibus',
3568 5532 3743 5611 tle—ﬂe-

2186 5624 2340 5680 mum
2359 5601 2717 5664 deiﬁcatione'
2729 5608 2924 5680 divini.
2949 5610 3074 5680 Haec
3093 5601 3451 5680 sequentibus
3470 5607 3628 5679 capit.
3648 5601 3744 5659 Ma-

2188 5679 2337 5735 ximo
2363 5693 2432 5735 ex
2458 5694 2609 5734 more
2643 5677 2846 5736 clarius
2874 5679 3160 5750 explicata.
