4076 6402
336 364 474 437 1097

1187 356 1526 430 CAPITUM
1566 359 1839 422 TllEOL.
1882 357 1975 417 ET
2017 355 2256 416 (mox.
2298 353 2686 414 CENTURIA
2727 354 2778 414 I.

3488 341 3508 404 i
3518 343 3623 407 0‘38

327 490 390 540 ἐν
421 484 641 556 γενέσει
682 484 779 539 καὶ
811 485 985 555 φθορᾷ
1025 479 1287 535 σύστασιν
1328 474 1720 546 ἀφηγουμένῳ,
1768 471 1927 538 τιμᾶ-

2032 477 2232 531 cessat,
2266 467 2343 519 uti
2375 480 2553 533 neque
2589 478 2830 532 unquam
2872 461 3057 531 coepit.
3097 459 3256 515 Sicut
3288 457 3436 514 enim
3483 458 3627 512 lueis

326 599 419 634 ται
471 580 541 632 δι’
581 577 782 652 ἀργίας
816 577 876 629 τὸ
924 575 1206 628 Σαϐϐαῖον
1235 590 1246 602 ·
1288 570 1366 640 τῷ
1398 566 1714 635 Εὐαγγελίῳ
1740 564 1797 616 δὲ
1825 561 1924 633 τὴν

327 674 440 727 τῶν
489 672 698 743 νοητῶν
738 668 1119 740 εἰσηγουμένῳ
1163 665 1519 723 κατάστασιν,
1562 659 1629 711 δι’
1675 655 1926 718 εὐποιίας

323 764 516 818 καλῶν
562 762 740 832 ἔργων
781 761 938 814 τοῦτο
973 756 1369 828 φαιδρύνεται·
1409 752 1512 806 κᾶν
1537 747 1928 818 ἁγανακτῶσιν

331 857 406 908 οἱ.
418 856 585 926 μήπω
616 853 838 922 γνόντες
874 852 956 904 ὅτι
997 850 1086 902 διὰ
1117 849 1210 900 τὸν
1240 846 1528 918 ἄνθρωπον
1556 841 1619 895 τὸ
1645 839 1931 894 Σάϐϐατον

333 948 583 1013 γέγονεν,
638 943 756 995 ἀλλ’
789 942 848 993 οῦ
889 938 977 993 διά
1010 938 1070 991 τὸ
1094 935 1374 991 Σάϐϐατον
1405 933 1433 986 ὁ
1469 930 1756 1000 ἄνθρωπος
1786 943 1798 954 ·
1833 927 1931 978 καὶ

321 1039 416 1090 ’ὅτι
467 1035 656 1107 κύριός
714 1037 830 1086 ἐστι
880 1031 976 1084 καὶ
1017 1027 1112 1084 τοῦ
1155 1026 1437 1080 Σαϐϐάτου
1481 1025 1510 1076 ὁ
1559 1021 1684 1084 Υἱὸς
1717 1020 1808 1072 τοῦ
1832 1018 1931 1072 ἀν·-

327 1128 579 1202 Optuma.

2026 561 2316 632 proprium
2353 567 2437 612 est
2479 557 2687 616 lucere,
2721 555 2799 609 sic
2831 555 2925 608 Dei
2961 554 3242 624 proprium
3273 560 3360 607 est
3395 551 3626 606 benefa'

2029 669 2175 708 cere.
2203 650 2575 718 Quamobrem
2602 647 2660 701 in
2692 647 2812 716 lege
2843 647 3089 716 quidem,
3117 660 3239 716 quae
3263 660 3332 698 cx
3361 643 3630 714 temporis

2027 742 2343 797 rationibus
2399 755 2593 794 eorum
2649 755 2773 810 qua:
2822 747 3154 808 generantur
3201 745 3258 790 et
3312 737 3627 801 intereunt,

2032 843 2369 890 Structuram
2398 849 2462 888 ac
2493 833 2873 888 cxsistentiam
2913 830 3135 894 referat,
3165 828 3464 883 Sabbatum
3495 842 3629 897 ope-

2032 925 2109 980 ris
2140 924 2447 979 cessatione
2497 931 2662 992 atque
2704 923 2818 975 otio
2867 921 3215 974 honoratur:
3247 917 3302 972 in
3330 917 3629 988 Evangelio

2029 1027 2237 1083 autem,
2268 1015 2417 1086 quod
2453 1021 2642 1070 rerum
2685 1013 3028 1084 spiritalium
3049 1028 3112 1067 ac
3142 1027 3264 1082 qua:
3293 1018 3477 1064 mente
3501 1024 3627 1078 per-

2028 1111 2318 1180 cipiuntur
2374 1119 2575 1165 statum
2637 1107 2817 1162 tradat
2873 1123 2937 1162 ac
2997 1106 3306 1169 rationem,
3356 1105 3630 1158 bonorum

327 1197 563 1292 operum
596 1217 964 1274 beneﬁcentia
995 1214 1286 1287 magniﬁce
1318 1209 1572 1267 clarescit
1597 1213 1652 1261 et
1689 1202 2033 1269 illustratur;
2091 1203 2450 1274 indignentur
2517 1201 2648 1256 licet
2690 1213 2946 1271 aegreque
2993 1199 3193 1263 ferant,
3257 1197 3460 1268 quibus
3494 1209 3631 1292 nec-

329 1288 464 1368 dum
531 1313 878 1382 exploratum
914 1310 1005 1376 sit,
1040 1308 1246 1363 factum
1295 1320 1419 1361 esse
1464 1302 1766 1358 Sabbatum
1799 1308 2027 1370 propter
2093 1297 2399 1361 hominem,
2470 1312 2582 1350 non
2640 1303 2835 1350 autem
2882 1293 3168 1349 hominem
3215 1300 3447 1363 propter
3489 1288 3629 1344 Sab-

332 1411 559 1473 batum;
594 1423 827 1476 esseque
878 1405 1076 1459 Filium
1125 1392 1368 1457 hominis
1417 1398 1703 1454 dominum
1733 1395 1903 1451 etiam
1940 1391 2166 1448 Sabbati
2201 1393 2268 1445 '°.

405 1498 516 1565 λς’.
543 1501 700 1551 Ἐστι.
717 1497 793 1568 τῷ
812 1498 958 1568 νόμῳ
988 1497 1214 1557 καὶτοῖς
1233 1494 1565 1565 προφήταις,
1585 1492 1680 1544 καὶ
1704 1487 1924 1542 Σάϐϐα-

333 1611 426 1647 τον
470 1593 565 1646 καὶ
611 1590 887 1654 Σάϐϐατα,
923 1590 1020 1642 καὶ
1061 1588 1318 1643 Σάϐϐατα
1363 1584 1692 1639 Σαϐϐάτωψ
1727 1581 1916 1651 ῶσπερ

335 1686 434 1739 καὶ
464 1683 761 1756 περιτομὴ,
785 1685 898 1746 ,καὶ
928 1681 1237 1754 περιτομῆς
1273 1678 1546 1752 περιτομή
1580 1693 1592 1706 ·
1625 1675 1722 1728 καὶ
1742 1674 1922 1744 θέρος,

329 1776 436 1830 καὶ
469 1776 663 1848 θέρους
694 1776 873 1848 Θέρος,
907 1775 1048 1828 κατὰ
1099 1774 1160 1827 τὸ
1220 1758 1757 1844 εἰρημένον,’”οταν
1783 1766 1929 1834 θερί-

331 1881 490 1934 σητε
508 1867 614 1920 τὸν
633 1868 918 1936 θερισμὸν
944 1863 1334 1934 ὑμῶν.¹Εστιν
1358 1857 1451 1916 οῦν
1477 1861 1538 1914 τὸ
1565 1860 1664 1933 μὲν
1684 1857 1925 1928 πρῶτον,

334 1959 653 2030 πρακτικῆς
684 1959 782 2012 καὶ
805 1958 1046 2028 φυσικῆς
1099 1957 1194 2010 καὶ
1238 1956 1556 2026 θεολογικῆς
1607 1951 1928 2022 φιλοσοφίας

330 2051 789 2122 ἀποπεράτωσις.
825 2051 899 2103 Τὸ
956 2049 1213 2119 δεύτερον
1271 2046 1351 2108 δὲ,
1385 2046 1656 2116 γενέσεως
1690 2046 1786 2098 καὶ
1819 2042 1929 2096 τῶν

333 2145 480 2198 κατὰ
537 2144 752 2213 γένεσιν
791 2142 987 2212 λόγων,
1015 2141 1302 2204 ἀπόλυσις.
1336 2141 1409 2193 Τὸ
1451 2139 1509 2192 δὲ
1555 2138 1776 2210 τρίτον,
1816 2137 1928 2188 τῶν

333 2237 458 2292 κατ’
499 2237 755 2308 αἴσθησιν
794 2236 906 2289 καὶ
957 2235 1083 2290 νοῦν
1147 2232 1691 2305 πνευματικωτέρων
1717 2231 1926 2298 λόγων,

329 2331 570 2402 εἰσφορὰ
609 2333 706 2385 καὶ
737 2331 1063 2395 ἀπόλαυσις.
1092 2330 1200 2383 Καὶ
1230 2327 1388 2382 τοῦτο
1418 2325 1658 2396 τρισσῶς
1691 2325 1774 2395 ἐφ’
1807 2324 1930 2378 ἐκά-

332 2443 448 2497 cup
498 2424 744 2496 δηλονότι
801 2423 911 2478 τῶν
962 2423 1268 2496 εἰρημένων
1329 2422 1637 2490 γινόμενον,
1668 2416 1760 2472 ἶνα
1816 2416 1930 2487 γνῷ

329 2519 461 2582 τοὺς
495 2517 693 2584 λόγους
719 2519 747 2571 ὁ
800 2516 1126 2584 γνωστικὺς,
1167 2513 1290 2568 καθ’
1322 2512 1416 2577 οὓς
1457 2515 1485 2566 ὀ
1546 2512 1645 2583 μὲν
1685 2510 1928 2580 Μωῦσῆς

325 2611 440 2676 ἔξω
467 2611 565 2681 τῆς
593 2609 759 2678 ἁγίας
792 2610 898 2681 γῆς
949 2605 1268 2672 σαῦὅατὶζει
1311 2606 1580 2660 τελευτῶν
1615 2623 1628 2635 ·
1661 2607 1689 2659 ὁ
1720 2603 1778 2657 δὲ
1831 2604 1926 2657 τοῦ

329 2705 493 2773 Ναυῆ
537 2703 744 2773 Ἰησοῦς
767 2744 783 2770 ,
818 2701 1140 2772 περιτέμνει
1190 2700 1439 2770 περάσας
1482 2698 1573 2751 τὸν
1611 2696 1882 2769 Ἰορδάνην
1907 2711 1922 2724 ·

328 2797 385 2848 οἰ
412 2795 473 2849 δὲ
501 2795 600 2866 τὴν
635 2795 850 2866 ἀγαθὴν
884 2795 990 2866 γῆν
1015 2792 1511 2866 κληρονομοῦντες,
1535 2789 1635 2859 τὴν
1665 2789 1926 2860 εἱσαορὰν

333 2888 433 2941 τοῦ
475 2887 595 2942 καθ’
631 2889 924 2960 ὑπέρθεσιν
959 2886 1150 2941 διπλοῦ
1190 2885 1382 2955 θέρους
1415 2885 1488 2956 (g)
1513 2883 1588 2954 τῷ
1610 2881 1729 2953 Θεῷ
1760 2897 1926 2952 προσ-

325 2981 677 3053 τκομίζουσιν.

408 3161 508 3225 λζ’.
541 3161 819 3215 Σάϐϐατόν
849 3162 1019 3225 ἐστιν,
1051 3159 1292 3214 ἀπάθεια
1321 3157 1502 3230 ψυχῆς
1535 3158 1764 3228 λογικῆς
1793 3175 1806 3187 ·
1829 3175 1927 3210 κα·
1949 3171 2002 3232 C

330 3252 405 3304 τὰ
455 3253 554 3323 τὴν
603 3253 920 3322 πρακτικὴν
986 3252 1270 3317 παντελῶς
1339 3250 1761 3321 ἀποϐαλομένης
1825 3253 1926 3321 τῆς

329 3342 610 3414 ἁμαρτίας
635 3343 704 3396 τὰ
735 3344 1031 3415 στίγματα.

401 3520 510 3591 λη’.
555 3520 813 3574 Σάϐϐατά
869 3523 1042 3583 ἐστιν,
1095 3519 1380 3592 ἐλευθερία
1423 3519 1602 3592 ψυχῆς
1656 3521 1924 3590 λογικῆς·

324 3611 430 3666 καὶ
463 3612 638 3680 αὐτὴν
661 3611 759 3682 τὴν
794 3611 936 3664 κατὰ
991 3610 1152 3680 φύσιν
1200 3610 1336 3681 πρὸς
1388 3612 1662 3680 αἴσθησιν,
1694 3613 1781 3666 διὰ
1829 3615 1926 3682 τῆς

319 3708 390 3759 -ὲν
441 3692 719 3776 πνεύματι
771 3703 1028 3774 φυσικῆς
1082 3705 1340 3776 θεωρίας,
1366 3704 1712 3775 ἀποθεμένης
1774 3705 1926 3775 ἐνέρ-

328 3817 394 3866 γε
405 3816 513 3852 ιαν.

402 3889 502 3943 λθ’.
537 3889 793 3942 Σάϐϐατα
820 3888 1119 3944 Σαϐϐάτων
1159 3891 1308 3942 ἐστὶν
1329 3931 1344 3955 ,
1383 3889 1590 3960 ἠρεμία
1621 3907 1924 3960 πνευματι-

324 3983 404 4054 κὴ
436 3984 511 4053 (Ιι)
539 3983 718 4054 ψυχῆς
747 3983 975 4054 λογικῆς
996 3999 1009 4011 ·
1045 3983 1139 4035 καὶ¹
1174 3983 1269 4034 ἀπ’
1295 3983 1475 4034 αὐτῶν
1502 3983 1720 4035 πάντων
1739 3982 1847 4034 τῶν
1869 3985 1926 4035 ἐν

323 4078 448 4138 τοῖς
487 4071 608 4127 οὖσι
666 4072 958 4144 θειοτέρων
1009 4074 1184 4142 λόγων
1217 4072 1307 4125 τὸν
1342 4071 1468 4125 νοῦν
1510 4072 1873 4142 συστειλάσης
1910 4090 1923 4101 ·

316 4161 429 4214 ικαὶ
461 4161 609 4231 μόνῳ
641 4161 720 4232 τῷ
761 4161 882 4233 Θεῷ
940 4164 1062 4215 κατ’
1089 4161 1361 4233 ἐρωτικὴν
1420 4159 1678 4215 ἔκστασιν
1729 4163 1926 4226 ὁλικῶς

319 4253 662 4326 ἑνδησάσης,
691 4255 783 4307 καὶ
837 4254 1122 4317 παντελῶς
1167 4254 1426 4326 ἀκίνητον
1461 4255 1625 4308 αὑτὸν
1656 4256 1751 4309 τοῦ
1786 4257 1922 4310 Θεοῦ

321 4344 421 4398 διὰ
447 4345 546 4414 τῆς
579 4348 855 4416 μυστικῆς
890 4346 1174 4416 θεολογίας
1204 4346 1534 4417 ποιησάσης.

403 4442 480 4506 μ’.
514 4437 798 4510 Περιτομή
825 4441 997 4500 ἐστιν,
1049 4441 1081 4508 ἡ
1114 4441 1245 4510 περὶ
1271 4439 1486 4508 γένεσιν
1517 4440 1616 4512 τῆς
1643 4441 1784 4496 κατὰ
1823 4442 1925 4514 ψυ-

309 4526 432 4598 χὴν
459 4529 745 4596 ὲμπαθοῦς
777 4531 1040 4595 ἀπόθεσις
1065 4529 1383 4596 διαθέσεως.

401 4625 517 4689 μα’.
548 4622 827 4694 Περιτομῆ
857 4623 1162 4695 περιτομῆς
1199 4625 1365 4688 ἐστιν,
1397 4626 1428 4697 ἠ
1462 4627 1554 4680 καὶ
1591 4626 1772 4680 αὐτῶν
1811 4627 1920 4682 τῶν

318 4709 474 4763 κατὰ
498 4710 838 4784 ψυχὴνὶπερὶ
873 4715 972 4784 τὴν
1004 4713 1220 4781 γένεσιν
1278 4715 1524 4783 φυσικῶν
1571 4714 1916 4787 κινημάτων,

318 4802 606 4873 παντελὴς
647 4804 892 4876 ἀποϐολὴ
923 4805 1015 4856 καὶ
1047 4805 1418 4876 περιαίρεσις.

402 4893 515 4966 μβζ
542 4896 712 4966 Θέρος
738 4897 857 4949 ἐστὶ
885 4897 1067 4968 ψυχῆς
1094 4896 1343 4965 λογικῆς,
1375 4899 1408 4969 ἡ
1435 4897 1544 4952 τῶν
1572 4899 1921 4971 κατ’ἀρετὴν

2102 1485 2192 1540 56.
2243 1482 2383 1539 Sunt
2427 1483 2488 1538 in
2536 1483 2653 1554 lege
2701 1489 2759 1538 et
2806 1480 3095 1553 prophetis
3140 1489 3195 1535 et
3243 1480 3546 1535 Sabbatum
3575 1488 3634 1534 et

2035 1576 2276 1632 Sabbata
2305 1577 2372 1641 εί,
2424 1591 2641 1630 necnon
2689 1575 2988 1630 Sabhatum
3034 1574 3442 1638 Sabbatorum;
3487 1572 3635 1628 sicut

2033 1666 2199 1720 etiam
2248 1665 2600 1721 circumcisio
2646 1675 2703 1719 et
2749 1666 3191 1721 circumcisionis
3231 1665 3630 1720 circumcisio:

2035 1758 2230 1812 messis
2263 1773 2482 1828 quoque
2526 1767 2582 1812 et
2615 1758 2812 1813 messis
2854 1758 3068 1822 messis,
3097 1758 3252 1828 juxta
3301 1757 3449 1827 quod
3488 1758 3633 1811 scri-

2031 1859 2187 1920 ptum
2238 1859 2322 1905 est
2355 1868 2368 1903 :
2404 1849 2537 1905 Cum
2585 1851 2909 1904 messueritls
2955 1866 3147 1904 messes
3195 1859 3398 1904 vestras
3431 1850 3498 1902 “.
3534 1849 3635 1903 Est

2029 1942 2215 2012 itaque
2249 1942 2488 2012 primum
2513 1943 2738 2013 quidem
2771 1943 3098 2008 Sabbatum,
3126 1940 3245 2014 ejus
3270 1942 3632 2014 philosophia:

2028 2034 2177 2100 linis,
2213 2049 2336 2104 qua:
2377 2035 2617 2089 actionis
2651 2036 2823 2101 cultu,
2870 2036 3108 2090 naturali
3158 2037 3535 2106 speculatione
3569 2051 3634 2089 ac

2029 2127 2216 2182 divina
2249 2127 2481 2182 scientia
2507 2129 2780 2183 consistit.
2818 2129 3068 2184 Alterum
3099 2145 3253 2194 vero,
3281 2129 3497 2200 genesis
3534 2145 3632 2182 or-

2031 2228 2231 2288 tusque
2261 2235 2448 2274 rerum
2496 2220 2728 2291 ejusque
2764 2221 3042 2274 rationum
3078 2220 3350 2275 dimissio.
3380 2220 3630 2275 Tertium

2029 2307 2292 2379 denique,
2323 2309 2721 2380 spiritaliorum
2763 2325 2956 2365 sensus
2997 2311 3308 2381 mentisque
3351 2311 3632 2365 rationum

2032 2411 2342 2470 proventus
2385 2403 2654 2472 beataquc
2689 2403 2988 2473 possessio.
3035 2405 3216 2474 Atque
3255 2403 3361 2459 hoc
3391 2403 3632 2472 triplici-

2034 2502 2118 2547 ter
2153 2493 2207 2548 in
2239 2495 2469 2565 singulis
2514 2511 2637 2566 quae
2665 2495 2812 2551 dicta
2861 2506 3011 2561 sunt,
3049 2497 3349 2568 contingit;
3395 2511 3506 2567 quo
3547 2496 3635 2550 vir

2032 2584 2299 2654 Spiritalis
2347 2601 2413 2640 ac
2462 2586 2693 2642 scientia
2741 2597 3038 2657 provectus
3084 2579 3329 2644 rationes
3377 2587 3630 2655 noverit,

2029 2677 2233 2745 quibus
2266 2677 2478 2750 Moyses
2521 2688 2674 2734 extra
2713 2689 2916 2734 terram
2947 2690 3195 2736 sanetam
3230 2682 3474 2737 moriens
3505 2683 3633 2738 sab-

2033 2771 2240 2828 batizet
2266 2773 2334 2834 ’³,
2364 2773 2633 2842 Jesusque
2682 2773 2830 2828 Nave
2875 2776 3200 2830 transmisso
3232 2776 3477 2832 Iordane
3520 2777 3633 2831 eir-

2028 2863 2306 2919 cumcidat
2336 2864 2413 2930 ²’⁶;
2457 2880 2520 2919 ac
2551 2865 2646 2935 qui
2685 2876 2889 2920 terram
2936 2867 3136 2922 bonam
3184 2869 3490 2938 possident,
3523 2870 3632 2924 du-

2030 2958 2190 3029 plicis
2233 2959 2538 3014 secundum
2583 2976 2872 3015 excessum
2904 2962 3097 3015 messis
3141 2971 3468 3032 proventum
3517 2964 3631 3019 Deo

2029 3050 2283 3106 offerant.

2105 3143 2194 3198 57.
2227 3143 2528 3201 Sabbatum
2557 3154 2639 3201 est
2669 3147 2867 3202 animae
2919 3146 3127 3202 utentis
3160 3147 3375 3203 ratione
3423 3148 3629 3218 imper-

2033 3236 2276 3291 turbatio
2319 3253 2383 3292 ac
2415 3239 2820 3308 tranquillitas;
2854 3240 2974 3309 ejus
3006 3239 3216 3294 scilicet
3247 3255 3367 3309 qum
3396 3241 3630 3294 actionis

2029 3331 2181 3384 cultu
2213 3345 2275 3385 ac
2306 3331 2620 3402 disciplina,
2647 3333 2858 3402 peccati
2884 3340 3044 3388 notas
3066 3347 3129 3386 ac
3159 3332 3447 3387 stricturas
3473 3335 3631 3403 pror-

2030 3436 2126 3475 sus
2159 3422 2447 3492 abjccerit.

2100 3513 2188 3568 58.
2221 3511 2480 3579 Sabbata,
2506 3514 2704 3570 anima:
2732 3515 2863 3570 item
2886 3515 3096 3570 utentis
3121 3515 3337 3570 ratione
3363 3515 3625 3578 libertas;

2027 3605 2147 3675 ejus
2198 3605 2458 3659 nimirum
2507 3621 2627 3675 quae
2671 3623 2771 3676 per
2803 3607 3107 3662 naturalem
3159 3608 3214 3662 in
3258 3608 3458 3677 spiritu
3495 3624 3628 3663 con-

2030 3697 2469 3766 templationem,
2499 3699 2808 3754 naturalem
2849 3699 3022 3768 ipsam
3054 3715 3184 3771 erga
3230 3716 3455 3755 sensum
3489 3717 3625 3771 ope-

2027 3788 2296 3844 rationem
2333 3790 2629 3861 depulerit.

2098 3882 2189 3936 '59.
2231 3883 2470 3938 Sabbata
2506 3884 2896 3950 Sabbatorum,
2931 3885 3128 3941 animm
3161 3887 3367 3944 utentis
3413 3887 3624 3943 ratione

2028 3974 2300 4043 spiritalis
2350 3977 2588 4031 cessatio
2637 3993 2701 4032 ac
2729 3977 2920 4048 quies,
2963 3979 3086 4050 ejus
3137 3979 3351 4034 scilicet
3399 3996 3521 4052 qum
3555 3981 3624 4033 ah

2026 4063 2162 4133 ipsis
2187 4081 2409 4136 quoque
2444 4066 2816 4122 divinioribus
2841 4067 2896 4121 in
2927 4068 3096 4122 rebus
3126 4069 3438 4124 rationibus
3467 4086 3623 4123 men-

2027 4164 2136 4212 tem
2159 4159 2522 4219 contraxerit,
2544 4158 2760 4230 solique
2783 4161 2895 4215 Deo
2913 4162 3120 4217 amoris
3140 4177 3369 4217 excessu
3395 4163 3622 4216 omnino

2024 4251 2366 4316 astrinxerit,
2414 4270 2480 4308 ac
2526 4255 2770 4326 mystica:
2817 4255 3106 4326 theologia:
3143 4256 3472 4311 muneribus
3507 4257 3622 4310 Deo

2023 4344 2245 4413 penitus
2277 4346 2502 4402 immotc
2526 4347 2834 4402 cohaeserit.

2097 4445 2263 4518 470
2306 4448 2396 4505 40.
2424 4450 2801 4505 Circumcisio
2830 4460 2916 4507 est
2959 4452 3276 4509 libidinosa:
3331 4452 3502 4508 animi
3534 4453 3620 4508 af-

1956 4563 1998 4616 ι)
2027 4539 2298 4607 lectionis,
2324 4559 2433 4612 qua
2461 4544 2678 4614 genesis
2700 4553 2968 4614 ortusque
2994 4555 3228 4609 constat,
3258 4546 3514 4616 abjeetio.

2102 4631 2187 4685 41.
2215 4630 2576 4688 Circumcisio
2603 4633 3044 4689 circumcisionis
3070 4643 3174 4699 est,
3209 4636 3454 4704 ipsorum
3483 4651 3622 4704 quo-

2027 4738 2136 4792 que
2185 4725 2520 4780 naturalium
2567 4726 2738 4781 animi
2774 4736 3022 4780 motuum
3071 4727 3216 4780 circa
3252 4727 3497 4796 genesim
3530 4743 3622 4779 or-

2031 4820 2256 4882 tumque
2287 4813 2445 4883 plcna
2477 4814 2751 4869 abdicatio
2778 4830 2842 4869 ac
2869 4815 3196 4885 amputatio.

2103 4904 2191 4958 42.
2227 4905 2418 4962 Messis
2451 4917 2535 4962 est
2564 4908 2762 4964 animm
2806 4908 3014 4963 utentis
3049 4907 3285 4970 ratione,
3322 4906 3620 4978 spiritalio-

400 5011 446 5089 1°
469 5009 634 5064 Marc.
658 5026 716 5075 ιι,
740 5010 830 5076 27,
853 5010 942 5066 9-8.
1021 5011 1064 5042 "
1090 5010 1265 5066 Exod.
1291 5027 1436 5073 xxxi,
1461 5012 1551 5077 15,
1579 5013 1673 5078 15;
1703 5013 1882 5089 Lerit.
1908 5031 1949 5067 τι

2028 5015 2096 5069 il.
2173 5018 2218 5048 ”
2243 5017 2421 5074 Levit.
2448 5035 2598 5084 xxiii,
2624 5020 2712 5074 lO.
2791 5021 2836 5052 ’³
2859 5021 3020 5076 Deut.
3046 5037 3224 5085 xxxn',
3246 5021 3299 5076 5.
3379 5022 3426 5053 “‘
3447 5022 3615 5078 Josue

317 5097 384 5148 τ’,
400 5079 458 5136 5.

391 5191 479 5263 7(9)
515 5194 624 5248 Τοῦ
653 5195 784 5249 καθ’
818 5194 1156 5263 ὑπέρϐασιν
1174 5196 1395 5250 διπλοῦ
1431 5196 1663 5266 θέρους.
1690 5200 1924 5256 Videtur

304 5275 757 5340 exsuperantem
790 5267 939 5340 illam
989 5283 1233 5340 messem
1273 5267 1482 5340 dicere.
1513 5285 1636 5338 qua:
1672 5271 1789 5340 ipsa
1824 5287 1922 5327 sua

315 5335 691 5410 exuberantia
726 5338 1062 5410 excellenter
1106 5337 1308 5410 duplex
1351 5335 1768 5404 habereturfet
1802 5358 1922 5410 qua:

323 5407 385 5461 in
424 5421 639 5480 _annu_m
681 5407 1025 5462 sabbaticum
1077 5408 1372 5480 suﬂiceret,
1411 5425 1522 5478 quo
1565 5419 1710 5464 terra
1761 5407 1920 5480 quie-

318 5476 538 5549 scebat.
572 5477 760 5546 Itaque
791 5479 988 5549 messis
1024 5479 1144 5531 καο’
1177 5476 1472 5548 ὑπέρθεσιν
1510 5482 1736 5549 duplex,
1775 5476 1924 5537 idem

317 5547 420 5622 sit_
444 5561 511 5622 ac
552 5548 845 5622 excellenti
880 5551 1126 5614 cumulo,
1157 5566 1221 5605 ac
1249 5547 1693 5622 superlative—(ut
1725 5553 1807 5608 sic
1839 5554 1923 5608 lo-

311 5617 422 5687 qui
455 5617 640 5686 lieeat)
672 5618 854 5686 plena.

400 5687 478 5756 (h)
532 5689 764 5763 ᾙρεμιά
799 5689 1199 5763 πνευματική.
1232 5690 1423 5745 Altero
1457 5691 1623 5746 Marci
1660 5708 1782 5763 cap.
1816 5695 1926 5746 τῶν

315 5758 630 5832 νηπτικῶν,
665 5768 751 5832 est
781 5759 1009 5832 ψυχική·
1052 5770 1248 5831 aperto
1278 5777 1490 5827 errore,
1528 5779 1692 5831 quem
1728 5758 1925 5820 tamen

319 5831 493 5887 Picus
512 5828 774 5898 decoquit
797 5848 810 5883 :
837 5828 1039 5902 requies
1063 5828 1277 5895 a'nima’,
1303 5828 1767 5906 anima’jizquam,
1791 5844 1922 5901 ctc.,

654 5921 919 5987 ΡΑτιιοι..
961 5925 1084 5989 Gn.
1111 5925 1236 5986 XC.

1997 5205 2120 5277 pro
2151 5204 2655 5277 requiesspiritalis
2687 5209 2900 5262 animae.
2947 5206 3107 5273 Quod
3154 5207 3322 5262 habet
3363 5222 3479 5277 seq.
3517 5211 3612 5262 καὶ

2021 5273 2182 5348 μόνον
2228 5277 2319 5327 τὸν
2360 5273 2496 5348 Θεὸν
2523 5277 2857 5348 ὲνδυσάσης,
2912 5279 3051 5332 nihil
3095 5279 3281 5335 minus
3317 5273 3611 5348 probatum

2021 5343 2112 5420 sit,
2141 5361 2304 5413 quam
2352 5347 2499 5420 quod
2535 5355 2619 5400 est
2651 5347 2708 5420 in
2751 5343 2977 5412 nostris,
3015 5348 3163 5420 μόνῳ
3197 5350 3274 5420 τῷ
3308 5343 3426 5418 Θεῷ
3460 5350 3613 5420 ἐνδυ-

2021 5414 2214 5484 σάσης·
2248 5432 2352 5470 nec
2375 5417 2548 5486 liquet
2569 5418 2700 5485 quid
2727 5419 2913 5488 potius
2945 5414 3030 5473 vel
3065 5414 3299 5483 Marcus,
3331 5414 3417 5474 vel
3447 5419 3612 5474 Maxi-

2022 5501 2149 5566 mus
2191 5488 2535 5566 scripserint.
2570 5489 2878 5559 Utrumque
2924 5490 3024 5566 viri
3074 5491 3360 5566 spiritalis,
3411 5499 3469 5566 et
3514 5493 3609 5566 qui

2023 5554 2264 5611 Sabbata
2310 5554 2678 5613 Sabbatorum
2730 5554 2928 5615 nactus
2977 5564 3069 5624 sit,
3106 5554 3168 5615 ut
3217 5554 3393 5616 solum
3439 5554 3611 5616 Deum

2032 5637 2219 5702 mente
2256 5628 2471 5702 induat,
2505 5639 2561 5702 et
2589 5631 2640 5685 ei
2668 5631 2763 5685 uni
2801 5641 3042 5687 mentem
3072 5648 3299 5702 prorsus
3349 5631 3608 5702 addicat:

2032 5697 2136 5770 et_s_i
2188 5699 2338 5770 istud
2373 5701 2548 5769 magis
2601 5703 2967 5770 sequentibus
3013 5697 3206 5766 haeret,
3239 5701 3307 5758 de
3338 5701 3609 5757 immobili

2032 5766 2350 5824 adhaesioue
2381 5766 2508 5824 cum
2541 5771 2655 5826 Deo
2683 5766 2789 5842 per
2826 5774 3157 5844 theologiam
3191 5774 3502 5846 mysticam.

3218 5936 3298 5996 35
