4076 6432
583 328 827 419 tono...

1747 318 1810 379 S.
1854 318 2146 380 MAXIM!
2184 316 2694 379 CONFESSORIS

3679 325 3797 398 1100

581 418 878 519 rum'quod
924 448 1137 515 spectat
1177 438 1249 495 ad
1292 438 1560 493 virtutem
1588 443 1755 507 atque
1780 446 2059 501 naturam,
2086 452 2174 491 ra-

2279 437 2371 490 καὶ
2402 437 2567 506 φύσιν
2600 437 2711 491 τῶν
2756 437 2928 493 ὄντων
2963 437 3490 510 πνευματικωτέρων
3517 439 3675 511 λόγων
3704 439 3802 520 μετ’

582 542 793 595 tionum
819 551 1009 594 rerum
1036 550 1163 590 cum
1200 530 1434 588 scientia
1458 530 1711 591 collectio
1744 544 1809 584 ac
1837 528 2065 600 agnitio.

649 631 739 687 45.
773 628 968 685 Messis
993 625 1193 682 messis
1215 634 1320 690 est,
1347 623 1563 678 cunctis
1599 622 1880 678 inaccessa
1911 627 2037 691 post
2064 618 2176 690 spi-

581 724 825 781 ritalium
858 737 1044 777 rerum
1074 718 1362 791 mysticam
1404 716 1947 787 contemplationem,
1988 714 2175 785 ignote

580 816 729 871 circa
777 820 1021 869 mentem
1051 809 1364 866 consistens
1396 807 1494 862 Dei
1542 805 1913 861 consideratio
1953 822 1967 858 :
2007 818 2174 874 quam

580 903 977 961 convenienter
1005 901 1120 955 Deo
1153 898 1337 963 otl‘ert,
1364 898 1461 969 qui
1492 914 1559 953 cx
1600 897 1770 953 rebus
1811 896 2013 955 creatis
2043 894 2178 950 visi-

556 1054 563 1067 ι
589 996 794 1051 bilibus
824 1003 882 1051 et
908 992 1285 1049 invisibilibus
1308 990 1472 1062 digne
1498 989 1821 1045 Creatorem
1848 989 2101 1043 honorat.

653 1089 741 1143 44.
778 1087 876 1142 Est
907 1094 961 1141 et
986 1080 1093 1138 alia
1126 1083 1322 1139 messis
1369 1081 1696 1153 spiritalior,
1729 1096 1850 1152 qute
1877 1080 2051 1152 ipsius
2077 1080 2173 1134 Dei

587 1179 781 1236 messis
813 1178 1057 1243 dicitur;
1084 1176 1302 1247 aliaque
1333 1173 1509 1246 magis
1544 1173 1771 1245 mystica
1801 1172 2175 1241 sacratiorque

585 1270 955 1335 circumcisio,
989 1276 1155 1341 atque
1201 1267 1350 1322 aliud
1387 1266 1700 1322 abstrusius
1747 1264 2081 1329 Sabbatum;
2118 1262 2175 1316 in

584 1381 695 1436 quo
731 1365 878 1419 Deus
904 1363 973 1417 ab
1012 1361 1273 1432 operibus
1315 1359 1431 1415 suis
1472 1358 1821 1413 sabbatizans
1855 1348 2173 1427 requiescit,

577 1460 732 1528 juxta
778 1453 915 1510 illud
950 1454 1177 1508 :Messis
1206 1453 1416 1524 quidem
1457 1450 1658 1515 multa;
1705 1449 1938 1520 aperarii
1995 1456 2175 1502 autem

584 1551 739 1620 pauci
785 1548 854 1601 ’⁵.
889 1548 991 1601 Et:
1023 1544 1361 1600 Circumcisio
1405 1543 1576 1597 cordis
1628 1545 1683 1596 in
1716 1543 1907 1613 spiritu
1959 1541 2024 1594 ’⁸.
2062 1540 2171 1594 Et:

580 1642 863 1695 Bcnedixit
888 1640 1022 1693 Deus
1048 1638 1185 1691 diem
1207 1626 1510 1707 septimani,
1533 1643 1581 1689 et
1602 1634 1955 1704 sanctiﬁcavit
1983 1632 2174 1696 illum;

2277 530 2588 599 ἐπιστήμης
2616 527 2850 600 συλλογὴ
2873 530 2967 582 καὶ
2991 527 3308 598 ἐπίγνωσις.

2348 628 2462 693 μγ..
2490 621 2695 695 θέρους
2721 621 2882 694 θέρος
2909 621 3089 685 gmw,
3109 622 3143 692 ἡ
3186 622 3351 675 πᾶσιν
3382 622 3570 689 ἄϐατος
3601 627 3653 700 (i)
3687 632 3807 701 μετά

2274 711 2376 782 τὴν
2403 711 2511 765 τῶν
2549 712 2759 783 νοητῶν
2790 712 3067 784 μυστικὴν
3085 710 3319 782 θεωρίαν
3353 713 3477 782 περὶ
3513 715 3629 769 νοῦν
3651 718 3806 788 ἀγνῶ-

2278 820 2420 867 στως
2460 802 2834 874 συνισταμένη
2870 801 2963 855 τοῦ
2995 799 3132 854 Θεοῦ
3158 802 3485 872 κατανόησις
3512 822 3525 836 ·
3561 805 3622 876 ἦν
3662 824 3808 879 προσ-

2278 893 2438 964 φέρει
2471 893 2701 958 δεόντως
2727 895 2754 948 ὁ
2794 896 2857 947 ἐκ
2887 892 2994 946 τῶν
3037 891 3247 962 ὁρατῶν
3287 894 3379 946 καὶ
3429 895 3660 966 ἀοράτων
3707 917 3809 953 κτιο

2279 987 2500 1057 σμὰτων
2537 987 2702 1052 ἀξίως
2742 986 3021 1059 γεραίρων
3047 985 3139 1038 τὸν
3171 985 3466 1039 Κτίσαντα.

2350 1079 2452 1150 μδ’.
2487 1080 2644 1134 Ἔστι
2678 1082 2771 1133 καὶ
2804 1079 2934 1134 ἄὶλο
2975 1077 3490 1149 πνευματικώτερον
3542 1079 3703 1153 θέρος,
3731 1085 3813 1137 αὖ·

2276 1174 2368 1227 τοῦ
2419 1173 2712 1242 λεγόμενον
2755 1168 2897 1226 εἶναι
2927 1171 3023 1225 τοῦ
3057 1170 3195 1225 Θεοῦ
3225 1188 3239 1203 ’
3276 1173 3369 1225 καὶ
3399 1172 3527 1244 ἄλλη
3571 1192 3814 1244 μυστικω-

2274 1268 2409 1338 τέρα
2442 1268 2713 1336 περιτομή
2743 1283 2756 1296 ·
2790 1267 2882 1319 καὶ
2911 1265 3039 1320 ἄλλο
3061 1264 3341 1336 κρυφιώτε
3354 1282 3443 1337 ρον
3461 1266 3737 1333 Σάδδατον,
3760 1273 3808 1324 ἐν

2274 1352 2319 1428 ᾧ
2349 1359 2457 1413 ἀπὸ
2506 1360 2615 1411 τῶν
2647 1359 2793 1412 ἰδίων
2845 1359 3021 1429 ἔργων
3085 1356 3429 1421 σαϐϐατίζων
3458 1360 3485 1410 ὁ
3532 1358 3657 1422 Θεὸς
3706 1361 3816 1415 ἀνα-

2276 1453 2476 1513 παύει,
2517 1451 2659 1506 κατὰ
2692 1452 2772 1517 τὸ,
2819 1451 2882 1504 '0
2920 1450 3039 1519 μὲν
3078 1449 3395 1518 θερισμὸς,
3427 1452 3612 1517 πολύς
3634 1468 3649 1482 '
3680 1455 3727 1504 οι
3754 1452 3811 1506 δὲ

2275 1546 2531 1617 ἐργάται,
2568 1548 2783 1615 ὁ.1.’γσι.
2814 1544 2924 1597 Καὶ
2946 1583 2959 1607 ,
2986 1541 3278 1612 Περιτομὴ
3311 1542 3557 1610 καρδίας
3577 1542 3644 1595 ἐν
3661 1545 3815 1597 πνεύ-

2269 1655 2433 1706 ματι.
2472 1637 2602 1695 Καὶ.
2655 1636 3011 1705 [εὐλόγησεν
3044 1638 3078 1687 ὁ
3108 1633 3252 1699 Θεὸς
3313 1631 3429 1700 τὴν
3483 1630 3698 1702 ἡμέραν
3725 1632 3816 1701 τὴν

581 1735 707 1805 quia
740 1734 794 1787 in
826 1731 917 1786 illo
949 1738 1243 1784 cessaverat
1277 1728 1341 1781 a'b
1375 1727 1612 1781 omnibus
1647 1726 1888 1797 operibus
1920 1726 2028 1779 suis
2058 1740 2174 1796 qua:

2279 1727 2553 1796 ἑϐδόμην,
2588 1726 2684 1780 καὶ
2721 1728 2981 1795 ἡγίασεν
3037 1724 3234 1791 αὐτήν
3260 1740 3273 1755 ο
3305 1724 3395 1777 ὅτι
3426 1723 3497 1778 ἐν
3526 1723 3672 1792 αὐτῇ
3699 1740 3815 1779 κοτ-

484 1848 495 1867 ι
583 1825 722 1878 Deus
750 1824 924 1894 facere
957 1829 1185 1891 cazperat
1219 1820 1289 1874 ".

652 2012 740 2066 45.
774 2011 871 2066 Dei
905 2008 1103 2065 messis
1131 2016 1234 2073 est,
1278 2021 1401 2076 quae
1444 2005 1500 2060 in
1536 2005 1682 2076 ipso,
1717 2004 1775 2059 in
1808 2004 1916 2059 ﬁne
1947 2003 2175 2058 szcculo-

582 2107 743 2166 rum,‘
759 2103 1051 2175 dignorum
1082 2116 1310 2173 prorsus
1344 2099 1529 2155 futura
1563 2097 1719 2152 ﬁrma
1762 2084 1975 2150 mansio
1999 2110 2063 2149 ac
2086 2108 2176 2149 se-

581 2195 683 2249 des
709 2203 812 2248 est.

654 2286 745 2340 46.
776 2282 1139 2340 Circumcisio
1166 2281 1352 2337 cordis
1380 2280 1436 2335 in
1470 2280 1667 2351 spiritu
1697 2287 1803 2346 est,
1842 2277 2176 2334 naturalium

586 2390 784 2431 sensus
832 2374 1145 2444 mentisque
1187 2372 1596 2444 operationum,
1645 2371 1789 2426 circa
1825 2360 1889 2425 ea
1933 2386 2055 2440 quae
2090 2370 2175 2423 vel

586 2482 753 2521 sensu
789 2462 1175 2534 percipiuntur
1210 2454 1296 2516 vel
1331 2467 1514 2513 mente
1553 2457 1960 2528 intelliguntur,
1993 2458 2175 2526 plena,

586 2572 685 2625 per
719 2553 960 2624 Spiritus
985 2550 1355 2621 praesentiam,
1388 2548 1723 2618 amputatio;
1752 2563 1858 2617 qua
1898 2556 2011 2601 tum
2057 2561 2180 2600 cor-

588 2661 691 2716 pus
720 2655 835 2699 tum
868 2643 1107 2707 animus,
1151 2642 1207 2695 in
1242 2641 1295 2696 id
1338 2639 1485 2710 Quod
1532 2639 1775 2694 divinius
1804 2646 1907 2704 cst,
1957 2638 2181 2709 penitus

587 2734 1071 2791 transformentur.

655 2827 744 2881 47.
798 2827 893 2882 Dei
950 2825 1323 2880 sabbatismus
1369 2831 1486 2888 est,
1535 2838 1721 2877 rerum
1767 2830 2076 2877 crcatarum
2121 2821 2177 2875 in

587 2929 764 2993 ipsum
833 2920 993 2990 plena
1052 2918 1331 2983 reductio;
1393 2933 1515 2987 quae
1570 2915 1968 2970 divinissimam
2022 2929 2178 2970 suam

586 3012 988 3085 operationem,
1040 3027 1242 3066 arcana
1304 3010 1583 3079 nullisque
1638 3008 1821 3063 verbis
1865 3007 2180 3078 cxplicabili

2209 1792 2248 1847 Β
2275 1814 2545 1875 ἔπαυσεν
2567 1820 2683 1872 ἀπὸ
2707 1818 2946 1872 πάντων
2962 1816 3079 1871 τῶν
3098 1816 3287 1888 ἔργων
3305 1817 3513 1884 αὐτοῦ,
3534 1811 3617 1871 ὧν
3630 1817 3817 1887 ἤρξατο

2277 1918 2308 1969 o'
2340 1916 2484 1980 Θεὸς
2514 1913 2786 1980 ποιῆσαι.
2848 1920 2853 1923 ’

2350 2003 2452 2075 με’.
2482 2006 2617 2058 Θεοῦ
2645 2005 2702 2057 ΟΞ
2713 2023 2805 2077 ρος
2840 2005 2987 2058 ἐστὶν
3009 2045 3024 2069 ,
3061 2006 3094 2076 ἡ
3120 2005 3208 2069 ἐἷς
3240 2003 3407 2058 αὺτὸν
3445 2003 3585 2058 κατὰ
3609 2004 3698 2076 τὴν
3732 2003 3819 2058 τῶν

2275 2096 2486 2150 αἰώνων
2524 2096 2947 2164 ἀποπεράτωσιν
2963 2094 3225 2167 γινομένη
3257 2093 3369 2151 τῶν
3408 2092 3573 2159 ἀξίων
3624 2092 3819 2147 καθόλου

2279 2189 2414 2258 μονὴ
2449 2205 2507 2240 τε
2540 2187 2634 2240 καὶ
2673 2187 2902 2257 ἵδρυσις.
3684 2184 3693 2189 ”

2350 2280 2469 2350 pg’.
2511 2281 2599 2334 Ἐν
2630 2279 2903 2350 πνεύματι
2932 2278 3206 2351 περιτομὴ
3232 2280 3468 2351 καρδίας
3500 2278 3664 2340 ἐστὶν,
3690 2277 3718 2346 ἡ
3746 2292 3813 2342 γι-

2278 2373 2480 2444 νομένη
2515 2372 2623 2424 τῶν
2650 2372 2775 2425 κατ’
2792 2372 3048 2442 αἴσθησιν
3073 2373 3168 2425 καὶ
3196 2371 3319 2426 νοῦν
3352 2372 3481 2443 περὶ
3512 2371 3578 2423 τὰ
3610 2367 3815 2437 αἰσθητὰ

2276 2464 2371 2517 καὶ
2402 2462 2472 2516 τὰ
2494 2462 2662 2531 νοητὰ
2692 2461 2938 2530 φυσικῶν
2983 2461 3278 2534 ἐνεργειῶν
3314 2460 3589 2530 παντελὴς
3640 2455 3821 2528 περιαί-

2282 2574 2430 2629 ρεσις
2460 2573 2474 2587 ο
2511 2555 2599 2609 διὰ
2624 2554 2725 2624 τῆς
2757 2554 2981 2625 ἀμέσως
3034 2554 3097 2608 τό
3132 2566 3191 2608 τε
3219 2552 3385 2627 σῶμα
3419 2554 3515 2607 καὶ
3557 2553 3651 2623 τὴν
3675 2548 3822 2620 ψυχὴν

2276 2645 2473 2710 olm};
2506 2645 2964 2717 μεταμορφούσης
3000 2644 3135 2717 πρὸς
3188 2644 3251 2698 τὸ
3302 2644 3585 2716 θειότερον
3605 2684 3620 2709 ,
3647 2657 3824 2713 παρου-

2280 2736 2403 2798 σίας
2423 2736 2516 2788 τοῦ
2555 2735 2898 2804 Πνεῦματσς.
3284 2721 3296 2731 ’

2354 2824 2458 2898 μζ’.
2496 2825 2633 2880 Θεοῦ
2688 2824 3061 2896 σαῦὄατισμός
3093 2825 3263 2893 ἐστιν,
3295 2826 3328 2898 ἡ
3364 2825 3448 2889 είς
3476 2824 3638 2879 αὐτὸν
3679 2819 3826 2876 διόλου

2277 2918 2388 2973 τῶν
2441 2916 2830 2987 πεποιημένων
2876 2916 3212 2986 κατάντησις
3234 2930 3251 2947 ⁸
3284 2915 3415 2970 καθ’
3445 2916 3513 2985 ἣν
3558 2910 3828 2968 καταπαύει

2278 3010 2380 3079 τῆς
2410 3009 2497 3062 ἐπ’
2527 3010 2715 3072 αὐτοῖς
2736 3009 2974 3080 φυσικῆς
2994 3008 3301 3081 ἐνεργείας.
3332 3007 3442 3083 τὴν
3464 3005 3627 3065 αὑτοῦ
3652 3002 3832 3060 θειοτά-

589 3107 826 3171 rationc,
861 3120 891 3158 a
920 3103 1158 3157 naturali
1194 3103 1250 3157 in
1299 3101 1383 3155 eis
1414 3100 1735 3173 operatione
1778 3115 1991 3154 cessare
2022 3099 2173 3154 facit.

2280 3120 2380 3173 την
2437 3103 2694 3174 ἀρρήτως
2764 3101 3172 3175 ἐνεργουμένην
3218 3102 3354 3177 [Fr.
3400 3096 3832 3175 ἐνεργουμένοις]

585 3197 778 3252 Cessat
803 3194 949 3250 enim
981 3193 1211 3247 forsitan
1239 3193 1385 3247 Deus
1413 3200 1470 3246 et
1498 3190 1734 3261 quiescit
1774 3205 1804 3245 a
1847 3190 2084 3245 naturali
2118 3190 2175 3244 in

2279 3195 2583 3268 ἐνέργειαν.
2614 3191 2857 3249 Παύεται
2885 3193 2993 3266 γὰρ
3029 3195 3058 3248 ὁ
3091 3193 3227 3257 Θεὸς
3255 3195 3366 3266 τῆς
3416 3193 3476 3248 ἐν
3508 3191 3710 3261 ἑκάστῳ
3743 3187 3833 3240 τῶν

588 3290 902 3361 quibusque
936 3287 1105 3341 rebus
1136 3285 1480 3356 operatione,
1515 3300 1622 3354 qua
1658 3299 1746 3339 res
1776 3283 2021 3355 singulas
2055 3297 2177 3339 mo-

589 3383 707 3439 veri
735 3389 933 3436 natura
955 3389 1334 3448 comparatum
1357 3385 1475 3444 est;
1502 3370 1628 3431 cuni
1666 3375 1929 3431 nimirum
1956 3391 2056 3447 pro
2079 3390 2178 3430 sua

587 3489 819 3547 quaeque
854 3471 1069 3527 ratione
1099 3478 1398 3540 eaptuque,
1443 3468 1629 3523 divina
1672 3468 2019 3538 apprehensa
2048 3481 2181 3537 ope-

586 3563 800 3620 ratione
825 3559 1137 3615 naturalcm
1156 3573 1312 3612 suam
1336 3558 1484 3612 circa
1511 3557 1688 3627 ipsum
1714 3556 1885 3611 Dcum
1919 3555 2180 3611 termina—

585 3656 750 3711 verit.
1071 3630 1090 3645 ’

658 3745 749 3801 48.
781 3743 974 3815 Operae
1008 3741 1247 3814 pretium
1288 3740 1571 3811 inquirant
1600 3739 1706 3794 viri
1745 3737 2000 3804 studiosi,
2031 3754 2183 3809 quae-

589 3854 716 3894 nam
746 3835 1105 3907 intelligenda
1128 3833 1266 3913 ﬁsint
1314 3848 1504 3903 opera,
1556 3847 1678 3903 quae
1724 3832 1867 3886 Deus
1897 3831 2065 3901 erepit
2096 3830 2180 3885 fa-

590 3945 749 3997 cere;
785 3944 849 3984 ac
882 3942 1132 3998 quamam
1178 3940 1373 3979 rursus
1421 3924 1534 3989 illa,
1586 3939 1707 3994 qua;
1740 3924 2084 3993 nonvccepit.
2123 3922 2181 3978 Si

591 4021 818 4091 quidem
843 4021 991 4075 enim
1036 4017 1312 4088 requievit
1339 4017 1407 4073 ab
1439 4018 1698 4072 omnibus
1738 4017 2027 4087 operibus,
2059 4032 2181 4086 quae

593 4122 836 4184 coeperat
867 4112 1085 4177 facere;
1116 4111 1290 4180 liquet
1319 4110 1386 4164 al)
1416 4111 1496 4165 eis
1528 4124 1637 4164 non
1671 4107 2031 4179 requievisse,
2060 4123 2183 4178 quae

595 4221 705 4260 non
731 4211 976 4274 coeperat
1006 4202 1209 4256 facere.
1239 4201 1318 4256 Ne
1347 4200 1491 4255 forte
1517 4201 1685 4271 igitur
1727 4199 1824 4255 Dci
1856 4214 2025 4268 opera
2059 4212 2183 4268 quae

598 4305 952 4365 temporance
999 4300 1288 4362 cmperunt
1335 4291 1493 4363 471
1539 4306 1681 4356 csse,
1713 4305 1804 4344 res
1837 4305 2029 4344 omnes
2071 4288 2184 4344 sint

606 4401 728 4455 quae
760 4385 1118 4454 participant,
1171 4390 1324 4452 puta,
1374 4383 1605 4438 diversae
1636 4396 1821 4437 rerum
1863 4380 2184 4437 substantiae

2284 3289 2456 3343 ὄντων
2496 3287 2660 3358 τυχὸν
2714 3286 2951 3357 φυσικῆς
3001 3287 3321 3359 ἐνεργείας,
3358 3285 3486 3341 καθ’
3509 3285 3577 3356 ἢν
3626 3283 3832 3338 ἕκαστον

2278 3380 2389 3434 τῶν
2423 3378 2595 3432 ὄντων
2625 3376 2870 3447 φυσικῶς
2897 3377 3169 3431 κινεῖσθαι
3203 3377 3477 3447 πέφυκεν,
3500 3375 3698 3430 ὁπόταν
3720 3372 3836 3427 ἐκα-

2281 3487 2408 3525 στον
2440 3472 2539 3542 τῆς
2586 3468 2740 3533 θείας
2787 3468 3067 3538 ἀναλόγως
3115 3468 3516 3540 ἐπιλαϐόμενον
3566 3463 3837 3537 ἐνεργείας.

2279 3563 2380 3634 τὴν
2404 3561 2548 3615 κατὰ
2572 3559 2734 3631 φύσιν
2757 3557 2964 3613 οἰκείαν
2996 3561 3133 3632 ’περὶΔ
3160 3560 3323 3614 αὑτὸν
3377 3560 3540 3633 ὁρίσῃ
3604 3558 3692 3611 τὸν
3728 3553 3841 3610 Θεὸν

2279 3654 2584 3726 ἐνέργειαν.

2357 3745 2469 3818 μη’.
2498 3744 2771 3817 Ζητητέον
2791 3747 2907 3808 τοῖς
2942 3743 3273 3810 σπουδαίοις,
3302 3746 3431 3800 τίνα
3465 3743 3696 3815 καθήκει
3721 3737 3841 3793 νοεῖν

2281 3833 2423 3893 εἶναι
2448 3838 2517 3892 τὰ
2555 3837 2693 3908 ἔργα
2724 3832 2799 3889 ὧν
2825 3836 3029 3907 ἧρξατο
3056 3835 3159 3906 τῆς
3185 3836 3464 3906 γενέσεως
3510 3837 3540 3889 ὁ
3568 3833 3697 3898 Θεός
3724 3849 3737 3862 ο
3765 3828 3842 3882 καὶ

2280 3934 2404 3987 τίνα
2438 3926 2621 3994 πάλιν,
2655 3923 2731 3984 ὧν
2757 3931 2859 3982 οὐκ
2898 3928 3121 4000 ἤρξατο.
3191 3930 3258 3984 El
3304 3928 3419 4001 γὰρ
3469 3927 3684 3981 πάντων
3729 3938 3841 3977 κατ-

2283 4024 2491 4077 έπαυσε
2518 4020 2626 4073 τῶν
2649 4019 2849 4091 ἔργων,
2888 4012 2964 4075 ὧν
2994 4018 3198 4091 ἤρξατο
3244 4020 3496 4090 ποιῆσαι,
3526 4017 3683 4089 δῆλον
3726 4012 3846 4067 ἐκεί-

2283 4128 2393 4166 νων
2423 4111 2483 4165 οὑ
2515 4102 2973 4178 κατέπαυσε-θῶν
2989 4109 3095 4163 οὐκ
3115 4108 3319 4180 ἧρξατο
3357 4112 3614 4181 ποιῆσαι.
3643 4106 3842 4178 Μήποτε

2283 4198 2399 4267 οὖν,
2423 4201 2561 4273 ἔργα
2591 4200 2691 4271 μὲν
2711 4197 2849 4253 θεοῦ
2874 4198 3146 4271 χρονικῶς
3167 4199 3425 4270 ὴργμένα
3444 4198 3540 4254 τοῦ
3564 4196 3702 4253 εἶναί
3724 4196 3841 4271 ἐστι,

2285 4291 2470 4346 πάντα
2493 4289 2564 4344 τὰ
2609 4289 2740 4344 ὄντα
2780 4290 3079 4361 μετέχοντα
3117 4304 3131 4319 ·
3170 4284 3284 4342 οἷον
3349 4291 3409 4343 αἱ
3456 4289 3700 4361 διάφοροι
3755 4278 3843 4335 τῶν

2283 4383 2454 4437 ὄντων
2482 4382 2683 4437 οὐσίαι.
2716 4381 2791 4435 Τὸ
2820 4382 2930 4453 γὰρ
2967 4380 3041 4452 μὴ
3079 4380 3163 4449 ὃν,
3204 4380 3426 4452 ἔχουσιν
3466 4381 3647 4435 αὐτῶν
3681 4376 3766 4432 τοῦ
3784 4369 3845 4427 εἴ·

603 4491 700 4529 seu
752 4482 961 4529 natura:
1008 4487 1074 4527 ac
1115 4471 1386 4526 essentiae.
1438 4472 1653 4526 Habent
1697 4471 1844 4526 enim
1900 4486 2014 4525 non
2063 4485 2178 4526 esse

2290 4494 2379 4531 ναι
2422 4474 2818 4548 πρεσϐύτερον.
2850 4469 2961 4528 Ἦν
2989 4475 3097 4546 γάρ
3148 4492 3300 4539 ποτε,
3328 4475 3422 4528 ὅτε
3456 4474 3526 4528 τὰ
3556 4473 3684 4526 ὄντα
3738 4482 3844 4540 μετ-

604 4567 856 4639 (nihilum
898 4563 1119 4636 vocant)
1166 4563 1449 4634 antiquius
1493 4563 1612 4634 ipso
1644 4578 1832 4618 earum
1867 4578 2008 4619 esse.
2052 4563 2187 4620 Erat

601 4661 750 4715 enim
793 4656 1127 4729 aliquando,
1179 4671 1304 4711 eum
1356 4670 1449 4711 res
1496 4671 1618 4726 quae
1664 4656 2027 4726 participant,
2068 4670 2183 4711 non

602 4758 780 4806 erant.
810 4749 907 4804 Dei
930 4756 1113 4803 autem
1138 4747 1370 4801 forsitan
1394 4761 1583 4817 opera,
1611 4761 1734 4816 quae
1750 4761 1862 4801 non
1891 4755 2183 4817 caperent

605 4856 954 4914 temporance
997 4856 1140 4907 csse,
1174 4856 1239 4897 ea
1272 4848 1402 4895 sunt
1432 4855 1554 4911 qua:
1587 4841 1699 4894 vim
1727 4840 1934 4895 habent
1963 4849 2026 4895 ut
2057 4855 2185 4911 par-

600 4933 922 5004 ticipentur,
947 4928 1187 5002 qucrum
1210 4946 1302 4985 res
1322 4930 1419 4986 Dei
1441 4944 1672 4984 munere
1700 4938 1831 4986 sunt
1852 4929 2177 5000 participes;

600 5025 908 5098 cujusmodi
941 5032 1092 5089 sunt,
1122 5024 1359 5095 exempli
1390 5037 1576 5087 causa,
1614 5022 1852 5089 bonitas,
1880 5037 1944 5077 ac
1970 5023 2017 5078 si
2048 5022 2183 5093 quid

601 5117 863 5171 bonitatis
895 5116 1110 5171 ratione
1149 5114 1643 5187 comprehenditur
1670 5131 1684 5167 :
1719 5112 2055 5185 omninoque
2076 5114 2190 5170 vita

602 5207 784 5261 omnis
827 5216 884 5263 et
922 5207 1308 5263 immortalitas
1345 5215 1403 5262 et
1432 5206 1760 5277 simplicitas
1787 5215 1846 5261 et
1870 5205 2192 5261 immutabi-

604 5297 729 5351 litas
761 5306 821 5352 et
844 5298 1119 5367 inﬁnitas;
1157 5308 1357 5355 cuncta
1379 5298 1620 5369 denique
1659 5312 1782 5368 quae
1822 5297 1976 5353 circa
2012 5297 2192 5368 ipsum

605 5389 980 5446 cssentialiter
1013 5390 1424 5463 intelliguntur;
1463 5405 1589 5461 quae
1618 5397 1676 5445 et
1706 5387 1803 5444 Dei
1841 5402 2008 5458 opera
2042 5400 2193 5457 sunt,

675 5551 720 5584 "
744 5551 880 5606 Luc.
926 5567 980 5615 κ,
1002 5550 1055 5603 2.
1132 5551 1179 5583 ²⁶
1201 5551 1362 5605 Rom.
1384 5567 1445 5617 ιι,
1470 5550 1567 5606 29.
1640 5550 1681 5580 "
1705 5548 1844 5603 Gen.
1868 5565 1928 5614 ιι,
1950 5549 2009 5604 2.

2299 4568 2499 4639 έχοντα
2524 4567 2626 4621 οὐκ
2647 4563 2737 4637 ἦν.
2765 4565 2898 4621 Θεοῦ
2928 4567 2986 4620 δέ
3017 4567 3155 4639 ἔργα
3186 4567 3346 4637 τυχὸν
3368 4568 3476 4621 οὐκ
3507 4565 3750 4638 ἡργμένα
3768 4556 3845 4612 τοῦ

2286 4655 2430 4714 εἶναι
2473 4658 2767 4731 χρονικῶς,
2799 4645 2871 4712 τὰ
2911 4657 3041 4713 ὂντα
3107 4658 3371 4730 μεθεκτὰ,
3415 4655 3495 4712 ὧν
3528 4655 3673 4712 κατὰ
3707 4652 3844 4726 χάριν

2291 4751 2582 4824 μετέχουσι
2623 4750 2692 4806 τὰ
2742 4749 2871 4805 ὄντα
2928 4750 3225 4823 μετέχοντα
3253 4767 3269 4784 ·
3310 4745 3450 4817 οἷον,
3478 4752 3514 4821 ἡ
3582 4746 3848 4817 ἀγαθότηςι

2285 4844 2384 4901 καὶ
2436 4845 2547 4898 πᾶν
2577 4843 2631 4898 εῐ
2658 4861 2712 4897 τι
2754 4842 3100 4914 ἀγαθότητος
3134 4843 3537 4914 ἐμπεριέχεται
3573 4840 3729 4911 λόγῳ.
3758 4835 3850 4889 Καὶ

2288 4931 2477 4997 ἁπλῶς
2522 4935 2675 4989 πᾶσα
2723 4931 2859 5004 ζωὴ,
2891 4932 2987 4986 καὶ
3041 4930 3312 4986 ἀθανασία
3371 4934 3474 4987 καὶ
3512 4931 3753 4997 ἁπλότης
3776 4922 3850 4978 καὶ

2289 5023 2529 5097 ἀτρεψία
2550 5024 2647 5079 καὶ
2678 5022 2929 5096 ἀπειρία,
2963 5023 3057 5077 καὶ
3094 5023 3198 5077 ὅσα
3231 5024 3365 5095 step!
3395 5024 3571 5078 αὐτὸν
3603 5013 3848 5075 οὐσιωδῶς

2288 5116 2575 5187 θεωρεῖται
2613 5130 2628 5146 ·
2661 5113 2820 5167 ἆτινα
2861 5113 2956 5167 καὶ
2977 5111 3117 5183 ἔργα
3149 5111 3287 5166 Θεοῦ
3310 5115 3442 5178 είσι,
3482 5110 3585 5165 καὶ
3613 5108 3713 5163 οὐκ
3732 5104 3847 5172 ὴργ·

2292 5209 2430 5282 μένα
2456 5207 2748 5281 χρονικῶς.
2781 5206 2859 5262 Οὐ
2902 5207 3013 5280 γάρ
3042 5222 3175 5261 ποτε
3215 5205 3601 5278 πρεσὸύτερον
3644 5194 3848 5282 ἀρετῆςγ

2289 5280 2352 5354 τὸ
2382 5280 2483 5354 οὐκ
2506 5295 2575 5372 ἦν
2596 5317 2610 5331 ·
2641 5297 2762 5352 οὐδέ
2782 5313 2932 5363 τινος
2958 5297 3120 5351 ἄλλου
3150 5296 3259 5350 τῶν
3291 5295 3611 5368 εἰρημένων
3636 5307 3650 5324 ·
3682 5287 3779 5343 κᾶν
3795 5280 3852 5334 τά

2298 5393 2594 5465 μετέχοντα
2621 5388 2803 5445 αὐτῶν
2821 5387 2943 5445 καθ’
2970 5386 3135 5455 αὑτὰ,
3156 5381 3357 5459 ἦρκται
3387 5386 3488 5442 τοῦ
3521 5380 3664 5441 εῖναι
3689 5390 3849 5454 χρονι-

678 5685 747 5756 (ἰ)
786 5682 1072 5756 Ἠπᾶσιν
1115 5682 1350 5751 ἄϐατος.
1383 5685 1477 5756 Et,
1508 5684 1603 5739 hic
1649 5682 1815 5739 Marci
1849 5699 1971 5754 cap.
2009 5681 2064 5752 5,
2095 5699 2178 5741 ευ(

2279 5698 2325 5738 ιιι
2385 5681 2688 5754 νηπτικῶν,
2741 5700 2845 5742 nec
2874 5685 3056 5756 ipsum
3116 5684 3198 5741 illi
3230 5684 3364 5741 satis
3404 5683 3779 5743 emendatum:
3805 5680 3857 5727 ιιι

607 5754 752 5827 quod
781 5755 962 5827 primo
987 5763 1099 5822 est,
1142 5756 1206 5808 ἰι
1238 5756 1384 5808 πᾶσα
1413 5755 1633 5821 ἄϐατος,
1661 5764 1770 5811 etc.
