4076 6406
368 333 498 400 ii’Ol

1219 315 1555 391 CAPITUM
1592 325 1863 386 THEOL.
1909 325 2004 384 ET
2032 325 2277 385 moon.
2319 309 2706 384 CENTURIA
2749 325 2798 386 ῐ.

3499 321 3636 381 1102

359 446 496 510 κῶς.
536 447 806 516 Ἂναρχος
857 444 965 514 γὰρ
1030 445 1178 498 πᾶσα
1227 442 1420 515 ἁρετὴ,
1484 441 1558 512 μὴ
1607 440 1805 510 ἔχουσα
1857 437 1979 498 τὸν,

2061 447 2108 492 et
2138 445 2491 507 temporanee
2519 454 2628 492 non
2664 446 2967 507 coeperunt.
3002 437 3482 507 Nunquam-cnim
3523 453 3634 492 non

360 537 554 607 χρόνον
593 537 799 607 ἑαυτῆς
841 537 1216 608 πρεσϐύτερον
1241 554 1254 567 ·
1296 530 1385 588 οἷα
1441 534 1532 586 τὸν
1565 533 1698 586 Θεὸν
1747 531 1944 602 ἔχουσα

359 630 456 682 τοῦ
491 626 628 682 εἶναι
663 629 976 700 μονώτατον
1008 629 1193 692 ἁῖδίως
1225 629 1548 698 γεννήτορά.

2050 537 2190 591 erat,
2218 528 2424 583 virtute
2453 528 2736 597 antiquius
2766 527 2890 592 fuit,
2922 529 3103 584 ullovc
3136 529 3246 583 alio
3277 543 3471 584 eorum
3515 545 3637 598 qua:

2053 619 2199 674 dicta
2253 628 2410 686 sunt;
2450 619 2667 675 tametsi
2697 634 2762 674 ea
2807 635 2929 689 qua:
2971 620 3323 689 participant,
3371 620 3488 690 ipsa
3534 636 3630 674 sua

364 725 578 779 ratione
630 734 985 795 temporanee
1042 741 1163 780 esse
1219 725 1508 794 cmperint.
1558 722 1749 777 Omnis
1801 719 1949 774 enim
1990 717 2167 770 virtus
2199 726 2405 770 aeterna
2437 725 2540 780 est,
2573 731 2694 786 qua:
2724 725 2940 784 tempus
2968 728 3048 770 se
3084 715 3364 784 antiquius
3421 717 3631 770 nullum

362 822 565 876 habeat
595 837 607 872 :
647 829 707 873 ut
731 835 852 888 quae
885 819 1056 872 Deum
1094 815 1592 888 singularissimum
1637 813 1757 882 ejus
1802 807 1949 880 quod
1982 816 2088 871 est,
2123 817 2407 877 parentem
2440 807 2496 861 in
2526 805 2922 875 sempiternum
2955 803 3175 858 habeat.

441 914 547 986 p.0'.
579 917 806 971 Πάντων
834 915 939 968 τῶν
977 914 1150 967 ὄντων
1183 915 1277 966 καὶ
1310 911 1644 983 μετεχόντων
1688 908 1780 962 καὶ
1819 906 1946 977 p.50-

364 1009 562 1071 εκτῶν,
597 1007 896 1078 ἀπειράκις
940 1006 1187 1077 ἀπείρως
1216 1009 1242 1059 ὀ
1269 1005 1402 1068 Θεὸς
1441 1001 1800 1072 ὑπεξῄρηται.
1830 999 1946 1050 Πᾶν

365 1103 476 1171 γάρ
509 1100 633 1153 εἴτι
661 1099 753 1151 τὸν
773 1098 866 1151 τοῦ
907 1093 1049 1149 εἶναι
1078 1098 1234 1165 λόγον
1269 1096 1384 1166 ἔχει
1426 1092 1942 1164 κατηγορούμενον,

370 1191 536 1260 ἔργον
566 1189 702 1242 Θεοῦ
729 1188 991 1256 τυγχάνει
1017 1205 1030 1217 ·
1073 1187 1174 1240 κᾶν
1193 1187 1255 1240 τὸ
1284 1187 1383 1256 μὲν
1417 1184 1558 1238 κατὰ
1586 1183 1798 1250 γένεσιν
1843 1175 1945 1250 ἧρ-

362 1301 493 1336 κται
528 1282 591 1351 (j)
623 1280 718 1333 τοῦ
754 1277 900 1340 εἶναι
926 1279 1193 1351 χρονικῶς
1220 1296 1234 1308 ·
1273 1277 1334 1329 τὸ
1361 1276 1440 1335 δὲ,
1473 1275 1614 1328 κατά
1638 1275 1808 1344 ,χάριν
1836 1275 1946 1335 τοῖς

362 1375 648 1442 γεγονόσιν
711 1365 1184 1442 ὲμπέφυκεν,οἶά
1249 1387 1334 1430 τις
1394 1368 1622 1437 δύναμις
1675 1365 1946 1434 ἔμφυτος,

362 1466 458 1516 τὸν
513 1467 570 1516 ἐν
621 1464 786 1514 πᾶσιν
833 1461 963 1513 ὄντα
1011 1461 1146 1513 Θεὸν
1195 1458 1534 1528 διαπρυσίως
1583 1456 1946 1526 κηρύττουσα.

358 1665 363 1680 ι
446 1637 516 1690 ν’.
545 1637 626 1690 Τὰ
653 1637 900 1692 ἀθάνατα
941 1637 1141 1700 πάντα,
1171 1634 1267 1688 καὶ
1294 1632 1434 1703 αὑτὴ
1469 1634 1500 1701 ἡ
1528 1630 1795 1684 ἀθανασία
1819 1645 1832 1658 ’
1857 1628 1952 1680 καὶ

357 1729 436 1784 ’τὰ
492 1730 671 1794 ζῶντα
727 1729 925 1793 πάντα,
983 1727 1078 1780 καὶ
1130 1725 1267 1795 αὑτὴ
1301 1723 1512 1796 ἡζωήο
1549 1723 1643 1776 καῖ¹
1694 1723 1763 1774 τὰ
1819 1721 1950 1788 ἅγια

2123 905 2214 960 49.
2266 905 2414 959 Deus
2464 905 2632 958 rebus
2675 902 2933 957 omnibus
2983 917 3105 970 qua:
3138 901 3498 971 participant,
3537 912 3634 959 aut

2047 996 2158 1050 vim
2186 997 2391 1051 habent
2418 1004 2482 1050 ut
2509 996 2931 1066 participentur,
2965 993 3229 1048 inﬁnities
3258 995 3470 1051 inﬁnite
3495 997 3637 1051 emi-

2045 1097 2160 1144 net.
2197 1088 2478 1159 Quidquid
2521 1088 2670 1143 enim
2700 1094 2806 1150 est,
2836 1088 2904 1142 de
2932 1102 3043 1157 quo
3076 1089 3196 1158 ejus
3225 1088 3373 1157 quod
3411 1098 3639 1144 estesse

2040 1182 2188 1236 ratio
2216 1182 2566 1251 pragdicetur,
2599 1181 2696 1235 Dei
2734 1195 2873 1249 opus
2911 1189 3025 1244 est;
3072 1181 3289 1235 tametsi
3320 1182 3470 1236 aliud
3516 1183 3642 1252 qui-

2047 1273 2173 1326 dem
2205 1281 2557 1342 temporanee
2589 1279 2714 1325 ortu
2756 1273 2993 1341 cmperit
3028 1287 3180 1337 esse,
3217 1273 3370 1327 aliud
3394 1274 3490 1328 Dei
3521 1291 3642 1328 mu-

2048 1381 2181 1418 nere
2211 1366 2412 1418 creatis
2442 1363 2668 1417 insitum
2699 1363 2791 1426 sit,
2819 1379 2919 1417 ceu
2948 1363 3030 1417 vis
3053 1364 3298 1433 quaedam
3333 1366 3400 1420 iis
3429 1366 3636 1432 innata,

2047 1473 2170 1525 qua:
2222 1457 2393 1510 Deum
2457 1458 2512 1511 in
2566 1455 2825 1510 omnibus
2889 1456 3245 1511 exsistentem
3297 1459 3443 1512 clare
3495 1475 3636 1528 prae-

2048 1549 2213 1603 dicet.

2120 1639 2208 1693 £30.
2272 1640 2608 1696 Immortalia
2659 1644 2882 1708 omnia,
2943 1644 3170 1713 ipsaque
3221 1644 3640 1710 immortalitas;

2051 1732 2403 1802 viventiaque
2431 1733 2638 1796 omnia,
2674 1734 2901 1804 ipsaque
2944 1736 3171 1801 vita;-et
3213 1745 3400 1790 sancta
3434 1737 3640 1797 omnia.

366 1825 568 1884 πάντα,
598 1823 693 1875 καὶ
721 1821 862 1890 αὐτὴ
896 1823 929 1891 ἡ
963 1819 1191 1888 ἁγιότης
1214 1836 1229 1850 ’
1265 1817 1360 1871 καὶ
1391 1818 1459 1870 τὰ
1491 1817 1720 1884 ἐνάρετα
1753 1815 1948 1876 πάντα,

2061 1825 2280 1895 ipsaque
2311 1825 2610 1890 sanctitas;
2657 1826 2973 1897 virtuteque
3013 1827 3244 1896 praedita
3278 1829 3461 1883 omnia
3505 1828 3644 1899 (stu-

368 1917 467 1968 καὶ
503 1914 642 1984 αὐτὴ
669 1916 714 1984 ἡ
739 1914 908 1984 ἀρετή
943 1929 955 1941 '
995 1913 1087 1966 καὶ
1120 1911 1190 1963 τὰ
1211 1909 1393 1978 ἀγαθὰ
1429 1910 1632 1970 πάντα,
1666 1907 1761 1959 καὶ
1806 1905 1946 1974 αὑτὴ

361 2011 398 2077 ἡ
442 2007 720 2076 ἀγαθότης
753 2022 764 2035 ·
798 2007 890 2058 καὶ
925 2005 991 2058 τά
1028 2005 1158 2058 ὄντα
1181 2005 1358 2057 πάντα
1385 2045 1398 2068 ,
1432 2003 1526 2055 καὶ
1569 2000 1707 2070 αὑτὴ
1737 2001 1770 2070 ἡ
1802 1997 1946 2051 ὀντό-

363 2119 490 2170 της,
530 2098 664 2151 Θεοῦ
717 2097 998 2170 προδήλως
1058 2095 1194 2167 ἔργα
1239 2095 1598 2165 τυγχάνουσιν
1624 2110 1638 2122 ο
1672 2091 1808 2145 ἀλλὰ
1834 2131 1847 2152 ,
1880 2089 1949 2142 τὰ

367 2194 493 2263 μὲν,
516 2191 609 2246 τοῦ
641 2188 780 2245 εἶναι
806 2190 1072 2262 χρονικῶς
1106 2189 1356 2260 ἡργμένα
1383 2206 1396 2217 ο
1435 2183 1502 2258 ἦν
1534 2187 1642 2255 γάρ
1665 2200 1794 2237 ποτε
1817 2224 1830 2248 ,
1862 2183 1952 2235 ὅτε

364 2287 472 2338 οὐκ
502 2280 608 2356 ἦν·
655 2285 723 2339 τὰ
771 2285 850 2350 δὲ,
879 2284 974 2338 τοῦ
1021 2278 1163 2337 εἶναι
1203 2279 1473 2352 χρονικῶς
1520 2281 1620 2332 οὐκ
1674 2275 1950 2348 ἠργμένα.

365 2379 487 2431 Οὐκ
518 2374 586 2449 ἦν
619 2379 728 2447 γάρ
766 2361 919 2441 ποτε,
952 2377 1042 2429 ὅτε
1077 2376 1175 2428 οὐκ
1221 2370 1291 2445 ἦν
1330 2372 1501 2444 ἁρετὴ
1551 2371 1646 2424 καὶ
1677 2367 1954 2437 άγαΟὸτης

365 2474 467 2524 καὶ
513 2471 737 2540 ἁγιότης
792 2471 886 2521 καὶ
937 2467 1239 2521 ἀθανασία.
1283 2466 1392 2517 Καὶ
1436 2465 1503 2516 τά
1560 2461 1659 2532 μὲν
1703 2460 1956 2531 ὴργμένα

365 2560 666 2634 χρονικῶς,
701 2563 768 2631 τῇ
803 2562 1005 2628 μετοχῇ
1056 2557 1166 2610 τῶν
1209 2557 1312 2610 οὐκ
1351 2555 1644 2628 ὴργμένων
1687 2552 1957 2625 χρονικῶς

367 2655 484 2708 εἰσὶ
528 2655 621 2707 καὶ
661 2652 909 2720 λέγονται
935 2649 1078 2703 τοῦθ’
1098 2651 1235 2719 ὅπερ
1265 2649 1361 2701 καὶ⁵
1398 2647 1503 2699 εἰσὶ
1535 2647 1632 2699 καὶ
1681 2645 1953 2712 λέγονται.

369 2746 564 2816 Πάσης
620 2745 728 2815 γάρ
769 2742 1050 2813 (inﬁgam).
1091 2739 1413 2804 ἀθανασίας,
1450 2736 1734 2808 ἁγιότητὸς
1769 2754 1827 2789 τε
1865 2737 1959 2788 καὶ

369 2839 621 2910 ἀρετῆς,
679 2835 1011 2906 δημιουργός
1074 2835 1219 2885 ἐστιν
1261 2835 1290 2886 ὁ
1346 2832 1475 2894 Θεός
1511 2847 1523 2859 ’
1583 2831 1722 2901 ὑπὲρ
1769 2828 1958 2882 ουσίαν

367 2933 483 3004 γάρ
521 2931 738 2984 πάντων
789 2928 914 2996 τῶν
946 2945 1007 2980 τε
1034 2924 1350 2996 νοουμένων
1401 2925 1494 2978 καὶ
1530 2924 1838 2993 λεγομένων
1873 2921 1959 2985 ἐξ·

370 3027 408 3094 ῄ
418 3041 602 3095 ρηται.

453 3204 554 3262 να’.
600 3206 664 3258 'il
709 3203 844 3273 ἕκτη
881 3201 1024 3256 κατὰ
1048 3201 1146 3272 τὴν
1192 3201 1416 3273 Γραφὴν
1461 3198 1664 3270 ἡμέρα,
1699 3196 1798 3268 τὴν
1851 3195 1960 3248 τῶν
1987 3202 2030 3258 c

373 3299 488 3354 ὑπὸ
531 3297 692 3366 φύσιν
749 3295 918 3349 ὄντων
973 3296 1279 3364 εἰσηγεῖται
1335 3293 1736 3362 συμπλήρωσιν
1768 3307 1782 3319 ·
1825 3291 1858 3358 ἡ
1903 3289 1961 3341 δὲ

372 3391 605 3460 ἑϐδόμη,
631 3392 730 3459 τῆς
763 3387 1027 3458 χρονικῆς
1059 3387 1325 3456 ἰδιότητος
1367 3385 1702 3454 περιγράφει
1751 3380 1851 3451 τὴν
1877 3380 1962 3432 κί-

371 3499 534 3552 νησιν
569 3495 582 3509 '
617 3482 650 3551 ἡ
679 3479 734 3531 δὲ
757 3478 939 3546 ὀγδόη,
969 3477 1067 3545 τῆς
1106 3476 1248 3545 ὑπὲρ
1278 3474 1440 3542 φύσιν
1478 3474 1575 3525 καὶ
1601 3471 1794 3543 χρόνον
1828 3471 1962 3522 ὑπο-

369 3573 531 3642 δηλοῖ
561 3570 949 3632 καταστάσεως
983 3568 1075 3620 τὸν
1101 3566 1321 3639 τρόπον.

461 3749 563 3819 νβ’.
601 3749 659 3801 '0
718 3748 817 3814 τὴν
871 3747 1037 3818 ἓκτην
1079 3746 1240 3817 μόνον
1303 3744 1446 3812 κατὰ
1484 3745 1574 3796 τὸν
1605 3744 1767 3816 νόμον
1815 3745 1965 3814 ἄγων

375 3848 620 3918 ἡμέραν,
675 3844 774 3914 τὴν
825 3844 945 3896 κατ’
975 3843 1256 3911 ἐνέργειαν
1307 3841 1670 3895 ὲκθλίϐουσαν
1715 3843 1815 3913 τὴν
1862 3841 1966 3910 ψυ-

374 3943 486 4013 χὴν
549 3939 661 3991 τῶν
733 3936 923 3990 παθῶν
1005 3937 1222 4005 φεύγων
1294 3936 1646 3995 δυναστείαν,
1711 3937 1797 3989 διά
1867 3938 1967 4006 τῆς

375 4030 664 4098 θαλάσσης
721 4029 942 4097 ἀφόϐως
990 4029 1082 4080 ἐπὶ
1121 4027 1220 4098 τὴν
1274 4029 1481 4098 ἔρημον
1525 4027 1791 4080 διαϐαίνει
1826 4045 1838 4057 ·
1867 4029 1967 4099 τὴν

377 4122 493 4176 τῶν
547 4120 739 4174 παθῶν
780 4120 982 4190 ἀργίαν
1041 4119 1208 4188 μόνην
1255 4119 1618 4183 σαϐϐατίζων.
1671 4120 1728 4172 Ὀ
1757 4120 1812 4172 δὲ
1877 4121 1968 4172 τὸν

391 4202 674 4284 Ἰορὸἔνην
700 4211 914 4274 διαϐὰς,
945 4213 1040 4264 καὶ⁸
1073 4210 1243 4280 αὐτὴν
1271 4211 1556 4264 ἀπολιπὼν
1587 4211 1682 4282 τὴν
1718 4213 1826 4265 τῶν
1863 4231 1968 4266 πα-

379 4307 494 4359 Οῶν
537 4305 698 4375 μόνον
720 4303 997 4376 ἀργοῦσαν
1027 4303 1383 4370 κατάστασιν,
1412 4299 1574 4372 ἦλθεν
1617 4305 1696 4367 εἰς
1735 4305 1833 4376 τὴν
1861 4305 1969 4358 τῶν

377 4399 600 4475 ἁρετῷν
631 4397 1020 4469 κληρονομίαν.

457 4584 558 4646 νγν.
602 4577 662 4631 νο
696 4577 793 4646 τὴν
819 4577 982 4647 ἕκτην
1005 4574 1376 4644 εὐαγγελικῶς
1403 4577 1553 4645 ἄγων
1577 4579 1812 4649 ἡμέραν,
1833 4582 1967 4636 ἑπο-

381 4653 604 4734 κτείνας
633 4670 894 4740 πρότερον
932 4669 999 4722 τὰ
1029 4669 1129 4739 τῆς
1161 4670 1438 4739 ἁμαρτίας
1492 4671 1686 4741 πρῶτα
1728 4675 1967 4744 κινήμα-

379 4779 476 4823 τα,
512 4759 610 4830 τὴν
643 4759 823 4826 πάσης
845 4758 1044 4820 κακίας
1077 4758 1284 4830 ἔρημον
1313 4759 1401 4812 διὰ
1420 4759 1530 4812 τῶν
1560 4763 1772 4832 ἀρετῶν
1796 4782 1970 4818 κατα-

382 4853 656 4923 λαμϐάνει
701 4852 802 4922 τῆς
854 4851 1123 4914 ἀπαθείας
1186 4853 1521 4905 κατάστασιν
1552 4867 1566 4882 ·
1628 4856 1972 4921 σαϐϐατίζων

381 4944 534 5000 κατὰ
564 4935 688 4997 νοῧν
717 4944 814 4997 καὶ
844 4944 1021 5017 αὐτῆς,
1045 4942 1207 5012 ψιλῆς
1237 4943 1337 5011 τῆς
1367 4943 1475 4995 τῶν
1517 4944 1710 4997 παοῶν
1748 4965 1970 5015 ,φαντα-

614 5124 684 5177 Τὸ
741 5123 859 5192 μὲν
911 5124 1062 5176 κατὰ
1116 5123 1359 5192 γένεσιν
1414 5121 1645 5194 ἦρκται.
1701 5128 1822 5183 Alte
1881 5129 1971 5184 hic

383 5195 623 5250 Maximo
657 5195 905 5266 exposita
951 5195 1093 5246 ratio
1134 5197 1280 5248 entis
1325 5197 1519 5258 creati,
1567 5207 1624 5251 et
1673 5199 1970 5266 perfectio-

384 5279 522 5320 num
578 5279 715 5333 quas
772 5265 1140 5332 perfectiones
1210 5266 1534 5334 simpliciter
1588 5265 1808 5322 vocant.
1861 5271 1970 5325 Ens

381 5344 657 5395 creatum,
691 5336 871 5403 ipsum
907 5343 993 5390 est
1032 5335 1190 5402 cuius
1228 5337 1451 5404 proprie
1490 5339 1707 5402 genesis
1731 5348 1785 5393 et
1812 5349 1969 5394 ortus

383 5421 486 5462 seu
509 5407 821 5473 procreatio
861 5416 944 5458 est
968 5421 1030 5458 ac
1071 5405 1440 5472 dependentia
1467 5423 1495 5460 a
1525 5409 1636 5462 Deo
1659 5421 1908 5473 auctore,
1929 5427 1965 5464 -a

383 5492 497 5545 qua
526 5476 685 5548 nulla
706 5491 795 5548 res
824 5475 1095 5529 exsistens
1129 5475 1184 5548 in
1219 5490 1318 5548 sua
1344 5477 1575 5548 ratione
1610 5480 1820 5534 absolvi
1864 5497 1966 5548 po—

383 5554 532 5618 test._
560 5546 933 5618 Perfectiones
960 5561 1092 5618 vero
1120 5545 1465 5618 simpliciter,
1501 5559 1630 5602 sunt
1668 5551 1799 5618 ipsze
1827 5545 1968 5604 divi-

382 5632 474 5670 na:
502 5615 680 5678 dotes,
709 5632 846 5684 quas
873 5616 1017 5669 Deus
1047 5616 1235 5668 intime
1267 5616 1432 5670 rebus
1457 5615 1716 5685 prmsens,
1744 5621 1963 5683 iisdem,

381 5703 450 5740 ac
483 5686 638 5757 quasi
687 5687 930 5746 easdem,
964 5685 1109 5757 quod
1158 5687 1355 5740 attinet
1398 5688 1463 5740 ad
1507 5700 1837 5757 conceptum
1883 5692 1967 5744 sic

385 5756 826 5819 abstrahentem,
856 5756 1101 5825 impartit
1129 5773 1140 5807 :
1166 5771 1274 5824 quo
1321 5757 1397 5821 ﬁt,
1428 5767 1488 5812 ut
1516 5758 1594 5813 sic
1649 5756 1742 5815 Dei
1798 5777 1966 5830 opera

2052 1918 2252 1983 diosa),
2275 1928 2332 1974 et
2354 1919 2532 1972 virtus
2555 1919 2701 1989 ipsa;
2730 1919 2984 1990 bonaque
3008 1920 3215 1985 omnia,
3243 1929 3299 1975 et
3337 1921 3452 1989 ipsa
3482 1921 3642 1975 boni-

2053 2018 2166 2076 tas;
2199 2027 2320 2081 qua:
2364 2021 2493 2066 sunt
2535 2013 2740 2073 omnia,
2783 2013 3009 2082 ipsaque
3057 2012 3260 2067 entitas
3297 2012 3381 2084 (ut
3421 2014 3641 2083 vocant)

2051 2104 2173 2174 ejus
2201 2103 2346 2172 quod
2375 2112 2461 2158 est
2491 2105 2631 2158 ratio
2653 2145 2667 2167 ,
2702 2105 2797 2158 Dei
2823 2105 3004 2173 palam
3041 2115 3171 2159 sunt
3210 2119 3374 2174 opera
3405 2122 3418 2158 :
3446 2121 3513 2160 ex
3556 2106 3644 2159 his

2054 2205 2260 2261 tamen,
2291 2197 2397 2250 alia
2440 2207 2791 2268 temporanec
2831 2206 3123 2267 coeperunt
3160 2213 3281 2253 esse
3315 2197 3456 2268 (erat
3494 2199 3641 2254 enim

2055 2289 2356 2358 aliquando
2396 2290 2618 2360 quando
2664 2305 2773 2344 non
2801 2291 3006 2359 erant),
3032 2289 3140 2343 alia
3177 2305 3243 2343 ex
3277 2289 3429 2344 nullo
3459 2305 3647 2360 σαξρεδ

2056 2391 2188 2435 runt
2231 2390 2501 2450 tempore.
2537 2380 2830 2450 Nunquam
2860 2380 3008 2434 enim
3052 2379 3156 2433 fuit
3201 2394 3326 2434 cum
3370 2381 3548 2434 virtus
3589 2389 3649 2433 et

2057 2470 2276 2526 bonitas
2300 2480 2356 2525 et
2382 2470 2644 2526 sanctitas
2675 2479 2732 2524 et
2766 2469 3153 2523 immortalitas
3191 2483 3304 2522 non
3336 2478 3542 2524 essent.
3570 2470 3648 2524 Ac

2057 2561 2283 2632 quidem
2326 2577 2426 2624 ea,
2473 2577 2594 2630 quae
2640 2569 2991 2630 temporanee
3033 2569 3210 2629 coepta
3262 2567 3419 2622 sunt,
3451 2576 3646 2615 eorum

2057 2671 2179 2724 qua:
2231 2670 2341 2708 non
2407 2664 2538 2708 sunt
2593 2662 2768 2722 empta
2820 2661 3173 2722 temporanee
3227 2652 3650 2722 participatione

2057 2755 2188 2801 sunt
2237 2761 2301 2800 ac
2349 2745 2636 2807 dicuntur,
2680 2744 2758 2807 id,
2793 2743 2939 2814 quod
2981 2753 3039 2798 et
3087 2754 3216 2798 sunt
3259 2754 3317 2799 et
3363 2744 3648 2798 dicuntur.

2059 2839 2203 2892 Deus
2234 2853 2469 2907 namque
2499 2836 2679 2891 omnis
2704 2845 2760 2890 et
2785 2835 2910 2890 vita:
2937 2845 2994 2889 et
3038 2835 3483 2900 immortalitatis,
3525 2853 3652 2891 sau-

2057 2929 2376 2998 ctilatisque
2411 2938 2461 2984 et
2501 2927 2726 2981 virtu-tis
2755 2926 3008 2981 conditor
3039 2939 3126 2982 est
3152 2945 3164 2979 :
3189 2928 3395 2997 quippe
3424 2929 3515 2998 qui
3561 2945 3654 2982 suo

2061 3038 2157 3092 pra
2199 3023 2495 3077 essentiam
2527 3020 2774 3075 omnium
2801 3036 2920 3090 qua:
2949 3020 3354 3091 intelliguntur,
3392 3030 3491 3076 aut
3527 3037 3654 3093 qua:

2067 3113 2357 3176 dicuntur,
2395 3113 2623 3167 eminet.

2134 3206 2222 3259 51.
2274 3205 2437 3259 Sexta
2465 3204 2606 3268 dies,
2638 3205 2793 3274 juxta
2841 3203 3200 3274 Scripturam,
3252 3221 3447 3261 eorum
3493 3206 3656 3262 docet

2061 3297 2549 3367 complementum,
2581 3313 2704 3365 qua:
2734 3305 2864 3350 sunt
2903 3297 3006 3350 sub
3034 3306 3229 3351 natura
3259 3315 3271 3350 :
3299 3299 3530 3368 septima
3555 3316 3654 3354 auo

2021 3444 2024 3448 ,
2065 3397 2194 3450 tem,
2223 3395 2589 3455 temporaneae
2608 3386 2770 3457 472
2795 3388 3148 3456 pr0prietatis
3177 3397 3384 3443 motum
3411 3391 3654 3447 circum-

2063 3478 2294 3533 scribit:
2325 3487 2517 3532 octava
2562 3477 2805 3541 demum,
2849 3478 2968 3548 ejus
2999 3487 3173 3533 status
3205 3480 3298 3549 qui
3343 3489 3542 3536 natura
3569 3493 3642 3536 at-

2064 3587 2169 3641 que
2200 3579 2446 3639 tempore
2493 3570 2743 3639 superior
2775 3580 2879 3632 est,
2918 3571 3142 3625 modum
3189 3573 3452 3629 subnotat
3491 3585 3655 3645 atque

2005 3662 2011 3666 ’
2066 3663 2269 3717 innuit.

2136 3754 2225 3809 52.
2268 3753 2373 3820 Qui
2416 3762 2621 3809 sextam
2668 3754 2933 3809 duntaxat
2965 3754 3112 3810 diem
3156 3755 3318 3827 legali
3353 3758 3462 3812 ritu
3504 3760 3652 3830 agit.

2067 3846 2497 3916 Opprimcntium
2547 3853 2662 3916 ipsa
2715 3861 2774 3901 re
2823 3856 3059 3916 actuque
3107 3848 3403 3904 ali‘ectuum
3435 3866 3499 3905 ac
3527 3868 3655 3921 per-

2068 3938 2443 3992 turbationum
2487 3939 2830 3992 dominatum
2877 3938 3113 4009 fugiens,
3165 3941 3440 4010 intrepide
3490 3945 3656 3998 maris

2071 4030 2285 4085 tramite
2315 4030 2368 4084 in
2402 4030 2683 4084 desertum
2719 4031 2942 4097 transit;
2973 4032 3068 4102 qui
3099 4033 3309 4088 scilicet
3337 4035 3533 4090 horum
3564 4053 3656 4092 so-

2069 4121 2349 4175 lummodo
2371 4122 2566 4183 otium,
2594 4138 2689 4176 seu
2712 4122 2780 4176 ab
2807 4122 2893 4176 his
2913 4123 3298 4188 cessationem,
3329 4125 3592 4180 sabbatizt
3614 4139 3653 4183 ι.

2070 4213 2158 4277 Αι,
2192 4213 2286 4282 qui
2326 4221 2585 4282 superato
2616 4213 2877 4278 Jordane,
2920 4214 3096 4283 ipsum
3132 4231 3352 4284 quoque
3403 4217 3536 4272 solis
3576 4221 3657 4272 al-

2071 4306 2307 4361 iectibus
2338 4323 2402 4361 ac
2425 4306 2938 4376 perturbationibus
2971 4307 3235 4361 otiantem
3266 4318 3428 4378 atque
3463 4326 3658 4364 varam

2071 4407 2181 4453 tem
2216 4408 2421 4453 statum
2456 4399 2699 4468 reliquit,
2734 4401 2904 4469 ipsam
2950 4399 3216 4453 virtutum
3252 4402 3658 4470 possessionem

2071 4489 2230 4544 adiit.

2145 4585 2233 4640 53.
2273 4582 2376 4649 Qui
2411 4591 2537 4636 ante
2570 4581 2873 4652 peremptis
2908 4581 3100 4650 primis
3137 4587 3344 4653 peccati
3395 4588 3656 4646 motibus.

2070 4684 2280 4731 sextam
2322 4675 2467 4728 diem
2501 4675 2814 4743 evangelica
2853 4674 2985 4743 agit,
3017 4675 3163 4727 omni
3193 4678 3461 4744 pravitate
3493 4688 3658 4750 atque

2072 4767 2207 4820 vitio
2245 4775 2554 4828 vacantem,
2607 4766 2758 4819 velut
2808 4765 3107 4832 desertum,
3161 4767 3426 4824 virtutum
3481 4773 3655 4834 cultu,

2075 4857 2586 4928 imperturbationis
2634 4857 2830 4926 arripit
2880 4866 3112 4921 statum,
3158 4860 3226 4914 ab
3273 4862 3390 4930 ipsa
3439 4878 3658 4935 quoque

2077 4951 2222 5006 nuda
2250 4949 2729 5021 perturbationum
2768 4949 3176 5021 aifectuumque
3203 4953 3535 5022 cogitatione
3561 4973 3654 5011 seu

2079 5131 2478 5205 intelligantur,
2505 5139 2575 5205 _et
2617 5145 2645 5183 a
2689 5130 2822 5205 Deo,
2859 5131 3207 5205 eman‘atione
3251 5134 3320 5187 ab
3356 5135 3496 5205 ipso.
3543 5139 3660 5194 sive.

2082 5202 2299 5255 virtuali
2343 5202 2397 5254 in
2439 5202 2642 5271 seipso,
2688 5202 2802 5255 sive
2840 5202 2972 5255 reali
3016 5201 3070 5255 in
3115 5205 3338 5268 creatis,
3372 5201 3430 5261 ut
3477 5218 3659 5265 tamen

2077 5280 2256 5349 empta
2289 5273 2578 5349 χρονικῶς,
2608 5280 2667 5324 ιιι
2693 5272 2779 5349 _sic
2812 5272 3133 5349 forrnalitpr,
3166 5283 3222 5349 et
3256 5276 3310 5328 in
3345 5277 3434 5331 illa
3477 5285 3660 5349 perle—

2076 5340 2570 5419 ctionisabsnlutze
2605 5343 2838 5419 ratione,
2887 5355 2999 5396 non
3044 5340 3661 5419 intelligantur{quod

2072 5427 2202 5465 vere
2229 5412 2532 5466 secundum
2561 5421 2734 5465 totum
2763 5412 2914 5465 illum
2947 5412 3272 5481 conceptum
3300 5432 3362 5469 ac
3392 5412 3662 5474 rationem

2073 5482 2240 5536 etiam
2271 5483 2324 5534 in
2356 5484 2469 5535 Deo
2495 5483 2606 5537 sint
2633 5501 2645 5534 :
2677 5482 2731 5535 in
2761 5484 2894 5542 Deo.
2927 5483 3044 5552 ipse
3077 5485 3331 5549 Deus;-in
3365 5491 3658 5551 creaturis,

2072 5554 2194 5622 ejus
2225 5552 2491 5606 bonitatis
2519 5553 2772 5615 eliectus,
2823 5553 2968 5607 unde
3014 5565 3101 5608 est
3144 5564 3202 5608 ut
3235 5564 3290 5608 et
3335 5557 3506 5609 Deum
3556 5561 3662 5614 sub

2074 5624 2274 5704 talibus
2317 5624 2678 5693 conceptibus
2727 5631 2788 5677 ut
2838 5633 3118 5679 auctorem
3175 5625 3544 5696 intelligamus
3601 5640 3663 5685 ac

2071 5708 2442 5748 nominemus.
