  <div class='ocr_page' id='page_1' title='image "/cluster/home/n/w/nwhite01/storage/ocr_20150623/90:no.1/coo.31924054869940/567.png"; bbox 0 0 4076 6426; ppageno 0'>
   <div class='ocr_carea' id='block_1_1' title="bbox 590 290 777 409">
    <p class='ocr_par' dir='ltr' id='par_1_1' title="bbox 590 290 777 409">
     <span class='ocr_line' id='line_1_1' title="bbox 590 290 777 409; baseline 0.005 -1"><span class='ocrx_word' id='word_1_1' title='bbox 590 340 730 409; x_wconf 74' lang='lat' dir='ltr'><strong>nos</strong></span> <span class='ocrx_word' id='word_1_2' title='bbox 753 290 777 299; x_wconf 57' lang='grc'><em>’</em></span> 
     </span>
    </p>
   </div>
   <div class='ocr_carea' id='block_1_2' title="bbox 1762 322 2710 394">
    <p class='ocr_par' dir='ltr' id='par_1_2' title="bbox 1762 322 2710 394">
     <span class='ocr_line' id='line_1_2' title="bbox 1762 322 2710 394; baseline 0.002 -2"><span class='ocrx_word' id='word_1_3' title='bbox 1762 322 1822 393; x_wconf 86' lang='lat' dir='ltr'><strong>S.</strong></span> <span class='ocrx_word' id='word_1_4' title='bbox 1859 330 2148 392; x_wconf 83' lang='lat' dir='ltr'><strong>MAXIMI</strong></span> <span class='ocrx_word' id='word_1_5' title='bbox 2189 328 2710 394; x_wconf 81' lang='lat' dir='ltr'><strong>CONFESSORIS</strong></span> 
     </span>
    </p>
   </div>
   <div class='ocr_carea' id='block_1_3' title="bbox 3699 347 3813 416">
    <p class='ocr_par' dir='ltr' id='par_1_3' title="bbox 3699 347 3813 416">
     <span class='ocr_line' id='line_1_3' title="bbox 3699 347 3813 416; baseline 0.044 -4"><span class='ocrx_word' id='word_1_6' title='bbox 3699 347 3813 416; x_wconf 69' lang='lat' dir='ltr'><strong>110i</strong></span> 
     </span>
    </p>
   </div>
   <div class='ocr_carea' id='block_1_4' title="bbox 580 442 2149 535">
    <p class='ocr_par' dir='ltr' id='par_1_4' title="bbox 580 442 2149 516">
     <span class='ocr_line' id='line_1_4' title="bbox 580 442 2149 516; baseline -0.01 -2"><span class='ocrx_word' id='word_1_7' title='bbox 580 448 1001 516; x_wconf 76' lang='lat' dir='ltr'><strong>informatione,</strong></span> <span class='ocrx_word' id='word_1_8' title='bbox 1049 455 1238 503; x_wconf 89' lang='lat' dir='ltr'><strong>mente</strong></span> <span class='ocrx_word' id='word_1_9' title='bbox 1287 442 1660 502; x_wconf 82' lang='lat' dir='ltr'><strong>sabbatizans.</strong></span> <span class='ocrx_word' id='word_1_10' title='bbox 1707 442 1810 510; x_wconf 83' lang='lat' dir='ltr'><strong>At,</strong></span> <span class='ocrx_word' id='word_1_11' title='bbox 1841 442 1936 513; x_wconf 84' lang='lat' dir='ltr'><strong>qui</strong></span> <span class='ocrx_word' id='word_1_12' title='bbox 1981 442 2149 499; x_wconf 82' lang='lat' dir='ltr'><strong>Jorda</strong></span> 
     </span>
    </p>
   </div>
   <div class='ocr_carea' id='block_1_5' title="bbox 2252 442 3816 535">
    <p class='ocr_par' dir='ltr' id='par_1_5' title="bbox 2252 442 3816 535">
     <span class='ocr_line' id='line_1_5' title="bbox 2252 442 3816 535; baseline 0.015 -40"><span class='ocrx_word' id='word_1_13' title='bbox 2252 508 2255 517; x_wconf 22' lang='grc' dir='ltr'>λ</span> <span class='ocrx_word' id='word_1_14' title='bbox 2287 442 2430 508; x_wconf 83' lang='grc' dir='ltr'>σίας.</span> <span class='ocrx_word' id='word_1_15' title='bbox 2476 446 2536 498; x_wconf 84' lang='grc' dir='ltr'>Ὀ</span> <span class='ocrx_word' id='word_1_16' title='bbox 2569 445 2627 499; x_wconf 78' lang='grc' dir='ltr'>δὲ</span> <span class='ocrx_word' id='word_1_17' title='bbox 2674 446 2767 501; x_wconf 81' lang='grc' dir='ltr'>τὸν</span> <span class='ocrx_word' id='word_1_18' title='bbox 2815 446 3095 519; x_wconf 80' lang='grc' dir='ltr'><strong>Ἰορδάνην</strong></span> <span class='ocrx_word' id='word_1_19' title='bbox 3123 449 3478 521; x_wconf 82' lang='grc' dir='ltr'>διαπεράσας,</span> <span class='ocrx_word' id='word_1_20' title='bbox 3504 455 3579 522; x_wconf 80' lang='grc' dir='ltr'><strong>είς</strong></span> <span class='ocrx_word' id='word_1_21' title='bbox 3616 459 3705 532; x_wconf 80' lang='grc' dir='ltr'>τὴν</span> <span class='ocrx_word' id='word_1_22' title='bbox 3733 466 3816 535; x_wconf 75' lang='grc' dir='ltr'>τῆς</span> 
     </span>
    </p>
   </div>
   <div class='ocr_carea' id='block_1_6' title="bbox 578 536 2174 609">
    <p class='ocr_par' dir='ltr' id='par_1_6' title="bbox 578 536 2174 609">
     <span class='ocr_line' id='line_1_6' title="bbox 578 536 2174 609; baseline -0.01 -3"><span class='ocrx_word' id='word_1_23' title='bbox 578 565 705 606; x_wconf 87' lang='lat' dir='ltr'><strong>nem</strong></span> <span class='ocrx_word' id='word_1_24' title='bbox 741 542 1072 609; x_wconf 76' lang='lat' dir='ltr'><strong>transmisit,</strong></span> <span class='ocrx_word' id='word_1_25' title='bbox 1103 541 1161 596; x_wconf 89' lang='lat' dir='ltr'><strong>in</strong></span> <span class='ocrx_word' id='word_1_26' title='bbox 1206 537 1455 597; x_wconf 70' lang='lat' dir='ltr'><strong>scientia:</strong></span> <span class='ocrx_word' id='word_1_27' title='bbox 1499 537 1829 608; x_wconf 77' lang='lat' dir='ltr'><strong>commigrat</strong></span> <span class='ocrx_word' id='word_1_28' title='bbox 1857 536 2174 609; x_wconf 81' lang='lat' dir='ltr'><strong>regionem;</strong></span> 
     </span>
    </p>
   </div>
   <div class='ocr_carea' id='block_1_7' title="bbox 577 628 2177 711">
    <p class='ocr_par' dir='ltr' id='par_1_7' title="bbox 577 628 2177 711">
     <span class='ocr_line' id='line_1_7' title="bbox 577 628 2177 711; baseline -0.008 -15"><span class='ocrx_word' id='word_1_29' title='bbox 577 642 634 696; x_wconf 91' lang='lat' dir='ltr'><strong>in</strong></span> <span class='ocrx_word' id='word_1_30' title='bbox 669 654 778 711; x_wconf 85' lang='lat' dir='ltr'><strong>qua</strong></span> <span class='ocrx_word' id='word_1_31' title='bbox 810 651 968 692; x_wconf 89' lang='lat' dir='ltr'><strong>mens</strong></span> <span class='ocrx_word' id='word_1_32' title='bbox 995 633 1227 707; x_wconf 78' lang='lat' dir='ltr'><strong>mystice</strong></span> <span class='ocrx_word' id='word_1_33' title='bbox 1257 631 1411 702; x_wconf 84' lang='lat' dir='ltr'><strong>pacis</strong></span> <span class='ocrx_word' id='word_1_34' title='bbox 1442 629 1828 696; x_wconf 66' lang='lat' dir='ltr'><strong>aediﬁcatione,</strong></span> <span class='ocrx_word' id='word_1_35' title='bbox 1856 628 1913 683; x_wconf 88' lang='lat' dir='ltr'><strong>in</strong></span> <span class='ocrx_word' id='word_1_36' title='bbox 1945 630 2037 685; x_wconf 88' lang='lat' dir='ltr'><strong>Dei</strong></span> <span class='ocrx_word' id='word_1_37' title='bbox 2079 629 2177 684; x_wconf 87' lang='lat' dir='ltr'><strong>ba-</strong></span> 
     </span>
    </p>
   </div>
   <div class='ocr_carea' id='block_1_8' title="bbox 574 722 1428 798">
    <p class='ocr_par' dir='ltr' id='par_1_8' title="bbox 574 722 1428 798">
     <span class='ocr_line' id='line_1_8' title="bbox 574 722 1428 798; baseline -0.014 -10"><span class='ocrx_word' id='word_1_38' title='bbox 574 731 882 787; x_wconf 83' lang='lat' dir='ltr'><strong>bitaculum</strong></span> <span class='ocrx_word' id='word_1_39' title='bbox 914 728 969 782; x_wconf 91' lang='lat' dir='ltr'><strong>in</strong></span> <span class='ocrx_word' id='word_1_40' title='bbox 1002 725 1198 798; x_wconf 80' lang='lat' dir='ltr'><strong>spiritu</strong></span> <span class='ocrx_word' id='word_1_41' title='bbox 1226 722 1428 778; x_wconf 80' lang='lat' dir='ltr'><strong>evadit.</strong></span> 
     </span>
    </p>
   </div>
   <div class='ocr_carea' id='block_1_9' title="bbox 647 810 2175 891">
    <p class='ocr_par' dir='ltr' id='par_1_9' title="bbox 647 810 2175 891">
     <span class='ocr_line' id='line_1_9' title="bbox 647 810 2175 891; baseline -0.01 -10"><span class='ocrx_word' id='word_1_42' title='bbox 647 825 736 881; x_wconf 67' lang='grc'><strong>54.</strong></span> <span class='ocrx_word' id='word_1_43' title='bbox 763 822 869 891; x_wconf 85' lang='lat' dir='ltr'><strong>Qui</strong></span> <span class='ocrx_word' id='word_1_44' title='bbox 914 820 1102 876; x_wconf 89' lang='lat' dir='ltr'><strong>divine</strong></span> <span class='ocrx_word' id='word_1_45' title='bbox 1144 813 1534 874; x_wconf 81' lang='lat' dir='ltr'><strong>consentaneis</strong></span> <span class='ocrx_word' id='word_1_46' title='bbox 1579 812 1845 884; x_wconf 84' lang='lat' dir='ltr'><strong>operibus</strong></span> <span class='ocrx_word' id='word_1_47' title='bbox 1890 810 2175 880; x_wconf 84' lang='lat' dir='ltr'><strong>animique</strong></span> 
     </span>
    </p>
   </div>
   <div class='ocr_carea' id='block_1_10' title="bbox 574 903 2173 982">
    <p class='ocr_par' dir='ltr' id='par_1_10' title="bbox 574 903 2173 982">
     <span class='ocr_line' id='line_1_10' title="bbox 574 903 2173 982; baseline -0.011 -9"><span class='ocrx_word' id='word_1_48' title='bbox 574 916 907 981; x_wconf 79' lang='lat' dir='ltr'><strong>rationibus,</strong></span> <span class='ocrx_word' id='word_1_49' title='bbox 944 912 1049 968; x_wconf 89' lang='lat' dir='ltr'><strong>sibi</strong></span> <span class='ocrx_word' id='word_1_50' title='bbox 1088 911 1207 982; x_wconf 91' lang='lat' dir='ltr'><strong>ipse</strong></span> <span class='ocrx_word' id='word_1_51' title='bbox 1237 909 1384 964; x_wconf 90' lang='lat' dir='ltr'><strong>diem</strong></span> <span class='ocrx_word' id='word_1_52' title='bbox 1423 914 1639 963; x_wconf 79' lang='lat' dir='ltr'><strong>sextum</strong></span> <span class='ocrx_word' id='word_1_53' title='bbox 1686 903 2011 975; x_wconf 81' lang='lat' dir='ltr'><strong>complevit;</strong></span> <span class='ocrx_word' id='word_1_54' title='bbox 2057 903 2173 974; x_wconf 89' lang='lat' dir='ltr'><strong>ipse</strong></span> 
     </span>
    </p>
   </div>
   <div class='ocr_carea' id='block_1_11' title="bbox 575 995 2170 1079">
    <p class='ocr_par' dir='ltr' id='par_1_11' title="bbox 575 995 2170 1079">
     <span class='ocr_line' id='line_1_11' title="bbox 575 995 2170 1079; baseline -0.009 -16"><span class='ocrx_word' id='word_1_55' title='bbox 575 1022 799 1079; x_wconf 85' lang='lat' dir='ltr'><strong>quoque</strong></span> <span class='ocrx_word' id='word_1_56' title='bbox 824 1020 933 1060; x_wconf 89' lang='lat' dir='ltr'><strong>una</strong></span> <span class='ocrx_word' id='word_1_57' title='bbox 964 1019 1087 1059; x_wconf 86' lang='lat' dir='ltr'><strong>cum</strong></span> <span class='ocrx_word' id='word_1_58' title='bbox 1115 1004 1229 1057; x_wconf 87' lang='lat' dir='ltr'><strong>Deo</strong></span> <span class='ocrx_word' id='word_1_59' title='bbox 1262 999 1551 1055; x_wconf 86' lang='lat' dir='ltr'><strong>absolutus</strong></span> <span class='ocrx_word' id='word_1_60' title='bbox 1594 996 1854 1067; x_wconf 76' lang='lat' dir='ltr'><strong>praeclare</strong></span> <span class='ocrx_word' id='word_1_61' title='bbox 1886 995 2004 1050; x_wconf 85' lang='lat' dir='ltr'><strong>suis</strong></span> <span class='ocrx_word' id='word_1_62' title='bbox 2035 1009 2170 1065; x_wconf 89' lang='lat' dir='ltr'><strong>ope-</strong></span> 
     </span>
    </p>
   </div>
   <div class='ocr_carea' id='block_1_12' title="bbox 574 1086 2174 1167">
    <p class='ocr_par' dir='ltr' id='par_1_12' title="bbox 574 1086 2174 1167">
     <span class='ocr_line' id='line_1_12' title="bbox 574 1086 2174 1167; baseline -0.011 -10"><span class='ocrx_word' id='word_1_63' title='bbox 574 1103 750 1167; x_wconf 87' lang='lat' dir='ltr'><strong>ribus,</strong></span> <span class='ocrx_word' id='word_1_64' title='bbox 783 1112 1003 1154; x_wconf 86' lang='lat' dir='ltr'><strong>emnem</strong></span> <span class='ocrx_word' id='word_1_65' title='bbox 1046 1110 1234 1151; x_wconf 89' lang='lat' dir='ltr'><strong>rerum</strong></span> <span class='ocrx_word' id='word_1_66' title='bbox 1278 1102 1489 1148; x_wconf 66' lang='lat' dir='ltr'><strong>naturae</strong></span> <span class='ocrx_word' id='word_1_67' title='bbox 1516 1097 1682 1160; x_wconf 88' lang='lat' dir='ltr'><strong>atque</strong></span> <span class='ocrx_word' id='word_1_68' title='bbox 1714 1086 1947 1157; x_wconf 83' lang='lat' dir='ltr'><strong>tempori</strong></span> <span class='ocrx_word' id='word_1_69' title='bbox 1990 1086 2174 1157; x_wconf 85' lang='lat' dir='ltr'><strong>subje-</strong></span> 
     </span>
    </p>
   </div>
   <div class='ocr_carea' id='block_1_13' title="bbox 572 1178 2168 1250">
    <p class='ocr_par' dir='ltr' id='par_1_13' title="bbox 572 1178 2168 1250">
     <span class='ocr_line' id='line_1_13' title="bbox 572 1178 2168 1250; baseline -0.011 -2"><span class='ocrx_word' id='word_1_70' title='bbox 572 1204 785 1248; x_wconf 85' lang='lat' dir='ltr'><strong>ctarum</strong></span> <span class='ocrx_word' id='word_1_71' title='bbox 823 1186 1188 1245; x_wconf 85' lang='lat' dir='ltr'><strong>substantiam</strong></span> <span class='ocrx_word' id='word_1_72' title='bbox 1226 1185 1433 1240; x_wconf 86' lang='lat' dir='ltr'><strong>mentis</strong></span> <span class='ocrx_word' id='word_1_73' title='bbox 1461 1180 1903 1238; x_wconf 84' lang='lat' dir='ltr'><strong>consideratione</strong></span> <span class='ocrx_word' id='word_1_74' title='bbox 1935 1178 2168 1250; x_wconf 83' lang='lat' dir='ltr'><strong>trajecit,</strong></span> 
     </span>
    </p>
   </div>
   <div class='ocr_carea' id='block_1_14' title="bbox 570 1271 2168 1355">
    <p class='ocr_par' dir='ltr' id='par_1_14' title="bbox 570 1271 2168 1355">
     <span class='ocr_line' id='line_1_14' title="bbox 570 1271 2168 1355; baseline -0.009 -15"><span class='ocrx_word' id='word_1_75' title='bbox 570 1296 736 1355; x_wconf 86' lang='lat' dir='ltr'><strong>atque</strong></span> <span class='ocrx_word' id='word_1_76' title='bbox 773 1282 838 1338; x_wconf 88' lang='lat' dir='ltr'><strong>ad</strong></span> <span class='ocrx_word' id='word_1_77' title='bbox 877 1280 1228 1343; x_wconf 71' lang='lat' dir='ltr'><strong>saeculorum,</strong></span> <span class='ocrx_word' id='word_1_78' title='bbox 1257 1289 1565 1346; x_wconf 85' lang='lat' dir='ltr'><strong>eorumque</strong></span> <span class='ocrx_word' id='word_1_79' title='bbox 1595 1287 1718 1344; x_wconf 69' lang='lat' dir='ltr'><strong>quae</strong></span> <span class='ocrx_word' id='word_1_80' title='bbox 1752 1271 1807 1327; x_wconf 83' lang='lat' dir='ltr'><strong>in</strong></span> <span class='ocrx_word' id='word_1_81' title='bbox 1843 1272 1927 1327; x_wconf 91' lang='lat' dir='ltr'><strong>eis</strong></span> <span class='ocrx_word' id='word_1_82' title='bbox 1961 1278 2168 1343; x_wconf 71' lang='lat' dir='ltr'><strong>aeterna</strong></span> 
     </span>
    </p>
   </div>
   <div class='ocr_carea' id='block_1_15' title="bbox 569 1360 2170 1444">
    <p class='ocr_par' dir='ltr' id='par_1_15' title="bbox 569 1360 2170 1444">
     <span class='ocr_line' id='line_1_15' title="bbox 569 1360 2170 1444; baseline -0.011 -14"><span class='ocrx_word' id='word_1_83' title='bbox 569 1383 720 1439; x_wconf 87' lang='lat' dir='ltr'><strong>sunt,</strong></span> <span class='ocrx_word' id='word_1_84' title='bbox 755 1372 1040 1444; x_wconf 81' lang='lat' dir='ltr'><strong>mysticam</strong></span> <span class='ocrx_word' id='word_1_85' title='bbox 1080 1365 1603 1437; x_wconf 82' lang='lat' dir='ltr'><strong>contemplationem</strong></span> <span class='ocrx_word' id='word_1_86' title='bbox 1651 1361 1940 1434; x_wconf 78' lang='lat' dir='ltr'><strong>migravit,</strong></span> <span class='ocrx_word' id='word_1_87' title='bbox 1984 1360 2170 1431; x_wconf 82' lang='lat' dir='ltr'><strong>ignota</strong></span> 
     </span>
    </p>
   </div>
   <div class='ocr_carea' id='block_1_16' title="bbox 566 1452 2169 1537">
    <p class='ocr_par' dir='ltr' id='par_1_16' title="bbox 566 1452 2169 1537">
     <span class='ocr_line' id='line_1_16' title="bbox 566 1452 2169 1537; baseline -0.01 -15"><span class='ocrx_word' id='word_1_88' title='bbox 566 1466 804 1537; x_wconf 86' lang='lat' dir='ltr'><strong>quadam</strong></span> <span class='ocrx_word' id='word_1_89' title='bbox 852 1463 1089 1527; x_wconf 85' lang='lat' dir='ltr'><strong>ratione,</strong></span> <span class='ocrx_word' id='word_1_90' title='bbox 1126 1459 1275 1531; x_wconf 90' lang='lat' dir='ltr'><strong>quod</strong></span> <span class='ocrx_word' id='word_1_91' title='bbox 1312 1473 1401 1515; x_wconf 89' lang='lat' dir='ltr'><strong>res</strong></span> <span class='ocrx_word' id='word_1_92' title='bbox 1449 1465 1644 1514; x_wconf 84' lang='lat' dir='ltr'><strong>Omnes</strong></span> <span class='ocrx_word' id='word_1_93' title='bbox 1690 1469 1923 1527; x_wconf 88' lang='lat' dir='ltr'><strong>prorsus</strong></span> <span class='ocrx_word' id='word_1_94' title='bbox 1967 1452 2169 1508; x_wconf 90' lang='lat' dir='ltr'><strong>dereli-</strong></span> 
     </span>
    </p>
   </div>
   <div class='ocr_carea' id='block_1_17' title="bbox 568 1546 2164 1630">
    <p class='ocr_par' dir='ltr' id='par_1_17' title="bbox 568 1546 2164 1630">
     <span class='ocr_line' id='line_1_17' title="bbox 568 1546 2164 1630; baseline -0.009 -16"><span class='ocrx_word' id='word_1_95' title='bbox 568 1560 691 1630; x_wconf 72' lang='lat' dir='ltr'><strong>quit</strong></span> <span class='ocrx_word' id='word_1_96' title='bbox 720 1573 784 1612; x_wconf 89' lang='lat' dir='ltr'><strong>ac</strong></span> <span class='ocrx_word' id='word_1_97' title='bbox 811 1553 1113 1627; x_wconf 86' lang='lat' dir='ltr'><strong>superavit,</strong></span> <span class='ocrx_word' id='word_1_98' title='bbox 1142 1553 1328 1607; x_wconf 92' lang='lat' dir='ltr'><strong>animo</strong></span> <span class='ocrx_word' id='word_1_99' title='bbox 1353 1549 1721 1606; x_wconf 83' lang='lat' dir='ltr'><strong>sabbatizans.</strong></span> <span class='ocrx_word' id='word_1_100' title='bbox 1757 1548 1846 1613; x_wconf 82' lang='lat' dir='ltr'><strong>At,</strong></span> <span class='ocrx_word' id='word_1_101' title='bbox 1870 1547 1965 1617; x_wconf 88' lang='lat' dir='ltr'><strong>qui</strong></span> <span class='ocrx_word' id='word_1_102' title='bbox 1997 1546 2164 1601; x_wconf 91' lang='lat' dir='ltr'><strong>etiam</strong></span> 
     </span>
    </p>
   </div>
   <div class='ocr_carea' id='block_1_18' title="bbox 567 1636 2163 1710">
    <p class='ocr_par' dir='ltr' id='par_1_18' title="bbox 567 1636 2163 1710">
     <span class='ocr_line' id='line_1_18' title="bbox 567 1636 2163 1710; baseline -0.009 -4"><span class='ocrx_word' id='word_1_103' title='bbox 567 1660 817 1707; x_wconf 81' lang='lat' dir='ltr'><strong>octavam</strong></span> <span class='ocrx_word' id='word_1_104' title='bbox 861 1646 1106 1703; x_wconf 85' lang='lat' dir='ltr'><strong>nancisci</strong></span> <span class='ocrx_word' id='word_1_105' title='bbox 1138 1643 1370 1710; x_wconf 86' lang='lat' dir='ltr'><strong>meruit,</strong></span> <span class='ocrx_word' id='word_1_106' title='bbox 1418 1657 1451 1696; x_wconf 88' lang='lat' dir='ltr'><strong>a</strong></span> <span class='ocrx_word' id='word_1_107' title='bbox 1487 1639 1728 1696; x_wconf 89' lang='lat' dir='ltr'><strong>mortuis</strong></span> <span class='ocrx_word' id='word_1_108' title='bbox 1770 1638 2048 1705; x_wconf 80' lang='lat' dir='ltr'><strong>surrexit;</strong></span> <span class='ocrx_word' id='word_1_109' title='bbox 2093 1636 2163 1692; x_wconf 86' lang='lat' dir='ltr'><strong>ab</strong></span> 
     </span>
    </p>
   </div>
   <div class='ocr_carea' id='block_1_19' title="bbox 566 1732 2162 1809">
    <p class='ocr_par' dir='ltr' id='par_1_19' title="bbox 566 1732 2162 1809">
     <span class='ocr_line' id='line_1_19' title="bbox 566 1732 2162 1809; baseline -0.008 -11"><span class='ocrx_word' id='word_1_110' title='bbox 566 1743 827 1799; x_wconf 75' lang='lat' dir='ltr'><strong>erunibus</strong></span> <span class='ocrx_word' id='word_1_111' title='bbox 847 1740 1062 1797; x_wconf 89' lang='lat' dir='ltr'><strong>scilicet</strong></span> <span class='ocrx_word' id='word_1_112' title='bbox 1085 1753 1208 1809; x_wconf 65' lang='lat' dir='ltr'><strong>qua:</strong></span> <span class='ocrx_word' id='word_1_113' title='bbox 1233 1753 1262 1792; x_wconf 90' lang='lat' dir='ltr'><strong>a</strong></span> <span class='ocrx_word' id='word_1_114' title='bbox 1293 1737 1406 1791; x_wconf 91' lang='lat' dir='ltr'><strong>Deo</strong></span> <span class='ocrx_word' id='word_1_115' title='bbox 1429 1732 1674 1790; x_wconf 87' lang='lat' dir='ltr'><strong>secunda</strong></span> <span class='ocrx_word' id='word_1_116' title='bbox 1702 1741 1852 1796; x_wconf 89' lang='lat' dir='ltr'><strong>sunt,</strong></span> <span class='ocrx_word' id='word_1_117' title='bbox 1881 1745 2162 1801; x_wconf 84' lang='lat' dir='ltr'><strong>sensuque</strong></span> 
     </span>
    </p>
   </div>
   <div class='ocr_carea' id='block_1_20' title="bbox 2280 537 3812 621">
    <p class='ocr_par' dir='ltr' id='par_1_20' title="bbox 2280 537 3812 621">
     <span class='ocr_line' id='line_1_20' title="bbox 2280 537 3812 621; baseline 0.011 -29"><span class='ocrx_word' id='word_1_118' title='bbox 2280 537 2543 609; x_wconf 84' lang='grc' dir='ltr'>γνώσεως</span> <span class='ocrx_word' id='word_1_119' title='bbox 2579 539 2931 610; x_wconf 77' lang='grc' dir='ltr'><strong>μετατίθεται</strong></span> <span class='ocrx_word' id='word_1_120' title='bbox 2954 541 3147 614; x_wconf 83' lang='grc' dir='ltr'>χώραν</span> <span class='ocrx_word' id='word_1_121' title='bbox 3183 557 3197 572; x_wconf 82' lang='lat'><strong><em>°</em></strong></span> <span class='ocrx_word' id='word_1_122' title='bbox 3239 544 3363 599; x_wconf 88' lang='grc' dir='ltr'>καθ’</span> <span class='ocrx_word' id='word_1_123' title='bbox 3393 546 3459 618; x_wconf 69' lang='grc' dir='ltr'>ἢν</span> <span class='ocrx_word' id='word_1_124' title='bbox 3491 550 3519 601; x_wconf 90' lang='grc' dir='ltr'><strong>ό</strong></span> <span class='ocrx_word' id='word_1_125' title='bbox 3540 550 3674 615; x_wconf 80' lang='grc' dir='ltr'>νοῦς,</span> <span class='ocrx_word' id='word_1_126' title='bbox 3706 556 3812 621; x_wconf 67' lang='grc' dir='ltr'>ναὸς</span> 
     </span>
    </p>
   </div>
   <div class='ocr_carea' id='block_1_21' title="bbox 2279 630 3815 710">
    <p class='ocr_par' dir='ltr' id='par_1_21' title="bbox 2279 630 3815 710">
     <span class='ocr_line' id='line_1_21' title="bbox 2279 630 3815 710; baseline 0.011 -27"><span class='ocrx_word' id='word_1_127' title='bbox 2279 630 2565 701; x_wconf 81' lang='grc' dir='ltr'><strong>μυστικῶς</strong></span> <span class='ocrx_word' id='word_1_128' title='bbox 2621 632 2728 686; x_wconf 79' lang='grc' dir='ltr'>ὑπὸ</span> <span class='ocrx_word' id='word_1_129' title='bbox 2781 633 2884 703; x_wconf 85' lang='grc' dir='ltr'>τῆς</span> <span class='ocrx_word' id='word_1_130' title='bbox 2931 635 3160 706; x_wconf 80' lang='grc' dir='ltr'><strong>εἰρήνης</strong></span> <span class='ocrx_word' id='word_1_131' title='bbox 3204 637 3674 710; x_wconf 72' lang='grc' dir='ltr'>οἰκοδομούμενος,</span> <span class='ocrx_word' id='word_1_132' title='bbox 3701 645 3815 700; x_wconf 77' lang='grc' dir='ltr'><strong>Θεοῦ</strong></span> 
     </span>
    </p>
   </div>
   <div class='ocr_carea' id='block_1_22' title="bbox 2277 725 3367 799">
    <p class='ocr_par' dir='ltr' id='par_1_22' title="bbox 2277 725 3367 799">
     <span class='ocr_line' id='line_1_22' title="bbox 2277 725 3367 799; baseline 0.007 -22"><span class='ocrx_word' id='word_1_133' title='bbox 2277 726 2704 797; x_wconf 72' lang='grc' dir='ltr'>κατοικητήριοι</span> <span class='ocrx_word' id='word_1_134' title='bbox 2727 725 2944 795; x_wconf 82' lang='grc' dir='ltr'>γίνεται</span> <span class='ocrx_word' id='word_1_135' title='bbox 2980 729 3040 781; x_wconf 77' lang='grc' dir='ltr'>ὲν</span> <span class='ocrx_word' id='word_1_136' title='bbox 3073 728 3367 799; x_wconf 84' lang='grc' dir='ltr'>πνεύματι.</span> 
     </span>
    </p>
   </div>
   <div class='ocr_carea' id='block_1_23' title="bbox 2340 815 3816 902">
    <p class='ocr_par' dir='ltr' id='par_1_23' title="bbox 2340 815 3816 902">
     <span class='ocr_line' id='line_1_23' title="bbox 2340 815 3816 902; baseline 0.019 -45"><span class='ocrx_word' id='word_1_137' title='bbox 2340 816 2441 868; x_wconf 60' lang='grc' dir='ltr'>,νδκ</span> <span class='ocrx_word' id='word_1_138' title='bbox 2493 815 2553 870; x_wconf 87' lang='lat'><strong>&#39;0</strong></span> <span class='ocrx_word' id='word_1_139' title='bbox 2582 816 2682 887; x_wconf 83' lang='grc' dir='ltr'>τὴν</span> <span class='ocrx_word' id='word_1_140' title='bbox 2708 816 2878 889; x_wconf 61' lang='grc' dir='ltr'>ἕκτην</span> <span class='ocrx_word' id='word_1_141' title='bbox 2936 816 3137 881; x_wconf 80' lang='grc' dir='ltr'>θεῖκῶς</span> <span class='ocrx_word' id='word_1_142' title='bbox 3194 821 3337 890; x_wconf 82' lang='grc' dir='ltr'>μετὰ</span> <span class='ocrx_word' id='word_1_143' title='bbox 3383 822 3490 876; x_wconf 83' lang='grc' dir='ltr'><strong>τῶν</strong></span> <span class='ocrx_word' id='word_1_144' title='bbox 3524 830 3816 902; x_wconf 79' lang='grc' dir='ltr'>προσφόρων</span> 
     </span>
    </p>
   </div>
   <div class='ocr_carea' id='block_1_24' title="bbox 2274 908 3819 989">
    <p class='ocr_par' dir='ltr' id='par_1_24' title="bbox 2274 908 3819 989">
     <span class='ocr_line' id='line_1_24' title="bbox 2274 908 3819 989; baseline 0.01 -30"><span class='ocrx_word' id='word_1_145' title='bbox 2274 909 2454 980; x_wconf 72' lang='grc' dir='ltr'>ἔργων</span> <span class='ocrx_word' id='word_1_146' title='bbox 2483 908 2580 962; x_wconf 82' lang='grc' dir='ltr'>καὶ</span> <span class='ocrx_word' id='word_1_147' title='bbox 2610 908 2833 962; x_wconf 79' lang='grc' dir='ltr'>ἐννοιῶν</span> <span class='ocrx_word' id='word_1_148' title='bbox 2861 909 3040 981; x_wconf 81' lang='grc' dir='ltr'>ὲαυτῷ</span> <span class='ocrx_word' id='word_1_149' title='bbox 3072 910 3481 982; x_wconf 79' lang='grc' dir='ltr'>συμπληρώσας</span> <span class='ocrx_word' id='word_1_150' title='bbox 3498 918 3718 989; x_wconf 76' lang='grc' dir='ltr'>ἡμέραν,</span> <span class='ocrx_word' id='word_1_151' title='bbox 3739 929 3819 977; x_wconf 81' lang='grc' dir='ltr'>καὶ</span> 
     </span>
    </p>
   </div>
   <div class='ocr_carea' id='block_1_25' title="bbox 2274 999 3819 1077">
    <p class='ocr_par' dir='ltr' id='par_1_25' title="bbox 2274 999 3819 1077">
     <span class='ocr_line' id='line_1_25' title="bbox 2274 999 3819 1077; baseline 0.01 -24"><span class='ocrx_word' id='word_1_152' title='bbox 2274 1000 2441 1064; x_wconf 78' lang='grc' dir='ltr'>αὐτὸς</span> <span class='ocrx_word' id='word_1_153' title='bbox 2477 999 2619 1071; x_wconf 80' lang='grc' dir='ltr'>μετὰ</span> <span class='ocrx_word' id='word_1_154' title='bbox 2648 1000 2746 1053; x_wconf 79' lang='grc' dir='ltr'><strong>τοῦ</strong></span> <span class='ocrx_word' id='word_1_155' title='bbox 2777 999 2916 1054; x_wconf 83' lang='grc' dir='ltr'>Θεοῦ</span> <span class='ocrx_word' id='word_1_156' title='bbox 2962 1001 3146 1066; x_wconf 81' lang='grc' dir='ltr'>καλῶς</span> <span class='ocrx_word' id='word_1_157' title='bbox 3192 1003 3260 1056; x_wconf 75' lang='grc' dir='ltr'><strong>τὰ</strong></span> <span class='ocrx_word' id='word_1_158' title='bbox 3305 1006 3498 1060; x_wconf 80' lang='grc' dir='ltr'>ἑαυτοῦ</span> <span class='ocrx_word' id='word_1_159' title='bbox 3532 1011 3819 1077; x_wconf 77' lang='grc' dir='ltr'><strong>συντελέσας</strong></span> 
     </span>
    </p>
   </div>
   <div class='ocr_carea' id='block_1_26' title="bbox 2273 1091 3819 1171">
    <p class='ocr_par' dir='ltr' id='par_1_26' title="bbox 2273 1091 3819 1171">
     <span class='ocr_line' id='line_1_26' title="bbox 2273 1091 3819 1171; baseline 0.008 -25"><span class='ocrx_word' id='word_1_160' title='bbox 2273 1093 2437 1164; x_wconf 79' lang='grc' dir='ltr'>ἔργα,</span> <span class='ocrx_word' id='word_1_161' title='bbox 2459 1091 2615 1162; x_wconf 84' lang='grc' dir='ltr'>διέϐη</span> <span class='ocrx_word' id='word_1_162' title='bbox 2638 1098 2706 1164; x_wconf 73' lang='grc' dir='ltr'>τῇ</span> <span class='ocrx_word' id='word_1_163' title='bbox 2741 1095 3073 1164; x_wconf 83' lang='grc' dir='ltr'>κατανοήσει</span> <span class='ocrx_word' id='word_1_164' title='bbox 3097 1095 3282 1149; x_wconf 82' lang='grc' dir='ltr'>πᾶσαν</span> <span class='ocrx_word' id='word_1_165' title='bbox 3304 1097 3404 1168; x_wconf 78' lang='grc' dir='ltr'>τὴν</span> <span class='ocrx_word' id='word_1_166' title='bbox 3427 1099 3533 1152; x_wconf 85' lang='grc' dir='ltr'><strong>τῶν</strong></span> <span class='ocrx_word' id='word_1_167' title='bbox 3559 1102 3657 1156; x_wconf 77' lang='grc' dir='ltr'><strong>ὑπὸ</strong></span> <span class='ocrx_word' id='word_1_168' title='bbox 3678 1104 3819 1171; x_wconf 77' lang='grc' dir='ltr'>φύσιν</span> 
     </span>
    </p>
   </div>
   <div class='ocr_carea' id='block_1_27' title="bbox 2272 1186 3818 1260">
    <p class='ocr_par' dir='ltr' id='par_1_27' title="bbox 2272 1186 3818 1260">
     <span class='ocr_line' id='line_1_27' title="bbox 2272 1186 3818 1260; baseline 0.006 -20"><span class='ocrx_word' id='word_1_169' title='bbox 2272 1187 2369 1240; x_wconf 70' lang='grc' dir='ltr'>καὶ</span> <span class='ocrx_word' id='word_1_170' title='bbox 2404 1186 2596 1258; x_wconf 84' lang='grc' dir='ltr'>χρόνον</span> <span class='ocrx_word' id='word_1_171' title='bbox 2645 1186 2946 1241; x_wconf 83' lang='grc' dir='ltr'>ὑπόστασιν</span> <span class='ocrx_word' id='word_1_172' title='bbox 2976 1187 3071 1258; x_wconf 78' lang='lat' dir='ltr'><strong>(k),</strong></span> <span class='ocrx_word' id='word_1_173' title='bbox 3100 1188 3196 1243; x_wconf 78' lang='grc' dir='ltr'>καὶ</span> <span class='ocrx_word' id='word_1_174' title='bbox 3247 1190 3327 1253; x_wconf 86' lang='grc' dir='ltr'><strong>είς</strong></span> <span class='ocrx_word' id='word_1_175' title='bbox 3375 1190 3474 1260; x_wconf 75' lang='grc' dir='ltr'><strong>τὴν</strong></span> <span class='ocrx_word' id='word_1_176' title='bbox 3505 1191 3608 1246; x_wconf 88' lang='grc' dir='ltr'><strong>τῶν</strong></span> <span class='ocrx_word' id='word_1_177' title='bbox 3640 1196 3818 1250; x_wconf 80' lang='grc' dir='ltr'>αἰώνων</span> 
     </span>
    </p>
   </div>
   <div class='ocr_carea' id='block_1_28' title="bbox 2271 1277 3818 1359">
    <p class='ocr_par' dir='ltr' id='par_1_28' title="bbox 2271 1277 3818 1359">
     <span class='ocr_line' id='line_1_28' title="bbox 2271 1277 3818 1359; baseline 0.006 -27"><span class='ocrx_word' id='word_1_178' title='bbox 2271 1280 2368 1332; x_wconf 74' lang='grc' dir='ltr'>καὶ</span> <span class='ocrx_word' id='word_1_179' title='bbox 2415 1277 2526 1333; x_wconf 83' lang='grc' dir='ltr'><strong>τῶν</strong></span> <span class='ocrx_word' id='word_1_180' title='bbox 2578 1277 2815 1333; x_wconf 77' lang='grc' dir='ltr'>αἰωνίων</span> <span class='ocrx_word' id='word_1_181' title='bbox 2857 1279 3194 1351; x_wconf 79' lang='grc' dir='ltr'><strong>μετετάξατο</strong></span> <span class='ocrx_word' id='word_1_182' title='bbox 3251 1283 3520 1354; x_wconf 78' lang='grc' dir='ltr'>μυστικὴν</span> <span class='ocrx_word' id='word_1_183' title='bbox 3550 1280 3776 1359; x_wconf 69' lang='grc' dir='ltr'>’θεωρίαν</span> <span class='ocrx_word' id='word_1_184' title='bbox 3803 1307 3818 1322; x_wconf 77' lang='grc' dir='ltr'>ο</span> 
     </span>
    </p>
   </div>
   <div class='ocr_carea' id='block_1_29' title="bbox 2272 1365 3819 1450">
    <p class='ocr_par' dir='ltr' id='par_1_29' title="bbox 2272 1365 3819 1450">
     <span class='ocr_line' id='line_1_29' title="bbox 2272 1365 3819 1450; baseline 0.005 -26"><span class='ocrx_word' id='word_1_185' title='bbox 2272 1370 2621 1435; x_wconf 75' lang='grc' dir='ltr'>σαϐϐατίζων</span> <span class='ocrx_word' id='word_1_186' title='bbox 2658 1368 2956 1437; x_wconf 85' lang='grc' dir='ltr'>ἀγνώστως</span> <span class='ocrx_word' id='word_1_187' title='bbox 3010 1371 3153 1425; x_wconf 80' lang='grc' dir='ltr'>κατὰ</span> <span class='ocrx_word' id='word_1_188' title='bbox 3198 1371 3344 1440; x_wconf 84' lang='grc' dir='ltr'>νοῦν,</span> <span class='ocrx_word' id='word_1_189' title='bbox 3379 1375 3477 1446; x_wconf 81' lang='grc' dir='ltr'>τὴν</span> <span class='ocrx_word' id='word_1_190' title='bbox 3510 1376 3684 1450; x_wconf 80' lang='grc' dir='ltr'>ὁλικὴν</span> <span class='ocrx_word' id='word_1_191' title='bbox 3729 1365 3819 1433; x_wconf 72' lang='grc' dir='ltr'><strong>τῶν</strong></span> 
     </span>
    </p>
   </div>
   <div class='ocr_carea' id='block_1_30' title="bbox 2269 1461 3819 1543">
    <p class='ocr_par' dir='ltr' id='par_1_30' title="bbox 2269 1461 3819 1543">
     <span class='ocr_line' id='line_1_30' title="bbox 2269 1461 3819 1543; baseline 0.007 -28"><span class='ocrx_word' id='word_1_192' title='bbox 2269 1462 2440 1515; x_wconf 78' lang='grc' dir='ltr'>ὄντων</span> <span class='ocrx_word' id='word_1_193' title='bbox 2481 1461 2776 1531; x_wconf 78' lang='grc' dir='ltr'>ἀπόλειψίν</span> <span class='ocrx_word' id='word_1_194' title='bbox 2818 1479 2877 1514; x_wconf 85' lang='grc' dir='ltr'><strong>τε</strong></span> <span class='ocrx_word' id='word_1_195' title='bbox 2925 1463 3022 1515; x_wconf 75' lang='grc' dir='ltr'>καὶ</span> <span class='ocrx_word' id='word_1_196' title='bbox 3072 1464 3399 1535; x_wconf 76' lang='grc' dir='ltr'>ὑπέρϐασιν.</span> <span class='ocrx_word' id='word_1_197' title='bbox 3442 1466 3499 1520; x_wconf 85' lang='grc' dir='ltr'><strong>Ὅ</strong></span> <span class='ocrx_word' id='word_1_198' title='bbox 3537 1469 3590 1521; x_wconf 81' lang='grc' dir='ltr'>δὲ</span> <span class='ocrx_word' id='word_1_199' title='bbox 3624 1471 3819 1543; x_wconf 74' lang='grc' dir='ltr'>καὶτῆς</span> 
     </span>
    </p>
   </div>
   <div class='ocr_carea' id='block_1_31' title="bbox 2268 1552 3819 1632">
    <p class='ocr_par' dir='ltr' id='par_1_31' title="bbox 2268 1552 3819 1632">
     <span class='ocr_line' id='line_1_31' title="bbox 2268 1552 3819 1632; baseline 0.006 -26"><span class='ocrx_word' id='word_1_200' title='bbox 2268 1553 2464 1623; x_wconf 81' lang='grc' dir='ltr'><strong>ὀγδόης</strong></span> <span class='ocrx_word' id='word_1_201' title='bbox 2506 1552 2783 1619; x_wconf 70' lang='grc' dir='ltr'>ἀξιωθεὶς,</span> <span class='ocrx_word' id='word_1_202' title='bbox 2816 1555 2881 1606; x_wconf 78' lang='grc' dir='ltr'>ἐκ</span> <span class='ocrx_word' id='word_1_203' title='bbox 2910 1553 3021 1607; x_wconf 87' lang='grc' dir='ltr'><strong>τῶν</strong></span> <span class='ocrx_word' id='word_1_204' title='bbox 3056 1556 3270 1627; x_wconf 82' lang='grc' dir='ltr'>νεκρῶν</span> <span class='ocrx_word' id='word_1_205' title='bbox 3300 1558 3499 1628; x_wconf 82' lang='grc' dir='ltr'>ἀνέστη</span> <span class='ocrx_word' id='word_1_206' title='bbox 3529 1578 3543 1591; x_wconf 92' lang='grc'><strong>·</strong></span> <span class='ocrx_word' id='word_1_207' title='bbox 3576 1561 3675 1613; x_wconf 88' lang='grc' dir='ltr'><strong>τῶν</strong></span> <span class='ocrx_word' id='word_1_208' title='bbox 3706 1564 3819 1632; x_wconf 80' lang='grc' dir='ltr'>μετὰ</span> 
     </span>
    </p>
   </div>
   <div class='ocr_carea' id='block_1_32' title="bbox 2267 1645 3818 1722">
    <p class='ocr_par' dir='ltr' id='par_1_32' title="bbox 2267 1645 3818 1722">
     <span class='ocr_line' id='line_1_32' title="bbox 2267 1645 3818 1722; baseline 0.006 -23"><span class='ocrx_word' id='word_1_209' title='bbox 2267 1645 2403 1699; x_wconf 75' lang='grc' dir='ltr'>Θεὸν</span> <span class='ocrx_word' id='word_1_210' title='bbox 2428 1645 2574 1714; x_wconf 83' lang='grc' dir='ltr'>λέγω</span> <span class='ocrx_word' id='word_1_211' title='bbox 2605 1645 2847 1711; x_wconf 84' lang='grc' dir='ltr'>πάντων,</span> <span class='ocrx_word' id='word_1_212' title='bbox 2882 1647 3161 1718; x_wconf 80' lang='grc' dir='ltr'>αἰσθητῶν</span> <span class='ocrx_word' id='word_1_213' title='bbox 3185 1666 3247 1704; x_wconf 90' lang='grc' dir='ltr'><strong>τε</strong></span> <span class='ocrx_word' id='word_1_214' title='bbox 3279 1651 3376 1704; x_wconf 72' lang='grc' dir='ltr'>καὶ</span> <span class='ocrx_word' id='word_1_215' title='bbox 3401 1653 3620 1722; x_wconf 84' lang='grc' dir='ltr'>νοητῶν,</span> <span class='ocrx_word' id='word_1_216' title='bbox 3646 1657 3728 1708; x_wconf 75' lang='grc' dir='ltr'>καὶ</span> <span class='ocrx_word' id='word_1_217' title='bbox 3749 1656 3818 1710; x_wconf 84' lang='grc' dir='ltr'>λό-</span> 
     </span>
    </p>
   </div>
   <div class='ocr_carea' id='block_1_33' title="bbox 2266 1737 3815 1815">
    <p class='ocr_par' dir='ltr' id='par_1_33' title="bbox 2266 1737 3815 1815">
     <span class='ocr_line' id='line_1_33' title="bbox 2266 1737 3815 1815; baseline 0.007 -26"><span class='ocrx_word' id='word_1_218' title='bbox 2266 1752 2383 1805; x_wconf 83' lang='grc' dir='ltr'><strong>γων</strong></span> <span class='ocrx_word' id='word_1_219' title='bbox 2414 1738 2511 1791; x_wconf 74' lang='grc' dir='ltr'>καὶ</span> <span class='ocrx_word' id='word_1_220' title='bbox 2556 1737 2849 1807; x_wconf 83' lang='grc' dir='ltr'>νοημάτων</span> <span class='ocrx_word' id='word_1_221' title='bbox 2868 1754 2882 1767; x_wconf 87' lang='grc'><strong>·</strong></span> <span class='ocrx_word' id='word_1_222' title='bbox 2919 1739 3015 1791; x_wconf 81' lang='grc' dir='ltr'>καὶ</span> <span class='ocrx_word' id='word_1_223' title='bbox 3043 1738 3209 1808; x_wconf 78' lang='grc' dir='ltr'>ἔζησε</span> <span class='ocrx_word' id='word_1_224' title='bbox 3236 1741 3338 1812; x_wconf 87' lang='grc' dir='ltr'>τὴν</span> <span class='ocrx_word' id='word_1_225' title='bbox 3370 1743 3475 1815; x_wconf 67' lang='grc' dir='ltr'><strong>τοῦ¹</strong></span> <span class='ocrx_word' id='word_1_226' title='bbox 3505 1744 3815 1815; x_wconf 60' lang='lat'><strong>33.05.110.21-</strong></span> 
     </span>
    </p>
   </div>
   <div class='ocr_carea' id='block_1_34' title="bbox 566 1823 2149 1910">
    <p class='ocr_par' dir='ltr' id='par_1_34' title="bbox 566 1823 2149 1906">
     <span class='ocr_line' id='line_1_34' title="bbox 566 1823 2149 1906; baseline -0.008 -17"><span class='ocrx_word' id='word_1_227' title='bbox 566 1835 953 1906; x_wconf 88' lang='lat' dir='ltr'><strong>percipiuntur</strong></span> <span class='ocrx_word' id='word_1_228' title='bbox 972 1846 1035 1887; x_wconf 90' lang='lat' dir='ltr'><strong>ac</strong></span> <span class='ocrx_word' id='word_1_229' title='bbox 1058 1840 1243 1886; x_wconf 83' lang='lat' dir='ltr'><strong>mente</strong></span> <span class='ocrx_word' id='word_1_230' title='bbox 1266 1827 1674 1899; x_wconf 79' lang='lat' dir='ltr'><strong>intelliguntur.</strong></span> <span class='ocrx_word' id='word_1_231' title='bbox 1703 1823 2013 1879; x_wconf 85' lang='lat' dir='ltr'><strong>rationibus</strong></span> <span class='ocrx_word' id='word_1_232' title='bbox 2030 1837 2149 1877; x_wconf 89' lang='lat' dir='ltr'><strong>con-</strong></span> 
     </span>
    </p>
   </div>
   <div class='ocr_carea' id='block_1_35' title="bbox 2252 1823 3816 1910">
    <p class='ocr_par' dir='ltr' id='par_1_35' title="bbox 2266 1828 3816 1910">
     <span class='ocr_line' id='line_1_35' title="bbox 2266 1828 3816 1910; baseline 0.006 -28"><span class='ocrx_word' id='word_1_233' title='bbox 2266 1831 2390 1903; x_wconf 84' lang='grc' dir='ltr'>ρίαν</span> <span class='ocrx_word' id='word_1_234' title='bbox 2430 1828 2599 1901; x_wconf 77' lang='grc' dir='ltr'>ζωὴν,</span> <span class='ocrx_word' id='word_1_235' title='bbox 2630 1829 2728 1884; x_wconf 72' lang='grc' dir='ltr'><strong>τοῦ</strong></span> <span class='ocrx_word' id='word_1_236' title='bbox 2784 1831 2947 1901; x_wconf 91' lang='grc' dir='ltr'>μόνον</span> <span class='ocrx_word' id='word_1_237' title='bbox 2996 1832 3121 1886; x_wconf 86' lang='grc' dir='ltr'>κατ’</span> <span class='ocrx_word' id='word_1_238' title='bbox 3151 1833 3418 1903; x_wconf 79' lang='grc' dir='ltr'>ἀλήθειαν</span> <span class='ocrx_word' id='word_1_239' title='bbox 3460 1835 3656 1907; x_wconf 80' lang='grc' dir='ltr'>κυρίως</span> <span class='ocrx_word' id='word_1_240' title='bbox 3696 1837 3816 1910; x_wconf 74' lang='grc' dir='ltr'>ζωῆς</span> 
     </span>
    </p>
   </div>
   <div class='ocr_carea' id='block_1_36' title="bbox 563 1914 2162 1998">
    <p class='ocr_par' dir='ltr' id='par_1_36' title="bbox 563 1914 2162 1998">
     <span class='ocr_line' id='line_1_36' title="bbox 563 1914 2162 1998; baseline -0.009 -15"><span class='ocrx_word' id='word_1_241' title='bbox 563 1927 959 1998; x_wconf 78' lang='lat' dir='ltr'><strong>eeptibusque;</strong></span> <span class='ocrx_word' id='word_1_242' title='bbox 988 1924 1198 1994; x_wconf 88' lang='lat' dir='ltr'><strong>Deique</strong></span> <span class='ocrx_word' id='word_1_243' title='bbox 1226 1923 1445 1978; x_wconf 82' lang='lat' dir='ltr'><strong>beatam</strong></span> <span class='ocrx_word' id='word_1_244' title='bbox 1470 1921 1642 1975; x_wconf 85' lang='lat' dir='ltr'><strong>vitam</strong></span> <span class='ocrx_word' id='word_1_245' title='bbox 1683 1917 1841 1981; x_wconf 80' lang='lat' dir='ltr'><strong>vixit,</strong></span> <span class='ocrx_word' id='word_1_246' title='bbox 1870 1916 1969 1987; x_wconf 88' lang='lat' dir='ltr'><strong>qui</strong></span> <span class='ocrx_word' id='word_1_247' title='bbox 2009 1914 2162 1969; x_wconf 89' lang='lat' dir='ltr'><strong>solus</strong></span> 
     </span>
    </p>
   </div>
   <div class='ocr_carea' id='block_1_37' title="bbox 564 2008 2158 2085">
    <p class='ocr_par' dir='ltr' id='par_1_37' title="bbox 564 2008 2158 2085">
     <span class='ocr_line' id='line_1_37' title="bbox 564 2008 2158 2085; baseline -0.011 -8"><span class='ocrx_word' id='word_1_248' title='bbox 564 2020 867 2079; x_wconf 86' lang='lat' dir='ltr'><strong>secundum</strong></span> <span class='ocrx_word' id='word_1_249' title='bbox 910 2017 1202 2072; x_wconf 82' lang='lat' dir='ltr'><strong>veritatem</strong></span> <span class='ocrx_word' id='word_1_250' title='bbox 1247 2013 1471 2085; x_wconf 86' lang='lat' dir='ltr'><strong>proprie</strong></span> <span class='ocrx_word' id='word_1_251' title='bbox 1500 2012 1613 2066; x_wconf 85' lang='lat' dir='ltr'><strong>vita</strong></span> <span class='ocrx_word' id='word_1_252' title='bbox 1654 2019 1769 2064; x_wconf 88' lang='lat' dir='ltr'><strong>tum</strong></span> <span class='ocrx_word' id='word_1_253' title='bbox 1806 2008 2011 2063; x_wconf 90' lang='lat' dir='ltr'><strong>dicitur</strong></span> <span class='ocrx_word' id='word_1_254' title='bbox 2043 2017 2158 2062; x_wconf 88' lang='lat' dir='ltr'><strong>tum</strong></span> 
     </span>
    </p>
   </div>
   <div class='ocr_carea' id='block_1_38' title="bbox 562 2099 2158 2179">
    <p class='ocr_par' dir='ltr' id='par_1_38' title="bbox 562 2099 2158 2179">
     <span class='ocr_line' id='line_1_38' title="bbox 562 2099 2158 2179; baseline -0.008 -10"><span class='ocrx_word' id='word_1_255' title='bbox 562 2112 819 2177; x_wconf 77' lang='lat' dir='ltr'><strong>exsistit,</strong></span> <span class='ocrx_word' id='word_1_256' title='bbox 886 2117 949 2164; x_wconf 88' lang='lat' dir='ltr'><strong>ut</strong></span> <span class='ocrx_word' id='word_1_257' title='bbox 1007 2108 1105 2179; x_wconf 82' lang='lat' dir='ltr'><strong>qui</strong></span> <span class='ocrx_word' id='word_1_258' title='bbox 1170 2115 1229 2162; x_wconf 87' lang='lat' dir='ltr'><strong>et</strong></span> <span class='ocrx_word' id='word_1_259' title='bbox 1276 2106 1394 2177; x_wconf 88' lang='lat' dir='ltr'><strong>ipse</strong></span> <span class='ocrx_word' id='word_1_260' title='bbox 1443 2101 1793 2159; x_wconf 85' lang='lat' dir='ltr'><strong>deiﬁcatione</strong></span> <span class='ocrx_word' id='word_1_261' title='bbox 1839 2099 1980 2155; x_wconf 87' lang='lat' dir='ltr'><strong>deus</strong></span> <span class='ocrx_word' id='word_1_262' title='bbox 2025 2114 2158 2157; x_wconf 80' lang='lat' dir='ltr'><strong>eva-</strong></span> 
     </span>
    </p>
   </div>
   <div class='ocr_carea' id='block_1_39' title="bbox 560 2204 718 2261">
    <p class='ocr_par' dir='ltr' id='par_1_39' title="bbox 560 2204 718 2261">
     <span class='ocr_line' id='line_1_39' title="bbox 560 2204 718 2261; baseline -0.019 0"><span class='ocrx_word' id='word_1_263' title='bbox 560 2204 718 2261; x_wconf 87' lang='lat' dir='ltr'><strong>serit.</strong></span> 
     </span>
    </p>
   </div>
   <div class='ocr_carea' id='block_1_40' title="bbox 633 2283 2159 2358">
    <p class='ocr_par' dir='ltr' id='par_1_40' title="bbox 633 2283 2159 2358">
     <span class='ocr_line' id='line_1_40' title="bbox 633 2283 2159 2358; baseline -0.009 -6"><span class='ocrx_word' id='word_1_264' title='bbox 633 2297 723 2352; x_wconf 82' lang='lat'><strong>55.</strong></span> <span class='ocrx_word' id='word_1_265' title='bbox 772 2295 937 2351; x_wconf 81' lang='lat' dir='ltr'><strong>Sexta</strong></span> <span class='ocrx_word' id='word_1_266' title='bbox 981 2292 1106 2348; x_wconf 87' lang='lat' dir='ltr'><strong>dies</strong></span> <span class='ocrx_word' id='word_1_267' title='bbox 1147 2298 1257 2356; x_wconf 87' lang='lat' dir='ltr'><strong>est,</strong></span> <span class='ocrx_word' id='word_1_268' title='bbox 1285 2303 1481 2345; x_wconf 83' lang='lat' dir='ltr'><strong>eorum</strong></span> <span class='ocrx_word' id='word_1_269' title='bbox 1513 2286 1614 2358; x_wconf 88' lang='lat' dir='ltr'><strong>qui</strong></span> <span class='ocrx_word' id='word_1_270' title='bbox 1651 2284 1859 2341; x_wconf 86' lang='lat' dir='ltr'><strong>actioni</strong></span> <span class='ocrx_word' id='word_1_271' title='bbox 1907 2283 2159 2351; x_wconf 80' lang='lat' dir='ltr'><strong>student,</strong></span> 
     </span>
    </p>
   </div>
   <div class='ocr_carea' id='block_1_41' title="bbox 560 2377 2155 2456">
    <p class='ocr_par' dir='ltr' id='par_1_41' title="bbox 560 2377 2155 2456">
     <span class='ocr_line' id='line_1_41' title="bbox 560 2377 2155 2456; baseline -0.007 -13"><span class='ocrx_word' id='word_1_272' title='bbox 560 2387 899 2443; x_wconf 87' lang='lat' dir='ltr'><strong>naturalium</strong></span> <span class='ocrx_word' id='word_1_273' title='bbox 921 2383 1308 2456; x_wconf 88' lang='lat' dir='ltr'><strong>operationum</strong></span> <span class='ocrx_word' id='word_1_274' title='bbox 1324 2379 1556 2437; x_wconf 85' lang='lat' dir='ltr'><strong>colenda</strong></span> <span class='ocrx_word' id='word_1_275' title='bbox 1570 2379 1779 2439; x_wconf 85' lang='lat' dir='ltr'><strong>virtute</strong></span> <span class='ocrx_word' id='word_1_276' title='bbox 1793 2377 1956 2449; x_wconf 90' lang='lat' dir='ltr'><strong>plena</strong></span> <span class='ocrx_word' id='word_1_277' title='bbox 1976 2377 2155 2433; x_wconf 88' lang='lat' dir='ltr'><strong>adim-</strong></span> 
     </span>
    </p>
   </div>
   <div class='ocr_carea' id='block_1_42' title="bbox 558 2469 2156 2550">
    <p class='ocr_par' dir='ltr' id='par_1_42' title="bbox 558 2469 2156 2550">
     <span class='ocr_line' id='line_1_42' title="bbox 558 2469 2156 2550; baseline -0.006 -15"><span class='ocrx_word' id='word_1_278' title='bbox 558 2479 732 2550; x_wconf 87' lang='lat' dir='ltr'><strong>pletio</strong></span> <span class='ocrx_word' id='word_1_279' title='bbox 762 2496 776 2532; x_wconf 91' lang='lat'><strong>:</strong></span> <span class='ocrx_word' id='word_1_280' title='bbox 813 2476 1044 2549; x_wconf 86' lang='lat' dir='ltr'><strong>septima</strong></span> <span class='ocrx_word' id='word_1_281' title='bbox 1093 2483 1300 2540; x_wconf 84' lang='lat' dir='ltr'><strong>autem,</strong></span> <span class='ocrx_word' id='word_1_282' title='bbox 1331 2484 1527 2531; x_wconf 87' lang='lat' dir='ltr'><strong>eorum</strong></span> <span class='ocrx_word' id='word_1_283' title='bbox 1559 2472 1657 2545; x_wconf 90' lang='lat' dir='ltr'><strong>qui</strong></span> <span class='ocrx_word' id='word_1_284' title='bbox 1701 2469 2156 2543; x_wconf 86' lang='lat' dir='ltr'><strong>contemplationi</strong></span> 
     </span>
    </p>
   </div>
   <div class='ocr_carea' id='block_1_43' title="bbox 558 2563 2157 2637">
    <p class='ocr_par' dir='ltr' id='par_1_43' title="bbox 558 2563 2157 2637">
     <span class='ocr_line' id='line_1_43' title="bbox 558 2563 2157 2637; baseline -0.006 -10"><span class='ocrx_word' id='word_1_285' title='bbox 558 2572 733 2628; x_wconf 89' lang='lat' dir='ltr'><strong>dediti</strong></span> <span class='ocrx_word' id='word_1_286' title='bbox 770 2580 920 2637; x_wconf 87' lang='lat' dir='ltr'><strong>sunt,</strong></span> <span class='ocrx_word' id='word_1_287' title='bbox 949 2569 1288 2625; x_wconf 85' lang='lat' dir='ltr'><strong>naturalium</strong></span> <span class='ocrx_word' id='word_1_288' title='bbox 1328 2566 1577 2622; x_wconf 85' lang='lat' dir='ltr'><strong>omnium</strong></span> <span class='ocrx_word' id='word_1_289' title='bbox 1606 2565 2004 2637; x_wconf 75' lang='lat' dir='ltr'><strong>cogitationum</strong></span> <span class='ocrx_word' id='word_1_290' title='bbox 2035 2563 2157 2618; x_wconf 87' lang='lat' dir='ltr'><strong>ani-</strong></span> 
     </span>
    </p>
   </div>
   <div class='ocr_carea' id='block_1_44' title="bbox 558 2657 2156 2734">
    <p class='ocr_par' dir='ltr' id='par_1_44' title="bbox 558 2657 2156 2734">
     <span class='ocr_line' id='line_1_44' title="bbox 558 2657 2156 2734; baseline -0.004 -15"><span class='ocrx_word' id='word_1_291' title='bbox 558 2664 747 2734; x_wconf 68' lang='lat' dir='ltr'><strong>mi&#39;que</strong></span> <span class='ocrx_word' id='word_1_292' title='bbox 801 2662 1078 2718; x_wconf 86' lang='lat' dir='ltr'><strong>rationum</strong></span> <span class='ocrx_word' id='word_1_293' title='bbox 1129 2660 1274 2716; x_wconf 87' lang='lat' dir='ltr'><strong>circa</strong></span> <span class='ocrx_word' id='word_1_294' title='bbox 1312 2673 1569 2714; x_wconf 89' lang='lat' dir='ltr'><strong>arcanam</strong></span> <span class='ocrx_word' id='word_1_295' title='bbox 1613 2657 2156 2728; x_wconf 82' lang='lat' dir='ltr'><strong>reconditioremque</strong></span> 
     </span>
    </p>
   </div>
   <div class='ocr_carea' id='block_1_45' title="bbox 556 2751 2154 2822">
    <p class='ocr_par' dir='ltr' id='par_1_45' title="bbox 556 2751 2154 2822">
     <span class='ocr_line' id='line_1_45' title="bbox 556 2751 2154 2822; baseline -0.003 -12"><span class='ocrx_word' id='word_1_296' title='bbox 556 2755 846 2810; x_wconf 88' lang='lat' dir='ltr'><strong>scientiam</strong></span> <span class='ocrx_word' id='word_1_297' title='bbox 876 2752 1193 2809; x_wconf 87' lang='lat' dir='ltr'><strong>terminatio</strong></span> <span class='ocrx_word' id='word_1_298' title='bbox 1225 2766 1290 2807; x_wconf 88' lang='lat' dir='ltr'><strong>ac</strong></span> <span class='ocrx_word' id='word_1_299' title='bbox 1315 2751 1476 2822; x_wconf 86' lang='lat' dir='ltr'><strong>quies</strong></span> <span class='ocrx_word' id='word_1_300' title='bbox 1503 2768 1515 2805; x_wconf 92' lang='lat'><strong>:</strong></span> <span class='ocrx_word' id='word_1_301' title='bbox 1545 2758 1739 2806; x_wconf 81' lang='lat' dir='ltr'><strong>octava</strong></span> <span class='ocrx_word' id='word_1_302' title='bbox 1771 2765 1927 2817; x_wconf 87' lang='lat' dir='ltr'><strong>vero,</strong></span> <span class='ocrx_word' id='word_1_303' title='bbox 1959 2765 2154 2806; x_wconf 90' lang='lat' dir='ltr'><strong>eorum</strong></span> 
     </span>
    </p>
   </div>
   <div class='ocr_carea' id='block_1_46' title="bbox 555 2843 2156 2918">
    <p class='ocr_par' dir='ltr' id='par_1_46' title="bbox 555 2843 2156 2918">
     <span class='ocr_line' id='line_1_46' title="bbox 555 2843 2156 2918; baseline -0.002 -16"><span class='ocrx_word' id='word_1_304' title='bbox 555 2848 653 2918; x_wconf 91' lang='lat' dir='ltr'><strong>qui</strong></span> <span class='ocrx_word' id='word_1_305' title='bbox 685 2846 837 2918; x_wconf 78' lang='lat' dir='ltr'><strong>digni</strong></span> <span class='ocrx_word' id='word_1_306' title='bbox 885 2846 997 2901; x_wconf 88' lang='lat' dir='ltr'><strong>sint</strong></span> <span class='ocrx_word' id='word_1_307' title='bbox 1042 2844 1099 2899; x_wconf 92' lang='lat' dir='ltr'><strong>in</strong></span> <span class='ocrx_word' id='word_1_308' title='bbox 1133 2843 1538 2900; x_wconf 79' lang='lat' dir='ltr'><strong>deiﬁcationem</strong></span> <span class='ocrx_word' id='word_1_309' title='bbox 1569 2843 1838 2898; x_wconf 86' lang='lat' dir='ltr'><strong>transitus</strong></span> <span class='ocrx_word' id='word_1_310' title='bbox 1878 2858 1944 2899; x_wconf 88' lang='lat' dir='ltr'><strong>ac</strong></span> <span class='ocrx_word' id='word_1_311' title='bbox 1976 2852 2156 2898; x_wconf 87' lang='lat' dir='ltr'><strong>muta-</strong></span> 
     </span>
    </p>
   </div>
   <div class='ocr_carea' id='block_1_47' title="bbox 557 2934 2180 3006">
    <p class='ocr_par' dir='ltr' id='par_1_47' title="bbox 557 2934 2180 3006">
     <span class='ocr_line' id='line_1_47' title="bbox 557 2934 2180 3006; baseline -0.002 -11"><span class='ocrx_word' id='word_1_312' title='bbox 557 2941 656 2995; x_wconf 88' lang='lat' dir='ltr'><strong>tio.</strong></span> <span class='ocrx_word' id='word_1_313' title='bbox 692 2939 791 3002; x_wconf 73' lang='grc' dir='ltr'><strong>Δρ,</strong></span> <span class='ocrx_word' id='word_1_314' title='bbox 822 2954 892 2993; x_wconf 87' lang='lat' dir='ltr'><strong>ne</strong></span> <span class='ocrx_word' id='word_1_315' title='bbox 927 2937 1071 2992; x_wconf 76' lang='lat' dir='ltr'><strong>forte</strong></span> <span class='ocrx_word' id='word_1_316' title='bbox 1114 2935 1403 3001; x_wconf 70' lang='lat' dir='ltr'><strong>Dominus,</strong></span> <span class='ocrx_word' id='word_1_317' title='bbox 1438 2934 1731 3005; x_wconf 86' lang='lat' dir='ltr'><strong>septimam</strong></span> <span class='ocrx_word' id='word_1_318' title='bbox 1777 2936 1939 2991; x_wconf 88' lang='lat' dir='ltr'><strong>istam</strong></span> <span class='ocrx_word' id='word_1_319' title='bbox 1986 2946 2180 3006; x_wconf 24' lang='lat' dir='ltr'><strong>atque.</strong></span> 
     </span>
    </p>
   </div>
   <div class='ocr_carea' id='block_1_48' title="bbox 555 3030 2151 3097">
    <p class='ocr_par' dir='ltr' id='par_1_48' title="bbox 555 3030 2151 3097">
     <span class='ocr_line' id='line_1_48' title="bbox 555 3030 2151 3097; baseline -0.003 -8"><span class='ocrx_word' id='word_1_320' title='bbox 555 3043 807 3090; x_wconf 82' lang='lat' dir='ltr'><strong>octavam</strong></span> <span class='ocrx_word' id='word_1_321' title='bbox 841 3032 1152 3088; x_wconf 88' lang='lat' dir='ltr'><strong>abstrusius</strong></span> <span class='ocrx_word' id='word_1_322' title='bbox 1197 3033 1454 3097; x_wconf 88' lang='lat' dir='ltr'><strong>innuens,</strong></span> <span class='ocrx_word' id='word_1_323' title='bbox 1507 3033 1978 3086; x_wconf 76' lang='lat' dir='ltr'><strong>consummationis</strong></span> <span class='ocrx_word' id='word_1_324' title='bbox 2011 3030 2151 3085; x_wconf 83' lang='lat' dir='ltr'><strong>diem</strong></span> 
     </span>
    </p>
   </div>
   <div class='ocr_carea' id='block_1_49' title="bbox 554 3122 2151 3196">
    <p class='ocr_par' dir='ltr' id='par_1_49' title="bbox 554 3122 2151 3196">
     <span class='ocr_line' id='line_1_49' title="bbox 554 3122 2151 3196; baseline -0.004 -14"><span class='ocrx_word' id='word_1_325' title='bbox 554 3129 845 3196; x_wconf 77' lang='lat' dir='ltr'><strong>horamque</strong></span> <span class='ocrx_word' id='word_1_326' title='bbox 875 3123 1237 3196; x_wconf 86' lang='lat' dir='ltr'><strong>appellaverit</strong></span> <span class='ocrx_word' id='word_1_327' title='bbox 1261 3123 1327 3189; x_wconf 71' lang='lat'><strong>&quot;,</strong></span> <span class='ocrx_word' id='word_1_328' title='bbox 1355 3130 1415 3177; x_wconf 94' lang='lat' dir='ltr'><strong>ut</strong></span> <span class='ocrx_word' id='word_1_329' title='bbox 1443 3138 1566 3194; x_wconf 70' lang='lat' dir='ltr'><strong>quae</strong></span> <span class='ocrx_word' id='word_1_330' title='bbox 1603 3122 1850 3177; x_wconf 89' lang='lat' dir='ltr'><strong>omnium</strong></span> <span class='ocrx_word' id='word_1_331' title='bbox 1888 3122 2151 3193; x_wconf 84' lang='lat' dir='ltr'><strong>mysteria</strong></span> 
     </span>
    </p>
   </div>
   <div class='ocr_carea' id='block_1_50' title="bbox 553 3214 2150 3289">
    <p class='ocr_par' dir='ltr' id='par_1_50' title="bbox 553 3214 2150 3289">
     <span class='ocr_line' id='line_1_50' title="bbox 553 3214 2150 3289; baseline -0.004 -14"><span class='ocrx_word' id='word_1_332' title='bbox 553 3220 910 3289; x_wconf 86' lang='lat' dir='ltr'><strong>rationesque</strong></span> <span class='ocrx_word' id='word_1_333' title='bbox 958 3217 1124 3289; x_wconf 62' lang='lat'><strong>5.73</strong></span> <span class='ocrx_word' id='word_1_334' title='bbox 1171 3215 1612 3274; x_wconf 88' lang='lat' dir='ltr'><strong>circumscribat.</strong></span> <span class='ocrx_word' id='word_1_335' title='bbox 1635 3214 1745 3270; x_wconf 88' lang='lat' dir='ltr'><strong>Has</strong></span> <span class='ocrx_word' id='word_1_336' title='bbox 1788 3228 1957 3285; x_wconf 89' lang='lat' dir='ltr'><strong>porro</strong></span> <span class='ocrx_word' id='word_1_337' title='bbox 1997 3214 2150 3269; x_wconf 88' lang='lat' dir='ltr'><strong>nulla</strong></span> 
     </span>
    </p>
   </div>
   <div class='ocr_carea' id='block_1_51' title="bbox 551 3304 2150 3378">
    <p class='ocr_par' dir='ltr' id='par_1_51' title="bbox 551 3304 2150 3378">
     <span class='ocr_line' id='line_1_51' title="bbox 551 3304 2150 3378; baseline -0.001 -18"><span class='ocrx_word' id='word_1_338' title='bbox 551 3321 784 3378; x_wconf 86' lang='lat' dir='ltr'><strong>prorsus</strong></span> <span class='ocrx_word' id='word_1_339' title='bbox 830 3306 1140 3361; x_wconf 75' lang='lat' dir='ltr'><strong>ccelestium</strong></span> <span class='ocrx_word' id='word_1_340' title='bbox 1200 3321 1265 3359; x_wconf 88' lang='lat' dir='ltr'><strong>ac</strong></span> <span class='ocrx_word' id='word_1_341' title='bbox 1312 3304 1659 3360; x_wconf 88' lang='lat' dir='ltr'><strong>terrestrium</strong></span> <span class='ocrx_word' id='word_1_342' title='bbox 1709 3304 1976 3360; x_wconf 89' lang='lat' dir='ltr'><strong>virtutum</strong></span> <span class='ocrx_word' id='word_1_343' title='bbox 2022 3312 2150 3359; x_wconf 90' lang='lat' dir='ltr'><strong>ante</strong></span> 
     </span>
    </p>
   </div>
   <div class='ocr_carea' id='block_1_52' title="bbox 552 3396 2146 3468">
    <p class='ocr_par' dir='ltr' id='par_1_52' title="bbox 552 3396 2146 3468">
     <span class='ocr_line' id='line_1_52' title="bbox 552 3396 2146 3468; baseline -0.001 -15"><span class='ocrx_word' id='word_1_344' title='bbox 552 3397 851 3453; x_wconf 85' lang='lat' dir='ltr'><strong>delibatam</strong></span> <span class='ocrx_word' id='word_1_345' title='bbox 902 3396 1219 3467; x_wconf 86' lang='lat' dir='ltr'><strong>passionem</strong></span> <span class='ocrx_word' id='word_1_346' title='bbox 1265 3397 1499 3468; x_wconf 86' lang='lat' dir='ltr'><strong>ejusque</strong></span> <span class='ocrx_word' id='word_1_347' title='bbox 1551 3396 1756 3451; x_wconf 82' lang='lat' dir='ltr'><strong>factum</strong></span> <span class='ocrx_word' id='word_1_348' title='bbox 1803 3396 2146 3467; x_wconf 89' lang='lat' dir='ltr'><strong>periculum,</strong></span> 
     </span>
    </p>
   </div>
   <div class='ocr_carea' id='block_1_53' title="bbox 549 3488 2147 3561">
    <p class='ocr_par' dir='ltr' id='par_1_53' title="bbox 549 3488 2147 3561">
     <span class='ocr_line' id='line_1_53' title="bbox 549 3488 2147 3561; baseline 0 -16"><span class='ocrx_word' id='word_1_349' title='bbox 549 3504 716 3545; x_wconf 87' lang='lat' dir='ltr'><strong>nosse</strong></span> <span class='ocrx_word' id='word_1_350' title='bbox 740 3489 968 3560; x_wconf 87' lang='lat' dir='ltr'><strong>poterit,</strong></span> <span class='ocrx_word' id='word_1_351' title='bbox 1002 3500 1233 3559; x_wconf 79' lang='lat' dir='ltr'><strong>excepta</strong></span> <span class='ocrx_word' id='word_1_352' title='bbox 1274 3488 1541 3544; x_wconf 78' lang='lat' dir='ltr'><strong>duntaxat</strong></span> <span class='ocrx_word' id='word_1_353' title='bbox 1578 3488 1736 3544; x_wconf 87' lang='lat' dir='ltr'><strong>beata</strong></span> <span class='ocrx_word' id='word_1_354' title='bbox 1770 3488 1999 3555; x_wconf 86' lang='lat' dir='ltr'><strong>deitate,</strong></span> <span class='ocrx_word' id='word_1_355' title='bbox 2025 3504 2147 3561; x_wconf 67' lang='lat' dir='ltr'><strong>quae</strong></span> 
     </span>
    </p>
   </div>
   <div class='ocr_carea' id='block_1_54' title="bbox 550 3579 859 3636">
    <p class='ocr_par' dir='ltr' id='par_1_54' title="bbox 550 3579 859 3636">
     <span class='ocr_line' id='line_1_54' title="bbox 550 3579 859 3636; baseline -0.006 0"><span class='ocrx_word' id='word_1_356' title='bbox 550 3582 671 3636; x_wconf 82' lang='lat' dir='ltr'><strong>haec</strong></span> <span class='ocrx_word' id='word_1_357' title='bbox 708 3579 859 3635; x_wconf 79' lang='lat' dir='ltr'><strong>facit.</strong></span> 
     </span>
    </p>
   </div>
   <div class='ocr_carea' id='block_1_55' title="bbox 624 3664 2155 3743">
    <p class='ocr_par' dir='ltr' id='par_1_55' title="bbox 624 3664 2155 3743">
     <span class='ocr_line' id='line_1_55' title="bbox 624 3664 2155 3743; baseline 0 -15"><span class='ocrx_word' id='word_1_358' title='bbox 624 3673 712 3729; x_wconf 85' lang='lat'><strong>56.</strong></span> <span class='ocrx_word' id='word_1_359' title='bbox 738 3673 899 3729; x_wconf 79' lang='lat' dir='ltr'><strong>Sexta</strong></span> <span class='ocrx_word' id='word_1_360' title='bbox 924 3672 1065 3739; x_wconf 87' lang='lat' dir='ltr'><strong>dies,</strong></span> <span class='ocrx_word' id='word_1_361' title='bbox 1090 3675 1212 3743; x_wconf 86' lang='lat' dir='ltr'><strong>ejus</strong></span> <span class='ocrx_word' id='word_1_362' title='bbox 1234 3672 1382 3743; x_wconf 86' lang='lat' dir='ltr'><strong>quod</strong></span> <span class='ocrx_word' id='word_1_363' title='bbox 1407 3680 1637 3728; x_wconf 81' lang='lat' dir='ltr'><strong>estesse</strong></span> <span class='ocrx_word' id='word_1_364' title='bbox 1659 3686 1845 3727; x_wconf 89' lang='lat' dir='ltr'><strong>rerum</strong></span> <span class='ocrx_word' id='word_1_365' title='bbox 1868 3664 2155 3728; x_wconf 84' lang='lat' dir='ltr'><strong>rationem</strong></span> 
     </span>
    </p>
   </div>
   <div class='ocr_carea' id='block_1_56' title="bbox 551 3766 2143 3837">
    <p class='ocr_par' dir='ltr' id='par_1_56' title="bbox 551 3766 2143 3837">
     <span class='ocr_line' id='line_1_56' title="bbox 551 3766 2143 3837; baseline -0.001 -13"><span class='ocrx_word' id='word_1_366' title='bbox 551 3766 764 3834; x_wconf 77' lang='lat' dir='ltr'><strong>innuit;</strong></span> <span class='ocrx_word' id='word_1_367' title='bbox 793 3767 1025 3837; x_wconf 84' lang='lat' dir='ltr'><strong>septima</strong></span> <span class='ocrx_word' id='word_1_368' title='bbox 1050 3774 1263 3832; x_wconf 86' lang='lat' dir='ltr'><strong>autem,</strong></span> <span class='ocrx_word' id='word_1_369' title='bbox 1284 3766 1406 3837; x_wconf 89' lang='lat' dir='ltr'><strong>ejus</strong></span> <span class='ocrx_word' id='word_1_370' title='bbox 1424 3766 1580 3837; x_wconf 85' lang='lat' dir='ltr'><strong>quod</strong></span> <span class='ocrx_word' id='word_1_371' title='bbox 1609 3774 1695 3821; x_wconf 86' lang='lat' dir='ltr'><strong>est</strong></span> <span class='ocrx_word' id='word_1_372' title='bbox 1720 3766 1862 3821; x_wconf 88' lang='lat' dir='ltr'><strong>bene</strong></span> <span class='ocrx_word' id='word_1_373' title='bbox 1892 3782 1958 3822; x_wconf 90' lang='lat' dir='ltr'><strong>ac</strong></span> <span class='ocrx_word' id='word_1_374' title='bbox 1983 3768 2143 3823; x_wconf 87' lang='lat' dir='ltr'><strong>beate</strong></span> 
     </span>
    </p>
   </div>
   <div class='ocr_carea' id='block_1_57' title="bbox 547 3858 2144 3932">
    <p class='ocr_par' dir='ltr' id='par_1_57' title="bbox 547 3858 2144 3932">
     <span class='ocr_line' id='line_1_57' title="bbox 547 3858 2144 3932; baseline 0.001 -18"><span class='ocrx_word' id='word_1_375' title='bbox 547 3874 671 3914; x_wconf 85' lang='lat' dir='ltr'><strong>esse</strong></span> <span class='ocrx_word' id='word_1_376' title='bbox 692 3874 900 3923; x_wconf 85' lang='lat' dir='ltr'><strong>rerum,</strong></span> <span class='ocrx_word' id='word_1_377' title='bbox 926 3858 1152 3913; x_wconf 91' lang='lat' dir='ltr'><strong>modum</strong></span> <span class='ocrx_word' id='word_1_378' title='bbox 1174 3859 1460 3930; x_wconf 88' lang='lat' dir='ltr'><strong>subaperit</strong></span> <span class='ocrx_word' id='word_1_379' title='bbox 1486 3878 1499 3913; x_wconf 90' lang='lat'><strong>:</strong></span> <span class='ocrx_word' id='word_1_380' title='bbox 1524 3867 1715 3914; x_wconf 82' lang='lat' dir='ltr'><strong>octava</strong></span> <span class='ocrx_word' id='word_1_381' title='bbox 1738 3859 2000 3930; x_wconf 85' lang='lat' dir='ltr'><strong>denique,</strong></span> <span class='ocrx_word' id='word_1_382' title='bbox 2022 3860 2144 3932; x_wconf 86' lang='lat' dir='ltr'><strong>ejus</strong></span> 
     </span>
    </p>
   </div>
   <div class='ocr_carea' id='block_1_58' title="bbox 547 3948 2143 4024">
    <p class='ocr_par' dir='ltr' id='par_1_58' title="bbox 547 3948 2143 4024">
     <span class='ocr_line' id='line_1_58' title="bbox 547 3948 2143 4024; baseline 0.003 -22"><span class='ocrx_word' id='word_1_383' title='bbox 547 3948 696 4019; x_wconf 80' lang='lat' dir='ltr'><strong>quod</strong></span> <span class='ocrx_word' id='word_1_384' title='bbox 723 3958 802 4003; x_wconf 92' lang='lat' dir='ltr'><strong>est</strong></span> <span class='ocrx_word' id='word_1_385' title='bbox 828 3949 969 4004; x_wconf 88' lang='lat' dir='ltr'><strong>bene</strong></span> <span class='ocrx_word' id='word_1_386' title='bbox 995 3964 1215 4020; x_wconf 89' lang='lat' dir='ltr'><strong>semper</strong></span> <span class='ocrx_word' id='word_1_387' title='bbox 1236 3965 1302 4005; x_wconf 87' lang='lat' dir='ltr'><strong>ac</strong></span> <span class='ocrx_word' id='word_1_388' title='bbox 1325 3950 1483 4006; x_wconf 88' lang='lat' dir='ltr'><strong>beate</strong></span> <span class='ocrx_word' id='word_1_389' title='bbox 1508 3965 1629 4007; x_wconf 85' lang='lat' dir='ltr'><strong>esse</strong></span> <span class='ocrx_word' id='word_1_390' title='bbox 1654 3966 1918 4007; x_wconf 86' lang='lat' dir='ltr'><strong>arcanum</strong></span> <span class='ocrx_word' id='word_1_391' title='bbox 1940 3961 2143 4024; x_wconf 77' lang='lat' dir='ltr'><strong>myste-</strong></span> 
     </span>
    </p>
   </div>
   <div class='ocr_carea' id='block_1_59' title="bbox 547 4040 950 4112">
    <p class='ocr_par' dir='ltr' id='par_1_59' title="bbox 547 4040 950 4112">
     <span class='ocr_line' id='line_1_59' title="bbox 547 4040 950 4112; baseline -0.002 -17"><span class='ocrx_word' id='word_1_392' title='bbox 547 4041 692 4095; x_wconf 92' lang='lat' dir='ltr'><strong>rium</strong></span> <span class='ocrx_word' id='word_1_393' title='bbox 719 4040 950 4112; x_wconf 82' lang='lat' dir='ltr'><strong>detegit.</strong></span> 
     </span>
    </p>
   </div>
   <div class='ocr_carea' id='block_1_60' title="bbox 619 4134 2137 4209">
    <p class='ocr_par' dir='ltr' id='par_1_60' title="bbox 619 4134 2137 4209">
     <span class='ocr_line' id='line_1_60' title="bbox 619 4134 2137 4209; baseline 0.001 -18"><span class='ocrx_word' id='word_1_394' title='bbox 619 4135 687 4191; x_wconf 80' lang='lat'><strong>57</strong></span> <span class='ocrx_word' id='word_1_395' title='bbox 734 4134 837 4202; x_wconf 83' lang='lat' dir='ltr'><strong>Qui</strong></span> <span class='ocrx_word' id='word_1_396' title='bbox 876 4145 1085 4198; x_wconf 77' lang='lat' dir='ltr'><strong>sextam</strong></span> <span class='ocrx_word' id='word_1_397' title='bbox 1116 4135 1291 4203; x_wconf 90' lang='lat' dir='ltr'><strong>diem,</strong></span> <span class='ocrx_word' id='word_1_398' title='bbox 1315 4138 1439 4209; x_wconf 87' lang='lat' dir='ltr'><strong>ejus</strong></span> <span class='ocrx_word' id='word_1_399' title='bbox 1463 4137 1803 4208; x_wconf 87' lang='lat' dir='ltr'><strong>operationis</strong></span> <span class='ocrx_word' id='word_1_400' title='bbox 1828 4137 2137 4209; x_wconf 83' lang='lat' dir='ltr'><strong>symbolum</strong></span> 
     </span>
    </p>
   </div>
   <div class='ocr_carea' id='block_1_61' title="bbox 545 4232 2140 4303">
    <p class='ocr_par' dir='ltr' id='par_1_61' title="bbox 545 4232 2140 4303">
     <span class='ocr_line' id='line_1_61' title="bbox 545 4232 2140 4303; baseline 0.001 -18"><span class='ocrx_word' id='word_1_401' title='bbox 545 4246 668 4286; x_wconf 84' lang='lat' dir='ltr'><strong>esse</strong></span> <span class='ocrx_word' id='word_1_402' title='bbox 701 4232 1045 4296; x_wconf 82' lang='lat' dir='ltr'><strong>noverimus,</strong></span> <span class='ocrx_word' id='word_1_403' title='bbox 1075 4247 1198 4302; x_wconf 82' lang='lat' dir='ltr'><strong>quae</strong></span> <span class='ocrx_word' id='word_1_404' title='bbox 1231 4232 1437 4286; x_wconf 89' lang='lat' dir='ltr'><strong>actioni</strong></span> <span class='ocrx_word' id='word_1_405' title='bbox 1473 4248 1800 4303; x_wconf 90' lang='lat' dir='ltr'><strong>morumque</strong></span> <span class='ocrx_word' id='word_1_406' title='bbox 1833 4232 2140 4301; x_wconf 74' lang='lat' dir='ltr'><strong>disciplina:</strong></span> 
     </span>
    </p>
   </div>
   <div class='ocr_carea' id='block_1_62' title="bbox 546 4321 2135 4394">
    <p class='ocr_par' dir='ltr' id='par_1_62' title="bbox 546 4321 2135 4394">
     <span class='ocr_line' id='line_1_62' title="bbox 546 4321 2135 4394; baseline 0.002 -20"><span class='ocrx_word' id='word_1_407' title='bbox 546 4321 918 4392; x_wconf 87' lang='lat' dir='ltr'><strong>impenditur,</strong></span> <span class='ocrx_word' id='word_1_408' title='bbox 952 4338 1115 4377; x_wconf 89' lang='lat' dir='ltr'><strong>omne</strong></span> <span class='ocrx_word' id='word_1_409' title='bbox 1160 4321 1218 4376; x_wconf 87' lang='lat' dir='ltr'><strong>in</strong></span> <span class='ocrx_word' id='word_1_410' title='bbox 1259 4338 1323 4377; x_wconf 86' lang='lat' dir='ltr'><strong>ea</strong></span> <span class='ocrx_word' id='word_1_411' title='bbox 1363 4323 1585 4378; x_wconf 87' lang='lat' dir='ltr'><strong>virtutis</strong></span> <span class='ocrx_word' id='word_1_412' title='bbox 1625 4340 1856 4394; x_wconf 88' lang='lat' dir='ltr'><strong>operum</strong></span> <span class='ocrx_word' id='word_1_413' title='bbox 1901 4338 2135 4394; x_wconf 88' lang='lat' dir='ltr'><strong>pensum</strong></span> 
     </span>
    </p>
   </div>
   <div class='ocr_carea' id='block_1_63' title="bbox 545 4413 2136 4482">
    <p class='ocr_par' dir='ltr' id='par_1_63' title="bbox 545 4413 2136 4482">
     <span class='ocr_line' id='line_1_63' title="bbox 545 4413 2136 4482; baseline 0.003 -17"><span class='ocrx_word' id='word_1_414' title='bbox 545 4413 904 4482; x_wconf 87' lang='lat' dir='ltr'><strong>impleamus;</strong></span> <span class='ocrx_word' id='word_1_415' title='bbox 929 4421 990 4468; x_wconf 89' lang='lat' dir='ltr'><strong>ut</strong></span> <span class='ocrx_word' id='word_1_416' title='bbox 1013 4414 1080 4468; x_wconf 88' lang='lat' dir='ltr'><strong>de</strong></span> <span class='ocrx_word' id='word_1_417' title='bbox 1108 4414 1271 4469; x_wconf 84' lang='lat' dir='ltr'><strong>nobis</strong></span> <span class='ocrx_word' id='word_1_418' title='bbox 1293 4415 1457 4471; x_wconf 90' lang='lat' dir='ltr'><strong>etiam</strong></span> <span class='ocrx_word' id='word_1_419' title='bbox 1482 4414 1699 4470; x_wconf 85' lang='lat' dir='ltr'><strong>dicatur</strong></span> <span class='ocrx_word' id='word_1_420' title='bbox 1719 4415 1854 4470; x_wconf 90' lang='lat' dir='ltr'><strong>illud</strong></span> <span class='ocrx_word' id='word_1_421' title='bbox 1880 4433 1893 4470; x_wconf 88' lang='lat'><strong>:</strong></span> <span class='ocrx_word' id='word_1_422' title='bbox 1918 4415 1988 4470; x_wconf 85' lang='lat' dir='ltr'><strong>Et</strong></span> <span class='ocrx_word' id='word_1_423' title='bbox 2006 4416 2136 4470; x_wconf 76' lang='lat' dir='ltr'><strong>vidit</strong></span> 
     </span>
    </p>
   </div>
   <div class='ocr_carea' id='block_1_64' title="bbox 542 4501 1971 4575">
    <p class='ocr_par' dir='ltr' id='par_1_64' title="bbox 542 4501 1971 4575">
     <span class='ocr_line' id='line_1_64' title="bbox 542 4501 1971 4575; baseline 0.005 -21"><span class='ocrx_word' id='word_1_424' title='bbox 542 4501 682 4556; x_wconf 74' lang='lat' dir='ltr'><strong>Deus</strong></span> <span class='ocrx_word' id='word_1_425' title='bbox 708 4511 898 4557; x_wconf 83' lang='lat' dir='ltr'><strong>cuncta</strong></span> <span class='ocrx_word' id='word_1_426' title='bbox 922 4519 1041 4575; x_wconf 74' lang='lat' dir='ltr'><strong>qua:</strong></span> <span class='ocrx_word' id='word_1_427' title='bbox 1067 4504 1284 4575; x_wconf 76' lang='lat' dir='ltr'><strong>fecerat,</strong></span> <span class='ocrx_word' id='word_1_428' title='bbox 1310 4513 1361 4558; x_wconf 84' lang='lat' dir='ltr'><strong>et</strong></span> <span class='ocrx_word' id='word_1_429' title='bbox 1383 4515 1536 4559; x_wconf 87' lang='lat' dir='ltr'><strong>erant</strong></span> <span class='ocrx_word' id='word_1_430' title='bbox 1562 4506 1715 4561; x_wconf 86' lang='lat' dir='ltr'><strong>valde</strong></span> <span class='ocrx_word' id='word_1_431' title='bbox 1743 4507 1882 4564; x_wconf 82' lang='lat' dir='ltr'><strong>bona</strong></span> <span class='ocrx_word' id='word_1_432' title='bbox 1903 4508 1971 4561; x_wconf 78' lang='lat'><strong>”.</strong></span> 
     </span>
    </p>
   </div>
   <div class='ocr_carea' id='block_1_65' title="bbox 612 4593 2133 4669">
    <p class='ocr_par' dir='ltr' id='par_1_65' title="bbox 612 4593 2133 4669">
     <span class='ocr_line' id='line_1_65' title="bbox 612 4593 2133 4669; baseline 0.005 -21"><span class='ocrx_word' id='word_1_433' title='bbox 612 4594 701 4648; x_wconf 84' lang='lat'><strong>58.</strong></span> <span class='ocrx_word' id='word_1_434' title='bbox 732 4593 866 4664; x_wconf 87' lang='lat' dir='ltr'><strong>Ejus</strong></span> <span class='ocrx_word' id='word_1_435' title='bbox 896 4594 1029 4650; x_wconf 89' lang='lat' dir='ltr'><strong>boni</strong></span> <span class='ocrx_word' id='word_1_436' title='bbox 1063 4595 1433 4666; x_wconf 84' lang='lat' dir='ltr'><strong>operis,quod</strong></span> <span class='ocrx_word' id='word_1_437' title='bbox 1468 4596 1687 4651; x_wconf 89' lang='lat' dir='ltr'><strong>laudem</strong></span> <span class='ocrx_word' id='word_1_438' title='bbox 1723 4614 1753 4653; x_wconf 88' lang='lat' dir='ltr'><strong>a</strong></span> <span class='ocrx_word' id='word_1_439' title='bbox 1788 4598 1901 4654; x_wconf 89' lang='lat' dir='ltr'><strong>Deo</strong></span> <span class='ocrx_word' id='word_1_440' title='bbox 1934 4599 2133 4669; x_wconf 88' lang='lat' dir='ltr'><strong>habet,</strong></span> 
     </span>
    </p>
   </div>
   <div class='ocr_carea' id='block_1_66' title="bbox 540 4686 2133 4759">
    <p class='ocr_par' dir='ltr' id='par_1_66' title="bbox 540 4686 2133 4759">
     <span class='ocr_line' id='line_1_66' title="bbox 540 4686 2133 4759; baseline 0.006 -19"><span class='ocrx_word' id='word_1_441' title='bbox 540 4700 773 4755; x_wconf 89' lang='lat' dir='ltr'><strong>pensum</strong></span> <span class='ocrx_word' id='word_1_442' title='bbox 796 4686 1006 4758; x_wconf 90' lang='lat' dir='ltr'><strong>implet,</strong></span> <span class='ocrx_word' id='word_1_443' title='bbox 1028 4688 1122 4759; x_wconf 86' lang='lat' dir='ltr'><strong>qui</strong></span> <span class='ocrx_word' id='word_1_444' title='bbox 1143 4688 1356 4744; x_wconf 87' lang='lat' dir='ltr'><strong>varium</strong></span> <span class='ocrx_word' id='word_1_445' title='bbox 1379 4690 1565 4744; x_wconf 89' lang='lat' dir='ltr'><strong>animo</strong></span> <span class='ocrx_word' id='word_1_446' title='bbox 1583 4690 1851 4747; x_wconf 86' lang='lat' dir='ltr'><strong>virtutum</strong></span> <span class='ocrx_word' id='word_1_447' title='bbox 1875 4703 2133 4751; x_wconf 87' lang='lat' dir='ltr'><strong>ornatum</strong></span> 
     </span>
    </p>
   </div>
   <div class='ocr_carea' id='block_1_67' title="bbox 540 4780 1743 4851">
    <p class='ocr_par' dir='ltr' id='par_1_67' title="bbox 540 4780 1743 4851">
     <span class='ocr_line' id='line_1_67' title="bbox 540 4780 1743 4851; baseline 0.006 -20"><span class='ocrx_word' id='word_1_448' title='bbox 540 4788 765 4833; x_wconf 84' lang='lat' dir='ltr'><strong>strenue</strong></span> <span class='ocrx_word' id='word_1_449' title='bbox 790 4794 890 4849; x_wconf 90' lang='lat' dir='ltr'><strong>per</strong></span> <span class='ocrx_word' id='word_1_450' title='bbox 909 4795 1112 4851; x_wconf 90' lang='lat' dir='ltr'><strong>corpus</strong></span> <span class='ocrx_word' id='word_1_451' title='bbox 1138 4780 1388 4836; x_wconf 85' lang='lat' dir='ltr'><strong>elaborat</strong></span> <span class='ocrx_word' id='word_1_452' title='bbox 1408 4797 1472 4837; x_wconf 87' lang='lat' dir='ltr'><strong>ac</strong></span> <span class='ocrx_word' id='word_1_453' title='bbox 1500 4781 1743 4838; x_wconf 78' lang='lat' dir='ltr'><strong>coniicit.</strong></span> 
     </span>
    </p>
   </div>
   <div class='ocr_carea' id='block_1_68' title="bbox 608 4868 2129 4950">
    <p class='ocr_par' dir='ltr' id='par_1_68' title="bbox 608 4868 2129 4950">
     <span class='ocr_line' id='line_1_68' title="bbox 608 4868 2129 4950; baseline 0.007 -27"><span class='ocrx_word' id='word_1_454' title='bbox 608 4868 697 4924; x_wconf 77' lang='lat'><strong>59.</strong></span> <span class='ocrx_word' id='word_1_455' title='bbox 726 4868 832 4937; x_wconf 84' lang='lat' dir='ltr'><strong>Qui</strong></span> <span class='ocrx_word' id='word_1_456' title='bbox 857 4886 1089 4942; x_wconf 79' lang='lat' dir='ltr'><strong>operum</strong></span> <span class='ocrx_word' id='word_1_457' title='bbox 1118 4872 1342 4944; x_wconf 64' lang='lat' dir='ltr'><strong>iustitiae</strong></span> <span class='ocrx_word' id='word_1_458' title='bbox 1365 4874 1723 4931; x_wconf 81' lang='lat' dir='ltr'><strong>Parascevem</strong></span> <span class='ocrx_word' id='word_1_459' title='bbox 1754 4875 2129 4950; x_wconf 66' lang='lat' dir='ltr'><strong>(praeparatio-</strong></span> 
     </span>
    </p>
   </div>
   <div class='ocr_carea' id='block_1_69' title="bbox 539 4959 2128 5037">
    <p class='ocr_par' dir='ltr' id='par_1_69' title="bbox 539 4959 2128 5037">
     <span class='ocr_line' id='line_1_69' title="bbox 539 4959 2128 5037; baseline 0.009 -25"><span class='ocrx_word' id='word_1_460' title='bbox 539 4975 659 5014; x_wconf 80' lang='lat' dir='ltr'><strong>nem</strong></span> <span class='ocrx_word' id='word_1_461' title='bbox 706 4959 985 5033; x_wconf 85' lang='lat' dir='ltr'><strong>dicamus)</strong></span> <span class='ocrx_word' id='word_1_462' title='bbox 1034 4964 1321 5035; x_wconf 84' lang='lat' dir='ltr'><strong>implevit,</strong></span> <span class='ocrx_word' id='word_1_463' title='bbox 1355 4965 1425 5021; x_wconf 89' lang='lat' dir='ltr'><strong>ad</strong></span> <span class='ocrx_word' id='word_1_464' title='bbox 1474 4966 1741 5037; x_wconf 88' lang='lat' dir='ltr'><strong>sapientis</strong></span> <span class='ocrx_word' id='word_1_465' title='bbox 1786 4985 1853 5025; x_wconf 88' lang='lat' dir='ltr'><strong>ac</strong></span> <span class='ocrx_word' id='word_1_466' title='bbox 1896 4971 2128 5028; x_wconf 70' lang='lat' dir='ltr'><strong>erudita:</strong></span> 
     </span>
    </p>
   </div>
   <div class='ocr_carea' id='block_1_70' title="bbox 606 5114 1541 5189">
    <p class='ocr_par' dir='ltr' id='par_1_70' title="bbox 606 5114 1541 5189">
     <span class='ocr_line' id='line_1_70' title="bbox 606 5114 1541 5189; baseline 0.009 -19"><span class='ocrx_word' id='word_1_467' title='bbox 606 5116 653 5148; x_wconf 77' lang='grc'>⁸³</span> <span class='ocrx_word' id='word_1_468' title='bbox 671 5114 829 5172; x_wconf 84' lang='lat' dir='ltr'><strong>Joan.</strong></span> <span class='ocrx_word' id='word_1_469' title='bbox 855 5134 966 5185; x_wconf 66' lang='grc' dir='ltr'>ιιι,</span> <span class='ocrx_word' id='word_1_470' title='bbox 986 5119 1078 5176; x_wconf 80' lang='grc'><strong>50.</strong></span> <span class='ocrx_word' id='word_1_471' title='bbox 1153 5120 1199 5153; x_wconf 77' lang='grc'><strong>⁹⁹</strong></span> <span class='ocrx_word' id='word_1_472' title='bbox 1220 5120 1359 5178; x_wconf 84' lang='lat' dir='ltr'><strong>Gen.</strong></span> <span class='ocrx_word' id='word_1_473' title='bbox 1386 5139 1423 5189; x_wconf 80' lang='grc' dir='ltr'><strong>ι,</strong></span> <span class='ocrx_word' id='word_1_474' title='bbox 1445 5123 1541 5178; x_wconf 78' lang='grc'><strong>51.</strong></span> 
     </span>
    </p>
   </div>
   <div class='ocr_carea' id='block_1_71' title="bbox 610 5251 2126 5331">
    <p class='ocr_par' dir='ltr' id='par_1_71' title="bbox 610 5251 2126 5331">
     <span class='ocr_line' id='line_1_71' title="bbox 610 5251 2126 5331; baseline 0.003 -20"><span class='ocrx_word' id='word_1_475' title='bbox 610 5251 684 5322; x_wconf 83' lang='lat' dir='ltr'><strong>(k)</strong></span> <span class='ocrx_word' id='word_1_476' title='bbox 713 5254 1074 5331; x_wconf 59' lang='lat' dir='ltr'><strong>Hdgarﬁlr</strong></span> <span class='ocrx_word' id='word_1_477' title='bbox 1101 5258 1220 5314; x_wconf 81' lang='grc' dir='ltr'><strong>τῶν</strong></span> <span class='ocrx_word' id='word_1_478' title='bbox 1240 5261 1361 5318; x_wconf 82' lang='grc' dir='ltr'><strong>ὑπὸ</strong></span> <span class='ocrx_word' id='word_1_479' title='bbox 1386 5262 1577 5331; x_wconf 80' lang='grc' dir='ltr'>φύσιν</span> <span class='ocrx_word' id='word_1_480' title='bbox 1603 5262 1703 5316; x_wconf 80' lang='grc' dir='ltr'>καὶ</span> <span class='ocrx_word' id='word_1_481' title='bbox 1733 5262 1956 5331; x_wconf 77' lang='grc' dir='ltr'>χρόνον</span> <span class='ocrx_word' id='word_1_482' title='bbox 1980 5264 2126 5318; x_wconf 73' lang='grc' dir='ltr'>ὑπό·</span> 
     </span>
    </p>
   </div>
   <div class='ocr_carea' id='block_1_72' title="bbox 536 5324 2127 5403">
    <p class='ocr_par' dir='ltr' id='par_1_72' title="bbox 536 5324 2127 5403">
     <span class='ocr_line' id='line_1_72' title="bbox 536 5324 2127 5403; baseline 0.006 -25"><span class='ocrx_word' id='word_1_483' title='bbox 536 5337 782 5403; x_wconf 81' lang='grc' dir='ltr'>στασιν.</span> <span class='ocrx_word' id='word_1_484' title='bbox 808 5324 1160 5403; x_wconf 54' lang='lat' dir='ltr'><strong>istudﬁarci</strong></span> <span class='ocrx_word' id='word_1_485' title='bbox 1201 5347 1329 5402; x_wconf 79' lang='lat' dir='ltr'><strong>cap.</strong></span> <span class='ocrx_word' id='word_1_486' title='bbox 1358 5324 1642 5403; x_wconf 73' lang='grc' dir='ltr'>νῖηπτικῶν</span> <span class='ocrx_word' id='word_1_487' title='bbox 1684 5324 1785 5400; x_wconf 57' lang='lat'><strong>9&quot;,&quot;</strong></span> <span class='ocrx_word' id='word_1_488' title='bbox 1791 5340 1919 5388; x_wconf 88' lang='lat' dir='ltr'><strong>est:</strong></span> <span class='ocrx_word' id='word_1_489' title='bbox 1957 5333 2127 5389; x_wconf 87' lang='lat' dir='ltr'><strong>Paulo</strong></span> 
     </span>
    </p>
   </div>
   <div class='ocr_carea' id='block_1_73' title="bbox 535 5394 2128 5475">
    <p class='ocr_par' dir='ltr' id='par_1_73' title="bbox 535 5394 2128 5475">
     <span class='ocr_line' id='line_1_73' title="bbox 535 5394 2128 5475; baseline 0.006 -27"><span class='ocrx_word' id='word_1_490' title='bbox 535 5400 663 5450; x_wconf 82' lang='lat' dir='ltr'><strong>ante</strong></span> <span class='ocrx_word' id='word_1_491' title='bbox 690 5408 810 5466; x_wconf 85' lang='lat' dir='ltr'><strong>cap.</strong></span> <span class='ocrx_word' id='word_1_492' title='bbox 838 5394 927 5462; x_wconf 77' lang='lat'><strong>&#39;55,</strong></span> <span class='ocrx_word' id='word_1_493' title='bbox 960 5398 1198 5475; x_wconf 77' lang='lat' dir='ltr'><strong>dixerat,</strong></span> <span class='ocrx_word' id='word_1_494' title='bbox 1224 5394 1331 5475; x_wconf 63' lang='grc' dir='ltr'><strong>τήνΔ</strong></span> <span class='ocrx_word' id='word_1_495' title='bbox 1349 5394 1459 5456; x_wconf 81' lang='grc' dir='ltr'><strong>τῶν</strong></span> <span class='ocrx_word' id='word_1_496' title='bbox 1482 5394 1858 5475; x_wconf 75' lang='grc' dir='ltr'><strong>φθειρομένων</strong></span> <span class='ocrx_word' id='word_1_497' title='bbox 1888 5404 2128 5457; x_wconf 78' lang='grc' dir='ltr'>ὑπόστα-</span> 
     </span>
    </p>
   </div>
   <div class='ocr_carea' id='block_1_74' title="bbox 536 5472 2123 5549">
    <p class='ocr_par' dir='ltr' id='par_1_74' title="bbox 536 5472 2123 5549">
     <span class='ocr_line' id='line_1_74' title="bbox 536 5472 2123 5549; baseline 0.007 -30"><span class='ocrx_word' id='word_1_498' title='bbox 536 5482 621 5549; x_wconf 81' lang='grc' dir='ltr'><strong>σιν</strong></span> <span class='ocrx_word' id='word_1_499' title='bbox 635 5481 656 5549; x_wconf 46' lang='grc' dir='ltr'>ο,</span> <span class='ocrx_word' id='word_1_500' title='bbox 670 5482 792 5549; x_wconf 71' lang='lat' dir='ltr'><strong>quo</strong></span> <span class='ocrx_word' id='word_1_501' title='bbox 820 5476 1054 5549; x_wconf 77' lang='lat' dir='ltr'><strong>utroque</strong></span> <span class='ocrx_word' id='word_1_502' title='bbox 1091 5472 1212 5527; x_wconf 90' lang='lat' dir='ltr'><strong>loco</strong></span> <span class='ocrx_word' id='word_1_503' title='bbox 1245 5472 1484 5549; x_wconf 62' lang='lat' dir='ltr'><strong>videtur</strong></span> <span class='ocrx_word' id='word_1_504' title='bbox 1497 5472 1751 5549; x_wconf 78' lang='lat' dir='ltr'><strong>accipere</strong></span> <span class='ocrx_word' id='word_1_505' title='bbox 1782 5488 1906 5549; x_wconf 68' lang='lat' dir='ltr'><strong>eam</strong></span> <span class='ocrx_word' id='word_1_506' title='bbox 1931 5488 2123 5549; x_wconf 78' lang='lat' dir='ltr'><strong>vocem</strong></span> 
     </span>
    </p>
   </div>
   <div class='ocr_carea' id='block_1_75' title="bbox 537 5537 2121 5615">
    <p class='ocr_par' dir='ltr' id='par_1_75' title="bbox 537 5537 2121 5615">
     <span class='ocr_line' id='line_1_75' title="bbox 537 5537 2121 5615; baseline 0.007 -24"><span class='ocrx_word' id='word_1_507' title='bbox 537 5537 687 5615; x_wconf 78' lang='lat' dir='ltr'><strong>utsit</strong></span> <span class='ocrx_word' id='word_1_508' title='bbox 707 5537 940 5615; x_wconf 86' lang='lat' dir='ltr'><strong>idem_ac</strong></span> <span class='ocrx_word' id='word_1_509' title='bbox 966 5537 1251 5615; x_wconf 77' lang='grc' dir='ltr'>σύστασις,</span> <span class='ocrx_word' id='word_1_510' title='bbox 1273 5543 1389 5599; x_wconf 88' lang='lat' dir='ltr'><strong>sive</strong></span> <span class='ocrx_word' id='word_1_511' title='bbox 1409 5544 1579 5600; x_wconf 86' lang='lat' dir='ltr'><strong>etiam</strong></span> <span class='ocrx_word' id='word_1_512' title='bbox 1601 5537 1783 5613; x_wconf 76' lang='grc' dir='ltr'>ιρύσις.</span> <span class='ocrx_word' id='word_1_513' title='bbox 1805 5545 1969 5599; x_wconf 81' lang='lat' dir='ltr'><strong>Malui</strong></span> <span class='ocrx_word' id='word_1_514' title='bbox 2002 5545 2121 5615; x_wconf 89' lang='lat' dir='ltr'><strong>ipse</strong></span> 
     </span>
    </p>
   </div>
   <div class='ocr_carea' id='block_1_76' title="bbox 532 5606 2117 5686">
    <p class='ocr_par' dir='ltr' id='par_1_76' title="bbox 532 5606 2117 5686">
     <span class='ocr_line' id='line_1_76' title="bbox 532 5606 2117 5686; baseline 0.006 -24"><span class='ocrx_word' id='word_1_515' title='bbox 532 5606 766 5686; x_wconf 74' lang='lat' dir='ltr'><strong>reddere</strong></span> <span class='ocrx_word' id='word_1_516' title='bbox 785 5610 1142 5686; x_wconf 60' lang='lat' dir='ltr'><strong>substantiam</strong></span> <span class='ocrx_word' id='word_1_517' title='bbox 1160 5630 1179 5675; x_wconf 84' lang='lat'><strong>;</strong></span> <span class='ocrx_word' id='word_1_518' title='bbox 1198 5606 1321 5686; x_wconf 61' lang='lat' dir='ltr'><strong>qya:</strong></span> <span class='ocrx_word' id='word_1_519' title='bbox 1338 5631 1442 5670; x_wconf 85' lang='lat' dir='ltr'><strong>vox</strong></span> <span class='ocrx_word' id='word_1_520' title='bbox 1457 5616 1573 5686; x_wconf 88' lang='lat' dir='ltr'><strong>ipsa</strong></span> <span class='ocrx_word' id='word_1_521' title='bbox 1587 5606 1756 5671; x_wconf 79' lang='lat' dir='ltr'><strong>nobis</strong></span> <span class='ocrx_word' id='word_1_522' title='bbox 1775 5631 1929 5670; x_wconf 86' lang='lat' dir='ltr'><strong>suam</strong></span> <span class='ocrx_word' id='word_1_523' title='bbox 1950 5606 2117 5672; x_wconf 80' lang='lat' dir='ltr'><strong>habet</strong></span> 
     </span>
    </p>
   </div>
   <div class='ocr_carea' id='block_1_77' title="bbox 531 5678 2114 5753">
    <p class='ocr_par' dir='ltr' id='par_1_77' title="bbox 531 5678 2114 5753">
     <span class='ocr_line' id='line_1_77' title="bbox 531 5678 2114 5753; baseline 0.006 -22"><span class='ocrx_word' id='word_1_524' title='bbox 531 5678 972 5753; x_wconf 82' lang='lat' dir='ltr'><strong>amplitudinem.</strong></span> <span class='ocrx_word' id='word_1_525' title='bbox 1024 5683 1186 5738; x_wconf 86' lang='lat' dir='ltr'><strong>Picus</strong></span> <span class='ocrx_word' id='word_1_526' title='bbox 1218 5678 1687 5740; x_wconf 53' lang='lat' dir='ltr'><strong>Graecam-vocem</strong></span> <span class='ocrx_word' id='word_1_527' title='bbox 1709 5701 1820 5741; x_wconf 86' lang='lat' dir='ltr'><strong>non</strong></span> <span class='ocrx_word' id='word_1_528' title='bbox 1853 5687 2114 5753; x_wconf 80' lang='lat' dir='ltr'><strong>mutavit,</strong></span> 
     </span>
    </p>
   </div>
   <div class='ocr_carea' id='block_1_78' title="bbox 530 5749 2119 5828">
    <p class='ocr_par' dir='ltr' id='par_1_78' title="bbox 530 5749 2119 5828">
     <span class='ocr_line' id='line_1_78' title="bbox 530 5749 2119 5828; baseline 0.008 -27"><span class='ocrx_word' id='word_1_529' title='bbox 530 5749 771 5828; x_wconf 70' lang='lat' dir='ltr'><strong>reddens</strong></span> <span class='ocrx_word' id='word_1_530' title='bbox 817 5751 1138 5828; x_wconf 71' lang='grc' dir='ltr'>ὑπόστασιν·</span> <span class='ocrx_word' id='word_1_531' title='bbox 1176 5755 1404 5828; x_wconf 80' lang='grc' dir='ltr'>αἰῶνας,</span> <span class='ocrx_word' id='word_1_532' title='bbox 1428 5756 1760 5828; x_wconf 78' lang='lat' dir='ltr'><strong>spiritalium</strong></span> <span class='ocrx_word' id='word_1_533' title='bbox 1794 5749 2119 5819; x_wconf 76' lang='lat' dir='ltr'><strong>mensuram</strong></span> 
     </span>
    </p>
   </div>
   <div class='ocr_carea' id='block_1_79' title="bbox 531 5820 2120 5897">
    <p class='ocr_par' dir='ltr' id='par_1_79' title="bbox 531 5820 2120 5897">
     <span class='ocr_line' id='line_1_79' title="bbox 531 5820 2120 5897; baseline 0.009 -26"><span class='ocrx_word' id='word_1_534' title='bbox 531 5820 789 5893; x_wconf 73' lang='lat' dir='ltr'><strong>intelligit</strong></span> <span class='ocrx_word' id='word_1_535' title='bbox 814 5823 1050 5893; x_wconf 90' lang='lat' dir='ltr'><strong>tempori</strong></span> <span class='ocrx_word' id='word_1_536' title='bbox 1074 5824 1406 5896; x_wconf 86' lang='lat' dir='ltr'><strong>oppositam,</strong></span> <span class='ocrx_word' id='word_1_537' title='bbox 1434 5820 1581 5897; x_wconf 71' lang='lat' dir='ltr'><strong>quod</strong></span> <span class='ocrx_word' id='word_1_538' title='bbox 1610 5835 1783 5885; x_wconf 88' lang='lat' dir='ltr'><strong>totum</strong></span> <span class='ocrx_word' id='word_1_539' title='bbox 1812 5829 2120 5886; x_wconf 86' lang='lat' dir='ltr'><strong>mutatione</strong></span> 
     </span>
    </p>
   </div>
   <div class='ocr_carea' id='block_1_80' title="bbox 2264 1919 3815 2000">
    <p class='ocr_par' dir='ltr' id='par_1_80' title="bbox 2264 1919 3815 2000">
     <span class='ocr_line' id='line_1_80' title="bbox 2264 1919 3815 2000; baseline 0.005 -25"><span class='ocrx_word' id='word_1_540' title='bbox 2264 1923 2359 1976; x_wconf 76' lang='grc' dir='ltr'>καὶ</span> <span class='ocrx_word' id='word_1_541' title='bbox 2381 1922 2683 1991; x_wconf 82' lang='grc' dir='ltr'>λεγομένου</span> <span class='ocrx_word' id='word_1_542' title='bbox 2718 1922 2813 1977; x_wconf 77' lang='grc' dir='ltr'>καὶ</span> <span class='ocrx_word' id='word_1_543' title='bbox 2847 1922 3001 1989; x_wconf 77' lang='grc' dir='ltr'>ὄντος</span> <span class='ocrx_word' id='word_1_544' title='bbox 3037 1942 3049 1955; x_wconf 91' lang='grc'><strong>·</strong></span> <span class='ocrx_word' id='word_1_545' title='bbox 3087 1919 3177 1978; x_wconf 74' lang='grc' dir='ltr'><strong>οἷα</strong></span> <span class='ocrx_word' id='word_1_546' title='bbox 3215 1925 3313 1980; x_wconf 74' lang='grc' dir='ltr'>καὶ</span> <span class='ocrx_word' id='word_1_547' title='bbox 3346 1927 3510 1992; x_wconf 82' lang='grc' dir='ltr'>αὐτὸς</span> <span class='ocrx_word' id='word_1_548' title='bbox 3562 1928 3815 2000; x_wconf 77' lang='grc' dir='ltr'>γενόμενος</span> 
     </span>
    </p>
   </div>
   <div class='ocr_carea' id='block_1_81' title="bbox 2261 2016 2730 2091">
    <p class='ocr_par' dir='ltr' id='par_1_81' title="bbox 2261 2016 2730 2091">
     <span class='ocr_line' id='line_1_81' title="bbox 2261 2016 2730 2091; baseline 0.004 -20"><span class='ocrx_word' id='word_1_549' title='bbox 2261 2020 2330 2091; x_wconf 72' lang='grc' dir='ltr'>τῇ</span> <span class='ocrx_word' id='word_1_550' title='bbox 2357 2016 2554 2073; x_wconf 85' lang='grc' dir='ltr'>θεώσει</span> <span class='ocrx_word' id='word_1_551' title='bbox 2583 2016 2730 2081; x_wconf 83' lang='grc' dir='ltr'>θεός.</span> 
     </span>
    </p>
   </div>
   <div class='ocr_carea' id='block_1_82' title="bbox 2334 2295 3815 2371">
    <p class='ocr_par' dir='ltr' id='par_1_82' title="bbox 2334 2295 3815 2371">
     <span class='ocr_line' id='line_1_82' title="bbox 2334 2295 3815 2371; baseline 0.003 -20"><span class='ocrx_word' id='word_1_552' title='bbox 2334 2301 2428 2351; x_wconf 78' lang='lat' dir='ltr'><strong>ve’.</strong></span> <span class='ocrx_word' id='word_1_553' title='bbox 2465 2296 2642 2369; x_wconf 82' lang='grc' dir='ltr'>Ἕκτη</span> <span class='ocrx_word' id='word_1_554' title='bbox 2678 2296 2863 2369; x_wconf 81' lang='grc' dir='ltr'>ἡμέρα</span> <span class='ocrx_word' id='word_1_555' title='bbox 2927 2295 3099 2364; x_wconf 65' lang='grc' dir='ltr'>ἐστὶν,</span> <span class='ocrx_word' id='word_1_556' title='bbox 3126 2299 3160 2370; x_wconf 77' lang='grc' dir='ltr'>ἡ</span> <span class='ocrx_word' id='word_1_557' title='bbox 3191 2297 3302 2353; x_wconf 84' lang='grc' dir='ltr'><strong>τῶν</strong></span> <span class='ocrx_word' id='word_1_558' title='bbox 3361 2298 3672 2371; x_wconf 81' lang='grc' dir='ltr'>πρακτικῶν</span> <span class='ocrx_word' id='word_1_559' title='bbox 3707 2302 3815 2371; x_wconf 71' lang='grc' dir='ltr'>περὶ</span> 
     </span>
    </p>
   </div>
   <div class='ocr_carea' id='block_1_83' title="bbox 2259 2384 3814 2462">
    <p class='ocr_par' dir='ltr' id='par_1_83' title="bbox 2259 2384 3814 2462">
     <span class='ocr_line' id='line_1_83' title="bbox 2259 2384 3814 2462; baseline 0.006 -23"><span class='ocrx_word' id='word_1_560' title='bbox 2259 2384 2360 2458; x_wconf 78' lang='grc' dir='ltr'>τὴν</span> <span class='ocrx_word' id='word_1_561' title='bbox 2404 2386 2608 2458; x_wconf 81' lang='grc' dir='ltr'>ἀρετὴν</span> <span class='ocrx_word' id='word_1_562' title='bbox 2649 2387 2759 2440; x_wconf 87' lang='grc' dir='ltr'><strong>τῶν</strong></span> <span class='ocrx_word' id='word_1_563' title='bbox 2821 2386 2967 2441; x_wconf 81' lang='grc' dir='ltr'>κατὰ</span> <span class='ocrx_word' id='word_1_564' title='bbox 3017 2387 3183 2457; x_wconf 76' lang='grc' dir='ltr'>φύσιν</span> <span class='ocrx_word' id='word_1_565' title='bbox 3242 2390 3557 2461; x_wconf 74' lang='grc' dir='ltr'>ἐνεργειῶν,</span> <span class='ocrx_word' id='word_1_566' title='bbox 3581 2390 3814 2462; x_wconf 72' lang='grc' dir='ltr'>παντελὴς</span> 
     </span>
    </p>
   </div>
   <div class='ocr_carea' id='block_1_84' title="bbox 2258 2478 3815 2557">
    <p class='ocr_par' dir='ltr' id='par_1_84' title="bbox 2258 2478 3815 2557">
     <span class='ocr_line' id='line_1_84' title="bbox 2258 2478 3815 2557; baseline 0.004 -24"><span class='ocrx_word' id='word_1_567' title='bbox 2258 2478 2656 2552; x_wconf 79' lang='grc' dir='ltr'>ἀποπλήρωσις</span> <span class='ocrx_word' id='word_1_568' title='bbox 2690 2496 2705 2511; x_wconf 79' lang='grc'><em>’</em></span> <span class='ocrx_word' id='word_1_569' title='bbox 2742 2479 2947 2553; x_wconf 81' lang='grc' dir='ltr'>ἑϐδόμη</span> <span class='ocrx_word' id='word_1_570' title='bbox 2981 2480 3040 2535; x_wconf 81' lang='grc' dir='ltr'><em>δέ</em></span> <span class='ocrx_word' id='word_1_571' title='bbox 3074 2482 3245 2549; x_wconf 70' lang='grc' dir='ltr'>ἐστιν,</span> <span class='ocrx_word' id='word_1_572' title='bbox 3282 2485 3315 2555; x_wconf 82' lang='grc' dir='ltr'>ἠ</span> <span class='ocrx_word' id='word_1_573' title='bbox 3355 2485 3468 2538; x_wconf 84' lang='grc' dir='ltr'><strong>τῶν</strong></span> <span class='ocrx_word' id='word_1_574' title='bbox 3495 2486 3815 2557; x_wconf 81' lang='grc' dir='ltr'>θεωρητικῶν</span> 
     </span>
    </p>
   </div>
   <div class='ocr_carea' id='block_1_85' title="bbox 2258 2570 3813 2649">
    <p class='ocr_par' dir='ltr' id='par_1_85' title="bbox 2258 2570 3813 2649">
     <span class='ocr_line' id='line_1_85' title="bbox 2258 2570 3813 2649; baseline 0.005 -25"><span class='ocrx_word' id='word_1_575' title='bbox 2258 2572 2391 2641; x_wconf 72' lang='grc' dir='ltr'>περὶ</span> <span class='ocrx_word' id='word_1_576' title='bbox 2423 2570 2523 2643; x_wconf 81' lang='grc' dir='ltr'>τὴν</span> <span class='ocrx_word' id='word_1_577' title='bbox 2560 2573 2803 2645; x_wconf 75' lang='grc' dir='ltr'>ἄρρητον</span> <span class='ocrx_word' id='word_1_578' title='bbox 2851 2573 3060 2642; x_wconf 88' lang='grc' dir='ltr'>γνῶσιν</span> <span class='ocrx_word' id='word_1_579' title='bbox 3089 2576 3283 2629; x_wconf 83' lang='grc' dir='ltr'>πασῶν</span> <span class='ocrx_word' id='word_1_580' title='bbox 3316 2577 3433 2633; x_wconf 83' lang='grc' dir='ltr'><strong>τῶν</strong></span> <span class='ocrx_word' id='word_1_581' title='bbox 3471 2578 3706 2649; x_wconf 79' lang='grc' dir='ltr'>φυσικῶν</span> <span class='ocrx_word' id='word_1_582' title='bbox 3741 2578 3813 2631; x_wconf 79' lang='grc' dir='ltr'><strong>ὲν-</strong></span> 
     </span>
    </p>
   </div>
   <div class='ocr_carea' id='block_1_86' title="bbox 2257 2663 3815 2742">
    <p class='ocr_par' dir='ltr' id='par_1_86' title="bbox 2257 2663 3815 2742">
     <span class='ocr_line' id='line_1_86' title="bbox 2257 2663 3815 2742; baseline 0.005 -24"><span class='ocrx_word' id='word_1_583' title='bbox 2257 2663 2419 2718; x_wconf 89' lang='grc' dir='ltr'>νοιῶν</span> <span class='ocrx_word' id='word_1_584' title='bbox 2471 2664 2906 2736; x_wconf 82' lang='grc' dir='ltr'>ἀποπεράτωσις</span> <span class='ocrx_word' id='word_1_585' title='bbox 2961 2666 3057 2720; x_wconf 74' lang='grc' dir='ltr'><strong>καὶ</strong></span> <span class='ocrx_word' id='word_1_586' title='bbox 3098 2667 3419 2735; x_wconf 83' lang='grc' dir='ltr'>ἀπόπαυσις</span> <span class='ocrx_word' id='word_1_587' title='bbox 3447 2688 3461 2702; x_wconf 91' lang='grc'>·</span> <span class='ocrx_word' id='word_1_588' title='bbox 3490 2670 3645 2742; x_wconf 81' lang='grc' dir='ltr'><strong>ὀγδόη</strong></span> <span class='ocrx_word' id='word_1_589' title='bbox 3679 2670 3815 2740; x_wconf 73' lang='grc' dir='ltr'>δὲ,ή</span> 
     </span>
    </p>
   </div>
   <div class='ocr_carea' id='block_1_87' title="bbox 2256 2755 3813 2835">
    <p class='ocr_par' dir='ltr' id='par_1_87' title="bbox 2256 2755 3813 2835">
     <span class='ocr_line' id='line_1_87' title="bbox 2256 2755 3813 2835; baseline 0.004 -26"><span class='ocrx_word' id='word_1_590' title='bbox 2256 2755 2398 2828; x_wconf 81' lang='grc' dir='ltr'>πρὸς</span> <span class='ocrx_word' id='word_1_591' title='bbox 2429 2755 2630 2811; x_wconf 78' lang='grc' dir='ltr'>θέωσιν</span> <span class='ocrx_word' id='word_1_592' title='bbox 2663 2757 2773 2811; x_wconf 87' lang='grc' dir='ltr'><strong>τῶν</strong></span> <span class='ocrx_word' id='word_1_593' title='bbox 2811 2757 2986 2825; x_wconf 82' lang='grc' dir='ltr'>ἀξίων</span> <span class='ocrx_word' id='word_1_594' title='bbox 3012 2758 3312 2830; x_wconf 81' lang='grc' dir='ltr'>μετάταξίς</span> <span class='ocrx_word' id='word_1_595' title='bbox 3336 2780 3399 2817; x_wconf 80' lang='grc' dir='ltr'><strong>τε</strong></span> <span class='ocrx_word' id='word_1_596' title='bbox 3447 2763 3542 2818; x_wconf 75' lang='grc' dir='ltr'>καὶ</span> <span class='ocrx_word' id='word_1_597' title='bbox 3604 2762 3813 2835; x_wconf 77' lang='grc' dir='ltr'>μετάϐα-</span> 
     </span>
    </p>
   </div>
   <div class='ocr_carea' id='block_1_88' title="bbox 2257 2849 3816 2928">
    <p class='ocr_par' dir='ltr' id='par_1_88' title="bbox 2257 2849 3816 2928">
     <span class='ocr_line' id='line_1_88' title="bbox 2257 2849 3816 2928; baseline 0.005 -27"><span class='ocrx_word' id='word_1_598' title='bbox 2257 2865 2369 2913; x_wconf 86' lang='grc' dir='ltr'>σις.</span> <span class='ocrx_word' id='word_1_599' title='bbox 2397 2849 2508 2903; x_wconf 76' lang='grc' dir='ltr'><strong>Καὶ</strong></span> <span class='ocrx_word' id='word_1_600' title='bbox 2544 2851 2757 2921; x_wconf 82' lang='grc' dir='ltr'>μήποτε</span> <span class='ocrx_word' id='word_1_601' title='bbox 2784 2850 2993 2922; x_wconf 83' lang='grc' dir='ltr'>ταύτην</span> <span class='ocrx_word' id='word_1_602' title='bbox 3024 2850 3123 2922; x_wconf 78' lang='grc' dir='ltr'>τὴν</span> <span class='ocrx_word' id='word_1_603' title='bbox 3146 2852 3392 2926; x_wconf 73' lang='grc' dir='ltr'>ἑϐδόμην</span> <span class='ocrx_word' id='word_1_604' title='bbox 3415 2859 3507 2911; x_wconf 77' lang='grc' dir='ltr'>καὶ</span> <span class='ocrx_word' id='word_1_605' title='bbox 3528 2859 3623 2928; x_wconf 80' lang='grc' dir='ltr'>τὴν</span> <span class='ocrx_word' id='word_1_606' title='bbox 3648 2855 3816 2927; x_wconf 77' lang='grc' dir='ltr'>ὀγδόην</span> 
     </span>
    </p>
   </div>
   <div class='ocr_carea' id='block_1_89' title="bbox 2253 2939 3814 3021">
    <p class='ocr_par' dir='ltr' id='par_1_89' title="bbox 2253 2939 3814 3021">
     <span class='ocr_line' id='line_1_89' title="bbox 2253 2939 3814 3021; baseline 0.007 -29"><span class='ocrx_word' id='word_1_607' title='bbox 2253 2939 2416 3011; x_wconf 82' lang='grc' dir='ltr'>τυχὸν</span> <span class='ocrx_word' id='word_1_608' title='bbox 2449 2939 2855 3011; x_wconf 81' lang='grc' dir='ltr'>μυστικώτερον</span> <span class='ocrx_word' id='word_1_609' title='bbox 2885 2942 3206 3012; x_wconf 81' lang='grc' dir='ltr'>ὑποφαίνων</span> <span class='ocrx_word' id='word_1_610' title='bbox 3232 2946 3260 2998; x_wconf 87' lang='grc' dir='ltr'><strong>ό</strong></span> <span class='ocrx_word' id='word_1_611' title='bbox 3305 2946 3536 3021; x_wconf 78' lang='grc' dir='ltr'>Κύριος,</span> <span class='ocrx_word' id='word_1_612' title='bbox 3569 2946 3814 3020; x_wconf 81' lang='grc' dir='ltr'>προσηγό-</span> 
     </span>
    </p>
   </div>
   <div class='ocr_carea' id='block_1_90' title="bbox 2258 3030 3819 3111">
    <p class='ocr_par' dir='ltr' id='par_1_90' title="bbox 2258 3030 3819 3111">
     <span class='ocr_line' id='line_1_90' title="bbox 2258 3030 3819 3111; baseline 0.006 -30"><span class='ocrx_word' id='word_1_613' title='bbox 2258 3046 2456 3102; x_wconf 87' lang='grc' dir='ltr'>ρευσεν</span> <span class='ocrx_word' id='word_1_614' title='bbox 2512 3030 2730 3102; x_wconf 78' lang='grc' dir='ltr'>ἡμέραν</span> <span class='ocrx_word' id='word_1_615' title='bbox 2787 3032 3106 3100; x_wconf 83' lang='grc' dir='ltr'>συντελείας</span> <span class='ocrx_word' id='word_1_616' title='bbox 3151 3035 3261 3090; x_wconf 73' lang='grc' dir='ltr'>καὶ</span> <span class='ocrx_word' id='word_1_617' title='bbox 3305 3036 3483 3111; x_wconf 86' lang='grc' dir='ltr'>ὥραν,</span> <span class='ocrx_word' id='word_1_618' title='bbox 3517 3039 3589 3103; x_wconf 85' lang='grc' dir='ltr'>ὡς</span> <span class='ocrx_word' id='word_1_619' title='bbox 3627 3039 3819 3093; x_wconf 76' lang='grc' dir='ltr'>πάντων</span> 
     </span>
    </p>
   </div>
   <div class='ocr_carea' id='block_1_91' title="bbox 2254 3120 3817 3200">
    <p class='ocr_par' dir='ltr' id='par_1_91' title="bbox 2254 3120 3817 3200">
     <span class='ocr_line' id='line_1_91' title="bbox 2254 3120 3817 3200; baseline 0.006 -28"><span class='ocrx_word' id='word_1_620' title='bbox 2254 3120 2711 3192; x_wconf 80' lang='grc' dir='ltr'>περιγράφουσαν</span> <span class='ocrx_word' id='word_1_621' title='bbox 2742 3121 2811 3175; x_wconf 76' lang='grc' dir='ltr'>τὰ</span> <span class='ocrx_word' id='word_1_622' title='bbox 2849 3125 3131 3196; x_wconf 84' lang='grc' dir='ltr'>μυστήρια</span> <span class='ocrx_word' id='word_1_623' title='bbox 3176 3127 3273 3181; x_wconf 79' lang='grc' dir='ltr'>καὶ</span> <span class='ocrx_word' id='word_1_624' title='bbox 3313 3131 3447 3194; x_wconf 81' lang='grc' dir='ltr'>τοὺς</span> <span class='ocrx_word' id='word_1_625' title='bbox 3494 3129 3697 3200; x_wconf 79' lang='grc' dir='ltr'>λόγους.</span> <span class='ocrx_word' id='word_1_626' title='bbox 3735 3130 3817 3191; x_wconf 80' lang='grc' dir='ltr'><strong>’Δς</strong></span> 
     </span>
    </p>
   </div>
   <div class='ocr_carea' id='block_1_92' title="bbox 2259 3212 3820 3295">
    <p class='ocr_par' dir='ltr' id='par_1_92' title="bbox 2259 3212 3820 3295">
     <span class='ocr_line' id='line_1_92' title="bbox 2259 3212 3820 3295; baseline 0.004 -29"><span class='ocrx_word' id='word_1_627' title='bbox 2259 3212 2417 3267; x_wconf 78' lang='grc' dir='ltr'>οὐδὲν</span> <span class='ocrx_word' id='word_1_628' title='bbox 2465 3213 2721 3286; x_wconf 80' lang='grc' dir='ltr'>οὐδαμῶς</span> <span class='ocrx_word' id='word_1_629' title='bbox 2774 3215 2834 3268; x_wconf 83' lang='grc' dir='ltr'>τὸ</span> <span class='ocrx_word' id='word_1_630' title='bbox 2896 3219 3165 3288; x_wconf 83' lang='grc' dir='ltr'>παράπαν</span> <span class='ocrx_word' id='word_1_631' title='bbox 3215 3220 3326 3274; x_wconf 85' lang='grc' dir='ltr'><strong>τῶν</strong></span> <span class='ocrx_word' id='word_1_632' title='bbox 3379 3222 3706 3295; x_wconf 74' lang='grc' dir='ltr'>ἐπουρανίων</span> <span class='ocrx_word' id='word_1_633' title='bbox 3740 3221 3820 3274; x_wconf 76' lang='grc' dir='ltr'>καὶ</span> 
     </span>
    </p>
   </div>
   <div class='ocr_carea' id='block_1_93' title="bbox 2258 3305 3818 3383">
    <p class='ocr_par' dir='ltr' id='par_1_93' title="bbox 2258 3305 3818 3383">
     <span class='ocr_line' id='line_1_93' title="bbox 2258 3305 3818 3383; baseline 0.003 -25"><span class='ocrx_word' id='word_1_634' title='bbox 2258 3305 2521 3375; x_wconf 73' lang='grc' dir='ltr'>ἐπιγείων</span> <span class='ocrx_word' id='word_1_635' title='bbox 2539 3305 2835 3376; x_wconf 77' lang='grc' dir='ltr'>Δυνάμιων</span> <span class='ocrx_word' id='word_1_636' title='bbox 2864 3307 3211 3382; x_wconf 81' lang='grc' dir='ltr'>γνῶναιπρὸ</span> <span class='ocrx_word' id='word_1_637' title='bbox 3250 3310 3456 3383; x_wconf 82' lang='grc' dir='ltr'>πείρας</span> <span class='ocrx_word' id='word_1_638' title='bbox 3509 3312 3601 3366; x_wconf 86' lang='grc' dir='ltr'>τοῦ</span> <span class='ocrx_word' id='word_1_639' title='bbox 3650 3309 3818 3365; x_wconf 82' lang='grc' dir='ltr'>παθεῖν</span> 
     </span>
    </p>
   </div>
   <div class='ocr_carea' id='block_1_94' title="bbox 2255 3397 3821 3476">
    <p class='ocr_par' dir='ltr' id='par_1_94' title="bbox 2255 3397 3821 3476">
     <span class='ocr_line' id='line_1_94' title="bbox 2255 3397 3821 3476; baseline 0.003 -24"><span class='ocrx_word' id='word_1_640' title='bbox 2255 3397 2571 3470; x_wconf 77' lang='grc' dir='ltr'>δυνήσεται,</span> <span class='ocrx_word' id='word_1_641' title='bbox 2604 3398 2745 3471; x_wconf 77' lang='grc' dir='ltr'>πλὴν</span> <span class='ocrx_word' id='word_1_642' title='bbox 2774 3401 2947 3474; x_wconf 84' lang='grc' dir='ltr'>αὐτῆς</span> <span class='ocrx_word' id='word_1_643' title='bbox 2993 3403 3095 3475; x_wconf 83' lang='grc' dir='ltr'>τῆς</span> <span class='ocrx_word' id='word_1_644' title='bbox 3141 3403 3318 3459; x_wconf 76' lang='grc' dir='ltr'>ταῦτα</span> <span class='ocrx_word' id='word_1_645' title='bbox 3379 3405 3637 3476; x_wconf 78' lang='grc' dir='ltr'>ποιούσης</span> <span class='ocrx_word' id='word_1_646' title='bbox 3666 3421 3821 3476; x_wconf 82' lang='grc' dir='ltr'>μακα-</span> 
     </span>
    </p>
   </div>
   <div class='ocr_carea' id='block_1_95' title="bbox 2222 3480 2680 3565">
    <p class='ocr_par' dir='ltr' id='par_1_95' title="bbox 2222 3480 2680 3565">
     <span class='ocr_line' id='line_1_95' title="bbox 2222 3480 2680 3565; baseline 0.002 -20"><span class='ocrx_word' id='word_1_647' title='bbox 2222 3491 2226 3495; x_wconf 45' lang='grc'><em>⁴</em></span> <span class='ocrx_word' id='word_1_648' title='bbox 2259 3492 2380 3565; x_wconf 89' lang='grc' dir='ltr'>ρίας</span> <span class='ocrx_word' id='word_1_649' title='bbox 2404 3480 2680 3565; x_wconf 63' lang='grc' dir='ltr'>θεότητος.</span> 
     </span>
    </p>
   </div>
   <div class='ocr_carea' id='block_1_96' title="bbox 2325 3658 3821 3735">
    <p class='ocr_par' dir='ltr' id='par_1_96' title="bbox 2325 3658 3821 3735">
     <span class='ocr_line' id='line_1_96' title="bbox 2325 3658 3821 3735; baseline 0.002 -20"><span class='ocrx_word' id='word_1_650' title='bbox 2325 3666 2437 3727; x_wconf 85' lang='grc' dir='ltr'>νς’.</span> <span class='ocrx_word' id='word_1_651' title='bbox 2469 3661 2538 3716; x_wconf 85' lang='grc' dir='ltr'><strong>Ἠ</strong></span> <span class='ocrx_word' id='word_1_652' title='bbox 2559 3661 2695 3734; x_wconf 73' lang='grc' dir='ltr'>ἕκτη</span> <span class='ocrx_word' id='word_1_653' title='bbox 2722 3662 2927 3735; x_wconf 79' lang='grc' dir='ltr'>ἡμέρα,</span> <span class='ocrx_word' id='word_1_654' title='bbox 2951 3662 3044 3720; x_wconf 82' lang='grc' dir='ltr'>τὸν</span> <span class='ocrx_word' id='word_1_655' title='bbox 3072 3662 3171 3718; x_wconf 78' lang='grc' dir='ltr'>τοῦ</span> <span class='ocrx_word' id='word_1_656' title='bbox 3195 3658 3338 3720; x_wconf 75' lang='grc' dir='ltr'>εἶναι</span> <span class='ocrx_word' id='word_1_657' title='bbox 3364 3666 3476 3723; x_wconf 85' lang='grc' dir='ltr'><strong>τῶν</strong></span> <span class='ocrx_word' id='word_1_658' title='bbox 3501 3668 3664 3722; x_wconf 72' lang='grc' dir='ltr'>ὅντων</span> <span class='ocrx_word' id='word_1_659' title='bbox 3683 3667 3821 3735; x_wconf 84' lang='grc' dir='ltr'>λόγον</span> 
     </span>
    </p>
   </div>
   <div class='ocr_carea' id='block_1_97' title="bbox 2252 3750 3821 3825">
    <p class='ocr_par' dir='ltr' id='par_1_97' title="bbox 2252 3750 3821 3825">
     <span class='ocr_line' id='line_1_97' title="bbox 2252 3750 3821 3825; baseline 0.003 -20"><span class='ocrx_word' id='word_1_660' title='bbox 2252 3750 2511 3823; x_wconf 79' lang='grc' dir='ltr'>ὑποδηλοτ</span> <span class='ocrx_word' id='word_1_661' title='bbox 2537 3768 2552 3783; x_wconf 73' lang='grc'><strong><em>⁸</em></strong></span> <span class='ocrx_word' id='word_1_662' title='bbox 2591 3755 2626 3824; x_wconf 85' lang='grc' dir='ltr'><strong>ή</strong></span> <span class='ocrx_word' id='word_1_663' title='bbox 2659 3753 2721 3807; x_wconf 80' lang='grc' dir='ltr'>δὲ</span> <span class='ocrx_word' id='word_1_664' title='bbox 2750 3752 2982 3825; x_wconf 71' lang='grc' dir='ltr'>ἑϐδόμη,</span> <span class='ocrx_word' id='word_1_665' title='bbox 3010 3754 3102 3808; x_wconf 81' lang='grc' dir='ltr'>τὸν</span> <span class='ocrx_word' id='word_1_666' title='bbox 3123 3754 3220 3809; x_wconf 80' lang='grc' dir='ltr'>τοῦ</span> <span class='ocrx_word' id='word_1_667' title='bbox 3244 3751 3307 3810; x_wconf 75' lang='grc' dir='ltr'>εὖ</span> <span class='ocrx_word' id='word_1_668' title='bbox 3333 3751 3481 3814; x_wconf 78' lang='grc' dir='ltr'>εῖναι</span> <span class='ocrx_word' id='word_1_669' title='bbox 3511 3756 3617 3815; x_wconf 87' lang='grc' dir='ltr'><strong>τῶν</strong></span> <span class='ocrx_word' id='word_1_670' title='bbox 3668 3758 3821 3812; x_wconf 74' lang='grc' dir='ltr'>ὄντων</span> 
     </span>
    </p>
   </div>
   <div class='ocr_carea' id='block_1_98' title="bbox 2250 3847 3817 3923">
    <p class='ocr_par' dir='ltr' id='par_1_98' title="bbox 2250 3847 3817 3923">
     <span class='ocr_line' id='line_1_98' title="bbox 2250 3847 3817 3923; baseline 0.002 -24"><span class='ocrx_word' id='word_1_671' title='bbox 2250 3847 2457 3918; x_wconf 83' lang='grc' dir='ltr'>τρόπον</span> <span class='ocrx_word' id='word_1_672' title='bbox 2490 3847 2863 3919; x_wconf 83' lang='grc' dir='ltr'>ὑποσημαίνει</span> <span class='ocrx_word' id='word_1_673' title='bbox 2887 3865 2908 3881; x_wconf 68' lang='grc' dir='ltr'>ο</span> <span class='ocrx_word' id='word_1_674' title='bbox 2927 3850 2961 3913; x_wconf 76' lang='grc' dir='ltr'><strong>ἡ</strong></span> <span class='ocrx_word' id='word_1_675' title='bbox 2984 3849 3045 3903; x_wconf 77' lang='grc' dir='ltr'>δὲ</span> <span class='ocrx_word' id='word_1_676' title='bbox 3069 3850 3259 3923; x_wconf 83' lang='grc' dir='ltr'>όγδόη,</span> <span class='ocrx_word' id='word_1_677' title='bbox 3291 3852 3354 3907; x_wconf 82' lang='grc' dir='ltr'>τὸ</span> <span class='ocrx_word' id='word_1_678' title='bbox 3385 3853 3481 3907; x_wconf 85' lang='grc' dir='ltr'><strong>τοῦ</strong></span> <span class='ocrx_word' id='word_1_679' title='bbox 3504 3853 3589 3907; x_wconf 79' lang='grc' dir='ltr'><strong>ἀεὶ</strong></span> <span class='ocrx_word' id='word_1_680' title='bbox 3608 3850 3665 3908; x_wconf 72' lang='grc' dir='ltr'>εὖ</span> <span class='ocrx_word' id='word_1_681' title='bbox 3696 3847 3817 3904; x_wconf 74' lang='grc' dir='ltr'>εἶναι</span> 
     </span>
    </p>
   </div>
   <div class='ocr_carea' id='block_1_99' title="bbox 2248 3937 3729 4015">
    <p class='ocr_par' dir='ltr' id='par_1_99' title="bbox 2248 3937 3729 4015">
     <span class='ocr_line' id='line_1_99' title="bbox 2248 3937 3729 4015; baseline 0.003 -24"><span class='ocrx_word' id='word_1_682' title='bbox 2248 3938 2361 3991; x_wconf 85' lang='grc' dir='ltr'><strong>τῶν</strong></span> <span class='ocrx_word' id='word_1_683' title='bbox 2389 3938 2561 3992; x_wconf 77' lang='grc' dir='ltr'>ὅντων</span> <span class='ocrx_word' id='word_1_684' title='bbox 2595 3937 2838 4010; x_wconf 70' lang='grc' dir='ltr'>ἄρρητον</span> <span class='ocrx_word' id='word_1_685' title='bbox 2867 3940 3169 4012; x_wconf 82' lang='grc' dir='ltr'>μυστήριον</span> <span class='ocrx_word' id='word_1_686' title='bbox 3199 3940 3559 4015; x_wconf 78' lang='grc' dir='ltr'>ὑπαγορεύει.</span> <span class='ocrx_word' id='word_1_687' title='bbox 3724 3960 3729 3963; x_wconf 87' lang='grc'><strong>·</strong></span> 
     </span>
    </p>
   </div>
   <div class='ocr_carea' id='block_1_100' title="bbox 2318 4144 3819 4220">
    <p class='ocr_par' dir='ltr' id='par_1_100' title="bbox 2318 4144 3819 4220">
     <span class='ocr_line' id='line_1_100' title="bbox 2318 4144 3819 4220; baseline -0.001 -22"><span class='ocrx_word' id='word_1_688' title='bbox 2318 4144 2419 4210; x_wconf 75' lang='grc' dir='ltr'><strong>νζ¹ο</strong></span> <span class='ocrx_word' id='word_1_689' title='bbox 2446 4146 2772 4218; x_wconf 80' lang='grc' dir='ltr'>Πρακτικῆς</span> <span class='ocrx_word' id='word_1_690' title='bbox 2822 4147 3109 4217; x_wconf 69' lang='grc' dir='ltr'>ἐνεργείας</span> <span class='ocrx_word' id='word_1_691' title='bbox 3163 4145 3440 4219; x_wconf 78' lang='grc' dir='ltr'>σύμϐολον</span> <span class='ocrx_word' id='word_1_692' title='bbox 3489 4147 3819 4220; x_wconf 80' lang='grc' dir='ltr'>ὑπάρχουσαν</span> 
     </span>
    </p>
   </div>
   <div class='ocr_carea' id='block_1_101' title="bbox 2244 4236 3816 4312">
    <p class='ocr_par' dir='ltr' id='par_1_101' title="bbox 2244 4236 3816 4312">
     <span class='ocr_line' id='line_1_101' title="bbox 2244 4236 3816 4312; baseline -0.001 -22"><span class='ocrx_word' id='word_1_693' title='bbox 2244 4236 2343 4309; x_wconf 79' lang='grc' dir='ltr'>τὴν</span> <span class='ocrx_word' id='word_1_694' title='bbox 2377 4236 2548 4307; x_wconf 72' lang='grc' dir='ltr'>ἕκτην</span> <span class='ocrx_word' id='word_1_695' title='bbox 2580 4237 2799 4310; x_wconf 78' lang='grc' dir='ltr'>ἡμέραν</span> <span class='ocrx_word' id='word_1_696' title='bbox 2823 4238 3212 4309; x_wconf 81' lang='grc' dir='ltr'>γινώσκοντες,</span> <span class='ocrx_word' id='word_1_697' title='bbox 3245 4240 3434 4294; x_wconf 82' lang='grc' dir='ltr'>πᾶσαν</span> <span class='ocrx_word' id='word_1_698' title='bbox 3472 4243 3532 4295; x_wconf 84' lang='grc' dir='ltr'>ἐν</span> <span class='ocrx_word' id='word_1_699' title='bbox 3561 4241 3694 4312; x_wconf 80' lang='grc' dir='ltr'>αὐτῇ</span> <span class='ocrx_word' id='word_1_700' title='bbox 3722 4237 3816 4290; x_wconf 75' lang='grc' dir='ltr'><strong>τῶν</strong></span> 
     </span>
    </p>
   </div>
   <div class='ocr_carea' id='block_1_102' title="bbox 2245 4326 3811 4402">
    <p class='ocr_par' dir='ltr' id='par_1_102' title="bbox 2245 4326 3811 4402">
     <span class='ocr_line' id='line_1_102' title="bbox 2245 4326 3811 4402; baseline -0.011 -6"><span class='ocrx_word' id='word_1_701' title='bbox 2245 4326 2423 4395; x_wconf 73' lang='grc' dir='ltr'>ἔργων</span> <span class='ocrx_word' id='word_1_702' title='bbox 2472 4327 2573 4399; x_wconf 81' lang='grc' dir='ltr'><strong>τῆς</strong></span> <span class='ocrx_word' id='word_1_703' title='bbox 2618 4328 2824 4399; x_wconf 80' lang='grc' dir='ltr'>ἀρετῆς</span> <span class='ocrx_word' id='word_1_704' title='bbox 2873 4327 2972 4400; x_wconf 82' lang='grc' dir='ltr'>τὴν</span> <span class='ocrx_word' id='word_1_705' title='bbox 3014 4327 3240 4401; x_wconf 80' lang='grc' dir='ltr'>ὀφειλὴν</span> <span class='ocrx_word' id='word_1_706' title='bbox 3288 4329 3811 4402; x_wconf 71' lang='grc' dir='ltr'>ἁποπληρώσωμενσ</span> 
     </span>
    </p>
   </div>
   <div class='ocr_carea' id='block_1_103' title="bbox 2242 4417 3813 4494">
    <p class='ocr_par' dir='ltr' id='par_1_103' title="bbox 2242 4417 3813 4494">
     <span class='ocr_line' id='line_1_103' title="bbox 2242 4417 3813 4494; baseline -0.001 -22"><span class='ocrx_word' id='word_1_707' title='bbox 2242 4419 2392 4483; x_wconf 83' lang='grc' dir='ltr'>ὅπως</span> <span class='ocrx_word' id='word_1_708' title='bbox 2425 4419 2522 4472; x_wconf 80' lang='grc' dir='ltr'>καὶ</span> <span class='ocrx_word' id='word_1_709' title='bbox 2562 4419 2648 4490; x_wconf 76' lang='grc' dir='ltr'><strong>ἐφ’</strong></span> <span class='ocrx_word' id='word_1_710' title='bbox 2692 4421 2851 4492; x_wconf 85' lang='grc' dir='ltr'>ήμῶν</span> <span class='ocrx_word' id='word_1_711' title='bbox 2899 4421 3101 4494; x_wconf 74' lang='grc' dir='ltr'>ῥηθείη</span> <span class='ocrx_word' id='word_1_712' title='bbox 3133 4421 3229 4487; x_wconf 84' lang='grc' dir='ltr'><strong>τδ,</strong></span> <span class='ocrx_word' id='word_1_713' title='bbox 3261 4419 3375 4475; x_wconf 75' lang='grc' dir='ltr'><strong>Καὶ</strong></span> <span class='ocrx_word' id='word_1_714' title='bbox 3417 4418 3581 4477; x_wconf 79' lang='grc' dir='ltr'>εἶδεν</span> <span class='ocrx_word' id='word_1_715' title='bbox 3622 4422 3656 4475; x_wconf 81' lang='grc' dir='ltr'><em>ὁ</em></span> <span class='ocrx_word' id='word_1_716' title='bbox 3686 4417 3813 4482; x_wconf 76' lang='grc' dir='ltr'>Θεὸς</span> 
     </span>
    </p>
   </div>
   <div class='ocr_carea' id='block_1_104' title="bbox 2165 4506 3567 4601">
    <p class='ocr_par' dir='ltr' id='par_1_104' title="bbox 2165 4506 3567 4601">
     <span class='ocr_line' id='line_1_104' title="bbox 2165 4506 3567 4601; baseline 0.004 -36"><span class='ocrx_word' id='word_1_717' title='bbox 2165 4544 2212 4601; x_wconf 76' lang='lat' dir='ltr'><strong>D</strong></span> <span class='ocrx_word' id='word_1_718' title='bbox 2241 4512 2439 4567; x_wconf 80' lang='grc' dir='ltr'>πάντα</span> <span class='ocrx_word' id='word_1_719' title='bbox 2469 4513 2588 4568; x_wconf 81' lang='grc' dir='ltr'>ὅσα</span> <span class='ocrx_word' id='word_1_720' title='bbox 2607 4513 2882 4582; x_wconf 81' lang='grc' dir='ltr'>ἐποίησε,</span> <span class='ocrx_word' id='word_1_721' title='bbox 2915 4514 3015 4569; x_wconf 77' lang='grc' dir='ltr'>καὶ</span> <span class='ocrx_word' id='word_1_722' title='bbox 3055 4506 3186 4568; x_wconf 77' lang='grc' dir='ltr'>ἰδοὺ</span> <span class='ocrx_word' id='word_1_723' title='bbox 3214 4513 3373 4569; x_wconf 79' lang='grc' dir='ltr'>καλὰ</span> <span class='ocrx_word' id='word_1_724' title='bbox 3399 4517 3567 4572; x_wconf 73' lang='grc' dir='ltr'>λίαν.</span> 
     </span>
    </p>
   </div>
   <div class='ocr_carea' id='block_1_105' title="bbox 2315 4602 3813 4681">
    <p class='ocr_par' dir='ltr' id='par_1_105' title="bbox 2315 4602 3813 4681">
     <span class='ocr_line' id='line_1_105' title="bbox 2315 4602 3813 4681; baseline 0.003 -22"><span class='ocrx_word' id='word_1_725' title='bbox 2315 4612 2418 4677; x_wconf 66' lang='grc' dir='ltr'>νην.</span> <span class='ocrx_word' id='word_1_726' title='bbox 2464 4602 2806 4681; x_wconf 73' lang='grc' dir='ltr'>’Δποπληροί</span> <span class='ocrx_word' id='word_1_727' title='bbox 2834 4608 2931 4679; x_wconf 81' lang='grc' dir='ltr'>τὴν</span> <span class='ocrx_word' id='word_1_728' title='bbox 2989 4607 3217 4680; x_wconf 76' lang='grc' dir='ltr'>ὀφειλὴν</span> <span class='ocrx_word' id='word_1_729' title='bbox 3263 4611 3364 4678; x_wconf 81' lang='grc' dir='ltr'>τῆς</span> <span class='ocrx_word' id='word_1_730' title='bbox 3435 4605 3813 4678; x_wconf 72' lang='grc' dir='ltr'>ἐπαινουμένης</span> 
     </span>
    </p>
   </div>
   <div class='ocr_carea' id='block_1_106' title="bbox 2243 4695 3817 4773">
    <p class='ocr_par' dir='ltr' id='par_1_106' title="bbox 2243 4695 3817 4773">
     <span class='ocr_line' id='line_1_106' title="bbox 2243 4695 3817 4773; baseline 0.004 -24"><span class='ocrx_word' id='word_1_731' title='bbox 2243 4695 2321 4768; x_wconf 80' lang='grc' dir='ltr'>τῷ</span> <span class='ocrx_word' id='word_1_732' title='bbox 2347 4697 2468 4770; x_wconf 82' lang='grc' dir='ltr'><strong>Θεῷ</strong></span> <span class='ocrx_word' id='word_1_733' title='bbox 2501 4698 2674 4770; x_wconf 80' lang='grc' dir='ltr'>καλῆς</span> <span class='ocrx_word' id='word_1_734' title='bbox 2726 4698 3017 4770; x_wconf 83' lang='grc' dir='ltr'>ἐργασίας,</span> <span class='ocrx_word' id='word_1_735' title='bbox 3052 4700 3081 4753; x_wconf 89' lang='grc' dir='ltr'>ὁ</span> <span class='ocrx_word' id='word_1_736' title='bbox 3120 4699 3210 4754; x_wconf 84' lang='grc' dir='ltr'><strong>διὰ</strong></span> <span class='ocrx_word' id='word_1_737' title='bbox 3256 4699 3516 4772; x_wconf 79' lang='grc' dir='ltr'>σώματος</span> <span class='ocrx_word' id='word_1_738' title='bbox 3570 4701 3637 4773; x_wconf 81' lang='grc' dir='ltr'><strong>τῇ</strong></span> <span class='ocrx_word' id='word_1_739' title='bbox 3684 4696 3817 4769; x_wconf 71' lang='grc' dir='ltr'>ψυχῇ</span> 
     </span>
    </p>
   </div>
   <div class='ocr_carea' id='block_1_107' title="bbox 2240 4786 3701 4866">
    <p class='ocr_par' dir='ltr' id='par_1_107' title="bbox 2240 4786 3701 4866">
     <span class='ocr_line' id='line_1_107' title="bbox 2240 4786 3701 4866; baseline 0.005 -26"><span class='ocrx_word' id='word_1_740' title='bbox 2240 4786 2552 4857; x_wconf 76' lang='grc' dir='ltr'>φιλοπονῶν</span> <span class='ocrx_word' id='word_1_741' title='bbox 2583 4788 2684 4863; x_wconf 78' lang='grc' dir='ltr'><strong>τὴν</strong></span> <span class='ocrx_word' id='word_1_742' title='bbox 2716 4789 2988 4863; x_wconf 80' lang='grc' dir='ltr'>εὔκοσμον</span> <span class='ocrx_word' id='word_1_743' title='bbox 3027 4791 3304 4849; x_wconf 82' lang='grc' dir='ltr'>ποικιλίαν</span> <span class='ocrx_word' id='word_1_744' title='bbox 3328 4793 3439 4846; x_wconf 88' lang='grc' dir='ltr'><strong>τῶν</strong></span> <span class='ocrx_word' id='word_1_745' title='bbox 3469 4792 3701 4866; x_wconf 84' lang='grc' dir='ltr'>ἀρετῶν.</span> 
     </span>
    </p>
   </div>
   <div class='ocr_carea' id='block_1_108' title="bbox 2308 4874 3811 4958">
    <p class='ocr_par' dir='ltr' id='par_1_108' title="bbox 2308 4874 3811 4958">
     <span class='ocr_line' id='line_1_108' title="bbox 2308 4874 3811 4958; baseline 0.001 -23"><span class='ocrx_word' id='word_1_746' title='bbox 2308 4879 2407 4936; x_wconf 80' lang='grc' dir='ltr'><strong>νϐ’.</strong></span> <span class='ocrx_word' id='word_1_747' title='bbox 2461 4882 2521 4936; x_wconf 83' lang='lat'><strong>&#39;0</strong></span> <span class='ocrx_word' id='word_1_748' title='bbox 2554 4874 2653 4956; x_wconf 80' lang='grc' dir='ltr'>τὴν</span> <span class='ocrx_word' id='word_1_749' title='bbox 2690 4885 3056 4958; x_wconf 78' lang='grc' dir='ltr'>παρασκευὴν</span> <span class='ocrx_word' id='word_1_750' title='bbox 3097 4885 3207 4941; x_wconf 87' lang='grc' dir='ltr'><strong>τῶν</strong></span> <span class='ocrx_word' id='word_1_751' title='bbox 3253 4884 3436 4958; x_wconf 79' lang='grc' dir='ltr'>ἔργων</span> <span class='ocrx_word' id='word_1_752' title='bbox 3477 4885 3579 4957; x_wconf 84' lang='grc' dir='ltr'><strong>τῆς</strong></span> <span class='ocrx_word' id='word_1_753' title='bbox 3630 4885 3811 4939; x_wconf 74' lang='grc' dir='ltr'><strong>δικαιο⁴</strong></span> 
     </span>
    </p>
   </div>
   <div class='ocr_carea' id='block_1_109' title="bbox 2238 4972 3810 5051">
    <p class='ocr_par' dir='ltr' id='par_1_109' title="bbox 2238 4972 3810 5051">
     <span class='ocr_line' id='line_1_109' title="bbox 2238 4972 3810 5051; baseline 0.004 -23"><span class='ocrx_word' id='word_1_754' title='bbox 2238 4972 2409 5046; x_wconf 74' lang='grc' dir='ltr'>σύνης</span> <span class='ocrx_word' id='word_1_755' title='bbox 2439 4974 2777 5047; x_wconf 82' lang='grc' dir='ltr'>πληρώσας,</span> <span class='ocrx_word' id='word_1_756' title='bbox 2806 4977 2958 5049; x_wconf 79' lang='grc' dir='ltr'>διέϐη</span> <span class='ocrx_word' id='word_1_757' title='bbox 3015 4978 3155 5051; x_wconf 83' lang='grc' dir='ltr'>πρὸς</span> <span class='ocrx_word' id='word_1_758' title='bbox 3209 4978 3310 5051; x_wconf 79' lang='grc' dir='ltr'>τὴν</span> <span class='ocrx_word' id='word_1_759' title='bbox 3356 4979 3667 5035; x_wconf 80' lang='grc' dir='ltr'>ἀνάπαυσιν</span> <span class='ocrx_word' id='word_1_760' title='bbox 3724 4972 3810 5042; x_wconf 74' lang='grc' dir='ltr'><strong>τῆς</strong></span> 
     </span>
    </p>
   </div>
   <div class='ocr_carea' id='block_1_110' title="bbox 2224 5264 3805 5346">
    <p class='ocr_par' dir='ltr' id='par_1_110' title="bbox 2224 5264 3805 5346">
     <span class='ocr_line' id='line_1_110' title="bbox 2224 5264 3805 5346; baseline 0.004 -25"><span class='ocrx_word' id='word_1_761' title='bbox 2224 5265 2482 5346; x_wconf 63' lang='lat' dir='ltr'><strong>consistit</strong></span> <span class='ocrx_word' id='word_1_762' title='bbox 2508 5285 2527 5321; x_wconf 69' lang='grc' dir='ltr'><strong>τ</strong></span> <span class='ocrx_word' id='word_1_763' title='bbox 2546 5269 2745 5346; x_wconf 51' lang='grc' dir='ltr'>αζώνέα</span> <span class='ocrx_word' id='word_1_764' title='bbox 2772 5269 3218 5346; x_wconf 50' lang='lat' dir='ltr'><strong>dicuntuquuae</strong></span> <span class='ocrx_word' id='word_1_765' title='bbox 3243 5284 3376 5331; x_wconf 88' lang='lat' dir='ltr'><strong>sunt</strong></span> <span class='ocrx_word' id='word_1_766' title='bbox 3396 5272 3606 5346; x_wconf 82' lang='lat' dir='ltr'><strong>in_illis</strong></span> <span class='ocrx_word' id='word_1_767' title='bbox 3635 5264 3805 5346; x_wconf 68' lang='grc' dir='ltr'>νοητᾷ,</span> 
     </span>
    </p>
   </div>
   <div class='ocr_carea' id='block_1_111' title="bbox 2222 5337 3805 5416">
    <p class='ocr_par' dir='ltr' id='par_1_111' title="bbox 2222 5337 3805 5416">
     <span class='ocr_line' id='line_1_111' title="bbox 2222 5337 3805 5416; baseline -0.004 -17"><span class='ocrx_word' id='word_1_768' title='bbox 2222 5337 2396 5416; x_wconf 59' lang='lat' dir='ltr'><strong>Paulo</strong></span> <span class='ocrx_word' id='word_1_769' title='bbox 2426 5338 2494 5393; x_wconf 82' lang='grc' dir='ltr'>τὰ</span> <span class='ocrx_word' id='word_1_770' title='bbox 2542 5339 2618 5411; x_wconf 80' lang='grc' dir='ltr'>μὴ</span> <span class='ocrx_word' id='word_1_771' title='bbox 2665 5339 3007 5416; x_wconf 73' lang='grc' dir='ltr'>ϐλεπόμενα·</span> <span class='ocrx_word' id='word_1_772' title='bbox 3040 5337 3083 5399; x_wconf 88' lang='lat' dir='ltr'><strong>II</strong></span> <span class='ocrx_word' id='word_1_773' title='bbox 3114 5337 3247 5401; x_wconf 72' lang='lat' dir='ltr'><strong>Cor.</strong></span> <span class='ocrx_word' id='word_1_774' title='bbox 3281 5361 3335 5400; x_wconf 79' lang='grc' dir='ltr'><strong>ιν</strong></span> <span class='ocrx_word' id='word_1_775' title='bbox 3377 5363 3391 5399; x_wconf 88' lang='lat'><strong>:</strong></span> <span class='ocrx_word' id='word_1_776' title='bbox 3451 5344 3586 5410; x_wconf 70' lang='lat' dir='ltr'><strong>Quae</strong></span> <span class='ocrx_word' id='word_1_777' title='bbox 3616 5355 3716 5395; x_wconf 82' lang='lat' dir='ltr'><strong>non</strong></span> <span class='ocrx_word' id='word_1_778' title='bbox 3737 5338 3805 5416; x_wconf 57' lang='lat' dir='ltr'><strong>ei:</strong></span> 
     </span>
    </p>
   </div>
   <div class='ocr_carea' id='block_1_112' title="bbox 2220 5409 3805 5486">
    <p class='ocr_par' dir='ltr' id='par_1_112' title="bbox 2220 5409 3805 5486">
     <span class='ocr_line' id='line_1_112' title="bbox 2220 5409 3805 5486; baseline 0 -27"><span class='ocrx_word' id='word_1_779' title='bbox 2220 5409 2435 5486; x_wconf 61' lang='lat' dir='ltr'><strong>dentur,</strong></span> <span class='ocrx_word' id='word_1_780' title='bbox 2472 5409 2722 5486; x_wconf 53' lang='lat' dir='ltr'><strong>semina;</strong></span> <span class='ocrx_word' id='word_1_781' title='bbox 2748 5409 2867 5468; x_wconf 81' lang='lat' dir='ltr'><strong>sive</strong></span> <span class='ocrx_word' id='word_1_782' title='bbox 2901 5423 2968 5486; x_wconf 83' lang='lat' dir='ltr'><strong>ut</strong></span> <span class='ocrx_word' id='word_1_783' title='bbox 2984 5417 3288 5485; x_wconf 84' lang='lat' dir='ltr'><strong>proclivius</strong></span> <span class='ocrx_word' id='word_1_784' title='bbox 3313 5409 3621 5486; x_wconf 88' lang='lat' dir='ltr'><strong>loquuntur</strong></span> <span class='ocrx_word' id='word_1_785' title='bbox 3648 5409 3805 5465; x_wconf 85' lang='lat' dir='ltr'><strong>nostri</strong></span> 
     </span>
    </p>
   </div>
   <div class='ocr_carea' id='block_1_113' title="bbox 2220 5479 3803 5550">
    <p class='ocr_par' dir='ltr' id='par_1_113' title="bbox 2220 5479 3803 5550">
     <span class='ocr_line' id='line_1_113' title="bbox 2220 5479 3803 5550; baseline 0.004 -17"><span class='ocrx_word' id='word_1_786' title='bbox 2220 5479 2574 5550; x_wconf 74' lang='lat' dir='ltr'><strong>scholastici,</strong></span> <span class='ocrx_word' id='word_1_787' title='bbox 2617 5485 2893 5538; x_wconf 69' lang='lat' dir='ltr'><strong>writer-na.</strong></span> <span class='ocrx_word' id='word_1_788' title='bbox 2932 5479 3103 5542; x_wconf 74' lang='lat' dir='ltr'><strong>Foedo</strong></span> <span class='ocrx_word' id='word_1_789' title='bbox 3134 5503 3330 5543; x_wconf 88' lang='lat' dir='ltr'><strong>errore</strong></span> <span class='ocrx_word' id='word_1_790' title='bbox 3367 5479 3422 5540; x_wconf 79' lang='lat' dir='ltr'><strong>in</strong></span> <span class='ocrx_word' id='word_1_791' title='bbox 3456 5486 3662 5545; x_wconf 81' lang='lat' dir='ltr'><strong>Marco,</strong></span> <span class='ocrx_word' id='word_1_792' title='bbox 3693 5494 3803 5550; x_wconf 64' lang='lat' dir='ltr'><strong>pro.</strong></span> 
     </span>
    </p>
   </div>
   <div class='ocr_carea' id='block_1_114' title="bbox 2219 5548 3803 5632">
    <p class='ocr_par' dir='ltr' id='par_1_114' title="bbox 2219 5548 3803 5632">
     <span class='ocr_line' id='line_1_114' title="bbox 2219 5548 3803 5632; baseline 0.001 -26"><span class='ocrx_word' id='word_1_793' title='bbox 2219 5549 2316 5632; x_wconf 64' lang='grc' dir='ltr'><strong>ῖοῦ</strong></span> <span class='ocrx_word' id='word_1_794' title='bbox 2359 5551 2544 5632; x_wconf 67' lang='grc' dir='ltr'>μόνον,</span> <span class='ocrx_word' id='word_1_795' title='bbox 2578 5553 2679 5632; x_wconf 59' lang='grc' dir='ltr'>τοῇ</span> <span class='ocrx_word' id='word_1_796' title='bbox 2704 5553 2873 5632; x_wconf 70' lang='grc' dir='ltr'>νόμου</span> <span class='ocrx_word' id='word_1_797' title='bbox 2904 5565 3012 5632; x_wconf 80' lang='lat' dir='ltr'><strong>est,</strong></span> <span class='ocrx_word' id='word_1_798' title='bbox 3059 5558 3207 5627; x_wconf 85' lang='lat' dir='ltr'><strong>quod</strong></span> <span class='ocrx_word' id='word_1_799' title='bbox 3251 5568 3307 5615; x_wconf 88' lang='lat' dir='ltr'><strong>et</strong></span> <span class='ocrx_word' id='word_1_800' title='bbox 3339 5557 3507 5632; x_wconf 82' lang='lat' dir='ltr'><strong>Picus</strong></span> <span class='ocrx_word' id='word_1_801' title='bbox 3538 5548 3803 5632; x_wconf 48' lang='lat' dir='ltr'><strong>decoquit:</strong></span> 
     </span>
    </p>
   </div>
   <div class='ocr_carea' id='block_1_115' title="bbox 2220 5618 3806 5701">
    <p class='ocr_par' dir='ltr' id='par_1_115' title="bbox 2220 5618 3806 5701">
     <span class='ocr_line' id='line_1_115' title="bbox 2220 5618 3806 5701; baseline -0.016 -5"><span class='ocrx_word' id='word_1_802' title='bbox 2220 5618 2370 5701; x_wconf 45' lang='lat' dir='ltr'><strong>diu“</strong></span> <span class='ocrx_word' id='word_1_803' title='bbox 2400 5620 2476 5677; x_wconf 68' lang='lat' dir='ltr'><strong>ila</strong></span> <span class='ocrx_word' id='word_1_804' title='bbox 2525 5624 2730 5701; x_wconf 60' lang='lat' dir='ltr'><strong>reddit,</strong></span> <span class='ocrx_word' id='word_1_805' title='bbox 2766 5618 2899 5701; x_wconf 64' lang='lat' dir='ltr'><strong>Qum</strong></span> <span class='ocrx_word' id='word_1_806' title='bbox 3074 5618 3261 5683; x_wconf 67' lang='lat' dir='ltr'><strong>revera</strong></span> <span class='ocrx_word' id='word_1_807' title='bbox 3294 5627 3508 5701; x_wconf 80' lang='lat' dir='ltr'><strong>proprie</strong></span> <span class='ocrx_word' id='word_1_808' title='bbox 3534 5626 3639 5701; x_wconf 71' lang='lat' dir='ltr'><strong>vita</strong></span> <span class='ocrx_word' id='word_1_809' title='bbox 3669 5618 3733 5675; x_wconf 78' lang='lat' dir='ltr'><strong>sit</strong></span> <span class='ocrx_word' id='word_1_810' title='bbox 3760 5623 3806 5670; x_wconf 79' lang='lat' dir='ltr'><strong>et</strong></span> 
     </span>
    </p>
   </div>
   <div class='ocr_carea' id='block_1_116' title="bbox 2223 5689 3804 5772">
    <p class='ocr_par' dir='ltr' id='par_1_116' title="bbox 2223 5689 3804 5772">
     <span class='ocr_line' id='line_1_116' title="bbox 2223 5689 3804 5772; baseline 0.001 -28"><span class='ocrx_word' id='word_1_811' title='bbox 2223 5689 2481 5772; x_wconf 69' lang='lat' dir='ltr'><strong>dicatur:</strong></span> <span class='ocrx_word' id='word_1_812' title='bbox 2510 5694 2659 5772; x_wconf 70' lang='lat' dir='ltr'><strong>quod</strong></span> <span class='ocrx_word' id='word_1_813' title='bbox 2689 5689 2759 5772; x_wconf 79' lang='lat' dir='ltr'><strong>de</strong></span> <span class='ocrx_word' id='word_1_814' title='bbox 2784 5696 2899 5772; x_wconf 79' lang='lat' dir='ltr'><strong>Deo</strong></span> <span class='ocrx_word' id='word_1_815' title='bbox 2928 5697 3138 5772; x_wconf 78' lang='lat' dir='ltr'><strong>dictum</strong></span> <span class='ocrx_word' id='word_1_816' title='bbox 3164 5710 3267 5772; x_wconf 81' lang='lat' dir='ltr'><strong>est,</strong></span> <span class='ocrx_word' id='word_1_817' title='bbox 3293 5689 3669 5772; x_wconf 56' lang='lat' dir='ltr'><strong>qui&#39;unussic</strong></span> <span class='ocrx_word' id='word_1_818' title='bbox 3688 5701 3804 5766; x_wconf 60' lang='grc' dir='ltr'>νοτε</span> 
     </span>
    </p>
   </div>
   <div class='ocr_carea' id='block_1_117' title="bbox 2225 5765 3804 5842">
    <p class='ocr_par' dir='ltr' id='par_1_117' title="bbox 2225 5765 3804 5842">
     <span class='ocr_line' id='line_1_117' title="bbox 2225 5765 3804 5842; baseline 0.001 -27"><span class='ocrx_word' id='word_1_819' title='bbox 2225 5765 2341 5842; x_wconf 87' lang='lat' dir='ltr'><strong>vita</strong></span> <span class='ocrx_word' id='word_1_820' title='bbox 2374 5771 2461 5818; x_wconf 85' lang='lat' dir='ltr'><strong>est</strong></span> <span class='ocrx_word' id='word_1_821' title='bbox 2493 5772 2560 5842; x_wconf 67' lang='lat' dir='ltr'><strong>et</strong></span> <span class='ocrx_word' id='word_1_822' title='bbox 2596 5765 2823 5842; x_wconf 78' lang='lat' dir='ltr'><strong>dicitur,</strong></span> <span class='ocrx_word' id='word_1_823' title='bbox 2869 5766 3126 5838; x_wconf 84' lang='lat' dir='ltr'><strong>imperite</strong></span> <span class='ocrx_word' id='word_1_824' title='bbox 3182 5765 3409 5842; x_wconf 64' lang='lat' dir='ltr'><strong>ipSatjue</strong></span> <span class='ocrx_word' id='word_1_825' title='bbox 3460 5765 3633 5821; x_wconf 84' lang='lat' dir='ltr'><strong>invita</strong></span> <span class='ocrx_word' id='word_1_826' title='bbox 3677 5765 3804 5816; x_wconf 78' lang='lat' dir='ltr'><strong>scrt-</strong></span> 
     </span>
    </p>
   </div>
   <div class='ocr_carea' id='block_1_118' title="bbox 2227 5833 3113 5910">
    <p class='ocr_par' dir='ltr' id='par_1_118' title="bbox 2227 5833 3113 5910">
     <span class='ocr_line' id='line_1_118' title="bbox 2227 5833 3113 5910; baseline 0.01 -24"><span class='ocrx_word' id='word_1_827' title='bbox 2227 5841 2415 5902; x_wconf 84' lang='lat' dir='ltr'><strong>ptura,</strong></span> <span class='ocrx_word' id='word_1_828' title='bbox 2446 5833 2516 5890; x_wconf 85' lang='lat' dir='ltr'><strong>ad</strong></span> <span class='ocrx_word' id='word_1_829' title='bbox 2545 5834 2725 5908; x_wconf 75' lang='lat' dir='ltr'><strong>legem</strong></span> <span class='ocrx_word' id='word_1_830' title='bbox 2750 5833 3113 5910; x_wconf 72' lang='lat' dir='ltr'><strong>detorquens.</strong></span> 
     </span>
    </p>
   </div>
  </div>
