4076 6410
312 364 455 427 1105

1170 372 1508 432 CAPITUM
1545 373 1818 435 TIIEOL.
1859 377 1953 437 ET
1992 380 2232 442 (ECON.
2275 385 2667 449 CENTURIA
2712 393 2760 452 Ι.

3461 395 3597 458 1106

303 479 619 548 γνωστικῆς
661 479 899 550 Θεωρίας
933 500 944 511 ·
974 482 1098 536 καθ’
1127 484 1193 554 ἢν
1239 487 1367 549 τοὺς
1414 487 1606 556 λόγους
1645 489 1751 541 τῶν
1805 490 1895 542 ὃν·
1931 546 1933 556 ι

2017 499 2488 568 :ontemplationis
2523 505 2771 573 requiem
2812 510 3095 577 transivit;
3133 526 3242 581 qua
3276 526 3470 565 rerum
3507 528 3599 565 ra-

301 585 422 622 των
479 569 795 639 περιλαϐὼν
851 572 1214 645 θεοπρεπῶς,
1250 577 1352 648 τῆς
1406 580 1557 632 κατά
1606 581 1734 633 νοῦν
1775 582 1906 653 περὶ

306 662 486 729 αὐτὴν
520 662 791 732 κινήσεως
826 666 1190 720 ἀναπαύεται.

383 754 444 818 ξ’.
487 755 546 808 ὐ
597 758 696 826 τῆς
730 757 799 810 δι’
844 760 994 828 ἡμᾶς
1029 759 1400 831 ἐϐδοματικῆς
1443 764 1538 816 τοῦ
1579 765 1718 818 Θεοῦ
1769 784 1901 836 μετ-

305 845 565 914 εσχηκὼς
603 847 1002 912 ἀναπαύσεως,
1033 850 1128 903 καὶ
1159 851 1262 920 τῆς
1295 853 1460 906 αὑτοῦ
1488 853 1556 906 δι’
1585 857 1736 925 ἡμᾶς
1775 857 1906 926 μεθ’

306 937 421 1000 έξει
447 938 590 990 κατὰ
619 940 720 1008 τὴν
760 939 959 993 θέωσιν
1006 941 1334 1012 ὀγδοατικῆς
1392 947 1701 1016 ἐνεργείας,
1732 950 1908 1001 εῖτουν

309 1031 586 1099 μυστικῆς
615 1032 967 1095 ἀναστάσεως
989 1051 1001 1062 ο
1035 1033 1195 1102 ἀφεὶς
1226 1034 1322 1086 καὶ
1351 1036 1515 1099 αὐτὸς
1551 1040 1609 1091 ἐν
1641 1037 1720 1108 τῷ
1752 1041 1908 1112 τάφῳ

305 1121 545 1190 κείμενα
579 1123 644 1176 τὰ
676 1122 884 1185 ὀθόνια,
913 1127 1008 1178 καὶ
1063 1125 1124 1178 τὸ
1165 1126 1259 1179 ἐπὶ
1308 1128 1407 1197 τῆς
1435 1129 1677 1200 κεφαλῆς
1712 1131 1908 1184 σουδά-

308 1231 426 1284 ριον
455 1233 466 1244 ·
501 1216 644 1287 ἅπερ
673 1216 1010 1297 θεωροῦντες
1045 1218 1099 1271 εἴ
1131 1237 1216 1283 τις
1259 1219 1584 1290 Πέτροςκαὶ¹
1629 1223 1906 1296 Ἰωάννης,

305 1304 662 1360 πιστεύουσιν
698 1307 996 1378 ὲγηγέρθαι
1035 1309 1126 1362 τὸν
1153 1309 1381 1381 Κύριον.

383 1513 488 1581 ξα’.
511 1516 800 1586 Μνημεῖόν
830 1517 980 1569 ἐστιν
1023 1517 1156 1582 ἴσως
1183 1517 1541 1582 Δεσποτικὸν,
1577 1521 1608 1590 ἢ
1639 1523 1668 1572 ὁ
1703 1521 1910 1592 κόσμος

305 1601 492 1671 οὗτος.
522 1609 554 1679 ἢ
588 1611 620 1678 ἡ
663 1609 898 1664 ἑκάστου
931 1611 1042 1664 τῶν
1078 1613 1290 1666 πιστῶν
1331 1614 1530 1682 καρδία
1556 1632 1569 1644 ·
1601 1615 1669 1667 τά
1699 1615 1754 1668 δὲ
1787 1614 1909 1667 606-

305 1720 420 1762 νια,
461 1703 511 1754 οἱ
540 1703 647 1754 τῶν
679 1703 955 1772 αἰσθητῶν
983 1706 1120 1772 μετὰ
1154 1705 1264 1760 τῶν
1305 1708 1425 1760 κατ’
1448 1709 1649 1780 ἀρετὴν
1690 1711 1908 1782 τρόπων

305 1792 625 1863 ὑπάρχουσι
658 1792 808 1860 λόγοι
841 1811 855 1825 ο
888 1794 950 1846 τὸ
975 1795 1032 1847 δὲ
1096 1798 1405 1867 σουδάριον,
1437 1801 1468 1870 ἡ
1523 1801 1634 1854 τῶν
1695 1800 1904 1871 νοητῶν

306 1885 426 1936 ἐστι
469 1885 606 1952 μετὰ
640 1886 740 1956 τῆς
765 1886 1123 1957 ἐνδεχομένης
1155 1887 1433 1958 θεολογίας
1458 1891 1603 1962 ἀπλῆ
1629 1895 1724 1946 καὶ
1745 1893 1902 1946 ἀποί-

303 1974 464 2037 κιλος
507 1975 733 2043 γνῶσις,
767 1977 838 2030 δι“
869 1972 945 2032 ῶν
975 1981 1303 2051 ἐγνωρίζετο
1345 1983 1612 2054 πρότερον
1649 1986 1676 2036 ὁ
1707 1985 1902 2052 Λόγος,

312 2066 608 2136 ἁχὼρητον
674 2069 806 2138 ἡμῖν
850 2069 988 2140 ἔχων
1023 2071 1344 2126 παντάπασι
1385 2073 1508 2145 δίχα
1543 2075 1769 2140 τούτων,
1805 2077 1904 2146 τὴν

307 2158 454 2228 ὑῖὲρ
488 2157 661 2211 ταῦτα
695 2161 1025 2231 κατάληψιν.

384 2248 484 2318 ξβ’.
520 2253 582 2303 Oi
614 2250 912 2317 θάπτοντες
949 2256 1185 2322 ἐντίμως
1224 2257 1317 2311 τὸν
1357 2257 1584 2330 Κύριον,
1619 2261 1715 2314 καὶ
1759 2262 1907 2314 ἐνδό-

311 2341 422 2405 ξως
482 2344 798 2399 ἀναστάντα
847 2347 1179 2403 θεάσονται·
1247 2353 1414 2405 πᾶσιν
1466 2353 1595 2406 ὄντα
1652 2357 1768 2417 τοῖς
1831 2357 1906 2424 μὴ

307 2435 581 2501 τοιούτοις
607 2437 855 2493 ἀθέατον.
893 2441 1009 2494 Οὐκ
1054 2441 1133 2496 έτι
1165 2443 1274 2514 γὰρ
1313 2448 1427 2509 τοῖς
1459 2446 1907 2500 ἐπιϐουλεύουσῖν

310 2530 463 2584 ἐστιν
503 2531 726 2594 ἁλωτὸς,
755 2533 854 2586 οὐκ
901 2533 1038 2604 έχων
1067 2535 1178 2588 τῶν
1208 2538 1369 2601 ἐκτὸς
1402 2540 1469 2592 τά
1497 2539 1905 2610 προκαλύμμα-

309 2638 400 2679 τα,
447 2622 516 2674 δι’
550 2615 624 2676 ὧν
656 2625 830 2678 ἐδόκει
871 2627 1041 2680 θέλων
1077 2629 1398 2684 ἁλίσκεσθαι
1438 2635 1588 2703 παρὰ
1619 2634 1728 2686 τῶν
1783 2635 1908 2704 βου-

309 2713 583 2783 λομένων,
610 2718 704 2770 καὶ
762 2719 991 2789 πάσχειν
1039 2722 1180 2794 ὑπὲρ
1224 2724 1323 2794 τῆς
1361 2725 1578 2779 πάντων
1626 2727 1906 2798 σωτηρίας

308 2809 585 2878 ἠνείχετο.

393 2897 496 2968 ἐτ’.
543 2902 600 2955 '0
632 2903 859 2960 θάπτων
885 2908 1122 2978 ἐντίμως
1159 2909 1252 2962 τὸν
1289 2908 1518 2978 Κύριον,
1563 2911 1729 2964 πᾶσίν
1789 2913 1907 2964 ἐστι

312 2994 436 3054 τοῖς
495 2995 764 3062 φιλοθέοις
820 2999 1104 3069 αἰδέσιμος
1137 3018 1151 3034 ο
1181 3001 1454 3072 θριάμϐου
1480 3002 1586 3074 γὰρ
1617 3004 1780 3056 αὐτὸν
1817 3005 1910 3057 καὶ

313 3081 558 3146 ὀνείδους
577 3085 929 3156 καθηκόντως
953 3089 1247 3161 ἐρρύσατο.
1270 3090 1622 3162 βλασφημίας
1650 3093 1910 3149 ὑπόθεσιν

2014 588 2195 644 tiones
2226 591 2412 646 divine
2452 596 2791 665 complexus,
2823 615 2853 652 a
2883 601 3084 655 mentis
3112 602 3259 656 circa
3291 617 3410 656 eam
3446 613 3602 657 motu

2010 683 2281 749 quiescit.

2082 772 2171 827 60.
2214 773 2316 840 Qui
2365 779 2614 848 septima:
2657 781 2864 850 quietis
2907 783 3003 838 Dei
3051 784 3105 837 in
3148 787 3322 839 nostri
3368 786 3600 856 gratiam

2011 868 2289 938 particeps
2308 869 2482 926 factus
2505 881 2620 939 est;
2647 876 2766 945 ejus
2789 891 3009 945 quoque
3033 887 3260 946 pr0pter
3277 894 3376 932 nos
3398 887 3603 932 octava:

2011 955 2346 1023 operationis
2383 976 2482 1029 per
2510 961 2920 1020 deiﬁcatioucm
2963 967 3234 1038 (mystica:
3267 968 3480 1022 scilicet
3512 984 3602 1021 re—

2011 1050 2397 1125 surrectionis)
2432 1053 2526 1110 ﬁet
2558 1058 2863 1129 particeps;
2901 1060 3018 1130 ipse
3049 1061 3215 1115 etiam
3257 1062 3311 1116 in
3349 1062 3605 1131 sepulcro

2012 1137 2332 1198 linteamina
2360 1148 2562 1214 posita,
2588 1165 2652 1204 ac
2683 1152 2968 1206 sudarium
3000 1154 3146 1223 quod
3183 1155 3346 1223 capiti
3387 1154 3609 1223 imposi—

2015 1239 2131 1285 tum
2172 1232 2382 1302 fuerat,
2417 1237 2758 1309 relinquens.
2793 1241 2920 1298 Haec
2959 1259 3128 1314 porro
3165 1252 3527 1308 contuentes,
3560 1243 3607 1297 si

2012 1324 2137 1393 quis
2166 1326 2364 1384 Petrus
2397 1345 2461 1385 ac
2488 1331 2728 1390 Joannes
2761 1345 2875 1403 est,
2910 1337 3201 1392 Dominum
3239 1335 3608 1392 resurrexisse

2012 1419 2246 1474 credent
2267 1423 2332 1476 ’°.

2084 1513 2174 1568 61.
2204 1515 2552 1573 Dominicum
2587 1518 2732 1575 forte
2767 1530 3218 1586 monumentum,
3244 1529 3340 1576 aut
3369 1521 3608 1576 mundus

2014 1604 2118 1658 iste
2161 1615 2279 1671 est,
2324 1614 2420 1661 aut
2465 1611 2709 1680 cujusvis
2762 1610 3010 1665 ﬁdelium
3062 1628 3158 1666 cor
3205 1612 3321 1667 sive
3365 1613 3604 1666 animus.

2013 1696 2342 1765 Sudarium,
2377 1701 2706 1770 spiritalium
2741 1711 2858 1769 est,
2889 1719 3015 1757 cum
3057 1719 3122 1758 ea
3161 1719 3325 1772 quam
3367 1703 3608 1757 nancisci

2016 1793 2177 1856 licet,
2210 1794 2514 1865 theologia,
2549 1795 2782 1866 simplex
2817 1797 3080 1866 omnique
3110 1811 3312 1850 vacans
3344 1797 3611 1850 varietate

2011 1885 2275 1952 scientia;
2307 1887 2511 1956 quibus
2544 1888 2698 1957 prius
2723 1887 2964 1942 Verbum
2990 1888 3342 1952 noscebatur,
3369 1887 3488 1942 sine
3523 1887 3611 1940 his

2012 1993 2242 2048 prorsus
2277 1979 2438 2034 nobis
2474 1980 3011 2050 incomprehensam,
3047 1997 3169 2050 qua:
3203 1981 3311 2036 illis
3342 1981 3608 2046 emineat,

2013 2071 2568 2142 comprehensionem
2602 2073 2832 2129 habens.

2084 2255 2174 2311 62.
2219 2255 2324 2322 Qui
2372 2256 2678 2313 honoriﬁce
2725 2258 3019 2312 Dominum
3070 2259 3377 2328 sepeliunt,
3425 2256 3608 2325 ipsum

2014 2363 2235 2418 quoque
2259 2349 2497 2419 gloriose
2524 2357 2907 2420 resurgentem
2929 2349 3104 2404 visuri
3131 2356 3288 2409 sunt,
3317 2362 3441 2400 cum
3473 2345 3610 2398 alio-

2015 2443 2109 2512 qui
2132 2442 2411 2508 omnibus,
2436 2444 2530 2514 qui
2552 2460 2661 2498 non
2698 2453 2827 2498 sunt
2855 2442 3152 2514 ejusmodi,
3181 2439 3479 2495 invisibilis
3513 2439 3605 2492 sit.

2014 2535 2134 2589 Non
2175 2535 2324 2590 enim
2363 2535 2601 2605 amplius
2634 2536 2920 2605 expositus
2959 2545 3044 2590 est
3081 2534 3434 2589 inimicorum
3472 2529 3608 2584 insi—

2015 2625 2152 2690 diis,
2181 2627 2274 2696 qui
2309 2627 2477 2681 nullis
2508 2629 2845 2682 exteriorum
2882 2627 3182 2681 involucris
3217 2625 3472 2680 obtectus
3505 2621 3608 2686 sit,

2015 2713 2220 2783 quibus
2252 2725 2446 2785 sponte
2473 2731 2504 2770 a
2528 2716 2844 2770 volentibus
2875 2715 2995 2786 capi
3022 2715 3335 2779 videbatur,
3365 2711 3606 2768 sustine-

2016 2809 2220 2878 batque
2251 2809 2498 2863 omnium
2527 2824 2691 2864 causa
2716 2811 2908 2865 salutis
2937 2809 3070 2880 pati.

2086 2901 2177 2954 65.
2213 2898 2317 2965 Qui
2357 2897 2662 2954 honoriﬁce
2706 2899 2999 2952 Dominum
3040 2889 3265 2968 sepelit,
3300 2896 3466 2969 474
3501 2896 3612 2967 piis

2015 2990 2278 3046 omnibus
2316 3005 2380 3043 ac
2419 2989 2693 3059 religiosis
2747 2989 3081 3043 venerabilis
3117 2989 3363 3055 exsistit;
3407 2988 3609 3057 quippe

2017 3083 2112 3152 qui
2143 3081 2247 3136 rite
2279 3097 2346 3136 eo
2375 3081 2700 3151 perfunctus
2726 3081 2947 3151 pietatis
2971 3080 3170 3145 ofﬁcio,
3193 3080 3340 3150 quod
3375 3081 3430 3133 in
3461 3080 3612 3150 ligno

316 3173 428 3227 οὐκ
453 3175 609 3243 ἀφεὶς
636 3179 750 3240 τοῖς
772 3179 1048 3245 ἀπίστοις,
1076 3181 1174 3253 τὴν
1200 3185 1255 3234 ὲν
1280 3181 1359 3253 τῷ
1377 3183 1521 3255 ξύλῳ
1540 3185 1910 3257 αὑτοῦιπροσ-

2020 3175 2192 3231 clavis
2227 3173 2477 3229 confixus
2513 3174 2606 3238 sit,
2633 3173 2951 3245 ignominiae
2985 3173 3318 3244 publicoque
3355 3169 3613 3227 dedecori

325 3267 552 3335 ήλωσιν.
585 3270 648 3322 Oi
681 3271 738 3323 δὲ
775 3289 841 3340 aq:
854 3275 1076 3344 ραγῖδας
1134 3274 1468 3341 ἐπιτιθέντες
1499 3277 1577 3349 τῷ
1605 3279 1780 3351 τάφῳ,
1816 3279 1913 3333 καὶ

316 3361 664 3428 στρατιώτας
715 3365 1212 3435 προκαθιστῶντες,
1259 3371 1480 3439 μισητοὶ
1514 3370 1614 3439 τῆς
1654 3372 1904 3442 ἐγχειρή-

319 3469 468 3516 σεως
501 3468 516 3483 ’
549 3455 599 3508 οἳ
647 3455 742 3508 καὶ
785 3458 1098 3513 ἀναστάντα
1128 3461 1221 3512 τὸν
1251 3461 1447 3529 Λόγον,
1497 3461 1572 3524 ὡς
1634 3463 1914 3516 κλαπέντα

317 3545 709 3600 διαϐάλλουσιν
739 3565 753 3578 ο
790 3551 1064 3622 ἀργυρίῳ,
1103 3551 1295 3625 ὥσπερ
1322 3554 1412 3607 τὸν
1458 3555 1612 3609 νόθον
1663 3555 1916 3627 μαθητὴν

323 3640 406 3701 εἰς
439 3640 736 3706 προδοσίαν
761 3660 772 3672 ·
801 3643 947 3710 λέγω
979 3645 1037 3698 δὲ
1060 3645 1150 3698 τὸν
1179 3646 1550 3700 ἐπιδεικτικὸν
1589 3648 1790 3719 τρόπον
1815 3649 1915 3720 τῆς

328 3731 528 3802 ἀρετῆς
559 3749 574 3763 ·
603 3732 747 3786 οὕτω
781 3735 874 3788 καὶ
891 3736 1028 3798 τοὺς
1072 3738 1410 3808 στρατιώτας
1455 3740 1591 3811 πρὸς
1638 3757 1915 3811 συκοφαν-

323 3822 449 3874 τίαν
473 3823 568 3876 τοῦ
597 3825 927 3889 ἀναστάντος
983 3827 1237 3899 Σωτῆρος
1267 3829 1598 3900 ὠνούμενοι.
1652 3831 1917 3886 Γινώσκει

319 3914 439 3967 τῶν
494 3915 807 3988 λεγομένων
861 3919 961 3990 τὴν
1006 3919 1288 3990 ἔμφασιν,
1335 3925 1362 3975 ό
1411 3926 1718 3990 γνωστικός
1748 3943 1762 3956 ·
1817 3926 1918 3979 οὐκ

323 4007 545 4076 ἀγνοῶν
585 4008 704 4071 πῶς
757 4025 816 4062 τε
848 4010 942 4062 καὶ
966 4010 1224 4080 ποσαχῶς
1263 4013 1595 4082 σταυροῦται
1629 4016 1656 4066 ό
1688 4013 1916 4084 Κύριος,

325 4099 428 4152 καὶ
488 4098 756 4153 θάπτεται
804 4103 897 4154 καὶ
951 4101 1281 4156 ἀνίσταταιο
1342 4104 1475 4157 ὡσεὶ
1536 4107 1768 4176 νεκροὺς
1821 4106 1920 4177 μὲν

327 4189 502 4242 ποιῶν
523 4190 652 4252 τοὺς
675 4189 781 4244 ὑπὸ
805 4191 1076 4262 δαιμόνων
1099 4197 1164 4263 τῇ
1192 4193 1388 4266 καρδία
1415 4197 1920 4267 παρακαθημένους

328 4281 604 4352 ἐμπαθεῖς
653 4283 951 4354 λογισμούς
981 4305 994 4316 ·
1029 4287 1156 4350 τοὺς
1199 4287 1684 4359 διαμεριζομένους
1722 4290 1779 4342 ἐν
1805 4290 1920 4351 τοῖς

329 4377 666 4444 πειρασμοῖς
716 4375 908 4448 ῶσπερ
950 4378 1171 4448 ἱμάτια,
1203 4380 1330 4444 τοὺς
1368 4381 1605 4452 τρόπους
1653 4382 1752 4450 τῆς
1803 4382 1921 4451 ἠθι-

329 4467 437 4534 κῆς
466 4465 830 4537 εὐπρεπείαςο
867 4470 961 4522 καὶ
987 4470 1336 4540 ὑπερϐαίνων
1371 4471 1562 4544 ῶσπερ
1614 4473 1919 4543 σφραγῖδας

2017 3268 2328 3338 expositum
2358 3283 2470 3321 non
2506 3266 2819 3336 reliquerit,
2847 3265 2943 3321 sed
2977 3282 3044 3321 eo
3078 3265 3483 3320 liberaverit“.
3507 3262 3618 3331 Qui

2018 3370 2205 3416 autem
2237 3359 2520 3430 signacula
2556 3359 2945 3429 imposuerunt
2975 3358 3251 3427 sepulcro,
3285 3373 3349 3410 ae
3379 3357 3474 3426 qui
3505 3357 3613 3410 mi-

2017 3452 2146 3506 lites
2173 3451 2504 3522 prteﬁeiunt,
2530 3451 2652 3521 ejus
2681 3452 2762 3505 rei
2791 3449 3099 3512 molimine,
3125 3449 3274 3503 omni
3304 3449 3454 3519 digni
3485 3448 3614 3503 odio

2018 3553 2168 3609 sunt,
2195 3545 2290 3614 qui
2315 3554 2372 3598 et
2396 3543 2641 3599 Verbum
2672 3557 2796 3597 cum
2829 3541 3154 3607 surrexerit,
3178 3551 3437 3610 tanquam
3468 3540 3616 3594 furto

2017 3639 2300 3693 sublatura
2337 3639 2429 3701 sit,
2461 3647 2781 3708 suspectum
2814 3635 3096 3691 reddunt:
3131 3635 3210 3689 sic
3242 3635 3524 3698 nimirum,
3557 3643 3616 3688 ut

2017 3732 2166 3787 sicut
2201 3731 2396 3787 falsum
2433 3731 2768 3801 discipulum
2810 3729 2942 3802 (th0
2977 3728 3202 3783 nomine
3237 3727 3459 3781 virtutis
3493 3743 3612 3779 mo-

2021 3824 2154 3880 dum
2186 3824 2540 3880 ostentationi
2571 3825 2928 3894 conjunetum
2953 3820 3246 3891 intelligo),
3275 3821 3354 3875 sic
3388 3827 3442 3874 et
3473 3819 3616 3872 mili-

2020 3927 2106 3974 tes
2135 3917 2202 3970 ad
2228 3917 2564 3971 calumniam
2593 3915 2818 3971 Christo
2849 3914 3196 3977 struendam,
3224 3911 3457 3982 pecunia
3485 3925 3616 3964 con-

2022 4009 2252 4064 ducunt.
2283 4009 2457 4063 Porro
2489 4008 2573 4063 vir
2601 4007 2867 4077 spiritalis
2897 4022 2960 4060 ac
2993 4004 3264 4074 sapientia
3299 4011 3613 4072 provectus,

2019 4116 2212 4156 eorum
2239 4117 2360 4170 quae
2397 4101 2662 4155 dicuntur
2698 4099 2808 4153 vim
2850 4096 3034 4163 novit;
3079 4111 3384 4166 quemnon
3415 4096 3614 4155 lateat,

2020 4193 2299 4265 quomodo
2329 4209 2392 4248 ac
2420 4200 2556 4263 quot
2585 4191 2763 4246 modis
2792 4188 3060 4244 Dominus
3096 4188 3469 4258 cruciﬁgatur,
3501 4195 3614 4239 tra-

2022 4288 2297 4357 daturque
2341 4286 2638 4356 sepultura:
2687 4293 2852 4353 atque
2903 4291 3182 4351 resurgat;
3232 4281 3306 4334 ita
3355 4279 3616 4333 nimirum

2023 4391 2084 4436 ut
2133 4381 2458 4434 libidinosas
2503 4377 2869 4449 cegitationes
2912 4375 3235 4430 auctoribus
3277 4372 3621 4428 dmmonibus

2026 4471 2204 4541 iisque
2256 4468 2698 4540 praeﬁeientibus
2753 4464 2908 4521 cordi
2965 4463 3304 4526 assidentes,
3354 4478 3416 4516 ac
3469 4461 3621 4515 velut

326 4558 460 4620 τοὺς
489 4557 874 4628 ἐπικειμένους
901 4562 968 4632 τῇ
1005 4562 1150 4634 ψυχῇ
1192 4563 1418 4630 τύπους,
1456 4564 1567 4618 τῶν
1590 4565 1734 4619 κατά
1782 4565 1912 4636 πρό-

2028 4561 2378 4625 vestimenta,
2401 4559 2630 4614 moralis
2660 4559 2971 4613 honestatis
2996 4568 3159 4628 atque
3184 4554 3399 4610 decoris
3429 4553 3619 4606 modos

326 4648 497 4720 ληψιν
524 4649 745 4720 ἀμαρτη
757 4651 962 4719 μάτων.

2032 4652 2433 4708 tentationibus
2465 4651 2804 4717 dividentes,
2831 4653 2985 4706 velut
3018 4659 3261 4705 mortuas
3295 4647 3515 4712 reddat;
3556 4661 3617 4697 ac

327 4744 491 4814 quasi
528 4745 829 4815 signacula,
863 4747 1096 4820 injectus
1164 4751 1362 4805 anima:
1430 4750 1621 4822 illique
1660 4751 1992 4808 inhaerentes
2032 4761 2386 4822 peccatorum
2445 4755 2713 4819 occupata
2769 4747 3030 4818 opinione
3087 4746 3290 4817 ﬁguras
3349 4750 3618 4813 notasque

328 4846 563 4906 superet
589 4855 654 4895 ac
684 4842 975 4900 transiliat.

405 4931 498 4998 ξδ’·
528 4932 643 4996 Πᾶς
681 4933 1020 5007 φιλάργυρος
1057 4935 1156 5006 (‘2),
1214 4935 1282 4988 δι’
1320 4934 1608 5002 εὐλαϐείας
1646 4939 1746 5008 τὴν
1795 4939 1924 5010 ἀρε-

327 5025 431 5094 τὴν
466 5025 916 5098 ὑποκρινόμενος,
958 5029 1181 5084 ἐπειδὰν
1242 5030 1380 5104 ε’ύρῃ
1439 5032 1541 5102 τὴν
1581 5031 1924 5103 ποθουμένην

329 5115 470 5186 ὕλην
492 5117 848 5188 πορίσασθαι,
874 5119 966 5173 τὸν
995 5120 1200 5192 τρόπον
1227 5120 1563 5194 ἐξώμνυται,
1590 5125 1710 5178 καθ’
1732 5122 1794 5179 ὃν
1823 5142 1927 5196 μα-

328 5208 506 5279 θητὴς
539 5205 680 5264 εἶναι
713 5210 808 5264 τοῦ
835 5212 1008 5281 Λόγου
1033 5212 1095 5266 τὸ
1124 5212 1256 5283 πρὶν
1285 5215 1588 5285 ἐνομίζετο.

407 5297 499 5366 Es'.
536 5304 705 5357 Ὅταν
757 5303 873 5374 ἴδῃς
918 5307 1071 5370 τινάς
1132 5307 1520 5380 ὑπερηφάνους
1552 5308 1626 5379 μὴ
1658 5310 1925 5380 φέροντας

327 5395 678 5449 ἐπαινεῖσθαι
714 5398 842 5460 τοὺς
867 5399 1208 5468 κρείττονας,
1235 5400 1551 5470 ἁκήρυκτόν
1576 5418 1635 5452 τε
1667 5418 1925 5470 μηχανω-

330 5485 531 5554 μένους
561 5489 738 5540 ποιεῖν
765 5488 862 5558 τὴν
902 5488 1241 5560 λαλουμένην
1278 5489 1563 5557 ἀλήθειαν,
1595 5491 1816 5562 μυρίοις
1831 5491 1927 5543 αύ-

324 5577 432 5647 τὴν
450 5579 820 5650 ἀπείργοντας
845 5585 1192 5653 πειρασμοῖς,
1210 5582 1304 5634 καὶ
1325 5580 1604 5651 ἀθεμίτοις
1625 5581 1920 5646 διαϐολαῖς⁹

323 5666 444 5722 νόει
477 5684 567 5738 μοι
599 5670 764 5725 πάλιν
801 5672 908 5727 ὑπὸ
929 5671 1137 5727 τούτων
1164 5671 1536 5742 σταυροῦσθαι
1579 5672 1671 5726 τὸν
1716 5672 1922 5745 Κύριον

402 5843 453 5880 ³ο
473 5847 628 5903 Ιοονι.
654 5866 744 5916 xx,
769 5851 802 5907 5
829 5866 980 5922 seqq.
1061 5852 1100 5886 ³¹
1128 5851 1319 5907 Matth.
1346 5865 1508 5918 uvu,
1531 5850 1598 5906 57
1623 5865 1778 5923 seqq.

2093 4936 2182 4991 64.
2217 4935 2432 4990 Avarus
2465 4934 2644 4988 omnis
2682 4933 2940 5005 religioso
2973 4932 3164 4987 habitu
3203 4939 3466 5000 motuque
3503 4931 3618 4984 vir-

2025 5039 2197 5084 tutem
2229 5029 2518 5092 simulans,
2546 5027 2637 5082 ubi
2673 5027 2941 5098 pecuniae,
2969 5027 3126 5098 cujus
3153 5024 3431 5079 desiderio
3466 5033 3618 5079 teuc-

2023 5123 2209 5187 batur,
2242 5121 2500 5193 paranda:
2530 5121 2616 5176 via
2650 5121 2902 5191 ratioque
2934 5118 3262 5183 occurrerit,
3290 5133 3472 5173 mores
3501 5119 3620 5189 eju-

2025 5222 2112 5270 rat
2139 5213 2347 5284 quibus
2374 5215 2673 5283 putabatur
2699 5229 2821 5269 esse
2846 5213 3011 5269 Verhi
3043 5211 3369 5280 discipulus.

2095 5307 2184 5363 65.
2214 5305 2352 5362 Cum
2386 5307 2602 5375 aliquos
2630 5306 2903 5377 superbos
2935 5303 3272 5367 adverteris,
3302 5320 3411 5358 non
3441 5303 3620 5358 fcren-

2026 5407 2110 5454 tes
2157 5387 2372 5453 laudari
2421 5413 2523 5452 eos
2564 5397 2660 5466 qui
2714 5397 2849 5466 ipsis
2901 5396 3162 5452 meliores
3213 5395 3357 5459 sint,
3401 5396 3618 5465 hocque

2021 5493 2317 5548 molientes
2349 5499 2410 5545 ut
2436 5489 2725 5546 veritatem
2757 5505 2879 5558 qua:
2908 5490 3201 5560 evulgatur
3233 5489 3288 5542 in
3321 5488 3616 5542 obscurum

2021 5589 2242 5655 cogant,
2271 5579 2691 5648 innumerisque
2723 5578 3124 5632 tentationibus
3149 5592 3268 5632 eam
3297 5574 3614 5635 cohibeant,

2021 5688 2088 5730 ac
2124 5671 2382 5729 nefandis
2424 5668 2720 5726 calumniis
2760 5668 3107 5739 opprimant;
3148 5665 3326 5737 cogita
3371 5663 3508 5718 mihi
3546 5661 3625 5718 ab
