4076 6432
524 396 544 458 l
565 396 656 459 l0?

1695 385 1758 443 Si.
1798 380 2087 442 ΜΛΧΙΜΙ
2124 377 2669 441 ΟΟΝ·ΕΕ55οΠ13’

3638 386 3753 456 1103

520 506 603 560 eis
631 504 836 558 iterum
861 494 1111 567 cruciﬁgi
1141 494 1438 550 Dominum
1473 509 1540 548 ac
1570 492 1816 563 sepeliri,
1842 491 2112 546 militum-

2230 494 2311 547 καὶ
2351 492 2695 547 οἀπτεσοαι’
2730 494 2823 547 καὶ
2877 488 3243 565 στρατιώταις
3264 496 3357 550 καὶ
3380 502 3625 569 σφραγῖσι
3667 523 3758 573 φυ-

521 607 626 661 que
649 588 902 645 adhibita
927 602 1092 643 manu
1118 600 1187 640 ac
1211 583 1511 655 signaculis
1536 582 1826 639 custodiri.
1848 580 1959 637 Hos
1980 582 2115 637 Ver—

519 682 651 735 bum
702 681 820 736 suis
855 679 1104 751 ipsorum
1138 675 1597 732 machinamentis
1628 681 1907 740 evertens,
1931 688 2116 727 resur-

518 772 596 841 git
624 790 638 825 :
672 787 784 843 quo
820 772 1198 844 impugnatur,
1224 784 1293 825 eo
1325 769 1499 839 magis
1526 767 1933 832 inclarescens;
1967 763 2113 835 quod

521 862 789 918 nimirum
841 863 931 918 his
981 878 1110 933 qua:
1159 860 1472 932 perpetitur
1521 859 1592 913 ad
1646 857 2118 928 impatihilitatem

2220 583 2531 638 λάττεσθαι.
2570 583 2679 648 Οὓς
2731 586 2946 647 ἑαυτοῖς
3005 587 3354 657 περιτρέπων
3382 591 3409 640 6
3438 590 3638 659 Λόγος,
3674 594 3758 649 ἀν.

2220 669 2430 723 ισταται
2463 686 2478 699 ⁸
2516 670 2678 725 πλέον
2709 674 2788 743 τῷ
2811 673 3186 743 πολεμεῖσθαι,
3224 676 3653 749 διαφαινόμενος·
3694 683 3760 748 ὡς

2218 764 2359 835 πρὸς
2408 765 2680 819 ἀπάθειαν
2733 766 2820 820 διὰ
2859 767 2970 820 τῶν
3020 769 3363 841 παθημάτων
3399 776 3760 847 στομούμενος.

2220 857 2445 910 Πάντων
2475 858 2586 929 γάρ
2618 859 2768 912 ἐστιν
2820 860 3189 933 ἰσχυρότερος,
3220 862 3298 928 ὡς
3329 864 3549 937 ἀλήθεια
3576 869 3667 924 καὶ
3696 869 3765 929 ὣν

524 955 1190 1026 imperturbationemque
1225 953 1484 1009 duretur.
1515 951 1613 1006 Est
1649 950 1800 1005 enim
1843 948 2120 1003 universis

525 1046 748 1113 fortius,
775 1055 839 1103 ut
865 1046 1019 1118 quod
1045 1046 1253 1111 veritas
1282 1053 1400 1099 tum
1429 1042 1681 1107 exsistat,
1708 1050 1935 1110 tumque
1962 1038 2116 1094 dica-

527 1148 619 1194 tur
638 1138 783 1193 οισι.

597 1232 689 1287 66.
718 1232 853 1303 Ejus
888 1230 1039 1303 quod
1079 1237 1167 1286 est
1207 1228 1451 1285 Verbum
1490 1238 1699 1295 corpus.
1730 1219 2117 1291 assumpsime,

528 1325 887 1397 mysterium,
922 1322 1175 1377 omnium
1221 1320 1280 1375 in
1324 1317 1613 1388 Scriptura
1652 1315 2006 1385 mnigmatum
2054 1325 2122 1365 ac

529 1416 830 1489 ﬁgurarum
868 1415 981 1470 vim
1021 1414 1188 1469 habet
1229 1430 1245 1467 :
1289 1420 1604 1468 creatorum
1649 1408 1811 1472 item,
1846 1416 1963 1460 tum
1999 1419 2131 1474 quae.

529 1509 712 1565 oculis
738 1507 1185 1578 conspiciuntur,
1204 1515 1322 1560 tum
1351 1518 1473 1573 quae
1502 1510 1686 1556 mente
1711 1499 2119 1568 intelliguntur,

530 1603 845 1665 scientiam.
879 1604 1060 1673 Atque
1107 1601 1156 1657 is
1192 1599 1416 1671 quidem
1474 1596 1570 1667 qui
1611 1593 1796 1650 crucis
1839 1601 1897 1646 et
1940 1590 2126 1661 sepul-

2230 1593 2388 1663 γνοὺς
2432 1594 2671 1664 σταυροῦ
2725 1597 2820 1651 καὶ
2842 1597 3023 1667 ταφῆς
3063 1596 3130 1650 1:6
3160 1599 3481 1669 μυστήριον,
3513 1597 3648 1667 ἔγνω
3685 1599 3778 1653 τῶν

532 1705 672 1750 tura:
695 1695 849 1749 novit
886 1693 1240 1765 mysterium,
1270 1705 1466 1747 eorum
1500 1704 1622 1759 quae
1647 1686 1794 1741 dicta
1820 1692 1950 1740 sunt
1992 1700 2122 1754 per-

2230 1688 2645 1759 προειρημένων
2694 1688 2818 1751 τοὺς
2861 1687 3059 1757 λόγους
3093 1706 3109 1718 °
3149 1690 3177 1743 6
3219 1690 3277 1742 δὲ
3316 1690 3416 1761 τῆς
3457 1691 3779 1753 ἀναστάσεως

531 1795 752 1857 spectas
805 1786 973 1841 habet
1016 1785 1263 1840 rationes
1318 1801 1332 1837 ι
1377 1782 1473 1853 qui
1517 1790 1717 1835 autem.
1740 1792 2000 1834 arcanam
2035 1791 2123 1831 re-

736 1880 766 1891 ν.
849 1880 861 1891 .
956 1879 1102 1891 -_..
1221 1886 1230 1891 _
1318 1877 1353 1891 _.
1753 1871 1911 1891 ιρ-,μ
1968 1870 2121 1891 ,,,.,,,

2233 1781 2466 1852 μυηθεὶς
2520 1780 2619 1851 τὴν
2672 1781 2987 1853 ἀπόρρητον
3039 1782 3313 1853 δύναμιν,
3373 1782 3517 1852 ἔγνω
3568 1782 3655 1835 τὸν
3705 1782 3778 1850 ἐφ’

532 1880 896 1935 surrectionis
942 1879 1107 1951 475
1141 1877 1446 1949 potentiam
1482 1872 1698 1937 didicit,
1751 1871 1917 1925 tinem
1963 1870 2124 1940 cujus

2230 1872 2271 1947 ᾧ
2327 1878 2398 1933 τὰ
2457 1879 2636 1933 πάντα
2696 1879 3131 1951 προηγουμένως
3181 1883 3212 1934 6
3261 1879 3398 1946 Θεὸς
3465 1882 3791 1952 ὑπεστήσατο.

530 1974 704 2044 gratia
731 1974 875 2028 Deus
903 1981 1103 2029 cuncta
1142 1972 1326 2042 primo
1357 1967 1683 2026 condiderat
1712 1964 1991 2036 pernovit.
2225 1972 2449 2027 σκοπόν,

601 2067 691 2121 67.
734 2064 868 2131 Quae
911 2064 1174 2118 videntur
1219 2062 1437 2125 omnia,
1478 2074 1644 2114 cruce
1690 2063 1883 2127 egent;
1929 2054 2122 2109 habitu

2297 2062 2392 2130 ξς.
2432 2071 2447 2084 ’
2478 2064 2557 2118 Τὰ
2579 2065 2885 2137 φαινόμενα
2908 2065 3087 2119 πάντα
3111 2065 3284 2118 δεῖται
3312 2065 3549 2136 σταυροῦ
3576 2065 3637 2133 (ι)
3653 2081 3667 2095 ο
3692 2065 3781 2135 τῆς

531 2157 744 2213 scilicet
766 2153 1065 2226 ejusmodi,
1087 2152 1183 2223 qui
1213 2168 1408 2207 eorum
1432 2166 1555 2221 quae
1577 2150 1630 2203 in
1655 2148 1738 2203 eis
1764 2162 1928 2201 sensu
1955 2162 2125 2215 agun—

2230 2159 2334 2210 τῶν
2398 2158 2487 2211 ἐπ’
2539 2160 2726 2222 αὐτοῖς
2780 2160 2902 2212 κατ’
2953 2158 3211 2228 αἴσθησιν
3264 2157 3668 2228 ἐνεργουμένων
3702 2159 3785 2212 έπ-

534 2258 646 2314 tur,
674 2246 1029 2305 affectionem
1064 2243 1562 2312 hahitudinemque
1593 2247 1851 2297 coerceat
1881 2257 1894 2292 :
1924 2246 2124 2292 cuneta

2230 2247 2459 2317 εχούσης
2486 2248 2586 2316 τὴν
2617 2247 2822 2317 σχέσιν,
2846 2247 3014 2313 ἕξεως
3041 2263 3056 2277 ⁸
3110 2248 3179 2301 τὰ
3212 2247 3270 2301 δὲ
3301 2247 3574 2317 νοούμενα
3606 2248 3781 2311 πάντα,

532 2355 670 2394 vero
716 2354 842 2409 qua:
896 2345 1081 2392 mente
1133 2335 1555 2405 intelliguntur,
1598 2342 1767 2403 egent
1813 2331 2123 2401 sepultura,

2230 2336 2420 2408 χρῄζει
2448 2338 2624 2408 ταφῆς
2652 2355 2665 2367 '
2698 2339 2798 2408 τῆς
2832 2339 2942 2392 τῶν
2989 2339 3076 2393 ἐπ’
3108 2339 3294 2402 αὐτοῖς
3333 2339 3478 2392 κατᾶ
3505 2338 3628 2392 νοῦν
3651 2340 3784 2408 ἐνερ-

534 2428 697 2499 plena
743 2426 954 2482 scilicet
997 2426 1068 2481 ab
1115 2424 1213 2488 iis,
1249 2442 1373 2495 qua:
1418 2424 1473 2479 in
1523 2423 1607 2479 eis
1655 2431 1838 2477 mente
1887 2431 2127 2493 aguntur

2230 2431 2509 2501 γουμένων
2539 2431 2729 2501 ὑλικῆς
2753 2432 3063 2504 ἀκινησίας.
3101 2432 3180 2504 Τῇ
3197 2432 3306 2502 γὰρ
3343 2431 3532 2501 σχέσει
3555 2448 3787 2486 συναναι⁴

536 2519 850 2577 cessatione
884 2534 950 2573 ac
983 2518 1191 2589 quiete.
1216 2518 1334 2574 Una
1367 2517 1516 2572 enim
1548 2531 1674 2571 cum
1705 2513 1999 2569 affectione
2028 2528 2124 2567 seu

2230 2523 2502 2595 ρουμένης
2537 2522 2636 2590 τῆς
2661 2524 2789 2593 περὶ
2812 2523 2992 2577 πάντα
3016 2526 3255 2594 φυσικῆς
3294 2524 3581 2595 ὲνεργεὲας
3602 2539 3660 2575 τε
3707 2521 3788 2573 καὶ

535 2611 900 2677 habitudine,
947 2609 1164 2665 sublata
1219 2608 1459 2664 naturali
1519 2623 1649 2678 erga
1705 2621 1795 2661 res
1849 2603 2127 2674 quaslibet

2230 2617 2517 2685 κινήσεως,
2548 2617 2576 2668 6
2603 2615 2762 2684 λόγος
2778 2617 2942 2686 μόνος
2972 2617 3062 2686 ἐφ’
3088 2617 3285 2670 ἑαυτὸν
3307 2617 3596 2688 ὑπάρχων,
3623 2614 3791 2681 ὥσπερ

532 2704 860 2777 operatione
889 2711 1176 2773 motuque,
1208 2701 1453 2757 Verbum
1485 2700 1664 2755 solum
1700 2699 1880 2768 ipsum
1918 2713 2016 2765 per
2043 2710 2123 2759 se,

2230 2712 2294 2763 ἐκ
2333 2708 2545 2779 νεκρῶν
2588 2708 2962 2779 ἐγηγερμένος
3007 2709 3396 2777 ἀναφαίνεται,
3446 2707 3623 2762 πάντα
3666 2704 3790 2759 κατὰ

533 2799 690 2871 quasi
715 2815 783 2853 ex
806 2796 1041 2853 mortuis
1063 2796 1391 2861 suscitatum
1421 2802 1670 2865 apparet,
1695 2798 1895 2846 cuncta
1918 2789 2129 2843 habens

2230 2799 2582 2871 περιγραφὴν
2608 2800 2749 2870 έχων
2774 2800 2843 2853 τὰ
2882 2797 2944 2864 ἐξ
2973 2797 3162 2865 αὑτοῦ,
3200 2798 3431 2869 μηδενὸς
3462 2799 3661 2867 φυσικῇ
3693 2794 3794 2865 σχέ-

533 2904 659 2960 quaa
705 2903 775 2943 ex
822 2888 944 2958 ipso
992 2896 1125 2943 sunt
1170 2886 1475 2942 secundum
1521 2880 2125 2952 circumscriptionem,

2231 2908 2315 2943 σει
2349 2890 2448 2960 τὴν
2483 2890 2620 2963 πρὸς
2651 2890 2818 2945 αὐτόν
2854 2891 3169 2962 οἰκειότητα
3207 2890 3269 2945 τὸ
3309 2890 3537 2944 σύνολον
3577 2888 3790 2959 ἔχοντος.

534 2996 660 3036 cum
694 2979 845 3035 nulla
878 2994 1111 3048 prorsus
1144 2993 1233 3034 res
1266 2975 1507 3035 naturali
1538 2974 1866 3029 habitudine
1900 2988 2027 3027 cum
2060 2987 2129 3026 eo

2232 2982 2392 3036 Κατὰ
2428 2983 2591 3055 χάριν
2638 2984 2770 3053 γὰρ,
2811 2983 2928 3037 ἀλλ’
2970 2984 3033 3037 οὑ
3070 2984 3213 3037 κατὰ
3247 2983 3415 3053 φύσιν
3443 2983 3590 3038 ἐστὶν
3632 2982 3664 3053 ἡ
3699 2978 3797 3033 τῶν

536 3069 1004 3126 necessitudinem
1050 3070 1272 3124 haheat.
1313 3069 1418 3123 Per
1453 3068 1684 3139 gratiam
1723 3082 1984 3137 namque,
2019 3082 2129 3121 non

2233 3074 2556 3145 σωζομένων
2591 3076 2857 3147 σωτηρία.

537 3176 637 3231 per
658 3171 917 3217 naturam
942 3167 1028 3215 est
1050 3167 1114 3214 ut
1133 3157 1296 3213 electi
1321 3157 1553 3212 salutem
1575 3159 2007 3225 consequantur.
2150 3175 2195 3233 ο

608 3249 697 3305 68.
722 3249 928 3303 Eorum
958 3264 1082 3319 qum
1107 3255 1238 3303 sunt
1261 3245 1330 3302 ad
1357 3245 1582 3317 aliquid,
1610 3253 1724 3299 tum
1751 3244 1946 3299 saecula
1976 3252 2126 3307 sunt,

541 3353 657 3400 tum
691 3349 941 3411 tempora
974 3341 1243 3409 locaque;
1277 3348 1432 3394 extra
1465 3352 1588 3407 qua:
1619 3337 1759 3391 nihil
1791 3343 1877 3391 est
1905 3350 2133 3405 eorumll

539 3448 663 3503 quae
706 3448 814 3491 una
854 3448 983 3489 cum
1021 3432 1130 3487 illis
1171 3431 1578 3502 intelliguntur.
1610 3430 1757 3489 Deus
1797 3438 1982 3485 autem
2020 3444 2133 3483 non

537 3541 738 3582 eorum
761 3533 866 3592 est,
892 3541 1015 3596 qua:
1045 3532 1174 3581 sunt
1202 3525 1272 3578 ad
1306 3522 1532 3592 aliquid,
1570 3537 1698 3576 cum
1730 3521 1871 3575 nihil
1903 3535 2133 3591 prorsus

540 3615 619 3671 illi
655 3632 846 3671 comes
882 3616 1241 3687 intelligatur.
1270 3614 1327 3670 Si
1364 3612 1590 3685 quidem
1625 3612 1797 3683 igitur
1829 3612 1976 3666 Deus
2007 3622 2134 3667 san-

538 3718 756 3777 etoruni
783 3708 1080 3764 hmreditas
1103 3716 1190 3763 est
1214 3722 1279 3762 ac
1303 3705 1604 3777 possessio,
1626 3705 1722 3775 qui
1752 3704 1859 3760 hoc
1886 3702 2135 3758 muneris

538 3802 805 3871 consequi
830 3802 1121 3867 meruerit,
1147 3816 1315 3871 super
1341 3798 1525 3854 omnia
1550 3797 1748 3854 saecula
1776 3806 2133 3868 temporaque

539 3900 600 3953 et
627 3893 751 3949 loca
784 3893 924 3959 erit,
956 3893 1118 3963 cujus
1155 3893 1314 3947 locus
1345 3891 1492 3947 Deus
1526 3890 1643 3961 ipse
1671 3890 1774 3955 sit,
1805 3890 1954 3961 iuxta
1985 3889 2134 3960 quod

539 3984 809 4055 scriptum
835 3993 922 4041 est
950 4002 963 4038 :
990 3984 1119 4039 Esto
1155 3984 1282 4038 mihi
1314 3984 1370 4037 in
1398 3981 1570 4038 Deum
1600 3990 1968 4053 protectorem,
1994 3990 2045 4035 et
2077 3982 2134 4053 in

542 4075 718 4131 locum
745 4077 1030 4143 munitum,
1059 4085 1117 4131 ut
1141 4075 1350 4132 salvum
1381 4093 1462 4130 me
1488 4074 1653 4145 facias
1676 4074 1744 4129 ³⁵.

613 4168 702 4236 69.
731 4168 887 4237 Finis
929 4169 1073 4224 nihil
1108 4184 1338 4239 prorsus
1364 4183 1493 4233 cum
1521 4167 1702 4222 medio
1729 4166 1900 4223 habet
1923 4167 2129 4235 simile,

2307 4168 2405 4235 ξθ’.
2469 4168 2543 4220 T6
2594 4167 2747 4231 τέλος
2792 4168 2946 4221 οὐδὲν
2993 4168 3054 4222 τὸ
3108 4167 3374 4239 παράπαν
3423 4165 3667 4238 ἐμφερὲς
3706 4161 3809 4230 ἔχει

540 4260 752 4331 alioqui
783 4260 912 4319 ﬁnis
942 4275 1054 4317 non
1086 4269 1254 4325 esset.
1284 4259 1425 4323 Sunt
1457 4266 1643 4317 autem
1682 4258 1949 4322 medium,
1981 4273 2129 4327 quaa-

2238 4260 2532 4330 pacétmt'
2566 4258 2836 4311 έπεὶούδὲ
2873 4260 3049 4324 τέλος.
3078 4260 3331 4330 Μεσότης
3360 4258 3421 4312 δέ
3463 4259 3607 4323 ἐστι,
3643 4253 3808 4308 πάντα

544 4368 767 4422 cunque
799 4351 1106 4408 secundum
1139 4349 1473 4423 principium
1508 4359 1659 4407 retro
1695 4349 1857 4406 tinem
1892 4358 2041 4405 sunt.
2077 4349 2129 4417 Si

2235 4353 2304 4406 τὰ
2338 4350 2477 4422 μετὰ
2521 4351 2623 4423 τὴν
2672 4350 2847 4423 ἀρχὴν
2889 4351 3121 4406 κατόπιν
3167 4351 3297 4406 ὄντα
3334 4350 3433 4404 τοῦ
3489 4347 3700 4410 τέλους.
3752 4342 3809 4395 Εἰ

543 4443 779 4514 quidem.
819 4442 989 4514 igitur
1030 4450 1228 4504 cuncta
1268 4442 1470 4513 saecula
1505 4449 1561 4497 et
1597 4452 1846 4511 tempora
1885 4448 1942 4497 et
1978 4440 2129 4508 loca,

2234 4442 2416 4495 τοίνυν
2438 4442 2643 4504 πάντες
2678 4443 2728 4496 οἱ
2765 4441 2956 4506 αἰῶνες
3000 4442 3098 4497 καὶ
3125 4444 3176 4495 οἱ
3219 4442 3409 4512 χρόνοι
3434 4439 3537 4494 καὶ
3575 4438 3629 4492 οἰ
3669 4436 3808 4489 τόποι

546 4548 676 4590 cum
704 4532 965 4588 omnibus
992 4547 1115 4602 quae
1145 4540 1255 4586 una
1286 4546 1414 4587 cum
1448 4531 1531 4586 eis
1563 4529 1967 4601 intelliguntur,
1995 4528 2129 4584 illis-

2240 4530 2377 4607 μετὰ
2432 4533 2541 4589 τῶν
2571 4537 3075 4605 συνεπινοουμένων
3118 4536 3302 4600 αὐτοῖς
3345 4536 3631 4596 ἁπάντων,
3688 4525 3811 4601 μετᾶ

545 4640 657 4695 que
691 4632 1105 4694 comparantur,
1133 4634 1262 4679 sunt
1297 4610 1599 4680 secundum
1633 4622 1830 4686 Deum,
1851 4619 1946 4691 qui
1979 4619 2129 4691 prin-

2232 4627 2325 4680 τὸν
2350 4626 2484 4680 Θεόν
2506 4627 2665 4693 εἰσιν,
2696 4626 2873 4698 ἀρχὴν
2899 4627 3137 4698 ἄναρχον
3165 4627 3296 4699 ὄντα
3312 4641 3327 4659 ’
3372 4627 3471 4691 καὶ
3492 4625 3571 4687 ὡς
3593 4620 3809 4689 ἀπείρου»

544 4714 753 4786 cipium
790 4716 862 4771 sit
894 4715 1152 4786 principii
1187 4731 1405 4788 expers,
1434 4713 1912 4782 remotissimeque
1943 4712 2014 4768 ab
2045 4728 2129 4779 eo,

2232 4716 2425 4780 τέλους
2476 4715 2643 4777 αὐτοῦ
2693 4716 2831 4777 πολὺ
2871 4717 3105 4771 κατόπιν
3137 4717 3473 4789 ὑπάρχουσι,
3525 4712 3813 4787 μεσότητος

546 4818 609 4864 ιιι
637 4808 709 4864 ab
741 4808 958 4864 inﬁnito
990 4808 1118 4874 fine,
1148 4818 1489 4879 sequuntur;
1527 4807 1689 4878 plane
1721 4822 1751 4860 a
1784 4804 1967 4861 medio
1994 4803 2129 4860 nihil

2230 4808 2386 4863 οὐδὲν
2420 4808 2744 4880 διαφέρουσι
2765 4824 2780 4838 °
2826 4808 2981 4873 τέλος
3018 4809 3074 4862 δὲ
3108 4808 3221 4863 τῶν.
3263 4808 3595 4879 σωζομένων
3629 4797 3811 4857 ἐστὶνὸ

545 4899 816 4974 (ιίῆξοτιιηι
853 4917 867 4955 :
908 4915 1144 4971 cumque
1181 4899 1321 4954 adeo
1354 4898 1501 4953 Deus
1531 4896 1658 4951 ﬁnis
1691 4896 1995 4953 electorum
2031 4897 2129 4962 sit,

2234 4900 2389 4966 Θεὸς.
2444 4900 2600 4955 Οὐδὲν
2655 4899 2808 4955 ἔσται
2853 4902 3155 4973 μεσότητος
3190 4886 3354 4955 ⁹κατὰ
3398 4900 3465 4954 τὸ
3523 4897 3811 4970 ἀκρότατον

545 4989 695 5047 nulla
719 4990 886 5058 medii
911 4987 1051 5056 ratio
1074 4990 1155 5045 eis
1174 5004 1361 5061 comes
1383 4988 1739 5059 intelligetur,
1758 4986 1852 5059 qui
1875 5001 2129 5058 supremo

2238 4991 2393 5056 τέλος
2467 4990 2786 5063 γενομένοις
2868 4994 2981 5057 τοῖς
3063 4990 3398 5062 σωζομένοις
3489 4977 3810 5054 συνθεωροῶ

546 5080 645 5155 ﬁni
669 5080 874 5155 similes
895 5081 1227 5136 exstiterint.
1714 5082 1751 5097 ‘

2244 5100 2425 5159 μενον.

617 5198 738 5242 ²²-υ
758 5198 831 5267 Ill
857 5198 1018 5255 Esdr.
1040 5215 1112 5265 tv,
1136 5199 1322 5254 55-58.
1398 5199 1443 5230 “
1467 5200 1610 5255 Psal.
1641 5214 1763 5265 Lxx,
1788 5199 1844 5255 5.

616 5318 637 5337 ⁹
660 5315 847 5389 Marg;
875 5317 967 5373 Fr.
1010 5318 1105 5370 τοὺ
1159 5316 1265 5387 πρὸ
1309 5317 1503 5371 τούτου
1565 5318 1864 5388 κεφαλαίου
1916 5318 2128 5390 σκόλιον
2164 5321 2355 5383 ὥσπερ
2387 5320 2749 5391 σαφέστατον,
2783 5320 3032 5375 τουτέστι
3058 5320 3119 5374 τὸ
3145 5319 3465 5391 κεφάλαιον.

2220 952 2314 1005 καὶ
2339 952 2697 1022 καλούμενος.

2295 1228 2405 1293 ξςθ.
2436 1226 2512 1280 T6
2543 1226 2647 1297 τῆς
2681 1228 3130 1296 ὲνσωματώσεως
3157 1228 3255 1282 τοῦ
3285 1229 3770 1304 Λάγουμυστήριον,

2225 1320 2441 1373 πάντων
2474 1317 2588 1389 ἔχει
2628 1320 2736 1372 τῶν
2775 1336 2838 1373 τε
2887 1322 3033 1375 κατὰ
3069 1321 3171 1393 τὴν
3200 1322 3425 1393 Γραφην
3454 1324 3771 1393 αἰνιγμάτων

2224 1410 2321 1463 καὶ
2350 1409 2541 1463 τύπων
2569 1410 2669 1481 τὴν
2710 1411 2966 1481 δύναμιν,
3012 1414 3106 1466 καὶ
3160 1412 3271 1466 τῶν
3321 1414 3655 1484 φαινομένων
3694 1418 3776 1470 καὶ

2223 1502 2532 1573 νοουμένων
2594 1505 2913 1575 κτισμάτων
2956 1505 3058 1575 τὴν
3115 1507 3456 1577 ἐπιστήμην.
3492 1507 3601 1561 Καὶ
3633 1508 3659 1561 6
3693 1508 3778 1577 μὲν

2307 3245 2408 3316 Er].
2441 3244 2563 3301 Τῶν
2595 3247 2747 3314 πρός
2782 3262 2860 3310 τι,
2900 3245 2997 3300 καὶ
3015 3247 3063 3299 oi
3089 3244 3289 3310 αἰῶνές
3322 3247 3459 3312 εἰσι,
3483 3245 3577 3299 καὶ
3607 3243 3655 3297 oi
3684 3238 3799 3312 χρό-

2232 3357 2337 3404 νοι,
2365 3341 2458 3392 καὶ
2495 3341 2545 3392 οἱ
2572 3340 2763 3392 τόποι⁵
2802 3332 2877 3395 ὧν
2915 3339 3067 3403 ἄνευ,
3108 3338 3262 3392 οὐδὲν
3314 3338 3429 3392 τῶν
3474 3350 3802 3391 συνεπινοου·

2237 3432 2413 3503 μένων
2456 3431 2663 3495 τούτοις
2692 3431 2862 3486 ἐστίν.
2920 3432 2981 3485 '0
3023 3431 3081 3489 δὲ
3118 3430 3272 3495 Θεὸς,
3306 3432 3370 3485 οὐ
3415 3430 3526 3483 τῶν
3570 3429 3714 3496 πρός
3754 3442 3804 3478 τι

2232 3524 2419 3580 ἐστίν’
2466 3525 2528 3579 οὐ
2578 3525 2687 3597 γὰρ
2735 3524 2848 3595 ἔχει
2897 3542 2952 3578 τι
2996 3524 3231 3579 καθόλου
3295 3520 3800 3591 συνεπινοούμενον.

2232 3616 2403 3686 Εἴπερ
2436 3612 2528 3670 οὖν
2555 3616 2663 3687 ἄρα
2705 3614 3040 3689 κληρονομία
3069 3615 3178 3669 τῶν
3216 3614 3385 3680 ἀξὶων
3418 3613 3581 3677 αὑτός
3607 3613 3747 3665 ἔστιν
3778 3610 3806 3661 6

2232 3706 2390 3779 Θεὸς,
2422 3708 2563 3777 ὑπὲρ
2595 3708 2805 3772 πάντας
2831 3707 3039 3771 αἰῶνας
3069 3707 3167 3760 καλ⁵
3192 3706 3422 3779 χρόνους
3456 3705 3553 3760 καὶ
3572 3703 3761 3765 τόπους
3778 3699 3804 3753 6

2232 3799 2439 3870 ταύτης
2472 3798 2795 3870 ἀξιούμενος
2837 3799 2940 3867 τῆς
2989 3800 3214 3870 χάριτος
3255 3798 3436 3863 ἔσται,
3476 3797 3641 3855 τόπον
3679 3793 3806 3863 ἔχων

2234 3892 2396 3946 αὐτὸν
2432 3891 2523 3946 τὸν
2547 3891 2704 3957 Θεὸν,
2751 3892 2897 3946 κατὰ
2925 3892 2986 3944 τὸ
3010 3889 3397 3962 γεγραμμένον
3423 3906 3439 3921 ⁸
3486 3887 3682 3945 Ferci:
3715 3899 3807 3954 μοι

2233 3987 2321 4050 εις
2363 3982 2513 4038 Θεὸν
2552 3982 3044 4053 ὑπερασπιστὴν,
3087 3983 3186 4037 καὶ
3222 3985 3310 4048 εὶς
3336 3984 3533 4037 τόπον
3574 3978 3809 4051 ὀχυρὸν,

2233 4074 2342 4129 τοῦ
2378 4074 2581 4131 σῶσαί
2605 4092 2703 4145 με.

620 5431 685 5501 (ι)
736 5432 928 5486 Δεῖται
986 5430 1275 5506 σταυροῇ.
1307 5430 1474 5506 Sunt
1523 5431 1963 5506 bzec_altissime
2015 5450 2132 5506 my-

547 5500 716 5566 stica;
762 5509 820 5557 ct
848 5517 971 5571 qua:
1005 5509 1200 5555 auctor
1231 5500 1580 5556 Scholiorum
1628 5503 1735 5557 rite
1777 5512 1985 5569 monet,
2021 5500 2133 5559 cla-

547 5571 831 5643 rissimum
862 5571 1285 5643 scholiunresse
1305 5572 1607 5641 superioris
1633 5573 1850 5643 capitis.
1882 5574 1940 5628 ln
1967 5575 2133 5630 nobis

545 5639 1256 5722 ergoChristimesterium
1296 5639 1801 5722 expriniinius,qui
1842 5653 1898 5722 et
1937 5660 2134 5707 sensus

547 5713 700 5790 omni
724 5711 1033 5790 operationi
1062 5711 1384 5790 moriamur,
1412 5713 1692 5790 ipsiusque
1719 5711 1919 5790 mentis
1939 5728 2105 5790 opera

549 5781 719 5834 tionis
753 5781 1061 5835 cessatione
1095 5795 1266 5834 unum
1312 5781 1552 5837 Verbum
1597 5799 1627 5836 a
1672 5784 1907 5838 mortuis
1939 5781 2133 5841 vivens

554 5847 875 5914 habeamus,
906 5850 961 5904 in
995 5866 1105 5921 quo
1133 5850 1317 5906 omnia
1351 5854 1491 5913 κατὰ
1520 5857 1886 5924 περιγραφήν,
1917 5855 1989 5909 ita
2021 5856 2131 5910 sci-

2237 5434 2369 5489 licet
2397 5443 2458 5488 ut
2486 5434 2665 5505 ipsum
2702 5433 2839 5487 nihil
2864 5447 3065 5505 eorum
3100 5434 3192 5498 sit,
3229 5448 3334 5505 nec
3366 5446 3497 5485 cum
3528 5430 3639 5505 ullo
3668 5423 3813 5481 habi-

2238 5505 2487 5559 tudinem
2509 5501 2752 5567 'habeat,
2784 5503 2879 5558 sed
2910 5504 3125 5558 cunctis
3157 5503 3417 5565 emineat,
3453 5501 3811 5567 omnibusque

2239 5575 2553 5639 absolutum
2585 5562 2833 5630 exsistat.
2869 5575 3128 5644 Estrcap.
3164 5574 3342 5629 Marci
3574 5588 3642 5644 Ασ.
3674 5562 3809 5641 quod

2239 5646 2417 5725 primo
2454 5646 2712 5725 latuerat,
2743 5645 2907 5725 longe
2939 5643 3049 5708 hic,
3074 5639 3244 5725 quam
3278 5644 3333 5724 i_n
3367 5641 3538 5705 editis
3554 5639 3814 5725 .Ohsoptci.

2238 5710 2325 5768 νει
2354 5715 2467 5785 Pici
2499 5710 3143 5785 emendatius,'cxceptis
3165 5714 3357 5781 nzcvis,
3382 5727 3528 5782 quos
3554 5710 3813 5777 interpre-

2239 5793 2355 5839 tum
2390 5784 2664 5861 imperitia
2692 5785 2947 5856 aspersit.
