4076 6406
407 328 542 392 1H3

1249 331 1587 391 CAPITUM
1623 330 1895 391 THEOL.
1939 333 2035 390 ET
2075 332 2314 392 (ΕΕΟΝ.
2357 334 2747 396 CENTURIA
2793 340 2844 400 Ι.

3555 341 3693 410 1114

404 446 546 514 ὑπὲρ
566 443 672 516 γὰρ
703 441 778 514 (ο)
815 445 913 514 τὴν
944 444 1323 516 μετρουμένης)
1364 445 1458 498 τοῦ
1493 445 1686 517 χρόνου
1717 445 1987 514 περίοδον,

2101 446 2210 516 stit)
2241 456 2454 503 natura:
2483 459 2692 516 autem,
2723 453 2939 511 ratione
2965 457 3206 527 quinarii
3240 457 3461 532 (natura
3483 460 3692 532 quippe

403 540 435 604 ἠ
467 536 576 589 τῶν
604 534 810 606 νοητῶν
838 537 953 589 ἐστι
981 537 1222 606 γένεσις’
1285 539 1592 609 προνοητὴν
1638 538 1716 600 δὲ,
1763 538 1853 591 διὰ
1899 538 1991 592 τοῦ
2038 545 2048 553 '

397 628 576 680 δέκαο
611 627 700 682 διά
742 645 803 680 τε
835 628 936 700 τὴν
978 629 1087 682 τῶν
1134 629 1367 683 ἐντολῶν
1417 631 1580 700 ἁγίαν
1625 630 1848 694 δεκάδα,
1897 629 1995 699 τὴν

407 718 545 790 πρὸς
583 718 646 772 τὸ
687 714 748 773 εὖ
795 717 925 782 τοὺς
962 717 1283 790 ἀνθρώπους
1324 719 1650 789 ἐνάγουσαν,
1690 723 1786 775 καὶ
1819 721 1908 774 διὰ
1933 719 1996 773 τὸ

405 811 598 864 τούτου
665 810 757 865 τοῦ
809 813 1140 883 γράμματος
1199 814 1479 882 μυστικῶς
1548 814 1828 884 ἀπῆρχθαι
1894 813 1996 884 τῆς

409 905 787 975 προσηγορίας
822 905 912 958 τὸν
949 905 1178 973 Κύριον,
1218 907 1382 978 ⁴ἡνίκα
1420 906 1644 976 γέγονεν
1683 907 1990 978 ἄνθρωπος.

409 997 662 1066 Συνάψας
688 994 783 1051 οὖν
819 997 909 1050 τὸν
937 998 1119 1063 πέντε,
1154 999 1359 1052 καὶτὸν
1391 999 1548 1063 ἑπτὰ,
1588 999 1683 1051 καὶ
1717 999 1806 1051 τὸν
1829 996 1994 1063 ὀκτὼ,

411 1088 626 1141 καὶτὸν
659 1088 813 1154 δέκα,
864 1088 954 1141 τὸν
1003 1088 1300 1159 τριάκοντα
1355 1090 1584 1160 πληροῖς
1630 1089 1886 1161 ἀριθμόν.
1937 1091 1996 1142 Ὀ

406 1181 590 1233 τοίνυν
624 1181 699 1243 ὡς
729 1181 960 1254 ἀρχηγῷ
995 1181 1073 1253 τῷ
1101 1182 1294 1255 Κυρίῳ
1341 1183 1526 1243 καλῶς
1570 1182 1798 1236 ἕπεσθαι
1831 1183 1997 1249 γινώ-

410 1292 578 1335 σκων,
622 1275 724 1327 ούκ
764 1275 1023 1347 ἀγνοήσει
1070 1276 1160 1329 τὸν
1193 1276 1373 1344 λόγον,
1423 1276 1546 1330 καθ’
1589 1275 1646 1329 ὃν
1695 1277 1788 1329 καὶ
1837 1277 1996 1339 αὐτὸς

408 1366 832 1438 τριακοντούτης
872 1369 1306 1439 ἀναφανήσεται,
1365 1367 1660 1439 κηρύττει)
1700 1370 1998 1439 δυνάμενος

406 1461 472 1513 τὸ
500 1460 834 1528 Εὐαγγέλιον
875 1461 976 1531 τῆς
1025 1461 1325 1530 βασιλείας.
1359 1463 1487 1514 Ὅτε
1515 1461 1624 1533 γάρ
1668 1461 1995 1532 ἀμέμπτως,

408 1554 600 1626 ὥσπερ
617 1555 741 1608 τινὰ
768 1555 930 1623 φύσιν
954 1556 1179 1626 ὁρατὴν,
1211 1555 1302 1608 τὸν
1325 1555 1468 1608 κατά
1504 1557 1702 1627 πρᾶξιν
1731 1555 1838 1607 τῶν
1873 1557 2001 1626 ἀρε-

406 1648 520 1701 τῶν
553 1649 948 1720 δημιουργήσει
981 1649 1204 1718 κόσμον,
1231 1648 1330 1720 τὴν
1360 1649 1447 1701 ἐπ’
1474 1649 1644 1718 αὐτῆς
1669 1647 1768 1718 τῆς
1794 1648 1997 1719 ψυχῆς,

407 1739 598 1810 ὥσπερ
625 1741 749 1793 τινά
775 1742 967 1812 χρόνον
1013 1741 1100 1794 διὰ
1145 1739 1252 1794 τῶν
1284 1739 1543 1794 ἐναντίων
1597 1741 1999 1810 συμϐαίνουσαν

2096 541 2352 610 quinaria
2396 552 2512 605 est,
2549 543 2619 598 ob
2652 560 2874 600 sensum
2909 550 3096 618 quinis
3133 553 3383 622 partibus
3418 553 3692 610 distribu-

2097 633 2235 704 tum)
2267 650 2458 689 eorum
2485 652 2617 691 vero
2642 654 2765 707 qua:
2796 651 2980 698 mente
3013 644 3402 715 intelliguntur
3431 662 3496 702 ac
3527 647 3692 716 spiri-

2097 725 2311 792 talium,
2342 727 2556 783 ratione
2589 733 2863 786 octonarii
2898 735 3326 804 (intellectilium
3359 741 3505 793 enim
3538 747 3694 794 ortus

2096 833 2160 872 ac
2184 820 2358 889 origo,
2383 836 2700 877 commensa
2728 827 2994 894 temporis
3019 828 3250 896 periodo
3277 832 3530 900 superior
3551 833 3696 885 exsi-

2096 912 2216 972 stit)
2254 913 2603 982 providentia
2642 927 2825 972 autem
2863 930 3156 983 rectorem,
3194 921 3410 974 ratione
3448 923 3692 988 denarii;

2101 1014 2215 1059 tum
2249 1006 2320 1059 ob
2353 1008 2738 1062 mandatorum
2771 1022 3017 1066 sanctam
3053 1013 3338 1076 decadem,
3367 1030 3489 1082 qua:
3518 1015 3696 1068 homi-

2096 1114 2196 1152 nes
2217 1097 2386 1169 478
2410 1099 2475 1154 ad
2501 1091 2673 1154 vitam
2704 1102 2846 1158 bene
2881 1103 3281 1160 instituendam
3316 1107 3550 1168 inducit,
3580 1115 3694 1159 tum

2099 1189 2245 1258 quod
2285 1191 2353 1243 ab
2385 1206 2452 1245 eo
2489 1192 2794 1259 elemento,
2825 1196 2972 1265 quod
3011 1199 3132 1267 ejus
3166 1197 3383 1252 numeri
3418 1209 3548 1251 nota
3582 1207 3694 1262 est,

2097 1282 2316 1342 Domini
2347 1299 2573 1349 nomen,
2606 1293 2741 1350 tum,
2770 1303 2894 1342 cum
2934 1289 3101 1344 homo
3131 1290 3310 1345 factus
3338 1299 3442 1355 est,
3474 1289 3697 1344 initium

2099 1371 2276 1426 duxit.
2309 1374 2635 1439 Quinarium
2671 1379 2858 1448 igitur,
2888 1383 3288 1450 septenarium,
3321 1384 3694 1448 octonarium,

2101 1463 2393 1518 denarium
2451 1484 2716 1523 numeros
2775 1474 2818 1525 si
2885 1473 3277 1542 conjunxeris,
3341 1475 3697 1529 tricenarium

2103 1557 2431 1626 complebis.
2456 1558 2562 1625 Qui
2594 1577 2725 1632 ergo
2754 1562 3048 1618 Dominum
3083 1575 3143 1619 ut
3169 1566 3366 1620 ducem
3398 1577 3562 1637 atque
3594 1583 3696 1622 au-

2101 1658 2308 1704 ctorem
2345 1651 2448 1705 rite
2480 1653 2636 1721 sequi
2668 1654 2842 1717 novit,
2877 1672 2980 1711 nec
3013 1657 3128 1726 ipse
3159 1659 3430 1713 rationem
3464 1659 3694 1724 nesciet,

2103 1757 2210 1810 qua
2248 1741 2470 1813 triginta
2505 1761 2776 1800 annorum
2811 1747 2989 1802 factus
3024 1750 3460 1806 manifestandus
3495 1751 3587 1815 sit,
3617 1751 3698 1804 sic

415 1831 494 1903 μὴ
537 1831 839 1896 ἀλλοιώσας
890 1832 1158 1904 περίοδον,
1198 1832 1289 1885 καὶ
1333 1831 1424 1885 διὰ
1467 1831 1701 1903 θεωρίας
1745 1833 1846 1901 τὴν
1889 1831 1997 1886 τῶν

2105 1845 2457 1903 comparatus
2491 1846 2549 1891 ut
2582 1837 2941 1909 Evangelium
2976 1844 3130 1911 regni
3168 1842 3467 1910 prmdicare
3501 1843 3695 1912 possit.

405 1925 615 1995 νοητῶν
652 1925 966 1988 ἀπταίστως
998 1924 1254 1996 δρέψεται
1293 1924 1514 1994 γνῶσιν,
1561 1925 1655 1978 καὶ
1689 1923 1787 1994 τὴν
1826 1924 1996 1994 αὐτὴν

403 2022 501 2074 καὶ
551 2019 734 2083 ἄλλοις
784 2019 900 2083 ἕξιν
948 2017 1326 2090 προνοητικῶς
1382 2017 1618 2070 ἐνθεῖναι
1678 2017 1995 2088 δεδύνηται·

401 2115 526 2167 τότε
564 2112 661 2166 καὶ
689 2111 872 2178 αὐτὸς,
908 2110 982 2174 ὡς
1035 2111 1079 2162 δ’
1134 2111 1200 2164 ἂν
1251 2109 1347 2179 ἔχῃ
1398 2109 1720 2179 σωματικῆς
1757 2107 1994 2176 ἡλικίας,

401 2206 827 2276 τριακοντούτης
855 2205 968 2258 ἐστὶ
1006 2202 1083 2273 τῷ
1130 2202 1422 2271 πνεύματι,
1471 2201 1848 2270 συνεμφαίνων
1888 2199 1996 2253 τῶν

401 2296 620 2349 οἰκείων
645 2295 866 2364 ἀγαθῶν
888 2294 985 2364 τὴν
1010 2296 1068 2346 ὲν
1098 2292 1282 2355 ἄλλοις
1317 2293 1625 2362 ἐνέργειαν.

2107 1926 2209 1982 Ubi
2245 1929 2394 1982 enim
2431 1929 2551 1984 sine
2587 1930 2820 1985 crimine
2855 1947 2918 1986 ac
2954 1933 3231 2002 inculpate
3264 1935 3414 1988 velut
3443 1944 3696 1988 naturam

2099 2017 2396 2086 quamdam
2429 2019 2728 2084 visibilem,
2757 2019 2990 2074 actionis
3027 2022 3178 2074 cultu
3216 2031 3557 2076 constantem
3589 2023 3701 2075 vir-

2099 2115 2279 2161 tutum
2332 2109 2602 2164 mundum
2652 2111 3000 2177 condiderit,
3043 2128 3193 2172 eam,
3234 2129 3356 2181 qua:
3402 2113 3544 2166 inest
3594 2112 3698 2182 ipsi

2099 2199 2316 2264 anima),
2341 2203 2494 2256 velut
2521 2203 2800 2273 quoddam
2832 2215 3048 2275 tempus
3074 2222 3141 2259 ex
3174 2205 3240 2259 iis
3267 2222 3390 2275 qua:
3420 2206 3699 2259 contraria

2101 2291 2393 2356 accidunt,
2431 2295 2725 2363 periodum
2766 2312 2878 2350 non
2919 2305 3166 2360 mutans;
3211 2312 3275 2350 ac
3316 2313 3414 2366 per
3449 2303 3700 2350 contem-

402 2391 702 2461 plationem
743 2407 933 2445 earum
977 2406 1166 2445 rerum
1207 2405 1330 2459 quae
1370 2397 1553 2443 mente
1597 2387 1987 2458 intelliguntur
2025 2388 2314 2443 scientiam
2381 2391 2650 2446 inoffense
2678 2392 3005 2462 decerpens,
3040 2393 3301 2446 eumdem
3372 2393 3539 2446 etiam
3576 2391 3701 2446 aliis

403 2481 942 2552 habitum,pr0vida
976 2481 1200 2535 illorum
1236 2495 1401 2546 cura,
1472 2480 1726 2550 ingerere
1793 2478 2058 2544 valuerit;
2105 2487 2236 2534 tunc
2279 2490 2333 2534 et
2372 2481 2490 2551 ipse
2533 2491 2738 2552 quotus
2781 2493 3022 2552 quantus
3070 2485 3143 2538 sit
3185 2485 3461 2554 corporali
3510 2493 3695 2538 aetate,

404 2581 629 2650 triginta
679 2592 954 2632 annorum
1008 2575 1207 2646 spiritu
1269 2576 1522 2641 exsistit,
1567 2591 1674 2645 qua
1729 2573 1993 2628 nimirum
2068 2589 2293 2628 suorum
2376 2575 2654 2631 bonorum
2698 2577 2811 2632 vim
2855 2588 3152 2647 actumque
3209 2577 3267 2631 in
3318 2577 3444 2631 aliis
3492 2577 3700 2647 pariter

401 2671 673 2730 ostendit.

476 2769 552 2825 π’.
590 2771 604 2788 ⁸
644 2768 701 2822 Ὀ
747 2769 869 2831 ταῖς
917 2766 1131 2838 ἡδοναῖς
1177 2763 1514 2836 παρειμένος
1563 2761 1657 2816 τοῦ
1713 2760 1990 2830 σώματος,

402 2862 531 2916 οὔτε
567 2861 704 2932 πρὸς
746 2861 946 2931 ἀρετήν
989 2861 1138 2913 ἐστιν
1177 2857 1422 2928 ἐνεργὸς,
1461 2853 1585 2908 οὔτε
1619 2854 1756 2924 πρὸς
1789 2853 1994 2920 γνῶσιν

405 2952 718 3024 εὐκίνητος.
777 2952 942 3004 Ὅθεν
989 2951 1109 3004 οὐδὲ
1153 2949 1439 3020 ἄνθρωπον
1496 2945 1642 3016 ἔχει’
1690 2945 1990 3009 τουτέστιν,

2169 2760 2256 2816 80.
2301 2761 2404 2828 Qui
2459 2765 2709 2833 corporis
2756 2765 3140 2833 voluptatibus
3196 2781 3261 2820 ac
3312 2765 3544 2820 libidine
3595 2780 3698 2820 ceu

2095 2858 2330 2928 paralysi
2360 2858 2664 2914 dissolutus
2693 2868 2777 2914 est
2797 2860 2863 2924 ⁵⁵,
2893 2861 2939 2913 is
2967 2876 3146 2929 neque
3179 2859 3246 2913 ad
3276 2860 3540 2914 virtutem
3576 2861 3691 2916 elli-

2100 2963 2224 3013 cax,
2253 2966 2433 3019 neque
2463 2950 2528 3004 ad
2561 2949 2849 3006 scientiam
2885 2967 2946 3005 ae
2975 2951 3498 3020 contemplationem
3531 2967 3700 3020 expe—

403 3045 653 3114 ἔμφρονα
686 3041 946 3112 λογισμόν
965 3058 980 3072 ·
1015 3041 1103 3095 ἵνα
1129 3040 1256 3092 ὅταν
1283 3038 1530 3110 ταραχθῇ
1557 3037 1619 3090 τὸ
1651 3027 1822 3106 ϐδωρ,
1857 3035 1995 3107 βάλῃ

2101 3036 2249 3092 ditus
2287 3039 2571 3108 probeque
2610 3039 2832 3094 mobilis
2867 3050 2972 3094 est.
3005 3040 3162 3095 Unde
3202 3056 3381 3109 neque
3419 3041 3700 3096 hominem

404 3137 569 3191 αὑτὸν
618 3137 698 3198 είς
741 3133 842 3204 τὴν
899 3132 1318 3204 κολυμϐήθραν·
1388 3131 1693 3196 τουτέστιν,
1755 3131 1838 3192 είς
1891 3128 1992 3199 τὴν

407 3228 662 3298 δεκτικὴν
707 3229 806 3298 τῆς
858 3227 1117 3295 γνώσεως
1169 3225 1394 3298 ἀρετὴν,
1467 3224 1564 3296 τὴν
1639 3222 1995 3294 ίατρεύουσαν

407 3323 588 3375 πᾶσαν
617 3321 790 3384 νόσον,
836 3322 885 3373 εί
930 3321 1003 3390 μή
1033 3337 1135 3373 που
1166 3320 1253 3374 διά
1295 3317 1570 3390 ρᾳθυμίαν
1603 3319 1632 3371 ὁ
1661 3318 1836 3371 νοσῶν
1862 3319 1995 3371 ἀνα-

403 3413 762 3483 ϐαλλόμενος,
789 3413 880 3466 ὑπ’
906 3412 1065 3466 ἄλλου
1092 3410 1380 3484 προληφθῇ
1407 3410 1502 3464 τοῦ
1523 3408 1826 3472 κωλύοντος
1848 3407 1996 3478 αύτῷ

403 3505 820 3576 παραγενέσθαι
847 3504 946 3576 τὴν
976 3506 1142 3558 ἴασιν.
1173 3504 1264 3558 Διὸ
1294 3504 1388 3556 καὶ
1412 3504 1705 3574 τριάκοντα
1731 3505 1825 3556 καὶ
1850 3503 1996 3555 ὀκτὼ

401 3600 501 3671 ετη
533 3603 600 3670 τῇ
627 3599 767 3667 νόσῳ
801 3597 1320 3666 συγκατακλίνεται.
1363 3596 1422 3648 '0
1449 3596 1560 3666 γὰρ
1581 3595 1654 3666 μὴ
1679 3595 1814 3666 πρὸς
1835 3594 1994 3659 δόξαν

404 3690 540 3746 Θεοῦ
596 3691 695 3762 τὴν
743 3689 945 3761 όρατὴν
1000 3688 1274 3758 θεώμενος
1319 3687 1518 3750 κτίσιν,
1573 3688 1666 3741 καὶ⁹
1713 3686 1850 3756 πρὸς
1886 3687 1995 3757 ίτὴν

401 3783 606 3853 νοητὴν
672 3781 833 3851 φύσιν
890 3780 1132 3843 εὐσεϐῶς
1193 3780 1540 3842 ἀναϐιϐάζων
1603 3778 1702 3850 τὴν
1760 3777 1992 3840 ἔννοιαν,

400 3875 634 3937 εἰκότως
688 3873 860 3927 νοσῶν
919 3871 1164 3942 διαμένει
1215 3871 1308 3924 τὸν
1365 3869 1656 3941 εἰρημένον
1695 3870 1802 3923 τῶν
1857 3869 1994 3922 ἐτῶν

401 3965 663 4036 ἀριθμόν.
723 3965 779 4015 '0
810 3962 918 4032 γάρ
954 3961 1248 4032 τριάκοντα
1287 3960 1534 4029 φυσικῶς
1581 3959 1994 4028 λαμϐανόμενος

400 4055 665 4128 ἀριθμὸς,
695 4052 793 4123 τὴν
826 4050 1092 4122 αἰσθητὴν
1134 4051 1392 4120 σημαίνει
1429 4049 1627 4118 φύσιν·
1671 4048 1862 4120 ὥσπερ
1900 4049 1995 4100 καὶ

402 4144 730 4218 πρακτικῶς
758 4141 1152 4213 σκοπούμενος,
1196 4141 1294 4212 τὴν
1317 4139 1631 4211 πρακτικὴν
1657 4139 1881 4210 ἀρετήν.
1935 4139 1992 4191 ὐ

399 4240 463 4292 δὲ
520 4237 662 4291 ὀκτὼ
715 4233 960 4304 φυσικῶς
1015 4232 1475 4304 κατανοούμενος,
1520 4232 1620 4302 τὴν
1659 4233 1855 4303 νοητὴν
1883 4232 1992 4285 τῶν

400 4331 715 4400 ἀσωμάτων
740 4328 1042 4398 παραδηλοῖ
1070 4325 1231 4396 φύσιν
1252 4340 1266 4354 '
1317 4325 1509 4397 ὥσπερ
1548 4327 1643 4380 καὶ
1673 4325 1991 4393 γνωστικῶς

2100 3130 2269 3187 habet
2302 3131 2493 3202 (animi
2531 3131 2746 3187 scilicet
2776 3133 3111 3202 prudentem
3146 3133 3416 3188 rationem
3453 3149 3516 3188 ac
3551 3133 3703 3204 cogi-

2102 3225 2324 3296 tatum),
2347 3237 2408 3280 ut
2431 3243 2556 3281 cum
2585 3229 2803 3282 turbata
2825 3227 2995 3282 fuerit
3016 3244 3180 3298 aqua,
3202 3243 3330 3282 eum
3353 3227 3406 3282 in
3433 3229 3703 3298 piscinam

2098 3319 2308 3384 mittat;
2353 3319 2618 3374 virtutem
2664 3322 2929 3376 nimirum
2969 3321 3215 3382 scientiae
3255 3337 3546 3391 capacem,
3581 3338 3704 3391 qure

2098 3424 2318 3464 omnem
2346 3411 2599 3466 morbum
2628 3421 2816 3476 sanet;
2846 3413 2952 3466 nisi
2978 3412 3144 3475 forte,
3169 3429 3277 3481 qua
3299 3413 3534 3482 segnitie
3558 3429 3705 3483 aeger

2100 3500 2335 3562 laborat,
2365 3501 2792 3556 cunctabundus
2822 3517 3116 3571 morasque
3153 3503 3398 3565 trahens,
3431 3503 3692 3571 occupari

2099 3615 2158 3654 se
2183 3598 2252 3652 ab
2282 3598 2392 3652 alio
2421 3598 2590 3660 sinat,
2617 3597 2953 3667 prohibente
2984 3614 3055 3652 ne
3089 3598 3207 3667 ipse
3236 3612 3466 3666 compos
3492 3597 3701 3652 sanita-

2099 3691 2170 3745 tis
2199 3690 2309 3744 ﬁat.
2333 3690 2505 3760 quue
2532 3690 2702 3744 etiam
2735 3706 2915 3745 causa:
2941 3699 3046 3754 est,
3071 3705 3172 3744 cur
3196 3701 3253 3744 et
3276 3704 3451 3743 annos
3477 3689 3702 3759 triginta

2098 3791 2224 3838 octo
2275 3790 2519 3854 aegrotus
2574 3781 2894 3838 decumbat.
2947 3782 3052 3850 Qui
3108 3781 3257 3837 enim
3308 3797 3420 3835 non
3479 3782 3547 3835 ad
3602 3781 3706 3835 Dei

2098 3874 2328 3943 gloriam
2350 3915 2363 3937 ,
2393 3883 2704 3930 creaturam
2739 3874 2916 3929 oculis
2951 3873 3254 3943 subjectam
3289 3871 3468 3935 videt,
3497 3885 3600 3924 nec
3632 3871 3698 3924 ad

2101 3980 2290 4018 rerum
2323 3981 2446 4034 quae
2479 3974 2664 4020 mente
2697 3964 3087 4034 intelliguntur
3118 3971 3372 4016 naturam
3403 3959 3492 4029 pie
3524 3959 3701 4028 perci-

2097 4057 2354 4126 piendam
2391 4057 2578 4111 animo
2611 4056 2874 4128 assurgit,
2909 4057 2955 4111 is
2994 4055 3214 4118 merito,
3246 4068 3408 4123 quem
3449 4052 3699 4106 dicebam

2098 4159 2374 4199 annorum
2437 4161 2769 4211 numerum,
2823 4163 2969 4216 {eger
3026 4144 3294 4215 persistit.
3345 4141 3702 4197 Tricenarins

2097 4237 2245 4293 enim
2277 4254 2543 4294 numerus
2575 4239 2907 4294 naturaliter
2938 4246 3218 4308 acceptus,
3246 4247 3499 4291 naturam
3531 4234 3700 4304 signi-

2100 4328 2266 4393 licat,
2316 4345 2438 4399 quae
2496 4330 2553 4384 in
2604 4345 2829 4384 sensum
2881 4329 3062 4396 cadit;
3117 4328 3198 4382 uti
3245 4328 3410 4383 etiam
3457 4327 3701 4397 practice

403 4423 802 4494 Θεωρούμενος,
845 4422 944 4491 τὴν
997 4421 1275 4489 πάνσοφον
1331 4419 1646 4487 θεολογίαν·
1711 4413 1800 4481 αἶς
1843 4421 1872 4472 ὁ
1921 4419 1996 4490 μὴ

2104 4422 2367 4495 (actionis
2415 4423 2630 4478 scilicet
2674 4423 2908 4494 ratione)
2957 4423 3385 4487 consideratus;
3407 4421 3699 4480 virtutem,

400 4514 729 4586 κινούμενος
778 4513 915 4584 πρὸς
949 4513 1116 4575 Θεὸν,
1167 4512 1404 4582 πάρετος
1457 4511 1627 4581 μένει.
1685 4511 1880 4583 μέχρις
1928 4511 1995 4565 ἂν

399 4605 578 4659 ἐλθὼν
628 4608 656 4660 ὁ
703 4605 898 4674 Λόγος,
948 4603 1135 4672 διδάξῃ
1189 4603 1355 4656 αὑτὸν
1401 4602 1494 4655 τὸν
1560 4601 1824 4672 σύντομον
1894 4602 1996 4672 τῆς

404 4701 606 4762 ἰάσεως
631 4699 853 4769 τρόπον,
883 4698 1142 4766 φάσκωνο
1179 4694 1473 4765 Ἕγειραι·
1511 4688 1660 4764 ἆρον
1689 4698 1798 4749 τὸν
1820 4695 1994 4764 κράϐ-

401 4795 590 4847 6ατόν
635 4805 775 4855 σου,
823 4791 920 4843 καὶ
964 4787 1308 4858 περιπάτει·
1341 4787 1695 4857 διαναστῆναι
1734 4787 1827 4840 τὸν
1868 4786 1992 4841 νοῦν

397 4884 508 4952 τῆς
528 4879 868 4952 κατεχούσης
901 4879 1234 4950 φιληδονίας,
1283 4879 1377 4931 καὶ
1413 4873 1543 4948 ἆραι
1571 4877 1633 4930 τὸ
1683 4877 1842 4947 σῶμα
1880 4879 1994 4940 τοῖς

400 4975 582 5044 ὤμοις
637 4974 749 5028 τῶν
803 4973 1037 5043 ἀρετῶν,
1081 4972 1178 5026 καὶ¹
1222 4971 1478 5026 ἀπελθεῖν
1531 4971 1612 5034 είς
1655 4969 1748 5023 τὸν
1805 4965 1991 5024 οἷκον·

400 5068 609 5139 δηλαδὴ
640 5067 732 5121 τὸν
757 5065 1008 5137 οὐρανὸν,
1041 5063 1485 5134 ἐγκελευόμενος.
1524 5062 1706 5117 Καλὸν
1735 5061 1845 5135 γάρ
1891 5063 1997 5115 ὑπὸ

478 5227 526 5263 ⁴⁵
543 5233 704 5290 Joan.
727 5247 782 5296 v,
805 5228 838 5283 5
865 5241 1019 5296 seqq.

480 5379 497 5397 '
528 5374 696 5443 Marg.
721 5371 813 5427 Fr.
856 5369 952 5432 Είς
971 5366 1062 5443 τρν
1093 5363 1466 5443 παραλυτικόν
1488 5380 1502 5395 ⁸
1553 5363 1649 5417 καὶ
1677 5363 1825 5443 ὅπως
1858 5362 1999 5432 μάλ-υ

401 5448 497 5501 λον
531 5433 694 5516 ἡμεῖς
725 5444 919 5510 ἐσμεν,
966 5438 1016 5490 oi
1052 5433 1522 5516 tocoptogftsgt
1571 5433 1995 5516 κατακείμενον

402 5518 483 5582 ὡς
517 5503 653 5588 μῆδὲ
694 5503 1017 5582 Irin/196m»:
1043 5510 1142 5578 τῆς
1181 5504 1428 5576 ἰατρείας
1465 5504 1766 5576 δεχόμενοι,
1802 5503 1862 5558 In
1902 5522 2005 5576 μα..

479 5651 555 5725 (ο)
593 5650 766 5725 Ὑπὲρ
823 5648 954 5725 γάρ.
1001 5645 1606 5725 Insinuatﬁrmeorum
1642 5659 1990 5725 communem

404 5715 742 5789 sentcntiam
777 5715 1111 5774 cisiStentize
1171 5715 1493 5789 angelorum
1539 5725 1665 5770 ante
1708 5715 1990 5789 mundum

404 5777 738 5873 corporeum
769 5809 780 5846 :
811 5792 926 5846 haec
950 5789 1097 5845 enim
1123 5777 1398 5859 propricﬁ
1426 5787 1640 5856 γένεσις
1664 5785 1862 5840 αὐτῶν.
1901 5783 1996 5849 Sic

2101 4531 2224 4584 qua:
2270 4515 2505 4570 actionis
2547 4516 2698 4570 cultu
2745 4516 3021 4570 consistit.
3054 4515 3382 4569 Octonarius
3423 4521 3605 4567 autem
3645 4518 3702 4565 et

2099 4605 2218 4675 ipse
2254 4606 2587 4661 naturaliter
2618 4605 2965 4669 intellectus,
2997 4604 3330 4674 spirituum,
3360 4618 3482 4671 quae
3515 4610 3701 4655 mente

2099 4698 2459 4769 intelligitur,
2503 4697 2734 4754 denotat
2787 4706 3086 4763 naturam;
3143 4695 3220 4749 uti
3274 4703 3332 4749 et
3382 4691 3701 4760 γνωστικῶς

2100 4788 2333 4860 (altiore
2382 4789 2594 4844 scilicet
2639 4803 2703 4842 ac
2754 4786 2988 4858 sapienti
3041 4785 3240 4856 sensu)
3287 4783 3698 4851 consideratus,

2102 4881 2253 4935 omni
2301 4879 2571 4949 repletam
2619 4879 2891 4950 sapientia
2937 4878 3251 4932 divinorum
3297 4876 3583 4930 scientiam
3635 4890 3701 4929 ac

2104 4971 2462 5042 theologiam.
2497 4971 2739 5037 Quibus,
2771 4969 3025 5040 quisquis
3059 4967 3124 5022 ad
3158 4968 3330 5021 Deum
3369 4981 3478 5020 non
3514 4981 3689 5019 move-

2105 5073 2219 5130 tur,
2251 5063 2418 5136 479
2452 5063 2784 5135 paralyticos
2821 5069 3005 5117 manet
3039 5059 3414 5128 membrisque
3453 5057 3698 5112 dissolu-

2107 5361 2393 5433 ralyticum
2415 5377 2434 5427 ;
2471 5377 2679 5433 nosque
2716 5360 3066 5433 potius_esse,
3113 5357 3203 5433 qui
3239 5364 3315 5409 tot
3362 5357 3514 5410 annis
3543 5355 3698 5426 jam.-

2111 5428 2258 5499 mus;
2284 5440 2342 5485 ιιι
2367 5448 2458 5485 nec
2498 5428 2768 5484 medicina:
2799 5429 3009 5482 modum
3041 5428 3378 5498 recipiamus.

2100 5645 2354 5714 superior
2386 5643 2650 5714 temporis
2679 5656 2962 5710 mensura,
2999 5655 3093 5697 seu
3145 5636 3271 5694 vita
3306 5637 3398 5692 illa
3438 5631 3701 5719 periodog

2099 5731 2223 5786 qua:
2248 5725 2496 5786 tempore
2521 5719 2898 5792 mensuratur,
3399 5743 3402 5745 _
