4076 6420
433 354 572 419 1115

1630 359 1690 425 5.
1732 359 2019 422 MAXIMI
2052 360 2564 424 CONFESSORIS

3560 355 3698 419 1116

429 481 541 534 tus,
569 469 746 525 donec
774 470 1003 529 veniens
1031 470 1247 537 Sermo,
1278 472 1730 543 compendiosum
1759 472 2019 543 parandae

2127 474 2214 527 toﬁ
2248 477 2558 547 κρείττονος
2578 480 2655 552 (ρ)
2681 484 2789 546 τοῖς
2823 482 2993 554 ὤμοις
3016 483 3113 553 τῆς
3143 482 3416 555 πράξεως,
3447 478 3509 532 τδ
3531 480 3714 549 χεῖρον

428 562 625 617 salutis
659 562 883 617 modum
920 578 1046 617 cum
1077 565 1350 630 docuerit,
1383 565 1574 620 dicens
1610 583 1625 619 :
1662 563 1851 647 Surge,
1883 563 2014 618 tolle

428 654 743 724 ³ριίιὺιιιιιιιιη
784 663 955 719 tuum,
989 664 1038 708 et
1077 655 1293 711 ambula
1320 657 1369 688 "
1401 674 1415 711 :
1454 657 1658 727 jubens
1694 657 1931 721 scilicet,
1958 666 2023 713 ut

2121 564 2374 635 αἴρεσθαι
2405 569 2540 640 πρὸς
2573 573 2796 645 ἀρετὴν,
2851 575 2885 646 ἢ
2925 575 2986 628 τὸ
3029 577 3278 645 κρεῖττον
3321 572 3413 626 διὰ
3457 571 3712 644 θρύψεως

2130 655 2266 727 πρὸς
2304 659 2616 729 φιληδονίαν
2642 665 2748 719 ὑπὸ
2777 666 2871 718 τοῦ
2902 666 3145 740 χείρονος
3173 663 3464 737 φέρεσθαι..

424 748 496 800 ab
536 762 601 801 ea
636 763 746 817 qua
785 755 1010 802 tenetur
1049 747 1332 816 voluptate
1375 763 1438 802 ac
1478 748 1740 814 libidine,
1777 762 2025 803 animum
2063 746 2320 814 dirimat,
2391 767 2456 806 ac
2496 753 2767 810 virtutum
2811 757 3059 812 humeris
3104 771 3307 828 corpus
3351 756 3537 820 tollat,
3616 753 3717 809 do-

423 856 689 911 mumque
720 840 800 912 (in
829 841 1029 895 cadum
1058 840 1290 910 scilicet)
1315 841 1496 896 vadat.
1521 842 1748 897 Prmstat
1774 841 1925 896 enim
1957 840 2014 896 id
2051 841 2200 911 quod
2229 841 2479 901 deterius
2508 857 2613 913 est,
2641 848 2709 904 ab
2735 866 2803 904 eo
2857 850 3006 922 quod
3070 849 3446 921 praestantius,
3477 846 3715 903 actionis

426 931 678 986 numeris
702 931 770 985 ad
795 932 1054 985 virtutem
1086 929 1226 993 tolli,
1262 945 1427 1000 quam
1453 930 1602 1001 quod
1630 931 1981 1001 praestantius
2016 944 2118 1001 per
2138 932 2429 989 mollitiem
2454 937 2689 1009 vitaeque
2720 940 2941 1009 luxum,
2988 958 3017 996 a
3070 940 3333 997 deteriori
3396 940 3464 995 ad
3523 938 3714 993 libidi-

427 1038 555 1078 nem
588 1022 740 1077 ferri.

408 1116 417 1124 ’
502 1117 590 1172 81.
624 1115 877 1182 Quandiu
925 1128 1112 1175 nostra
1162 1120 1371 1190 pariter
1407 1138 1715 1193 eorumque
1760 1120 2014 1177 omnium

429 1222 555 1276 quae
600 1220 630 1261 a
666 1208 778 1262 Deo
821 1210 1066 1265 secunda
1117 1219 1269 1277 sunt,
1322 1213 1631 1268 substantia
1683 1228 1749 1268 ac
1798 1220 2020 1275 natura,

428 1299 636 1352 mentis
668 1299 1033 1370 intelligentia
1065 1318 1176 1356 non
1200 1303 1427 1357 omnino
1448 1303 2021 1367 excesserimus,nec-

430 1390 563 1445 dum
592 1392 1061 1450 immutabililatis
1088 1396 1363 1458 habitum,
1399 1412 1524 1466 qua:
1558 1397 1768 1450 virtute
1793 1402 2022 1465 przesta-

432 1490 542 1546 tur,
577 1484 863 1538 consecuti
894 1500 1108 1540 sumus.
1153 1486 1255 1541 Ubi
1291 1494 1476 1540 autem
1523 1502 1624 1556 per
1664 1486 2020 1541 dilectionem

432 1573 575 1629 hanc
604 1575 750 1631 nacti
784 1576 1112 1647 dignitatem
1146 1578 1436 1644 fuerimus,
1478 1578 1678 1633 divinae
1701 1578 2025 1649 promissio-

433 1665 522 1719 nis
549 1665 659 1719 vim
694 1682 1109 1735 pernoscemus.
1144 1667 1226 1721 lbi
1254 1668 1404 1722 enim
1444 1666 1601 1721 ﬁrma
1646 1682 1712 1721 ac
1753 1664 2023 1721 immobili

2187 1134 2298 1179 πα¹.
2337 1127 2485 1191 Ἕως
2516 1128 2616 1197 τῆς
2646 1129 2802 1201 ἡμῶν
2819 1147 2878 1182 τε
2906 1130 2999 1184 καὶ
3026 1128 3245 1184 πάντων
3274 1128 3382 1182 τῶν
3413 1127 3553 1196 μετὰ
3582 1126 3718 1180 Θεὸν

2116 1216 2307 1283 οὐσίας
2333 1220 2474 1274 κατὰ
2499 1220 2739 1275 διάνοιαν
2766 1222 3022 1294 καθαρῶς
3063 1222 3163 1276 οὐκ
3198 1219 3582 1290 ὲκϐεϐήκαμεν
3613 1218 3713 1288 (qi.

2118 1311 2272 1366 οὔπω
2302 1313 2401 1385 τὴν
2433 1316 2531 1384 τῆς
2574 1316 2694 1369 κατ’
2743 1317 2946 1387 ἀρετὴν
3007 1315 3274 1387 ἀτρεψίας
3338 1313 3453 1380 ’ἑξιν
3524 1311 3717 1364 ἐλάϐο-

2125 1422 2247 1474 μεν.
2298 1405 2570 1478 ὀπηνίκα
2603 1407 2660 1461 δὲ
2688 1408 2846 1461 τοῦτο
2868 1407 2933 1461 δι’
2966 1407 3189 1478 ἀγάπης
3217 1408 3351 1478 ἡμῖν
3391 1404 3714 1476 κατορθωθῇ

2127 1496 2189 1549 τὸ
2213 1496 2430 1567 ἀξίωμα
2468 1497 2569 1568 (5),
2617 1498 2738 1552 τότε
2785 1499 3107 1570 γνωσόμεθα
3134 1502 3232 1569 τῆς
3272 1498 3423 1563 θείας
3473 1498 3716 1563 ἐπαγγε-

2128 1583 2249 1644 λίας
2300 1584 2398 1654 τὴν
2455 1583 2705 1655 δύναμιν.
2732 1585 2881 1638 Ἐκεῖ
2909 1585 3016 1655 γὰρ
3073 1580 3213 1637 εἶναι
3268 1583 3375 1654 χρὴ
3434 1580 3717 1635 πιστεύειν

2130 1665 2254 1720 καθ’
2288 1666 2498 1737 ἵδρυσιν
2525 1667 2859 1738 ἀμετάθετον
2889 1670 3015 1732 τοὺς
3037 1668 3241 1734 ἀξίους,
3266 1667 3392 1721 ἔνθα
3427 1663 3718 1738 προλαϐὼν

430 1756 669 1811 statione
700 1757 814 1812 fore
832 1758 1174 1813 credendum
1202 1767 1307 1824 est,
1332 1775 1428 1814 eos
1450 1759 1545 1828 qui
1576 1758 1728 1829 digni
1763 1772 1827 1812 ac
1859 1755 2020 1827 probi

2129 1758 2303 1823 όνοῦς
2340 1759 2412 1812 δι’
2443 1760 2666 1830 ἀγάπης
2715 1760 2814 1832 τὴν
2864 1760 3133 1832 σφετέραν
3182 1757 3512 1830 ὲνερῤίζωσε
3551 1757 3717 1810 δύνα-

429 1855 579 1911 sunt,
606 1849 701 1903 ubi
714 1849 827 1919 jam
854 1865 953 1919 per
970 1850 1318 1916 charitatem,
1342 1865 1499 1906 suam
1520 1864 1677 1904 mens
1705 1849 2023 1904 facultatem

408 1939 700 1996 'radicitns
723 1941 860 1996 fixit.
890 1942 994 2009 Qui
1017 1944 1165 1997 enim
1187 1944 1391 2013 seipso,
1418 1943 1746 2012 cunctisque
1768 1958 1889 2011 quas
1911 1941 2024 1995 ullo

432 2032 598 2087 modo
648 2033 881 2105 intelligi
939 2043 1173 2105 possunt
1216 2050 1327 2090 non
1375 2035 1697 2098 excesserit,
1756 2043 1921 2105 atque
1968 2035 2024 2088 in

427 2122 675 2192 silentio,
724 2127 873 2197 quod
918 2143 1142 2182 onmem
1193 2127 1397 2183 mentis
1447 2127 1748 2198 cogitatum
1799 2136 2026 2197 superat

428 2218 762 2284 constiterit,
809 2218 927 2274 ﬁeri
978 2236 1089 2274 non
1126 2227 1309 2290 potest
1342 2227 1404 2274 ut
1436 2219 1505 2274 ab
1531 2219 1683 2274 omni
1714 2219 2025 2274 mutatione

430 2307 694 2363 immunis
725 2310 814 2365 sit.

507 2401 596 2456 82.
643 2401 844 2457 Mentis
893 2401 1075 2457 omnis
1108 2402 1372 2473 cogitatio
1409 2417 1507 2458 seu
1544 2401 1871 2467 intellectio,
1905 2401 2029 2471 plu-

430 2494 575 2548 rium
603 2495 876 2564 profecto,
914 2502 1013 2549 aut
1040 2494 1280 2550 duorum
1306 2495 1597 2549 minimum
1625 2495 1737 2549 vim
1774 2495 1945 2550 habet
1967 2499 2028 2549 et

429 2584 866 2653 expressionem.
910 2584 1008 2638 Est
1038 2583 1187 2639 enim
1216 2584 1397 2639 media
1442 2585 1587 2639 inter
1609 2593 1855 2639 extrema
1879 2599 2030 2654 quae-

436 2675 563 2729 dam
598 2675 865 2730 habitudo
899 2691 995 2730 seu
1037 2676 1254 2741 relatio,
1287 2676 1432 2731 inter
1456 2692 1514 2731 se
1548 2684 1743 2732 mutuo
1772 2684 2024 2741 nectens,

431 2775 549 2821 tum
590 2767 738 2837 quod
782 2767 1039 2836 intelligit
1084 2776 1383 2837 menteque
1417 2768 1671 2838 percipit,
1725 2776 1840 2822 tum
1877 2768 2027 2839 quod

430 2873 497 2914 ea
521 2858 850 2928 percipitur.
871 2859 1068 2915 Neutri
1092 2870 1277 2915 autem
1303 2870 1365 2914 ut
1386 2860 1797 2929 simplicitatem
1820 2868 2025 2925 servet,

426 2961 515 3006 est
544 2962 950 3022 comparatum.
990 2952 1131 3006 Tum
1167 2953 1319 3007 enim
1362 2952 1510 3022 quod
1545 2952 1824 3022 intelligit,
1849 2952 2028 3023 quod-

428 3045 555 3100 dam
581 3045 810 3099 omnino
846 3044 1156 3113 subjectum
1192 3052 1301 3109 est,
1333 3060 1456 3113 qua:
1493 3043 1570 3097 illi
1604 3059 1790 3098 comes
1821 3043 2025 3097 intelli-

2132 1867 2245 1920 μιν.
2276 1850 2463 1921 Ὀήγὰρ
2493 1852 2567 1923 μὴ
2590 1853 2756 1916 ἐκϐὰς
2782 1852 2994 1915 ἑαυτοῦ,
3022 1852 3117 1905 καὶ
3151 1851 3368 1905 πάντων
3390 1850 3498 1902 τῶν
3528 1851 3717 1901 ὁπωσ-

2126 1942 2221 1995 οῦν
2260 1943 2502 1998 νοεῖσθαι
2541 1946 2881 2016 δυναμένων,
2933 1947 3026 1999 καὶ
3072 1947 3152 2010 εις
3193 1945 3294 2016 τὴν
3328 1943 3471 2015 ὑπὲρ
3517 1942 3710 2011 νόησιν

2129 2035 2287 2107 σιγὴν
2330 2038 2628 2105 καταστὰς,
2676 2039 2738 2094 οὐ
2772 2039 2993 2094 δύναται
3016 2043 3223 2114 τροπῆς
3280 2036 3420 2094 εἶναι
3475 2037 3716 2109 πάμπαν

2127 2129 2311 2184 ὲλεύθε
2322 2148 2430 2201 ρος.

2199 2395 2309 2467 «pa
2336 2397 2494 2450 Πᾶσα
2520 2396 2726 2467 νόησις,
2759 2396 3029 2469 πλήθους·
3054 2396 3087 2468 ἦ
3114 2396 3491 2467 τούλάχιστον,
3520 2395 3716 2461 δυάδος

2128 2486 2349 2550 πάντως
2384 2485 2627 2557 ἔμφασιν
2664 2484 2800 2557 ἔχει.
2845 2487 3145 2558 Μέσηγάρ
3187 2488 3304 2541 ἔστι
3338 2487 3503 2543 τινῶν
3544 2483 3716 2561 ἀκρο-

2127 2582 2308 2651 τήτων
2352 2579 2569 2650 σχέσις,
2601 2577 2854 2648 ἀλλήλοις
2916 2578 3285 2645 συνάπτουσα,
3333 2582 3396 2634 τό
3441 2599 3501 2635 τε
3558 2584 3719 2637 νοοῦν

2127 2675 2226 2730 καὶ
2249 2674 2309 2728 τὸ
2337 2674 2630 2744 νοούμενον
2664 2673 2757 2744 (r).
2803 2671 3103 2744 Οὐδέτερον
3126 2673 3181 2726 δὲ
3210 2674 3386 2728 διόλου
3406 2676 3506 2745 τὴν
3549 2677 3714 2731 ἁπλόο

2125 2783 2268 2845 τητα
2321 2767 2536 2835 πέφυκε
2586 2765 2804 2829 σώζειν.
2861 2766 2935 2817 Τό
2970 2782 3029 2817 τε
3072 2765 3387 2835 γὰρινοοῦν,
3422 2768 3715 2840 ὑποκείμε-

2126 2858 2215 2912 νόν
2239 2857 2291 2910 τί
2325 2859 2465 2920 ἐστι,
2497 2858 2715 2920 πάντως
2765 2857 3269 2928 συνεπινοουμένην
3292 2858 3445 2928 αὐτῷ
3482 2860 3583 2929 τὴν
3616 2860 3710 2913 τοῦ

2127 2949 2270 3001 νοεῖν
2302 2945 2422 3015 ἔχον
2468 2945 2719 3015 δύναμιν.
2757 2945 2867 2997 Καὶ
2908 2944 2969 2997 τὸ
3019 2945 3311 3015 νοούμενον
3354 2947 3715 3015 ὑποκείμενόν

2127 3053 2182 3088 τι
2211 3036 2432 3098 πάντως
2454 3035 2624 3097 ἐστὶν,
2675 3034 2708 3105 ἢ
2765 3035 2824 3087 ἐν
2864 3034 3242 3106 ὑποκειμένῳ’
3289 3039 3713 3108 συνεπινοουμέ-

429 3145 611 3206 gatur,
644 3134 989 3205 intelligendi
1022 3135 1131 3188 vim
1166 3134 1416 3201 habens;
1448 3145 1565 3188 tum
1597 3143 1653 3189 et
1682 3134 1830 3204 quod
1862 3134 2023 3190 intel-

2131 3145 2229 3200 νην
2265 3126 2412 3198 αὐτῷ
2441 3126 2542 3197 τὴν
2565 3125 2659 3178 τοῦ
2683 3125 2925 3180 νοεῖσθαι
2954 3125 3187 3197 δύναμιν
3219 3126 3371 3198 ἔχον·
3399 3129 3433 3199 ἢ
3466 3133 3712 3200 προϋπο-

427 3226 639 3297 ligitur,
669 3226 893 3296 aliquod
922 3241 1152 3296 prorsus
1187 3226 1504 3297 subjectum
1544 3225 1631 3280 vel
1673 3225 1729 3279 in
1773 3225 2024 3297 subjecto

427 3327 537 3383 est,
583 3334 705 3387 qua:
756 3333 861 3372 una
909 3332 1036 3372 cum
1086 3317 1207 3387 ipso
1251 3316 1618 3388 intelligatur,
1657 3316 1771 3369 vim
1806 3317 2026 3385 passive

430 3408 799 3479 intelligendi,
831 3408 1012 3479 ipsum
1052 3423 1274 3478 quoque
1304 3408 1557 3473 habens;
1596 3422 1692 3462 seu
1725 3409 1886 3478 cujus
1930 3407 2025 3461 illa

428 3501 609 3556 virtus
651 3508 738 3556 est
785 3517 849 3556 ac
895 3501 1149 3566 facultas,
1194 3501 1582 3571 prtejacentcm
1631 3498 2019 3553 substantiam.

429 3593 579 3647 Nil-il
607 3593 757 3648 enim
790 3608 1018 3662 prorsus
1056 3593 1112 3646 in
1158 3592 1326 3647 rebus
1358 3592 1537 3662 ipsum
1569 3607 1670 3662 per
1697 3607 1755 3646 se
1788 3590 2026 3661 simplex

428 3682 739 3740 substantia
769 3690 865 3736 aut
891 3682 1199 3737 intellectio
1236 3692 1343 3746 est,
1375 3692 1436 3737 ut
1466 3691 1520 3737 et
1564 3683 1747 3736 unitas
1786 3682 2024 3741 indivisa

429 3777 521 3829 sit.
569 3775 711 3828 Deus
744 3782 951 3839 autem,
987 3774 1104 3828 sive
1139 3774 1506 3828 substantiam
1550 3773 1876 3838 dixerimus,
1910 3789 2023 3829 non

429 3864 701 3934 ejusmodi
755 3873 862 3932 est,
907 3875 969 3921 ut
1013 3866 1098 3922 vis
1154 3867 1368 3936 passive
1420 3866 1764 3938 intelligendi
1814 3881 1923 3921 una
1973 3867 2027 3922 ei

498 4021 546 4054 "
566 4021 728 4078 Joan.
760 4039 814 4090 v,
841 4024 893 4079 8.

503 4181 580 4253 (p)
612 4182 625 4201 '
640 4184 760 4236 Υπὸ
783 4182 889 4237 τοῦ
910 4185 1268 4251 κρείττονος.
1288 4186 1361 4239 Τὸ
1383 4190 1627 4254 κρεῖττον
1648 4189 1740 4244 hic
1755 4188 2011 4254 Maximo,

428 4254 648 4330 animus
692 4260 778 4330 est
823 4262 994 4330 atque
1035 4269 1218 4330 mens;
1264 4257 1324 4310 τὸ
1367 4261 1567 4327 χεῖρον,
1611 4275 1813 4330 corpus
1845 4277 1857 4312 :
1888 4275 2017 4328 pars

430 4323 641 4396 scilicet
671 4325 850 4396 potior
876 4334 931 4377 et
960 4324 1226 4396 deterior,
1268 4323 1503 4396 quarum
1545 4323 1726 4383 altera
1762 4323 2014 4391 alteram,

431 4394 517 4447 vel
560 4393 614 4447 in
651 4394 873 4457 coelum,
912 4410 1036 4463 quas
1081 4393 1323 4451 hominis
1353 4398 1550 4452 domus
1586 4408 1692 4461 est,
1728 4399 1899 4462 tollat,
1931 4400 2018 4453 vel

2124 3219 2384 3290 κειμένην
2414 3218 2546 3289 τὴν,
2574 3212 2635 3272 οὗ
2682 3221 2799 3271 ὲστι
2848 3219 3100 3290 δύναμις,
3146 3220 3360 3273 οὐσίαν.
3405 3221 3480 3274 Οὐ
3512 3222 3621 3293 γάρ
3660 3239 3715 3275 τι

2124 3311 2232 3364 τῶν
2266 3311 2438 3364 ὄντων
2465 3309 2527 3363 τὸ
2553 3309 2773 3364 σύνολον
2819 3310 2952 3364 αὐτὸ
2980 3311 3102 3364 καθ’
3133 3311 3266 3364 αὐτὸ
3296 3310 3442 3383 ἁπλῆ
3492 3329 3584 3376 τις
3622 3312 3716 3366 οὐ-

2128 3404 2220 3458 σία
2245 3403 2278 3474 ἢ
2306 3403 2492 3472 νόησίς
2519 3404 2688 3469 ἐστιν,
2718 3403 2806 3457 ἵνα
2835 3402 2930 3457 καὶ
2964 3402 3136 3473 μονὰς
3162 3402 3491 3474 ἀδιαίρετος.
3522 3403 3627 3457 Τὸν
3653 3403 3709 3457 δὲ

2126 3495 2282 3563 Θεὸν,
2305 3497 2415 3549 εἴτε
2465 3495 2657 3549 οὐσίαν
2696 3494 2975 3565 εἴπωμεν,
3015 3495 3117 3549 οὐκ
3146 3494 3262 3565 ἔχει
3306 3494 3554 3565 φυσικῶς
3593 3513 3718 3549 συν-

2134 3589 2529 3660 επινοουμένην
2557 3587 2706 3659 αὐτῷ
2728 3588 2827 3660 τὴν
2845 3588 2943 3643 τοῦ
2974 3588 3213 3642 νοεῖσθαι
3238 3586 3490 3659 δύναμιν,
3512 3588 3605 3642 ἵνα
3639 3588 3714 3660 μὴ

2135 3683 2423 3746 σύνθετος·
2471 3682 2583 3735 εἴτε
2613 3683 2820 3754 νόησιν,
2861 3683 2964 3736 οὐκ
3001 3682 3115 3753 ἔχει
3173 3681 3425 3752 φυσικῶς
3459 3682 3716 3752 δεκτικὴν
3773 3738 3789 3753 ,

2131 3775 2230 3845 τῆς
2259 3777 2497 3847 νοήσεως
2545 3776 2916 3847 ὑποκειμένην
2974 3775 3195 3831 οὐσίαν·
3234 3775 3350 3828 ἀλλ’
3382 3776 3545 3840 αὐτὸς
3598 3778 3717 3830 κατ’

2133 3865 2322 3920 οὐσίαν
2361 3867 2549 3938 νόησίς
2599 3868 2749 3922 ἐστιν
2787 3867 2815 3918 ὁ
2854 3868 3018 3932 Θεός⁹
3071 3868 3165 3922 καὶ
3211 3868 3333 3932 ὅλος
3375 3868 3583 3940 νόησις,
3626 3868 3719 3922 καὶ

2116 4190 2569 4263 ambagessunt;
2601 4193 2790 4248 nullus
2817 4208 3032 4248 sensus.
3069 4193 3318 4263 Hincque
3354 4191 3589 4247 forsitan
3634 4202 3719 4249 cst

2118 4260 2266 4331 quod
2294 4261 2349 4315 in
2380 4261 2546 4316 Marci
2571 4263 2847 4332 capitibus
2872 4280 2981 4317 non
3008 4264 3151 4318 bene
3174 4260 3507 4333 quandoque
3532 4263 3714 4333 sapit,

2102 4344 2215 4385 'aut
2238 4339 2389 4385 certe
2420 4347 2549 4400 pars
2579 4349 2772 4402 magna
2809 4334 2936 4388 inde
2967 4334 3070 4399 sit;
3108 4334 3424 4402 faceretque
3450 4349 3482 4388 e
3528 4349 3588 4387 re
3626 4334 3719 4388 lit-

2120 4402 2321 4473 ter-aria
2353 4409 2409 4455 et
2441 4418 2615 4466 sacra,
2648 4405 2742 4473 qui
2774 4404 2920 4458 bono
2950 4404 3120 4458 fultus
3151 4404 3341 4458 codice
3381 4403 3502 4471 ejus
3532 4405 3717 4459 omnia

435 4464 488 4552 in
528 4464 848 4552 voluptaria:
875 4466 1001 4519 vita:
1028 4481 1093 4520 ac
1122 4466 1370 4522 libidinis
1407 4467 1730 4524 barathrum
1761 4469 2018 4541 prmcipi-
2054 4498 2095 4552 ι)
2123 4471 2387 4552 castigate
2438 4464 2880 4552 repraéséntaret.
2907 4473 3265 4552 _Ab_scederet
3316 4464 3527 4552 scilicet
3557 4473 3717 4552 _fuu_ii

435 4542 543 4603 tem
577 4545 722 4603 agat.

506 4602 737 4678 (q)__0£m
763 4604 1314 4678 ἑκϐεϐήκαμενηΕςῐ
1340 4607 1618 4673 νηπτικιῖω
1648 4608 1819 4663 Marci
1862 4608 2019 4678 capi-

435 4681 550 4747 tum
579 4676 633 4747 77,
653 4676 799 4747 apud
841 4691 1004 4745 quem
1027 4677 1168 4731 male
1195 4677 1324 4731 Pico
1346 4678 1579 4741 editum,
1606 4676 2017 4747 ἐμϐεϐήκαμεν.

434 4743 541 4797 Sed
583 4743 926 4819 illudﬂpejus,
955 4747 1113 4819 quod
1136 4747 1214 4800 illi
1251 4743 2020 4819 verbojungit'quod'scqui-

435 4823 544 4878 tur,
574 4814 671 4897 τῂν
699 4814 841 4899 sitv,
871 4814 994 4871 eum
1025 4827 1081 4872 et
1104 4818 1221 4899 ipse
1253 4814 1631 4887 ἐκϐεϐἤκαμεν
1661 4814 1879 4899 legerit,
1902 4814 2025 4887 quae

432 4899 538 4957 vox
567 4886 823 4957 gignendi
860 4904 989 4942 casu
1020 4888 1241 4955 gaudet,
1289 4904 1400 4942 non
1443 4886 1738 4942 accusandi
1771 4906 1784 4941 :
1813 4904 1880 4943 ex
1912 4886 2022 4957 qum

435 4950 739 5027 littefa'sie
797 4950 1122 5026 conipos‘ita,
1174 4958 1321 5027 quod
1366 4958 1439 5011 sit
1490 4959 1840 5013 commodum
1883 4950 2024 5012 nihil

435 5025 634 5098 reddit.
670 5026 780 5097 Τὴν
807 5025 1152 5098 κατ’ίὰρετὴν
1184 5025 1468 5098 ἀτρεψίαν,
1497 5028 1644 5098 quod
1681 5028 1882 5093 reddit,
1915 5030 2022 5082 ἰηι-

435 5097 749 5168 munitatem
769 5098 1056 5153 aversionis
1081 5114 1112 5150 a
1133 5097 1343 5161 virtute,
1370 5097 1648 5153 liberioris
1673 5098 2026 5168 paraphrasis

434 5173 537 5237 est.
571 5163 905 5222 Scholiastcs
942 5169 1133 5236 paucis
1157 5169 1498 5237 perstrinxit,
1545 5163 1716 5230 ἄλλως
1764 5163 2024 5233 (iisan-.0:

439 5236 620 5303 μένειν
644 5240 699 5289 ἐν
722 5237 797 5307 τῷ
829 5238 975 5307 καλῷ
1006 5240 1066 5291 οὐ
1093 5236 1369 5307 δυνάμεθα
1388 5256 1399 5267 ·
1432 5239 1785 5293 inmutabiles
1810 5240 1867 5292 in
1892 5241 2024 5293 bono

435 5307 738 5376 honestique
778 5308 952 5361 studio
993 5323 1103 5362 esse
1144 5324 1247 5361 non
1290 5326 1584 5373 possumus,
1619 5310 1725 5363 nisi
1768 5324 1934 5363 carne
1968 5317 2025 5363 et

436 5377 664 5459 mundo,
698 5392 794 5446 per
826 5377 1151 5433 charitatem
1184 5378 1239 5432 in
1274 5379 1445 5433 Deum
1476 5379 1901 5447 proximumque
1930 5394 2026 5433 ex-

437 5462 790 5502 CCSSCI‘IIHUS.
1905 5504 1909 5506 ν

510 5515 582 5587 (ν)
619 5519 691 5572 Τό
726 5533 790 5569 τε
834 5516 1022 5588 θροοῦν-
1055 5517 1150 5588 ita)
1173 5524 1238 5571 τὸ
1261 5520 1610 5586 νοούμενπν.
1648 5519 1716 5573 Ει
1737 5519 1841 5573 hoc
1859 5526 2027 5588 caput

435 5586 602 5658 illam
634 5586 914 5658 νηπτικῶν
952 5587 1009 5658 A8,
1052 5587 1109 5641 in
1161 5605 1270 5658 quo
1320 5590 1455 5643 nihil
1492 5589 1706 5644 felicius
1737 5586 2027 5644 desudavit

438 5654 624 5730 picus,
660 5654 779 5730 ipso
807 5654 1223 5730 multis-vitioso
1257 5660 1377 5730 ejus
1403 5660 1552 5730 c_od.,
1578 5669 1639 5713 ut
1664 5659 1811 5729 quod
1843 5661 2023 5730 ipsum

440 5720 543 5787 hoc
573 5720 948 5801 hic—relatum,
978 5727 1182 5801 habet,
1216 5720 1359 5801 363:;
1389 5720 1825 5801 o-Sv-V'seqtiente
1857 5720 2025 5785 etiam

439 5809 565 5850 mox
591 5796 768 5860 hiatu,
802 5811 868 5851 ex
899 5796 1102 5866 quibus
1133 5798 1401 5872 quidquid
1444 5796 1741 5868 redditum,
1777 5800 2027 5856 obscura:

2125 4542 2444 4614 plurimum,
2463 4542 2855 4614 elucerentque
2885 4544 3171 4614 theologiaz
3190 4550 3246 4599 et
3270 4543 3517 4612 probatae
3547 4545 3719 4610 ἀσκή-

2127 4629 2264 4674 σεως
2300 4612 2530 4665 lumina.
2560 4613 2673 4667 Nec
2698 4613 2755 4684 S.
2781 4614 3047 4668 Maximus
3083 4612 3206 4684 ejus
3240 4621 3390 4668 tanta
3438 4613 3716 4679 αὑτολεξεὶ

2124 4690 2408 4755 mutuatus
2432 4692 2601 4746 esset,
2644 4683 2751 4737 nisi
2794 4685 2972 4738 virum
3019 4683 3299 4755 magnum,
3342 4684 3719 4755 solertemque

2127 4752 2443 4825 theologum
2490 4768 2575 4825 ac,
2608 4755 2896 4825 probatum
2948 4752 3186 4811 ascetam
3238 4753 3570 4825 agnovisset.
3620 4754 3723 4808 Hic

2126 4822 2297 4891 igitur
2323 4821 2509 4895 divina
2538 4821 2885 4895 simplicitas,
2918 4825 3013 4895 qui
3048 4826 3120 4879 sit
3149 4821 3306 4880 actus
3334 4823 3487 4878 omni
3516 4839 3721 4895 vacans

2126 4892 2549 4964 compositione,
2577 4892 2785 4964 suaque
2825 4892 3232 4963 ipsi—operatio,
3276 4894 3717 4964 rite_explicata,

2127 4962 2196 5033 ad
2242 4978 2407 5030 quam
2449 4962 3085 5033 quoquomodo’animus
3113 4965 3347 5029 accedit,
3395 4962 3450 5018 in
3495 4962 3720 5019 silentio

2126 5032 2223 5087 illo
2263 5048 2492 5106 versans
2527 5032 2677 5105 quod
2722 5034 3067 5106 intelligendi
3111 5035 3221 5089 vim
3257 5042 3722 5106 omnem‘actum-

2125 5118 2234 5174 que
2278 5104 2515 5167 excedit,
2546 5104 2609 5159 ut
2642 5104 2923 5173 superiori
2951 5121 3074 5174 cap.
3112 5115 3348 5174 uterque
3394 5104 3717 5174 theologus;

2128 5173 2358 5247 ipsoque
2390 5174 2515 5236 hoc,
2551 5174 2646 5247 τὴν
2676 5174 2770 5227 τοῦ
2817 5177 2958 5229 νοεῖν
3000 5173 3342 5246 ὑπεροχικῶς
3382 5174 3721 5247 exaestuatio;

2125 5243 2374 5317 δύναμιν,
2424 5244 2580 5317 quasi
2604 5243 2844 5317 excussa
2889 5243 3204 5317 scutataque
3229 5244 3515 5317 secundum
3544 5243 3717 5298 excel—

2129 5311 2310 5387 lentite
2338 5311 2959 5387 ratipnemintelligendi
3002 5317 3052 5369 vi
3086 5311 3149 5373 dc
3177 5315 3436 5387 facultate
3467 5331 3485 5369 :
3519 5328 3718 5387 nempe

2125 5383 2424 5464 quominus
2450 5383 3118 5467 intelligit-ac‘suspensus
3135 5383 3374 5467 caligine
3394 5394 3449 5467 et
3475 5383 3718 5467 ᾁγνωοξξᾳ

2127 5453 2345 5527 animus
2373 5463 2472 5527 est!
2503 5453 2816 5527 (ardoribus
2848 5453 3079 5527 scilicet
3104 5453 3414 5527 cbaritatis)
3446 5455 3539 5527 psic
3564 5453 3717 5527 altis;

2128 5523 2265 5578 sime
2285 5523 2650 5609 intelligens;
2678 5525 2773 5580 ubi
2801 5527 2988 5609 Picus,
3010 5523 3414 5609 Aliquautispcr
3436 5526 3493 5580 in
3513 5526 3719 5605 unitate

2128 5609 2247 5647 eum
2279 5594 2608 5667 intelligendi
2640 5599 3075 5667 praestantissime
3114 5594 3386 5667 depasuit;
3430 5612 3541 5650 non
3584 5594 3717 5649 satis

2129 5665 2405 5738 apte__h:ec
2432 5665 3097 5738 supcriOribusjungens,
3134 5665 3325 5738 γέγονε
3354 5666 3534 5738 ποσῶς
3564 5667 3621 5716 ὲν
3648 5667 3711 5733 τῇ

2132 5735 2347 5811 μονάδι,
2388 5736 2737 5811 ac__utris_que
2783 5735 2852 5793 id’
2887 5735 3121 5801 reddens
3169 5737 3318 5811 quod
3361 5735 3713 5810 mysticorum

2127 5820 2292 5859 nemo
2333 5805 2684 5862 intellexerit.
