4076 6430
418 332 555 409 lll_9

1589 332 1651 394 S.
1692 331 1982 392 MAXIMI
2021 329 2538 394 CONFESSORIS

3567 329 3701 397 1120

486 439 577 495 85.
603 438 815 511 Caligo,
858 440 1129 495 obscurus
1158 448 1244 496 est
1277 456 1376 495 seu
1428 440 1664 507 invisus,
1700 454 2013 509 expersque

2192 447 2294 517 mf.
2339 439 2401 493 ⁸0
2423 441 2621 511 γνόφος
2642 439 2810 506 ἐστὶν,
2834 441 2869 512 ἡ
2897 438 3084 509 ἀειδὴς
3113 439 3207 494 καὶ
3235 437 3400 503 άῦλος
3428 436 3526 493 καὶ
3556 438 3702 493 ἀσώ-

416 533 664 588 materire
693 549 758 587 ac
788 532 1155 603 incorporeus
1177 542 1379 599 status,
1406 533 1779 604 exemplarem
1825 547 2012 587 rerum

414 623 709 679 scientiam
742 625 956 681 habens
987 625 1087 680 :.in
1145 641 1313 696 quam
1344 625 1439 696 qui
1478 626 1762 696 ingressus
1788 634 1895 689 est,
1922 623 2010 677 vel

416 725 476 770 ut
505 717 650 772 alius
678 718 954 788 quispiam
988 718 1186 782 Moses,
1221 714 1443 773 mortali
1480 727 1695 772 naturae
1726 717 2011 786 inaspeeta

416 809 771 876 considerat;
819 810 925 865 hac
964 810 1254 876 nimirum,
1300 810 1618 865 divinarum
1655 809 1819 880 5,81
1865 810 1921 864 in
1953 825 2012 865 se

414 895 685 950 virtutum
712 897 971 964 decorem
1003 898 1331 964 informans,
1366 907 1626 970 tanquam
1657 899 1862 954 tabella
1884 913 2011 970 gra-

414 986 578 1055 phice
607 987 754 1056 picta
794 987 1101 1053 descendit,
1129 988 1403 1059 principis
1432 988 1624 1043 forma:
1660 988 1893 1059 ejusque
1920 987 2014 1042 de-

414 1079 564 1133 coris
609 1096 926 1151 expressam
972 1082 1204 1152 pulchre
1249 1082 1675 1139 similitudinem
1717 1082 2008 1150 referens;

416 1172 537 1240 ipse
570 1187 628 1226 se
674 1173 783 1228 illis
830 1174 1143 1244 exemplum
1181 1174 1520 1245 producens,
1561 1175 1765 1247 quibus
1802 1175 2011 1229 ut‘vir-

418 1272 594 1318 tutem
637 1264 927 1321 imitentur
968 1267 1155 1321 animo
1197 1260 1565 1323 constitutum
1595 1276 1718 1334 est;
1768 1267 2013 1337 hincque

416 1357 557 1411 adeo
612 1368 888 1430 perceptae
948 1361 1136 1431 gratize
1194 1368 1360 1432 atque
1416 1362 1664 1417 muneris
1718 1361 2012 1433 benignam

414 1448 769 1519 largitionem
799 1460 965 1521 atquc
996 1452 1336 1507 allluentiam
1366 1453 1685 1509 ostendens.
1762 1448 1765 1451 ’

486 1543 575 1596 86.
609 1541 715 1609 Qui
739 1543 880 1598 labis
910 1544 1058 1614 puri,
1085 1544 1341 1616 religiosa
1372 1546 1578 1616 pietate
1613 1546 1884 1601 nitentem
1918 1562 2013 1601 co—

416 1632 542 1686 lunt
597 1634 1048 1707 philosophiam,
1108 1637 1414 1691 maximum
1468 1653 1538 1693 ex
1593 1638 1716 1709 ejus
1778 1638 2010 1694 scientia

417 1726 634 1781 lucrum
683 1730 1124 1796 nanciscuntur;
1176 1729 1284 1784 hoc
1328 1745 1551 1800 nempe,
1597 1739 1658 1784 ut
1698 1745 1857 1785 mens
1902 1746 2010 1786 una

416 1834 543 1873 cum
598 1820 786 1887 rebus,
832 1839 1140 1893 earumque
1185 1823 1575 1878 immutatione
1617 1839 1730 1877 non
1770 1825 2013 1894 amplius

416 1921 694 1980 mutetur;
729 1913 825 1969 sed
852 1916 1129 1970 constanti
1163 1913 1448 1980 firmitate,
1486 1915 1757 1986 quidquid
1791 1916 2015 1972 virtutis

416 2003 616 2058 rationi
652 2014 942 2077 congruat,
985 2015 1245 2079 prompto
1274 2008 1460 2062 animo
1490 2016 1659 2078 atque
1701 2007 1873 2063 alacri
1922 2006 2015 2081 ag—

414 2097 761 2167 grediantur.

485 2190 574 2244 87.
608 2191 714 2258 Qui
749 2207 850 2263 per
884 2191 1157 2263 Spiritum
1190 2194 1367 2264 prima
1386 2193 1441 2249 in
1469 2192 1695 2250 Christo
1729 2212 1898 2253 carne
1930 2198 2014 2253 in-

413 2285 777 2354 corruptione
807 2286 1074 2356 baptizati
1113 2302 1327 2351 sumus,
1364 2302 1679 2357 supremam
1707 2289 2012 2344 secundum

418 2376 599 2445 ipsum
628 2376 682 2432 in
713 2378 938 2449 spiritu,
976 2388 1275 2449 augmento
1316 2378 1532 2435 scilicet
1563 2379 1837 2434 bonorum
1878 2395 2014 2450 ope-

416 2483 562 2532 rum,
591 2468 901 2539 mortisque
936 2467 1088 2522 illius
1115 2484 1238 2538 quae
1270 2467 1443 2522 animi
1470 2468 1760 2538 proposito
1788 2478 2016 2538 praesta-

417 2568 529 2626 tur,
573 2561 763 2630 priore
811 2561 1249 2616 incontamiuata
1293 2572 1534 2627 servata,
1577 2570 2009 2632 exspectamus:

415 2666 580 2719 quam
613 2653 871 2722 quisquis
899 2652 1139 2723 adeptus
1176 2661 1281 2719 est,
1319 2668 1515 2708 eorum
1560 2668 1685 2723 quae
1714 2652 1884 2708 habet
1909 2652 2013 2707 bo-

413 2758 616 2800 norum
639 2747 919 2817 jacturam
956 2761 1067 2800 non
1095 2745 1276 2802 timet.

484 2921 574 2977 88.
595 2923 735 2979 Cum
758 2925 872 2981 Deo
898 2926 1268 2980 constitutum
1289 2936 1459 2992 esset,
1484 2932 1546 2980 ut
1572 2927 1893 2982 mortalium
1915 2944 2013 2999 ge-

412 3014 558 3080 neri,
595 3032 705 3086 qua
745 3017 800 3071 in
826 3017 1012 3088 ipsum
1042 3018 1428 3075 misericordia
1457 3029 1562 3085 est,
1592 3019 1795 3076 divinae
1819 3037 1851 3076 e
1872 3022 2014 3077 emlo

414 3108 640 3163 virtutis
684 3124 889 3165 munus
922 3110 1283 3179 demitteret,
1324 3127 1548 3166 sacrum
1592 3113 1894 3186 symbolice
1926 3124 2013 3170 ta-

412 3202 804 3269 bernaculum,
849 3205 1081 3275 ejusque
1129 3220 1259 3260 vasa
1302 3206 1491 3260 omnia
1539 3205 1846 3263 fabricatus
1887 3218 2011 3275 est;

413 3296 562 3366 quod
602 3296 869 3351 nimirum
904 3313 1167 3368 expressa
1204 3299 1489 3370 sapientiae
1519 3299 1703 3371 imago
1731 3300 2014 3373 ﬁguraque

413 3406 479 3447 ac
504 3392 865 3447 simulacrum
886 3401 1057 3449 esset.

484 3484 573 3540 89.
608 3484 747 3540 Novi
787 3485 1129 3542 Testamenti
1175 3486 1357 3557 gratia
1415 3486 1645 3558 mystice
1696 3487 1754 3542 in
1798 3488 2015 3546 Veteris

411 3573 759 3631 Testamenti
791 3577 977 3632 littera
1003 3577 1332 3633 abscondita
1361 3585 1447 3634 est
1481 3595 1495 3632 :
1526 3577 1738 3633 idcirco
1758 3580 1836 3635 ait
1866 3581 2014 3652 Apo‘

409 3669 590 3723 stolus
649 3668 840 3740 legem,
878 3670 1190 3741 spiritalem
1235 3689 1358 3730 esse
1384 3674 1452 3730 ".
1501 3675 1619 3732 Lex
1661 3677 1872 3749 itaque,
1915 3680 2012 3735 lit-

416 3769 548 3816 teras
581 3762 806 3831 quidem
846 3763 1061 3821 ratione
1110 3766 1459 3837 antiquatur,
1501 3770 1855 3840 senescitque
1878 3786 2012 3826 eva-

414 3854 723 3941 cuanda”;
759 3855 960 3925 spiritu
1005 3873 1139 3913 vero
1164 3875 1386 3930 semper
1419 3859 1613 3917 efficax
1647 3861 1816 3933 viget.
1858 3863 2015 3934 Ejus-

416 3946 565 4001 modi
590 3947 739 4001 enim
763 3956 849 4003 est
875 3948 1075 4019 gratia,
1096 3958 1158 4005 ut
1186 3950 1339 4006 nulla
1361 3950 1593 4007 omnino
1612 3952 1819 4008 sentiat
1851 3960 2014 4009 vetu-

417 4038 577 4093 statis
619 4038 938 4109 dispendia.

484 4128 573 4185 90.
623 4129 740 4186 Lex
778 4131 1026 4202 quidem,
1064 4132 1350 4205 Evangelii
1393 4133 1648 4189 umbram
1695 4135 1907 4204 habet;
1955 4146 2013 4194 at

416 4218 799 4292 Evangelium,
831 4222 1149 4280 futurorum
1173 4224 1452 4280 bonorum
1483 4224 1665 4296 imago
1687 4233 1807 4294 est;
1843 4234 2012 4297 atque

420 4311 516 4366 illa
542 4313 795 4383 quidem,
837 4315 981 4370 mala
1002 4316 1225 4386 operari
1274 4317 1569 4388 prohibet;
1620 4318 1748 4387 hoc,
1795 4318 2009 4390 agenda

418 4405 562 4461 bona
595 4408 861 4477 proponit
884 4417 1052 4480 atque
1077 4411 1328 4467 exhibet.

2119 548 2288 601 ματος
2312 532 2669 597 κατάστασις,
2702 535 2735 604 ἡ
2767 533 2869 602 τὴν
2899 531 3416 604 παραδειγματικὴν
3453 531 3564 587 τῶν
3615 532 3704 586 ὃν·

2113 638 2223 675 των
2249 620 2449 692 ἔχουσα
2480 622 2682 692 γνῶσιν
2703 640 2717 653 ο
2744 624 2803 676 ὲν
2899 624 2927 676 ὁ
2966 623 3260 693 γενόμενος
3298 622 3476 688 ἐντὸς,
3528 623 3702 679 καθά·

2114 730 2222 786 περ
2250 731 2335 777 τις
2363 713 2523 777 ἄλλος
2571 712 2834 783 Μωῦσῆς,
2888 711 3051 783 φύσει
3111 713 3282 786 θνητῇ
3334 716 3591 769 κατανοεί
3635 714 3705 770 τὰ

2115 806 2356 861 ἀθέατα⁸
2387 807 2454 861 δι’
2480 800 2549 877 ἧς
2599 806 2709 860 τῶν
2749 806 2911 861 θείων
2945 805 3159 875 ἀρετῶν
3184 807 3243 859 ἐν
3278 806 3457 877 ἑαυτῷ
3489 808 3695 879 ζωγρα-

2115 900 2300 971 φήσας
2330 899 2393 954 τὸ
2438 899 2654 967 κάλλος,
2696 900 2886 971 ῶσπερ
2928 900 3150 973 γραφὴν
3174 900 3499 971 εὐμιμήτως
3541 899 3704 972 [unus

2116 993 2246 1065 Reg.
2292 992 2620 1066 εὐμίμητον]
2652 992 2880 1064 ἔχουσαν
2912 992 3008 1046 τοῦ
3038 991 3352 1064 ἀρχετύπου
3387 991 3617 1056 κάλλους
3643 992 3707 1044 τὺ

2114 1084 2509 1156 ἁπεικόνισμα,
2563 1084 2812 1139 κάτεισιν
2836 1101 2850 1115 ο
2874 1084 3070 1141 ἑαυτὸν
3107 1082 3548 1156 προΰαλλόμενος
3590 1084 3708 1146 τοῖς

2116 1175 2466 1248 βουλομένοις
2527 1172 2815 1246 μιμεῖσθαι
2864 1172 2967 1245 ’τὴν
3016 1172 3242 1245 ἀρετὴν,
3293 1173 3388 1226 καὶ
3424 1174 3483 1226 ἐν
3530 1170 3709 1243 τούτῳ

2114 1266 2352 1331 δεικνὺς,
2386 1259 2454 1338 ἧς
2517 1265 2832 1338 μετειλήφει
2864 1265 3107 1338 χάριτος,
3143 1265 3205 1319 τὸ
3231 1263 3618 1337 φιλάνθρωπόν
3645 1281 3708 1318 τε

2114 1346 2208 1413 καὶ
2234 1358 2486 1429 ἄφθονον.

2187 1537 2307 1602 πς’.
2335 1537 2354 1557 ⁹
2408 1535 2474 1589 οι
2517 1535 2763 1599 ἀσπίλως
2792 1533 2891 1607 τὴν
2947 1534 3091 1591 κατὰ
3132 1535 3269 1591 Θεὸν
3311 1538 3705 1609 μετερχόμενοι

2115 1627 2458 1698 φιλοσοφίαν,
2495 1626 2751 1697 μέγιστον
2776 1626 2842 1680 ὲκ
2879 1627 2981 1696 τῆς
3042 1629 3166 1683 κατ’
3196 1628 3366 1701 αὐτὴν
3392 1629 3708 1700 ἐπιστήμης

2117 1719 2308 1787 κέρδος
2358 1719 2673 1789 εὑρίσκουσι
2701 1735 2715 1749 ·
2774 1717 2859 1783 τὸ,
2910 1719 3111 1789 μηκέτι
3160 1719 3261 1793 τὴν
3326 1718 3556 1792 γνώμην
3582 1718 3708 1782 τοῖς

2044 1786 2087 1845 Β
2116 1811 2405 1882 πράγμασι
2426 1786 3039 1882 ’συμμεταϐάλλεσθαίο
3090 1786 3228 1866 ἀλλά
3267 1786 3387 1883 μετ’
3410 1786 3709 1874 εύσταθοῦς

2117 1902 2465 1975 βεϐαιότητος
2484 1909 2642 1975 [unus
2665 1901 2793 1974 Reg.
2812 1901 3216 1975 γενναιότητος]
3244 1902 3322 1976 (u)
3351 1904 3516 1958 πᾶσιν
3538 1905 3710 1975 ἐγχει-

2120 2000 2234 2069 ρεῖν
2281 1994 2577 2069 προθύμως
2610 1999 2724 2061 τοῖς
2770 1994 3073 2069 ἁρμόζουσι
3125 1996 3204 2072 τῷ
3254 1996 3398 2068 λόγῳ
3440 1997 3541 2062 τῆς
3577 1997 3711 2070 ἀρε-

2115 2106 2237 2158 της.

2189 2177 2298 2243 πξ.
2353 2177 2467 2250 Τὴν
2523 2178 2664 2231 κατὰ
2716 2178 2897 2251 σάρκα
2951 2176 3176 2249 πρώτην
3232 2179 3290 2233 ἐν
3344 2179 3568 2252 Χριστῷ
3621 2179 3710 2234 διὰ

2115 2273 2438 2344 Πνεύματος
2489 2272 2883 2344 βαπτισθέντες
2939 2271 3052 2344 [Im
3103 2273 3422 2344 κτηθέντες,
3479 2274 3708 2344 primam

2117 2368 2263 2422 nacti
2311 2364 2782 2439 incorruptionem]
2818 2365 3151 2438 ἀφθαρσίαν,
3197 2365 3296 2438 τὴν
3327 2367 3568 2438 ἐσχάτην
3585 2366 3709 2422 κατ’

2116 2462 2279 2518 αὐτὸν
2318 2465 2377 2516 ὲν
2413 2460 2733 2533 Πνεύματι’
2790 2461 2860 2513 δι’
2897 2460 3196 2526 ἐπιδόσεως
3253 2461 3432 2532 ἔργων
3486 2460 3710 2531 ἀγαθῶν

2116 2556 2383 2628 δηλονότι,
2410 2553 2626 2608 καὶτοῦ
2666 2554 2809 2608 κατὰ
2845 2554 3106 2627 πρόθεσιν
3138 2536 3395 2623 Θανάτου,
3431 2555 3531 2628 τὴν
3576 2572 3710 2626 προ-

2115 2651 2280 2721 τέραν
2325 2648 2663 2721 φυλάξαντες
2733 2648 3088 2716 ἀκηλίδωτον,
3149 2649 3487 2721 ὲκδεχόμεθα
3511 2664 3526 2678 ⁸
3584 2649 3707 2706 καθ’

2115 2744 2182 2815 ἢν
2211 2742 2318 2797 τῶν
2354 2741 2609 2812 ἐχόντων,
2655 2739 2832 2805 οὐδεὶς
2881 2739 3156 2812 ἀποϐολὴν
3193 2740 3398 2795 δέδοικε
3430 2740 3541 2795 τῶν
3571 2757 3707 2813 κτη-

2116 2834 2316 2890 θέντων
2353 2833 2598 2904 ἀγαθῶν.
3464 2876 3481 2889 .

2183 2934 2300 2999 πην.
2327 2928 2451 2992 Τοῖς
2486 2928 2579 2981 ἐπὶ
2617 2929 2742 3000 γῆς,
2774 2927 2876 2996 τῆς
2925 2925 3077 2987 θείας
3105 2925 3308 2997 ἀρετῆς
3355 2924 3449 2978 ἀπ’
3476 2922 3705 2995 ούρανοῦ

2115 3021 2182 3072 δι’
2210 3018 2358 3073 ἔλεον
2383 3020 2475 3073 τὸν
2498 3021 2635 3092 πρὸς
2655 3023 2803 3093 ἡμᾶς
2825 3021 2927 3091 τὴν
2955 3019 3118 3090 χάριν
3132 3017 3492 3090 καταπέμψαι
3511 3018 3704 3090 βουλη-

2040 3145 2086 3207 c
2118 3110 2232 3176 Osi;
2279 3115 2308 3167 ὁ
2359 3114 2511 3180 Θεὸς,
2584 3114 2929 3186 συμϐολικῶς
2960 3113 3061 3186 τὴν
3096 3112 3247 3184 ἱερὰν
3281 3112 3489 3207 σκηνὴν
3521 3112 3706 3167 καὶτὰ

2117 3207 2176 3258 ὲν
2206 3206 2343 3277 αὐτῇ
2379 3206 2560 3261 πάντα
2586 3207 2962 3262 κατεσκεύασε
2984 3223 2998 3237 ·
3033 3205 3228 3276 σοφίας
3268 3199 3435 3259 οὖσαν
3482 3202 3706 3258 ἀπεικό-

2115 3315 2285 3369 νισμα
2306 3299 2401 3352 καὶ
2419 3299 2594 3353 τύπον
2618 3299 2715 3354 καὶ
2737 3299 2992 3372 μίμημα.
3070 3347 3074 3351 ,

2187 3482 2296 3536 πθ’.
2339 3482 2403 3534 Ἥ
2430 3480 2592 3552 χάρις
2624 3481 2723 3550 τῆς
2760 3480 2909 3544 Νέας
2937 3480 3239 3551 Διαθήκης,
3296 3477 3576 3549 μυστικῶς

2113 3577 2213 3646 τῆς
2271 3574 2517 3638 [Ιαλαιᾶς
2591 3575 2902 3646 κέκρυπται
2969 3574 3294 3645 γράμματιο
3346 3573 3429 3627 διό
3481 3587 3648 3642 φησιν
3679 3571 3708 3624 ό

2127 3669 2471 3732 Ἀπόστολος,
2498 3652 2579 3723 ὅτι
2632 3671 2660 3723 ὁ
2688 3668 2854 3739 νόμος
2886 3668 3274 3740 πνευματικῶς
3303 3670 3474 3723 ἐστιν.
3532 3666 3592 3719 ὐ
3616 3661 3709 3719 οὖν

2113 3761 2297 3833 νόμος,
2326 3761 2407 3832 τῷ
2440 3762 2544 3833 μὲν
2581 3761 2898 3833 γράμματι,
2934 3761 3264 3816 παλαιοῦται
3294 3761 3390 3815 καὶ
3435 3758 3708 3833 γηράσκει

2114 3852 2565 3926 καταργούμενος
2616 3871 2631 3886 ⁸
2701 3852 2782 3926 τῷ
2847 3854 2904 3908 δὲ
2953 3855 3252 3927 πνεύματι,
3331 3851 3515 3916 νεάζει
3597 3850 3711 3905 δια-

2114 3947 2319 4012 παντὸς
2371 3946 2790 4020 ὲνεργούμενος.
2829 3949 2894 4003 Ἠ
2919 3948 3029 4023 γὰρ
3057 3949 3223 4021 χάρις
3246 3947 3528 4012 παντελῶς
3569 3949 3711 4002 ἁπαο

2113 4041 2364 4105 λαίωτος.

2190 4139 2261 4202 Lf.
2301 4134 2362 4187 Ὀ
2418 4134 2520 4204 μὲν
2559 4136 2745 4207 νόμος,
2770 4137 2930 4192 σκιὰν
2960 4136 3074 4209 ἔχει
3107 4137 3204 4192 τοῦ
3243 4137 3588 4207 Εὐαγγελίου
3608 4154 3622 4170 σ
3650 4137 3712 4193 τὸ

2109 4226 2171 4279 δὲ
2203 4225 2563 4295 Εὐαγγέλιον,
2591 4225 2759 4280 εἰκών
2794 4230 2911 4281 ἐστι
2949 4229 3059 4282 τῶν
3108 4228 3414 4301 μελλόντων
3463 4228 3709 4299 ἀγαθῶν.

2123 4318 2187 4370 '0
2218 4317 2319 4388 μὲν
2372 4318 2483 4390 γὰρ
2542 4318 2744 4373 κωλύει
2796 4319 2900 4385 τὰς
2963 4322 3073 4375 τῶν
3124 4323 3314 4377 κακῶν
3376 4322 3663 4398 ἐνεργείας
3694 4339 3709 4355 υ

2116 4409 2176 4464 τὸ
2202 4409 2280 4473 δὲ,
2301 4408 2401 4474 τὰς
2430 4411 2662 4483 πράξεις
2707 4413 2816 4466 τῶν
2855 4413 3077 4482 ἀγαθῶν
3114 4416 3494 4487 παρατίθεται.

488 4497 577 4553 91.
611 4499 935 4558 Uuiversam
972 4501 1319 4574 Scripturam
1360 4520 1597 4570 sacram,
1626 4505 1802 4561 instar
1840 4504 2012 4576 spiri-

2189 4468 2301 4571 ιταλ.
2353 4468 2660 4577 Ἱζὴνιάγίαν
2695 4506 2827 4578 ὅλην
2878 4468 3127 4579 έραφὴν,
3181 4468 3711 4583 σαρκί-ἐξαιρεῖσθαι

420 4588 549 4645 talis
587 4592 879 4663 cujusdam
930 4595 1198 4661 hominis,
1239 4612 1410 4654 carne
1464 4597 1639 4653 dividi
1690 4613 1758 4653 ac
1810 4597 2012 4668 spiritu

419 4681 679 4740 dicimus.
705 4685 843 4742 Nam
874 4690 971 4759 qui
1003 4688 1152 4746 dicat
1181 4688 1485 4761 Scriptura;
1515 4700 1864 4757 contextum,
1890 4706 2017 4746 ver-

489 4841 536 4877 ⁴⁹
555 4846 717 4902 Rom.
740 4861 828 4900 vu.
860 4845 947 4901 M.
1023 4846 1069 4878 ⁸ο
1093 4844 1261 4904 Hebr.
1285 4865 1399 4916 VIII,
1425 4850 1516 4907 15.

490 5002 506 5023 ‘
540 5001 656 5057 Mar
696 5044 710 5057 .
739 5002 832 5057 Fr.
861 5002 974 5057 Καὶ
989 5004 1167 5058 ταῦτα
1200 5006 1343 5061 κατὰ
1384 5004 1494 5059 τῶν
1532 5007 2029 5080 Χριστιανοκατη-Δ

490 5090 619 5144 ρων,
648 5018 772 5145 ἕτοι
818 5074 1285 5132 Είκονοκαυστῶν.
1350 5075 1477 5133 ch
1520 5094 1728 5145 quoque
1760 5080 2013 5136 adversus

418 5072 619 5161 γόρων,
648 5072 772 5145 ἦτοι
818 5074 1285 5132 Είκονοκαυστῶν.
1350 5075 1477 5133 ch
1520 5072 1728 5151 quoque
1760 5072 2013 5136 adversus

495 5228 572 5301 (ιι)
606 5231 743 5282 Μετ’
776 5230 1115 5297 εὐσταθοῦς
1134 5232 1549 5301 βεϐαιότητος.
1585 5233 1900 5291 Obscurum
1929 5236 2015 5291 vi-

422 5297 537 5371 deri
568 5307 898 5371 queattquo
917 5317 986 5356 ex
1015 5303 1196 5371 capite
1230 5297 1637 5360 existimaverit
1673 5305 2017 5363 Scholiastes

422 5368 715 5446 Dul’renii,
764 5368 884 5426 haec
915 5368 1218 5446 adversari
1263 5375 1569 5446 imaginum
1633 5378 2015 5444 eversoribus,

421 5455 548 5509 eum
579 5439 847 5496 Maximus
872 5442 1013 5497 nihil
1038 5441 1312 5500 hactenus
1347 5439 1569 5501 locutus
1611 5449 1685 5503 sit
1724 5448 1792 5504 de
1829 5439 2024 5509 imagil

422 5509 609 5565 nibus.
630 5509 714 5566 An
731 5510 862 5580 quia
882 5512 964 5567 illi
985 5513 1361 5570 causabantur
1378 5516 1680 5575 descivisse
1704 5519 1773 5574 ad
1798 5509 2025 5575 idolola-

422 5580 586 5647 triam
613 5579 962 5659 Christianos
988 5597 1183 5659 earum
1219 5587 1395 5659 cultu,
1421 5589 1568 5656 quod
1600 5590 1765 5659 longe
1814 5598 1902 5647 est
1953 5590 2023 5645 ab

422 5662 618 5731 eorum
669 5651 1003 5731 constantia,
1051 5653 1146 5722 qui
1209 5651 1457 5712 divinam
1505 5651 1738 5731 strenue
1772 5660 2021 5730 philoso-

426 5718 616 5797 phiam
666 5721 1034 5797 colunttnec
1070 5718 1270 5778 rerum
1321 5729 1633 5786 mutatione
1691 5718 2020 5797 mutantur;

429 5791 626 5879 quales
651 5791 959 5871 praesertim
983 5792 1280 5850 eluxerunt
1303 5812 1404 5869 pel:
1431 5799 1548 5855 hazc
1612 5811 1883 5873 tempora,
1918 5791 2013 5879 qui

2118 4597 2356 4668 λέγομεν
2386 4599 2476 4651 καὶ
2510 4598 2782 4670 πνεύματι
2809 4616 2823 4631 ·
2891 4600 3144 4670 καθάπερ
3186 4600 3310 4653 τινὰ
3339 4603 3713 4673 πνευματικὸν

2121 4690 2408 4763 ἄνθρωπον
2436 4684 2625 4748 οὖσαν.
2661 4693 2719 4746 '0
2752 4691 2864 4764 γὰρ
2884 4692 2949 4746 τὸ
2973 4692 3139 4764 ῥητὸν
3171 4692 3269 4764 τῆς
3296 4692 3520 4766 Γραφῆς
3542 4694 3713 4749 εἰπὼν

2112 5006 2548 5089 Christianorum
2579 5013 2998 5089 uituperatores,
3036 5030 3123 5070 eos
3168 5013 3364 5071 scilicet
3396 5018 3489 5089 qui
3530 5035 3717 5075 sacras

2120 5082 2379 5154 imagines
2406 5084 2521 5154 igni
2553 5083 2857 5139 absumunt.

2124 5238 2400 5312 sanctiore
2435 5238 2691 5312 instituto
2726 5238 3154 5312 perUOrientem
3214 5241 3498 5299 vixerunt.
3555 5244 3712 5312 Quod

2125 5309 2196 5364 de
2221 5309 2580 5386 tabernaculo
2606 5308 2777 5386 refert
2825 5308 3122 5386 Maximus
3148 5312 3205 5367 in
3231 5327 3367 5386 seq._
3399 5315 3499 5369 Dei
3556 5308 3712 5386 jussu

2126 5381 2412 5456 conditum
2430 5394 2553 5456 esse
2566 5388 2628 5456 ut
2656 5379 2945 5450 sapientiae
2959 5379 3718 5456 εἰῳεηεοηιιῃζάπεικόῦισμα

2123 5451 2219 5503 καὶ
2240 5449 2412 5525 τύπον
2443 5451 2539 5504 καὶ
2568 5449 2824 5525 μίμημα,
2853 5466 2982 5525 eum
3009 5450 3401 5525 illisomnibus
3418 5471 3542 5525 quas
3570 5449 3715 5513 in'eo

2123 5520 2580 5595 continebantur,
2600 5520 2830 5593 propius
2862 5521 2931 5595 ad
2970 5522 3238 5595 imagines
3260 5520 3709 5595 spectat,earum.

2122 5601 2232 5662 que
2260 5591 2471 5646 cultum
2503 5607 2519 5659 ;
2554 5591 2683 5647 nam
2731 5600 2805 5662 et,
2841 5591 3257 5648 tabernaculum
3290 5591 3713 5653 ‘venerationem

2123 5661 2390 5737 habebat,
2429 5673 2493 5717 ut
2528 5662 2663 5737 quid
2688 5661 2905 5737 scilicet
2932 5662 3028 5718 Dei
3050 5664 3506 5737 atqueidivinum
3538 5684 3720 5737 σχετιο

2124 5732 2259 5856 κῆς,
2296 5732 2394 5803 qui
2428 5731 2575 5790 unus
2596 5731 2878 5806 legitimus
2900 5741 2985 5790 est
3038 5731 3369 5794 Christianis
3415 5731 3711 5813 imagi'uum

2124 5818 2193 5856 cu
2222 5812 2330 5856 tus.

2124 5812 2330 5859 cultus.
