4076 6402
433 345 565 410 1121

1267 342 1604 408 CAPITUM
1641 345 1915 404 TIIEOL.
1955 344 2050 403 ET
2089 344 2325 405 (ECON.
2367 345 2756 407 CENTURIA
2799 349 2849 409 Ι.

3575 348 3710 413 112%

428 450 570 508 εἶναι
597 453 777 526 σάρκα
805 470 821 486 ⁸
863 455 953 508 τὸν
986 455 1041 508 δὲ
1094 455 1298 525 ταύτης
1345 453 1494 518 νοῦν,
1551 449 1790 524 πνεῦμα,
1850 454 2019 523 ἢγουν

2125 457 2306 526 baque
2360 457 2476 526 ipsa
2519 472 2748 534 carnem
2803 472 2959 526 esse;
3011 459 3354 515 intellectum
3409 468 3596 514 autem
3647 477 3712 517 ac

426 542 628 614 ψυχὴν,
688 546 788 616 τῆς
830 545 1088 618 ἀληθείας
1142 541 1236 598 οὖν
1293 546 1696 616 ἁμαρτήσεται.
1741 543 1912 612 Σοερὸς
1957 542 2015 595 δὲ

430 635 735 706 προδήλως,
758 639 786 691 6
817 639 878 691 τὸ
933 637 1030 708 μὲν
1084 637 1443 708 φθειρόμενον
1479 635 1638 704 ἀφείς
1659 653 1672 665 ·
1701 637 1820 700 ὅλος
1857 634 2014 708 [unus

437 724 561 796 Reg.
595 728 756 801 ὅλως]
787 730 844 783 δὲ
873 729 968 783 τοῦ
989 729 1270 800 ἀφθάρτου
1307 730 1620 800 γενόμενος.

503 907 610 976 ιιβν.
653 908 714 960 ’0
745 908 843 976 μὲν
893 908 1080 979 νόμος,
1110 907 1248 978 σάρξ
1277 911 1393 960 ἐστι
1423 905 1516 960 τοῦ
1549 906 1691 960 κατά
1736 905 1831 977 τὴν
1856 905 2018 974 ἁγίαν

427 1001 656 1070 Γραφὴν
715 1001 1092 1071 πνευματικοῦ
1138 1000 1468 1072 ἀνθρώπιον
1519 999 1772 1071 αἴσθησις
1819 998 1898 1062 δὲ,
1966 999 2016 1050 οί

429 1093 712 1164 προφῆται
740 1111 752 1123 ·
779 1093 840 1146 τὸ
866 1093 922 1146 δὲ
955 1094 1303 1162 Εὑαγγέλιον,
1344 1092 1492 1164 ψυχὴ
1522 1093 1712 1164 νοερὰ·
1741 1091 1830 1145 διὰ
1887 1107 2020 1161 σαρ-

430 1185 526 1249 tab;
550 1185 645 1238 τοῦ
694 1187 888 1256 νόμου,
934 1188 1029 1240 καὶ
1093 1187 1161 1239 δι’
1212 1185 1521 1258 αἰσθήσεως
1576 1185 1687 1239 τῶν
1721 1183 2018 1256 προφητῶν

431 1278 732 1350 ἐνεργοῦσα
756 1295 770 1310 ·
807 1281 902 1333 καὶ
923 1279 1020 1351 τὴν
1049 1280 1252 1350 ἑαυτῆς
1293 1278 1520 1350 δύναμιν
1552 1282 1674 1342 ταῖς
1711 1277 2014 1348 ἐνεργείαις

428 1373 455 1423 ὲ
465 1373 788 1442 μφαίνουσα.

506 1467 614 1530 κγ’.
641 1463 810 1516 Σκιάν
836 1465 933 1534 μὲν
966 1461 1112 1533 εἶχεν
1142 1464 1371 1531 ὀνόμος.
1396 1463 1578 1514 εἰκόνα
1609 1460 1664 1513 δὲ
1699 1461 1749 1513 οἱ
1803 1459 2010 1528 προῆίῆ·

428 1571 522 1607 ται
565 1555 672 1607 τῶν
709 1557 767 1608 ὲν
798 1556 874 1627 τῷ
930 1555 1246 1624 Εὑαγγελίῳ
1283 1555 1442 1607 θείων
1494 1555 1588 1606 καὶ
1627 1551 2020 1620 πνευματικῶν

429 1644 673 1712 ἀγαθῶν.
715 1645 857 1698 Αὐτὸ
885 1645 942 1698 δὲ
993 1647 1054 1697 τὸ
1108 1645 1458 1714 Εὑαγγέλιον,
1515 1645 1686 1712 αὐτὴν
1739 1643 2021 1715 παροῦσαν

429 1737 566 1807 ἡμῖν
597 1737 683 1790 διὰ
718 1738 828 1790 τῶν
875 1740 1217 1809 γραμμάτων
1247 1737 1416 1802 ἔδειξε
1447 1737 1549 1808 τὴν
1588 1736 1878 1807 ἀλήθειανο
1919 1735 2020 1806 τὴν

2119 565 2368 613 sensum,
2406 549 2666 621 spiritum
2705 550 3088 619 appellaverit,
3139 552 3186 606 is
3226 569 3254 606 a
3298 553 3534 607 veritate
3569 553 3710 606 nihil

2119 639 2486 694 aberraverit.
2521 640 2820 710 Perspicue
2864 651 3046 696 autem
3077 642 3166 695 ille
3208 642 3500 712 sapit,"qui
3539 642 3712 696 misso

2118 748 2185 787 eo
2219 733 2365 802 quod
2392 733 2770 802 corrumpitur
2792 743 2958 803 atque
2998 734 3209 795 interit,
3239 743 3386 788 totus
3415 735 3489 788 illi
3520 734 3710 788 adhic-

2121 830 2227 884 ret,
2259 821 2408 890 quod
2438 821 2574 874 nulli
2609 821 2953 892 corruptioni
2979 822 3278 876 obnoxium
3307 831 3412 876 est.

2189 913 2276 968 92.
2315 914 2446 979 Lex,
2478 930 2606 968 caro
2633 923 2736 976 est,
2769 915 2892 985 ejus
2923 914 3190 984 spiritalis
3227 915 3488 978 hominis,
3526 916 3617 984 qni
3654 916 3710 969 in

2121 1005 2408 1076 Scriptura
2447 1007 2874 1072 consideratur;
2914 1007 3222 1076 propheta},
3265 1021 3488 1070 sensus;
3528 1007 3708 1059 Evan-

2121 1101 2347 1172 gelium,
2382 1101 2564 1153 anima
2604 1099 2952 1170 intelligens;
2986 1099 3149 1170 482
3180 1115 3302 1169 ψιίο
3326 1098 3586 1152 videlicet
3612 1114 3712 1168 per

2127 1209 2353 1247 carnem
2384 1193 2604 1262 (nempe
2624 1192 2848 1262 legem),
2876 1201 2932 1246 et
2953 1208 3051 1262 per
3084 1208 3306 1246 sensum
3334 1192 3410 1264 (id
3443 1199 3545 1255 est,
3577 1206 3710 1260 pro-

2122 1285 2340 1356 phetas)
2373 1294 2659 1356 operetur,
2698 1300 2965 1355 suamque
2999 1285 3114 1355 ipsa
3139 1286 3250 1339 vim
3281 1284 3502 1338 actibus
3531 1282 3712 1336 mani-

2120 1377 2447 1526 feggfiex,
2497 1463 2751 1517 umbram
2784 1463 3135 1518 solummodo
3167 1463 3396 1527 habuit;
3426 1465 3712 1534 prephetae

2123 1570 2277 1618 vero,
2315 1554 2635 1608 divinorum
2681 1570 2746 1608 ac
2787 1554 3117 1624 spiritalium
3160 1555 3456 1619 bonorum,
3495 1571 3617 1624 qua:
3653 1556 3708 1609 in

2123 1647 2427 1718 EV'angelio
2470 1647 2850 1710 continentur,
2885 1647 3200 1715 imaginem.
3247 1647 3430 1715 lpsum
3470 1647 3714 1717 denique

2125 1739 2508 1809 Evangelium,
2550 1739 2724 1809 ipsam
2749 1738 2911 1792 nobis
2949 1739 3120 1793 rebus
3147 1747 3478 1809 priescntem
3505 1741 3711 1794 verita-

427 1831 510 1900 τῷ
558 1829 709 1901 νόμῳ
792 1832 1280 1902 προσκιασθείσαν,
1359 1831 1453 1884 καὶ
1521 1835 1633 1895 τοῖς
1707 1830 2017 1900 προφήταις

2122 1838 2231 1884 tem
2260 1830 2536 1895 exhibuit,
2559 1844 2723 1900 quam
2757 1829 2844 1883 lex
2876 1828 3256 1898 praeeuntibus
3289 1829 3479 1898 ﬁguris
3505 1830 3708 1884 obscu-

428 1921 956 1991 προεικονισθεῖσαν.

504 2103 603 2169 ιπδν.
652 2103 709 2157 ὐ
741 2103 830 2157 τὸν
862 2104 1023 2175 νόμον
1040 2105 1129 2160 διὰ
1156 2104 1270 2176 βίου
1316 2107 1409 2159 καὶ
1434 2105 1712 2169 πολιτείας
1729 2105 2015 2169 ἐπιτελῶν,

432 2197 614 2266 μόνων
641 2196 748 2249 τῶν
776 2197 875 2266 τῆς
913 2198 1116 2262 κακίας
1171 2200 1335 2271 ἀργεῖ
1382 2199 1867 2271 συμπερασμάτων
1921 2198 2017 2269 (ιν),

427 2287 724 2341 καταθύων
769 2286 848 2358 τῷ
882 2287 1001 2358 Θεῷ
1057 2288 1166 2342 τῶν
1217 2289 1429 2358 ἀλόγων
1495 2290 1683 2344 παθῶν
1715 2288 1814 2360 τὴν
1866 2288 2018 2358 ἐνέρ-

425 2395 605 2448 γειαν·
636 2381 731 2433 καὶ
751 2381 928 2451 τούτῳ
949 2381 1085 2452 πρὸς
1111 2383 1384 2455 σωτηρίαν
1409 2383 1665 2454 ἀρκεῖται
1698 2381 1777 2452 τῷ
1802 2381 2013 2451 τρόπῳ,

423 2471 520 2528 διὰ
549 2472 646 2544 τὴν
667 2477 724 2528 ἐν
757 2473 906 2545 αὐτῷ
940 2477 1322 2548 πνευματικὴν
1356 2477 1682 2549 νηπιότητα.

502 2648 603 2718 ιιες
645 2649 703 2702 Ὁ
741 2647 820 2719 τῷ
873 2647 1202 2720 προφητικῷ
1254 2648 1397 2719 λόγῳ
1473 2648 2011 2721 παιδαγιυγούμενος,

425 2740 570 2812 πρὸς
587 2743 655 2811 τῇ
688 2740 930 2812 ἀποϐολῇ
955 2742 1054 2811 τῆς
1088 2741 1197 2794 τῶν
1232 2741 1422 2794 παθῶν
1460 2743 1765 2812 ἐνεργείας,
1794 2743 1888 2796 κάὶ
1917 2743 2015 2806 τὰς

425 2832 573 2886 κατά
607 2831 786 2902 ψυχὴν
825 2831 1228 2902 συνισταμένας
1283 2833 1463 2886 αὐτῶν
1509 2831 1780 2886 ἐκτίθεται
1809 2848 2014 2902 συγκα-

425 2923 682 2988 ταθέσεις
708 2941 722 2954 ·
777 2926 865 2978 ἵνα
916 2925 990 2996 μὴ
1024 2925 1101 2994 τῷ
1155 2923 1396 2996 χείρονι,
1443 2927 1588 2995 φημὶ
1621 2923 1685 2994 δὴ
1720 2927 1784 2996 τῇ
1823 2925 2011 2994 σαρκὶ,

424 3017 602 3070 δοκῶν
658 3017 856 3082 κακίας
884 3017 1220 3088 ἀπέχεσθαι’
1254 3016 1333 3088 τῷ
1373 3018 1663 3088 κρείττονι,
1697 3017 1840 3084 λέγω
1867 3017 1923 3070 δὲ
1946 3019 2011 3088 τῇ

425 3108 599 3180 ψυχῇ,
627 3108 768 3181 λάθῃ
793 3109 998 3180 ταύτην
1025 3109 1267 3179 δαψιλῶς
1295 3109 1710 3181 ὲνεργούμενος.

503 3313 616 3376 ιιςο.
655 3309 714 3362 '0
739 3309 839 3379 τὴν
882 3307 1245 3378 εὖαγγελικὴν
1289 3308 1436 3378 ζωὴν
1477 3307 1717 3378 γνησίως
1768 3307 2014 3371 ἀσπαζό-

427 3417 614 3472 μενος,
647 3400 744 3454 καὶ
790 3401 969 3471 ἀρχὴν
1009 3402 1104 3452 καὶ
1134 3400 1288 3462 τέλος
1323 3399 1515 3452 ἑαυτοῦ
1559 3400 1654 3468 τῆς
1683 3400 1883 3463 κακίας
1925 3400 2013 3464 ἐξ-

422 3495 622 3560 έτεμε·
662 3489 753 3543 καὶ
785 3492 967 3544 πᾶσαν
1005 3490 1209 3560 ἀρετὴν
1236 3488 1382 3559 ἔργῳ
1409 3505 1468 3541 τε
1504 3489 1598 3542 καὶ
1640 3488 1782 3558 λόγῳ
1817 3488 2013 3560 μετέρ-

421 3595 584 3650 χεται
602 3593 616 3607 ·
646 3577 790 3632 θύων
813 3577 1001 3642 θυσίας
1027 3578 1279 3642 αἰνέσεως
1308 3579 1402 3630 καὶ
1422 3577 1884 3650 ἐξομολογήσεως,
1908 3580 2013 3632 πά-

425 3687 534 3742 σης
566 3671 666 3741 τῆς
709 3671 1151 3742 κατ’,ὲνὲργειαν
1203 3670 1312 3723 τῶν
1349 3669 1540 3723 παθῶν
1589 3670 2012 3741 ἀπηλλαγμένος

419 3761 726 3835 ὀχλήσεως,
750 3763 846 3815 καὶ
873 3764 972 3834 τῆς
995 3763 1137 3816 κατά
1161 3761 1286 3814 νοῦν
1303 3762 1441 3834 πρὸς
1468 3761 1607 3815 αὐτὰ
1629 3763 1802 3832 μάχης
1834 3763 2012 3832 ὑπᾶρ-

421 3872 537 3925 χων
582 3853 906 3924 ἐλεύθερος·
965 3855 1061 3909 καὶ
1117 3855 1287 3924 μόνην
1347 3853 1488 3924 ἔχων
1535 3855 1635 3924 τὴν
1682 3853 1770 3906 ἐπ’
1839 3853 2012 3908 ἑλπίδι

417 3946 533 4000 τῶν
575 3947 885 4017 μελλόντων
939 3946 1163 4014 ἀγαθῶν
1215 3946 1313 4019 τὴν
1367 3946 1548 4019 ψυχὴν
1590 3946 2009 4018 διατρέφουσαν,

419 4038 724 4110 ἀκόρεστον
763 4040 978 4112 ἡδονήν.

501 4234 604 4300 ιζ’.
634 4234 758 4298 Τοῖς
789 4233 1234 4304 σπουδαιοτέροις
1271 4232 1380 4287 τῶν
1420 4233 1580 4289 θείων
1610 4234 1842 4305 Γραφῶν
1888 4237 2013 4288 ἐπι-

425 4326 710 4399 μεληταῖς,
777 4327 873 4380 δύο
932 4325 1072 4396 ἔχων
1116 4326 1473 4394 ἀναφαίνεται
1543 4326 1760 4398 μορφάς
1795 4328 1823 4378 6
1871 4325 2012 4380 κατά

425 4416 631 4486 Κύριον
661 4417 868 4486 Λόγος’
925 4417 1024 4488 τὴν
1062 4416 1162 4489 μὲν
1211 4416 1413 4488 κοινὴν
1451 4418 1542 4471 καὶ
1589 4417 2012 4489 δημωδεστέραν

2122 1917 2239 1974 rius
2258 1919 2707 1986 adumbravcrit;
2737 1919 3022 1989 prophetae
3042 1934 3177 1973 vero
3199 1921 3352 1974 velut
3379 1919 3543 1974 ducta
3569 1921 3709 1976 ima-

2118 2011 2244 2080 gine
2276 2012 2610 2067 clarioribus
2648 2012 2818 2066 lineis
2849 2012 3120 2081 tantisper
3161 2010 3708 2081 reprzesentaverint.

2191 2104 2278 2158 94.
2298 2102 2402 2170 Qui
2433 2104 2546 2158 vita
2576 2120 2639 2161 ac
2665 2104 3084 2159 conversatione
3110 2104 3286 2175 legem
3311 2103 3657 2173 exsequitur,
3677 2118 3709 2157 a

2118 2197 2251 2251 solis
2278 2206 2436 2251 vacat
2477 2198 2604 2252 mali
2636 2198 2872 2268 vitiique
2902 2198 3359 2254 conclusionibus
3397 2196 3474 2268 (id
3509 2205 3594 2251 est
3615 2213 3710 2251 ex-

2118 2287 2330 2360 tremis)
2353 2289 2648 2344 immolans
2666 2290 2798 2354 Deo,
2816 2290 2962 2359 quod
2989 2290 3392 2344 irrationalinm
3411 2288 3708 2343 aﬂ'ectuuln

2119 2396 2185 2434 ac
2213 2380 2507 2434 libidinum
2541 2388 2704 2444 nutu,
2731 2389 2854 2435 actu
2879 2381 3111 2451 geritur.
3146 2379 3374 2449 Hocque
3412 2380 3491 2434 illi
3518 2379 3707 2443 modo,

2118 2473 2190 2528 ob
2239 2474 2546 2544 spiritalem
2599 2474 2655 2528 in
2698 2488 2767 2528 eo
2819 2473 3134 2539 infantiam,
3173 2474 3242 2528 ad
3292 2474 3530 2528 salutem
3575 2473 3713 2527 satis

2118 2566 2451 2621 consulitur.

2187 2659 2274 2714 95.
2310 2658 2413 2724 Qui
2445 2658 2778 2728 prephetieo
2803 2673 3060 2713 sermone
3086 2658 3363 2717 eruditur.
3397 2657 3602 2711 nedum
3631 2655 3714 2711 af-

2117 2753 2365 2807 fectuum
2412 2753 2789 2830 vitiorumque
2835 2759 3019 2804 aetum
3061 2749 3254 2820 abjicit
3283 2765 3380 2803 seu
3423 2749 3706 2814 eﬂ‘ectum,

2116 2863 2308 2902 verum
2357 2846 2524 2899 etiam
2563 2845 2657 2914 qni
2701 2845 2890 2898 animo
2931 2842 3266 2905 conﬂantur,
3310 2856 3506 2896 eorum
3552 2841 3713 2911 ponit

2118 2951 2443 3001 consensus,
2469 2951 2540 2990 ne
2573 2935 2704 2989 dum
2734 2935 2998 2990 deteriori
3058 2943 3213 3003 parte
3247 2933 3431 3004 (carne
3472 2931 3714 3002 scilicet)

2119 3045 2149 3083 a
2175 3029 2319 3083 male
2346 3042 2410 3082 ae
2425 3026 2696 3096 pravitate
2721 3026 3002 3079 abstinere
3027 3025 3272 3088 videtur,
3314 3039 3400 3086 ea,
3427 3037 3550 3092 qua:
3574 3037 3716 3091 pra:-

2119 3121 2355 3176 stantior
2380 3128 2467 3175 est
2497 3120 2716 3191 (nempe
2763 3117 2997 3188 animo),
3023 3102 3159 3171 illud
3201 3116 3526 3186 imprudens
3563 3116 3716 3186 large

2119 3223 2401 3286 operetur.

2189 3308 2276 3364 96.
2324 3306 2430 3373 Qui
2473 3321 2602 3361 vere
2633 3321 2701 3360 ex
2733 3305 2921 3359 animo
2955 3303 3330 3372 evangelieam
3372 3303 3542 3357 vitam
3592 3319 3712 3358 am-

2117 3397 2399 3469 plectitur,
2439 3413 2469 3450 a
2509 3412 2568 3450 se
2612 3395 2742 3449 mali
2787 3403 2954 3464 atque
2988 3394 3108 3447 vitii
3145 3408 3271 3447 eum
3320 3393 3562 3455 initium,
3591 3402 3710 3448 tum

2116 3489 2282 3545 ﬁnem
2327 3488 2655 3558 amputavit,
2704 3501 3040 3555 omnemque
3083 3493 3138 3539 et
3177 3500 3348 3554 opere
3390 3495 3448 3540 et
3493 3487 3710 3542 ratione

2115 3599 2213 3639 seu
2239 3596 2497 3638 sermone
2536 3581 2801 3636 virtutem
2835 3579 2968 3634 colit
2989 3619 3004 3642 ,
3032 3593 3234 3647 nempe
3272 3578 3562 3632 immolans
3594 3579 3712 3632 Deo

2115 3677 2327 3731 hostias
2357 3675 2538 3729 laudis
2566 3683 2623 3730 et
2648 3671 3036 3734 confessionis,
3079 3670 3172 3740 qui
3218 3670 3367 3723 omni
3407 3669 3707 3724 aliectnum

2116 3785 2180 3824 ac
2205 3767 2503 3823 libidinum
2538 3766 2595 3820 in
2632 3771 2760 3820 actu
2786 3773 2952 3834 atque
2991 3777 3161 3831 opere
3202 3761 3416 3814 solutus
3451 3760 3705 3815 molestia

2115 3863 2207 3926 sit,
2256 3869 2424 3930 atque
2469 3876 2499 3914 a
2545 3874 2727 3929 pugna
2769 3872 2893 3926 qua:
2932 3870 3057 3911 cum
3103 3853 3214 3908 illis
3255 3853 3440 3907 animo
3471 3853 3704 3922 geritur,

2113 3954 2259 4009 liber
2305 3971 2318 4006 :
2371 3952 2580 4022 quique
2624 3952 2741 4004 sola
2778 3950 3001 4004 demum
3058 3946 3358 4001 insatiabili
3397 3946 3702 4014 voluptate,

2113 4047 2431 4101 futurorum
2487 4043 2759 4097 bonorum
2808 4055 2904 4110 spe
2944 4046 3203 4108 pascente
3253 4052 3318 4091 ac
3366 4035 3701 4100 delectantc,

2113 4138 2381 4211 praeditus
2403 4137 2496 4192 sit.

2184 4227 2278 4284 97.
2329 4227 2546 4282 Divinis
2574 4223 2884 4295 Seripturis
2908 4220 3236 4292 impensiori
3272 4219 3560 4290 diligentia
3601 4234 3704 4272 na--

2113 4322 2379 4378 vantibus
2433 4335 2684 4390 operam,
2747 4317 2956 4388 duplici
3021 4314 3180 4386 quasi
3245 4313 3422 4368 forma
3483 4311 3706 4366 Domini

2115 4413 2311 4470 Sermo
2339 4419 2568 4484 apparet
2617 4427 2714 4466 seu
2757 4408 3138 4479 conspicitur;
3178 4407 3351 4460 altera
3399 4403 3707 4467 communi,

417 4506 520 4560 καὶ
559 4507 659 4559 οὐκ
688 4506 890 4576 ὀλίγοις
925 4505 1155 4578 θεατὴν,
1199 4506 1321 4560 καθ’
1357 4507 1424 4578 ἣν
1455 4505 1673 4577 λέγεται
1711 4508 1804 4573 τὸ,
1841 4508 2010 4562 Εἶδο-

2119 4506 2402 4577 magisqne
2439 4519 2506 4558 ex
2555 4518 2660 4558 usu
2694 4501 2843 4571 vulgi
2890 4514 2995 4554 nec
3031 4497 3226 4567 paucis
3267 4493 3614 4564 aspectabili,
3639 4506 3712 4546 ex

415 4612 536 4665 μεν
575 4596 785 4664 αὐτὸν,
821 4597 922 4651 καὶ
969 4599 1081 4652 οὐκ
1135 4593 1302 4666 εἶχεν
1351 4599 1513 4666 εἶδος
1554 4599 1698 4654 οὐδὲ
1746 4599 2008 4667 κάλλος·

417 4687 526 4760 τὴν
569 4688 626 4742 δὲ
660 4691 1045 4762 κρυφιωτέραν
1101 4693 1196 4745 καὶ
1243 4691 1442 4760 ὀλίγοις
1475 4691 1723 4763 ὲφικτὴν,
1764 4695 1874 4755 τοῖς
1909 4693 2009 4764 ἤδη

419 4781 568 4834 κατά
644 4783 854 4854 Πέτρον
899 4783 990 4837 καὶ
1067 4783 1324 4837 Ἰάκωϐον
1381 4783 1475 4836 καὶ
1541 4784 1818 4854 Ἰωάννην,
1888 4783 2016 4847 τοὺς

2117 4599 2278 4669 cujus
2324 4597 2540 4652 ratione
2577 4591 2786 4651 dicitur
2829 4593 2965 4650 illud
2997 4611 3010 4646 :
3049 4593 3283 4646 Vidimus
3331 4607 3472 4654 eum,
3517 4595 3567 4642 et
3603 4603 3710 4641 non

2116 4692 2339 4749 habebat
2379 4691 2604 4762 speciem
2647 4703 2816 4761 neque
2855 4688 3092 4741 decorem
3122 4686 3165 4718 “
3211 4702 3224 4738 :
3263 4684 3436 4739 altera
3480 4682 3711 4736 abstru-

2115 4785 2285 4847 siore,
2325 4797 2389 4837 ac
2423 4783 2591 4852 quam
2627 4782 2788 4851 pauci
2817 4785 3220 4849 assequamur;
3267 4777 3304 4829 ii
3352 4775 3569 4830 scilicet
3610 4772 3710 4842 qui

422 4871 617 4940 ἁγίους
658 4875 994 4938 ἀποστόλους
1023 4875 1325 4944 γεγονόσιν,
1370 4873 1456 4943 ἐφ’
1486 4866 1561 4929 ὧν
1591 4875 1618 4927 6
1649 4873 1856 4946 Κύριος
1886 4891 2016 4946 μετ-

2119 4876 2222 4947 iam
2247 4875 2454 4930 sanctis
2478 4871 2767 4944 apostolis,
2792 4873 2957 4927 Petro
2978 4878 3035 4925 et
3062 4868 3266 4926 Jacobo
3291 4877 3347 4922 et
3372 4865 3594 4927 Joanni,
3635 4867 3714 4919 si-

421 4965 726 5038 εμορφὼθη
787 4967 924 5038 πρὸς
979 4967 1138 5030 δόξαν
1182 4968 1422 5040 νικῶσαν
1451 4968 1551 5038 τὴν
1581 4967 1859 5036 αίτςθησιν⁹
1893 4967 2014 5021 καθ’

421 5059 492 5128 ἢν
523 5055 696 5110 ἐστιν
726 5057 939 5126 ὡραῖος
967 5057 1179 5113 κάλλει
1201 5060 1362 5128 παρὰ
1390 5057 1532 5125 τοὺς
1564 5057 1736 5126 υἱοὺς
1763 5057 1882 5113 τῶν
1911 5059 2015 5114 ἀν-

499 5195 542 5228 ⁸¹
570 5196 673 5250 lsa.
698 5196 887 5259 “11,2.

502 5305 581 5378 (υ)
602 5307 819 5378 army
849 5305 969 5360 τῶν
994 5305 1105 5378 τῆς
1139 5307 1353 5372 κακίας
1387 5305 1559 5375 ἀργεῖ
1579 5305 2012 5378 συμπερασμά-

423 5377 566 5432 cur.
620 5377 735 5432 Hoc
771 5392 993 5447 quoque
1023 5377 1191 5432 Marci
1221 5377 1503 5447 νηπτικῶν
1529 5393 1655 5446 cap.
1686 5377 1776 5430 ll.
1812 5377 2019 5431 Sensus

423 5459 534 5507 est,
568 5464 694 5503 eum
717 5451 811 5518 qui
841 5449 941 5502 soli
973 5449 1100 5504 vita:
1129 5448 1314 5502 studet
1347 5464 1410 5501 ac
1435 5447 1865 5509 conversationi,
1920 5463 2017 5501 seu

424 5520 523 5588 qui
576 5534 676 5588 pro
722 5517 1107 5588 incipientium
1159 5519 1392 5577 ratione.
1459 5519 1720 5572 exteriori
1795 5517 2020 5572 virtutis

424 5591 605 5645 cultui
626 5591 804 5645 solum
825 5589 1184 5659 impenditur,
1218 5591 1322 5645 hoe
1352 5605 1521 5644 unum
1547 5605 1762 5651 cavere,
1791 5605 1860 5643 ne
1884 5588 2020 5659 quid

425 5675 597 5730 opere
629 5671 840 5730 peccet,
877 5661 1103 5729 ipsaque
1136 5661 1266 5714 vitia
1291 5669 1346 5714 et
1374 5660 1625 5724 allectus,
1681 5676 1776 5714 seu
1813 5675 2020 5714 concu-

426 5731 733 5803 piscentias
754 5731 1139 5801 exsequendo:
1167 5747 1290 5803 qua:
1305 5739 1436 5784 sunt
1455 5731 1564 5782 τῶν
1584 5731 1793 5797 ἀλόγων
1828 5731 2020 5803 παθῶν

429 5802 899 5874 συμπεράσματα,
937 5803 1078 5856 velut
1107 5802 1500 5868 conclusiones;
1531 5817 1641 5871 quo
1659 5817 1856 5872 nempe
1883 5802 2018 5856 irra-

2116 4969 2278 5023 miles
2309 4967 2656 5031 exstiterint;
2699 4965 2806 5019 sub
2831 4979 3070 5034 quorum
3112 4955 3405 5032 praesentia
3435 4957 3717 5012 Dominus

2117 5057 2544 5115 transformatus
2561 5067 2667 5122 est,
2702 5071 2768 5112 ea
2799 5055 3048 5112 claritate
3072 5069 3195 5125 qua:
3223 5067 3446 5108 sensum
3477 5065 3716 5120 exsuped

2126 5305 2362 5361 tionales
2399 5305 2633 5360 allectus
2665 5314 2719 5360 et
2759 5305 3019 5360 libidines
3056 5305 3347 5359 innectunt
3378 5310 3434 5357 et
3459 5302 3708 5364 trahunt.

2125 5377 2204 5454 uti
2231 5386 2458 5454 exponit
2491 5377 2605 5432 Jac.
2639 5392 2694 5454 i,_
2722 5377 2810 5430 14.
2861 5377 3033 5454 Ducta
3085 5375 3403 5454 metaphora
3435 5389 3490 5454 _a
3525 5373 3711 5454 .syllo-

2125 5445 2323 5518 gismo,
2366 5447 2421 5500 in
2477 5464 2588 5516 quo
2652 5449 2732 5502 sic
2801 5447 3099 5518 prmmissm
3153 5448 3221 5500 ad
3293 5445 3710 5518 conclusionem

2125 5513 2356 5588 ejusque
2437 5513 2723 5572 ascensum
2797 5513 3068 5571 inducunt
3143 5533 3207 5570 ac
3272 5522 3507 5588 cogunt_._
3561 5513 3709 5566 Nihil

2125 5583 2470 5653 liene-Picus,
2504 5589 2560 5642 in
2607 5589 2804 5642 vitiosis
2851 5589 3116 5642 duntaxat
3175 5583 3585 5640 conuexionibus
3618 5601 3713 5636 va-

2127 5669 2261 5723 cat;
2324 5660 2626 5729 tumquod
2673 5659 2842 5714 verbo
2882 5659 3042 5729 ἀργεῖ
3096 5655 3434 5713 contrarium
3487 5653 3714 5709 videtur

2127 5745 2354 5785 sensum
2412 5728 2714 5799 aﬂingere;
2793 5728 3108 5799 tum’quod
3167 5741 3358 5782 vocem
3418 5741 3711 5796 συμπερα-

2129 5802 2351 5871 σμάτων
2381 5817 2490 5856 non
2523 5802 2658 5856 satis
2677 5801 2924 5870 exponit.
