4076 6440
346 323 351 329 “
442 328 581 391 ι123

1616 325 1677 384 S.
1719 322 2007 384 MAXIMI
2047 322 2563 385 (.‘(lNFESSORIS
3581 324 3715 390 1124

439 449 555 505 rat;
595 453 723 509 qua.-
742 426 816 493 εει
847 439 1112 509 speciosus
1143 436 1316 508 {arma
1363 444 1474 507 pra:
1500 433 1629 503 ﬁliis
1654 434 1930 488 hominum
1959 431 2028 484 ".

2136 432 2403 499 θρὼπων.
2431 431 2651 486 Τούτων
2680 431 2737 485 δὲ
2766 430 2873 485 τῶν
2889 432 2984 487 δύο
3003 432 3248 506 μορφῶν,
3277 435 3312 505 ἡ
3333 432 3437 505 μὲν
3458 435 3715 508 προτέρα,

439 530 613 584 Porro
647 528 886 598 duplicis
919 529 1086 600 hujus
1110 528 1323 594 format,
1359 514 1519 598 prior
1556 525 1784 597 quidem
1808 524 1898 578 his
1929 524 2026 594 qui

2136 527 2240 588 τοῖς
2291 526 2669 595 εἰσαγομένοις
2720 526 2979 597 ἁρμόδιος
3011 541 3025 557 ·
3079 525 3114 594 ἡ
3180 525 3411 599 δευτέρα
3475 528 3554 591 δὲ,
3610 532 3719 592 τοῖς

438 622 782 677 inducuntur
849 638 914 677 ac
972 621 1250 677 tironibus
1300 619 1651 674 convcniens'
1686 624 1803 682 est;
1855 616 2031 670 altera

2136 615 2269 670 κατά
2298 616 2394 688 τὴν
2425 616 2628 686 γνῶσιν
2650 616 2726 680 ὼς
2747 618 2971 688 ἐφικτὸν
3002 616 3373 672 τελειωθεῖσιν
3434 618 3717 689 ἀνάλογος.

438 730 567 768 vero
606 729 675 768 ex
708 729 904 769 eorum
950 723 1038 769 est
1086 712 1328 776 ratione,
1377 711 1473 781 qui
1520 709 1751 781 perfecti
1797 707 2032 763 scientia

2136 708 2243 761 Καὶ
2269 709 2303 778 ἡ
2336 707 2455 778 μὲν.
2478 707 2576 778 τῆς
2598 708 2824 779 πρώτης
2858 708 2952 762 τοῦ
2989 711 3195 781 Κυρίου
3231 711 3535 782 παρουσίας
3565 712 3719 766 ἐστὶν

437 812 568 859 sunt
608 820 674 860 ac
720 804 1117 868 consummati,
1159 803 1341 874 quoad
1386 803 1506 873 ejus
1551 802 1702 856 licet.
1748 799 1910 871 483
1955 799 2032 853 Ac

2136 797 2318 862 εἰκὼν,
2350 800 2435 868 ἐφ’
2474 794 2542 872 ἧς
2569 799 2630 852 τὸ
2666 800 2827 871 ῥητὸν
2867 801 2962 854 τοῦ
3018 802 3354 871 Εὐαγγελίου
3402 803 3587 858 θετέον
3624 807 3719 872 τῆς

438 896 666 965 quidem
715 897 917 966 prima,
964 896 1180 950 Domini
1235 894 1439 966 prioris
1476 893 1748 948 adventus
1791 890 2035 962 speciem

439 986 631 1051 refert,
673 986 739 1040 ad
797 1001 959 1055 quem
1004 985 1294 1041 referenda
1349 984 1633 1054 Evangelii
1680 983 1890 1047 littera,
1933 982 2029 1051 qui

441 1091 640 1145 nempe
684 1076 956 1130 malorum
1003 1090 1070 1129 ac
1115 1088 1486 1128 aerumnarum
1532 1072 1889 1142 perpessione
1932 1085 2030 1126 eos

444 1167 724 1233 emundet,
751 1167 846 1237 qui
877 1166 1083 1221 actioni
1117 1164 1345 1221 student
1374 1184 1387 1220 :
1424 1165 1621 1229 altera,
1646 1161 1876 1218 secundi
1907 1161 2028 1233 glo-

441 1260 687 1330 riosique
732 1258 1007 1313 adventus
1046 1256 1355 1327 designatio
1397 1264 1483 1311 est
1521 1266 1687 1327 atque
1729 1254 1925 1327 ﬁgura,
1960 1255 2029 1310 ad

440 1365 605 1419 quem
640 1358 891 1420 spectare
921 1348 1284 1420 intelligimus
1305 1348 1603 1419 spiritum;
1646 1348 1741 1417 qui
1771 1346 2033 1401 videlicet

441 1443 716 1512 s‘piritalcs
751 1457 816 1498 ac
854 1442 1173 1498 divinorum
1219 1440 1455 1496 scientia
1498 1438 2032 1508 exeultos,'sapien-

2132 890 2219 944 διά
2251 889 2592 962 παθημάτων
2623 892 2996 963 καθαιρούσης
3023 895 3149 957 τοὺς
3173 899 3514 966 πρακτικούς
3534 914 3548 926 ’
3577 899 3612 969 ἡ
3641 899 3717 960 δὲ.

2135 982 2233 1050 τῆς
2255 981 2515 1051 δευτέρας
2564 983 2655 1035 καὶ
2705 983 2918 1048 ἐνδόξου
2949 985 3253 1056 παρουσίας
3283 988 3403 1041 ἐστὶ
3431 988 3720 1060 προδιατύ-

2136 1089 2334 1138 πωσις,
2389 1071 2475 1139 ἐφ’
2510 1065 2579 1143 ἧς
2611 1072 2672 1126 τὸ
2721 1073 2940 1145 πνεῦμα
2968 1078 3169 1129 νοεῖται
3193 1088 3209 1103 ⁸
3259 1077 3365 1148 τῆς
3400 1078 3487 1133 διὰ
3531 1078 3721 1150 σοφίας

2135 1164 2261 1228 τοὺς
2321 1167 2659 1232 γνωστικοὺς
2709 1164 3171 1240 μεταμορφούσης
3224 1170 3364 1241 πρὸς
3402 1169 3632 1224 θέωσιν·
3660 1171 3724 1224 ἐκ

2135 1259 2235 1328 τῆς
2280 1256 2338 1311 ὲν
2361 1260 2545 1323 αὐτοῖς
2570 1255 2664 1312 τοῦ
2689 1259 2848 1330 λόγου
2881 1246 3399 1333 μεταμορφώσεως,
3443 1262 3718 1317 ἀνακεκα-

2137 1344 2401 1421 λυμμένῳ
2451 1350 2731 1422 προσώπῳ
2786 1351 2885 1423 τὴν
2913 1351 3071 1421 δόξαν
3115 1353 3323 1425 Κυρίου
3362 1352 3724 1425 κατοπτριζο-

2143 1437 2357 1510 μένους.

444 1538 532 1591 tia:
561 1552 792 1594 munere
823 1538 893 1592 ad
915 1536 1330 1592 deiﬁcationem
1359 1534 1742 1601 transformet;
1773 1548 1843 1587 ex
1863 1529 2028 1588 Verbi
2070 1530 2126 1587 in
2153 1532 2237 1588 eis
2266 1531 2774 1597 transformatione,
2840 1531 3064 1587 Domini
3127 1531 3437 1588 claritatem
3486 1532 3726 1589 revelata

441 1630 582 1687 facie
603 1631 955 1701 speculantes
984 1630 1052 1684 ⁸³.

3050 1670 3055 1677 υ

511 1720 601 1775 98.
655 1719 762 1786 Qui
816 1721 1044 1777 immota
1104 1720 1417 1777 constantia
1480 1726 1709 1791 propter
1764 1718 2028 1774 virtutem

2212 1715 2322 1788 ιη’.
2359 1717 2419 1772 '0
2437 1718 2536 1789 μὲν
2556 1718 2964 1783 ἀκατασείστως
2985 1718 3125 1789 ὑπὲρ
3153 1718 3353 1790 ἀρετῆς
3376 1714 3727 1802 ἐγκαρτερῶν

442 1811 586 1865 mala
631 1812 849 1876 tolerat,
901 1812 1143 1882 primum
1199 1812 1258 1867 in
1299 1828 1358 1867 se
1406 1811 1571 1866 Verbi
1614 1808 2031 1875 adventum,ab

441 1904 593 1958 omni
620 1904 1017 1959 emundantem
1056 1904 1201 1968 labe,
1229 1903 1508 1962 efﬁcacem
1541 1903 1745 1958 habet:
1771 1902 1865 1972 qui
1901 1916 2032 1956 vero

440 2011 542 2065 per
596 1995 1120 2067 contemplationem
1172 1996 1241 2051 ad
1290 2004 1493 2050 statum
1548 1994 1761 2066 angelis
1812 1993 2033 2049 afﬁnem

438 2089 686 2142 animum
710 2088 981 2153 traduxit,
1011 2088 1244 2144 secundi
1271 2088 1382 2142 vim
1408 2088 1681 2143 adventus
1703 2094 1900 2141 nactus
1925 2093 2031 2149 est,

441 2182 523 2236 illi
565 2197 596 2236 a
641 2181 802 2235 malis
840 2181 1251 2237 immunitatem
1294 2189 1651 2253 praestantem
1692 2189 1751 2236 et
1797 2189 1860 2234 ut
1908 2177 2034 2234 lardi

444 2271 743 2326 contrariis
777 2286 888 2325 non
920 2272 1117 2341 possit.

512 2383 605 2438 99.
662 2382 873 2439 Sensus
917 2382 994 2437 illi
1043 2398 1231 2438 comes
1272 2391 1377 2445 est,
1418 2382 1513 2452 qui
1554 2382 1830 2437 actionem
1865 2380 2032 2447 colit;

436 2474 543 2543 qui
570 2490 770 2544 nempe
805 2475 997 2529 labore
1027 2475 1329 2532 virtutibus
1360 2474 1643 2546 fungitur;
1671 2473 1911 2544 sapienti
1934 2488 2036 2528 au-

444 2571 556 2617 tem
595 2578 660 2617 ac
709 2562 967 2632 spiritali,
1009 2577 1207 2617 sensus
1248 2562 1501 2617 absentia
1542 2578 1608 2617 ac
1664 2572 1880 2632 stupor,
1939 2560 2036 2631 qui

442 2661 687 2710 mentem
717 2670 747 2708 a
792 2670 960 2709 carne
1004 2662 1061 2708 et
1110 2653 1320 2708 mundo
1360 2654 1417 2708 in
1454 2655 1629 2710 Deum
1674 2652 2033 2709 contraxerit.

442 2747 580 2802 Nam
615 2746 768 2815 prior
796 2745 1043 2815 quidem,
1076 2747 1171 2816 qui
1206 2745 1478 2801 actionem
1512 2745 1843 2816 praestando,
1876 2754 2038 2801 natu-

446 2837 580 2892 ralis
619 2835 687 2890 ad
723 2851 947 2892 carnem
979 2836 1325 2893 habitudinis
1359 2825 1598 2893 vinculi's
1628 2837 1876 2892 animum
1921 2836 2035 2893 sol-

441 2943 574 2982 vere
599 2926 940 2991 connitatur,
959 2927 1217 2984 eumdem
1244 2928 1442 2984 crebro
1460 2929 1749 2984 laboribus
1773 2928 2034 2984 fatiscen—

445 3028 556 3074 tem
584 3019 752 3073 habet
791 3036 803 3071 :
841 3020 984 3075 alter
1008 3035 1162 3085 vero,
1206 3021 1301 3090 qui
1331 3022 1452 3092 ejus
1473 3022 1823 3077 babitudinis
1851 3021 2036 3077 clavos

444 3107 932 3177 contemplationis
983 3108 1037 3162 vi
1089 3109 1381 3177 evulscrit,
1437 3111 1579 3167 nulli
1636 3113 1746 3182 jam
1808 3127 2037 3182 prorsus

448 3200 834 3269 maneipabilis
868 3208 973 3265 est,
1018 3202 1088 3256 ab
1131 3218 1198 3258 eo
1237 3204 1349 3275 jam
1394 3205 1635 3260 mundus
1669 3206 1922 3269 effectus,
1968 3222 2037 3261 ex

447 3293 607 3363 cujus
634 3292 819 3348 indole
850 3302 937 3348 est
965 3301 1027 3347 ut
1061 3294 1337 3350 afﬁciatur
1360 3311 1426 3351 ac
1451 3305 1707 3352 teneatur
1740 3314 1836 3354 seu
1879 3296 2036 3353 subi-

448 3394 631 3456 gatur,
667 3385 736 3439 ab
769 3385 875 3451 eis,
909 3387 1005 3457 qui
1035 3403 1234 3458 capere
1264 3404 1330 3444 ac
1353 3405 1671 3461 expugnare
1697 3390 1892 3445 velint.

519 3476 641 3531 100.
675 3476 832 3544 Quod
858 3478 916 3532 in
940 3478 1163 3534 deserto
1189 3480 1459 3536 Israelitis
1488 3497 1686 3537 manna
1711 3482 1903 3538 datum
1927 3492 2032 3544 est,

379 3590 389 3600 -
447 3565 545 3621 Dei
573 3582 754 3622 sermo
774 3576 879 3632 est,
903 3568 1011 3635 bis,
1039 3568 1134 3639 qui
1162 3570 1255 3623 illo
1276 3580 1601 3636 vescuntur,
1630 3570 1699 3625 ad
1729 3572 2033 3643 spiritalem

448 3674 667 3713 omnem
705 3660 1046 3729 voluptatem
1090 3660 1395 3727 sufﬁciens,
1435 3678 1647 3734 proque
1692 3663 2030 3719 sumentium

447 3751 667 3807 diversa
737 3752 1076 3821 cupiditate,
1145 3753 1215 3809 ad
1283 3770 1503 3810 omnem
1581 3762 2031 3825 contemperatus

448 3856 671 3918 gustum
737 3845 785 3877 ⁸⁸
838 3863 852 3900 :
908 3846 1114 3918 quippe
1173 3848 1270 3918 qui
1347 3847 1531 3904 omnis
1590 3847 1701 3903 cibi
1763 3846 2029 3918 spiritalis

449 3947 669 4009 gustum
718 3938 921 3994 habeat
964 3955 1031 3994 ac
1070 3941 1414 4011 qualitatem.
1458 3941 1593 3996 Eam
1635 3940 1707 3996 ob
1752 3956 1890 4005 rem,
1940 3941 2027 3997 his

449 4032 676 4102 quidem
702 4033 797 4103 qui
819 4032 1007 4089 denuo
1028 4050 1095 4088 ex
1118 4034 1448 4105 incorrupto
1470 4034 1682 4090 semine
1723 4050 1824 4104 per
1850 4033 2029 4104 Spiri-

454 4134 568 4179 tum
593 4125 708 4179 nati
743 4134 893 4191 sunt,
921 4126 1191 4182 rationale
1219 4126 1338 4182 sine
1370 4126 1500 4182 dolo
1543 4127 1629 4182 lac
1666 4126 1907 4182 efﬁcitur
1943 4126 2023 4196 ";

2134 1808 2245 1871 τοῖς
2273 1807 2489 1873 δεινοῖς,
2516 1809 2913 1880 ἐνεργουμένην
2942 1809 3028 1878 ἐφ’
3066 1804 3262 1863 ἑαυτὸν
3288 1806 3405 1877 ἔχει
3436 1806 3536 1877 τὴν
3571 1802 3726 1877 πρώ-

2133 1917 2232 1971 την
2247 1899 2340 1953 τοῦ
2355 1900 2528 1968 Λόγου
2548 1899 2874 1970 παρουσίαν,
2891 1900 3071 1970 πάσης
3092 1898 3255 1953 αὐτὸν
3279 1896 3495 1969 κηλίδος
3524 1886 3725 1951 καθαί-

2138 2008 2335 2062 ρουσαν
2360 2008 2373 2021 ·
2408 1994 2437 2045 ό
2473 1992 2530 2045 δὲ
2567 1992 2658 2045 τὸν
2695 1992 2821 2046 νοῦν
2872 1992 3009 2064 πρὸς
3053 1990 3152 2062 τὴν
3190 1989 3299 2043 τῶν
3332 1988 3594 2058 ἀγγέλων
3636 1986 3726 2041 διὰ

2135 2082 2371 2154 Θεωρίας
2401 2083 2775 2154 μεταϐιϐάσας
2803 2084 3161 2146 κατάστασιν,
3199 2082 3298 2155 τῆς
3324 2081 3585 2151 δευτέρας
3609 2079 3723 2152 ἔχει

2136 2174 2439 2243 παρουσίας
2469 2175 2567 2247 τὴν
2591 2172 2843 2247 δύναμιν,
2890 2174 3224 2249 ἐνεργοῦσαν
3249 2174 3399 2246 ἀυτῷ
3426 2175 3487 2230 τὸ
3513 2173 3725 2238 ἀπαθὲς

2136 2264 2231 2319 καὶ
2260 2266 2557 2321 ἀνάλωτον.

2207 2378 2309 2447 1,0'.
2343 2379 2607 2451 Αἴσθησις
2642 2382 2741 2453 μὲν
2773 2381 2967 2436 ’ἐπεται
2996 2380 3075 2451 τῷ
3104 2380 3423 2452 πρακτικῷ,
3450 2381 3540 2436 διὰ
3564 2381 3726 2436 πόνον

2136 2470 2492 2539 κατορθοῦντι
2515 2472 2616 2537 τάς
2636 2473 2856 2544 ἀρετάς
2882 2472 3217 2544 ἀναισθησία
3236 2472 3296 2526 δὲ
3316 2471 3395 2544 τῷ
3416 2472 3722 2544 γνωστικῷ,

2135 2564 2228 2616 τὸν
2254 2562 2378 2618 νοῦν
2409 2563 2518 2617 ἀπὸ
2544 2565 2641 2635 τῆς
2672 2564 2875 2636 σαρκὸς
2904 2564 2999 2618 καὶ
3024 2564 3119 2617 τοῦ
3147 2564 3354 2634 κόσμου
3383 2564 3725 2619 συστείλαντι

2137 2653 2277 2724 πρὸς
2303 2652 2457 2708 Θεόν.
2505 2653 2563 2707 '0
2609 2653 2709 2725 μὲν
2755 2656 2867 2726 γὰρ
2916 2654 3079 2709 λῦσαι
3108 2655 3209 2725 τὴν
3234 2653 3416 2725 ψυχὴν
3448 2654 3561 2711 τῶν
3585 2656 3727 2709 κατά

2138 2746 2302 2816 φύσιν
2346 2748 2446 2818 τῆς
2478 2745 2720 2817 σχέσεως
2769 2747 2907 2818 πρὸς
2933 2747 3034 2817 τὴν
3062 2747 3243 2817 σάρκα
3270 2745 3486 2817 δεσμῶν
3514 2747 3605 2802 διὰ
3626 2746 3725 2818 τῆς

2139 2839 2451 2909 πρακτικῆς
2479 2837 2880 2908 ἀγωνιζόμενος
2902 2879 2919 2902 ,
2969 2838 3084 2909 ἔχει
3109 2838 3209 2909 τὴν
3231 2836 3460 2910 γνώμην
3488 2841 3602 2903 τοῖς
3626 2839 3723 2893 πό-

2137 2946 2250 2994 νοις
2280 2930 2519 3000 συνεχῶς
2551 2934 2569 2953 ⁸
2598 2930 3032 2995 ὲποκλάζουσανο
3068 2933 3097 2984 ό
3121 2931 3202 2997 δὲ,
3233 2930 3440 3001 ταύτης
3468 2932 3569 3003 τῆς
3598 2933 3722 3003 σχέ-

2139 3037 2279 3085 σεως
2303 3021 2631 3084 ἀνασπάσας
2659 3022 2750 3078 διά
2778 3022 2880 3092 τῆς
2910 3022 3143 3093 θεωρίας
3170 3021 3343 3094 [unus
3365 3022 3496 3095 Reg.
3520 3023 3727 3095 θεωρη-

2137 3112 2320 3185 τικῆς]
2364 3114 2493 3176 τοὺς
2515 3114 2700 3185 ἥλους,
2732 3114 2911 3168 οὐδενὶ
2938 3115 3002 3168 τὸ
3034 3115 3256 3169 σύνολόν
3281 3117 3399 3168 ἐστι
3428 3115 3721 3179 καθεκτός·

2138 3205 2382 3276 καθαρὸς
2432 3204 2534 3277 ἤδη
2591 3204 2687 3259 τοῦ
2745 3207 2980 3278 πάσχειν
3021 3224 3082 3260 τε
3133 3207 3229 3262 καὶ
3275 3207 3597 3278 κρατεῖσθαι
3629 3225 3724 3261 πε-

2137 3297 2375 3368 φυκότος
2407 3298 2561 3369 παρά
2588 3298 2699 3352 τῶν
2726 3298 2866 3352 ἑλεῖν
2899 3298 3264 3372 βουλομένων,
3302 3300 3616 3374 γενόμενος.

2209 3478 2277 3550 ρ’.
2310 3477 2384 3531 Τὸ
2417 3477 2593 3548 μάννα
2624 3475 2779 3532 δοθὲν
2811 3476 2892 3549 τῷ
2926 3475 3144 3549 Ἰσραὴλ
3174 3475 3320 3531 κατὰ
3347 3476 3449 3548 τὴν
3494 3475 3719 3553 ἔρημον⁹

2136 3571 2166 3624 ὁ
2191 3568 2283 3623 τοῦ
2310 3568 2447 3623 Θεοῦ
2471 3569 2631 3638 λόγος
2657 3569 2776 3623 ἐστὶ
2798 3610 2814 3637 ,
2866 3569 3005 3641 πρὸς
3049 3570 3230 3623 πᾶσαν
3252 3568 3448 3641 ⁴ἡδονὴν
3477 3586 3723 3639 πνευμα-

2140 3661 2301 3733 τικὴν
2335 3662 2531 3735 ἁρμῶν
2561 3665 2677 3727 τοῖς
2715 3662 2989 3718 ἐσθίουσιν
3021 3662 3204 3726 αὐτὸν,
3250 3663 3348 3716 καὶ
3372 3662 3511 3734 πρὸς
3543 3664 3721 3717 πᾶσαν

2145 3754 2333 3823 γεῦσιν
2364 3755 2505 3829 κατά
2533 3756 2632 3827 τὴν
2671 3754 2934 3825 διαφορὰν
2963 3754 3061 3826 τῆς
3088 3754 3197 3808 τῶν
3224 3754 3514 3809 ἐσθιόντων
3538 3754 3721 3810 ἐπιθυ-

2145 3846 2296 3917 μίας,
2324 3846 2820 3919 μετακιρνώμενος.
2857 3848 3045 3919 Πάσης
3070 3847 3179 3919 γάρ
3211 3846 3326 3918 ἔχει
3345 3850 3721 3919 πνευματικῆς

2140 3937 2397 4010 βρώσεως
2433 3941 2716 4015 ποιότητα.
2745 3939 2837 3992 Διὸ
2874 3940 2988 4001 τοῖς
3033 3936 3133 4009 μὲν
3175 3936 3381 3992 ἀνωθεν
3410 3940 3480 3992 ἐκ
3518 3939 3717 4009 σπόρου

2140 4031 2421 4102 ἀφθάρτου
2454 4031 2541 4085 διὰ
2591 4031 2901 4101 πνεύματος
2921 4028 3230 4099 γεννηθεῖσι
3250 4072 3266 4097 ,
3300 4031 3514 4101 λογικὸν
3535 4031 3718 4086 ἄδολον

2144 4123 2356 4193 γίνεται
2400 4124 2542 4193 γάλα
2564 4140 2577 4154 ·
2611 4126 2726 4188 τοῖς
2771 4123 2830 4177 δὲ
2860 4122 3167 4187 ἀσθενοῦσι,
3197 4122 3452 4196 λάχανον,
3479 4120 3577 4197 τὴν
3614 4143 3718 4179 πα-

452 4217 563 4275 illis
601 4226 787 4272 autem
830 4218 925 4288 qui
966 4226 1097 4273 sunt
1139 4216 1365 4281 inﬁrmi,
1413 4217 1537 4273 olus
1578 4217 1653 4284 ⁸⁸,
1685 4218 2032 4274 laborantem

2136 4215 2340 4271 θοῦσαν
2376 4216 2476 4286 τῆς
2517 4214 2701 4287 ψυχῆς
2746 4215 3241 4289 παραμυθούμενος
3291 4216 3522 4290 δύναμιν
3549 4234 3564 4248 ·
3608 4221 3720 4282 τοῖς

450 4308 562 4362 vim
603 4309 776 4365 animi
817 4309 1221 4380 aﬂeetibusque
1261 4309 1556 4365 obnoxiam
1600 4325 1855 4366 recreans
1900 4329 1914 4365 :
1962 4309 2032 4367 iis

2136 4304 2189 4359 δὲ
2216 4304 2304 4358 διὰ
2334 4306 2434 4371 τὴν
2462 4302 2576 4369 ἕξιν
2605 4302 2675 4356 τὰ
2716 4303 3044 4376 αἰσθητήρια
3085 4305 3182 4376 τῆς
3224 4305 3400 4377 ψυχῆς
3443 4322 3717 4378 γεγυμνα-

452 4404 694 4473 denique
725 4405 822 4472 qui
868 4410 1097 4473 propter
1137 4401 1409 4469 habitum,
1442 4420 1639 4460 sensus
1670 4404 1842 4459 animi
1875 4419 2032 4459 exer-

2139 4396 2314 4467 σμένα
2364 4394 2549 4466 ἔχουσι
2578 4396 2729 4467 πρὸς.
2769 4394 3045 4465 διάκρισιν
3098 4396 3267 4450 καλοῦ
3295 4413 3353 4451 τε
3379 4397 3475 4450 καὶ
3518 4394 3714 4460 κακοῦ,

451 4495 654 4550 citatos
696 4494 906 4549 habent
953 4494 1024 4548 ad
1074 4493 1466 4550 discretionem
1506 4494 1638 4550 boni
1685 4503 1743 4551 et
1781 4495 1916 4550 mali
1962 4496 2031 4561 ⁵⁷,

2139 4489 2369 4561 στερεὰν
2416 4490 2609 4544 ἑαυτὸν
2654 4489 2841 4544 δίδωσι
2883 4492 3115 4564 τροφήν.
3152 4493 3308 4563 Ἔχει
3332 4491 3389 4546 δὲ
3430 4494 3526 4548 καὶ
3554 4493 3719 4559 ἄλλας

450 4586 694 4656 seipsum
732 4584 984 4654 praebens
1013 4583 1249 4640 solidum
1291 4585 1498 4640 cibum.
1528 4585 1672 4653 Quin
1702 4593 1759 4641 et
1791 4584 2032 4641 inﬁnitas

2137 4582 2399 4653 ἀπείρους
2419 4581 2677 4654 δυνάμεις
2705 4584 2734 4637 ὁ
2757 4583 2851 4637 τοῦ
2878 4583 3013 4638 Θεοῦ
3038 4584 3218 4653 λόγος,
3246 4584 3484 4638 ἐνταῦθα
3515 4586 3590 4658 μὴ
3612 4605 3719 4658 χω-

450 4677 588 4733 alias
615 4677 853 4733 virtutes
879 4677 979 4731 Dei
1001 4691 1186 4732 sermo
1214 4677 1402 4742 habet,
1434 4692 1573 4748 quas
1602 4677 1863 4748 praesenti
1892 4693 2031 4745 aevo,

450 4784 617 4825 nemo
645 4769 863 4839 capiat;
906 4784 1046 4839 quas
1089 4768 1237 4838 ipsas
1285 4784 1498 4835 omnes,
1545 4783 1644 4825 seu
1687 4767 1924 4838 aliquas,
1964 4784 2033 4826 eo

450 4860 600 4930 quod
638 4859 694 4914 in
734 4859 953 4915 modico
997 4858 1176 4914 ﬁdelis
1215 4859 1513 4923 exstiterit,
1549 4868 1881 4930 accepturus
1923 4868 2031 4925 est,

450 4953 546 5023 qui
572 4952 794 5007 mortali
829 4952 1046 5007 solutus
1074 4951 1210 5018 vita,
1249 4951 1450 5022 dignus
1487 4951 1789 5007 habebitur
1820 4952 1917 5022 qui
1945 4968 2039 5008 su-

449 5059 550 5114 pra
577 5044 770 5109 multa,
796 5044 915 5099 sive
944 5044 1133 5099 omnia
1159 5044 1536 5098 constituatur
1573 5044 1640 5099 '3.
1666 5043 1858 5103 Omnis
1886 5045 2035 5100 enim

450 5134 741 5203 prmsentis
762 5135 891 5189 vitae
919 5134 1193 5190 donorum
1233 5134 1541 5199 summitas,
1583 5135 1874 5191 minimum
1899 5137 2033 5207 quid

451 5232 536 5277 est
563 5232 619 5278 et
649 5224 951 5290 modicum,
987 5225 1405 5296 comparatione
1437 5226 1779 5282 futurorum.

448 5396 617 5471 m
664 5397 991 5454 CENTENA
1046 5399 1316 5456 ITERUM
1369 5399 1704 5458 GNOSTICA
1755 5400 2029 5462 ΟΑΡΙΤΑ.

521 5492 573 5546 1.
615 5491 770 5549 Unus
789 5491 958 5558 Deus,
990 5492 1139 5562 quod
1174 5508 1283 5548 una
1308 5493 1486 5549 deitas
1514 5512 1527 5548 :
1555 5495 1741 5551 unitas
1770 5496 2032 5569 principii

2140 4674 2411 4747 ρουμὲνας
2435 4690 2450 4705 ⁸
2515 4674 2790 4740 ἀναλύσας
2836 4675 2895 4730 δέ
2936 4693 3021 4741 τις
3044 4719 3060 4744 ,
3115 4676 3212 4732 καὶ
3250 4675 3397 4741 ἄξιος
3427 4679 3717 4749 γενόμενος

2134 4771 2227 4823 ἐπὶ
2260 4769 2469 4824 πολλῶν
2488 4811 2504 4837 ,
2554 4772 2589 4844 ἢ
2624 4772 2718 4827 ἐπὶ
2746 4772 2963 4827 πάντων
2993 4772 3437 4844 κατασταθῆναι,
3486 4774 3720 4845 λήψεται

2135 4860 2399 4925 κάκείνας
2442 4861 2569 4925 ὅλας
2593 4903 2611 4930 ,
2639 4928 2644 4933 θ
2672 4862 2707 4934 η
2750 4879 2903 4926 τινας
2951 4860 3047 4915 τοῦ
3091 4860 3253 4930 λόγου
3298 4862 3399 4925 τὰς
3434 4862 3715 4933 δυνάμεις,

2132 4952 2222 5007 διὰ
2249 4952 2311 5005 τὸ
2340 4954 2397 5006 ἐν
2424 4952 2697 5025 ἐλαχίστῳ
2729 4952 2895 5007 αὐτὸν
2927 4952 3163 5008 ἐνταῦθα
3193 4952 3381 5007 πιστὸν
3403 4954 3715 5024 γεγονεναι.

2133 5046 2293 5099 Πᾶσα
2317 5044 2429 5117 γὰρ
2453 5046 2560 5100 τῶν
2588 5044 2828 5100 ἐνταῦθα
2854 5044 3151 5116 διδομένων
3180 5044 3341 5099 θείων
3363 5043 3719 5116 χαρισμάτων

2131 5126 2397 5209 ἀκρότης,
2458 5136 2742 5208 συγκρίσει
2794 5128 2905 5191 τῶν
2949 5135 3290 5206 μελλόντων.
3344 5136 3628 5207 ἐλάχιστόν
3665 5148 3717 5190 τι

2131 5230 2228 5285 καὶ
2260 5228 2483 5300 μέτριόν
2505 5229 2675 5283 ὲστιν.

2231 5400 2658 5462 ΕΚΑΤΟΝΤΑΣ
2685 5406 2744 5460 B’
2772 5404 3190 5461 ΓΝΩΣΤΙΚΩΝ
3212 5407 3621 5465 ΚΕΦΑΛΑΙΩΝ

2213 5508 2284 5554 α’.
2332 5494 2428 5564 Εἷς
2453 5499 2606 5567 Θεὸς,
2630 5499 2722 5554 δτι
2750 5497 2847 5570 μία
2868 5497 3081 5571 θεότηςο
3139 5498 3308 5570 μονάς
3328 5496 3493 5570 [deest
3519 5498 3598 5565 τὸ,
3624 5513 3721 5569 μο-

521 5614 567 5648 ⁹²
586 5615 729 5690 _Psal.
754 5613 974 5690 mv,_5.
1051 5613 1100 5650 ⁸³
1119 5611 1316 5690 ll_Cor.
1342 5630 1424 5676 ut,
1450 5615 1537 5671 l8.
1614 5613 1816 5684 "Bap.
1840 5631 1947 5681 xvi,
1969 5616 2032 5671 20

2137 5619 2185 5651 ⁸⁵
2210 5619 2231 5674 1
2261 5619 2411 5674 Petr.
2438 5633 2498 5683 ιι,
2519 5619 2577 5672 2.
2652 5619 2698 5653 "
2722 5618 2884 5674 Rom.
2906 5633 3016 5684 xw,
3037 5617 3092 5673 '2.
3168 5618 3213 5651 ⁵⁷
3235 5617 3407 5675 Hebr.
3430 5632 3486 5690 v,
3508 5618 3597 5674 Μ.
3673 5603 3720 5635 ⁸⁸

451 5685 643 5740 Matth.
674 5702 820 5750 xxxv,
845 5686 947 5752 47;
981 5699 1104 5747 xxv,
1130 5683 1223 5738 21.

525 5800 538 5819 ‘
575 5798 731 5856 Unus
771 5800 908 5871 Reg.
945 5795 1160 5867 σαφῶς·
1213 5795 1375 5861 alter,
1412 5792 1643 5865 ωχνῶς,
1677 5808 1799 5867 quat
1834 5803 1891 5851 et
1936 5795 2028 5854 vid

2136 5816 2192 5856 ur
2222 5797 2418 5855 melior
2442 5797 2627 5854 lectio.
