4076 6414
443 354 578 424 1127

1647 351 1707 410 S.
1750 343 2044 409 MAXIMI
2084 337 2598 401 CONFESSORIS

3599 330 3734 398 1128

438 484 522 539 sic
555 479 652 551 qui
699 476 915 534 versari
946 492 1073 532 cum
1125 476 1240 531 Deo
1300 472 1593 536 meruerit,
1640 484 1837 525 omnes
1888 466 1943 522 in
1973 480 2036 521 eo

2143 456 2315 521 τελῶς
2341 460 2375 529 ὴ
2398 457 2550 520 θέσις
2570 470 2585 486 ο
2619 453 2795 520 οὑτως
2810 455 2840 508 6
2861 453 3114 522 ἀξιωθεὶς
3134 453 3193 505 ὲν
3215 449 3294 522 τῷ
3312 448 3432 522 Θεῷ
3453 448 3733 520 γενέσθαι,

438 582 752 629 creatorum
784 570 1240 642 praaexsisteutes
1257 568 1522 633 rationes,
1541 563 1779 635 simplici
1798 559 2035 632 quadam

436 681 500 721 ae
542 664 781 719 indivisa
808 662 1130 733 cognitione
1160 660 1454 732 intelliget.

508 755 560 810 5.
586 754 921 820 Intellectio,
950 754 1018 809 iis
1059 753 1297 808 formata
1329 765 1453 821 qua:
1483 747 1894 818 intelliguntur,
1924 758 2035 798 una

436 863 563 902 cum
619 846 713 913 sit,
770 863 873 918 pro
930 846 1205 917 cujusque
1254 859 1449 900 eorum
1479 857 1603 913 qua:
1651 838 2057 908 intelliguntur.

436 941 623 1010 specie
678 941 1013 1009 formaque,
1071 940 1264 1009 plures
1314 933 1724 991 intellectioncs
1773 929 2033 985 eilicitur.

436 1032 543 1088 Ubi
598 1040 786 1086 autem
827 1047 948 1087 eam
1012 1030 1373 1085 formantium
1423 1028 1694 1081 varietate
1752 1029 2032 1092 superata,

438 1136 556 1181 tum
586 1127 799 1182 scilicet
829 1141 1023 1181 eorum
1070 1142 1192 1195 quae
1239 1139 1404 1178 sensu
1449 1121 1871 1192 percipiuntur,
1916 1125 2036 1173 tum

439 1234 563 1287 qua:
585 1219 699 1274 sola
722 1228 908 1273 mente
938 1216 1348 1287 intelliguntur,
1374 1213 1603 1269 omnino
1622 1212 1814 1267 forma:
1835 1224 2038 1279 expers

441 1310 681 1364 evaserit
711 1327 724 1362 :
760 1318 894 1364 tunc
919 1309 1328 1364 convenienter
1354 1305 1558 1361 mentis
1579 1318 1800 1358 omnem
1824 1300 2034 1374 cogita-

443 1409 557 1456 tum
602 1416 879 1469 superans
931 1400 1075 1455 ratio
1138 1415 1238 1454 seu
1285 1398 1533 1454 Verbum
1571 1397 1677 1453 sibi
1716 1411 1837 1451 eam
1890 1392 2034 1449 asci-

439 1508 622 1554 scens,
668 1492 737 1546 ab
796 1492 904 1546 illis
957 1506 1179 1546 cessare
1231 1496 1493 1561 prmstat,
1532 1505 1655 1559 quae
1699 1503 1800 1558 per
1843 1501 2034 1542 rerum

440 1585 627 1639 animo
670 1585 1081 1641 intellectarum
1120 1585 1325 1639 formas
1368 1598 1437 1639 ex
1467 1583 1574 1637 alia
1625 1581 1788 1636 aliam
1828 1581 2035 1635 immu-

440 1684 579 1730 tant.
613 1674 715 1731 Cui
738 1692 873 1730 vero
907 1675 961 1729 id
1002 1675 1230 1740 accidit,
1260 1675 1516 1746 requievit
1545 1682 1596 1727 et
1620 1675 1733 1745 ipse
1763 1673 1828 1727 ab
1856 1672 2033 1743 ορειί-

439 1767 531 1823 bus
566 1769 696 1834 suis,
732 1770 868 1823 sicut
900 1767 1040 1823 Deus
1071 1785 1104 1822 a
1134 1768 1243 1823 suis
1269 1768 1337 1822 ⁸³.

510 1858 562 1914 6.
600 1858 703 1925 Qui
727 1859 795 1913 ad
817 1873 943 1913 eum
968 1859 1145 1913 evasit
1165 1856 1526 1927 perfectionis
1541 1854 1790 1921 modum,
1815 1856 1909 1927 qui
1933 1870 2034 1926 pro

436 1951 542 2007 hac
577 1953 688 2007 vita
713 1967 1015 2007 concessus
1049 1951 1377 2006 mortalibus
1419 1958 1526 2015 est,
1563 1947 1863 2004 fructiﬁcat
1898 1949 2031 2013 Deo,

436 2040 820 2108 dilectionem,
870 2056 1086 2113 pacem,
1138 2041 1658 2113 longanimitatem:
1693 2056 1793 2111 pro
1847 2038 2034 2095 futuro

418 2126 620 2189 ‘autem
655 2149 794 2199 aevo,
832 2134 1344 2206 incorruptionem.
1370 2132 2031 2204 essendiperennitatem,

436 2226 638 2296 bisque
660 2227 885 2282 similia.
920 2227 1001 2282 Ne
1026 2227 1169 2283 forte
1190 2242 1324 2281 vero
1349 2227 1527 2297 prima
1561 2225 1641 2280 illi
1675 2225 2032 2290 conveniant,

435 2318 532 2387 qui
591 2318 828 2373 actionis
877 2329 1066 2387 partes
1100 2317 1378 2385 absolvit;
1414 2317 1664 2373 secunda
1696 2332 1828 2372 vero
1857 2326 1914 2372 et
1949 2331 2038 2371 se-

435 2410 689 2479 quentia,
748 2411 823 2475 ei,
871 2410 967 2481 qui
1020 2425 1121 2482 per
1163 2426 1352 2466 veram
1406 2410 1705 2466 scientiam
1753 2427 1785 2466 a
1828 2409 2035 2466 creatis

436 2504 696 2559 excessit.

509 2595 561 2649 7.
595 2593 751 2649 Sicut
797 2603 1111 2665 peccatum,
1139 2593 1431 2665 proprium
1473 2593 1872 2650 inobedientia:
1894 2609 2035 2666 opus

434 2694 550 2749 est;
587 2684 668 2740 sic
712 2693 767 2739 et
801 2685 1007 2751 virtus,
1050 2685 1338 2757 proprium
1382 2700 1523 2756 opus
1562 2683 1913 2740 obedientize.
1958 2683 2037 2739 Ac

434 2766 582 2833 sicut
627 2778 1023 2834 inobedientize
1072 2794 1261 2834 eomes
1307 2787 1395 2833 est
1426 2777 1815 2833 mandatorum
1851 2787 2035 2834 trans-

429 2871 647 2942 gressio
667 2912 681 2933 .
720 2880 887 2942 atque
909 2870 978 2926 ab
1010 2887 1099 2937 eo,
1127 2871 1225 2943 qui
1262 2870 1319 2926 in
1346 2870 1622 2927 mandatis
1656 2870 1904 2937 dederat,
1946 2870 2034 2926 di-

433 2964 606 3031 visio;
642 2965 721 3020 sic
772 2972 828 3019 et
867 2963 1207 3019 obedientiae
1260 2978 1451 3018 comes
1499 2970 1587 3018 est
1642 2962 2034 3018 mandatorum

428 3055 791 3121 observatio,
840 3071 906 3111 ac
952 3068 1080 3111 cum
1115 3071 1183 3111 eo
1208 3055 1304 3126 qui
1336 3063 1708 3127 praeceperat,
1738 3056 1891 3111 unio.
1928 3057 2035 3126 Qui

434 3146 611 3217 igitur
636 3146 951 3203 obediendo
982 3146 1305 3202 mandatum
1335 3147 1597 3211 servavit,
1621 3155 1737 3201 tum
1763 3148 2035 3219 justitiam

436 3247 705 3309 operatus
728 3238 898 3311 486
918 3246 1026 3305 est,
1056 3248 1173 3294 tum
1198 3255 1324 3296 cum
1350 3254 1424 3295 eo
1444 3239 1539 3310 qui
1561 3248 1920 3310 praeceperat,
1953 3241 2038 3296 in-

437 3330 672 3386 divisam
694 3346 793 3402 per
818 3330 1175 3387 dilectionem
1208 3331 1470 3387 unionem
1492 3331 1756 3396 servavit.
1780 3331 1886 3398 Qui
1903 3347 2037 3388 vero

437 3437 539 3492 per
600 3421 1042 3478 inobedientiam
1099 3425 1424 3479 mandatum
1478 3431 1858 3496 transgressus
1907 3433 2034 3488 est,

439 3520 553 3566 tum
587 3519 878 3583 peccatum
912 3512 1066 3576 fecit,
1094 3502 1208 3567 tum
1237 3528 1297 3569 se
1329 3513 1399 3569 ab
1421 3514 1542 3585 ejus
1568 3513 1663 3581 qui
1699 3524 2038 3585 praeceperat

437 3606 652 3661 unitate
686 3605 959 3677 abjunxit.

507 3695 560 3750 8.
582 3695 684 3762 Qui
707 3713 740 3751 a
764 3697 1059 3765 divisione,
1080 3713 1203 3769 quae
1220 3714 1290 3755 ex
1314 3699 1757 3770 transgressione
1782 3698 2034 3766 inolevit,

435 3787 740 3859 colligitur,
769 3790 1013 3860 primum
1054 3790 1126 3845 ab
1153 3790 1450 3847 affectibus
1484 3792 1750 3862 vitiisque
1782 3792 2035 3865 abjungi-

439 3890 532 3935 tur
564 3898 577 3934 :
602 3881 803 3937 exinde
834 3898 865 3937 a
886 3882 1205 3939 libidinosis
1226 3891 1284 3939 et
1310 3900 1435 3954 quae
1471 3884 1610 3940 vitio
1636 3882 2039 3956 bzerent,cogi-

438 3973 744 4028 tationibus
774 3992 787 4028 :
818 3983 932 4029 tum
958 3991 991 4030 a
1030 3984 1231 4032 natura
1254 4018 1269 4043 ,
1323 3976 1544 4047 illisque
1575 3976 1889 4033 rationibus
1914 3994 2038 4048 quae

433 4066 589 4121 circa
620 4083 744 4122 eam
788 4075 1123 4136 versantur;
1183 4076 1379 4141 postea
1419 4085 1451 4124 a
1477 4068 1646 4125 rebus
1691 4067 2037 4138 spiritalibus

433 4165 494 4213 et
531 4174 655 4229 qua:
682 4159 738 4214 in
766 4168 1010 4216 mentem
1050 4161 1281 4227 cadunt,
1322 4162 1505 4232 iisque
1530 4161 1781 4218 scientiis
1805 4177 1930 4233 quae
1965 4161 2035 4217 de

435 4245 547 4303 illis
570 4249 848 4306 habentur
886 4270 899 4306 :
926 4267 991 4307 ac
1017 4261 1324 4324 postremo,
1356 4253 1727 4310 Providentia:
1752 4253 2035 4308 rationum

436 4340 711 4398 varietate
750 4343 869 4414 ipsa
916 4354 1200 4415 superata,
1234 4346 1302 4401 ad
1354 4345 1529 4417 ipsam
1578 4346 1765 4418 ignoto
1811 4345 2038 4401 devenit

430 4430 672 4488 unitatis
710 4434 1020 4502 rationem;
1044 4450 1114 4490 ex
1140 4450 1248 4506 qua
1270 4436 1386 4492 sola
1406 4451 1563 4491 suam
1588 4450 1745 4492 mens
1778 4436 2037 4490 immuta-

2141 551 2356 615 πάντας
2386 549 2591 602 εἵσεται
2619 550 2748 611 τοὺς
2777 546 3005 618 ὲναὺτῷ
3023 545 3134 599 τῶν
3161 543 3465 614 γεγονότων
3488 545 3734 613 προϋφε-

2142 642 2353 705 στῶτας
2387 641 2603 709 λόγους,
2643 640 2766 695 καθ’
2797 639 2977 710 ἁπλῆν
3014 654 3134 692 τινα
3157 636 3467 705 ἀδιαίρετον
3504 632 3729 702 γνῶσιν.

2210 739 2272 785 ε’.
2337 729 2712 802 Μοροξουμένη
2763 734 2876 794 τοῖς
2918 728 3235 800 νοουμένοις
3279 727 3487 797 νόησις,
3539 723 3735 778 πολλαὶ

2139 827 2356 896 νοήσεις
2386 826 2417 895 ἡ
2448 824 2547 895 μία
2575 821 2903 876 καθίσταται
2932 822 3140 893 νόησις,
3190 818 3313 873 κατ’
3337 814 3478 881 εἶδος
3506 817 3735 871 ἕκαστον

2143 918 2501 994 μορφωυμένη
2546 917 2659 971 τῶν
2691 915 3023 987 νοουμένων.
3072 913 3343 983 ὀπηνίκα
3366 911 3425 964 δὲ
3454 908 3565 963 τῶν
3599 925 3734 981 μορ-

2139 1015 2387 1085 φούντων
2431 1011 2605 1083 αὐτὴν
2645 1008 2928 1081 αἰσθητῶν
2970 1025 3030 1061 τε
3082 1008 3177 1061 καὶ
3204 1003 3414 1075 νοητῶν
3442 1002 3504 1057 τὸ
3533 1001 3736 1075 πλῆθος

2139 1107 2434 1181 περάσασα
2459 1146 2474 1169 ,
2539 1102 2767 1172 γένηται
2823 1101 3059 1170 πάμπαν
3106 1095 3379 1159 ἀνείδεος,
3430 1092 3736 1165 τηνικαῦτα

2140 1195 2438 1269 προσφυῶς
2486 1192 2657 1265 αὑτὴν
2703 1195 2731 1246 6
2772 1191 2913 1258 ὑπὲρ
2963 1189 3155 1260 νόησιν,
3190 1183 3490 1242 οἰκειοῦται
3537 1184 3731 1253 Λόγος,

2138 1287 2476 1344 καταπαύων
2529 1284 2638 1338 τῶν
2678 1278 2925 1336 ἀλλοιοῦν
2959 1277 3131 1348 αὑτὴν
3162 1279 3284 1341 ταῖς
3312 1276 3423 1328 τῶν
3446 1273 3736 1343 νοημάτων

2145 1381 2386 1454 μορφαῖς
2416 1376 2763 1446 πεφυκότων*
2793 1374 2932 1443 ὅπερ
2962 1374 2990 1424 6
3015 1369 3228 1430 παθὼν.
3252 1368 3354 1422 καὶ
3379 1366 3566 1433 αὐτὸς
3595 1382 3733 1421 κατ-

2138 1475 2414 1529 έπαυσεν
2458 1470 2578 1527 ἁπὸ
2607 1467 2727 1524 τῶν
2752 1467 2946 1538 ἔργων
2976 1464 3186 1530 αὑτοῦ,
3216 1461 3423 1532 ὥσπερ
3449 1460 3573 1517 ἀπὸ
3617 1457 3737 1514 τῶν

2140 1568 2308 1621 ἰδίων
2336 1569 2370 1621 ό
2402 1565 2569 1630 Θεός.

2214 1854 2289 1915 ς’.
2337 1846 2398 1902 Ὀ
2423 1847 2523 1918 τὴν
2550 1842 2782 1915 ὲφικτὴν
2809 1838 3121 1913 ἀνθρώποις
3154 1835 3394 1892 ἐνταῦθα
3422 1832 3735 1905 τελειότητα

2143 1943 2377 2014 φθάσας,
2414 1938 2759 2012 καρποφορεῖ
2805 1933 2882 2006 τῷ
2920 1932 3041 2005 Θεῷ
3081 1932 3324 2002 ἀγάπην,
3356 1929 3553 2000 χαρὰν,
3581 1927 3736 1998 εἰρή-

2143 2053 2270 2107 νην,
2326 2032 2709 2105 μακροθυμίαν
2730 2047 2744 2062 ’
2806 2027 2942 2102 πρὸς
2974 2026 3033 2079 δὲ
3065 2026 3128 2079 τὸ
3162 2023 3385 2096 μέλλον,
3425 2018 3737 2091 ἀφθαρσίαν

2141 2129 2239 2184 καὶ⁸
2284 2124 2564 2196 ἀῖδιότητα
2586 2165 2603 2188 ,
2660 2121 2755 2177 καὶ
2788 2121 2856 2175 τά
2882 2118 3097 2181 τούτοις
3126 2116 3293 2187 ὅμοια
3318 2130 3332 2145 ·
3389 2113 3485 2169 καὶ
3525 2113 3735 2183 μήποτε

2141 2222 2212 2278 τὰ
2241 2221 2339 2293 μὲν
2374 2218 2567 2290 πρῶτα
2599 2215 2872 2289 προσήκει
2924 2211 3004 2283 τῷ
3054 2210 3152 2283 τὴν
3179 2207 3494 2281 πρακτικὴν
3516 2206 3737 2262 τελειώ-

2145 2329 2302 2369 σαντι
2326 2330 2339 2343 ·
2401 2311 2470 2365 τά
2503 2309 2732 2380 δεύτερα
2761 2308 2840 2373 δὲ,
2886 2303 2965 2377 τῷ
2991 2303 3081 2358 6ιά
3103 2303 3359 2373 γνώσεως
3385 2298 3622 2371 ἀληθοῦς
3647 2301 3737 2354 ἐκ·

2145 2409 2331 2463 στάντι
2359 2405 2470 2460 τῶν
2498 2401 2911 2474 πεποιημένων.

2110 2580 2119 2585 ’
2216 2591 2283 2657 ζ’.
2321 2589 2534 2659 Ὠσπερ
2560 2587 2695 2641 ῖδιον
2728 2582 3018 2655 παρακοῆς
3043 2582 3206 2656 ἔργον
3235 2581 3386 2634 ἐστὶν
3411 2582 3444 2651 ἡ
3470 2581 3731 2653 ἁμαρτία.

2141 2684 2317 2746 οὕτως
2335 2682 2469 2737 ῖδιον
2498 2677 2747 2750 ὑπακοῆς
2770 2664 2932 2748 ἔργον
2950 2674 3100 2731 ἐστὶν
3128 2675 3162 2745 ἡ
3190 2673 3359 2745 ἀρετή
3376 2687 3390 2701 ⁸
3419 2673 3515 2727 καὶ
3547 2673 3734 2744 ὥσπερ

2140 2780 2211 2849 τῇ
2248 2777 2344 2848 μὲν
2372 2775 2627 2845 παρακοῇ
2686 2766 3089 2840 παρακολουθεῖ
3133 2764 3449 2836 παράϐασις
3484 2765 3729 2829 ἐντολῶν,

2143 2873 2239 2928 καί¹
2260 2869 2357 2924 τοῦ
2382 2865 2764 2938 ἐντειλαμένου
2803 2862 3090 2936 διαίρεσις,
3126 2859 3271 2918 οὑτω
3302 2861 3369 2931 τῇ
3402 2859 3619 2930 ὑπακοῇ
3649 2859 3733 2926 ἐφ·

2142 2966 2334 3021 έπεται
2366 2962 2699 3033 συντήρησις
2731 2954 2986 3020 ἐντολῶν,
3020 2954 3115 3008 καὶ
3147 2955 3180 3027 ἡ
3214 2952 3351 3022 πρὸς
3380 2952 3472 3006 τὸν
3497 2950 3735 3007 ἐντειλά-

2146 3074 2307 3130 μενον
2328 3055 2543 3116 ἓνωσις.
2588 3052 2647 3105 Ὀ
2676 3047 2807 3119 γοῦν
2841 3046 3189 3118 συντηρήσας
3222 3045 3291 3098 δι’
3314 3045 3562 3115 ὑπακοῆς
3584 3045 3730 3097 ὲντο-

2064 3180 2106 3237 C
2143 3153 2261 3226 λὴν,
2301 3151 2396 3207 καὶ
2426 3146 2778 3217 δικαιοσύνην
2803 3143 3121 3215 εἰργάσατο,
3153 3139 3250 3195 καὶ
3281 3138 3418 3212 πρὸς
3446 3139 3539 3192 τὸν
3567 3141 3734 3192 ἐντει-

2138 3249 2393 3320 λάμενον,
2415 3244 2610 3298 ἕνωσιν
2640 3240 2731 3295 διά
2758 3239 2858 3310 τῆς
2885 3236 3105 3308 ἀγάπης
3128 3234 3395 3307 ἐτήρησεν
3407 3233 3731 3302 ἀδιαίρετον·

2137 3344 2166 3396 6
2185 3341 2244 3395 δὲ
2268 3337 2525 3410 παραϐὰς
2537 3333 2626 3389 διὰ
2639 3332 2926 3405 παρακοῆς
2954 3327 3197 3400 ἐντολὴν,
3214 3328 3311 3383 καὶ
3341 3326 3439 3397 τὴν
3459 3326 3730 3397 ἀμαρτίαν

2138 3432 2458 3504 εἰργάσατο,
2495 3428 2591 3483 καὶ
2616 3428 2717 3498 τῆς
2750 3425 2872 3479 κατ’
2893 3423 3115 3494 ἀγάπην
3145 3418 3340 3474 ἑαυτὸν
3374 3419 3510 3491 πρὸς
3540 3418 3634 3474 τὸν
3651 3419 3732 3473 ἐν·

2136 3526 2454 3595 τειλάμενον
2477 3519 2675 3575 διεῖλεν
2700 3516 2967 3581 ὲνώσεως.

2210 3704 2280 3773 ητ.
2331 3699 2390 3754 Ὀ
2443 3699 2510 3753 ὲκ
2561 3697 2661 3769 τῆς
2714 3695 2856 3750 κατά
2902 3694 3005 3767 τὴν
3052 3694 3369 3767 παράϐασιν
3418 3692 3730 3765 διαιρέσεως

2140 3794 2531 3864 συναγόμενος,
2566 3788 2783 3861 πρῶτον
2815 3787 3111 3860 χωρίζεται
3140 3786 3250 3842 τῶν
3278 3786 3469 3842 παθῶν
3491 3802 3505 3818 ⁸
3544 3787 3730 3842 ἔπειτα

2136 3886 2246 3940 τῶν
2274 3882 2542 3956 ὲμπαθῶν
2569 3880 2852 3952 λογισμῶν
2871 3897 2887 3914 ·
2946 3876 3068 3934 εἶτα
3095 3879 3314 3950 φύσεως
3341 3881 3438 3934 καὶ
3464 3880 3572 3933 τῶν
3604 3880 3731 3952 περὶ

2138 3978 2303 4049 φύσιν
2336 3977 2534 4046 λόγων·
2573 3971 2698 4029 εἶτα
2728 3974 3043 4046 νοημάτων,
3098 3973 3193 4028 καὶ
3240 3972 3352 4028 τῶν
3414 3972 3545 4042 περὶ
3594 3971 3732 4025 αὑτά

2138 4069 2400 4141 γνὼσεων
2433 4086 2447 4101 ο
2508 4069 2605 4123 καὶ
2667 4066 2981 4122 τελευταῖον
3015 4106 3030 4129 ,
3100 4066 3213 4120 τῶν
3272 4066 3401 4138 περί
3468 4064 3732 4139 Προνοίας

2136 4164 2313 4233 λόγων
2340 4162 2565 4235 διαδρὰς
2593 4160 2654 4216 τὸ
2684 4161 2954 4226 ποικίλον,
2989 4163 3071 4225 εἰς
3096 4160 3259 4214 αὑτδν
3283 4158 3577 4230 ἀγνώστως
3603 4154 3755 4211 κατέ

2135 4254 2276 4326 αντᾷ
2324 4254 2418 4308 τὸν
2465 4253 2596 4326 περὶ
2651 4252 2878 4325 μονάδος
2918 4251 3108 4323 λόγον’
3148 4253 3273 4308 καθ’
3309 4252 3369 4307 ὃν
3410 4252 3571 4323 μόνον
3595 4250 3733 4304 θεω-

2140 4348 2315 4419 ρήσας
2354 4346 2550 4400 ἑαυτοῦ
2581 4346 2850 4418 ἀτρεψίαν
2881 4345 2911 4398 6
2937 4342 3064 4409 νοῦς
3090 4387 3106 4411 ,
3160 4346 3345 4419 χαίρει
3376 4345 3475 4416 τὴν
3502 4343 3736 4399 ἀνεκλά-

2136 4437 2299 4510 λητον
2325 4438 2524 4510 χαράν·
2562 4438 2640 4502 ὡς
2669 4437 2769 4507 τὴν
2794 4438 3021 4509 εἰρήνην
3045 4435 3286 4508 εἰληφὼς
3315 4435 3408 4490 τοῦ
3439 4435 3600 4499 Θεοῦ,
3636 4435 3734 4507 τὴν

434 4521 712 4579 bilitatem
728 4526 1116 4592 considerans,
1144 4526 1344 4598 gaudio
1363 4526 1566 4598 gaudet
1587 4526 1944 4581 inenarrabili
1964 4526 2030 4594 °°;

2140 4529 2516 4601 ὑπερέχουσαν
2542 4530 2722 4584 πάντα
2747 4528 2874 4584 νοῦν
2902 4545 2917 4560 ⁸
2973 4530 3066 4584 καὶ
3097 4529 3445 4602 φρουροῦσαν
3468 4528 3734 4601 διηνεκῶς

436 4623 497 4669 ut
523 4629 647 4686 qute
664 4632 857 4686 pacem
881 4625 1042 4673 nacta
1066 4618 1158 4684 sit,
1187 4634 1310 4689 quae
1333 4626 1630 4690 exsuperat
1649 4633 1871 4673 omnem
1912 4633 2041 4674 sen-

2146 4621 2397 4677 ἄπτωτον
2431 4620 2523 4676 τδν
2553 4621 2727 4691 αὐτῆς
2754 4620 3099 4693 ἀξιούμενον.

427 4728 561 4767 sum
585 4713 653 4777 ⁶¹,
691 4728 757 4768 ac
781 4729 906 4783 qua:
935 4729 1063 4769 eum
1090 4714 1186 4786 qui
1245 4715 1423 4785 ipsam
1467 4714 1692 4785 assequi
1730 4714 2027 4782 meruerit,
2060 4716 2131 4772 ab
2158 4706 2309 4773 omni
2328 4719 2539 4790 jugiter
2564 4725 2791 4790 praestet
2814 4718 2980 4774 ruina
3011 4727 3195 4774 tutum
3222 4726 3392 4790 atque
3449 4734 3729 4775 securum.

420 4884 423 4887 η
500 4809 560 4865 9.
588 4806 872 4865 Cebenna:
900 4820 1105 4878 metus,
1128 4812 1398 4867 malitiam
1421 4811 1671 4883 vitiaque
1704 4820 1926 4883 prtestat
1952 4811 2043 4868 fu-

432 4916 586 4971 gere,
627 4901 716 4956 his
750 4901 846 4972 qui
891 4902 1238 4960 inducuntur
1294 4917 1360 4957 ac
1408 4903 1624 4959 tirones
1666 4911 1815 4959 sunt.
1862 4903 2043 4958 Bono—

433 5008 559 5048 rum
605 5003 795 5049 autem
846 4995 1323 5052 remunerationis
1366 5011 1526 5051 amor
1560 5011 1626 5052 ac
1669 4995 2035 5061 desiderium,

433 5086 861 5156 proﬁcientibus
917 5089 1136 5154 tribuit,
1184 5096 1248 5145 ut
1295 5088 1577 5146 virutibus
1626 5089 1797 5144 alacri
1847 5088 2033 5144 animo

435 5177 756 5249 fungantur.
783 5182 856 5238 At
882 5180 1178 5239 charitatis
1200 5181 1555 5255 mysterium,
1603 5181 1809 5239 creatis
1854 5181 2034 5237 omni-

505 5312 553 5346 "
580 5313 752 5370 Hebr.
776 5330 853 5383 tv,
891 5315 978 5370 10.
1057 5315 1103 5349 '°
1127 5315 1148 5369 Ι
1176 5316 1328 5371 Petr.
1353 5331 1392 5382 ι,
1423 5316 1478 5371 8.
1555 5317 1596 5351 ⁸⁸
1625 5315 1872 5387 Philipp.
1897 5332 1975 5381 tv,
2011 5315 2068 5370 7.

510 5468 589 5541 (φ)
624 5471 689 5524 '0
722 5469 791 5524 δὲ
835 5472 1020 5537 πόθος
1047 5471 1158 5539 τῆς
1188 5471 1308 5527 τῶν
1342 5471 1582 5541 ἀγαθῶν
1639 5472 2029 5539 ἀντιδόσεως.

435 5538 644 5613 βιίιορ
668 5542 839 5613 Marci
848 5542 1139 5613 yqrr'ctxibv
1182 5559 1305 5613 cap.
1342 5538 1429 5607 l3,
1477 5544 1533 5598 in
1564 5560 1677 5613 quo
1721 5543 1858 5597 nihil
1911 5559 2031 5598 sca-

434 5610 594 5684 brum
626 5621 723 5665 aut
759 5611 1002 5666 difficile.
1045 5612 1137 5667 Sic
1163 5610 1345 5669 tanien
1378 5615 1539 5684 plana
1579 5610 1764 5676 Picus,
1808 5613 2029 5684 Deside—

435 5679 575 5756 riuut
604 5691 784 5736 autem
812 5684 1191 5756 remunerandi
1223 5679 1435 5756 accepta
1476 5685 1634 5739 bona.
1662 5685 1844 5756 Certe,
1881 5683 2030 5737 Desi—

433 5749 1108 5823 deﬁuntremunerationis
1130 5749 1418 5819 bonoruin;
1449 5770 1642 5809 eorum
1673 5754 1886 5810 scilicet
1906 5769 2031 5823 quae

431 5818 549 5876 Deo
569 5820 826 5894 adiutore
856 5822 1128 5877 virtutum
1163 5839 1331 5894 opera
1376 5818 1725 5894 praestamus.
1781 5818 2027 5893 Quor-um

2211 4813 2278 4868 θ’.
2327 4815 2386 4869 '0
2433 4815 2535 4886 τῆς
2578 4815 2807 4887 γεέννης
2838 4815 3024 4885 φόϐος,
3061 4815 3262 4870 κακίαν
3294 4817 3519 4887 φεύγειν
3550 4833 3731 4890 παρα-

2139 4905 2399 4971 σκευάζει
2450 4908 2578 4971 τοὺς
2622 4907 3007 4978 εἰσαγομένους
3029 4924 3045 4941 ο
3107 4909 3136 4960 6
3173 4907 3232 4961 δὲ
3282 4907 3449 4972 πόθος
3490 4908 3593 4980 τῆς
3621 4909 3733 4963 τῶν

2134 4998 2359 5063 ἀγαθῶν
2385 5000 2712 5065 ἀντιδόσεως
2736 4999 2839 5072 (x),
2860 5003 2974 5064 τοῖς
3000 5000 3376 5071 προκόπτουσι
3403 5002 3505 5075 τὴν
3531 5002 3621 5056 ἐπ’
3640 5004 3730 5056 ἑν-

2139 5094 2335 5166 εργείᾳ
2367 5094 2476 5149 τῶν
2505 5093 2720 5166 ἀρετῶν
2740 5092 3029 5165 χαρίζεται
3061 5092 3373 5164 προθυμίαν
3394 5109 3410 5123 ’
3459 5093 3523 5148 τὸ
3545 5093 3605 5149 δὲ
3631 5094 3733 5162 τῆς

2138 5184 2364 5256 ἀγάπης
2394 5186 2697 5257 μυστήριον
2721 5223 2738 5251 ,
2807 5183 3028 5240 πάντων
3060 5184 3349 5258 ὑπεραίρει
3374 5184 3484 5239 τῶν
3510 5189 3736 5255 γεγονό-

2134 5470 2423 5546 praemium
2458 5486 2684 5542 sperare
2719 5480 2776 5527 et
2800 5471 3120 5546 desiderare
3158 5472 3493 5546 Christianas
3532 5474 3725 5546 pietati

2136 5559 2248 5597 non
2301 5542 2498 5607 obest;
2554 5558 2733 5612 eoque
2789 5545 2999 5599 motivo
3039 5546 3117 5599 uti
3159 5545 3224 5599 ad
3268 5545 3496 5600 humani
3535 5542 3728 5602 cordis

2132 5612 2487 5686 excitandum
2512 5621 2813 5686 torporem.
2857 5614 2936 5669 Eo
2983 5624 3196 5686 spectat
3245 5615 3399 5686 quod
3456 5616 3725 5686 Dominus

2132 5682 2495 5756 Christianae_
2526 5682 2753 5756 pietatis
2814 5682 3451 5756 capita'Beatimiiiuum
3500 5684 3723 5741 nomine

2132 5754 2415 5879 gaogonit.
2465 5752 2575 5811 Sed
2630 5755 2688 5810 in
2721 5770 2784 5811 re
2826 5752 2980 5811 facili
3041 5772 3155 5816 non
3214 5758 3454 5830 amplius
3510 5757 3724 5813 lueren-

2176 5840 2289 5877 um.
