  <div class='ocr_page' id='page_1' title='image "/cluster/home/n/w/nwhite01/storage/ocr_20150623/90:no.1/coo.31924054869940/580.png"; bbox 0 0 4076 6430; ppageno 0'>
   <div class='ocr_carea' id='block_1_1' title="bbox 351 331 487 394">
    <p class='ocr_par' dir='ltr' id='par_1_1' title="bbox 351 331 487 394">
     <span class='ocr_line' id='line_1_1' title="bbox 351 331 487 394; baseline 0 -1"><span class='ocrx_word' id='word_1_1' title='bbox 351 331 487 394; x_wconf 73' lang='lat'><strong>1129</strong></span> 
     </span>
    </p>
   </div>
   <div class='ocr_carea' id='block_1_2' title="bbox 1196 330 2806 395">
    <p class='ocr_par' dir='ltr' id='par_1_2' title="bbox 1196 330 2806 395">
     <span class='ocr_line' id='line_1_2' title="bbox 1196 330 2806 395; baseline 0.002 -4"><span class='ocrx_word' id='word_1_2' title='bbox 1196 332 1531 392; x_wconf 77' lang='lat' dir='ltr'><strong>CAPITUM</strong></span> <span class='ocrx_word' id='word_1_3' title='bbox 1569 330 1843 391; x_wconf 81' lang='lat' dir='ltr'><strong>TIIEOL.</strong></span> <span class='ocrx_word' id='word_1_4' title='bbox 1884 331 1978 391; x_wconf 86' lang='lat' dir='ltr'><strong>ET</strong></span> <span class='ocrx_word' id='word_1_5' title='bbox 2016 332 2253 393; x_wconf 84' lang='lat' dir='ltr'><strong>(ECON.</strong></span> <span class='ocrx_word' id='word_1_6' title='bbox 2296 334 2684 394; x_wconf 65' lang='lat' dir='ltr'><strong>CENTURIA</strong></span> <span class='ocrx_word' id='word_1_7' title='bbox 2722 336 2806 395; x_wconf 90' lang='lat' dir='ltr'><strong>II.</strong></span> 
     </span>
    </p>
   </div>
   <div class='ocr_carea' id='block_1_3' title="bbox 3486 336 3622 399">
    <p class='ocr_par' dir='ltr' id='par_1_3' title="bbox 3486 336 3622 399">
     <span class='ocr_line' id='line_1_3' title="bbox 3486 336 3622 399; baseline -0.007 -1"><span class='ocrx_word' id='word_1_8' title='bbox 3486 336 3622 399; x_wconf 80' lang='lat'><strong>1130</strong></span> 
     </span>
    </p>
   </div>
   <div class='ocr_carea' id='block_1_4' title="bbox 332 439 1955 516">
    <p class='ocr_par' dir='ltr' id='par_1_4' title="bbox 332 439 1929 512">
     <span class='ocr_line' id='line_1_4' title="bbox 332 439 1929 512; baseline -0.002 -17"><span class='ocrx_word' id='word_1_9' title='bbox 332 462 447 497; x_wconf 89' lang='grc' dir='ltr'><strong>των</strong></span> <span class='ocrx_word' id='word_1_10' title='bbox 497 442 589 496; x_wconf 78' lang='grc' dir='ltr'><strong>τδν</strong></span> <span class='ocrx_word' id='word_1_11' title='bbox 636 440 801 504; x_wconf 83' lang='grc' dir='ltr'>νοῦν,</span> <span class='ocrx_word' id='word_1_12' title='bbox 865 439 1001 512; x_wconf 74' lang='grc' dir='ltr'>πρδς</span> <span class='ocrx_word' id='word_1_13' title='bbox 1045 440 1223 494; x_wconf 73' lang='grc' dir='ltr'>πάντα</span> <span class='ocrx_word' id='word_1_14' title='bbox 1275 441 1343 494; x_wconf 76' lang='grc' dir='ltr'>τὰ</span> <span class='ocrx_word' id='word_1_15' title='bbox 1392 440 1531 511; x_wconf 71' lang='grc' dir='ltr'>μετὰ</span> <span class='ocrx_word' id='word_1_16' title='bbox 1563 440 1697 493; x_wconf 79' lang='grc' dir='ltr'>Θεὸν</span> <span class='ocrx_word' id='word_1_17' title='bbox 1725 440 1929 510; x_wconf 74' lang='grc' dir='ltr'>τυφλὸν</span> 
     </span>
    </p>
   </div>
   <div class='ocr_carea' id='block_1_5' title="bbox 2037 439 3619 516">
    <p class='ocr_par' dir='ltr' id='par_1_5' title="bbox 2037 441 3619 516">
     <span class='ocr_line' id='line_1_5' title="bbox 2037 441 3619 516; baseline 0.003 -20"><span class='ocrx_word' id='word_1_18' title='bbox 2037 442 2136 497; x_wconf 90' lang='lat' dir='ltr'><strong>bus</strong></span> <span class='ocrx_word' id='word_1_19' title='bbox 2165 442 2512 512; x_wconf 82' lang='lat' dir='ltr'><strong>superiorem</strong></span> <span class='ocrx_word' id='word_1_20' title='bbox 2545 453 2785 497; x_wconf 89' lang='lat' dir='ltr'><strong>mentem</strong></span> <span class='ocrx_word' id='word_1_21' title='bbox 2835 443 3114 508; x_wconf 74' lang='lat' dir='ltr'><strong>attollens,</strong></span> <span class='ocrx_word' id='word_1_22' title='bbox 3167 441 3235 497; x_wconf 90' lang='lat' dir='ltr'><strong>ad</strong></span> <span class='ocrx_word' id='word_1_23' title='bbox 3268 443 3453 499; x_wconf 82' lang='lat' dir='ltr'><strong>omnia</strong></span> <span class='ocrx_word' id='word_1_24' title='bbox 3495 461 3619 516; x_wconf 73' lang='lat' dir='ltr'><strong>qua:</strong></span> 
     </span>
    </p>
   </div>
   <div class='ocr_carea' id='block_1_6' title="bbox 336 530 1927 604">
    <p class='ocr_par' dir='ltr' id='par_1_6' title="bbox 336 530 1927 604">
     <span class='ocr_line' id='line_1_6' title="bbox 336 530 1927 604; baseline -0.003 -17"><span class='ocrx_word' id='word_1_25' title='bbox 336 532 807 604; x_wconf 77' lang='grc' dir='ltr'>ἀπεργαζόμενον.</span> <span class='ocrx_word' id='word_1_26' title='bbox 832 532 1043 595; x_wconf 83' lang='grc' dir='ltr'>Μόνους</span> <span class='ocrx_word' id='word_1_27' title='bbox 1065 531 1174 602; x_wconf 79' lang='grc' dir='ltr'>γὰρ</span> <span class='ocrx_word' id='word_1_28' title='bbox 1192 532 1317 594; x_wconf 79' lang='grc' dir='ltr'>τοὺς</span> <span class='ocrx_word' id='word_1_29' title='bbox 1334 530 1570 600; x_wconf 84' lang='grc' dir='ltr'>τυφλοὺς</span> <span class='ocrx_word' id='word_1_30' title='bbox 1594 530 1730 600; x_wconf 76' lang='grc' dir='ltr'>πρὸς</span> <span class='ocrx_word' id='word_1_31' title='bbox 1749 530 1927 583; x_wconf 83' lang='grc' dir='ltr'>πάντα</span> 
     </span>
    </p>
   </div>
   <div class='ocr_carea' id='block_1_7' title="bbox 335 622 1927 694">
    <p class='ocr_par' dir='ltr' id='par_1_7' title="bbox 335 622 1927 694">
     <span class='ocr_line' id='line_1_7' title="bbox 335 622 1927 694; baseline -0.001 -18"><span class='ocrx_word' id='word_1_32' title='bbox 335 623 411 676; x_wconf 89' lang='grc' dir='ltr'>τὰ</span> <span class='ocrx_word' id='word_1_33' title='bbox 458 623 596 694; x_wconf 81' lang='grc' dir='ltr'><strong>μετά</strong></span> <span class='ocrx_word' id='word_1_34' title='bbox 643 622 775 675; x_wconf 83' lang='grc' dir='ltr'>Θεὸν</span> <span class='ocrx_word' id='word_1_35' title='bbox 823 623 1225 694; x_wconf 82' lang='grc' dir='ltr'><strong>γεγενημένους</strong></span> <span class='ocrx_word' id='word_1_36' title='bbox 1256 624 1285 675; x_wconf 99' lang='lat'><strong>6</strong></span> <span class='ocrx_word' id='word_1_37' title='bbox 1308 622 1514 693; x_wconf 80' lang='grc' dir='ltr'>Κύριος</span> <span class='ocrx_word' id='word_1_38' title='bbox 1541 623 1777 692; x_wconf 71' lang='grc' dir='ltr'>σοφίζει,</span> <span class='ocrx_word' id='word_1_39' title='bbox 1814 624 1927 675; x_wconf 82' lang='grc' dir='ltr'>δει-</span> 
     </span>
    </p>
   </div>
   <div class='ocr_carea' id='block_1_8' title="bbox 338 713 879 786">
    <p class='ocr_par' dir='ltr' id='par_1_8' title="bbox 338 713 879 786">
     <span class='ocr_line' id='line_1_8' title="bbox 338 713 879 786; baseline -0.002 -19"><span class='ocrx_word' id='word_1_40' title='bbox 338 714 475 779; x_wconf 79' lang='grc' dir='ltr'>κνὺς</span> <span class='ocrx_word' id='word_1_41' title='bbox 508 713 575 768; x_wconf 82' lang='grc' dir='ltr'>τὰ</span> <span class='ocrx_word' id='word_1_42' title='bbox 609 714 879 786; x_wconf 86' lang='grc' dir='ltr'>θειότερα.</span> 
     </span>
    </p>
   </div>
   <div class='ocr_carea' id='block_1_9' title="bbox 416 903 1926 976">
    <p class='ocr_par' dir='ltr' id='par_1_9' title="bbox 416 903 1926 976">
     <span class='ocr_line' id='line_1_9' title="bbox 416 903 1926 976; baseline -0.002 -18"><span class='ocrx_word' id='word_1_43' title='bbox 416 912 466 961; x_wconf 86' lang='grc' dir='ltr'><strong>ι’.</strong></span> <span class='ocrx_word' id='word_1_44' title='bbox 514 905 574 958; x_wconf 81' lang='grc' dir='ltr'>Ὀ</span> <span class='ocrx_word' id='word_1_45' title='bbox 623 904 718 958; x_wconf 86' lang='grc' dir='ltr'><strong>τοῦ</strong></span> <span class='ocrx_word' id='word_1_46' title='bbox 765 903 900 957; x_wconf 86' lang='grc' dir='ltr'>Θεοῦ</span> <span class='ocrx_word' id='word_1_47' title='bbox 950 905 1140 973; x_wconf 81' lang='grc' dir='ltr'>λόγος,</span> <span class='ocrx_word' id='word_1_48' title='bbox 1198 904 1383 976; x_wconf 85' lang='grc' dir='ltr'><strong>κόκκῳ</strong></span> <span class='ocrx_word' id='word_1_49' title='bbox 1411 905 1681 968; x_wconf 83' lang='grc' dir='ltr'><strong>σινάπεως</strong></span> <span class='ocrx_word' id='word_1_50' title='bbox 1715 904 1926 967; x_wconf 76' lang='grc' dir='ltr'>ἐοικὼς,</span> 
     </span>
    </p>
   </div>
   <div class='ocr_carea' id='block_1_10' title="bbox 336 991 1928 1068">
    <p class='ocr_par' dir='ltr' id='par_1_10' title="bbox 336 991 1928 1068">
     <span class='ocr_line' id='line_1_10' title="bbox 336 991 1928 1068; baseline 0 -19"><span class='ocrx_word' id='word_1_51' title='bbox 336 997 447 1068; x_wconf 77' lang='grc' dir='ltr'><strong>πρὸ</strong></span> <span class='ocrx_word' id='word_1_52' title='bbox 476 996 576 1065; x_wconf 69' lang='grc' dir='ltr'>τῆς</span> <span class='ocrx_word' id='word_1_53' title='bbox 602 996 877 1066; x_wconf 74' lang='grc' dir='ltr'><strong>γεωργίας</strong></span> <span class='ocrx_word' id='word_1_54' title='bbox 909 997 1051 1049; x_wconf 76' lang='grc' dir='ltr'>πάνυ</span> <span class='ocrx_word' id='word_1_55' title='bbox 1079 991 1221 1051; x_wconf 80' lang='grc' dir='ltr'>εῖναι</span> <span class='ocrx_word' id='word_1_56' title='bbox 1244 997 1392 1050; x_wconf 89' lang='grc' dir='ltr'>δοκεῖ</span> <span class='ocrx_word' id='word_1_57' title='bbox 1425 996 1643 1067; x_wconf 85' lang='grc' dir='ltr'>μικρός·</span> <span class='ocrx_word' id='word_1_58' title='bbox 1706 994 1928 1049; x_wconf 77' lang='grc' dir='ltr'>ἐπειδὰν</span> 
     </span>
    </p>
   </div>
   <div class='ocr_carea' id='block_1_11' title="bbox 336 1086 1925 1158">
    <p class='ocr_par' dir='ltr' id='par_1_11' title="bbox 336 1086 1925 1158">
     <span class='ocr_line' id='line_1_11' title="bbox 336 1086 1925 1158; baseline 0.001 -19"><span class='ocrx_word' id='word_1_59' title='bbox 336 1088 397 1141; x_wconf 78' lang='grc' dir='ltr'><strong>δὲ</strong></span> <span class='ocrx_word' id='word_1_60' title='bbox 431 1086 727 1158; x_wconf 83' lang='grc' dir='ltr'>γεωργηθῇ</span> <span class='ocrx_word' id='word_1_61' title='bbox 760 1087 1011 1152; x_wconf 86' lang='grc' dir='ltr'>δεόντως,</span> <span class='ocrx_word' id='word_1_62' title='bbox 1046 1087 1300 1141; x_wconf 89' lang='grc' dir='ltr'>τοσοῦτον</span> <span class='ocrx_word' id='word_1_63' title='bbox 1330 1088 1695 1141; x_wconf 88' lang='grc' dir='ltr'>διαδείκνυται</span> <span class='ocrx_word' id='word_1_64' title='bbox 1731 1088 1925 1158; x_wconf 83' lang='grc' dir='ltr'><strong>μέγας,</strong></span> 
     </span>
    </p>
   </div>
   <div class='ocr_carea' id='block_1_12' title="bbox 336 1176 1929 1250">
    <p class='ocr_par' dir='ltr' id='par_1_12' title="bbox 336 1176 1929 1250">
     <span class='ocr_line' id='line_1_12' title="bbox 336 1176 1929 1250; baseline 0.001 -19"><span class='ocrx_word' id='word_1_65' title='bbox 336 1176 483 1231; x_wconf 84' lang='grc' dir='ltr'>ὥστε</span> <span class='ocrx_word' id='word_1_66' title='bbox 510 1179 635 1241; x_wconf 86' lang='grc' dir='ltr'>τοὺς</span> <span class='ocrx_word' id='word_1_67' title='bbox 666 1179 776 1230; x_wconf 88' lang='grc' dir='ltr'><strong>τῶν</strong></span> <span class='ocrx_word' id='word_1_68' title='bbox 808 1178 1085 1249; x_wconf 81' lang='grc' dir='ltr'>αίσθητῶν</span> <span class='ocrx_word' id='word_1_69' title='bbox 1117 1180 1212 1233; x_wconf 81' lang='grc' dir='ltr'><strong>καὶ</strong></span> <span class='ocrx_word' id='word_1_70' title='bbox 1243 1179 1353 1233; x_wconf 92' lang='grc' dir='ltr'><strong>τῶν</strong></span> <span class='ocrx_word' id='word_1_71' title='bbox 1380 1180 1587 1250; x_wconf 84' lang='grc' dir='ltr'>νοητῶν</span> <span class='ocrx_word' id='word_1_72' title='bbox 1614 1180 1929 1250; x_wconf 79' lang='grc' dir='ltr'><strong>κτισμάτων</strong></span> 
     </span>
    </p>
   </div>
   <div class='ocr_carea' id='block_1_13' title="bbox 340 1266 1931 1341">
    <p class='ocr_par' dir='ltr' id='par_1_13' title="bbox 340 1266 1931 1341">
     <span class='ocr_line' id='line_1_13' title="bbox 340 1266 1931 1341; baseline 0.004 -23"><span class='ocrx_word' id='word_1_73' title='bbox 340 1266 708 1336; x_wconf 80' lang='grc' dir='ltr'>μεγαλοφυεῖς</span> <span class='ocrx_word' id='word_1_74' title='bbox 748 1268 939 1335; x_wconf 78' lang='grc' dir='ltr'><strong>λόγους</strong></span> <span class='ocrx_word' id='word_1_75' title='bbox 962 1270 1180 1340; x_wconf 82' lang='grc' dir='ltr'>πτηνῶν</span> <span class='ocrx_word' id='word_1_76' title='bbox 1206 1270 1361 1341; x_wconf 87' lang='grc' dir='ltr'>δίκην</span> <span class='ocrx_word' id='word_1_77' title='bbox 1392 1269 1544 1340; x_wconf 84' lang='grc' dir='ltr'>αὐτῷ</span> <span class='ocrx_word' id='word_1_78' title='bbox 1577 1271 1931 1324; x_wconf 81' lang='grc' dir='ltr'>ὲπαναπαύε-</span> 
     </span>
    </p>
   </div>
   <div class='ocr_carea' id='block_1_14' title="bbox 342 1358 1930 1434">
    <p class='ocr_par' dir='ltr' id='par_1_14' title="bbox 342 1358 1930 1434">
     <span class='ocr_line' id='line_1_14' title="bbox 342 1358 1930 1434; baseline 0.004 -25"><span class='ocrx_word' id='word_1_79' title='bbox 342 1358 491 1411; x_wconf 83' lang='grc' dir='ltr'>σθαι.</span> <span class='ocrx_word' id='word_1_80' title='bbox 531 1358 757 1412; x_wconf 83' lang='grc' dir='ltr'>Πάντων</span> <span class='ocrx_word' id='word_1_81' title='bbox 786 1360 894 1430; x_wconf 69' lang='grc' dir='ltr'>γὰρ</span> <span class='ocrx_word' id='word_1_82' title='bbox 925 1361 975 1412; x_wconf 80' lang='lat' dir='ltr'><strong>oi</strong></span> <span class='ocrx_word' id='word_1_83' title='bbox 1016 1360 1166 1430; x_wconf 90' lang='grc' dir='ltr'>λόγοι</span> <span class='ocrx_word' id='word_1_84' title='bbox 1197 1362 1605 1433; x_wconf 74' lang='grc' dir='ltr'><strong>καθεστήκασιν</strong></span> <span class='ocrx_word' id='word_1_85' title='bbox 1636 1362 1787 1434; x_wconf 79' lang='grc' dir='ltr'>αὐτῷ</span> <span class='ocrx_word' id='word_1_86' title='bbox 1821 1380 1930 1434; x_wconf 80' lang='grc' dir='ltr'>χω-</span> 
     </span>
    </p>
   </div>
   <div class='ocr_carea' id='block_1_15' title="bbox 339 1450 1929 1528">
    <p class='ocr_par' dir='ltr' id='par_1_15' title="bbox 339 1450 1929 1528">
     <span class='ocr_line' id='line_1_15' title="bbox 339 1450 1929 1528; baseline 0.012 -29"><span class='ocrx_word' id='word_1_87' title='bbox 339 1450 520 1521; x_wconf 81' lang='grc' dir='ltr'>ρητοίο</span> <span class='ocrx_word' id='word_1_88' title='bbox 571 1452 731 1515; x_wconf 70' lang='grc' dir='ltr'>αὐτὸς</span> <span class='ocrx_word' id='word_1_89' title='bbox 769 1453 864 1518; x_wconf 82' lang='grc' dir='ltr'><strong>δὲ,</strong></span> <span class='ocrx_word' id='word_1_90' title='bbox 897 1453 1007 1507; x_wconf 87' lang='grc' dir='ltr'><strong>τῶν</strong></span> <span class='ocrx_word' id='word_1_91' title='bbox 1040 1454 1210 1507; x_wconf 77' lang='grc' dir='ltr'>ὄντων</span> <span class='ocrx_word' id='word_1_92' title='bbox 1258 1456 1405 1508; x_wconf 72' lang='grc' dir='ltr'>ἐστὶν</span> <span class='ocrx_word' id='word_1_93' title='bbox 1444 1457 1619 1510; x_wconf 80' lang='grc' dir='ltr'>οὐδενὶ</span> <span class='ocrx_word' id='word_1_94' title='bbox 1664 1457 1929 1528; x_wconf 74' lang='grc' dir='ltr'>χωρητόςο</span> 
     </span>
    </p>
   </div>
   <div class='ocr_carea' id='block_1_16' title="bbox 335 1542 1935 1615">
    <p class='ocr_par' dir='ltr' id='par_1_16' title="bbox 335 1542 1935 1615">
     <span class='ocr_line' id='line_1_16' title="bbox 335 1542 1935 1615; baseline 0.006 -22"><span class='ocrx_word' id='word_1_95' title='bbox 335 1544 429 1595; x_wconf 71' lang='grc' dir='ltr'>Διὸ</span> <span class='ocrx_word' id='word_1_96' title='bbox 472 1542 561 1595; x_wconf 83' lang='grc' dir='ltr'><strong>τὸν</strong></span> <span class='ocrx_word' id='word_1_97' title='bbox 602 1544 794 1612; x_wconf 76' lang='grc' dir='ltr'>ἔχοντα</span> <span class='ocrx_word' id='word_1_98' title='bbox 825 1545 1010 1600; x_wconf 77' lang='grc' dir='ltr'>πίστιν</span> <span class='ocrx_word' id='word_1_99' title='bbox 1053 1547 1130 1610; x_wconf 86' lang='grc' dir='ltr'><strong>ῶς</strong></span> <span class='ocrx_word' id='word_1_100' title='bbox 1174 1548 1377 1601; x_wconf 85' lang='grc' dir='ltr'>κόκκον</span> <span class='ocrx_word' id='word_1_101' title='bbox 1423 1549 1736 1615; x_wconf 78' lang='grc' dir='ltr'>σινάπεως,</span> <span class='ocrx_word' id='word_1_102' title='bbox 1772 1549 1935 1603; x_wconf 83' lang='grc' dir='ltr'>δύνα-</span> 
     </span>
    </p>
   </div>
   <div class='ocr_carea' id='block_1_17' title="bbox 338 1634 1936 1713">
    <p class='ocr_par' dir='ltr' id='par_1_17' title="bbox 338 1634 1936 1713">
     <span class='ocr_line' id='line_1_17' title="bbox 338 1634 1936 1713; baseline 0.005 -27"><span class='ocrx_word' id='word_1_103' title='bbox 338 1634 464 1688; x_wconf 87' lang='grc' dir='ltr'>σθαι</span> <span class='ocrx_word' id='word_1_104' title='bbox 511 1635 823 1711; x_wconf 76' lang='grc' dir='ltr'>μεταθεῖναι</span> <span class='ocrx_word' id='word_1_105' title='bbox 867 1638 1011 1709; x_wconf 81' lang='grc' dir='ltr'>λόγῳ</span> <span class='ocrx_word' id='word_1_106' title='bbox 1062 1639 1123 1691; x_wconf 76' lang='grc' dir='ltr'><strong>τὸ</strong></span> <span class='ocrx_word' id='word_1_107' title='bbox 1172 1639 1296 1711; x_wconf 80' lang='grc' dir='ltr'>ὅρος</span> <span class='ocrx_word' id='word_1_108' title='bbox 1332 1642 1360 1693; x_wconf 86' lang='lat'><strong>6</strong></span> <span class='ocrx_word' id='word_1_109' title='bbox 1385 1640 1586 1713; x_wconf 80' lang='grc' dir='ltr'>Κύριος</span> <span class='ocrx_word' id='word_1_110' title='bbox 1613 1641 1739 1713; x_wconf 74' lang='grc' dir='ltr'>ἔφη’</span> <span class='ocrx_word' id='word_1_111' title='bbox 1779 1658 1936 1694; x_wconf 89' lang='grc' dir='ltr'>τουτ-</span> 
     </span>
    </p>
   </div>
   <div class='ocr_carea' id='block_1_18' title="bbox 338 1727 1932 1803">
    <p class='ocr_par' dir='ltr' id='par_1_18' title="bbox 338 1727 1932 1803">
     <span class='ocr_line' id='line_1_18' title="bbox 338 1727 1932 1803; baseline 0.003 -23"><span class='ocrx_word' id='word_1_112' title='bbox 338 1727 460 1781; x_wconf 80' lang='grc' dir='ltr'>έστι</span> <span class='ocrx_word' id='word_1_113' title='bbox 485 1766 501 1792; x_wconf 92' lang='grc'><strong>,</strong></span> <span class='ocrx_word' id='word_1_114' title='bbox 543 1728 605 1780; x_wconf 80' lang='grc' dir='ltr'>τὸ</span> <span class='ocrx_word' id='word_1_115' title='bbox 634 1728 757 1782; x_wconf 90' lang='grc' dir='ltr'>καθ’</span> <span class='ocrx_word' id='word_1_116' title='bbox 778 1729 936 1800; x_wconf 77' lang='grc' dir='ltr'>ἡμῶν</span> <span class='ocrx_word' id='word_1_117' title='bbox 966 1730 1064 1783; x_wconf 83' lang='grc' dir='ltr'><strong>τοῦ</strong></span> <span class='ocrx_word' id='word_1_118' title='bbox 1086 1731 1333 1784; x_wconf 74' lang='grc' dir='ltr'>διαϐόλου</span> <span class='ocrx_word' id='word_1_119' title='bbox 1360 1734 1561 1803; x_wconf 87' lang='grc' dir='ltr'>κράτος</span> <span class='ocrx_word' id='word_1_120' title='bbox 1584 1731 1932 1798; x_wconf 75' lang='grc' dir='ltr'>ἀποδιιίικειν,</span> 
     </span>
    </p>
   </div>
   <div class='ocr_carea' id='block_1_19' title="bbox 333 1819 1220 1892">
    <p class='ocr_par' dir='ltr' id='par_1_19' title="bbox 333 1819 1220 1892">
     <span class='ocr_line' id='line_1_19' title="bbox 333 1819 1220 1892; baseline 0.003 -19"><span class='ocrx_word' id='word_1_121' title='bbox 333 1821 433 1873; x_wconf 70' lang='grc' dir='ltr'>καὶ</span> <span class='ocrx_word' id='word_1_122' title='bbox 470 1819 822 1890; x_wconf 78' lang='grc' dir='ltr'>μετατιθέναι</span> <span class='ocrx_word' id='word_1_123' title='bbox 851 1821 954 1891; x_wconf 87' lang='grc' dir='ltr'>τῆς</span> <span class='ocrx_word' id='word_1_124' title='bbox 986 1820 1220 1892; x_wconf 84' lang='grc' dir='ltr'>βάσεως.</span> 
     </span>
    </p>
   </div>
   <div class='ocr_carea' id='block_1_20' title="bbox 412 1997 1936 2072">
    <p class='ocr_par' dir='ltr' id='par_1_20' title="bbox 412 1997 1936 2072">
     <span class='ocr_line' id='line_1_20' title="bbox 412 1997 1936 2072; baseline 0.003 -22"><span class='ocrx_word' id='word_1_125' title='bbox 412 2002 504 2054; x_wconf 79' lang='grc' dir='ltr'>ια’.</span> <span class='ocrx_word' id='word_1_126' title='bbox 563 1998 782 2060; x_wconf 84' lang='grc' dir='ltr'>Κόκκος</span> <span class='ocrx_word' id='word_1_127' title='bbox 825 1997 921 2052; x_wconf 89' lang='grc' dir='ltr'><strong>τοῦ</strong></span> <span class='ocrx_word' id='word_1_128' title='bbox 972 1998 1248 2064; x_wconf 76' lang='grc' dir='ltr'>σινάπεως</span> <span class='ocrx_word' id='word_1_129' title='bbox 1276 2000 1428 2054; x_wconf 84' lang='grc' dir='ltr'>ἐστιν</span> <span class='ocrx_word' id='word_1_130' title='bbox 1455 2002 1485 2053; x_wconf 89' lang='lat'><strong>6</strong></span> <span class='ocrx_word' id='word_1_131' title='bbox 1517 2000 1751 2072; x_wconf 82' lang='grc' dir='ltr'>Κύριος,</span> <span class='ocrx_word' id='word_1_132' title='bbox 1793 2002 1936 2055; x_wconf 86' lang='grc' dir='ltr'><strong>κατά</strong></span> 
     </span>
    </p>
   </div>
   <div class='ocr_carea' id='block_1_21' title="bbox 333 2089 1935 2163">
    <p class='ocr_par' dir='ltr' id='par_1_21' title="bbox 333 2089 1935 2163">
     <span class='ocr_line' id='line_1_21' title="bbox 333 2089 1935 2163; baseline 0.002 -22"><span class='ocrx_word' id='word_1_133' title='bbox 333 2089 528 2143; x_wconf 83' lang='grc' dir='ltr'>πίστιν</span> <span class='ocrx_word' id='word_1_134' title='bbox 582 2089 641 2144; x_wconf 82' lang='grc' dir='ltr'>ὲν</span> <span class='ocrx_word' id='word_1_135' title='bbox 687 2089 971 2160; x_wconf 80' lang='grc' dir='ltr'>ῙΙνεύματι</span> <span class='ocrx_word' id='word_1_136' title='bbox 1022 2093 1383 2163; x_wconf 83' lang='grc' dir='ltr'>σπειρόμενος</span> <span class='ocrx_word' id='word_1_137' title='bbox 1434 2094 1492 2146; x_wconf 82' lang='grc' dir='ltr'>ἐν</span> <span class='ocrx_word' id='word_1_138' title='bbox 1535 2096 1655 2156; x_wconf 79' lang='grc' dir='ltr'>ταῖς</span> <span class='ocrx_word' id='word_1_139' title='bbox 1685 2094 1935 2163; x_wconf 80' lang='grc' dir='ltr'>καρδίαις</span> 
     </span>
    </p>
   </div>
   <div class='ocr_carea' id='block_1_22' title="bbox 331 2181 1937 2256">
    <p class='ocr_par' dir='ltr' id='par_1_22' title="bbox 331 2181 1937 2256">
     <span class='ocr_line' id='line_1_22' title="bbox 331 2181 1937 2256; baseline -0.001 -17"><span class='ocrx_word' id='word_1_140' title='bbox 331 2181 447 2239; x_wconf 84' lang='grc' dir='ltr'><strong>τῶν</strong></span> <span class='ocrx_word' id='word_1_141' title='bbox 476 2182 803 2253; x_wconf 80' lang='grc' dir='ltr'>δεχομένων·</span> <span class='ocrx_word' id='word_1_142' title='bbox 836 2183 894 2237; x_wconf 84' lang='grc' dir='ltr'>ὃν</span> <span class='ocrx_word' id='word_1_143' title='bbox 923 2186 951 2237; x_wconf 93' lang='lat'><strong>6</strong></span> <span class='ocrx_word' id='word_1_144' title='bbox 979 2184 1257 2254; x_wconf 77' lang='grc' dir='ltr'>ἐπιμελῶς</span> <span class='ocrx_word' id='word_1_145' title='bbox 1280 2185 1370 2238; x_wconf 78' lang='grc' dir='ltr'>διὰ</span> <span class='ocrx_word' id='word_1_146' title='bbox 1393 2185 1502 2239; x_wconf 91' lang='grc' dir='ltr'><strong>τῶν</strong></span> <span class='ocrx_word' id='word_1_147' title='bbox 1526 2185 1739 2252; x_wconf 84' lang='grc' dir='ltr'>ἀρετῶν</span> <span class='ocrx_word' id='word_1_148' title='bbox 1765 2203 1937 2256; x_wconf 82' lang='grc' dir='ltr'>γεωρ-</span> 
     </span>
    </p>
   </div>
   <div class='ocr_carea' id='block_1_23' title="bbox 330 2275 1935 2350">
    <p class='ocr_par' dir='ltr' id='par_1_23' title="bbox 330 2275 1935 2350">
     <span class='ocr_line' id='line_1_23' title="bbox 330 2275 1935 2350; baseline 0.001 -23"><span class='ocrx_word' id='word_1_149' title='bbox 330 2276 514 2345; x_wconf 83' lang='grc' dir='ltr'>γήσας</span> <span class='ocrx_word' id='word_1_150' title='bbox 534 2315 550 2339; x_wconf 87' lang='grc'><strong>,</strong></span> <span class='ocrx_word' id='word_1_151' title='bbox 606 2275 667 2329; x_wconf 82' lang='grc' dir='ltr'><strong>τὸ</strong></span> <span class='ocrx_word' id='word_1_152' title='bbox 693 2276 794 2346; x_wconf 84' lang='grc' dir='ltr'><strong>μὲν</strong></span> <span class='ocrx_word' id='word_1_153' title='bbox 823 2276 949 2348; x_wconf 78' lang='grc' dir='ltr'>ὅρος</span> <span class='ocrx_word' id='word_1_154' title='bbox 982 2276 1076 2331; x_wconf 84' lang='grc' dir='ltr'><strong>τοῦ</strong></span> <span class='ocrx_word' id='word_1_155' title='bbox 1108 2276 1295 2348; x_wconf 80' lang='grc' dir='ltr'>χοϊκοῦ</span> <span class='ocrx_word' id='word_1_156' title='bbox 1321 2279 1673 2350; x_wconf 78' lang='grc' dir='ltr'>φρονήματος</span> <span class='ocrx_word' id='word_1_157' title='bbox 1708 2278 1935 2348; x_wconf 87' lang='grc' dir='ltr'>μετατί-</span> 
     </span>
    </p>
   </div>
   <div class='ocr_carea' id='block_1_24' title="bbox 332 2369 1935 2442">
    <p class='ocr_par' dir='ltr' id='par_1_24' title="bbox 332 2369 1935 2442">
     <span class='ocr_line' id='line_1_24' title="bbox 332 2369 1935 2442; baseline 0.002 -19"><span class='ocrx_word' id='word_1_158' title='bbox 332 2370 504 2438; x_wconf 79' lang='grc' dir='ltr'>θησι,</span> <span class='ocrx_word' id='word_1_159' title='bbox 560 2369 661 2439; x_wconf 83' lang='grc' dir='ltr'><strong>τὴν</strong></span> <span class='ocrx_word' id='word_1_160' title='bbox 704 2370 1025 2441; x_wconf 85' lang='grc' dir='ltr'>δυσκίνητον</span> <span class='ocrx_word' id='word_1_161' title='bbox 1064 2371 1179 2436; x_wconf 75' lang='grc' dir='ltr'>ἕξιν</span> <span class='ocrx_word' id='word_1_162' title='bbox 1222 2372 1418 2425; x_wconf 81' lang='grc' dir='ltr'>ἑαυτοῦ</span> <span class='ocrx_word' id='word_1_163' title='bbox 1452 2372 1553 2442; x_wconf 80' lang='grc' dir='ltr'>τῆς</span> <span class='ocrx_word' id='word_1_164' title='bbox 1585 2373 1786 2436; x_wconf 83' lang='grc' dir='ltr'>κακίας</span> <span class='ocrx_word' id='word_1_165' title='bbox 1814 2373 1935 2428; x_wconf 81' lang='grc' dir='ltr'>κατ’</span> 
     </span>
    </p>
   </div>
   <div class='ocr_carea' id='block_1_25' title="bbox 332 2460 1935 2537">
    <p class='ocr_par' dir='ltr' id='par_1_25' title="bbox 332 2460 1935 2537">
     <span class='ocr_line' id='line_1_25' title="bbox 332 2460 1935 2537; baseline 0.002 -22"><span class='ocrx_word' id='word_1_166' title='bbox 332 2460 590 2526; x_wconf 74' lang='grc' dir='ltr'>ἐξουσίαν</span> <span class='ocrx_word' id='word_1_167' title='bbox 638 2463 1031 2534; x_wconf 75' lang='grc' dir='ltr'>ἀπωθούμενος</span> <span class='ocrx_word' id='word_1_168' title='bbox 1055 2481 1068 2495; x_wconf 89' lang='grc'><strong>·</strong></span> <span class='ocrx_word' id='word_1_169' title='bbox 1126 2466 1253 2529; x_wconf 78' lang='grc' dir='ltr'>τοὺς</span> <span class='ocrx_word' id='word_1_170' title='bbox 1291 2466 1347 2520; x_wconf 82' lang='grc' dir='ltr'>δὲ</span> <span class='ocrx_word' id='word_1_171' title='bbox 1391 2466 1584 2534; x_wconf 83' lang='grc' dir='ltr'>λόγους</span> <span class='ocrx_word' id='word_1_172' title='bbox 1617 2465 1795 2537; x_wconf 78' lang='grc' dir='ltr'>ἑαυτῷ</span> <span class='ocrx_word' id='word_1_173' title='bbox 1825 2467 1935 2519; x_wconf 89' lang='grc' dir='ltr'><strong>τῶν</strong></span> 
     </span>
    </p>
   </div>
   <div class='ocr_carea' id='block_1_26' title="bbox 332 2552 1931 2627">
    <p class='ocr_par' dir='ltr' id='par_1_26' title="bbox 332 2552 1931 2627">
     <span class='ocr_line' id='line_1_26' title="bbox 332 2552 1931 2627; baseline 0.004 -24"><span class='ocrx_word' id='word_1_174' title='bbox 332 2552 571 2605; x_wconf 75' lang='grc' dir='ltr'>ἐντολῶν</span> <span class='ocrx_word' id='word_1_175' title='bbox 607 2554 703 2606; x_wconf 79' lang='grc' dir='ltr'><strong>καὶ</strong></span> <span class='ocrx_word' id='word_1_176' title='bbox 729 2555 856 2618; x_wconf 82' lang='grc' dir='ltr'>τοὺς</span> <span class='ocrx_word' id='word_1_177' title='bbox 881 2554 1140 2624; x_wconf 83' lang='grc' dir='ltr'>τρόπους,</span> <span class='ocrx_word' id='word_1_178' title='bbox 1169 2556 1202 2625; x_wconf 83' lang='grc' dir='ltr'>ἢ</span> <span class='ocrx_word' id='word_1_179' title='bbox 1233 2557 1328 2609; x_wconf 77' lang='grc' dir='ltr'><strong>καὶ</strong></span> <span class='ocrx_word' id='word_1_180' title='bbox 1355 2556 1453 2620; x_wconf 89' lang='grc' dir='ltr'><strong>τάς</strong></span> <span class='ocrx_word' id='word_1_181' title='bbox 1478 2555 1626 2620; x_wconf 80' lang='grc' dir='ltr'>θείας</span> <span class='ocrx_word' id='word_1_182' title='bbox 1649 2556 1931 2627; x_wconf 74' lang='grc' dir='ltr'>δυνάμεις,</span> 
     </span>
    </p>
   </div>
   <div class='ocr_carea' id='block_1_27' title="bbox 330 2643 1446 2717">
    <p class='ocr_par' dir='ltr' id='par_1_27' title="bbox 330 2643 1446 2717">
     <span class='ocr_line' id='line_1_27' title="bbox 330 2643 1446 2717; baseline 0.004 -20"><span class='ocrx_word' id='word_1_183' title='bbox 330 2643 531 2714; x_wconf 79' lang='grc' dir='ltr'>ὥσπερ</span> <span class='ocrx_word' id='word_1_184' title='bbox 566 2644 786 2697; x_wconf 88' lang='grc' dir='ltr'>πετεινά</span> <span class='ocrx_word' id='word_1_185' title='bbox 815 2646 1047 2717; x_wconf 83' lang='grc' dir='ltr'>οὐρανοῦ</span> <span class='ocrx_word' id='word_1_186' title='bbox 1077 2648 1446 2702; x_wconf 78' lang='grc' dir='ltr'>ἐπαναπαύει.</span> 
     </span>
    </p>
   </div>
   <div class='ocr_carea' id='block_1_28' title="bbox 410 2735 1930 2811">
    <p class='ocr_par' dir='ltr' id='par_1_28' title="bbox 410 2735 1930 2811">
     <span class='ocr_line' id='line_1_28' title="bbox 410 2735 1930 2811; baseline -0.012 -2"><span class='ocrx_word' id='word_1_187' title='bbox 410 2735 501 2806; x_wconf 69' lang='grc' dir='ltr'><strong>ιβὀ</strong></span> <span class='ocrx_word' id='word_1_188' title='bbox 541 2735 631 2807; x_wconf 71' lang='grc' dir='ltr'><strong>Τῷ</strong></span> <span class='ocrx_word' id='word_1_189' title='bbox 674 2737 865 2807; x_wconf 79' lang='grc' dir='ltr'>Κυρίῳ</span> <span class='ocrx_word' id='word_1_190' title='bbox 912 2738 1163 2809; x_wconf 85' lang='grc' dir='ltr'>καθάπερ</span> <span class='ocrx_word' id='word_1_191' title='bbox 1214 2740 1323 2792; x_wconf 67' lang='grc' dir='ltr'><strong>τιν)⁸</strong></span> <span class='ocrx_word' id='word_1_192' title='bbox 1370 2739 1607 2811; x_wconf 83' lang='grc' dir='ltr'>θεμελίῳ</span> <span class='ocrx_word' id='word_1_193' title='bbox 1665 2739 1930 2806; x_wconf 85' lang='grc' dir='ltr'>πίστεως,</span> 
     </span>
    </p>
   </div>
   <div class='ocr_carea' id='block_1_29' title="bbox 332 2827 1933 2904">
    <p class='ocr_par' dir='ltr' id='par_1_29' title="bbox 332 2827 1933 2904">
     <span class='ocr_line' id='line_1_29' title="bbox 332 2827 1933 2904; baseline 0.002 -22"><span class='ocrx_word' id='word_1_194' title='bbox 332 2828 401 2882; x_wconf 74' lang='grc' dir='ltr'>τὸ</span> <span class='ocrx_word' id='word_1_195' title='bbox 427 2827 563 2900; x_wconf 79' lang='grc' dir='ltr'>ὕψος</span> <span class='ocrx_word' id='word_1_196' title='bbox 589 2830 1075 2899; x_wconf 75' lang='grc' dir='ltr'>ἐποικοδομοῦντες</span> <span class='ocrx_word' id='word_1_197' title='bbox 1111 2833 1221 2885; x_wconf 89' lang='grc' dir='ltr'><strong>τῶν</strong></span> <span class='ocrx_word' id='word_1_198' title='bbox 1274 2832 1519 2902; x_wconf 83' lang='grc' dir='ltr'>ἀγαθῶν,</span> <span class='ocrx_word' id='word_1_199' title='bbox 1556 2833 1802 2903; x_wconf 85' lang='grc' dir='ltr'>χρυσίον,</span> <span class='ocrx_word' id='word_1_200' title='bbox 1832 2834 1933 2904; x_wconf 82' lang='grc' dir='ltr'>ἀρ·</span> 
     </span>
    </p>
   </div>
   <div class='ocr_carea' id='block_1_30' title="bbox 333 2920 1930 2995">
    <p class='ocr_par' dir='ltr' id='par_1_30' title="bbox 333 2920 1930 2995">
     <span class='ocr_line' id='line_1_30' title="bbox 333 2920 1930 2995; baseline 0.003 -23"><span class='ocrx_word' id='word_1_201' title='bbox 333 2920 553 2991; x_wconf 76' lang='grc' dir='ltr'>γύριον,</span> <span class='ocrx_word' id='word_1_202' title='bbox 589 2920 769 2984; x_wconf 82' lang='grc' dir='ltr'>λίθους</span> <span class='ocrx_word' id='word_1_203' title='bbox 794 2922 1012 2992; x_wconf 85' lang='grc' dir='ltr'>τιμίους</span> <span class='ocrx_word' id='word_1_204' title='bbox 1051 2922 1372 2995; x_wconf 82' lang='grc' dir='ltr'>ἐπιθώμεθα</span> <span class='ocrx_word' id='word_1_205' title='bbox 1395 2940 1409 2953; x_wconf 76' lang='grc' dir='ltr'><strong>ο</strong></span> <span class='ocrx_word' id='word_1_206' title='bbox 1444 2924 1717 2991; x_wconf 83' lang='grc' dir='ltr'>τουτέστι,</span> <span class='ocrx_word' id='word_1_207' title='bbox 1747 2922 1930 2977; x_wconf 81' lang='grc' dir='ltr'>θεολο-</span> 
     </span>
    </p>
   </div>
   <div class='ocr_carea' id='block_1_31' title="bbox 332 3013 1933 3089">
    <p class='ocr_par' dir='ltr' id='par_1_31' title="bbox 332 3013 1933 3089">
     <span class='ocr_line' id='line_1_31' title="bbox 332 3013 1933 3089; baseline 0.002 -23"><span class='ocrx_word' id='word_1_208' title='bbox 332 3013 468 3082; x_wconf 88' lang='grc' dir='ltr'>γίαν</span> <span class='ocrx_word' id='word_1_209' title='bbox 518 3013 766 3084; x_wconf 84' lang='grc' dir='ltr'>καθαρὰν</span> <span class='ocrx_word' id='word_1_210' title='bbox 822 3016 917 3067; x_wconf 79' lang='grc' dir='ltr'><strong>καὶ</strong></span> <span class='ocrx_word' id='word_1_211' title='bbox 956 3014 1270 3086; x_wconf 80' lang='grc' dir='ltr'>ἀκίϐδηλον,</span> <span class='ocrx_word' id='word_1_212' title='bbox 1294 3017 1390 3069; x_wconf 65' lang='grc' dir='ltr'><strong>κα)⁵</strong></span> <span class='ocrx_word' id='word_1_213' title='bbox 1422 3015 1536 3086; x_wconf 87' lang='grc' dir='ltr'>βίον</span> <span class='ocrx_word' id='word_1_214' title='bbox 1567 3017 1802 3089; x_wconf 81' lang='grc' dir='ltr'>διαφανῆ</span> <span class='ocrx_word' id='word_1_215' title='bbox 1837 3016 1933 3071; x_wconf 77' lang='grc' dir='ltr'><strong>καὶ</strong></span> 
     </span>
    </p>
   </div>
   <div class='ocr_carea' id='block_1_32' title="bbox 334 3103 2002 3193">
    <p class='ocr_par' dir='ltr' id='par_1_32' title="bbox 334 3103 2002 3193">
     <span class='ocr_line' id='line_1_32' title="bbox 334 3103 2002 3193; baseline -0.001 -34"><span class='ocrx_word' id='word_1_216' title='bbox 334 3103 615 3175; x_wconf 78' lang='grc' dir='ltr'>λαμπρὸν,</span> <span class='ocrx_word' id='word_1_217' title='bbox 656 3105 752 3157; x_wconf 75' lang='grc' dir='ltr'>καὶ</span> <span class='ocrx_word' id='word_1_218' title='bbox 786 3104 965 3168; x_wconf 88' lang='grc' dir='ltr'>θείους</span> <span class='ocrx_word' id='word_1_219' title='bbox 993 3104 1292 3176; x_wconf 78' lang='grc' dir='ltr'>λογισμοὺς</span> <span class='ocrx_word' id='word_1_220' title='bbox 1325 3105 1393 3159; x_wconf 79' lang='grc' dir='ltr'>τὰ</span> <span class='ocrx_word' id='word_1_221' title='bbox 1422 3107 1761 3178; x_wconf 88' lang='grc' dir='ltr'>μαργαρώδη</span> <span class='ocrx_word' id='word_1_222' title='bbox 1803 3108 1932 3178; x_wconf 81' lang='grc' dir='ltr'>νοή-</span> <span class='ocrx_word' id='word_1_223' title='bbox 1960 3134 2002 3193; x_wconf 74' lang='lat' dir='ltr'><strong>c</strong></span> 
     </span>
    </p>
   </div>
   <div class='ocr_carea' id='block_1_33' title="bbox 338 3195 1929 3271">
    <p class='ocr_par' dir='ltr' id='par_1_33' title="bbox 338 3195 1929 3271">
     <span class='ocr_line' id='line_1_33' title="bbox 338 3195 1929 3271; baseline 0.003 -23"><span class='ocrx_word' id='word_1_224' title='bbox 338 3212 525 3267; x_wconf 83' lang='grc' dir='ltr'>ματα·</span> <span class='ocrx_word' id='word_1_225' title='bbox 576 3195 712 3250; x_wconf 87' lang='grc' dir='ltr'><strong>ἀλλά</strong></span> <span class='ocrx_word' id='word_1_226' title='bbox 765 3195 839 3268; x_wconf 83' lang='grc' dir='ltr'><strong>μὴ</strong></span> <span class='ocrx_word' id='word_1_227' title='bbox 884 3195 1039 3262; x_wconf 84' lang='grc' dir='ltr'>ξύλα,</span> <span class='ocrx_word' id='word_1_228' title='bbox 1102 3197 1176 3268; x_wconf 81' lang='grc' dir='ltr'>μὴ</span> <span class='ocrx_word' id='word_1_229' title='bbox 1222 3198 1414 3269; x_wconf 83' lang='grc' dir='ltr'>χόρτον</span> <span class='ocrx_word' id='word_1_230' title='bbox 1469 3200 1607 3270; x_wconf 86' lang='grc' dir='ltr'>μήτε</span> <span class='ocrx_word' id='word_1_231' title='bbox 1644 3199 1929 3271; x_wconf 84' lang='grc' dir='ltr'>καλάμην·</span> 
     </span>
    </p>
   </div>
   <div class='ocr_carea' id='block_1_34' title="bbox 335 3285 1934 3361">
    <p class='ocr_par' dir='ltr' id='par_1_34' title="bbox 335 3285 1934 3361">
     <span class='ocr_line' id='line_1_34' title="bbox 335 3285 1934 3361; baseline 0.001 -22"><span class='ocrx_word' id='word_1_232' title='bbox 335 3285 629 3350; x_wconf 83' lang='grc' dir='ltr'>τουτέστι,</span> <span class='ocrx_word' id='word_1_233' title='bbox 693 3286 834 3357; x_wconf 86' lang='grc' dir='ltr'>μήτε</span> <span class='ocrx_word' id='word_1_234' title='bbox 882 3286 1368 3359; x_wconf 82' lang='grc' dir='ltr'>εἰδωλολατρείαν·</span> <span class='ocrx_word' id='word_1_235' title='bbox 1418 3288 1591 3359; x_wconf 76' lang='grc' dir='ltr'>ἣγουν</span> <span class='ocrx_word' id='word_1_236' title='bbox 1653 3288 1755 3358; x_wconf 87' lang='grc' dir='ltr'>τὴν</span> <span class='ocrx_word' id='word_1_237' title='bbox 1804 3288 1934 3361; x_wconf 73' lang='grc' dir='ltr'>περὶ</span> 
     </span>
    </p>
   </div>
   <div class='ocr_carea' id='block_1_35' title="bbox 335 3378 1933 3451">
    <p class='ocr_par' dir='ltr' id='par_1_35' title="bbox 335 3378 1933 3451">
     <span class='ocr_line' id='line_1_35' title="bbox 335 3378 1933 3451; baseline 0.001 -20"><span class='ocrx_word' id='word_1_238' title='bbox 335 3378 413 3432; x_wconf 82' lang='grc' dir='ltr'>τὰ</span> <span class='ocrx_word' id='word_1_239' title='bbox 459 3378 694 3448; x_wconf 83' lang='grc' dir='ltr'>αίσθητά</span> <span class='ocrx_word' id='word_1_240' title='bbox 759 3378 1025 3450; x_wconf 83' lang='grc' dir='ltr'>πτόησιν’</span> <span class='ocrx_word' id='word_1_241' title='bbox 1086 3380 1224 3451; x_wconf 87' lang='grc' dir='ltr'>μήτε</span> <span class='ocrx_word' id='word_1_242' title='bbox 1273 3378 1389 3450; x_wconf 85' lang='grc' dir='ltr'>βίον</span> <span class='ocrx_word' id='word_1_243' title='bbox 1447 3380 1756 3448; x_wconf 89' lang='grc' dir='ltr'>ἀλόγιστον,</span> <span class='ocrx_word' id='word_1_244' title='bbox 1794 3381 1933 3451; x_wconf 82' lang='grc' dir='ltr'>μήτε</span> 
     </span>
    </p>
   </div>
   <div class='ocr_carea' id='block_1_36' title="bbox 330 3466 1935 3540">
    <p class='ocr_par' dir='ltr' id='par_1_36' title="bbox 330 3466 1935 3540">
     <span class='ocr_line' id='line_1_36' title="bbox 330 3466 1935 3540; baseline 0.004 -23"><span class='ocrx_word' id='word_1_245' title='bbox 330 3466 634 3539; x_wconf 74' lang='grc' dir='ltr'>λογισμοὺς</span> <span class='ocrx_word' id='word_1_246' title='bbox 664 3469 957 3539; x_wconf 76' lang='grc' dir='ltr'>ἐμπαθεῖς,</span> <span class='ocrx_word' id='word_1_247' title='bbox 979 3470 1073 3523; x_wconf 67' lang='grc' dir='ltr'>καὶ</span> <span class='ocrx_word' id='word_1_248' title='bbox 1091 3471 1191 3540; x_wconf 84' lang='grc' dir='ltr'>τῆς</span> <span class='ocrx_word' id='word_1_249' title='bbox 1223 3471 1367 3524; x_wconf 84' lang='grc' dir='ltr'><strong>κατά</strong></span> <span class='ocrx_word' id='word_1_250' title='bbox 1413 3471 1608 3540; x_wconf 81' lang='grc' dir='ltr'>σοφίαν</span> <span class='ocrx_word' id='word_1_251' title='bbox 1662 3472 1935 3533; x_wconf 74' lang='grc' dir='ltr'>συνέσεως</span> 
     </span>
    </p>
   </div>
   <div class='ocr_carea' id='block_1_37' title="bbox 335 3560 1311 3633">
    <p class='ocr_par' dir='ltr' id='par_1_37' title="bbox 335 3560 1311 3633">
     <span class='ocr_line' id='line_1_37' title="bbox 335 3560 1311 3633; baseline 0.003 -20"><span class='ocrx_word' id='word_1_252' title='bbox 335 3560 535 3631; x_wconf 82' lang='grc' dir='ltr'>ὥσπερ</span> <span class='ocrx_word' id='word_1_253' title='bbox 572 3560 861 3631; x_wconf 84' lang='grc' dir='ltr'>ἀσταχύων</span> <span class='ocrx_word' id='word_1_254' title='bbox 891 3562 1311 3633; x_wconf 82' lang='grc' dir='ltr'>ἐστερημένους.</span> 
     </span>
    </p>
   </div>
   <div class='ocr_carea' id='block_1_38' title="bbox 416 3717 1936 3793">
    <p class='ocr_par' dir='ltr' id='par_1_38' title="bbox 416 3717 1936 3793">
     <span class='ocr_line' id='line_1_38' title="bbox 416 3717 1936 3793; baseline 0.003 -22"><span class='ocrx_word' id='word_1_255' title='bbox 416 3724 510 3787; x_wconf 90' lang='grc' dir='ltr'><strong>ιγ’.</strong></span> <span class='ocrx_word' id='word_1_256' title='bbox 562 3717 622 3771; x_wconf 88' lang='lat'><strong>&#39;0</strong></span> <span class='ocrx_word' id='word_1_257' title='bbox 674 3717 931 3787; x_wconf 83' lang='grc' dir='ltr'>γνώσεως</span> <span class='ocrx_word' id='word_1_258' title='bbox 977 3720 1287 3791; x_wconf 80' lang='grc' dir='ltr'>ἐφιέμενος,</span> <span class='ocrx_word' id='word_1_259' title='bbox 1349 3721 1788 3793; x_wconf 79' lang='grc' dir='ltr'>ἀμετακινήτους</span> <span class='ocrx_word' id='word_1_260' title='bbox 1836 3722 1936 3786; x_wconf 74' lang='grc' dir='ltr'>τὰς</span> 
     </span>
    </p>
   </div>
   <div class='ocr_carea' id='block_1_39' title="bbox 343 3809 1937 3887">
    <p class='ocr_par' dir='ltr' id='par_1_39' title="bbox 343 3809 1937 3887">
     <span class='ocr_line' id='line_1_39' title="bbox 343 3809 1937 3887; baseline 0.004 -24"><span class='ocrx_word' id='word_1_261' title='bbox 343 3809 533 3880; x_wconf 78' lang='grc' dir='ltr'>βάσεις</span> <span class='ocrx_word' id='word_1_262' title='bbox 563 3810 664 3880; x_wconf 83' lang='grc' dir='ltr'>τῆς</span> <span class='ocrx_word' id='word_1_263' title='bbox 696 3810 875 3883; x_wconf 79' lang='grc' dir='ltr'>ψυχῆς</span> <span class='ocrx_word' id='word_1_264' title='bbox 908 3812 1179 3884; x_wconf 79' lang='grc' dir='ltr'>ἐρεισάτω</span> <span class='ocrx_word' id='word_1_265' title='bbox 1231 3814 1385 3885; x_wconf 83' lang='grc' dir='ltr'>παρὰ</span> <span class='ocrx_word' id='word_1_266' title='bbox 1440 3814 1519 3885; x_wconf 90' lang='grc' dir='ltr'>τῷ</span> <span class='ocrx_word' id='word_1_267' title='bbox 1548 3814 1761 3887; x_wconf 87' lang='grc' dir='ltr'>Κυρίῳ,</span> <span class='ocrx_word' id='word_1_268' title='bbox 1793 3813 1937 3870; x_wconf 82' lang='grc' dir='ltr'>καθά</span> 
     </span>
    </p>
   </div>
   <div class='ocr_carea' id='block_1_40' title="bbox 340 3902 1935 3977">
    <p class='ocr_par' dir='ltr' id='par_1_40' title="bbox 340 3902 1935 3977">
     <span class='ocr_line' id='line_1_40' title="bbox 340 3902 1935 3977; baseline 0.003 -22"><span class='ocrx_word' id='word_1_269' title='bbox 340 3919 513 3973; x_wconf 80' lang='grc' dir='ltr'>φησιν</span> <span class='ocrx_word' id='word_1_270' title='bbox 540 3904 567 3956; x_wconf 90' lang='lat'><strong>6</strong></span> <span class='ocrx_word' id='word_1_271' title='bbox 594 3902 726 3970; x_wconf 81' lang='grc' dir='ltr'>Θεὸς</span> <span class='ocrx_word' id='word_1_272' title='bbox 756 3904 833 3975; x_wconf 80' lang='grc' dir='ltr'>τῷ</span> <span class='ocrx_word' id='word_1_273' title='bbox 862 3905 1069 3975; x_wconf 74' lang='grc' dir='ltr'>Μωῦσῇ</span> <span class='ocrx_word' id='word_1_274' title='bbox 1090 3921 1103 3935; x_wconf 76' lang='grc' dir='ltr'><strong>ο</strong></span> <span class='ocrx_word' id='word_1_275' title='bbox 1138 3905 1222 3959; x_wconf 88' lang='grc' dir='ltr'><strong>Σὺ</strong></span> <span class='ocrx_word' id='word_1_276' title='bbox 1256 3904 1325 3958; x_wconf 84' lang='grc' dir='ltr'>δὲ</span> <span class='ocrx_word' id='word_1_277' title='bbox 1356 3906 1544 3961; x_wconf 80' lang='grc' dir='ltr'>αὐτοῦ</span> <span class='ocrx_word' id='word_1_278' title='bbox 1575 3905 1757 3977; x_wconf 80' lang='grc' dir='ltr'>στῆθι</span> <span class='ocrx_word' id='word_1_279' title='bbox 1806 3906 1935 3976; x_wconf 82' lang='grc' dir='ltr'>μετ’</span> 
     </span>
    </p>
   </div>
   <div class='ocr_carea' id='block_1_41' title="bbox 338 3995 1938 4069">
    <p class='ocr_par' dir='ltr' id='par_1_41' title="bbox 338 3995 1938 4069">
     <span class='ocr_line' id='line_1_41' title="bbox 338 3995 1938 4069; baseline 0.001 -20"><span class='ocrx_word' id='word_1_280' title='bbox 338 3995 512 4064; x_wconf 80' lang='grc' dir='ltr'>ὲμσῦ.</span> <span class='ocrx_word' id='word_1_281' title='bbox 556 3996 757 4050; x_wconf 86' lang='grc' dir='ltr'>Ἰστέον</span> <span class='ocrx_word' id='word_1_282' title='bbox 799 3996 876 4061; x_wconf 85' lang='grc' dir='ltr'><strong>δὲ,</strong></span> <span class='ocrx_word' id='word_1_283' title='bbox 922 3998 1004 4051; x_wconf 82' lang='grc' dir='ltr'><strong>ὄτι</strong></span> <span class='ocrx_word' id='word_1_284' title='bbox 1043 3998 1141 4051; x_wconf 75' lang='grc' dir='ltr'>καὶ</span> <span class='ocrx_word' id='word_1_285' title='bbox 1169 3999 1227 4051; x_wconf 80' lang='grc' dir='ltr'>ὲν</span> <span class='ocrx_word' id='word_1_286' title='bbox 1256 3998 1440 4062; x_wconf 80' lang='grc' dir='ltr'>αὐτοῖς</span> <span class='ocrx_word' id='word_1_287' title='bbox 1467 4003 1579 4063; x_wconf 84' lang='grc' dir='ltr'>τοῖς</span> <span class='ocrx_word' id='word_1_288' title='bbox 1622 3999 1938 4069; x_wconf 79' lang='grc' dir='ltr'>ἱσταμένοις</span> 
     </span>
    </p>
   </div>
   <div class='ocr_carea' id='block_1_42' title="bbox 339 4088 1938 4164">
    <p class='ocr_par' dir='ltr' id='par_1_42' title="bbox 339 4088 1938 4164">
     <span class='ocr_line' id='line_1_42' title="bbox 339 4088 1938 4164; baseline 0.003 -22"><span class='ocrx_word' id='word_1_289' title='bbox 339 4089 500 4159; x_wconf 65' lang='grc' dir='ltr'>παρὰ</span> <span class='ocrx_word' id='word_1_290' title='bbox 522 4088 597 4160; x_wconf 81' lang='grc' dir='ltr'>τῷ</span> <span class='ocrx_word' id='word_1_291' title='bbox 616 4089 804 4161; x_wconf 82' lang='grc' dir='ltr'>Κυρίῳ</span> <span class='ocrx_word' id='word_1_292' title='bbox 835 4091 953 4144; x_wconf 70' lang='grc' dir='ltr'>ἐστὶ</span> <span class='ocrx_word' id='word_1_293' title='bbox 983 4091 1218 4163; x_wconf 75' lang='grc' dir='ltr'>διαφορά</span> <span class='ocrx_word' id='word_1_294' title='bbox 1237 4109 1250 4123; x_wconf 92' lang='grc'><strong>·</strong></span> <span class='ocrx_word' id='word_1_295' title='bbox 1287 4092 1447 4162; x_wconf 72' lang='grc' dir='ltr'>εἴπερ</span> <span class='ocrx_word' id='word_1_296' title='bbox 1470 4094 1648 4147; x_wconf 83' lang='grc' dir='ltr'>ὲκεῖνο</span> <span class='ocrx_word' id='word_1_297' title='bbox 1683 4095 1759 4163; x_wconf 84' lang='grc' dir='ltr'>μὴ</span> <span class='ocrx_word' id='word_1_298' title='bbox 1791 4111 1938 4164; x_wconf 80' lang='grc' dir='ltr'>τιαρ-</span> 
     </span>
    </p>
   </div>
   <div class='ocr_carea' id='block_1_43' title="bbox 340 4179 1939 4253">
    <p class='ocr_par' dir='ltr' id='par_1_43' title="bbox 340 4179 1939 4253">
     <span class='ocr_line' id='line_1_43' title="bbox 340 4179 1939 4253; baseline 0.002 -20"><span class='ocrx_word' id='word_1_299' title='bbox 340 4179 525 4251; x_wconf 81' lang='grc' dir='ltr'>ἑργως</span> <span class='ocrx_word' id='word_1_300' title='bbox 584 4179 1021 4246; x_wconf 84' lang='grc' dir='ltr'>ἀναγινώσκεται</span> <span class='ocrx_word' id='word_1_301' title='bbox 1082 4184 1195 4244; x_wconf 84' lang='grc' dir='ltr'>τοῖς</span> <span class='ocrx_word' id='word_1_302' title='bbox 1245 4182 1593 4253; x_wconf 82' lang='grc' dir='ltr'>φιλομαθέσι,</span> <span class='ocrx_word' id='word_1_303' title='bbox 1639 4182 1741 4248; x_wconf 81' lang='grc' dir='ltr'><strong>τὸ,</strong></span> <span class='ocrx_word' id='word_1_304' title='bbox 1803 4182 1939 4236; x_wconf 73' lang='grc' dir='ltr'>Εἰσί</span> 
     </span>
    </p>
   </div>
   <div class='ocr_carea' id='block_1_44' title="bbox 338 4266 1940 4346">
    <p class='ocr_par' dir='ltr' id='par_1_44' title="bbox 338 4266 1940 4346">
     <span class='ocr_line' id='line_1_44' title="bbox 338 4266 1940 4346; baseline 0.004 -23"><span class='ocrx_word' id='word_1_305' title='bbox 338 4286 505 4337; x_wconf 75' lang='grc' dir='ltr'>τινες</span> <span class='ocrx_word' id='word_1_306' title='bbox 529 4271 646 4325; x_wconf 83' lang='grc' dir='ltr'>τῶν</span> <span class='ocrx_word' id='word_1_307' title='bbox 673 4266 789 4326; x_wconf 78' lang='grc' dir='ltr'>ὧδε</span> <span class='ocrx_word' id='word_1_308' title='bbox 820 4272 1113 4338; x_wconf 77' lang='grc' dir='ltr'>ἑστώτων,</span> <span class='ocrx_word' id='word_1_309' title='bbox 1150 4275 1368 4341; x_wconf 78' lang='grc' dir='ltr'>οἵτινες</span> <span class='ocrx_word' id='word_1_310' title='bbox 1397 4278 1469 4330; x_wconf 86' lang='grc' dir='ltr'>οὐ</span> <span class='ocrx_word' id='word_1_311' title='bbox 1493 4275 1581 4346; x_wconf 83' lang='grc' dir='ltr'>μὴ</span> <span class='ocrx_word' id='word_1_312' title='bbox 1610 4276 1940 4345; x_wconf 74' lang='grc' dir='ltr'>γεύσωνται</span> 
     </span>
    </p>
   </div>
   <div class='ocr_carea' id='block_1_45' title="bbox 341 4366 1937 4437">
    <p class='ocr_par' dir='ltr' id='par_1_45' title="bbox 341 4366 1937 4437">
     <span class='ocr_line' id='line_1_45' title="bbox 341 4366 1937 4437; baseline 0.003 -17"><span class='ocrx_word' id='word_1_313' title='bbox 341 4366 631 4431; x_wconf 81' lang='grc' dir='ltr'>θανάτου,</span> <span class='ocrx_word' id='word_1_314' title='bbox 673 4367 786 4433; x_wconf 78' lang='grc' dir='ltr'><strong>ἕως</strong></span> <span class='ocrx_word' id='word_1_315' title='bbox 838 4369 916 4423; x_wconf 79' lang='grc' dir='ltr'><strong>ἂν</strong></span> <span class='ocrx_word' id='word_1_316' title='bbox 962 4368 1135 4423; x_wconf 80' lang='grc' dir='ltr'>ἴδωσι</span> <span class='ocrx_word' id='word_1_317' title='bbox 1161 4368 1275 4437; x_wconf 77' lang='grc' dir='ltr'><strong>τὴν</strong></span> <span class='ocrx_word' id='word_1_318' title='bbox 1293 4370 1626 4435; x_wconf 83' lang='grc' dir='ltr'>,ϐασιλείαν</span> <span class='ocrx_word' id='word_1_319' title='bbox 1652 4370 1758 4424; x_wconf 79' lang='grc' dir='ltr'><strong>τοῦ</strong></span> <span class='ocrx_word' id='word_1_320' title='bbox 1787 4369 1937 4424; x_wconf 87' lang='grc' dir='ltr'>Θεοῦ</span> 
     </span>
    </p>
   </div>
   <div class='ocr_carea' id='block_1_46' title="bbox 2031 534 3621 608">
    <p class='ocr_par' dir='ltr' id='par_1_46' title="bbox 2031 534 3621 608">
     <span class='ocr_line' id='line_1_46' title="bbox 2031 534 3621 608; baseline 0.003 -19"><span class='ocrx_word' id='word_1_321' title='bbox 2031 550 2064 589; x_wconf 91' lang='lat' dir='ltr'><strong>a</strong></span> <span class='ocrx_word' id='word_1_322' title='bbox 2100 536 2213 589; x_wconf 91' lang='lat' dir='ltr'><strong>Deo</strong></span> <span class='ocrx_word' id='word_1_323' title='bbox 2250 534 2497 590; x_wconf 88' lang='lat' dir='ltr'><strong>secunda</strong></span> <span class='ocrx_word' id='word_1_324' title='bbox 2532 544 2683 599; x_wconf 88' lang='lat' dir='ltr'><strong>sunt,</strong></span> <span class='ocrx_word' id='word_1_325' title='bbox 2732 550 2930 589; x_wconf 58' lang='lat' dir='ltr'><strong>caecam</strong></span> <span class='ocrx_word' id='word_1_326' title='bbox 2980 536 3186 590; x_wconf 85' lang='lat' dir='ltr'><strong>reddit.</strong></span> <span class='ocrx_word' id='word_1_327' title='bbox 3224 536 3334 592; x_wconf 91' lang='lat' dir='ltr'><strong>Eos</strong></span> <span class='ocrx_word' id='word_1_328' title='bbox 3381 554 3621 608; x_wconf 89' lang='lat' dir='ltr'><strong>namque</strong></span> 
     </span>
    </p>
   </div>
   <div class='ocr_carea' id='block_1_47' title="bbox 2033 625 3622 698">
    <p class='ocr_par' dir='ltr' id='par_1_47' title="bbox 2033 625 3622 698">
     <span class='ocr_line' id='line_1_47' title="bbox 2033 625 3622 698; baseline 0.001 -17"><span class='ocrx_word' id='word_1_329' title='bbox 2033 642 2176 681; x_wconf 86' lang='lat' dir='ltr'><strong>unos</strong></span> <span class='ocrx_word' id='word_1_330' title='bbox 2206 626 2475 681; x_wconf 89' lang='lat' dir='ltr'><strong>Dominus</strong></span> <span class='ocrx_word' id='word_1_331' title='bbox 2517 626 2799 696; x_wconf 89' lang='lat' dir='ltr'><strong>sapientes</strong></span> <span class='ocrx_word' id='word_1_332' title='bbox 2830 625 2981 692; x_wconf 89' lang='lat' dir='ltr'><strong>facit,</strong></span> <span class='ocrx_word' id='word_1_333' title='bbox 3014 628 3315 684; x_wconf 89' lang='lat' dir='ltr'><strong>ostendens</strong></span> <span class='ocrx_word' id='word_1_334' title='bbox 3333 646 3454 698; x_wconf 65' lang='lat' dir='ltr'><strong>quae</strong></span> <span class='ocrx_word' id='word_1_335' title='bbox 3493 640 3622 685; x_wconf 85' lang='lat' dir='ltr'><strong>sunt</strong></span> 
     </span>
    </p>
   </div>
   <div class='ocr_carea' id='block_1_48' title="bbox 2032 718 3620 789">
    <p class='ocr_par' dir='ltr' id='par_1_48' title="bbox 2032 718 3620 789">
     <span class='ocr_line' id='line_1_48' title="bbox 2032 718 3620 789; baseline 0.004 -18"><span class='ocrx_word' id='word_1_336' title='bbox 2032 718 2332 784; x_wconf 87' lang='lat' dir='ltr'><strong>diviniora,</strong></span> <span class='ocrx_word' id='word_1_337' title='bbox 2370 718 2479 773; x_wconf 87' lang='lat' dir='ltr'><strong>illis</strong></span> <span class='ocrx_word' id='word_1_338' title='bbox 2525 719 2623 789; x_wconf 91' lang='lat' dir='ltr'><strong>qui</strong></span> <span class='ocrx_word' id='word_1_339' title='bbox 2668 718 2734 772; x_wconf 88' lang='lat' dir='ltr'><strong>ad</strong></span> <span class='ocrx_word' id='word_1_340' title='bbox 2786 719 2969 773; x_wconf 90' lang='lat' dir='ltr'><strong>omnia</strong></span> <span class='ocrx_word' id='word_1_341' title='bbox 2998 735 3121 789; x_wconf 81' lang='lat' dir='ltr'><strong>quae</strong></span> <span class='ocrx_word' id='word_1_342' title='bbox 3154 737 3183 773; x_wconf 87' lang='lat' dir='ltr'><strong>a</strong></span> <span class='ocrx_word' id='word_1_343' title='bbox 3220 722 3332 775; x_wconf 87' lang='lat' dir='ltr'><strong>Deo</strong></span> <span class='ocrx_word' id='word_1_344' title='bbox 3378 724 3620 777; x_wconf 84' lang='lat' dir='ltr'><strong>secunda</strong></span> 
     </span>
    </p>
   </div>
   <div class='ocr_carea' id='block_1_49' title="bbox 2032 809 2734 873">
    <p class='ocr_par' dir='ltr' id='par_1_49' title="bbox 2032 809 2734 873">
     <span class='ocr_line' id='line_1_49' title="bbox 2032 809 2734 873; baseline 0.003 -12"><span class='ocrx_word' id='word_1_345' title='bbox 2032 818 2183 873; x_wconf 87' lang='lat' dir='ltr'><strong>sunt,</strong></span> <span class='ocrx_word' id='word_1_346' title='bbox 2213 809 2339 863; x_wconf 85' lang='lat' dir='ltr'><strong>caeci</strong></span> <span class='ocrx_word' id='word_1_347' title='bbox 2367 810 2645 865; x_wconf 79' lang='lat' dir='ltr'><strong>exsistunt</strong></span> <span class='ocrx_word' id='word_1_348' title='bbox 2670 810 2734 863; x_wconf 74' lang='grc' dir='ltr'><strong>θ’.</strong></span> 
     </span>
    </p>
   </div>
   <div class='ocr_carea' id='block_1_50' title="bbox 2114 901 3620 975">
    <p class='ocr_par' dir='ltr' id='par_1_50' title="bbox 2114 901 3620 975">
     <span class='ocr_line' id='line_1_50' title="bbox 2114 901 3620 975; baseline 0.002 -21"><span class='ocrx_word' id='word_1_349' title='bbox 2114 901 2195 954; x_wconf 87' lang='lat' dir='ltr'><strong>l0.</strong></span> <span class='ocrx_word' id='word_1_350' title='bbox 2225 902 2322 955; x_wconf 89' lang='lat' dir='ltr'><strong>Dei</strong></span> <span class='ocrx_word' id='word_1_351' title='bbox 2352 917 2556 967; x_wconf 87' lang='lat' dir='ltr'><strong>sermo,</strong></span> <span class='ocrx_word' id='word_1_352' title='bbox 2591 917 2762 971; x_wconf 89' lang='lat' dir='ltr'><strong>grano</strong></span> <span class='ocrx_word' id='word_1_353' title='bbox 2800 902 3012 971; x_wconf 83' lang='lat' dir='ltr'><strong>sinapis</strong></span> <span class='ocrx_word' id='word_1_354' title='bbox 3044 902 3260 968; x_wconf 90' lang='lat' dir='ltr'><strong>similis,</strong></span> <span class='ocrx_word' id='word_1_355' title='bbox 3297 904 3620 975; x_wconf 89' lang='lat' dir='ltr'><strong>priusquam</strong></span> 
     </span>
    </p>
   </div>
   <div class='ocr_carea' id='block_1_51' title="bbox 2034 993 3616 1063">
    <p class='ocr_par' dir='ltr' id='par_1_51' title="bbox 2034 993 3616 1063">
     <span class='ocr_line' id='line_1_51' title="bbox 2034 993 3616 1063; baseline 0.001 -14"><span class='ocrx_word' id='word_1_356' title='bbox 2034 995 2273 1059; x_wconf 90' lang='lat' dir='ltr'><strong>colatur,</strong></span> <span class='ocrx_word' id='word_1_357' title='bbox 2323 994 2559 1063; x_wconf 81' lang='lat' dir='ltr'><strong>exiguus</strong></span> <span class='ocrx_word' id='word_1_358' title='bbox 2612 993 2912 1049; x_wconf 89' lang='lat' dir='ltr'><strong>admodum</strong></span> <span class='ocrx_word' id='word_1_359' title='bbox 2966 1000 3197 1063; x_wconf 89' lang='lat' dir='ltr'><strong>apparet</strong></span> <span class='ocrx_word' id='word_1_360' title='bbox 3240 1010 3254 1047; x_wconf 90' lang='lat'>:</span> <span class='ocrx_word' id='word_1_361' title='bbox 3292 993 3386 1048; x_wconf 91' lang='lat' dir='ltr'><strong>ubi</strong></span> <span class='ocrx_word' id='word_1_362' title='bbox 3438 1004 3616 1050; x_wconf 82' lang='lat' dir='ltr'><strong>auten:</strong></span> 
     </span>
    </p>
   </div>
   <div class='ocr_carea' id='block_1_52' title="bbox 1988 1086 3624 1157">
    <p class='ocr_par' dir='ltr' id='par_1_52' title="bbox 1988 1086 3624 1157">
     <span class='ocr_line' id='line_1_52' title="bbox 1988 1086 3624 1157; baseline 0.001 -15"><span class='ocrx_word' id='word_1_363' title='bbox 1988 1096 1991 1097; x_wconf 71' lang='lat'><strong><em>&#39;</em></strong></span> <span class='ocrx_word' id='word_1_364' title='bbox 2033 1103 2178 1153; x_wconf 89' lang='lat' dir='ltr'><strong>eam,</strong></span> <span class='ocrx_word' id='word_1_365' title='bbox 2214 1102 2336 1156; x_wconf 83' lang='lat' dir='ltr'><strong>quae</strong></span> <span class='ocrx_word' id='word_1_366' title='bbox 2365 1086 2580 1151; x_wconf 89' lang='lat' dir='ltr'><strong>deceat,</strong></span> <span class='ocrx_word' id='word_1_367' title='bbox 2604 1087 2879 1141; x_wconf 85' lang='lat' dir='ltr'><strong>culturam</strong></span> <span class='ocrx_word' id='word_1_368' title='bbox 2910 1086 3206 1156; x_wconf 89' lang='lat' dir='ltr'><strong>acceperit,</strong></span> <span class='ocrx_word' id='word_1_369' title='bbox 3240 1093 3390 1141; x_wconf 91' lang='lat' dir='ltr'><strong>tanta</strong></span> <span class='ocrx_word' id='word_1_370' title='bbox 3424 1102 3624 1157; x_wconf 77' lang='lat' dir='ltr'><strong>procc-</strong></span> 
     </span>
    </p>
   </div>
   <div class='ocr_carea' id='block_1_53' title="bbox 2036 1178 3624 1247">
    <p class='ocr_par' dir='ltr' id='par_1_53' title="bbox 2036 1178 3624 1247">
     <span class='ocr_line' id='line_1_53' title="bbox 2036 1178 3624 1247; baseline -0.001 -13"><span class='ocrx_word' id='word_1_371' title='bbox 2036 1180 2200 1234; x_wconf 88' lang='lat' dir='ltr'><strong>ritate</strong></span> <span class='ocrx_word' id='word_1_372' title='bbox 2233 1178 2524 1242; x_wconf 74' lang='lat' dir='ltr'><strong>excrescit,</strong></span> <span class='ocrx_word' id='word_1_373' title='bbox 2588 1186 2653 1231; x_wconf 90' lang='lat' dir='ltr'><strong>ut</strong></span> <span class='ocrx_word' id='word_1_374' title='bbox 2706 1187 3043 1243; x_wconf 89' lang='lat' dir='ltr'><strong>crcatorum,</strong></span> <span class='ocrx_word' id='word_1_375' title='bbox 3096 1186 3211 1231; x_wconf 88' lang='lat' dir='ltr'><strong>tum</strong></span> <span class='ocrx_word' id='word_1_376' title='bbox 3271 1194 3394 1247; x_wconf 78' lang='lat' dir='ltr'><strong>quae</strong></span> <span class='ocrx_word' id='word_1_377' title='bbox 3456 1194 3624 1234; x_wconf 89' lang='lat' dir='ltr'><strong>sensu</strong></span> 
     </span>
    </p>
   </div>
   <div class='ocr_carea' id='block_1_54' title="bbox 2034 1266 3624 1340">
    <p class='ocr_par' dir='ltr' id='par_1_54' title="bbox 2034 1266 3624 1340">
     <span class='ocr_line' id='line_1_54' title="bbox 2034 1266 3624 1340; baseline -0.002 -16"><span class='ocrx_word' id='word_1_378' title='bbox 2034 1269 2439 1340; x_wconf 87' lang='lat' dir='ltr'><strong>percipiuntur,</strong></span> <span class='ocrx_word' id='word_1_379' title='bbox 2476 1276 2591 1321; x_wconf 91' lang='lat' dir='ltr'><strong>tum</strong></span> <span class='ocrx_word' id='word_1_380' title='bbox 2639 1281 2762 1336; x_wconf 65' lang='lat' dir='ltr'><strong>quae</strong></span> <span class='ocrx_word' id='word_1_381' title='bbox 2814 1266 2930 1320; x_wconf 89' lang='lat' dir='ltr'><strong>sola</strong></span> <span class='ocrx_word' id='word_1_382' title='bbox 2979 1275 3165 1320; x_wconf 87' lang='lat' dir='ltr'><strong>mente</strong></span> <span class='ocrx_word' id='word_1_383' title='bbox 3210 1266 3624 1338; x_wconf 79' lang='lat' dir='ltr'><strong>intelliguntur,</strong></span> 
     </span>
    </p>
   </div>
   <div class='ocr_carea' id='block_1_55' title="bbox 2036 1357 3627 1432">
    <p class='ocr_par' dir='ltr' id='par_1_55' title="bbox 2036 1357 3627 1432">
     <span class='ocr_line' id='line_1_55' title="bbox 2036 1357 3627 1432; baseline -0.002 -17"><span class='ocrx_word' id='word_1_384' title='bbox 2036 1360 2339 1432; x_wconf 65' lang='lat' dir='ltr'><strong>magniﬁcae</strong></span> <span class='ocrx_word' id='word_1_385' title='bbox 2373 1359 2618 1413; x_wconf 89' lang='lat' dir='ltr'><strong>rationes</strong></span> <span class='ocrx_word' id='word_1_386' title='bbox 2639 1358 2932 1411; x_wconf 87' lang='lat' dir='ltr'><strong>volucrum</strong></span> <span class='ocrx_word' id='word_1_387' title='bbox 2966 1357 3155 1411; x_wconf 56' lang='lat' dir='ltr'><strong>instar‘</strong></span> <span class='ocrx_word' id='word_1_388' title='bbox 3183 1357 3240 1411; x_wconf 88' lang='lat' dir='ltr'><strong>in</strong></span> <span class='ocrx_word' id='word_1_389' title='bbox 3275 1372 3343 1412; x_wconf 89' lang='lat' dir='ltr'><strong>eo</strong></span> <span class='ocrx_word' id='word_1_390' title='bbox 3403 1357 3627 1426; x_wconf 87' lang='lat' dir='ltr'><strong>requie-</strong></span> 
     </span>
    </p>
   </div>
   <div class='ocr_carea' id='block_1_56' title="bbox 2042 1450 3626 1520">
    <p class='ocr_par' dir='ltr' id='par_1_56' title="bbox 2042 1450 3626 1520">
     <span class='ocr_line' id='line_1_56' title="bbox 2042 1450 3626 1520; baseline -0.003 -11"><span class='ocrx_word' id='word_1_391' title='bbox 2042 1463 2200 1509; x_wconf 91' lang='lat' dir='ltr'><strong>scant</strong></span> <span class='ocrx_word' id='word_1_392' title='bbox 2224 1454 2291 1507; x_wconf 74' lang='lat'><strong>°’.</strong></span> <span class='ocrx_word' id='word_1_393' title='bbox 2340 1452 2598 1506; x_wconf 91' lang='lat' dir='ltr'><strong>Omnium</strong></span> <span class='ocrx_word' id='word_1_394' title='bbox 2630 1451 2779 1505; x_wconf 91' lang='lat' dir='ltr'><strong>enim</strong></span> <span class='ocrx_word' id='word_1_395' title='bbox 2804 1450 2896 1505; x_wconf 91' lang='lat' dir='ltr'><strong>ille</strong></span> <span class='ocrx_word' id='word_1_396' title='bbox 2942 1450 3189 1505; x_wconf 86' lang='lat' dir='ltr'><strong>rationes</strong></span> <span class='ocrx_word' id='word_1_397' title='bbox 3217 1450 3407 1520; x_wconf 87' lang='lat' dir='ltr'><strong>capit:</strong></span> <span class='ocrx_word' id='word_1_398' title='bbox 3444 1450 3626 1520; x_wconf 86' lang='lat' dir='ltr'><strong>ipsum</strong></span> 
     </span>
    </p>
   </div>
   <div class='ocr_carea' id='block_1_57' title="bbox 2037 1543 3623 1615">
    <p class='ocr_par' dir='ltr' id='par_1_57' title="bbox 2037 1543 3623 1615">
     <span class='ocr_line' id='line_1_57' title="bbox 2037 1543 3623 1615; baseline -0.003 -14"><span class='ocrx_word' id='word_1_399' title='bbox 2037 1554 2221 1601; x_wconf 83' lang='lat' dir='ltr'><strong>autem</strong></span> <span class='ocrx_word' id='word_1_400' title='bbox 2268 1545 2418 1615; x_wconf 92' lang='lat' dir='ltr'><strong>quod</strong></span> <span class='ocrx_word' id='word_1_401' title='bbox 2467 1544 2644 1614; x_wconf 87' lang='lat' dir='ltr'><strong>possit</strong></span> <span class='ocrx_word' id='word_1_402' title='bbox 2686 1560 2905 1614; x_wconf 87' lang='lat' dir='ltr'><strong>capere,</strong></span> <span class='ocrx_word' id='word_1_403' title='bbox 2946 1543 3085 1598; x_wconf 89' lang='lat' dir='ltr'><strong>nihil</strong></span> <span class='ocrx_word' id='word_1_404' title='bbox 3120 1544 3176 1597; x_wconf 90' lang='lat' dir='ltr'><strong>in</strong></span> <span class='ocrx_word' id='word_1_405' title='bbox 3215 1543 3385 1598; x_wconf 87' lang='lat' dir='ltr'><strong>rebus</strong></span> <span class='ocrx_word' id='word_1_406' title='bbox 3424 1553 3623 1599; x_wconf 78' lang='lat' dir='ltr'><strong>exstat.</strong></span> 
     </span>
    </p>
   </div>
   <div class='ocr_carea' id='block_1_58' title="bbox 2036 1632 3627 1703">
    <p class='ocr_par' dir='ltr' id='par_1_58' title="bbox 2036 1632 3627 1703">
     <span class='ocr_line' id='line_1_58' title="bbox 2036 1632 3627 1703; baseline -0.002 -13"><span class='ocrx_word' id='word_1_407' title='bbox 2036 1635 2168 1690; x_wconf 90' lang='lat' dir='ltr'><strong>ldeo</strong></span> <span class='ocrx_word' id='word_1_408' title='bbox 2216 1636 2384 1689; x_wconf 89' lang='lat' dir='ltr'><strong>etiam</strong></span> <span class='ocrx_word' id='word_1_409' title='bbox 2426 1634 2567 1688; x_wconf 81' lang='lat' dir='ltr'><strong>dixit</strong></span> <span class='ocrx_word' id='word_1_410' title='bbox 2611 1633 2882 1688; x_wconf 88' lang='lat' dir='ltr'><strong>Dominus</strong></span> <span class='ocrx_word' id='word_1_411' title='bbox 2907 1648 3057 1699; x_wconf 90' lang='lat' dir='ltr'><strong>eum,</strong></span> <span class='ocrx_word' id='word_1_412' title='bbox 3085 1633 3181 1703; x_wconf 89' lang='lat' dir='ltr'><strong>qui</strong></span> <span class='ocrx_word' id='word_1_413' title='bbox 3214 1632 3379 1687; x_wconf 88' lang='lat' dir='ltr'><strong>ﬁdem</strong></span> <span class='ocrx_word' id='word_1_414' title='bbox 3425 1633 3627 1687; x_wconf 83' lang='lat' dir='ltr'><strong>habeat</strong></span> 
     </span>
    </p>
   </div>
   <div class='ocr_carea' id='block_1_59' title="bbox 2037 1724 3623 1798">
    <p class='ocr_par' dir='ltr' id='par_1_59' title="bbox 2037 1724 3623 1798">
     <span class='ocr_line' id='line_1_59' title="bbox 2037 1724 3623 1798; baseline -0.002 -17"><span class='ocrx_word' id='word_1_415' title='bbox 2037 1727 2182 1781; x_wconf 88' lang='lat' dir='ltr'><strong>sicut</strong></span> <span class='ocrx_word' id='word_1_416' title='bbox 2212 1741 2444 1798; x_wconf 80' lang='lat' dir='ltr'><strong>granum</strong></span> <span class='ocrx_word' id='word_1_417' title='bbox 2476 1725 2688 1795; x_wconf 89' lang='lat' dir='ltr'><strong>sinapis</strong></span> <span class='ocrx_word' id='word_1_418' title='bbox 2739 1740 2900 1794; x_wconf 90' lang='lat' dir='ltr'><strong>posse</strong></span> <span class='ocrx_word' id='word_1_419' title='bbox 2933 1726 3236 1779; x_wconf 85' lang='lat' dir='ltr'><strong>transferre</strong></span> <span class='ocrx_word' id='word_1_420' title='bbox 3262 1734 3506 1779; x_wconf 92' lang='lat' dir='ltr'><strong>montem</strong></span> <span class='ocrx_word' id='word_1_421' title='bbox 3529 1724 3576 1756; x_wconf 77' lang='lat'><strong>“</strong></span> <span class='ocrx_word' id='word_1_422' title='bbox 3609 1742 3623 1777; x_wconf 90' lang='lat'><strong>:</strong></span> 
     </span>
    </p>
   </div>
   <div class='ocr_carea' id='block_1_60' title="bbox 1967 1795 3627 1886">
    <p class='ocr_par' dir='ltr' id='par_1_60' title="bbox 1967 1795 3627 1886">
     <span class='ocr_line' id='line_1_60' title="bbox 1967 1795 3627 1886; baseline -0.001 -16"><span class='ocrx_word' id='word_1_423' title='bbox 1967 1795 2009 1851; x_wconf 77' lang='grc' dir='ltr'><strong>Β</strong></span> <span class='ocrx_word' id='word_1_424' title='bbox 2038 1795 2246 1871; x_wconf 79' lang='lat' dir='ltr'><strong>diaboli</strong></span> <span class='ocrx_word' id='word_1_425' title='bbox 2276 1816 2490 1871; x_wconf 89' lang='lat' dir='ltr'><strong>scilicet</strong></span> <span class='ocrx_word' id='word_1_426' title='bbox 2516 1815 2810 1869; x_wconf 90' lang='lat' dir='ltr'><strong>adversum</strong></span> <span class='ocrx_word' id='word_1_427' title='bbox 2843 1830 2946 1870; x_wconf 88' lang='lat' dir='ltr'><strong>nos</strong></span> <span class='ocrx_word' id='word_1_428' title='bbox 2970 1814 3265 1885; x_wconf 88' lang='lat' dir='ltr'><strong>imperium</strong></span> <span class='ocrx_word' id='word_1_429' title='bbox 3294 1823 3353 1869; x_wconf 92' lang='lat' dir='ltr'><strong>et</strong></span> <span class='ocrx_word' id='word_1_430' title='bbox 3380 1823 3627 1886; x_wconf 88' lang='lat' dir='ltr'><strong>potesta-</strong></span> 
     </span>
    </p>
   </div>
   <div class='ocr_carea' id='block_1_61' title="bbox 2040 1906 2895 1978">
    <p class='ocr_par' dir='ltr' id='par_1_61' title="bbox 2040 1906 2895 1978">
     <span class='ocr_line' id='line_1_61' title="bbox 2040 1906 2895 1978; baseline -0.002 -17"><span class='ocrx_word' id='word_1_431' title='bbox 2040 1915 2151 1963; x_wconf 90' lang='lat' dir='ltr'><strong>tem</strong></span> <span class='ocrx_word' id='word_1_432' title='bbox 2172 1907 2385 1978; x_wconf 82' lang='lat' dir='ltr'><strong>fugare,</strong></span> <span class='ocrx_word' id='word_1_433' title='bbox 2411 1922 2441 1961; x_wconf 94' lang='lat' dir='ltr'><strong>a</strong></span> <span class='ocrx_word' id='word_1_434' title='bbox 2476 1906 2606 1961; x_wconf 89' lang='lat' dir='ltr'><strong>sede</strong></span> <span class='ocrx_word' id='word_1_435' title='bbox 2632 1906 2895 1978; x_wconf 84' lang='lat' dir='ltr'><strong>dejicere.</strong></span> 
     </span>
    </p>
   </div>
   <div class='ocr_carea' id='block_1_62' title="bbox 2110 1996 3627 2067">
    <p class='ocr_par' dir='ltr' id='par_1_62' title="bbox 2110 1996 3627 2067">
     <span class='ocr_line' id='line_1_62' title="bbox 2110 1996 3627 2067; baseline -0.002 -15"><span class='ocrx_word' id='word_1_436' title='bbox 2110 1999 2197 2052; x_wconf 82' lang='grc' dir='ltr'><strong>Η.</strong></span> <span class='ocrx_word' id='word_1_437' title='bbox 2227 1997 2472 2051; x_wconf 88' lang='lat' dir='ltr'><strong>Granum</strong></span> <span class='ocrx_word' id='word_1_438' title='bbox 2523 1996 2735 2065; x_wconf 89' lang='lat' dir='ltr'><strong>sinapis</strong></span> <span class='ocrx_word' id='word_1_439' title='bbox 2786 1996 3054 2050; x_wconf 90' lang='lat' dir='ltr'><strong>Dominus</strong></span> <span class='ocrx_word' id='word_1_440' title='bbox 3098 2006 3204 2061; x_wconf 91' lang='lat' dir='ltr'><strong>est,</strong></span> <span class='ocrx_word' id='word_1_441' title='bbox 3236 2012 3336 2067; x_wconf 89' lang='lat' dir='ltr'><strong>per</strong></span> <span class='ocrx_word' id='word_1_442' title='bbox 3369 1996 3532 2051; x_wconf 85' lang='lat' dir='ltr'><strong>ﬁdem</strong></span> <span class='ocrx_word' id='word_1_443' title='bbox 3569 1996 3627 2050; x_wconf 91' lang='lat' dir='ltr'><strong>in</strong></span> 
     </span>
    </p>
   </div>
   <div class='ocr_carea' id='block_1_63' title="bbox 2037 2087 3625 2159">
    <p class='ocr_par' dir='ltr' id='par_1_63' title="bbox 2037 2087 3625 2159">
     <span class='ocr_line' id='line_1_63' title="bbox 2037 2087 3625 2159; baseline -0.001 -16"><span class='ocrx_word' id='word_1_444' title='bbox 2037 2090 2237 2159; x_wconf 88' lang='lat' dir='ltr'><strong>spiritu</strong></span> <span class='ocrx_word' id='word_1_445' title='bbox 2262 2089 2317 2142; x_wconf 91' lang='lat' dir='ltr'><strong>in</strong></span> <span class='ocrx_word' id='word_1_446' title='bbox 2350 2087 2774 2157; x_wconf 89' lang='lat' dir='ltr'><strong>suscipientium</strong></span> <span class='ocrx_word' id='word_1_447' title='bbox 2796 2088 3061 2143; x_wconf 89' lang='lat' dir='ltr'><strong>cordibus</strong></span> <span class='ocrx_word' id='word_1_448' title='bbox 3090 2090 3395 2145; x_wconf 89' lang='lat' dir='ltr'><strong>seminatus</strong></span> <span class='ocrx_word' id='word_1_449' title='bbox 3422 2106 3435 2143; x_wconf 91' lang='lat'>:</span> <span class='ocrx_word' id='word_1_450' title='bbox 3460 2105 3625 2159; x_wconf 89' lang='lat' dir='ltr'><strong>quem</strong></span> 
     </span>
    </p>
   </div>
   <div class='ocr_carea' id='block_1_64' title="bbox 2035 2179 3629 2251">
    <p class='ocr_par' dir='ltr' id='par_1_64' title="bbox 2035 2179 3629 2251">
     <span class='ocr_line' id='line_1_64' title="bbox 2035 2179 3629 2251; baseline 0.001 -16"><span class='ocrx_word' id='word_1_451' title='bbox 2035 2181 2137 2251; x_wconf 78' lang='lat' dir='ltr'><strong>qui</strong></span> <span class='ocrx_word' id='word_1_452' title='bbox 2154 2181 2449 2251; x_wconf 76' lang='lat' dir='ltr'><strong>diligenter</strong></span> <span class='ocrx_word' id='word_1_453' title='bbox 2475 2179 2713 2234; x_wconf 86' lang='lat' dir='ltr'><strong>virtutes</strong></span> <span class='ocrx_word' id='word_1_454' title='bbox 2738 2182 3051 2249; x_wconf 61' lang='lat' dir='ltr'><strong>praestando</strong></span> <span class='ocrx_word' id='word_1_455' title='bbox 3077 2181 3230 2246; x_wconf 91' lang='lat' dir='ltr'><strong>colit,</strong></span> <span class='ocrx_word' id='word_1_456' title='bbox 3260 2182 3468 2237; x_wconf 89' lang='lat' dir='ltr'><strong>terreni</strong></span> <span class='ocrx_word' id='word_1_457' title='bbox 3502 2197 3629 2236; x_wconf 89' lang='lat' dir='ltr'><strong>sen-</strong></span> 
     </span>
    </p>
   </div>
   <div class='ocr_carea' id='block_1_65' title="bbox 2037 2270 3627 2341">
    <p class='ocr_par' dir='ltr' id='par_1_65' title="bbox 2037 2270 3627 2341">
     <span class='ocr_line' id='line_1_65' title="bbox 2037 2270 3627 2341; baseline -0.001 -14"><span class='ocrx_word' id='word_1_458' title='bbox 2037 2288 2133 2328; x_wconf 91' lang='lat' dir='ltr'><strong>sus</strong></span> <span class='ocrx_word' id='word_1_459' title='bbox 2177 2281 2428 2327; x_wconf 86' lang='lat' dir='ltr'><strong>montem</strong></span> <span class='ocrx_word' id='word_1_460' title='bbox 2467 2270 2748 2325; x_wconf 79' lang='lat' dir='ltr'><strong>transfert</strong></span> <span class='ocrx_word' id='word_1_461' title='bbox 2796 2270 3039 2341; x_wconf 80' lang='lat' dir='ltr'><strong>(dillicile</strong></span> <span class='ocrx_word' id='word_1_462' title='bbox 3093 2273 3307 2327; x_wconf 88' lang='lat' dir='ltr'><strong>scilicet</strong></span> <span class='ocrx_word' id='word_1_463' title='bbox 3363 2274 3627 2327; x_wconf 91' lang='lat' dir='ltr'><strong>mobilem</strong></span> 
     </span>
    </p>
   </div>
   <div class='ocr_carea' id='block_1_66' title="bbox 2036 2360 3630 2434">
    <p class='ocr_par' dir='ltr' id='par_1_66' title="bbox 2036 2360 3630 2434">
     <span class='ocr_line' id='line_1_66' title="bbox 2036 2360 3630 2434; baseline 0 -16"><span class='ocrx_word' id='word_1_464' title='bbox 2036 2372 2203 2434; x_wconf 88' lang='lat' dir='ltr'><strong>atque</strong></span> <span class='ocrx_word' id='word_1_465' title='bbox 2233 2363 2541 2418; x_wconf 61' lang='lat' dir='ltr'><strong>haerentem</strong></span> <span class='ocrx_word' id='word_1_466' title='bbox 2572 2361 2797 2416; x_wconf 65' lang='lat' dir='ltr'><strong>malitia:</strong></span> <span class='ocrx_word' id='word_1_467' title='bbox 2823 2360 3077 2415; x_wconf 85' lang='lat' dir='ltr'><strong>habitum</strong></span> <span class='ocrx_word' id='word_1_468' title='bbox 3114 2362 3347 2432; x_wconf 87' lang='lat' dir='ltr'><strong>vitiique</strong></span> <span class='ocrx_word' id='word_1_469' title='bbox 3377 2379 3407 2417; x_wconf 91' lang='lat' dir='ltr'><strong>a</strong></span> <span class='ocrx_word' id='word_1_470' title='bbox 3432 2378 3491 2418; x_wconf 90' lang='lat' dir='ltr'><strong>se</strong></span> <span class='ocrx_word' id='word_1_471' title='bbox 3513 2364 3630 2433; x_wconf 90' lang='lat' dir='ltr'><strong>ipse</strong></span> 
     </span>
    </p>
   </div>
   <div class='ocr_carea' id='block_1_67' title="bbox 2036 2451 3633 2527">
    <p class='ocr_par' dir='ltr' id='par_1_67' title="bbox 2036 2451 3633 2527">
     <span class='ocr_line' id='line_1_67' title="bbox 2036 2451 3633 2527; baseline -0.002 -16"><span class='ocrx_word' id='word_1_472' title='bbox 2036 2473 2139 2526; x_wconf 91' lang='lat' dir='ltr'><strong>per</strong></span> <span class='ocrx_word' id='word_1_473' title='bbox 2171 2462 2503 2527; x_wconf 86' lang='lat' dir='ltr'><strong>potestatem</strong></span> <span class='ocrx_word' id='word_1_474' title='bbox 2528 2451 2837 2524; x_wconf 90' lang='lat' dir='ltr'><strong>depellens)</strong></span> <span class='ocrx_word' id='word_1_475' title='bbox 2863 2452 3363 2525; x_wconf 85' lang='lat' dir='ltr'><strong>mandatorumque</strong></span> <span class='ocrx_word' id='word_1_476' title='bbox 3388 2455 3633 2508; x_wconf 86' lang='lat' dir='ltr'><strong>rationes</strong></span> 
     </span>
    </p>
   </div>
   <div class='ocr_carea' id='block_1_68' title="bbox 2035 2545 3633 2621">
    <p class='ocr_par' dir='ltr' id='par_1_68' title="bbox 2035 2545 3633 2621">
     <span class='ocr_line' id='line_1_68' title="bbox 2035 2545 3633 2621; baseline -0.004 -16"><span class='ocrx_word' id='word_1_477' title='bbox 2035 2559 2093 2605; x_wconf 93' lang='lat' dir='ltr'><strong>et</strong></span> <span class='ocrx_word' id='word_1_478' title='bbox 2114 2548 2280 2621; x_wconf 60' lang='grc'><strong>487</strong></span> <span class='ocrx_word' id='word_1_479' title='bbox 2310 2548 2525 2613; x_wconf 90' lang='lat' dir='ltr'><strong>modos,</strong></span> <span class='ocrx_word' id='word_1_480' title='bbox 2559 2547 2673 2601; x_wconf 87' lang='lat' dir='ltr'><strong>sive</strong></span> <span class='ocrx_word' id='word_1_481' title='bbox 2703 2546 2868 2601; x_wconf 86' lang='lat' dir='ltr'><strong>etiam</strong></span> <span class='ocrx_word' id='word_1_482' title='bbox 2922 2545 3138 2600; x_wconf 85' lang='lat' dir='ltr'><strong>divinas</strong></span> <span class='ocrx_word' id='word_1_483' title='bbox 3165 2545 3399 2600; x_wconf 73' lang='lat' dir='ltr'><strong>virtutes</strong></span> <span class='ocrx_word' id='word_1_484' title='bbox 3418 2586 3432 2610; x_wconf 93' lang='lat'><strong>,</strong></span> <span class='ocrx_word' id='word_1_485' title='bbox 3480 2547 3633 2600; x_wconf 78' lang='lat' dir='ltr'><strong>velut</strong></span> 
     </span>
    </p>
   </div>
   <div class='ocr_carea' id='block_1_69' title="bbox 2035 2636 3169 2708">
    <p class='ocr_par' dir='ltr' id='par_1_69' title="bbox 2035 2636 3169 2708">
     <span class='ocr_line' id='line_1_69' title="bbox 2035 2636 3169 2708; baseline -0.005 -13"><span class='ocrx_word' id='word_1_486' title='bbox 2035 2642 2161 2696; x_wconf 68' lang='lat' dir='ltr'><strong>coeli</strong></span> <span class='ocrx_word' id='word_1_487' title='bbox 2187 2641 2442 2695; x_wconf 80' lang='lat' dir='ltr'><strong>volucres</strong></span> <span class='ocrx_word' id='word_1_488' title='bbox 2467 2641 2523 2694; x_wconf 90' lang='lat' dir='ltr'><strong>in</strong></span> <span class='ocrx_word' id='word_1_489' title='bbox 2552 2654 2609 2693; x_wconf 90' lang='lat' dir='ltr'><strong>se</strong></span> <span class='ocrx_word' id='word_1_490' title='bbox 2631 2638 2983 2708; x_wconf 89' lang='lat' dir='ltr'><strong>requiescere</strong></span> <span class='ocrx_word' id='word_1_491' title='bbox 3016 2636 3169 2690; x_wconf 87' lang='lat' dir='ltr'><strong>facit.</strong></span> 
     </span>
    </p>
   </div>
   <div class='ocr_carea' id='block_1_70' title="bbox 2118 2724 3627 2799">
    <p class='ocr_par' dir='ltr' id='par_1_70' title="bbox 2118 2724 3627 2799">
     <span class='ocr_line' id='line_1_70' title="bbox 2118 2724 3627 2799; baseline -0.003 -15"><span class='ocrx_word' id='word_1_492' title='bbox 2118 2730 2206 2785; x_wconf 77' lang='grc'><strong>12.</strong></span> <span class='ocrx_word' id='word_1_493' title='bbox 2236 2729 2342 2796; x_wconf 85' lang='lat' dir='ltr'><strong>Qui</strong></span> <span class='ocrx_word' id='word_1_494' title='bbox 2366 2743 2535 2799; x_wconf 85' lang='lat' dir='ltr'><strong>super</strong></span> <span class='ocrx_word' id='word_1_495' title='bbox 2558 2728 2875 2794; x_wconf 87' lang='lat' dir='ltr'><strong>Dominum,</strong></span> <span class='ocrx_word' id='word_1_496' title='bbox 2899 2735 3162 2797; x_wconf 87' lang='lat' dir='ltr'><strong>tanquam</strong></span> <span class='ocrx_word' id='word_1_497' title='bbox 3201 2725 3327 2781; x_wconf 89' lang='lat' dir='ltr'><strong>ﬁdei</strong></span> <span class='ocrx_word' id='word_1_498' title='bbox 3350 2724 3627 2797; x_wconf 87' lang='lat' dir='ltr'><strong>quoddam</strong></span> 
     </span>
    </p>
   </div>
   <div class='ocr_carea' id='block_1_71' title="bbox 2032 2819 3628 2887">
    <p class='ocr_par' dir='ltr' id='par_1_71' title="bbox 2032 2819 3628 2887">
     <span class='ocr_line' id='line_1_71' title="bbox 2032 2819 3628 2887; baseline -0.004 -9"><span class='ocrx_word' id='word_1_499' title='bbox 2032 2822 2479 2887; x_wconf 81' lang='lat' dir='ltr'><strong>fundamentum,</strong></span> <span class='ocrx_word' id='word_1_500' title='bbox 2514 2821 2793 2875; x_wconf 75' lang='lat' dir='ltr'><strong>excelsum</strong></span> <span class='ocrx_word' id='word_1_501' title='bbox 2818 2819 3097 2874; x_wconf 88' lang='lat' dir='ltr'><strong>bonorum</strong></span> <span class='ocrx_word' id='word_1_502' title='bbox 3122 2819 3340 2872; x_wconf 88' lang='lat' dir='ltr'><strong>culmen</strong></span> <span class='ocrx_word' id='word_1_503' title='bbox 3374 2826 3628 2873; x_wconf 79' lang='lat' dir='ltr'><strong>exstrua-</strong></span> 
     </span>
    </p>
   </div>
   <div class='ocr_carea' id='block_1_72' title="bbox 2033 2909 3628 2981">
    <p class='ocr_par' dir='ltr' id='par_1_72' title="bbox 2033 2909 3628 2981">
     <span class='ocr_line' id='line_1_72' title="bbox 2033 2909 3628 2981; baseline -0.002 -14"><span class='ocrx_word' id='word_1_504' title='bbox 2033 2928 2187 2977; x_wconf 90' lang='lat' dir='ltr'><strong>mus;</strong></span> <span class='ocrx_word' id='word_1_505' title='bbox 2236 2926 2456 2976; x_wconf 90' lang='lat' dir='ltr'><strong>aurum,</strong></span> <span class='ocrx_word' id='word_1_506' title='bbox 2506 2918 2817 2981; x_wconf 80' lang='lat' dir='ltr'><strong>argentum,</strong></span> <span class='ocrx_word' id='word_1_507' title='bbox 2851 2909 3065 2979; x_wconf 86' lang='lat' dir='ltr'><strong>lapides</strong></span> <span class='ocrx_word' id='word_1_508' title='bbox 3094 2909 3375 2979; x_wconf 89' lang='lat' dir='ltr'><strong>pretiosos</strong></span> <span class='ocrx_word' id='word_1_509' title='bbox 3411 2911 3628 2981; x_wconf 88' lang='lat' dir='ltr'><strong>(puram</strong></span> 
     </span>
    </p>
   </div>
   <div class='ocr_carea' id='block_1_73' title="bbox 2034 2998 3631 3072">
    <p class='ocr_par' dir='ltr' id='par_1_73' title="bbox 2034 2998 3631 3072">
     <span class='ocr_line' id='line_1_73' title="bbox 2034 2998 3631 3072; baseline -0.003 -13"><span class='ocrx_word' id='word_1_510' title='bbox 2034 3004 2247 3059; x_wconf 88' lang='lat' dir='ltr'><strong>scilicet</strong></span> <span class='ocrx_word' id='word_1_511' title='bbox 2263 3010 2427 3072; x_wconf 87' lang='lat' dir='ltr'><strong>atque</strong></span> <span class='ocrx_word' id='word_1_512' title='bbox 2444 3000 2721 3056; x_wconf 88' lang='lat' dir='ltr'><strong>sinceram</strong></span> <span class='ocrx_word' id='word_1_513' title='bbox 2740 3000 2809 3055; x_wconf 91' lang='lat' dir='ltr'><strong>de</strong></span> <span class='ocrx_word' id='word_1_514' title='bbox 2831 3000 2943 3055; x_wconf 91' lang='lat' dir='ltr'><strong>Deo</strong></span> <span class='ocrx_word' id='word_1_515' title='bbox 2956 2998 3291 3063; x_wconf 85' lang='lat' dir='ltr'><strong>doctrinam,</strong></span> <span class='ocrx_word' id='word_1_516' title='bbox 3316 3000 3631 3070; x_wconf 85' lang='lat' dir='ltr'><strong>claramque</strong></span> 
     </span>
    </p>
   </div>
   <div class='ocr_carea' id='block_1_74' title="bbox 2035 3092 3632 3166">
    <p class='ocr_par' dir='ltr' id='par_1_74' title="bbox 2035 3092 3632 3166">
     <span class='ocr_line' id='line_1_74' title="bbox 2035 3092 3632 3166; baseline -0.004 -15"><span class='ocrx_word' id='word_1_517' title='bbox 2035 3104 2201 3166; x_wconf 87' lang='lat' dir='ltr'><strong>atque</strong></span> <span class='ocrx_word' id='word_1_518' title='bbox 2235 3094 2507 3149; x_wconf 90' lang='lat' dir='ltr'><strong>illustrem</strong></span> <span class='ocrx_word' id='word_1_519' title='bbox 2556 3094 2725 3148; x_wconf 90' lang='lat' dir='ltr'><strong>vitam</strong></span> <span class='ocrx_word' id='word_1_520' title='bbox 2756 3132 2770 3158; x_wconf 91' lang='lat'><strong>,</strong></span> <span class='ocrx_word' id='word_1_521' title='bbox 2812 3106 3033 3148; x_wconf 88' lang='lat' dir='ltr'><strong>necnon</strong></span> <span class='ocrx_word' id='word_1_522' title='bbox 3068 3107 3231 3147; x_wconf 90' lang='lat' dir='ltr'><strong>sensa</strong></span> <span class='ocrx_word' id='word_1_523' title='bbox 3276 3092 3446 3146; x_wconf 92' lang='lat' dir='ltr'><strong>animi</strong></span> <span class='ocrx_word' id='word_1_524' title='bbox 3469 3093 3632 3147; x_wconf 84' lang='lat' dir='ltr'><strong>unio-</strong></span> 
     </span>
    </p>
   </div>
   <div class='ocr_carea' id='block_1_75' title="bbox 2033 3182 3631 3257">
    <p class='ocr_par' dir='ltr' id='par_1_75' title="bbox 2033 3182 3631 3257">
     <span class='ocr_line' id='line_1_75' title="bbox 2033 3182 3631 3257; baseline -0.003 -15"><span class='ocrx_word' id='word_1_525' title='bbox 2033 3202 2170 3242; x_wconf 91' lang='lat' dir='ltr'><strong>num</strong></span> <span class='ocrx_word' id='word_1_526' title='bbox 2193 3186 2373 3242; x_wconf 88' lang='lat' dir='ltr'><strong>nitore</strong></span> <span class='ocrx_word' id='word_1_527' title='bbox 2394 3184 2681 3257; x_wconf 80' lang='lat' dir='ltr'><strong>fulgentia)</strong></span> <span class='ocrx_word' id='word_1_528' title='bbox 2709 3199 2854 3251; x_wconf 89' lang='lat' dir='ltr'><strong>;non</strong></span> <span class='ocrx_word' id='word_1_529' title='bbox 2878 3184 3047 3255; x_wconf 87' lang='lat' dir='ltr'><strong>ligna,</strong></span> <span class='ocrx_word' id='word_1_530' title='bbox 3070 3182 3283 3245; x_wconf 88' lang='lat' dir='ltr'><strong>fenum,</strong></span> <span class='ocrx_word' id='word_1_531' title='bbox 3312 3183 3571 3253; x_wconf 89' lang='lat' dir='ltr'><strong>stipulam</strong></span> <span class='ocrx_word' id='word_1_532' title='bbox 3587 3184 3631 3214; x_wconf 74' lang='grc'><strong><em>⁸⁸⁵</em></strong></span> 
     </span>
    </p>
   </div>
   <div class='ocr_carea' id='block_1_76' title="bbox 2039 3274 3635 3351">
    <p class='ocr_par' dir='ltr' id='par_1_76' title="bbox 2039 3274 3635 3351">
     <span class='ocr_line' id='line_1_76' title="bbox 2039 3274 3635 3351; baseline -0.002 -17"><span class='ocrx_word' id='word_1_533' title='bbox 2039 3280 2245 3351; x_wconf 88' lang='lat' dir='ltr'><strong>(neque</strong></span> <span class='ocrx_word' id='word_1_534' title='bbox 2300 3278 2517 3333; x_wconf 88' lang='lat' dir='ltr'><strong>scilicet</strong></span> <span class='ocrx_word' id='word_1_535' title='bbox 2568 3277 2847 3332; x_wconf 90' lang='lat' dir='ltr'><strong>idolorum</strong></span> <span class='ocrx_word' id='word_1_536' title='bbox 2890 3277 3124 3341; x_wconf 91' lang='lat' dir='ltr'><strong>cultum,</strong></span> <span class='ocrx_word' id='word_1_537' title='bbox 3166 3274 3221 3329; x_wconf 87' lang='lat' dir='ltr'><strong>id</strong></span> <span class='ocrx_word' id='word_1_538' title='bbox 3258 3285 3362 3340; x_wconf 86' lang='lat' dir='ltr'><strong>est,</strong></span> <span class='ocrx_word' id='word_1_539' title='bbox 3398 3276 3635 3331; x_wconf 86' lang='lat' dir='ltr'><strong>terrenis</strong></span> 
     </span>
    </p>
   </div>
   <div class='ocr_carea' id='block_1_77' title="bbox 2036 3366 3633 3439">
    <p class='ocr_par' dir='ltr' id='par_1_77' title="bbox 2036 3366 3633 3439">
     <span class='ocr_line' id='line_1_77' title="bbox 2036 3366 3633 3439; baseline -0.003 -13"><span class='ocrx_word' id='word_1_540' title='bbox 2036 3372 2318 3428; x_wconf 89' lang='lat' dir='ltr'><strong>addictum</strong></span> <span class='ocrx_word' id='word_1_541' title='bbox 2356 3370 2602 3425; x_wconf 90' lang='lat' dir='ltr'><strong>animum</strong></span> <span class='ocrx_word' id='word_1_542' title='bbox 2648 3368 2825 3439; x_wconf 90' lang='lat' dir='ltr'><strong>iisque</strong></span> <span class='ocrx_word' id='word_1_543' title='bbox 2860 3366 3101 3423; x_wconf 80' lang='lat' dir='ltr'><strong>deﬁxum</strong></span> <span class='ocrx_word' id='word_1_544' title='bbox 3150 3382 3330 3437; x_wconf 89' lang='lat' dir='ltr'><strong>neque</strong></span> <span class='ocrx_word' id='word_1_545' title='bbox 3383 3382 3633 3422; x_wconf 88' lang='lat' dir='ltr'><strong>aversam</strong></span> 
     </span>
    </p>
   </div>
   <div class='ocr_carea' id='block_1_78' title="bbox 2036 3456 3633 3531">
    <p class='ocr_par' dir='ltr' id='par_1_78' title="bbox 2036 3456 3633 3531">
     <span class='ocr_line' id='line_1_78' title="bbox 2036 3456 3633 3531; baseline -0.004 -14"><span class='ocrx_word' id='word_1_546' title='bbox 2036 3478 2067 3517; x_wconf 75' lang='grc' dir='ltr'><strong>ιι</strong></span> <span class='ocrx_word' id='word_1_547' title='bbox 2104 3464 2321 3518; x_wconf 87' lang='lat' dir='ltr'><strong>ratione</strong></span> <span class='ocrx_word' id='word_1_548' title='bbox 2342 3461 2534 3527; x_wconf 89' lang='lat' dir='ltr'><strong>vitam,</strong></span> <span class='ocrx_word' id='word_1_549' title='bbox 2583 3476 2767 3531; x_wconf 91' lang='lat' dir='ltr'><strong>neque</strong></span> <span class='ocrx_word' id='word_1_550' title='bbox 2796 3460 3017 3513; x_wconf 90' lang='lat' dir='ltr'><strong>demum</strong></span> <span class='ocrx_word' id='word_1_551' title='bbox 3073 3456 3401 3513; x_wconf 86' lang='lat' dir='ltr'><strong>libidinosas</strong></span> <span class='ocrx_word' id='word_1_552' title='bbox 3428 3458 3633 3529; x_wconf 86' lang='lat' dir='ltr'><strong>cogita-</strong></span> 
     </span>
    </p>
   </div>
   <div class='ocr_carea' id='block_1_79' title="bbox 2036 3547 3633 3621">
    <p class='ocr_par' dir='ltr' id='par_1_79' title="bbox 2036 3547 3633 3621">
     <span class='ocr_line' id='line_1_79' title="bbox 2036 3547 3633 3621; baseline -0.003 -15"><span class='ocrx_word' id='word_1_553' title='bbox 2036 3552 2239 3617; x_wconf 86' lang='lat' dir='ltr'><strong>tiones,</strong></span> <span class='ocrx_word' id='word_1_554' title='bbox 2272 3562 2333 3605; x_wconf 81' lang='grc' dir='ltr'><strong>ιιι</strong></span> <span class='ocrx_word' id='word_1_555' title='bbox 2380 3566 2503 3621; x_wconf 78' lang='lat' dir='ltr'><strong>quae</strong></span> <span class='ocrx_word' id='word_1_556' title='bbox 2535 3559 2797 3619; x_wconf 88' lang='lat' dir='ltr'><strong>tanquam</strong></span> <span class='ocrx_word' id='word_1_557' title='bbox 2844 3547 3030 3618; x_wconf 90' lang='lat' dir='ltr'><strong>spicis,</strong></span> <span class='ocrx_word' id='word_1_558' title='bbox 3084 3547 3370 3617; x_wconf 73' lang='lat' dir='ltr'><strong>sapientia:</strong></span> <span class='ocrx_word' id='word_1_559' title='bbox 3422 3547 3633 3602; x_wconf 89' lang='lat' dir='ltr'><strong>intelli-</strong></span> 
     </span>
    </p>
   </div>
   <div class='ocr_carea' id='block_1_80' title="bbox 2036 3641 3021 3713">
    <p class='ocr_par' dir='ltr' id='par_1_80' title="bbox 2036 3641 3021 3713">
     <span class='ocr_line' id='line_1_80' title="bbox 2036 3641 3021 3713; baseline 0 -16"><span class='ocrx_word' id='word_1_560' title='bbox 2036 3644 2224 3713; x_wconf 88' lang='lat' dir='ltr'><strong>gentia</strong></span> <span class='ocrx_word' id='word_1_561' title='bbox 2256 3641 2503 3713; x_wconf 86' lang='lat' dir='ltr'><strong>careant)</strong></span> <span class='ocrx_word' id='word_1_562' title='bbox 2538 3641 2616 3695; x_wconf 91' lang='lat' dir='ltr'><strong>illi</strong></span> <span class='ocrx_word' id='word_1_563' title='bbox 2648 3641 3021 3712; x_wconf 89' lang='lat' dir='ltr'><strong>imponamus.</strong></span> 
     </span>
    </p>
   </div>
   <div class='ocr_carea' id='block_1_81' title="bbox 2106 3730 3633 3800">
    <p class='ocr_par' dir='ltr' id='par_1_81' title="bbox 2106 3730 3633 3800">
     <span class='ocr_line' id='line_1_81' title="bbox 2106 3730 3633 3800; baseline -0.001 -13"><span class='ocrx_word' id='word_1_564' title='bbox 2106 3734 2194 3789; x_wconf 77' lang='grc'><strong>15.</strong></span> <span class='ocrx_word' id='word_1_565' title='bbox 2238 3733 2343 3800; x_wconf 88' lang='lat' dir='ltr'><strong>Qui</strong></span> <span class='ocrx_word' id='word_1_566' title='bbox 2397 3732 2643 3787; x_wconf 65' lang='lat' dir='ltr'><strong>scientiae</strong></span> <span class='ocrx_word' id='word_1_567' title='bbox 2695 3731 2975 3786; x_wconf 89' lang='lat' dir='ltr'><strong>desiderio</strong></span> <span class='ocrx_word' id='word_1_568' title='bbox 3022 3739 3265 3795; x_wconf 89' lang='lat' dir='ltr'><strong>tenetur,</strong></span> <span class='ocrx_word' id='word_1_569' title='bbox 3320 3730 3633 3785; x_wconf 85' lang='lat' dir='ltr'><strong>immobiles</strong></span> 
     </span>
    </p>
   </div>
   <div class='ocr_carea' id='block_1_82' title="bbox 2038 3821 3631 3896">
    <p class='ocr_par' dir='ltr' id='par_1_82' title="bbox 2038 3821 3631 3896">
     <span class='ocr_line' id='line_1_82' title="bbox 2038 3821 3631 3896; baseline -0.003 -16"><span class='ocrx_word' id='word_1_570' title='bbox 2038 3825 2209 3880; x_wconf 90' lang='lat' dir='ltr'><strong>animi</strong></span> <span class='ocrx_word' id='word_1_571' title='bbox 2240 3840 2463 3896; x_wconf 89' lang='lat' dir='ltr'><strong>gressus</strong></span> <span class='ocrx_word' id='word_1_572' title='bbox 2490 3824 2634 3895; x_wconf 90' lang='lat' dir='ltr'><strong>apud</strong></span> <span class='ocrx_word' id='word_1_573' title='bbox 2659 3823 2955 3878; x_wconf 88' lang='lat' dir='ltr'><strong>Dominum</strong></span> <span class='ocrx_word' id='word_1_574' title='bbox 2999 3830 3225 3888; x_wconf 86' lang='lat' dir='ltr'><strong>statuat,</strong></span> <span class='ocrx_word' id='word_1_575' title='bbox 3271 3821 3631 3891; x_wconf 84' lang='lat' dir='ltr'><strong>quemadmo-</strong></span> 
     </span>
    </p>
   </div>
   <div class='ocr_carea' id='block_1_83' title="bbox 2037 3915 3625 3982">
    <p class='ocr_par' dir='ltr' id='par_1_83' title="bbox 2037 3915 3625 3982">
     <span class='ocr_line' id='line_1_83' title="bbox 2037 3915 3625 3982; baseline -0.001 -11"><span class='ocrx_word' id='word_1_576' title='bbox 2037 3916 2169 3971; x_wconf 92' lang='lat' dir='ltr'><strong>dum</strong></span> <span class='ocrx_word' id='word_1_577' title='bbox 2221 3917 2298 3971; x_wconf 88' lang='lat' dir='ltr'><strong>ait</strong></span> <span class='ocrx_word' id='word_1_578' title='bbox 2344 3918 2491 3972; x_wconf 91' lang='lat' dir='ltr'><strong>Deus</strong></span> <span class='ocrx_word' id='word_1_579' title='bbox 2530 3916 2689 3982; x_wconf 82' lang='lat' dir='ltr'><strong>Mosi,</strong></span> <span class='ocrx_word' id='word_1_580' title='bbox 2747 3917 2822 3971; x_wconf 81' lang='lat' dir='ltr'><strong>Tu</strong></span> <span class='ocrx_word' id='word_1_581' title='bbox 2871 3925 3047 3971; x_wconf 87' lang='lat' dir='ltr'><strong>autem</strong></span> <span class='ocrx_word' id='word_1_582' title='bbox 3082 3918 3163 3969; x_wconf 81' lang='lat' dir='ltr'><strong>hic</strong></span> <span class='ocrx_word' id='word_1_583' title='bbox 3208 3924 3292 3969; x_wconf 79' lang='lat' dir='ltr'><strong>sta</strong></span> <span class='ocrx_word' id='word_1_584' title='bbox 3342 3915 3625 3969; x_wconf 75' lang='lat' dir='ltr'><strong>mecum“.</strong></span> 
     </span>
    </p>
   </div>
   <div class='ocr_carea' id='block_1_84' title="bbox 2038 4005 3627 4078">
    <p class='ocr_par' dir='ltr' id='par_1_84' title="bbox 2038 4005 3627 4078">
     <span class='ocr_line' id='line_1_84' title="bbox 2038 4005 3627 4078; baseline 0.001 -17"><span class='ocrx_word' id='word_1_585' title='bbox 2038 4007 2188 4062; x_wconf 90' lang='lat' dir='ltr'><strong>Istud</strong></span> <span class='ocrx_word' id='word_1_586' title='bbox 2228 4023 2397 4078; x_wconf 91' lang='lat' dir='ltr'><strong>porro</strong></span> <span class='ocrx_word' id='word_1_587' title='bbox 2432 4006 2865 4073; x_wconf 83' lang='lat' dir='ltr'><strong>observandum,</strong></span> <span class='ocrx_word' id='word_1_588' title='bbox 2904 4007 2963 4061; x_wconf 91' lang='lat' dir='ltr'><strong>in</strong></span> <span class='ocrx_word' id='word_1_589' title='bbox 3003 4006 3072 4062; x_wconf 90' lang='lat' dir='ltr'><strong>iis</strong></span> <span class='ocrx_word' id='word_1_590' title='bbox 3113 4005 3280 4061; x_wconf 89' lang='lat' dir='ltr'><strong>etiam</strong></span> <span class='ocrx_word' id='word_1_591' title='bbox 3327 4006 3627 4063; x_wconf 86' lang='lat' dir='ltr'><strong>discrimen</strong></span> 
     </span>
    </p>
   </div>
   <div class='ocr_carea' id='block_1_85' title="bbox 2038 4098 3629 4170">
    <p class='ocr_par' dir='ltr' id='par_1_85' title="bbox 2038 4098 3629 4170">
     <span class='ocr_line' id='line_1_85' title="bbox 2038 4098 3629 4170; baseline 0 -16"><span class='ocrx_word' id='word_1_592' title='bbox 2038 4116 2160 4155; x_wconf 87' lang='lat' dir='ltr'><strong>esse</strong></span> <span class='ocrx_word' id='word_1_593' title='bbox 2180 4100 2273 4170; x_wconf 88' lang='lat' dir='ltr'><strong>qui</strong></span> <span class='ocrx_word' id='word_1_594' title='bbox 2301 4108 2448 4155; x_wconf 85' lang='lat' dir='ltr'><strong>stant</strong></span> <span class='ocrx_word' id='word_1_595' title='bbox 2476 4100 2621 4170; x_wconf 87' lang='lat' dir='ltr'><strong>apud</strong></span> <span class='ocrx_word' id='word_1_596' title='bbox 2650 4100 2964 4165; x_wconf 92' lang='lat' dir='ltr'><strong>Dominum,</strong></span> <span class='ocrx_word' id='word_1_597' title='bbox 2990 4101 3035 4154; x_wconf 89' lang='lat' dir='ltr'><strong>si</strong></span> <span class='ocrx_word' id='word_1_598' title='bbox 3076 4099 3241 4154; x_wconf 91' lang='lat' dir='ltr'><strong>modo</strong></span> <span class='ocrx_word' id='word_1_599' title='bbox 3272 4098 3505 4153; x_wconf 91' lang='lat' dir='ltr'><strong>studiosi</strong></span> <span class='ocrx_word' id='word_1_600' title='bbox 3532 4114 3629 4154; x_wconf 86' lang='lat' dir='ltr'><strong>vc-</strong></span> 
     </span>
    </p>
   </div>
   <div class='ocr_carea' id='block_1_86' title="bbox 2040 4191 3630 4264">
    <p class='ocr_par' dir='ltr' id='par_1_86' title="bbox 2040 4191 3630 4264">
     <span class='ocr_line' id='line_1_86' title="bbox 2040 4191 3630 4264; baseline -0.001 -17"><span class='ocrx_word' id='word_1_601' title='bbox 2040 4193 2198 4264; x_wconf 88' lang='lat' dir='ltr'><strong>rique</strong></span> <span class='ocrx_word' id='word_1_602' title='bbox 2226 4202 2505 4257; x_wconf 90' lang='lat' dir='ltr'><strong>amantes,</strong></span> <span class='ocrx_word' id='word_1_603' title='bbox 2552 4192 2701 4263; x_wconf 90' lang='lat' dir='ltr'><strong>quod</strong></span> <span class='ocrx_word' id='word_1_604' title='bbox 2734 4192 2807 4246; x_wconf 90' lang='lat' dir='ltr'><strong>ita</strong></span> <span class='ocrx_word' id='word_1_605' title='bbox 2838 4192 3109 4262; x_wconf 89' lang='lat' dir='ltr'><strong>scriptum</strong></span> <span class='ocrx_word' id='word_1_606' title='bbox 3154 4201 3260 4257; x_wconf 90' lang='lat' dir='ltr'><strong>est,</strong></span> <span class='ocrx_word' id='word_1_607' title='bbox 3312 4207 3421 4245; x_wconf 87' lang='lat' dir='ltr'><strong>non</strong></span> <span class='ocrx_word' id='word_1_608' title='bbox 3451 4191 3630 4247; x_wconf 84' lang='lat' dir='ltr'><strong>obiter</strong></span> 
     </span>
    </p>
   </div>
   <div class='ocr_carea' id='block_1_87' title="bbox 2039 4283 3632 4356">
    <p class='ocr_par' dir='ltr' id='par_1_87' title="bbox 2039 4283 3632 4356">
     <span class='ocr_line' id='line_1_87' title="bbox 2039 4283 3632 4356; baseline -0.001 -16"><span class='ocrx_word' id='word_1_609' title='bbox 2039 4284 2315 4356; x_wconf 82' lang='lat' dir='ltr'><strong>legimus:</strong></span> <span class='ocrx_word' id='word_1_610' title='bbox 2352 4283 2487 4340; x_wconf 85' lang='lat' dir='ltr'><strong>Sunt</strong></span> <span class='ocrx_word' id='word_1_611' title='bbox 2536 4285 2754 4356; x_wconf 85' lang='lat' dir='ltr'><strong>quidam</strong></span> <span class='ocrx_word' id='word_1_612' title='bbox 2813 4285 2876 4338; x_wconf 89' lang='lat' dir='ltr'><strong>de</strong></span> <span class='ocrx_word' id='word_1_613' title='bbox 2923 4287 3006 4339; x_wconf 79' lang='lat' dir='ltr'><strong>hic</strong></span> <span class='ocrx_word' id='word_1_614' title='bbox 3053 4285 3336 4351; x_wconf 76' lang='lat' dir='ltr'><strong>stantibus,</strong></span> <span class='ocrx_word' id='word_1_615' title='bbox 3379 4286 3469 4356; x_wconf 78' lang='lat' dir='ltr'><strong>qui</strong></span> <span class='ocrx_word' id='word_1_616' title='bbox 3526 4302 3632 4339; x_wconf 87' lang='lat' dir='ltr'><strong>non</strong></span> 
     </span>
    </p>
   </div>
   <div class='ocr_carea' id='block_1_88' title="bbox 2041 4376 3634 4449">
    <p class='ocr_par' dir='ltr' id='par_1_88' title="bbox 2041 4376 3634 4449">
     <span class='ocr_line' id='line_1_88' title="bbox 2041 4376 3634 4449; baseline 0.001 -18"><span class='ocrx_word' id='word_1_617' title='bbox 2041 4383 2329 4449; x_wconf 81' lang='lat' dir='ltr'><strong>gustabunt</strong></span> <span class='ocrx_word' id='word_1_618' title='bbox 2363 4387 2619 4442; x_wconf 83' lang='lat' dir='ltr'><strong>mortem,</strong></span> <span class='ocrx_word' id='word_1_619' title='bbox 2655 4378 2819 4431; x_wconf 82' lang='lat' dir='ltr'><strong>donec</strong></span> <span class='ocrx_word' id='word_1_620' title='bbox 2865 4376 3094 4431; x_wconf 80' lang='lat' dir='ltr'><strong>viderint</strong></span> <span class='ocrx_word' id='word_1_621' title='bbox 3144 4394 3365 4449; x_wconf 82' lang='lat' dir='ltr'><strong>regnum</strong></span> <span class='ocrx_word' id='word_1_622' title='bbox 3396 4377 3497 4433; x_wconf 81' lang='lat' dir='ltr'><strong>Dei</strong></span> <span class='ocrx_word' id='word_1_623' title='bbox 3543 4394 3634 4433; x_wconf 81' lang='lat' dir='ltr'><strong>ve-</strong></span> 
     </span>
    </p>
   </div>
   <div class='ocr_carea' id='block_1_89' title="bbox 342 4456 1955 4545">
    <p class='ocr_par' dir='ltr' id='par_1_89' title="bbox 342 4461 1941 4535">
     <span class='ocr_line' id='line_1_89' title="bbox 342 4461 1941 4535; baseline -0.001 -19"><span class='ocrx_word' id='word_1_624' title='bbox 342 4461 723 4528; x_wconf 79' lang='grc' dir='ltr'><strong>ἑληλυθυῖαν</strong></span> <span class='ocrx_word' id='word_1_625' title='bbox 748 4463 818 4515; x_wconf 77' lang='grc' dir='ltr'><strong>ἐν</strong></span> <span class='ocrx_word' id='word_1_626' title='bbox 845 4462 1115 4532; x_wconf 82' lang='grc' dir='ltr'>δυνάμει.</span> <span class='ocrx_word' id='word_1_627' title='bbox 1158 4464 1234 4517; x_wconf 79' lang='grc' dir='ltr'><strong>Οὐ</strong></span> <span class='ocrx_word' id='word_1_628' title='bbox 1289 4463 1399 4535; x_wconf 74' lang='grc' dir='ltr'>γὰρ</span> <span class='ocrx_word' id='word_1_629' title='bbox 1450 4464 1618 4518; x_wconf 83' lang='grc' dir='ltr'>πᾶσιν</span> <span class='ocrx_word' id='word_1_630' title='bbox 1669 4463 1756 4518; x_wconf 82' lang='grc' dir='ltr'>ἀεὶ</span> <span class='ocrx_word' id='word_1_631' title='bbox 1800 4462 1941 4535; x_wconf 88' lang='grc' dir='ltr'><strong>μετά</strong></span> 
     </span>
    </p>
   </div>
   <div class='ocr_carea' id='block_1_90' title="bbox 2037 4456 3635 4545">
    <p class='ocr_par' dir='ltr' id='par_1_90' title="bbox 2044 4456 3635 4541">
     <span class='ocr_line' id='line_1_90' title="bbox 2044 4456 3635 4541; baseline -0.002 -14"><span class='ocrx_word' id='word_1_632' title='bbox 2044 4473 2194 4527; x_wconf 79' lang='lat' dir='ltr'><strong>niens</strong></span> <span class='ocrx_word' id='word_1_633' title='bbox 2265 4473 2322 4527; x_wconf 77' lang='lat' dir='ltr'><strong>in</strong></span> <span class='ocrx_word' id='word_1_634' title='bbox 2373 4473 2569 4526; x_wconf 84' lang='lat' dir='ltr'><strong>virtute</strong></span> <span class='ocrx_word' id='word_1_635' title='bbox 2591 4472 2661 4525; x_wconf 75' lang='grc'><strong>⁸⁷.</strong></span> <span class='ocrx_word' id='word_1_636' title='bbox 2712 4470 2834 4525; x_wconf 93' lang='lat' dir='ltr'><strong>Non</strong></span> <span class='ocrx_word' id='word_1_637' title='bbox 2884 4456 3036 4526; x_wconf 86' lang='lat' dir='ltr'><strong>enim</strong></span> <span class='ocrx_word' id='word_1_638' title='bbox 3093 4471 3361 4526; x_wconf 90' lang='lat' dir='ltr'><strong>Dominus</strong></span> <span class='ocrx_word' id='word_1_639' title='bbox 3415 4486 3635 4541; x_wconf 91' lang='lat' dir='ltr'><strong>semper</strong></span> 
     </span>
    </p>
   </div>
   <div class='ocr_carea' id='block_1_91' title="bbox 344 4552 1938 4626">
    <p class='ocr_par' dir='ltr' id='par_1_91' title="bbox 344 4552 1938 4626">
     <span class='ocr_line' id='line_1_91' title="bbox 344 4552 1938 4626; baseline 0 -19"><span class='ocrx_word' id='word_1_640' title='bbox 344 4555 510 4621; x_wconf 77' lang='grc' dir='ltr'>δόξης</span> <span class='ocrx_word' id='word_1_641' title='bbox 541 4553 567 4604; x_wconf 87' lang='lat'><strong>6</strong></span> <span class='ocrx_word' id='word_1_642' title='bbox 593 4552 798 4625; x_wconf 82' lang='grc' dir='ltr'>Κύριος</span> <span class='ocrx_word' id='word_1_643' title='bbox 820 4554 1172 4623; x_wconf 84' lang='grc' dir='ltr'>ἐπιφαίνεται</span> <span class='ocrx_word' id='word_1_644' title='bbox 1208 4556 1323 4618; x_wconf 80' lang='grc' dir='ltr'>τοῖς</span> <span class='ocrx_word' id='word_1_645' title='bbox 1356 4554 1488 4626; x_wconf 88' lang='grc' dir='ltr'>παρ’</span> <span class='ocrx_word' id='word_1_646' title='bbox 1512 4554 1664 4625; x_wconf 87' lang='grc' dir='ltr'><strong>αὑτῷ</strong></span> <span class='ocrx_word' id='word_1_647' title='bbox 1707 4554 1938 4625; x_wconf 68' lang='grc' dir='ltr'>ἱσταμέκ</span> 
     </span>
    </p>
   </div>
   <div class='ocr_carea' id='block_1_92' title="bbox 347 4645 1934 4719">
    <p class='ocr_par' dir='ltr' id='par_1_92' title="bbox 347 4645 1934 4719">
     <span class='ocr_line' id='line_1_92' title="bbox 347 4645 1934 4719; baseline 0.002 -20"><span class='ocrx_word' id='word_1_648' title='bbox 347 4664 481 4709; x_wconf 67' lang='grc' dir='ltr'>νοις,</span> <span class='ocrx_word' id='word_1_649' title='bbox 522 4646 657 4698; x_wconf 84' lang='grc' dir='ltr'><strong>ἀλλά</strong></span> <span class='ocrx_word' id='word_1_650' title='bbox 695 4647 809 4709; x_wconf 86' lang='grc' dir='ltr'>τοῖς</span> <span class='ocrx_word' id='word_1_651' title='bbox 851 4645 952 4716; x_wconf 79' lang='grc' dir='ltr'><strong>μὲν</strong></span> <span class='ocrx_word' id='word_1_652' title='bbox 986 4645 1386 4716; x_wconf 79' lang='grc' dir='ltr'>εἰσαγομένοις,</span> <span class='ocrx_word' id='word_1_653' title='bbox 1419 4648 1478 4700; x_wconf 80' lang='grc' dir='ltr'>ὲν</span> <span class='ocrx_word' id='word_1_654' title='bbox 1527 4647 1714 4701; x_wconf 83' lang='grc' dir='ltr'>δούλου</span> <span class='ocrx_word' id='word_1_655' title='bbox 1752 4650 1934 4719; x_wconf 83' lang='grc' dir='ltr'>μορφῇ</span> 
     </span>
    </p>
   </div>
   <div class='ocr_carea' id='block_1_93' title="bbox 348 4739 1937 4811">
    <p class='ocr_par' dir='ltr' id='par_1_93' title="bbox 348 4739 1937 4811">
     <span class='ocr_line' id='line_1_93' title="bbox 348 4739 1937 4811; baseline -0.001 -17"><span class='ocrx_word' id='word_1_656' title='bbox 348 4739 717 4810; x_wconf 80' lang='grc' dir='ltr'>παραγίνεται</span> <span class='ocrx_word' id='word_1_657' title='bbox 739 4754 753 4767; x_wconf 76' lang='grc'><strong>⁸</strong></span> <span class='ocrx_word' id='word_1_658' title='bbox 787 4742 901 4803; x_wconf 85' lang='grc' dir='ltr'>τοῖς</span> <span class='ocrx_word' id='word_1_659' title='bbox 945 4739 1003 4792; x_wconf 79' lang='grc' dir='ltr'>δὲ</span> <span class='ocrx_word' id='word_1_660' title='bbox 1032 4740 1353 4809; x_wconf 86' lang='grc' dir='ltr'>δυναμένοις</span> <span class='ocrx_word' id='word_1_661' title='bbox 1385 4740 1750 4809; x_wconf 83' lang='grc' dir='ltr'>ἀκολουθῆσαι</span> <span class='ocrx_word' id='word_1_662' title='bbox 1786 4740 1937 4811; x_wconf 82' lang='grc' dir='ltr'>αὐτῷ</span> 
     </span>
    </p>
   </div>
   <div class='ocr_carea' id='block_1_94' title="bbox 344 4829 1935 4905">
    <p class='ocr_par' dir='ltr' id='par_1_94' title="bbox 344 4829 1935 4905">
     <span class='ocr_line' id='line_1_94' title="bbox 344 4829 1935 4905; baseline 0.002 -22"><span class='ocrx_word' id='word_1_663' title='bbox 344 4831 443 4883; x_wconf 70' lang='grc' dir='ltr'><strong>ἐπὶ</strong></span> <span class='ocrx_word' id='word_1_664' title='bbox 458 4829 521 4883; x_wconf 84' lang='grc' dir='ltr'><strong>τὸ</strong></span> <span class='ocrx_word' id='word_1_665' title='bbox 545 4830 751 4900; x_wconf 69' lang='grc' dir='ltr'>ὑψηλὸν</span> <span class='ocrx_word' id='word_1_666' title='bbox 771 4831 1120 4885; x_wconf 81' lang='grc' dir='ltr'>ἀναὸαίνοντι</span> <span class='ocrx_word' id='word_1_667' title='bbox 1138 4832 1237 4901; x_wconf 84' lang='grc' dir='ltr'>τῆς</span> <span class='ocrx_word' id='word_1_668' title='bbox 1254 4831 1421 4885; x_wconf 76' lang='grc' dir='ltr'>αὐτοῦ</span> <span class='ocrx_word' id='word_1_669' title='bbox 1447 4832 1935 4905; x_wconf 81' lang='grc' dir='ltr'>μεταμορφώσεως</span> 
     </span>
    </p>
   </div>
   <div class='ocr_carea' id='block_1_95' title="bbox 342 4920 1931 4999">
    <p class='ocr_par' dir='ltr' id='par_1_95' title="bbox 342 4920 1931 4999">
     <span class='ocr_line' id='line_1_95' title="bbox 342 4920 1931 4999; baseline 0.003 -24"><span class='ocrx_word' id='word_1_670' title='bbox 342 4924 496 4994; x_wconf 74' lang='grc' dir='ltr'>ὄρος,</span> <span class='ocrx_word' id='word_1_671' title='bbox 538 4921 597 4974; x_wconf 78' lang='grc' dir='ltr'><strong>ἐν</strong></span> <span class='ocrx_word' id='word_1_672' title='bbox 621 4928 803 4996; x_wconf 80' lang='grc' dir='ltr'>μορφῇ</span> <span class='ocrx_word' id='word_1_673' title='bbox 830 4923 966 4977; x_wconf 88' lang='grc' dir='ltr'>Θεοῦ</span> <span class='ocrx_word' id='word_1_674' title='bbox 1000 4924 1352 4994; x_wconf 77' lang='grc' dir='ltr'>ἐπιφαίνεται</span> <span class='ocrx_word' id='word_1_675' title='bbox 1386 4924 1462 4997; x_wconf 84' lang='lat' dir='ltr'><strong>(y)</strong></span> <span class='ocrx_word' id='word_1_676' title='bbox 1488 4942 1502 4954; x_wconf 70' lang='grc' dir='ltr'><strong><em>ο</em></strong></span> <span class='ocrx_word' id='word_1_677' title='bbox 1538 4920 1658 4999; x_wconf 73' lang='grc' dir='ltr'>ὲνῇ</span> <span class='ocrx_word' id='word_1_678' title='bbox 1693 4926 1931 4997; x_wconf 80' lang='grc' dir='ltr'>ὑπῆρχε,</span> 
     </span>
    </p>
   </div>
   <div class='ocr_carea' id='block_1_96' title="bbox 424 5078 1526 5148">
    <p class='ocr_par' dir='ltr' id='par_1_96' title="bbox 424 5078 1526 5148">
     <span class='ocr_line' id='line_1_96' title="bbox 424 5078 1526 5148; baseline 0.002 -15"><span class='ocrx_word' id='word_1_679' title='bbox 424 5078 472 5110; x_wconf 78' lang='grc'><strong><em>⁸⁸</em></strong></span> <span class='ocrx_word' id='word_1_680' title='bbox 508 5079 654 5135; x_wconf 88' lang='lat' dir='ltr'><strong>Psal.</strong></span> <span class='ocrx_word' id='word_1_681' title='bbox 691 5098 844 5146; x_wconf 75' lang='lat' dir='ltr'><strong>CXLV,</strong></span> <span class='ocrx_word' id='word_1_682' title='bbox 872 5081 924 5136; x_wconf 90' lang='lat'><strong>8.</strong></span> <span class='ocrx_word' id='word_1_683' title='bbox 1003 5081 1257 5138; x_wconf 76' lang='lat' dir='ltr'><strong>&quot;Matth.</strong></span> <span class='ocrx_word' id='word_1_684' title='bbox 1292 5098 1405 5148; x_wconf 82' lang='lat' dir='ltr'><strong>xm,</strong></span> <span class='ocrx_word' id='word_1_685' title='bbox 1438 5082 1526 5135; x_wconf 73' lang='lat'><strong>&#39;51.</strong></span> 
     </span>
    </p>
   </div>
   <div class='ocr_carea' id='block_1_97' title="bbox 353 5150 1449 5215">
    <p class='ocr_par' dir='ltr' id='par_1_97' title="bbox 353 5150 1449 5215">
     <span class='ocr_line' id='line_1_97' title="bbox 353 5150 1449 5215; baseline -0.01 -13"><span class='ocrx_word' id='word_1_686' title='bbox 353 5165 468 5215; x_wconf 74' lang='lat' dir='ltr'><strong>vni,</strong></span> <span class='ocrx_word' id='word_1_687' title='bbox 508 5150 597 5206; x_wconf 81' lang='lat'><strong>59.</strong></span> <span class='ocrx_word' id='word_1_688' title='bbox 1446 5190 1449 5191; x_wconf 30' lang='grc' dir='ltr'><strong>ν</strong></span> 
     </span>
    </p>
   </div>
   <div class='ocr_carea' id='block_1_98' title="bbox 430 5286 1936 5364">
    <p class='ocr_par' dir='ltr' id='par_1_98' title="bbox 430 5286 1936 5364">
     <span class='ocr_line' id='line_1_98' title="bbox 430 5286 1936 5364; baseline 0.003 -23"><span class='ocrx_word' id='word_1_689' title='bbox 430 5288 506 5359; x_wconf 78' lang='lat' dir='ltr'><strong>(y)</strong></span> <span class='ocrx_word' id='word_1_690' title='bbox 526 5286 1007 5364; x_wconf 49' lang='lat' dir='ltr'><strong>‘Efﬂqgmieeoﬁ</strong></span> <span class='ocrx_word' id='word_1_691' title='bbox 1026 5290 1424 5364; x_wconf 55' lang='grc' dir='ltr'>ἐπιφαίνεται.</span> <span class='ocrx_word' id='word_1_692' title='bbox 1450 5292 1514 5347; x_wconf 88' lang='lat' dir='ltr'><strong>In</strong></span> <span class='ocrx_word' id='word_1_693' title='bbox 1534 5292 1627 5346; x_wconf 80' lang='lat' dir='ltr'><strong>Dei</strong></span> <span class='ocrx_word' id='word_1_694' title='bbox 1644 5300 1815 5362; x_wconf 68' lang='lat' dir='ltr'><strong>[arma</strong></span> <span class='ocrx_word' id='word_1_695' title='bbox 1839 5310 1936 5364; x_wconf 86' lang='lat' dir='ltr'><strong>ap-</strong></span> 
     </span>
    </p>
   </div>
   <div class='ocr_carea' id='block_1_99' title="bbox 356 5360 1937 5433">
    <p class='ocr_par' dir='ltr' id='par_1_99' title="bbox 356 5360 1937 5433">
     <span class='ocr_line' id='line_1_99' title="bbox 356 5360 1937 5433; baseline 0.001 -19"><span class='ocrx_word' id='word_1_696' title='bbox 356 5370 535 5432; x_wconf 78' lang='lat' dir='ltr'><strong>paret.</strong></span> <span class='ocrx_word' id='word_1_697' title='bbox 568 5360 864 5433; x_wconf 32' lang='lat' dir='ltr'><strong>EstuMarci</strong></span> <span class='ocrx_word' id='word_1_698' title='bbox 892 5362 1172 5433; x_wconf 76' lang='grc' dir='ltr'>νηπτικῶν</span> <span class='ocrx_word' id='word_1_699' title='bbox 1190 5376 1311 5431; x_wconf 88' lang='lat' dir='ltr'><strong>cap.</strong></span> <span class='ocrx_word' id='word_1_700' title='bbox 1350 5362 1436 5426; x_wconf 74' lang='grc'><strong>14,</strong></span> <span class='ocrx_word' id='word_1_701' title='bbox 1463 5360 1735 5433; x_wconf 86' lang='lat' dir='ltr'><strong>suumque</strong></span> <span class='ocrx_word' id='word_1_702' title='bbox 1771 5360 1937 5417; x_wconf 59' lang='lat' dir='ltr'><strong>Mari-</strong></span> 
     </span>
    </p>
   </div>
   <div class='ocr_carea' id='block_1_100' title="bbox 358 5431 1941 5503">
    <p class='ocr_par' dir='ltr' id='par_1_100' title="bbox 358 5431 1941 5503">
     <span class='ocr_line' id='line_1_100' title="bbox 358 5431 1941 5503; baseline 0.002 -18"><span class='ocrx_word' id='word_1_703' title='bbox 358 5431 491 5503; x_wconf 70' lang='lat' dir='ltr'><strong>intts</strong></span> <span class='ocrx_word' id='word_1_704' title='bbox 508 5431 872 5503; x_wconf 70' lang='lat' dir='ltr'><strong>exscribeudo</strong></span> <span class='ocrx_word' id='word_1_705' title='bbox 913 5431 1045 5486; x_wconf 88' lang='lat' dir='ltr'><strong>fecit</strong></span> <span class='ocrx_word' id='word_1_706' title='bbox 1072 5449 1085 5485; x_wconf 89' lang='lat'>:</span> <span class='ocrx_word' id='word_1_707' title='bbox 1114 5432 1170 5485; x_wconf 89' lang='lat' dir='ltr'><strong>in</strong></span> <span class='ocrx_word' id='word_1_708' title='bbox 1206 5449 1317 5501; x_wconf 91' lang='lat' dir='ltr'><strong>quo</strong></span> <span class='ocrx_word' id='word_1_709' title='bbox 1349 5434 1622 5503; x_wconf 85' lang='lat' dir='ltr'><strong>praecipua</strong></span> <span class='ocrx_word' id='word_1_710' title='bbox 1647 5431 1941 5489; x_wconf 79' lang='lat' dir='ltr'><strong>difﬁcultas</strong></span> 
     </span>
    </p>
   </div>
   <div class='ocr_carea' id='block_1_101' title="bbox 359 5501 1937 5574">
    <p class='ocr_par' dir='ltr' id='par_1_101' title="bbox 359 5501 1937 5574">
     <span class='ocr_line' id='line_1_101' title="bbox 359 5501 1937 5574; baseline 0.003 -21"><span class='ocrx_word' id='word_1_711' title='bbox 359 5501 494 5574; x_wconf 77' lang='lat' dir='ltr'><strong>quid</strong></span> <span class='ocrx_word' id='word_1_712' title='bbox 522 5502 591 5554; x_wconf 92' lang='lat' dir='ltr'><strong>sit</strong></span> <span class='ocrx_word' id='word_1_713' title='bbox 614 5501 705 5555; x_wconf 90' lang='lat' dir='ltr'><strong>illa</strong></span> <span class='ocrx_word' id='word_1_714' title='bbox 736 5502 960 5574; x_wconf 81' lang='lat' dir='ltr'><strong>claritas</strong></span> <span class='ocrx_word' id='word_1_715' title='bbox 994 5502 1110 5567; x_wconf 93' lang='lat' dir='ltr'><strong>Dei,</strong></span> <span class='ocrx_word' id='word_1_716' title='bbox 1152 5504 1207 5557; x_wconf 91' lang='lat' dir='ltr'><strong>in</strong></span> <span class='ocrx_word' id='word_1_717' title='bbox 1238 5519 1346 5573; x_wconf 87' lang='lat' dir='ltr'><strong>qua</strong></span> <span class='ocrx_word' id='word_1_718' title='bbox 1385 5501 1641 5559; x_wconf 76' lang='lat' dir='ltr'><strong>Christus</strong></span> <span class='ocrx_word' id='word_1_719' title='bbox 1663 5506 1937 5574; x_wconf 89' lang='lat' dir='ltr'><strong>apparuit.</strong></span> 
     </span>
    </p>
   </div>
   <div class='ocr_carea' id='block_1_102' title="bbox 359 5571 1941 5637">
    <p class='ocr_par' dir='ltr' id='par_1_102' title="bbox 359 5571 1941 5637">
     <span class='ocr_line' id='line_1_102' title="bbox 359 5571 1941 5637; baseline 0.002 -11"><span class='ocrx_word' id='word_1_720' title='bbox 359 5571 574 5627; x_wconf 88' lang='lat' dir='ltr'><strong>Idcirco</strong></span> <span class='ocrx_word' id='word_1_721' title='bbox 607 5573 751 5637; x_wconf 88' lang='lat' dir='ltr'><strong>quod</strong></span> <span class='ocrx_word' id='word_1_722' title='bbox 792 5572 962 5627; x_wconf 70' lang='lat' dir='ltr'><strong>Grreci</strong></span> <span class='ocrx_word' id='word_1_723' title='bbox 992 5571 1298 5637; x_wconf 81' lang='lat' dir='ltr'><strong>sequiores,</strong></span> <span class='ocrx_word' id='word_1_724' title='bbox 1327 5575 1618 5629; x_wconf 88' lang='lat' dir='ltr'><strong>occasione</strong></span> <span class='ocrx_word' id='word_1_725' title='bbox 1665 5571 1941 5629; x_wconf 79' lang='lat' dir='ltr'><strong>dictorum</strong></span> 
     </span>
    </p>
   </div>
   <div class='ocr_carea' id='block_1_103' title="bbox 361 5644 1942 5713">
    <p class='ocr_par' dir='ltr' id='par_1_103' title="bbox 361 5644 1942 5713">
     <span class='ocr_line' id='line_1_103' title="bbox 361 5644 1942 5713; baseline 0.004 -19"><span class='ocrx_word' id='word_1_726' title='bbox 361 5644 729 5713; x_wconf 88' lang='lat' dir='ltr'><strong>quo_rumdam</strong></span> <span class='ocrx_word' id='word_1_727' title='bbox 767 5644 1012 5702; x_wconf 84' lang='lat' dir='ltr'><strong>Patrum.</strong></span> <span class='ocrx_word' id='word_1_728' title='bbox 1055 5644 1125 5699; x_wconf 91' lang='lat' dir='ltr'><strong>de</strong></span> <span class='ocrx_word' id='word_1_729' title='bbox 1172 5644 1451 5699; x_wconf 87' lang='lat' dir='ltr'><strong>Thaborio</strong></span> <span class='ocrx_word' id='word_1_730' title='bbox 1481 5646 1687 5700; x_wconf 90' lang='lat' dir='ltr'><strong>lumine</strong></span> <span class='ocrx_word' id='word_1_731' title='bbox 1727 5646 1807 5700; x_wconf 90' lang='lat' dir='ltr'><strong>sic</strong></span> <span class='ocrx_word' id='word_1_732' title='bbox 1856 5646 1942 5700; x_wconf 89' lang='lat' dir='ltr'><strong>di-</strong></span> 
     </span>
    </p>
   </div>
   <div class='ocr_carea' id='block_1_104' title="bbox 360 5711 1943 5784">
    <p class='ocr_par' dir='ltr' id='par_1_104' title="bbox 360 5711 1943 5784">
     <span class='ocr_line' id='line_1_104' title="bbox 360 5711 1943 5784; baseline 0.003 -18"><span class='ocrx_word' id='word_1_733' title='bbox 360 5711 587 5784; x_wconf 71' lang='lat' dir='ltr'><strong>gladiati</strong></span> <span class='ocrx_word' id='word_1_734' title='bbox 620 5722 765 5777; x_wconf 93' lang='lat' dir='ltr'><strong>sunt,</strong></span> <span class='ocrx_word' id='word_1_735' title='bbox 794 5721 855 5767; x_wconf 87' lang='lat' dir='ltr'><strong>ut</strong></span> <span class='ocrx_word' id='word_1_736' title='bbox 888 5730 977 5770; x_wconf 90' lang='lat' dir='ltr'><strong>res</strong></span> <span class='ocrx_word' id='word_1_737' title='bbox 1000 5731 1097 5784; x_wconf 87' lang='lat' dir='ltr'><strong>per</strong></span> <span class='ocrx_word' id='word_1_738' title='bbox 1123 5716 1511 5770; x_wconf 85' lang='lat' dir='ltr'><strong>Palamitarum</strong></span> <span class='ocrx_word' id='word_1_739' title='bbox 1536 5717 1943 5771; x_wconf 88' lang='lat' dir='ltr'><strong>contentionem</strong></span> 
     </span>
    </p>
   </div>
   <div class='ocr_carea' id='block_1_105' title="bbox 362 5784 1944 5856">
    <p class='ocr_par' dir='ltr' id='par_1_105' title="bbox 362 5784 1944 5856">
     <span class='ocr_line' id='line_1_105' title="bbox 362 5784 1944 5856; baseline 0 -13"><span class='ocrx_word' id='word_1_740' title='bbox 362 5791 417 5845; x_wconf 91' lang='lat' dir='ltr'><strong>in</strong></span> <span class='ocrx_word' id='word_1_741' title='bbox 456 5784 861 5856; x_wconf 79' lang='lat' dir='ltr'><strong>putidissimam</strong></span> <span class='ocrx_word' id='word_1_742' title='bbox 910 5785 1163 5841; x_wconf 64' lang='lat' dir='ltr'><strong>haeresim</strong></span> <span class='ocrx_word' id='word_1_743' title='bbox 1208 5786 1442 5854; x_wconf 83' lang='lat' dir='ltr'><strong>abierit;</strong></span> <span class='ocrx_word' id='word_1_744' title='bbox 1510 5787 1944 5843; x_wconf 82' lang='lat' dir='ltr'><strong>existimantium</strong></span> 
     </span>
    </p>
   </div>
   <div class='ocr_carea' id='block_1_106' title="bbox 639 5878 1232 5943">
    <p class='ocr_par' dir='ltr' id='par_1_106' title="bbox 639 5878 1232 5943">
     <span class='ocr_line' id='line_1_106' title="bbox 639 5878 1232 5943; baseline 0.007 -5"><span class='ocrx_word' id='word_1_745' title='bbox 639 5878 912 5940; x_wconf 76' lang='lat' dir='ltr'><strong>PATROL.</strong></span> <span class='ocrx_word' id='word_1_746' title='bbox 958 5879 1072 5941; x_wconf 82' lang='lat' dir='ltr'><strong>Gn.</strong></span> <span class='ocrx_word' id='word_1_747' title='bbox 1113 5879 1232 5943; x_wconf 87' lang='lat' dir='ltr'><strong>XC.</strong></span> 
     </span>
    </p>
   </div>
   <div class='ocr_carea' id='block_1_107' title="bbox 1606 5081 2023 5150">
    <p class='ocr_par' dir='ltr' id='par_1_107' title="bbox 1606 5081 2023 5150">
     <span class='ocr_line' id='line_1_107' title="bbox 1606 5081 2023 5150; baseline 0.005 -13"><span class='ocrx_word' id='word_1_748' title='bbox 1606 5081 1649 5113; x_wconf 69' lang='lat'><strong>°‘</strong></span> <span class='ocrx_word' id='word_1_749' title='bbox 1675 5082 1867 5137; x_wconf 84' lang='lat' dir='ltr'><strong>Matth.</strong></span> <span class='ocrx_word' id='word_1_750' title='bbox 1896 5101 2023 5150; x_wconf 79' lang='lat' dir='ltr'><strong>xvu,</strong></span> 
     </span>
    </p>
   </div>
   <div class='ocr_carea' id='block_1_108' title="bbox 2044 4561 3632 4634">
    <p class='ocr_par' dir='ltr' id='par_1_108' title="bbox 2044 4561 3632 4634">
     <span class='ocr_line' id='line_1_108' title="bbox 2044 4561 3632 4634; baseline -0.001 -17"><span class='ocrx_word' id='word_1_751' title='bbox 2044 4563 2304 4617; x_wconf 89' lang='lat' dir='ltr'><strong>omnibus</strong></span> <span class='ocrx_word' id='word_1_752' title='bbox 2358 4577 2485 4618; x_wconf 91' lang='lat' dir='ltr'><strong>cum</strong></span> <span class='ocrx_word' id='word_1_753' title='bbox 2548 4562 2805 4617; x_wconf 86' lang='lat' dir='ltr'><strong>claritate</strong></span> <span class='ocrx_word' id='word_1_754' title='bbox 2859 4569 3120 4634; x_wconf 88' lang='lat' dir='ltr'><strong>apparet,</strong></span> <span class='ocrx_word' id='word_1_755' title='bbox 3168 4563 3263 4632; x_wconf 88' lang='lat' dir='ltr'><strong>qui</strong></span> <span class='ocrx_word' id='word_1_756' title='bbox 3308 4570 3456 4616; x_wconf 88' lang='lat' dir='ltr'><strong>stant</strong></span> <span class='ocrx_word' id='word_1_757' title='bbox 3486 4561 3632 4631; x_wconf 88' lang='lat' dir='ltr'><strong>apud</strong></span> 
     </span>
    </p>
   </div>
   <div class='ocr_carea' id='block_1_109' title="bbox 2045 4652 3634 4726">
    <p class='ocr_par' dir='ltr' id='par_1_109' title="bbox 2045 4652 3634 4726">
     <span class='ocr_line' id='line_1_109' title="bbox 2045 4652 3634 4726; baseline -0.001 -16"><span class='ocrx_word' id='word_1_758' title='bbox 2045 4655 2257 4726; x_wconf 91' lang='lat' dir='ltr'><strong>ipsum;</strong></span> <span class='ocrx_word' id='word_1_759' title='bbox 2300 4654 2397 4710; x_wconf 90' lang='lat' dir='ltr'><strong>sed</strong></span> <span class='ocrx_word' id='word_1_760' title='bbox 2429 4654 2498 4710; x_wconf 91' lang='lat' dir='ltr'><strong>iis</strong></span> <span class='ocrx_word' id='word_1_761' title='bbox 2526 4653 2751 4725; x_wconf 91' lang='lat' dir='ltr'><strong>quidem</strong></span> <span class='ocrx_word' id='word_1_762' title='bbox 2783 4654 2877 4723; x_wconf 89' lang='lat' dir='ltr'><strong>qui</strong></span> <span class='ocrx_word' id='word_1_763' title='bbox 2932 4653 3276 4708; x_wconf 88' lang='lat' dir='ltr'><strong>inducuntur</strong></span> <span class='ocrx_word' id='word_1_764' title='bbox 3325 4668 3390 4707; x_wconf 90' lang='lat' dir='ltr'><strong>ac</strong></span> <span class='ocrx_word' id='word_1_765' title='bbox 3420 4652 3634 4708; x_wconf 89' lang='lat' dir='ltr'><strong>tirones</strong></span> 
     </span>
    </p>
   </div>
   <div class='ocr_carea' id='block_1_110' title="bbox 2045 4746 3627 4815">
    <p class='ocr_par' dir='ltr' id='par_1_110' title="bbox 2045 4746 3627 4815">
     <span class='ocr_line' id='line_1_110' title="bbox 2045 4746 3627 4815; baseline -0.003 -12"><span class='ocrx_word' id='word_1_766' title='bbox 2045 4756 2202 4813; x_wconf 90' lang='lat' dir='ltr'><strong>sunt,</strong></span> <span class='ocrx_word' id='word_1_767' title='bbox 2254 4747 2481 4803; x_wconf 88' lang='lat' dir='ltr'><strong>advenit</strong></span> <span class='ocrx_word' id='word_1_768' title='bbox 2530 4747 2585 4801; x_wconf 89' lang='lat' dir='ltr'><strong>in</strong></span> <span class='ocrx_word' id='word_1_769' title='bbox 2608 4746 2784 4801; x_wconf 89' lang='lat' dir='ltr'><strong>forma</strong></span> <span class='ocrx_word' id='word_1_770' title='bbox 2838 4747 2983 4801; x_wconf 79' lang='lat' dir='ltr'><strong>servi</strong></span> <span class='ocrx_word' id='word_1_771' title='bbox 3020 4747 3128 4801; x_wconf 90' lang='lat' dir='ltr'><strong>:iis</strong></span> <span class='ocrx_word' id='word_1_772' title='bbox 3145 4755 3326 4801; x_wconf 87' lang='lat' dir='ltr'><strong>autem</strong></span> <span class='ocrx_word' id='word_1_773' title='bbox 3367 4746 3462 4815; x_wconf 90' lang='lat' dir='ltr'><strong>qui</strong></span> <span class='ocrx_word' id='word_1_774' title='bbox 3501 4761 3627 4799; x_wconf 92' lang='lat' dir='ltr'><strong>eum</strong></span> 
     </span>
    </p>
   </div>
   <div class='ocr_carea' id='block_1_111' title="bbox 2044 4837 3631 4909">
    <p class='ocr_par' dir='ltr' id='par_1_111' title="bbox 2044 4837 3631 4909">
     <span class='ocr_line' id='line_1_111' title="bbox 2044 4837 3631 4909; baseline 0.001 -16"><span class='ocrx_word' id='word_1_775' title='bbox 2044 4837 2199 4909; x_wconf 90' lang='lat' dir='ltr'><strong>sequi</strong></span> <span class='ocrx_word' id='word_1_776' title='bbox 2225 4838 2410 4893; x_wconf 89' lang='lat' dir='ltr'><strong>valent</strong></span> <span class='ocrx_word' id='word_1_777' title='bbox 2431 4837 2818 4893; x_wconf 90' lang='lat' dir='ltr'><strong>ascendentem</strong></span> <span class='ocrx_word' id='word_1_778' title='bbox 2860 4837 2913 4891; x_wconf 91' lang='lat' dir='ltr'><strong>in</strong></span> <span class='ocrx_word' id='word_1_779' title='bbox 2946 4846 3186 4892; x_wconf 92' lang='lat' dir='ltr'><strong>montem</strong></span> <span class='ocrx_word' id='word_1_780' title='bbox 3220 4838 3497 4893; x_wconf 82' lang='lat' dir='ltr'><strong>excelsum</strong></span> <span class='ocrx_word' id='word_1_781' title='bbox 3518 4854 3631 4894; x_wconf 65' lang='lat' dir='ltr'><strong>sua:</strong></span> 
     </span>
    </p>
   </div>
   <div class='ocr_carea' id='block_1_112' title="bbox 2044 4912 3723 5000">
    <p class='ocr_par' dir='ltr' id='par_1_112' title="bbox 2044 4912 3723 5000">
     <span class='ocr_line' id='line_1_112' title="bbox 2044 4912 3723 5000; baseline -0.001 -18"><span class='ocrx_word' id='word_1_782' title='bbox 2044 4927 2633 5000; x_wconf 84' lang='lat' dir='ltr'><strong>transﬁgurationis,in</strong></span> <span class='ocrx_word' id='word_1_783' title='bbox 2660 4926 2755 4981; x_wconf 85' lang='lat' dir='ltr'><strong>Dei</strong></span> <span class='ocrx_word' id='word_1_784' title='bbox 2784 4926 2955 4981; x_wconf 86' lang='lat' dir='ltr'><strong>forma</strong></span> <span class='ocrx_word' id='word_1_785' title='bbox 2986 4935 3234 4997; x_wconf 87' lang='lat' dir='ltr'><strong>apparet,</strong></span> <span class='ocrx_word' id='word_1_786' title='bbox 3268 4926 3324 4981; x_wconf 91' lang='lat' dir='ltr'><strong>in</strong></span> <span class='ocrx_word' id='word_1_787' title='bbox 3356 4943 3460 4996; x_wconf 88' lang='lat' dir='ltr'><strong>qua</strong></span> <span class='ocrx_word' id='word_1_788' title='bbox 3490 4936 3629 4996; x_wconf 89' lang='lat' dir='ltr'><strong>crat,</strong></span> <span class='ocrx_word' id='word_1_789' title='bbox 3696 4912 3723 4935; x_wconf 74' lang='grc'><strong>”</strong></span> 
     </span>
    </p>
   </div>
   <div class='ocr_carea' id='block_1_113' title="bbox 2057 5083 3629 5150">
    <p class='ocr_par' dir='ltr' id='par_1_113' title="bbox 2057 5083 3629 5150">
     <span class='ocr_line' id='line_1_113' title="bbox 2057 5083 3629 5150; baseline -0.001 -12"><span class='ocrx_word' id='word_1_790' title='bbox 2057 5085 2143 5139; x_wconf 79' lang='grc'><strong>19.</strong></span> <span class='ocrx_word' id='word_1_791' title='bbox 2211 5085 2293 5139; x_wconf 76' lang='grc'><strong>⁵⁸1</strong></span> <span class='ocrx_word' id='word_1_792' title='bbox 2322 5084 2448 5140; x_wconf 90' lang='lat' dir='ltr'><strong>Cor.</strong></span> <span class='ocrx_word' id='word_1_793' title='bbox 2490 5084 2676 5150; x_wconf 69' lang='lat'><strong>&quot;1,12.</strong></span> <span class='ocrx_word' id='word_1_794' title='bbox 2726 5086 2770 5118; x_wconf 71' lang='grc'>⁶⁶</span> <span class='ocrx_word' id='word_1_795' title='bbox 2806 5084 2977 5139; x_wconf 77' lang='lat' dir='ltr'><strong>Exod.</strong></span> <span class='ocrx_word' id='word_1_796' title='bbox 3016 5101 3178 5139; x_wconf 62' lang='grc' dir='ltr'>χχχιιι</span> <span class='ocrx_word' id='word_1_797' title='bbox 3232 5084 3291 5136; x_wconf 70' lang='grc' dir='ltr'><strong>Ξ.</strong></span> <span class='ocrx_word' id='word_1_798' title='bbox 3392 5084 3433 5113; x_wconf 79' lang='grc'><strong>⁸⁷</strong></span> <span class='ocrx_word' id='word_1_799' title='bbox 3464 5083 3629 5138; x_wconf 80' lang='lat' dir='ltr'><strong>Marc.</strong></span> 
     </span>
    </p>
   </div>
   <div class='ocr_carea' id='block_1_114' title="bbox 2043 5294 3632 5366">
    <p class='ocr_par' dir='ltr' id='par_1_114' title="bbox 2043 5294 3632 5366">
     <span class='ocr_line' id='line_1_114' title="bbox 2043 5294 3632 5366; baseline -0.001 -17"><span class='ocrx_word' id='word_1_800' title='bbox 2043 5295 2140 5349; x_wconf 89' lang='lat' dir='ltr'><strong>Dei</strong></span> <span class='ocrx_word' id='word_1_801' title='bbox 2167 5294 2311 5366; x_wconf 62' lang='lat' dir='ltr'><strong>illan‘</strong></span> <span class='ocrx_word' id='word_1_802' title='bbox 2344 5294 2673 5362; x_wconf 86' lang='lat' dir='ltr'><strong>claritatem,</strong></span> <span class='ocrx_word' id='word_1_803' title='bbox 2704 5295 2799 5366; x_wconf 76' lang='grc' dir='ltr'><strong>τὴν</strong></span> <span class='ocrx_word' id='word_1_804' title='bbox 2828 5296 3006 5362; x_wconf 72' lang='grc' dir='ltr'>δόξαν,</span> <span class='ocrx_word' id='word_1_805' title='bbox 3028 5294 3232 5364; x_wconf 88' lang='lat' dir='ltr'><strong>aliquid</strong></span> <span class='ocrx_word' id='word_1_806' title='bbox 3257 5294 3367 5348; x_wconf 91' lang='lat' dir='ltr'><strong>Deo</strong></span> <span class='ocrx_word' id='word_1_807' title='bbox 3392 5309 3632 5366; x_wconf 63' lang='lat' dir='ltr'><strong>cotevum</strong></span> 
     </span>
    </p>
   </div>
   <div class='ocr_carea' id='block_1_115' title="bbox 2049 5365 3632 5435">
    <p class='ocr_par' dir='ltr' id='par_1_115' title="bbox 2049 5365 3632 5435">
     <span class='ocr_line' id='line_1_115' title="bbox 2049 5365 3632 5435; baseline 0 -16"><span class='ocrx_word' id='word_1_808' title='bbox 2049 5380 2193 5424; x_wconf 85' lang='lat' dir='ltr'><strong>esse.</strong></span> <span class='ocrx_word' id='word_1_809' title='bbox 2223 5365 2411 5435; x_wconf 85' lang='lat' dir='ltr'><strong>il’.que</strong></span> <span class='ocrx_word' id='word_1_810' title='bbox 2454 5374 2651 5421; x_wconf 89' lang='lat' dir='ltr'><strong>natura</strong></span> <span class='ocrx_word' id='word_1_811' title='bbox 2683 5365 3074 5435; x_wconf 84' lang='lat' dir='ltr'><strong>conjunctum;</strong></span> <span class='ocrx_word' id='word_1_812' title='bbox 3113 5382 3216 5421; x_wconf 91' lang='lat' dir='ltr'><strong>nec</strong></span> <span class='ocrx_word' id='word_1_813' title='bbox 3251 5375 3433 5420; x_wconf 90' lang='lat' dir='ltr'><strong>tamen</strong></span> <span class='ocrx_word' id='word_1_814' title='bbox 3462 5365 3632 5435; x_wconf 88' lang='lat' dir='ltr'><strong>ipsam</strong></span> 
     </span>
    </p>
   </div>
   <div class='ocr_carea' id='block_1_116' title="bbox 2052 5385 3632 5508">
    <p class='ocr_par' dir='ltr' id='par_1_116' title="bbox 2052 5385 3632 5508">
     <span class='ocr_line' id='line_1_116' title="bbox 2052 5385 3632 5435; baseline 0 -16"><span class='ocrx_word' id='word_1_815' title='bbox 2052 5385 2193 5424; x_wconf 85' lang='lat' dir='ltr'><strong>esse.</strong></span> <span class='ocrx_word' id='word_1_816' title='bbox 2223 5385 2261 5418; x_wconf 91' lang='grc' dir='ltr'><strong>ιι</strong></span> <span class='ocrx_word' id='word_1_817' title='bbox 2287 5385 2411 5435; x_wconf 88' lang='lat' dir='ltr'><strong>.que</strong></span> <span class='ocrx_word' id='word_1_818' title='bbox 2454 5385 2651 5421; x_wconf 79' lang='lat' dir='ltr'><strong>natura</strong></span> <span class='ocrx_word' id='word_1_819' title='bbox 2683 5385 2783 5421; x_wconf 91' lang='lat' dir='ltr'><strong>con</strong></span> <span class='ocrx_word' id='word_1_820' title='bbox 2811 5385 3074 5429; x_wconf 83' lang='lat' dir='ltr'><strong>llllClllm;</strong></span> <span class='ocrx_word' id='word_1_821' title='bbox 3113 5385 3216 5421; x_wconf 89' lang='lat' dir='ltr'><strong>nec</strong></span> <span class='ocrx_word' id='word_1_822' title='bbox 3251 5385 3433 5420; x_wconf 79' lang='lat' dir='ltr'><strong>tamen</strong></span> <span class='ocrx_word' id='word_1_823' title='bbox 3463 5385 3632 5435; x_wconf 78' lang='lat' dir='ltr'><strong>Ipsam</strong></span> 
     </span>
     <span class='ocr_line' id='line_1_117' title="bbox 2052 5385 3632 5508; baseline -0.001 -19"><span class='ocrx_word' id='word_1_824' title='bbox 2052 5435 2147 5489; x_wconf 90' lang='lat' dir='ltr'><strong>Dei</strong></span> <span class='ocrx_word' id='word_1_825' title='bbox 2185 5437 2481 5508; x_wconf 52' lang='lat' dir='ltr'><strong>essentiam</strong></span> <span class='ocrx_word' id='word_1_826' title='bbox 2518 5452 2660 5503; x_wconf 87' lang='lat' dir='ltr'><strong>csse,</strong></span> <span class='ocrx_word' id='word_1_827' title='bbox 2704 5385 2803 5492; x_wconf 48' lang='lat' dir='ltr'><strong>sed</strong></span> <span class='ocrx_word' id='word_1_828' title='bbox 2825 5438 2982 5508; x_wconf 89' lang='lat' dir='ltr'><strong>quasi</strong></span> <span class='ocrx_word' id='word_1_829' title='bbox 3024 5438 3173 5491; x_wconf 91' lang='lat' dir='ltr'><strong>illius</strong></span> <span class='ocrx_word' id='word_1_830' title='bbox 3217 5437 3481 5508; x_wconf 82' lang='lat' dir='ltr'><strong>virtut_en_1</strong></span> <span class='ocrx_word' id='word_1_831' title='bbox 3534 5450 3632 5508; x_wconf 77' lang='lat' dir='ltr'><strong>seu</strong></span> 
     </span>
    </p>
   </div>
   <div class='ocr_carea' id='block_1_117' title="bbox 2052 5505 3633 5577">
    <p class='ocr_par' dir='ltr' id='par_1_117' title="bbox 2052 5505 3633 5577">
     <span class='ocr_line' id='line_1_118' title="bbox 2052 5505 3633 5577; baseline -0.002 -17"><span class='ocrx_word' id='word_1_832' title='bbox 2052 5506 2390 5577; x_wconf 77' lang='lat' dir='ltr'><strong>potrntiam;</strong></span> <span class='ocrx_word' id='word_1_833' title='bbox 2426 5508 2573 5577; x_wconf 90' lang='lat' dir='ltr'><strong>quod</strong></span> <span class='ocrx_word' id='word_1_834' title='bbox 2606 5516 2756 5563; x_wconf 92' lang='lat' dir='ltr'><strong>certe</strong></span> <span class='ocrx_word' id='word_1_835' title='bbox 2788 5505 3056 5577; x_wconf 83' lang='lat' dir='ltr'><strong>repugnat</strong></span> <span class='ocrx_word' id='word_1_836' title='bbox 3089 5508 3339 5562; x_wconf 71' lang='lat' dir='ltr'><strong>maximze</strong></span> <span class='ocrx_word' id='word_1_837' title='bbox 3381 5505 3473 5577; x_wconf 88' lang='lat' dir='ltr'><strong>Dei</strong></span> <span class='ocrx_word' id='word_1_838' title='bbox 3506 5505 3633 5577; x_wconf 49' lang='lat' dir='ltr'><strong>sim;</strong></span> 
     </span>
    </p>
   </div>
   <div class='ocr_carea' id='block_1_118' title="bbox 2052 5575 3631 5647">
    <p class='ocr_par' dir='ltr' id='par_1_118' title="bbox 2052 5575 3631 5647">
     <span class='ocr_line' id='line_1_119' title="bbox 2052 5575 3631 5647; baseline 0.001 -18"><span class='ocrx_word' id='word_1_839' title='bbox 2052 5576 2308 5645; x_wconf 69' lang='lat' dir='ltr'><strong>plisitati,</strong></span> <span class='ocrx_word' id='word_1_840' title='bbox 2341 5575 2505 5647; x_wconf 78' lang='lat' dir='ltr'><strong>quam</strong></span> <span class='ocrx_word' id='word_1_841' title='bbox 2542 5577 2657 5647; x_wconf 91' lang='lat' dir='ltr'><strong>ipse</strong></span> <span class='ocrx_word' id='word_1_842' title='bbox 2691 5575 2957 5633; x_wconf 77' lang='lat' dir='ltr'><strong>Maximus</strong></span> <span class='ocrx_word' id='word_1_843' title='bbox 3006 5579 3169 5647; x_wconf 90' lang='lat' dir='ltr'><strong>paulo</strong></span> <span class='ocrx_word' id='word_1_844' title='bbox 3216 5575 3472 5647; x_wconf 88' lang='lat' dir='ltr'><strong>superius</strong></span> <span class='ocrx_word' id='word_1_845' title='bbox 3520 5590 3570 5647; x_wconf 70' lang='grc' dir='ltr'>ο.</span> <span class='ocrx_word' id='word_1_846' title='bbox 3600 5575 3631 5630; x_wconf 71' lang='lat'><strong>9</strong></span> 
     </span>
    </p>
   </div>
   <div class='ocr_carea' id='block_1_119' title="bbox 2052 5645 3635 5718">
    <p class='ocr_par' dir='ltr' id='par_1_119' title="bbox 2052 5645 3635 5718">
     <span class='ocr_line' id='line_1_120' title="bbox 2052 5645 3635 5718; baseline -0.001 -17"><span class='ocrx_word' id='word_1_847' title='bbox 2052 5655 2106 5701; x_wconf 88' lang='lat' dir='ltr'><strong>et</strong></span> <span class='ocrx_word' id='word_1_848' title='bbox 2164 5647 2218 5713; x_wconf 81' lang='grc'>5,</span> <span class='ocrx_word' id='word_1_849' title='bbox 2270 5645 2376 5718; x_wconf 83' lang='lat' dir='ltr'><strong>rite</strong></span> <span class='ocrx_word' id='word_1_850' title='bbox 2423 5645 2753 5718; x_wconf 80' lang='lat' dir='ltr'><strong>prosecutus</strong></span> <span class='ocrx_word' id='word_1_851' title='bbox 2799 5658 2906 5711; x_wconf 91' lang='lat' dir='ltr'><strong>est,</strong></span> <span class='ocrx_word' id='word_1_852' title='bbox 2949 5645 3167 5703; x_wconf 82' lang='lat' dir='ltr'><strong>omnem</strong></span> <span class='ocrx_word' id='word_1_853' title='bbox 3198 5645 3423 5703; x_wconf 81' lang='lat' dir='ltr'><strong>omnino</strong></span> <span class='ocrx_word' id='word_1_854' title='bbox 3452 5661 3483 5718; x_wconf 83' lang='lat' dir='ltr'><strong>a</strong></span> <span class='ocrx_word' id='word_1_855' title='bbox 3522 5645 3635 5701; x_wconf 90' lang='lat' dir='ltr'><strong>Deo</strong></span> 
     </span>
    </p>
   </div>
   <div class='ocr_carea' id='block_1_120' title="bbox 2053 5715 3637 5800">
    <p class='ocr_par' dir='ltr' id='par_1_120' title="bbox 2053 5715 3637 5800">
     <span class='ocr_line' id='line_1_121' title="bbox 2053 5715 3637 5800; baseline 0.001 -29"><span class='ocrx_word' id='word_1_856' title='bbox 2053 5715 2509 5800; x_wconf 45' lang='lat' dir='ltr'><strong>cympositionem</strong></span> <span class='ocrx_word' id='word_1_857' title='bbox 2544 5720 2863 5800; x_wconf 46' lang='lat' dir='ltr'><strong>escludens.</strong></span> <span class='ocrx_word' id='word_1_858' title='bbox 2887 5719 3043 5800; x_wconf 79' lang='lat' dir='ltr'><strong>Quod</strong></span> <span class='ocrx_word' id='word_1_859' title='bbox 3074 5727 3257 5773; x_wconf 87' lang='lat' dir='ltr'><strong>autem</strong></span> <span class='ocrx_word' id='word_1_860' title='bbox 3272 5718 3403 5800; x_wconf 59' lang='lat' dir='ltr'><strong>ipsa</strong></span> <span class='ocrx_word' id='word_1_861' title='bbox 3430 5715 3637 5800; x_wconf 36' lang='grc' dir='ltr'>λιιι.οι</span> 
     </span>
    </p>
   </div>
   <div class='ocr_carea' id='block_1_121' title="bbox 2055 5785 3632 5863">
    <p class='ocr_par' dir='ltr' id='par_1_121' title="bbox 2055 5785 3632 5863">
     <span class='ocr_line' id='line_1_122' title="bbox 2055 5785 3632 5863; baseline -0.001 -19"><span class='ocrx_word' id='word_1_862' title='bbox 2055 5785 2300 5857; x_wconf 65' lang='lat' dir='ltr'><strong>claritas,</strong></span> <span class='ocrx_word' id='word_1_863' title='bbox 2329 5790 2707 5862; x_wconf 88' lang='lat' dir='ltr'><strong>corporalibus</strong></span> <span class='ocrx_word' id='word_1_864' title='bbox 2754 5791 3128 5863; x_wconf 87' lang='lat' dir='ltr'><strong>apostolorum</strong></span> <span class='ocrx_word' id='word_1_865' title='bbox 3163 5785 3341 5843; x_wconf 82' lang='lat' dir='ltr'><strong>oculis</strong></span> <span class='ocrx_word' id='word_1_866' title='bbox 3394 5785 3632 5858; x_wconf 78' lang='lat' dir='ltr'><strong>objecta,</strong></span> 
     </span>
    </p>
   </div>
   <div class='ocr_carea' id='block_1_122' title="bbox 3171 5882 3250 5944">
    <p class='ocr_par' dir='ltr' id='par_1_122' title="bbox 3171 5882 3250 5944">
     <span class='ocr_line' id='line_1_123' title="bbox 3171 5882 3250 5944; baseline 0.013 -1"><span class='ocrx_word' id='word_1_867' title='bbox 3171 5882 3250 5944; x_wconf 86' lang='lat'><em>36</em></span> 
     </span>
    </p>
   </div>
  </div>
