4076 6430
529 313 660 379 1131

1695 314 1753 372 S.
1795 312 2081 373 ΜΑΧΙΜΙ
2119 310 2632 373 CONFESSORIS

3645 324 3781 390 113?.

528 437 826 496 antequam
874 422 1115 478 mundus
1166 431 1333 479 esset.
1373 422 1521 478 Fieri
1574 422 1742 493 igitur
1804 431 2006 493 potest,
2052 434 2097 475 ut

2221 419 2328 489 πρὸ
2342 418 2436 473 τοῦ
2475 420 2567 475 τὸν
2588 422 2793 493 κόσμον
2819 418 2976 478 εἶναι.
3003 425 3237 481 Δυνατδν
3254 423 3347 482 οὖν
3370 431 3509 497 ἐστι,
3531 430 3607 502 μὴ
3639 438 3781 490 κατὰ

530 518 675 572 idem
722 517 838 586 ipse
876 514 1144 569 Dominus
1167 530 1278 570 non
1301 514 1495 570 eadem
1524 513 1737 568 ratione
1774 513 1991 568 cunctis
2014 527 2097 582 api

2215 507 2277 561 τὸ
2302 506 2435 561 αὐτὸ
2462 510 2553 562 τὸν
2579 508 2741 564 αὑτὸν
2767 514 2901 566 πᾶσι
2937 516 3048 578 τοῖς
3073 517 3202 586 παρ’
3245 517 3392 591 αὐτῷ
3422 522 3782 591 τυγχάνουσιν

525 616 754 681 pareat,
793 609 888 679 qui
925 616 1075 665 stant
1115 607 1261 678 apud
1309 607 1520 677 ipsum;
1570 604 1668 661 sed
1706 604 1818 660 alio
1870 604 2109 673 alioque,

525 701 649 756 aliis
680 707 846 770 atque
891 699 1018 754 aliis
1047 699 1233 764 modo,
1272 714 1374 769 pro
1421 698 1690 769 cujusque
1735 695 1947 751 scilicet
1982 693 2112 749 lidei

525 791 754 848 modulo
791 789 1065 853 visionem
1095 790 1337 846 varians.
1404 841 1419 857 ,

597 886 686 940 ﬂ.
720 884 827 941 Ubi
858 884 914 939 in
943 883 1105 939 nobis
1139 882 1235 937 Dei
1261 896 1445 937 sermo
1478 880 1801 952 splendidus
1818 881 2109 952 clarusque

525 977 820 1041 exstiterit,
849 977 1080 1047 ejusque
1102 973 1271 1030 facies
1301 974 1434 1028 solis
1467 973 1643 1029 instar
1669 973 1959 1037 effulserit,
1977 982 2109 1027 tunc

525 1083 751 1141 quoque
783 1067 903 1138 ejus
926 1065 1255 1121 vestimenta
1296 1073 1565 1133 apparent
1611 1062 1846 1117 candida
1881 1079 1895 1115 :
1939 1077 2108 1117 sacra:

527 1159 793 1215 nimirum
821 1158 1249 1229 Evangeliorum
1280 1154 1581 1226 Scriptura:
1625 1153 1810 1208 lucida
1847 1152 2017 1207 verba
2050 1161 2108 1207 et

527 1247 842 1320 perspicua,
875 1246 1126 1315 nihilque
1153 1244 1431 1300 occultum
1460 1241 1875 1310 abstrusiusque
1899 1239 2108 1295 haben-

530 1342 625 1396 tia.
660 1339 768 1395 Sed
809 1347 866 1393 et
902 1338 1115 1409 Moyses
1156 1337 1413 1405 Eliasque
1451 1333 1925 1407 unaadveniunt,
1966 1331 2105 1401 legis

528 1431 746 1488 scilicet
765 1439 823 1486 et
859 1428 1260 1500 prephetarum
1284 1425 1651 1497 spiritaliores
1689 1438 1975 1482 sermones
2003 1438 2101 1477 seu

525 1525 785 1580 rationes.

593 1617 680 1672 15.
718 1613 1192 1684 Quemadmodum
1217 1618 1488 1668 venturus
1514 1619 1599 1665 cst
1638 1609 1810 1664 Filius
1837 1608 2098 1674 hominis,

520 1710 665 1765 sicut
693 1708 963 1779 scriptum
989 1715 1076 1763 est
1095 1706 1162 1770 “,
1191 1720 1316 1761 cum
1337 1702 1549 1776 angelis
1582 1702 1701 1758 suis
1727 1701 1782 1755 in
1807 1702 1979 1772 gloria
2000 1701 2102 1756 Pa-

2213 598 2599 668 ἐπιφαίνεσθαι
2631 601 2834 674 Κύριον
2854 619 2867 634 ’
2900 602 3035 659 ἀλλὰ
3062 608 3175 671 τοῖς
3207 608 3308 679 μὲν
3353 610 3546 677 οὕτως,
3580 617 3693 679 τοῖς
3723 616 3779 669 δὲ

2213 691 2438 763 ἑτέρως,
2466 694 2608 749 κατὰ
2646 696 2708 749 τδ
2739 696 2937 769 μέτρον
2963 703 3062 771 τῆς
3085 703 3143 756 ἐν
3170 702 3387 774 ἑκάστῳ
3420 705 3656 771 πίστεως
3684 707 3780 779 δῃ-

2214 781 2386 837 λονότι
2417 786 2706 841 ποικίλλων
2731 787 2831 859 τὴν
2863 788 3115 862 Θεωρίαν.

2285 873 2370 929 ιδ’.
2413 875 2581 929 Ὅταν
2615 878 2922 951 περιφανὴς
2962 883 3058 936 καὶ
3089 881 3344 956 λαμῖπρδς
3379 886 3437 938 ἐν
3474 887 3607 957 ἡμῖν
3631 889 3659 941 6
3682 887 3778 941 τοῦ

2209 964 2347 1018 Θεοῦ
2370 964 2601 1037 γένηται
2632 967 2807 1038 λόγος,
2856 972 2953 1024 καὶ
2973 974 3035 1026 τὸ
3056 975 3350 1045 πρόσωπον
3383 976 3549 1030 αὐτοῦ
3576 977 3780 1049 λάμψαι

2207 1055 2464 1129 καθάπερ
2497 1059 2670 1129 ἥλιος,
2707 1061 2831 1115 τότε
2867 1064 3055 1118 καὶτὰ
3092 1066 3284 1137 ίμάτια
3327 1069 3495 1123 αὑτοῦ
3525 1073 3779 1140 φαίνεται

2206 1146 2405 1203 λευκά*
2436 1150 2709 1216 τουτέστι,
2744 1153 2813 1207 τὰ
2846 1156 3069 1226 ῥήματα
3098 1158 3197 1228 τῆς
3254 1161 3415 1227 ἁγίας
3462 1161 3572 1215 τῶν
3605 1164 3779 1232 Εὐαγ-

2205 1242 2407 1309 γελίων
2438 1244 2662 1315 Γραφῆς
2689 1285 2705 1308 ,
2742 1246 2912 1316 τρανὰ
2940 1248 3035 1302 καὶ
3073 1249 3239 1319 σαφῆ,
3266 1250 3359 1302 καὶ
3390 1251 3557 1321 μηδὲν
3586 1252 3779 1325 ἔχοντα

2203 1334 2641 1406 κεκαλυμμένον.
2660 1336 2821 1390 Ἀλλά
2844 1338 2937 1391 καὶ
2952 1340 3192 1409 Μωῦσῆς
3213 1341 3307 1395 καὶ
3321 1340 3335 1362 ’
3351 1342 3519 1407 lilia;
3546 1346 3662 1413 μετ’
3677 1346 3777 1399 αὖ·

2201 1420 2297 1474 τοῦ
2327 1423 2722 1493 παραγίνονται
2741 1442 2755 1458 ·
2788 1426 3083 1494 τουτέστιν,
3113 1430 3164 1481 oi
3191 1428 3286 1482 τοῦ
3326 1430 3491 1502 νόμου
3530 1435 3622 1489 καὶ
3667 1435 3777 1490 τῶν

2203 1515 2497 1586 προφητῶν
2523 1517 3032 1590 πνευματικώτεροι
3061 1520 3228 1590 λόγοι.

2275 1609 2356 1658 ιε’.
2403 1604 2615 1677 Ὠσπερ
2650 1606 2872 1678 ἔρχεται
2897 1610 2927 1661 6
2956 1610 3080 1674 Υἰδς
3109 1611 3203 1665 τοῦ
3230 1612 3541 1686 ἀνθρώπου,
3575 1617 3651 1681 ὡς
3681 1619 3775 1687 γέ-

2203 1711 2471 1766 γραπται,
2503 1696 2643 1766 μετὰ
2683 1698 2793 1752 τῶν
2823 1701 3072 1768 ἀγγέλων
3121 1702 3286 1757 αὐτοῦ
3327 1707 3386 1759 ἐν
3427 1709 3493 1777 τῇ
3518 1707 3644 1779 δόξῃ
3677 1707 3772 1763 τοῦ

521 1801 621 1857 tris
644 1818 659 1854 :
687 1800 771 1857 sic
800 1765 897 1854 Dei
923 1813 1107 1855 sermo
1151 1796 1384 1868 singulis
1399 1765 1713 1866 quibusque
1728 1765 1950 1849 virtutis
1967 1807 2097 1863 pro-

2201 1765 2434 1858 Πατρδς,
2463 1765 2635 1853 οὕτως
2654 1790 2775 1845 καθ’
2802 1765 3038 1866 ἐκάστην
3062 1796 3348 1867 προκοπὴν
3379 1765 3774 1870 ἀρεῆςτμετα-

519 1889 775 1955 l'ectibus,
815 1887 902 1942 his
941 1886 1035 1956 qui
1063 1885 1216 1957 digni
1256 1884 1369 1940 sint
1401 1882 1846 1947 transformatur,
1868 1882 2097 1937 veniens

2202 1878 2509 1951 μορφοῦται
2549 1882 2665 1944 τοῖς
2707 1880 2880 1947 ἀξίοις
2906 1885 2935 1937 ὁ
2963 1883 3060 1937 τοῦ
3087 1884 3223 1939 Θεοῦ
3261 1886 3440 1956 λόγος,
3476 1890 3774 1962 ἐρχόμενος

515 1992 643 2038 cum
669 1979 880 2051 angelis
900 1978 1016 2034 suis
1039 1978 1095 2032 in
1118 1976 1295 2049 gloria
1320 1974 1518 2031 Patris.
1549 1972 1926 2043 Spiritaliores
1947 1972 2096 2027 enim

2201 1969 2339 2040 μετὰ
2372 1970 2480 2024 τῶν
2521 1972 2771 2042 ἀγγέλων
2814 1974 2981 2028 αὐτοῦ
3032 1976 3093 2030 ἐν
3132 1980 3196 2049 τῇ
3232 1977 3358 2051 δόξῃ
3405 1979 3500 2033 τοῦ
3536 1982 3769 2054 Πατρός.

515 2075 573 2127 in
594 2071 713 2142 lege
738 2078 797 2126 et
821 2068 1107 2140 prophetis
1137 2066 1467 2122 exsistentes
1494 2079 1778 2120 sermones
1816 2079 1882 2119 ac
1924 2062 2097 2119 ratio-

2201 2066 2263 2117 υί
2297 2067 2406 2137 γὰρ
2447 2067 2506 2123 ἐν
2557 2068 2709 2140 νόμῳ
2754 2069 2850 2124 καὶ
2898 2072 3206 2142 προφήταις
3264 2071 3772 2146 πνευματικώτεροι

513 2179 635 2229 nes,
677 2177 919 2233 quorum
954 2160 1168 2232 Moyses
1202 2166 1261 2214 et
1293 2157 1443 2217 Elias
1468 2157 1587 2212 suis
1636 2156 1743 2226 ipsi
1788 2155 2097 2211 rationibus

2201 2154 2367 2225 λόγοι,
2388 2156 2482 2221 οὓς
2509 2160 2755 2231 Μωῦσῆς
2787 2162 2883 2215 καὶ
2920 2162 3104 2227 Ἠλίας
3136 2162 3204 2217 δι’
3231 2162 3442 2217 ἑαυτῶν
3469 2166 3773 2235 πρπυποῦο

511 2255 682 2327 488
720 2254 893 2325 ﬁgura
933 2252 1288 2312 exstiterunt,
1319 2263 1443 2303 eum
1486 2247 1721 2302 Domino
1741 2254 2094 2317 apparentes,

2201 2262 2272 2311 σι,
2306 2250 2441 2317 μετὰ
2468 2248 2561 2302 τοῦ
2589 2251 2798 2323 Κυρίου
2823 2252 3162 2323 φαινόμενοι,
3191 2253 3333 2307 κατὰ
3367 2253 3467 2324 τὴν
3495 2255 3772 2326 μεταμόρ-

513 2362 626 2416 quo
660 2355 906 2414 tempore
945 2342 1212 2397 Dominus
1240 2338 1665 2393 transformatus
1688 2347 1793 2401 est,
1823 2337 1945 2408 ejus
1980 2337 2094 2393 cla-

2201 2354 2371 2406 φωσιν
2413 2339 2509 2392 τοῦ
2542 2341 2769 2411 Κυρίου,
2808 2342 2906 2414 τὴν
2943 2342 3259 2412 ἀναλογίανῆ
3293 2342 3528 2407 σώζουσι
3563 2345 3662 2415 τῆς
3710 2347 3771 2398 ἐν

515 2437 716 2501 ritatis,
745 2450 867 2505 qua:
901 2434 956 2487 in
984 2433 1117 2503 ipsis
1135 2440 1241 2496 est,
1264 2430 1487 2485 modum
1511 2442 1815 2498 congruum
1840 2440 2091 2492 servant;

2201 2433 2377 2495 αὐτοῖς
2412 2433 2605 2503 δόξης,
2636 2434 2736 2506 τὴν
2762 2435 2902 2501 τέως
2928 2438 3184 2510 χωρητὴν
3214 2441 3326 2503 τοῖς
3351 2438 3523 2506 ἀξίοις
3555 2440 3769 2494 ἀποκα-

512 2545 678 2601 quam
713 2529 980 2584 hactenus
1008 2525 1160 2596 digni
1196 2523 1409 2595 possint
1457 2535 1677 2592 capere.
1722 2520 1981 2576 virtutem
2030 2535 2095 2575 ac

2201 2525 2485 2590 λύπτοντες
2514 2527 2746 2597 δύναμιν
2767 2565 2779 2579 .

510 2620 816 2693 potentiam
847 2617 1260 2689 patefacientes.
2563 2636 2584 2653 ι.

582 2714 669 2769 l6.
705 2712 810 2779 Qui
847 2710 1115 2779 tantisper
1148 2708 1377 2763 unitatis
1430 2706 1697 2761 rationem
1749 2705 1947 2759 doctus
1983 2712 2089 2766 est,

2267 2711 2363 2769 ις’.
2415 2706 2487 2759 ’0
2512 2704 2606 2759 τὸν
2630 2708 2758 2779 περὶ
2810 2710 3036 2780 μονάδος
3071 2711 3250 2774 ποσῶς
3301 2711 3528 2783 μυηθεὶς
3585 2712 3759 2782 λόγον,

505 2805 734 2861 omnino
755 2804 922 2860 etiam
951 2802 1027 2856 illi
1060 2802 1382 2872 conjunctas
1413 2796 1778 2868 providentiae
1808 2812 1873 2851 ac
1891 2796 2089 2867 judicii

2201 2796 2409 2861 πάντως
2438 2798 2531 2853 καὶ
2557 2799 2686 2862 τοὺς
2725 2801 2851 2871 περὶ
2885 2801 3140 2872 προνοίας
3168 2804 3261 2856 καὶ
3290 2804 3523 2873 κρίσεως
3551 2804 3763 2874 ἐπέγνω

504 2898 814 2967 exploratas
856 2895 1023 2951 habet
1067 2893 1330 2949 rationes.
1363 2890 1545 2958 Quare
1570 2889 1761 2954 etiam,
1786 2889 1941 2944 velut
1989 2882 2092 2943 Pe-

2201 2887 2406 2956 téyoug,
2441 2891 2701 2953 συνόντας
2724 2891 2894 2962 αὐτῷ.
2920 2893 3013 2945 Διὸ
3041 2895 3136 2946 καὶ
3159 2896 3305 2965 τρεῖς
3337 2895 3590 2963 γενέσθαι
3630 2914 3763 2966 σκη-

504 2998 648 3052 trus,
679 3000 900 3056 aequum
923 2982 1196 3044 decernit,
1232 2988 1293 3035 ut
1326 2981 1433 3034 tria
1463 2978 1608 3049 apud
1642 2976 1822 3046 ipsum
1858 2977 2089 3032 ﬁantta~

2201 2980 2286 3044 νὰς
2333 2981 2463 3051 παρ’
2515 2983 2694 3051 ἐαυτῷ
2743 2982 2904 3055 [unus
2941 2983 3073 3056 Reg.
3121 2985 3251 3056 παρ’
3279 2984 3450 3058 αὐτῷ]
3490 2987 3630 3040 κατά
3670 2988 3762 3039 τὸν

504 3079 825 3153 bernacula,
856 3077 945 3132 his
973 3075 1068 3144 qui
1090 3080 1502 3144 apparuerunt;
1550 3080 1664 3125 tres
1688 3069 1952 3124 nimirum
1981 3069 2083 3123 ha-

2201 3070 2343 3138 ἱιγιον
2367 3069 2592 3141 Πέτρον,
2626 3076 2739 3135 τοῖς
2771 3072 3015 3143 ὁραοείσι
3049 3073 3214 3128 καλὸν
3240 3071 3377 3129 εἶναι
3424 3075 3718 3146 ψηφίζεται
3740 3092 3755 3105 ·

501 3171 680 3234 bitus,
719 3152 924 3238 quibus
960 3165 1123 3220 saluti
1173 3178 1444 3234 propenso
1470 3162 1823 3226 consulatur,
1862 3161 2087 3216 virtutis

2201 3161 2454 3229 τουτέστι,
2489 3163 2588 3226 τὰς
2632 3167 2783 3234 τρεῖς
2829 3165 2973 3232 ’ἐξεις
3026 3166 3127 3235 τῆς
3170 3168 3479 3237 σωτηρίαςο
3511 3168 3610 3240 τὴν
3658 3169 3757 3237 τῆς

500 3260 718 3317 scilicet
737 3257 985 3314 scientia!
1021 3272 1086 3312 ac
1130 3255 1440 3325 theologiae.
1482 3244 1618 3308 Nam
1652 3253 1807 3323 prior
1835 3253 2082 3323 quidem,

2201 3253 2387 3324 ἱρετῆς
2431 3253 2594 3321 λέγω,
2655 3257 2748 3309 καὶ
2803 3256 2903 3327 τὴν
2947 3256 3050 3326 τῆς
3092 3257 3365 3327 γνώσεως,
3416 3259 3511 3312 καὶ
3537 3259 3635 3329 τὴν
3658 3259 3756 3328 τῆς

500 3351 740 3410 actionis
764 3348 967 3404 robore
1002 3364 1067 3403 ac
1093 3347 1343 3402 castitate
1371 3354 1515 3417 eget,
1537 3347 1697 3418 cujus
1722 3346 1894 3415 ﬁgura
1915 3345 2086 3401 exsti-

2201 3332 2483 3414 ίεολογίας.
2527 3346 2591 3399 Ἦ
2626 3346 2726 3415 μὲν
2762 3347 2870 3419 γὰρ
2907 3348 3077 3402 δεῖται
3122 3348 3219 3417 τῆς
3250 3348 3390 3402 κατὰ
3438 3347 3637 3421 πρᾶξιν
3664 3351 3756 3403 ἀν-

502 3442 571 3494 tit
596 3440 790 3495 beatus
835 3438 1005 3492 Elias.
1042 3436 1293 3505 Sequens
1322 3450 1454 3489 vero
1477 3475 1491 3499 ,
1534 3435 1804 3490 naturalis
1830 3442 2082 3489 eontem-

2201 3434 2365 3506 ἱρείας
2388 3437 2484 3489 καὶ
2513 3436 2889 3509 σωφροσύνης,
2931 3433 2999 3509 ἧς
3027 3440 3057 3492 6
3085 3439 3353 3510 μακάριος
3379 3439 3547 3503 τύπος
3580 3440 3753 3510 ὑπῆρ-

499 3528 760 3601 platiunis
789 3528 1027 3600 justitia,
1061 3542 1223 3598 quam
1259 3542 1490 3598 magnus
1538 3526 1752 3598 Moyses
1785 3534 1913 3598 typo
1937 3526 2074 3582 desi-

2201 3543 2275 3596 [εν
2315 3526 2534 3590 Ἠλίας·
2569 3528 2602 3598 ἠ
2644 3527 2723 3593 δὲ,
2760 3532 2859 3599 τῆς
2918 3510 3059 3583 κατὰ
3108 3530 3207 3599 τὴν
3248 3530 3482 3605 φυσικὴν
3524 3529 3752 3600 θεωρίαν

496 3621 704 3692 gnarit.
724 3619 947 3675 Tertius
963 3618 1206 3685 demum,
1229 3633 1358 3674 vera
1388 3618 1698 3689 prudentiae
1714 3620 2077 3691 perfectione,

2201 3616 2546 3688 ὶικαιοσύνης,
2584 3618 2650 3688 ἢν
2679 3618 2708 3669 ὁ
2733 3618 2909 3688 μέγας
2934 3621 3138 3691 ἐμήνυε
3167 3620 3233 3674 δι’
3268 3619 3462 3673 ἐαυτοῦ
3492 3619 3746 3690 Μωῡσῆςο

495 3726 663 3784 quam
697 3712 967 3767 Dominus
998 3709 1367 3781 signiﬁcabat.
1393 3710 1548 3765 Dicta
1573 3726 1704 3765 vero
1731 3721 1862 3766 sunt
1893 3711 2080 3766 taber-

2201 3707 2212 3772 τ
2250 3702 2328 3767 δὲ,
2361 3703 2459 3772 τῆς
2489 3705 2631 3758 κατὰ
2651 3705 2750 3775 τὴν
2796 3707 3060 3777 φρόνησιν
3104 3707 3442 3778 ἀκραιφνοῦς
3483 3708 3749 3777 τελειότη-

496 3805 713 3870 uacula,
744 3803 893 3874 quod
925 3803 1046 3858 aliae
1075 3802 1189 3858 sint
1220 3802 1308 3857 his
1349 3802 1611 3858 meliores
1650 3818 1715 3858 ac
1742 3804 2080 3859 illustriores

2201 3811 2293 3857 :o;,
2315 3793 2384 3864 ἢν
2410 3797 2438 3848 6
2469 3795 2674 3866 Κύριος
2706 3797 2921 3869 ἐδήλου.
2949 3798 3154 3868 Σκηναὶ
3205 3799 3263 3852 δὲ
3302 3800 3750 3871 προσηγορεύθη-

496 3895 552 3948 in
579 3894 828 3949 futurum
859 3893 1057 3963 dignos
1082 3900 1394 3962 exceptura
1414 3891 1591 3948 sedes.

2201 3903 2298 3950 παν,
2333 3887 2422 3941 διὰ
2448 3888 2512 3942 τὸ
2544 3888 2712 3953 ἄλλας
2753 3885 2895 3945 εἶναι
2930 3890 3138 3946 τούτων
3169 3894 3451 3964 κρείττους
3476 3895 3572 3948 καὶ
3599 3911 3748 3965 περι-

926 3982 933 3988 ⁸
2174 3980 2534 4051 φανεστέρας,
2564 3980 2664 4045 τὰς
2692 3982 2821 4047 τοὺς
2860 3982 3044 4049 ἀξίους
3086 3985 3229 4041 κατὰ
3274 3986 3337 4040 τὸ
3367 3986 3562 4058 μέλλον
3587 3987 3749 4041 διαδε-

2175 4069 2410 4141 ξομένας
2437 4072 2640 4143 λήξεις.

560 4163 645 4217 Π.
689 4161 790 4228 Qui
825 4161 1028 4217 actioni
1066 4175 1291 4231 operam
1332 4160 1514 4231 ponit,
1563 4162 1615 4215 in
1661 4176 1826 4217 carne
1864 4162 2074 4218 advena

2245 4160 2333 4224 ιζ’.
2385 4160 2444 4213 'U
2486 4160 2587 4231 μὲν
2623 4162 2955 4233 πρακτικὸς,
2990 4163 3048 4217 ἐν
3095 4164 3264 4235 σαρκὶ
3312 4164 3529 4232 λέγεται
3564 4183 3745 4237 παροι-

489 4269 649 4326 agere
669 4254 893 4322 dicitur,
920 4254 1015 4324 qui
1043 4253 1259 4310 scilicet
1278 4252 1544 4308 virtutum
1573 4253 1747 4317 cultu,
1788 4253 1858 4307 ab
1888 4252 2073 4307 animo

2201 4254 2293 4307 :siv
2329 4251 2405 4323 (6)
2434 4268 2448 4284 ·
2487 4252 2564 4316 ὡς
2593 4254 2693 4323 τῆς
2722 4254 2899 4325 ψυχῆς
2927 4255 3028 4326 τὴν
3061 4256 3200 4327 πρὸς
3226 4255 3325 4327 τὴν
3353 4257 3531 4324 σάρκα
3563 4259 3746 4327 σχέσιν

489 4345 795 4406 abscindat.
822 4361 929 4415 qua
952 4343 1020 4399 ad
1049 4359 1269 4399 carnem
1296 4344 1589 4399 ali‘ectione
1623 4360 1689 4401 ac
1720 4342 1951 4398 libidine
1972 4342 2070 4397 du-

2203 4342 2259 4396 ιὰ
2281 4343 2389 4397 τῶν
2418 4344 2630 4413 ἀρετῶν
2684 4346 2986 4416 ἐκτέμνων,
3017 4348 3112 4401 καὶ
3150 4349 3261 4402 τῶν
3303 4348 3503 4402 ὑλικῶν
3554 4349 3746 4404 ἐαυτοῦ

442 4464 446 4471 ·
488 4436 656 4501 citur,
710 4447 766 4491 et
807 4453 838 4491 a
870 4452 928 4491 se
961 4436 1079 4507 ipse
1124 4446 1468 4492 terrenarum
1502 4436 1886 4507 deceptionem
1912 4448 2067 4488 amo-

2201 4435 2557 4506 εεριελόμενος
2576 4436 2679 4507 τὴν
2707 4436 2947 4507 ἀπάτην.
3002 4438 3061 4491 '0
3107 4437 3164 4491 δὲ
3193 4439 3514 4507 γνωστικδς,
3553 4440 3649 4494 καὶ⁵
3691 4442 3748 4494 ἐν

489 4525 673 4581 liatur.
713 4526 818 4594 Qui
846 4536 1031 4582 autem
1065 4525 1250 4581 studet
1278 4526 1730 4597 contemplatimii
1762 4525 2069 4594 doctusque

2201 4525 2314 4599 ιύτῇ
2349 4529 2417 4598 τῇ
2450 4528 2619 4600 ἀρετῇ
2652 4527 2872 4598 λέγεται
2918 4532 3233 4601 παροικείνο
3265 4530 3341 4594 ὡς
3376 4533 3435 4584 ἐν
3463 4532 3747 4605 ἐσόπτροις

556 4686 603 4717 ⁸⁸
625 4685 811 4741 Matth.
854 4701 964 4751 xvi,
988 4685 1076 4740 27.

486 4825 930 4897 divinumipsum
960 4825 1150 4879 lumen
1182 4824 1531 4897 intransitive
1570 4839 1633 4878 ac
1662 4824 1844 4880 Patris
1870 4825 2055 4895 splen-
2154 4826 2346 4897 ciens:
2375 4826 2429 4879 in
2463 4839 2574 4895 quo
2605 4832 2787 4897 tamen
2821 4825 2970 4897 nulla
3000 4824 3105 4879 alia
3119 4823 3421 4897 difﬁcultas
3447 4833 3552 4890 est,
3578 4841 3737 4897 quam

482 4897 585 4951 dor
616 4895 907 4959 exstiterit,
942 4911 1105 4964 quem
1134 4910 1323 4949 eorum
1352 4895 1497 4950 oculi
1540 4897 1906 4961 intuerentur,
1942 4912 2055 4951 non
2155 4912 2278 4964 quae
2302 4896 2547 4964 ipsorum
2585 4896 2884 4950 verborum
2917 4896 3132 4950 Domini
3155 4903 3260 4955 est,
3290 4895 3449 4949 Juan.
3478 4895 3611 4961 xv",
3660 4898 3695 4951 5
3723 4915 3735 4949 :

482 4912 585 4951 uor
616 4912 907 4959 essutern,
942 4912 1105 4964 quem
1134 4912 1323 4949 eorum
1352 4912 1497 4950 oculi
1540 4912 1906 4961 intuerentur,
1942 4912 2055 4951 non
2196 4912 2317 4952 υαιι
2360 4912 2547 4952 sorum
2585 4912 2884 4950 verborum
2917 4912 3132 4950 uomunt
3155 4912 3260 4955 eet,
3290 4912 3449 4949 Joan.
3478 4912 3607 4961 xvn,
3660 4912 3695 4951 ο
3723 4915 3735 4949 :

481 4967 636 5036 quasi
665 4966 765 5034 ipsi
798 4980 827 5019 a
855 4980 914 5019 se
942 4974 1136 5019 natura
1174 4964 1532 5029 subicientes,
1573 4963 1669 5020 sed
1695 4965 1989 5021 confortati
2024 4982 2054 5020 a
2155 4912 2410 5035 glariﬁca
2444 4981 2545 5030 me,
2580 4974 2637 5019 tu
2672 4966 2850 5028 Pater,
2887 4968 3030 5035 apud
3081 4967 3433 5036 temetipsum,
3492 4965 3737 5020 claritate

480 5035 594 5091 lico
626 5035 923 5110 ctelevati,
954 5035 1250 5110 absurdius
1293 5044 1397 5110 est,
1446 5050 1610 5106 quam
1640 5045 1897 5110 ut‘egeat
1926 5052 2057 5110 con—
2156 5054 2320 5110 quam
2344 5036 2559 5110 habui,»
2588 5037 2736 5106 prius
2774 5053 2935 5107 quam
2983 5037 3212 5110 mundus
3262 5035 3422 5110 esset,
3467 5036 3612 5110 apud
3654 5046 3733 5099 te;

485 5105 787 5171 iulatione;
824 5106 993 5159 Deum
1024 5106 1237 5177 scilicet
1261 5104 1486 5175 ejusque
1519 5104 1816 5161 essentiatii
1848 5122 1911 5161 ac
1934 5106 2061 5161 Dei-
2156 5104 2493 5177 exponitque
2534 5104 2795 5177 August.,
2833 5114 2992 5160 tract.
3058 5106 3159 5165 tos
3196 5107 3251 5158 in
3295 5104 3455 5177 Jama.
3492 5104 3732 5160 divinam

481 5178 610 5231 tatis
638 5190 922 5239 arcanum,
948 5176 1152 5231 nedum
1186 5177 1361 5230 videri
1384 5177 1561 5231 oculis
1609 5177 1893 5246 corporeis
1934 5192 2058 5246 pos—
2157 5176 2280 5233 eam
2317 5176 2649 5239 claritatem,
2708 5177 2936 5246 gloriam
2988 5176 3349 5231 humanitatis
3402 5191 3727 5245 exponens;

482 5264 557 5310 se,
604 5246 697 5318 sed
728 5246 983 5318 ctrcipsa
1014 5246 1189 5318 visum
1214 5261 1335 5302 esse
1365 5247 1419 5318 in
1468 5256 1652 5318 monte
1685 5245 2061 5318 Transtigura-
2156 5263 2319 5318 quam
2345 5245 2967 5318 sicihabuitantequam
3010 5245 3262 5318 mundus
3279 5254 3429 5301 esset
3477 5255 3535 5299 et
3584 5245 3727 5318 apud

468 5317 675 5381 tionis;
717 5316 982 5385 quidquid
1013 5316 1132 5371 viro
1161 5316 1325 5372 doctu
1362 5317 1415 5370 in
1454 5333 1549 5372 sua
1577 5316 1874 5372 Orientalis
1901 5316 2059 5373 Occi-
2152 5316 2391 5378 Patrem.
2421 5317 2609 5372 divina
2651 5316 2861 5371 scilicet
2896 5316 3397 5385 praedestinatione,
3429 5331 3539 5371 non
3562 5316 3727 5385 quod

478 5384 827 5455 (lentalisque
870 5384 1134 5458 Ecclesia:
1189 5396 1451 5458 perpetua
1472 5388 1790 5450 concordia,
1844 5403 1964 5458 eam
2003 5388 2058 5440 in
2153 5389 2245 5442 illa
2307 5390 2484 5458 reipsa
2519 5387 2660 5442 etin
2700 5402 2759 5441 se
2779 5384 3101 5458 exsisteret.
3120 5386 3272 5458 Fuit
3306 5386 3492 5456 itaque
3541 5384 3727 5458 divina

480 5474 593 5513 rem
615 5454 946 5528 obrepserit,
972 5454 1594 5528 tribuatque'plerisque
1620 5459 1827 5513 sanctis
1852 5457 2058 5513 Graecis
2151 5454 2407 5523 claritas,
2430 5457 2668 5528 gloriosa
2702 5456 2916 5528 species
2968 5472 3036 5510 ex
3070 5456 3278 5511 Christi
3317 5454 3519 5520 anima,
3570 5454 3726 5528 beata

477 5525 819 5601 doctoribus,
843 5526 936 5601 qui
977 5525 2056 5601 festivis'Enc'omiis'mysteriumgtrans-
2150 5528 2380 5601 Deitatis
2403 5525 2707 5601 consortio,
2734 5525 2805 5581 in
2834 5542 3041 5601 corpus
3084 5542 3369 5601 emanans,
3408 5536 3466 5581 et
3506 5525 3724 5601 qualem

476 5597 818 5668 ﬁgurationis
859 5593 1064 5668 Christi
1098 5607 1454 5668 exornarunt,
1478 5593 1684 5668 vel'qui
1727 5598 1796 5668 de
1830 5598 1923 5653 illo
1956 5614 2054 5667 pe-
2150 5598 2383 5653 decebat
2410 5597 2656 5652 divinum
2691 5612 2894 5666 corpus
2923 5593 2986 5651 ac
3014 5598 3125 5668 Deo
3159 5596 3401 5663 unitum;
3436 5593 3601 5667 quam
3639 5593 3723 5668 ip-

478 5666 737 5739 culiarius
788 5666 1160 5739 strictimque
1239 5666 1665 5737 scripserunt}
1729 5667 1786 5721 in
1849 5666 2055 5739 quibus

477 5735 642 5790 etiam
664 5735 927 5802 Maximo;
954 5736 1101 5789 hunc
1132 5736 1307 5806 ipsum
1342 5735 1484 5791 forte
1511 5740 1630 5808 ejus
1661 5739 1841 5793 locum
1868 5735 2052 5807 respi-

2150 5684 2264 5723 sam
2299 5668 2589 5738 miraculo,
2622 5676 2682 5722 ut
2709 5664 2856 5724 esset
2883 5667 3167 5737 passibile,
3216 5682 3316 5738 per
3343 5664 3612 5738 reliquam
3641 5664 3723 5721 vi-

2152 5747 2261 5794 tam
2294 5737 2677 5809 suspenderat.
