4076 6436
406 319 544 384 1133
1215 310 1549 375 CAPITUM
1586 304 1855 386 THEOL.
1899 304 1993 362 ET
2030 299 2267 360 (ECON.
2307 296 2690 358 CENTURIA
2733 294 2815 353 Π.
3526 286 3661 351 1134

406 435 490 488 ἔτι
540 433 637 486 καὶ
681 429 967 500 αἰνίγμασι
1001 427 1221 500 θεωρῶν
1250 425 1347 495 τὴν
1375 423 1653 492 ἀλήθειαν.
1677 417 1848 471 Οὔπω
1878 414 1985 484 γάρ

2118 410 2355 482 piritalis
2389 417 2494 474 est,
2521 408 2688 464 etiam
2724 407 2780 460 in
2811 406 3017 461 virtute
3049 404 3257 460 advena
3283 419 3402 460 esse
3425 403 3660 464 dicitur;

408 523 558 594 αὐτῷ
587 523 656 576 τὰ
681 521 788 574 τῶν
811 519 1033 589 ἀγαθῶν
1075 518 1464 571 αὑθυπόστατα
1486 511 1601 582 εἴδη
1632 509 1812 570 καθώς
1848 507 1984 558 εἰσιν

2116 511 2145 556 .t
2168 501 2263 572 qui
2293 501 2563 554 hactenus
2591 498 2878 552 veritatem
2920 497 2975 551 in
3020 497 3260 567 speculis
3291 505 3349 551 et
3378 495 3663 567 aenigmate

405 581 769 685 ἑθεάσθησαν,
801 581 887 665 διά
914 612 1014 680 τῆς
1048 609 1343 680 πρόσωπον
1369 606 1502 678 πρὸς
1535 581 1827 672 πρόσωπον
1848 598 1987 685 ἀπο-

2116 592 2421 663 pceuletur.
2456 590 2568 644 Nec
2601 590 2731 644 dum
2781 587 2928 642 enim
2956 588 3389 658 cajucunditate
3430 602 3552 656 quas
3581 596 3664 640 est
3708 581 3713 621 ἶ

409 705 769 768 λαύσεως.Ἐν
793 703 957 754 εἰκόνι
988 701 1094 770 γὰρ
1120 698 1225 749 τῶν
1253 695 1492 765 ἀγαθῶν,
1514 695 1586 756 ὡς
1610 690 1745 760 πρὸς
1766 687 1827 740 τὸ
1857 684 1987 756 μέλ-

2116 683 2226 746 acie
2274 681 2340 736 ad
2384 680 2606 744 faciem,
2660 679 2791 749 ipsa:
2831 678 3105 732 bonorum
3157 694 3286 732 vere
3337 679 3665 733 exsistentcs

408 803 522 864 λον,
555 799 660 859 πᾶς
701 797 854 862 ἃγιος
900 791 1302 862 διαπορεύεται,
1354 786 1518 857 βοῶν·
1554 781 1844 851 Πάροικός
1874 781 1988 846 ειμι

2116 789 2299 840 armas,
2334 773 2526 843 quales
2551 780 2698 837 sunt,
2732 771 2808 824 illi
2853 779 3172 840 patuerunt.
3213 767 3471 842 Quisquis
3519 771 3665 826 enim

409 860 518 944 καὶ-
552 860 961 956 παρεπίὸιημος
996 860 1188 948 καθὼς
1211 880 1435 942 πάντες
1481 878 1534 931 οὶ
1569 873 1815 941 πατέρες
1844 887 1988 940 μου.

2117 865 2399 922 anetitatis
2438 865 2606 919 radiis
2637 865 2829 934 fulget,
2857 864 2899 918 si
2935 879 3058 918 cum
3094 878 3160 917 eo
3186 879 3491 934 compares,
3521 860 3666 932 quod

411 981 662 1035 futurum
689 985 1061 1046 exspectatur,
1091 976 1147 1029 in
1177 974 1447 1029 bonorum
1478 969 1712 1040 imagine
1730 964 1996 1024 ambulat,
2037 959 2284 1015 clamans
2311 976 2322 1011 :
2355 958 2569 1013 Advena
2600 974 2692 1027 ego
2727 973 2847 1010 sum
2917 964 2964 1008 et
3006 957 3348 1026 peregrinus,
3387 958 3519 1008 sicut
3559 971 3670 1008 om-

411 1087 506 1125 nes
533 1077 710 1140 patres
746 1068 849 1120 mei
866 1066 931 1118 δ’.

489 1172 577 1236 ιη’.
620 1165 722 1217 Τὸν
780 1163 1074 1233 εὐχόμενον
1129 1162 1188 1213 οὐ
1235 1161 1316 1214 δεῖ
1363 1157 1552 1227 στῆναί
1585 1172 1714 1208 ποτε
1746 1153 1846 1222 τῆς
1895 1148 1988 1202 ἐπὶ

411 1257 546 1310 Θεὸν
586 1257 827 1324 ἀγούσης
870 1253 1080 1323 ὑψηλῆς
1129 1251 1466 1313 ἀναϐάσεως.
1508 1249 1594 1310 Ὠς
1628 1245 1738 1315 γάρ
1789 1240 1993 1295 ἀναϐά-

421 1366 538 1411 σεις
576 1348 682 1418 χρὴ
723 1345 959 1400 νοεῖσθαι
990 1345 1113 1416 [duo
1145 1343 1313 1413 Regii,
1354 1339 1656 1398 ποιεῖσθαι,
1686 1344 1743 1388 ut
1776 1343 1823 1388 et
1851 1330 1991 1402 Fr.],

415 1441 562 1495 κατά
597 1440 695 1510 τὴν
735 1443 798 1492 ἐκ
832 1439 1110 1507 δυνάμεως
1136 1437 1214 1497 εἰς
1237 1434 1484 1503 δύναμιν,
1517 1433 1614 1501 τὴν
1645 1431 1701 1481 ὲν
1741 1429 1805 1497 τῇ
1847 1441 1990 1496 πρα-

419 1536 581 1604 κίσικῇ
622 1533 731 1585 τῶν
771 1530 982 1602 ἀρετῶν
1006 1529 1319 1600 προκοπήν·
1351 1526 1442 1577 καὶ
1467 1525 1566 1593 τὴν
1591 1521 1698 1575 ἀπὸ
1731 1518 1887 1588 δόξης
1917 1518 1994 1579 είς

416 1628 600 1694 δόξαν,
639 1625 746 1680 τῶν
783 1622 1170 1694 πνευματικῶν
1207 1623 1302 1688 τῆς
1338 1619 1572 1689 θεωρίας
1612 1614 1865 1696 γνώσεων
1900 1613 1997 1662 ἐπ-

2170 1142 2256 1196 18.
2287 1141 2350 1196 Ei
2377 1141 2470 1211 qui
2506 1139 2766 1209 precibus
2792 1137 3083 1201 incumhit,
3113 1151 3392 1206 nunquam
3418 1136 3671 1191 commit-

2099 1237 2324 1292 tendum
2355 1246 2414 1290 ut
2441 1252 2471 1290 a
2506 1235 2726 1290 sublimi
2761 1249 2996 1290 ascensu
3021 1233 3358 1304 provehente
3400 1231 3469 1286 ad
3499 1233 3671 1287 Deum

2098 1338 2296 1400 cesset.
2338 1331 2500 1385 Velut
2533 1329 2680 1384 enim
2721 1342 2983 1382 ascensus
3032 1325 3404 1396 intelligamus
3447 1341 3675 1380 necesse

2099 1432 2202 1489 est,
2237 1421 2443 1492 quiest
2482 1421 2548 1475 de
2576 1420 2782 1474 virtute
2808 1419 2863 1472 in
2893 1417 3152 1471 virtutem
3195 1417 3422 1472 colenda
3457 1419 3674 1472 actione

2100 1515 2366 1568 virtutum
2397 1512 2762 1583 profectus”,
2788 1509 3226 1581 spiritaliumque
3260 1510 3677 1579 contemplatio-

2104 1606 2190 1660 nis
2220 1605 2538 1660 notitiarum
2575 1619 2605 1657 a
2628 1602 2875 1656 claritate
2894 1601 2948 1654 in
2981 1601 3287 1656 claritatem
3319 1593 3674 1667 excessus“;

423 1719 694 1772 ἀνάϐασιν
714 1734 727 1748 ⁸
757 1718 851 1771 καὶ
872 1716 968 1786 τὴν
995 1715 1100 1768 ἀπὸ
1121 1713 1214 1767 τοῦ
1236 1711 1398 1782 ῥητοῦ
1429 1709 1526 1778 τῆς
1550 1707 1706 1774 ἁγίας
1731 1706 1826 1758 καὶ
1850 1703 1999 1764 θείας

2116 1703 2266 1766 itque
2292 1712 2322 1751 a
2351 1712 2519 1750 sacra:
2551 1694 2858 1763 divinaeque
2891 1693 3189 1762 Scriptura:
3211 1693 3416 1757 littera,
3456 1692 3525 1746 ad
3561 1691 3676 1762 spi-

419 1808 667 1878 Γραφῆς,
699 1808 792 1858 ἐπὶ
815 1807 874 1858 τὸ
907 1805 1126 1874 πνεῦμα
1176 1800 1476 1872 μετάϐασιν
1497 1815 1511 1829 ⁸
1545 1796 1688 1850 οὕτω
1714 1795 1810 1849 καὶ
1839 1795 1897 1846 ὲν
1925 1792 2000 1862 τῷ

421 1900 556 1971 περὶ
587 1898 762 1969 εὐχῶν
781 1898 930 1970 τόπῳ
959 1895 1243 1966 γινόμενον
1281 1892 1386 1964 χρὴ
1410 1891 1612 1943 ποιεῖν·
1641 1887 1890 1957 ἐπαίρειν
1911 1885 2001 1938 τὸν

420 1994 554 2047 νοῦν
581 1993 690 2045 ἀπὸ
713 1991 820 2044 τῶν
859 1991 1220 2061 ἀνθρωπίνων
1242 2004 1254 2020 ·
1284 1987 1379 2040 καὶ
1405 1985 1464 2038 τὸ
1493 1981 1750 2054 φρόνημα
1774 1981 1872 2050 τῆς
1898 1977 2003 2047 ψυο

422 2087 546 2156 χῆς,
577 2085 669 2138 ἐπὶ
697 2083 766 2136 τὰ
796 2083 1072 2154 θειότερα’
1112 2083 1198 2134 ἵνα
1227 2082 1322 2132 καὶ
1351 2077 1552 2146 δυνηθῇ
1577 2077 1603 2128 ό
1631 2073 1756 2136 νοῦς
1787 2071 2004 2125 ἀκολουο

423 2180 591 2249 θῆσαι
618 2177 695 2248 τῷ
724 2176 1060 2246 διεληλυθότι
1093 2174 1217 2235 τοὺς
1244 2169 1525 2241 οὐρανοὺς,
1566 2165 1740 2237 Ἰησοῦ
1779 2163 1859 2233 τῷ
1890 2161 2004 2231 Υἱῴ

425 2270 527 2323 τοῦ
557 2268 716 2332 Θεοῦ,
749 2265 1029 2336 πανταχοῦ
1071 2265 1206 2329 ὄντι,
1242 2263 1338 2318 καὶ
1363 2260 1539 2314 πάντα
1579 2254 1915 2327 διερχομένῳ
1939 2252 2004 2304 δι’

427 2363 581 2432 ἡμᾶς
609 2359 987 2431 οίκονομικῶς,
1023 2358 1110 2410 ἴνα
1138 2357 1232 2409 καὶ
1261 2355 1420 2425 ἡμεῖς
1447 2346 1862 2409 ἀκολουθοῦντες
1912 2343 2008 2396 αῦ-

423 2455 528 2526 στῷ,
561 2455 737 2507 πάντα
778 2451 1076 2520 διέλθωμεν
1105 2449 1174 2502 τὰ
1224 2448 1342 2518 μετ’
1373 2444 1534 2498 αὐτόν
1554 2459 1567 2472 '
1599 2440 1697 2494 καὶ
1722 2434 2006 2507 γενώμεθα

427 2547 572 2618 πρὸς
607 2546 787 2611 αὑτὸν,
821 2545 914 2597 ἐάν
943 2560 1005 2612 γε
1037 2542 1246 2611 νοῶμεν
1276 2538 1462 2600 αὑτὸν,
1494 2535 1555 2588 οὐ
1590 2532 1732 2588 κατὰ
1756 2530 1852 2600 τὴν
1886 2545 2010 2598 σμι-

427 2639 676 2710 κρότητα
694 2637 794 2706 τῆς
823 2635 1171 2705 οἰκονομικῆς
1200 2629 1681 2701 συγκαταϐάσεως,
1714 2625 1850 2679 ἀλλά
1867 2622 2010 2675 κατὰ

428 2731 533 2802 τὴν
563 2729 963 2802 μεγαλειότητα
991 2727 1089 2796 τῆς
1119 2724 1357 2795 φυσικῆς
1383 2719 1688 2792 ἀοριστίας.

514 2911 594 2964 ιθ’.
629 2908 806 2963 Καλὸν
849 2907 936 2960 ἀεὶ
984 2904 1266 2980 σχολάζειν
1293 2901 1387 2955 καὶ
1417 2899 1599 2970 ζητεῖν
1625 2895 1717 2950 τὸν
1744 2894 1903 2957 Θεὸν,
1934 2891 2010 2955 ὡς

434 3002 878 3074 προσετάγημεν.
932 2999 1051 3051 Κᾶν
1083 2997 1192 3066 γὰρ
1226 2994 1368 3048 κατὰ
1413 2992 1511 3062 τὴν
1550 2987 1831 3058 παροῦσαν
1865 2985 2010 3055 ζωὴν

434 3093 727 3164 ζητοῦντες
757 3091 849 3145 ἐπὶ
875 3091 934 3144 τὸ
967 3090 1142 3161 πέρας
1177 3086 1348 3140 ἐλθεῖν
1383 3084 1474 3138 τοῦ
1521 3083 1719 3153 βάθους
1743 3079 1835 3134 τοῦ
1876 3078 2011 3132 Θεοῦ

435 3185 502 3237 οὐ
535 3183 808 3252 δυνάμεθα
831 3198 842 3210 ο
899 3180 1014 3234 ἀλλ’
1051 3180 1180 3241 ἴσως
1209 3177 1304 3232 καὶ
1357 3174 1445 3228 ἐπ’
1475 3173 1654 3240 ὀλίγον
1690 3170 1784 3223 τοῦ
1821 3169 2017 3239 βάθους

437 3273 608 3328 αὐτοῦ
657 3273 971 3342 φθάνοντες,
1007 3268 1319 3340 θεωροῦμεν
1371 3265 1540 3334 ἁγίων
1577 3262 1873 3332 ἀγιώτερα,
1925 3259 2018 3312 καὶ

440 3363 826 3435 πνευματικῶν
861 3361 1368 3433 πνευματικώτερα.
1428 3357 1536 3411 Καὶ
1567 3354 1729 3426 δηλοῖ
1769 3350 2018 3414 τυπικῶς

443 3461 472 3510 ὁ
502 3457 810 3528 ἀρχιερεὺς,
837 3456 946 3508 ἀπὸ
972 3454 1080 3508 τῶν
1109 3453 1281 3522 ἁγίων
1307 3450 1416 3504 τῶν
1443 3449 1542 3519 τῆς
1577 3445 1748 3514 αὐλῆς
1792 3441 2019 3512 ἀγιωτέ-

443 3565 579 3621 ρων,
612 3547 706 3600 ἐπὶ
734 3545 801 3600 τὰ
829 3546 960 3615 ἆγια
985 3544 1094 3598 τῶν
1138 3543 1354 3612 Ἁγίων,
1399 3538 1676 3609 ἀγιώτερα
1705 3535 1813 3588 τῶν
1848 3534 2018 3602 ἁγίων

444 3656 653 3692 εισιων.

519 3825 584 3870 κ’.
621 3817 733 3878 ua;
766 3815 860 3868 τοῦ
894 3813 1028 3868 Θεοῦ
1061 3814 1236 3881 λόγος,
1270 3810 1392 3865 οὔτε
1427 3810 1742 3878 πολύλογος,
1770 3808 1894 3862 οὔτε
1924 3824 2020 3860 πο-

444 3909 668 3977 λυλογία
702 3907 851 3961 ἐστίν
877 3924 890 3939 ο
944 3907 1058 3960 ἀλλ’
1093 3901 1196 3969 είς,
1229 3903 1496 3966 συνεστὼς
1530 3901 1699 3974 [Regii
1725 3900 1940 3971 quidam
1971 3909 2020 3952 et

444 4000 541 4056 Fr.
590 3996 829 4070 συνετὸς]
871 4000 934 4050 ἐκ
972 3995 1243 4066 διαφόρων
1301 3993 1708 4065 θεωρημάτων’
1769 3985 1842 4044 ὧν
1891 3991 2023 4044 ’ἑκα-

449 4112 576 4147 στον
625 4093 789 4165 μέρος
844 4093 961 4144 ἐστὶ
1006 4091 1100 4144 τοῦ
1159 4091 1340 4158 λόγου.
1370 4089 1532 4142 Ὥστε
1586 4090 1614 4140 ὁ
1665 4087 1836 4156 λέγων
1882 4087 2022 4160 ὑπὲρ

447 4180 730 4250 ἀληθείας,
763 4177 868 4232 κᾶν
919 4177 1094 4241 οὓτως
1131 4179 1308 4230 εἰπεῖν
1359 4177 1566 4248 δυνηθῇ
1616 4177 1692 4240 ῶς
1748 4176 1914 4248 μηδὲν
1946 4179 2024 4240 εἰς

448 4274 517 4326 τὸ
549 4271 878 4342 ζητούμενον
929 4269 1278 4341 παραλιπεῖν,
1325 4267 1420 4320 ἕνα
1475 4267 1632 4337 λόγον
1681 4267 1870 4338 εἴρηκε
1928 4265 2022 4319 τοδ

448 4361 611 4416 Θεοῦ.

525 4459 633 4508 καθ.
682 4453 770 4506 Ἐν
808 4450 906 4522 μὲν
932 4451 1013 4520 τῷ
1042 4449 1284 4520 Χριστῷ,
1329 4448 1448 4519 Θεῷ
1481 4449 1594 4502 ὄντι
1624 4449 1720 4501 καὶ
1745 4449 1904 4520 Λόγῳ
1929 4447 2024 4502 τοῦ

449 4545 688 4615 Πατρὺς,
736 4543 857 4597 ὅλον
913 4543 1032 4594 κατ’
1088 4540 1279 4594 οὐσίαν
1310 4541 1452 4592 οἰκεῖ
1496 4540 1558 4592 τὸ
1603 4540 1878 4611 πλήρωμα
1927 4541 2026 4610 τῆς

451 4637 707 4707 θεότητος
739 4633 1068 4706 σωματικῶς
1088 4648 1102 4662 ·
1152 4635 1210 4686 ὲν
1243 4635 1376 4702 ἡμῖν
1403 4632 1458 4684 δὲ
1491 4631 1633 4684 κατὰ
1677 4634 1838 4701 χάριν
1888 4633 2028 4685 οίκεῖ

449 4728 516 4782 τὸ
550 4727 825 4798 πλήρωμα
858 4727 958 4796 τῆς
989 4725 1261 4794 Θεότητος,
1311 4722 1475 4793 ἡνίκα
1507 4724 1689 4776 πᾶσαν
1719 4724 1777 4777 ὲν
1811 4724 2024 4786 ἑαυτοῖς

451 4820 800 4890 ἀθροίσωμεν
827 4820 926 4889 ἀρε
938 4816 1032 4887 τὴν
1057 4819 1149 4870 καὶ
1177 4817 1372 4884 σοφίαν
1395 4856 1410 4879 ,
1447 4816 1639 4886 μηδεν).
1665 4816 1852 4887 τρόπῳ
1885 4817 2026 4869 κατὰ

455 4915 520 4968 τὸ
546 4912 768 4965 δυνατὸν
797 4909 1072 4980 ἀνθρώπῳ
1104 4908 1436 4978 λειπομένην
1467 4909 1566 4976 τῆς
1600 4909 1736 4975 πρὸς
1771 4907 1831 4960 τὸ
1860 4907 2027 4978 ἀρχέ-

458 5019 630 5058 τυπον
660 5001 893 5071 ἀληθοῦς
925 5000 1304 5069 ὲκμιμήσεως.
1365 4999 1440 5050 Οὐ
1491 4998 1598 5069 γὰρ
1633 4999 1860 5061 ἀπεικὸς
1890 4999 2030 5051 κατά

459 5097 551 5148 τὸν
591 5093 738 5146 θέσει
769 5092 950 5160 λόγον,
985 5091 1078 5143 καὶ
1125 5091 1182 5143 ὲν
1211 5091 1344 5160 ἡμῖν
1379 5089 1600 5158 οἰκῆσαι
1643 5089 1704 5141 τὸ
1754 5089 2031 5160 πλήρωμα

458 5188 557 5256 τῆς
581 5184 856 5255 θεότητος,
885 5182 946 5236 τὸ
972 5183 1034 5236 ὲκ
1063 5181 1336 5252 διαφόρων
1369 5181 1701 5252 συνεστηκὸς
1732 5199 2033 5252 πνευματι-

459 5278 574 5334 κῶν
607 5276 1006 5349 θεωρημάτων.

531 5537 639 5608 κβ’.
668 5539 879 5609 Ὥσπερ
908 5539 937 5592 ό
974 5535 1103 5608 παρ’
1139 5536 1269 5607 ἡμῖν
1299 5533 1476 5602 λόγος,
1523 5536 1588 5587 ὲκ
1629 5533 1724 5587 τοῦ
1762 5534 1855 5588 νοῦ
1893 5533 2036 5587 κατά

2102 1789 2269 1842 ritum
2297 1788 2559 1842 transitus
2589 1805 2600 1840 :
2629 1787 2707 1841 sic
2737 1801 2957 1856 quoque
2986 1801 3045 1842 se
3081 1795 3237 1856 gerat
3259 1792 3481 1855 oportet
3503 1787 3596 1855 qui
3622 1786 3678 1838 in

2101 1881 2368 1935 orationis
2413 1881 2536 1935 loco
2577 1878 2914 1933 constitutus
2957 1886 3060 1940 est,
3103 1885 3341 1932 mentem
3374 1876 3679 1931 seilicetab

2103 1973 2380 2038 humanis,
2417 1971 2700 2041 animique
2742 1984 2964 2024 sensum
3008 1967 3074 2022 ad
3129 1967 3402 2023 diviniora
3441 1968 3677 2032 attollat,

2103 2079 2212 2134 quo
2245 2063 2637 2134 nempeetiam
2668 2061 2856 2117 Jesum
2896 2060 3096 2114 Filium
3136 2060 3255 2126 Dei,
3279 2061 3373 2129 qui
3397 2060 3565 2114 caelos
3587 2074 3682 2128 pe-

2105 2153 2435 2219 netravit",
2463 2153 2619 2222 sequi
2653 2152 2868 2218 valeat;
2909 2151 3003 2221 qui
3034 2151 3296 2206 nimirum
3327 2151 3442 2220 ipse
3477 2150 3681 2219 ubique

2106 2245 2400 2311 exsistens,
2446 2244 2630 2299 omnia
2661 2252 2889 2313 propter
2927 2258 3028 2296 nos
3059 2242 3363 2297 secundum
3392 2242 3683 2311 dispensa-

2109 2336 2315 2392 tionem
2348 2335 2611 2406 (hominis
2643 2335 2808 2407 489
2827 2333 3039 2389 scilicet
3089 2331 3336 2394 ratione)
3387 2341 3676 2402 pertrans-

2109 2437 2228 2494 eat;
2267 2437 2406 2483 utet
2433 2443 2533 2482 nos
2559 2428 2736 2497 ipsum
2760 2425 3065 2496 sequendo,
3113 2441 3237 2496 qua:
3266 2426 3334 2480 ab
3353 2442 3419 2480 eo
3443 2426 3690 2481 secunda

2109 2528 2260 2583 sunt,
2323 2519 2506 2573 omnia
2557 2525 2926 2580 transeuntes,
2978 2517 3224 2571 adeum
3274 2515 3602 2583 evadamus;
3641 2515 3686 2570 si

2111 2609 2275 2664 modo
2316 2624 2427 2663 non
2475 2624 2542 2662 ex
2571 2607 2772 2671 carnis,
2823 2622 2930 2677 qua
2982 2622 3040 2661 se
3080 2605 3244 2660 nobis
3278 2605 3688 2676 dispensatione

2111 2699 2333 2755 demisit
2371 2715 2435 2754 ac
2472 2699 2755 2753 inclinavit
2789 2697 3094 2768 parvitate,
3148 2697 3243 2752 sed
3283 2713 3353 2752 ex
3384 2697 3690 2762 maiestatis

2112 2791 2348 2846 naturali
2381 2790 2750 2845 immensitate
2777 2805 2903 2844 eum
2928 2789 3365 2845 intellexerimus
3387 2789 3451 2843 ⁷³.

2186 2883 2274 2938 19.
2313 2883 2561 2946 Praestat,
2592 2897 2691 2952 pro
2714 2897 2778 2936 eo
2804 2897 2866 2936 ac
2903 2881 3064 2935 nobis
3096 2889 3432 2950 praeceptum
3457 2889 3562 2948 est,
3591 2897 3690 2936 va-

2116 2988 2241 3028 care
2275 2988 2495 3043 sempcr
2522 2973 2808 3040 Deumque
2830 2971 3153 3040 quaerere“.
3187 2971 3509 3042 Quanquam
3542 2971 3690 3026 enim

2116 3064 2248 3118 dmn
2277 3061 2496 3117 mortali
2537 3061 2638 3116 hac
2690 3061 2803 3116 vita
2841 3061 3172 3131 qumrimus,
3215 3061 3417 3116 divina:
3449 3062 3695 3118 altitudi-

2117 3155 2205 3209 nis
2260 3153 2420 3208 ﬁnem
2459 3151 2678 3222 assequi
2711 3168 2822 3206 non
2866 3167 3187 3221 possumus;
3231 3151 3460 3207 forsitan
3510 3161 3695 3208 tamen

2119 3245 2396 3299 modicum
2451 3245 2644 3299 saltem
2693 3243 3072 3313 tantispcrque
3123 3258 3243 3298 eam
3290 3252 3692 3314 assequentes,

2120 3338 2326 3391 sanctis
2347 3336 2646 3401 sanctiora,
2673 3344 2728 3390 et
2753 3335 3092 3404 spiritalibus
3117 3335 3453 3404 spiritaliora
3470 3345 3696 3391 contue-

2119 3429 2322 3483 bimur.
2363 3427 2532 3499 quue
2577 3443 2676 3498 per
2707 3426 2936 3498 ﬁguram
2968 3427 3217 3482 declarat
3238 3443 3487 3484 summus
3509 3444 3694 3484 sacer-

2121 3521 2242 3587 dos,
2270 3535 2395 3574 cum
2427 3535 2460 3572 a
2508 3517 2735 3580 sanctis,
2770 3534 2891 3587 qua:
2934 3526 3064 3572 sunt
3105 3518 3249 3572 atrio
3295 3519 3592 3585 sanctiora,
3624 3521 3694 3575 ad

2123 3613 2322 3668 Sancta
2355 3619 2698 3675 sanctorum,
2746 3625 2867 3680 qua:
2908 3616 3039 3664 sunt
3068 3609 3274 3664 sanctis
3306 3611 3580 3666 sanctiora
3611 3611 3698 3666 in-

2122 3703 2389 3775 greditur.

2192 3793 2280 3848 20.
2318 3793 2508 3849 Omnis
2542 3793 2639 3848 Dei
2687 3809 2892 3860 sermo,
2939 3809 3043 3848 nec
3080 3793 3429 3863 multiloquio
3457 3803 3694 3861 constat,

2123 3900 2227 3939 nec
2257 3885 2669 3955 multiloquium
2711 3901 2810 3940 seu
2842 3885 3136 3955 garrulitas
3165 3892 3282 3951 est;
3317 3885 3412 3940 sed
3443 3902 3586 3940 unus
3629 3902 3700 3943 ex

2123 3975 2357 4032 diversis
2377 3976 2735 4031 theorematis
2755 3991 2819 4030 ac
2844 3974 3384 4030 considerationibus
3412 3983 3697 4044 constans;

2123 4086 2358 4142 quorum
2401 4068 2704 4140 quodlibet,
2757 4083 2886 4138 pars
2935 4067 3206 4121 sermonis
3235 4076 3337 4122 est.
3380 4067 3481 4134 Qui
3515 4069 3702 4139 itaque

2125 4140 2555 4218 causaveritatis
2579 4166 2720 4223 orat,
2740 4160 2826 4214 vel
2859 4158 2903 4214 si
2927 4159 3002 4213 ita
3024 4174 3278 4229 perorare
3301 4173 3428 4214 eum
3459 4160 3705 4232 contige-

2128 4257 2220 4320 rit,
2257 4265 2318 4310 ut
2356 4254 2496 4309 nihil
2528 4251 2674 4322 quod
2712 4257 2922 4321 spectet
2949 4251 3016 4304 ad
3041 4249 3404 4320 quazstionem
3444 4250 3522 4304 illi
3554 4251 3702 4308 desi-

2055 4360 2099 4414 ι)
2129 4348 2376 4409 deretur,
2409 4361 2580 4400 unum
2614 4344 2710 4398 Dei
2747 4358 3058 4397 sermonem
3089 4341 3249 4395 dixit.

2199 4437 2288 4492 91.
2349 4435 2492 4491 Sane
2530 4434 2584 4488 in
2627 4433 2885 4496 Christo,
2940 4431 3034 4500 qui
3088 4431 3233 4485 Deus
3287 4431 3358 4484 sit
3407 4445 3472 4484 ac
3524 4430 3703 4485 Patris

2133 4529 2345 4593 Sermo,
2381 4534 2492 4580 tota
2516 4524 2819 4580 secundum
2852 4523 3147 4578 essentiam
3181 4522 3391 4576 habitat
3416 4521 3704 4591 plenitudo

2133 4617 2442 4674 divinitatis
2479 4614 2844 4686 corporaliter
2867 4613 2952 4665 "z
2989 4611 3045 4665 in
3090 4611 3254 4666 nobis
3293 4626 3424 4666 vere
3458 4627 3556 4679 per
3585 4627 3707 4680 gra-

2134 4710 2264 4764 tiam
2295 4709 2510 4762 habitat
2558 4705 2844 4776 plenitudo
2875 4701 3215 4763 divinitatis;
3250 4709 3379 4755 tunc
3420 4701 3706 4768 nimirum,

2132 4817 2256 4856 eum
2279 4801 2335 4854 in
2362 4799 2521 4854 nobis
2544 4811 2763 4851 omnem
2809 4793 3030 4848 cumulo
3072 4793 3332 4847 virtutem
3355 4792 3707 4861 sapientiam-

2126 4909 2232 4963 que
2259 4891 2721 4948 aeervavcrimus.
2757 4901 2864 4955 qua
2901 4884 3041 4938 nihil
3071 4883 3235 4947 desit,
3267 4883 3449 4952 quoad
3495 4883 3703 4938 homini
3773 4915 3778 4930 ι

2127 4999 2448 5040 concessum
2475 4989 2580 5046 est,
2605 4995 2715 5050 quo
2743 4993 2927 5033 veram
2961 4976 3266 5047 principem
3305 4973 3534 5028 formam
3578 4975 3706 5028 imi-

2130 5086 2331 5130 temur.
2379 5075 2491 5129 Nec
2538 5073 2687 5126 enim
2736 5069 3032 5141 quidquam
3098 5066 3359 5121 abhorret
3415 5066 3708 5136 quominus

2130 5166 2371 5237 gratuito
2395 5164 2490 5219 Dei
2544 5177 2774 5217 munere
2820 5161 3052 5229 ejusque
3084 5159 3401 5223 voluntate,
3452 5159 3508 5212 in
3549 5161 3711 5216 nobis

2137 5273 2356 5328 quoque
2389 5255 2659 5311 inhabitet
2706 5251 2992 5324 plenitudo
3032 5250 3359 5316 divinitatis,
3385 5267 3506 5321 qua:
3534 5266 3603 5306 ex
3630 5253 3712 5306 di-

2137 5349 2313 5404 versis
2358 5347 2716 5403 theorematis
2776 5343 3061 5413 sensisque
3120 5341 3465 5412 spiritalibus
3513 5345 3710 5400 coalita

2139 5449 2242 5495 est.

2211 5530 2299 5586 22.
2335 5529 2804 5598 Quemadmodum
2836 5533 3023 5592 noster
3066 5526 3352 5592 hominum
3384 5537 3585 5582 sermo.
3614 5538 3715 5592 per

532 5659 576 5691 "
607 5659 746 5714 Psal.
769 5674 986 5722 xxxvnt,
1037 5659 1120 5712 15.
1193 5655 1241 5686 '°
1275 5654 1416 5712 Psal.
1447 5670 1671 5721 uxxnt,
1707 5656 1759 5711 8.
1835 5655 1878 5686 '”
1907 5653 2013 5708 11C

2132 5667 2212 5718 nt,
2252 5650 2336 5708 18.
2415 5651 2460 5681 ⁷³
2484 5648 2653 5705 Hebr.
2685 5665 2756 5714 ιν,
2783 5648 2869 5704 14.
2945 5647 2993 5679 ’³
3025 5643 3067 5699 ll
3093 5642 3217 5700 Cor.
3250 5660 3302 5708 v,
3337 5641 3421 5698 16.
3463 5636 3511 5671 "’
3567 5640 3712 5697 Psal.

462 5745 586 5795 XLV,
615 5731 672 5784 11
698 5747 711 5795 ;
739 5745 842 5796 ειν,
875 5731 926 5782 4.
1007 5729 1048 5759 ⁷⁸
1077 5726 1286 5783 Coloss.
1314 5741 1372 5791 ιι,
1405 5725 1458 5778 9.
