4076 6420
347 468 482 532 lla?

341 578 412 643 ἡν
443 574 470 624 6
503 575 739 646 ἀψευδὴς
769 579 901 645 Θεὸς
924 582 1165 640 δείκνυσι
1193 593 1287 644 καὶ
1311 592 1617 664 ἐπαγγέλλε

342 661 535 736 ὥσπερ
565 668 797 724 ἔπαθλον
822 676 1046 747 ἀρετῆς,
1081 683 1194 746 τοῖς
1224 685 1510 753 ἀγαπῶσιν
1534 692 1721 746 αὐτόν.

418 757 520 821 κζ’.
571 761 630 812 Εἰ
665 763 985 840 ἐσταυρώθη
1016 770 1082 823 δι’
1113 773 1263 844 ἡμᾶς
1311 777 1370 845 ἐξ
1421 780 1707 846 ἀσθενείας
1748 786 1777 838 6
1828 785 1924 840 τοῦ

345 849 482 948 Θεοῦ
518 852 712 922 Λόγος,
756 858 850 948 καὶ
893 861 1105 934 ἠγέρθη
1135 866 1202 920 ἐκ
1231 867 1512 940 δυνάμεως
1558 874 1717 944 Θεοῦ,
1767 877 1925 948 δῆλον

347 938 429 991 ὅτι
475 947 868 1012 πνευματικῶς
915 949 985 1002 δι’
1038 954 1186 1023 ημᾶς
1217 958 1306 1010 ἀεὶ
1343 959 1505 1014 τοῦτο
1534 964 1626 1017 καὶ
1660 969 1807 1019 ποιεῖ
1831 969 1925 1022 καὶ

344 1031 549 1102 πάσχει
575 1048 588 1063 ’
637 1036 712 1100 ὡς
755 1041 892 1093 πᾶσι
940 1043 1119 1098 πάντα
1150 1050 1456 1118 γινόμενος,
1493 1054 1586 1116 Ῑνα
1621 1055 1769 1129 σώσῃ
1797 1060 1924 1123 τοὺς

341 1123 577 1189 πάντας.
635 1131 847 1186 Οὐκοῦν
901 1135 1084 1200 καλῶς
1112 1140 1140 1191 6
1177 1140 1319 1206 θεῖος
1354 1144 1674 1212 Ἀπόστολος
1721 1150 1779 1202 ἐν
1808 1153 1923 1215 τοῖς

343 1218 655 1287 Κορινθίοις
691 1222 1031 1294 ἀσθενοῦσιν,
1067 1230 1218 1284 οὐδὲν
1250 1234 1464 1306 ἔκρινεν
1496 1239 1719 1307 εἰδέναι,
1751 1245 1800 1295 εί
1845 1244 1920 1316 μὴ

352 1306 565 1376 Ἰησοῦν
605 1311 860 1382 Χριστὸν,
900 1317 995 1370 καὶ
1044 1319 1234 1374 τοῦτον
1296 1306 1731 1396 ἐσταυρωμένον.
1761 1306 1920 1400 Ἐφεί

339 1401 479 1466 dies;
512 1403 569 1456 δὲ
621 1405 841 1476 γράφει,
874 1410 1099 1476 τελείοις
1125 1410 1266 1481 οὖσι,
1307 1414 1368 1470 τὸ
1389 1457 1402 1481 ,
1460 1419 1788 1490 Συνήγειρε
1818 1423 1918 1476 καὶ

335 1495 745 1552 συνεκάθισεν
795 1501 954 1568 ἡμᾶς
987 1507 1020 1558 ὁ
1076 1506 1220 1572 Θεὸς
1267 1509 1338 1561 ἐν
1373 1508 1499 1575 τοῖς
1535 1509 1918 1579 ἐποιφανίοις

333 1588 405 1637 ἐν
435 1589 668 1657 Χριστῷ
713 1593 908 1657 Ἰησοῦ
931 1611 944 1624 ·
991 1598 1132 1650 κατὰ
1157 1599 1254 1670 τὴν
1281 1601 1658 1669 ἀναλογοῦσαν
1701 1605 1918 1676 ἑκάστῳ

333 1679 590 1750 δύναμιν,
649 1684 738 1737 τὸν
783 1685 878 1738 τοῦ
929 1688 1067 1742 Θεοῦ
1129 1692 1300 1760 Λόγον
1361 1694 1609 1762 γίνεσθαι
1667 1697 1916 1766 φάσκων.

333 1774 677 1845 Σταυροῦται
701 1777 881 1833 τοίνυν
911 1785 1024 1846 τοῖς
1053 1782 1133 1837 ἔτι
1176 1786 1311 1854 πρὸς
1346 1787 1630 1841 εὐσέϐειαν
1676 1806 1915 1859 πρακτι-

332 1867 449 1930 κῶς
472 1870 865 1940 εἰσαγομένοις,
890 1876 988 1938 τὰς
1011 1876 1279 1946 ἐμπαθεῖς
1301 1879 1480 1933 αὐτῶν
1503 1881 1578 1951 τῷ
1606 1882 1736 1952 θείῳ
1762 1881 1914 1952 φόϐῳ

332 1962 626 2032 προσηλῶν
672 1964 972 2036 ἐνεργείας.
1011 1970 1318 2026 Ἀνίσταται
1357 1973 1413 2026 δὲ
1450 1975 1544 2028 καὶ
1578 1975 1786 2031 ἄνεισιν
1832 1979 1914 2042 είς

330 2047 620 2116 οὐρανοὺς,
657 2053 767 2116 τοῖς
798 2053 917 2108 ὅλον
949 2056 1041 2110 τὸν
1067 2058 1296 2115 παλαιδν
1326 2063 1796 2135 ἁπεκδυσαμένοις
1818 2067 1912 2121 ἀν-

331 2135 573 2208 θρωπον,
606 2141 696 2195 τὸν
733 2145 1090 2217 φθειρόμενον
1123 2153 1266 2205 κατὰ
1314 2153 1415 2218 τάς
1465 2157 1764 2226 ἐπιθυμίας
1809 2160 1912 2229 τῆς

330 2228 554 2298 ἀπάτης
574 2249 587 2262 ο
621 2235 712 2286 καὶ
737 2236 858 2290 ὅλον
888 2239 978 2292 τὸν
1003 2241 1124 2294 νέον
1147 2243 1552 2315 ἐνδυσαμένοις,
1578 2248 1670 2302 τὸν
1702 2250 1790 2303 διὰ
1815 2228 1908 2305 τοῦ

328 2321 645 2391 πνεύματος
678 2331 799 2381 κατ’
834 2332 1034 2385 εἰκόνα
1060 2335 1197 2388 Θεοῦ
1243 2338 1590 2408 κτιζόμενον,
1629 2342 1724 2396 καὶ
1768 2343 1909 2414 πρὸς

323 2410 421 2462 τὸν
476 2414 696 2487 Πατέρα
759 2420 856 2488 τῆς
913 2422 972 2473 ἐν
1024 2425 1212 2489 αὐτοῖς
1279 2430 1504 2499 χάριτος
1558 2410 1906 2504 γενομένονιςο

336 2503 644 2574 ’Υπεράνω
673 2509 882 2579 πάσης
920 2513 1130 2583 Ἇρχῆς
1162 2519 1262 2572 καὶ
1310 2520 1631 2589 Ἐξουσίας
1661 2523 1757 2578 καὶ
1800 2527 1908 2579 Δυ-

321 2592 561 2661 νάμεως
611 2598 710 2650 καὶ
762 2605 1143 2672 Κυριότητος,
1188 2608 1285 2661 καὶ
1329 2611 1560 2678 παντὸς
1613 2613 1906 2681 ὀνόματος

321 2683 780 2757 ὀνομαζομένου,
816 2695 936 2750 εἴτε
992 2698 1062 2750 ἐν
1102 2699 1182 2764 τῷ
1214 2701 1387 2756 αἰῶνι
1413 2705 1619 2772 τούτῳ,
1663 2707 1784 2760 εἴτε
1835 2708 1906 2761 ἐν

320 2772 406 2839 τῷ
427 2777 736 2845 μέλλοντι.
771 2786 958 2841 Πάντα
985 2789 1096 2861 γάρ
1142 2792 1212 2846 τὰ
1259 2796 1400 2863 μετά
1424 2796 1576 2861 Θεὸν,
1628 2799 1719 2852 καὶ
1759 2801 1904 2871 πρά-

317 2880 514 2932 γματα
560 2872 655 2923 καὶ
698 2873 938 2944 ὀνόματα
989 2881 1084 2933 καὶ
1131 2881 1442 2955 ἀξιώματα,
1475 2886 1580 2940 ὑπὸ
1607 2887 1699 2942 τὸν
1737 2890 1796 2944 ἐν
1825 2891 1906 2964 τῷ

317 2957 444 3031 Θεῷ
468 2959 556 3014 διὰ
582 2966 682 3034 τῆς
707 2967 934 3037 χάριτος
963 2973 1330 3046 γενησόμενον
1355 2977 1530 3033 ἔσται.

393 3144 502 3208 κη’.
543 3139 758 3218 ’Ὠσπερ
789 3145 896 3217 πρὸ
928 3149 1030 3219 τῆς
1063 3148 1346 3222 ἐμφανοῦς
1393 3157 1490 3212 καὶ
1541 3160 1688 3215 κατά
1721 3165 1926 3236 cipue.”

316 3232 629 3300 παρουσίας
670 3236 767 3308 (9),
799 3240 1012 3308 νοητῶς
1059 3245 1088 3296 6
1133 3246 1228 3298 τοῦ
1255 3247 1405 3314 ίΘεοῦ
1443 3251 1620 3321 Λόγος
1641 3257 1757 3322 τοῖς
1790 3232 1898 3311 πα-

312 3324 610 3407 τριάρχαις
643 3330 740 3382 καὶ
787 3335 1099 3404 προφήταις
1151 3338 1428 3411 ἐνεδήμει,
1490 3348 1788 3416 προτυπῶν
1832 3351 1900 3406 τά

315 3401 603 3488 μυστήρια
633 3419 734 3489 τῆς
784 3401 970 3477 αῦτοῦ-
999 3401 1346 3500 παρουσίας-⁸
1411 3401 1556 3490 διιτῴ
1611 3439 1706 3490 καὶ
1762 3401 1902 3510 μετά

310 3505 525 3577 ταύτην
568 3510 667 3579 τὴν
704 3513 987 3585 ἐνδημίαν,
1019 3519 1082 3571 οὐ
1124 3521 1291 3590 μόνον
1321 3524 1379 3577 ἐν
1417 3527 1530 3588 τοῖς
1573 3527 1654 3581 ἔτι
1685 3505 1898 3600 νηπίοις

312 3603 712 3670 παραγίνεται,
776 3607 1084 3680 διατρέφων
1145 3616 1536 3686 πνευματικῶς
1595 3621 1691 3674 καὶ
1749 3624 1897 3691 ἄγων

315 3691 456 3762 πρὸς
495 3694 712 3764 ἡλικίαν
741 3699 841 3770 τῆς
865 3702 1010 3756 κατά
1040 3702 1189 3757 Θεὸν.
1211 3706 1556 3780 τελειότητος
1580 3727 1593 3741 ·
1630 3711 1768 3766 ἀλλὰ
1799 3715 1895 3768 καὶ

313 3785 374 3839 ἐν
401 3790 514 3852 τοῖς
543 3791 794 3858 τελείοις,
835 3798 1261 3874 προδιαγράφων
1299 3804 1489 3869 αὐτοῖς
1516 3811 1766 3879 κρυφίως
1797 3815 1898 3884 τῆς

311 3879 627 3952 μελλούσης
671 3886 838 3940 αὑτοῦ
892 3894 1199 3958 παρουσίας
1227 3895 1303 3960 ὡς
1350 3898 1408 3952 ἐν
1437 3901 1605 3954 εἰκόνι
1635 3903 1763 3968 τοὺς
1787 3879 1896 3975 χα-

310 3973 624 4042 ρακτῆρας.

385 4064 488 4117 κθ¹.
507 4065 719 4139 Ὥσπερ
751 4070 799 4122 οἱ
833 4071 1120 4145 τοῦνόμου
1144 4079 1241 4132 καὶ
1260 4079 1371 4135 τῶν
1400 4087 1698 4156 προφητῶν
1720 4089 1888 4159 λόγοι,

306 4155 614 4227 πρόδρομοι
641 4162 1004 4230 τυγχάνοντες
1031 4170 1130 4238 τῆς
1182 4173 1322 4227 κατά
1353 4176 1532 4247 σάρκα
1566 4155 1663 4233 τοῦ
1714 4155 1889 4253 Λόγου

304 4252 636 4320 παρουσίας,
671 4255 771 4318 τὰς
807 4256 988 4328 ψυχάς
1018 4262 1095 4325 εἰς
1143 4264 1380 4335 Χριστὸν
1436 4252 1848 4344 ἐπαιδαγώγουν
1873 4296 1886 4309 ·

301 4341 452 4395 οὕτω
479 4345 576 4397 καὶ
601 4345 766 4410 αὐτὸς
789 4349 818 4401 6
850 4350 1240 4424 δεδοξασμένος
1267 4357 1523 4415 τοῦΘεοῦ
1559 4341 1739 4433 Λόγος.
1758 4385 1890 4440 σαρ-

302 4432 530 4499 κωθεὶς,
581 4439 892 4511 πρόδρομος
918 4446 1018 4514 τῆς
1047 4453 1430 4524 πνευματικῆς
1460 4456 1628 4510 αὑτοῦ
1651 4432 1656 4433 ν
1680 4432 1888 4532 stupeo-

304 4525 433 4590 σίας
466 4529 758 4600 γεγένηται
784 4549 798 4564 ο
864 4538 1238 4608 παιδαγωγῶν
1285 4544 1386 4608 τὰς
1411 4544 1593 4617 ψυχὰς
1631 4549 1722 4604 διὰ
1765 4525 1888 4605 ’τῶν

1173 483 1509 549 CAPITUM
1547 491 1820 553 THEOL.
1860 492 1956 552 ET
1995 491 2232 562 (ECON.
2275 506 2664 575 CENTURIA
2703 517 2785 578 Il.

1623 616 1710 652 ται
1733 598 1924 653 δώσειν
1952 604 2001 660 Α
2028 603 2172 660 Deus
2200 616 2462 683 ostendit,
2490 635 2556 674 ac
2585 638 2644 676 se
2669 623 2928 681 daturum
2947 631 3104 699 quasi
3130 632 3348 692 virtutis
3378 643 3606 707 praemio

2027 700 2339 773 pollicetur,
2368 707 2455 765 his
2479 712 2574 781 qui
2600 714 2781 784 ipsum
2811 717 3066 791 diligunt.

2096 792 2185 847 27.
2245 796 2530 869 Siquidem
2574 805 2673 861 Dei
2723 806 2917 865 Sermo
2953 827 3040 870 ex.
3070 814 3389 876 infirmitate
3428 826 3627 880 nostri-

2027 903 2192 944 causa
2212 893 2510 951 cruciﬁxus
2537 907 2642 966 est,
2673 909 2731 956 et
2760 907 3062 961 resurrexit
3089 907 3143 963 in
3173 910 3379 967 virtute
3405 915 3562 970 Dei"
3586 935 3601 984 ;

2023 980 2186 1049 plane
2217 983 2392 1053 liquet
2415 986 2470 1040 id
2497 1004 2626 1047 eum
2659 1006 2877 1063 semper
2898 1006 3126 1066 propter
3152 1015 3254 1056 nos
3281 980 3606 1072 spiritaliter

2023 1087 2208 1143 agere,
2246 1082 2470 1148 tumque
2499 1080 2882 1153 illiaecidere;
2909 1090 3085 1160 utqui
3123 1093 3383 1158 omnibus
3419 1100 3619 1156 omnia

2025 1165 2136 1231 ﬁat,
2186 1177 2247 1222 ut
2270 1184 2464 1226 omnes
2510 1174 2688 1230 salvos
2725 1177 2908 1233 faciat.
2949 1181 3120 1238 Recte
3172 1185 3341 1255 igitur
3384 1189 3622 1247 divinus»

2021 1258 2358 1329 Apostolus,
2403 1265 2549 1335 apud
2604 1267 2957 1340 Corinthios,
2998 1275 3094 1344 qui
3141 1277 3347 1334 inﬁrmi
3393 1293 3598 1350 essent,

2020 1350 2162 1406 nihil
2213 1367 2273 1408 se
2308 1355 2578 1424 judicavit
2617 1359 2761 1416 scire
2812 1363 2921 1418 nisi
2966 1365 3152 1423 Iesum
3181 1368 3485 1440 Christum,
3540 1387 3599 1432 et

2005 1440 2170 1528 .hunc
2220 1447 2546 1502 crucifixum
2566 1452 2634 1504 ⁸³.
2662 1452 2919 1523 Ephesiis
2968 1466 3174 1526 autem,
3219 1462 3313 1531 qui
3363 1465 3595 1534 perfecti

2017 1534 2178 1606 491
2204 1548 2408 1604 essent,
2440 1541 2496 1596 in
2530 1542 2646 1598 haec
2676 1546 2840 1600 verba
2888 1550 3083 1605 scribit
3112 1569 3125 1605 :
3162 1551 3601 1613 Conrcsuscitav-it

2019 1643 2113 1682 nos
2137 1669 2151 1694 ,
2218 1640 2269 1684 et
2309 1633 2592 1690 consedere
2625 1653 2720 1692 nos
2770 1639 2889 1710 fecit
2931 1643 3073 1700 Deus
3126 1647 3182 1701 in
3213 1648 3505 1706 caelestibus
3543 1655 3606 1706 in

2018 1718 2224 1776 Christo
2283 1722 2503 1793 Iesu“;
2540 1745 2644 1798 pro
2697 1733 2964 1805 cujusque
3019 1737 3296 1796 facultatis
3332 1745 3596 1807 modulo,

2015 1813 2112 1868 Dei
2143 1815 2464 1873 Sermonem
2495 1837 2560 1876 ac
2587 1822 2826 1880 Verbum
2850 1843 2908 1882 se
2933 1829 3136 1887 habere
3166 1833 3374 1890 dicens.
3409 1838 3597 1908 Itaque

2017 1909 2380 1980 crucifigitur,
2411 1913 2499 1979 iis,
2528 1916 2622 1984 qui
2653 1917 2888 1975 actionis
2914 1923 3065 1977 cultu
3096 1925 3166 1978 ad
3203 1927 3460 1996 pietatem
3497 1947 3596 1986 ru-

2017 2001 2257 2057 dimenta
2303 2015 2548 2074 ponunt,
2581 2025 2700 2077 seu,
2731 2011 2825 2081 qui
2860 2012 2950 2068 illa
2993 2014 3361 2083 inducuntur,
3398 2036 3593 2076 eorum

2013 2092 2339 2152 libidinosas
2368 2099 2612 2170 vitioque
2661 2115 2952 2161 concretas
2990 2107 3238 2164 actiones
3279 2110 3470 2167 divino
3521 2113 3591 2167 ti-

2012 2199 2162 2239 more
2193 2186 2492 2258 conligens.
2526 2191 2931 2263 Resurgitvero
2953 2205 3008 2251 et
3040 2198 3094 2252 in
3117 2199 3287 2255 cmlos
3317 2201 3586 2265 ascendit,

2013 2275 2119 2341 his,
2150 2277 2246 2346 qui
2288 2287 2530 2335 veterem
2583 2291 2758 2339 totum
2817 2286 3096 2343 hominem
3141 2298 3438 2357 exuentes,
3495 2296 3591 2363 qui

2011 2367 2391 2436 corrumpitur
2427 2372 2730 2426 secundum
2791 2375 3066 2431 desideria
3121 2381 3362 2446 erroris,
3416 2390 3590 2436 totum

2013 2469 2214 2510 novum
2246 2453 2572 2524 induerunt,
2603 2461 2698 2530 qui
2732 2477 2832 2532 per
2856 2463 3124 2534 Spiritum
3154 2475 3600 2523 crcatursecune

2009 2545 2139 2599 dum
2165 2548 2262 2602 Dei
2287 2550 2582 2621 imaginem
2606 2551 2687 2619 ης
2735 2563 2792 2609 et
2815 2556 2882 2610 ad
2909 2557 3050 2626 ejus,
3084 2573 3208 2627 qum
3251 2558 3307 2613 in
3341 2559 3450 2614 illis
3481 2568 3588 2625 est,

2007 2639 2193 2707 gratia:
2242 2641 2530 2697 Parentem
2557 2654 2853 2700 evaserunt
2885 2664 2898 2701 :
2927 2646 3098 2718 Super
3127 2665 3334 2704 omnem
3374 2649 3588 2706 Primi-

2006 2735 2193 2795 patum
2224 2737 2271 2782 et
2299 2729 2623 2785 Potestatem
2655 2731 3015 2806 Virtutemque
3053 2746 3102 2790 et
3133 2737 3591 2804 Dominationem,

2006 2825 2057 2869 et
2087 2832 2239 2871 omne
2264 2835 2454 2873 nomen
2491 2822 2631 2891 quod
2669 2825 2976 2878 nominatur
2998 2827 3105 2881 sive
3134 2828 3190 2881 in
3236 2829 3331 2882 hoc
3369 2830 3593 2896 swculo,

2003 2908 2112 2962 sive
2143 2908 2199 2962 in
2223 2909 2403 2978 futuro
2420 2911 2486 2964 ⁸⁸.
2530 2911 2727 2968 Omnia
2756 2914 2905 2969 enim
2955 2933 3078 2986 qua:
3125 2933 3155 2972 a
3201 2919 3312 2973 Deo
3346 2920 3602 2977 secunda.-

2003 3008 2154 3066 sunt,
2191 3018 2280 3057 res
2312 3003 2522 3071 pariter
2550 3013 2607 3060 et
2637 3005 2816 3075 capita
2851 3015 2907 3062 et
2937 3007 3256 3078 dignitates,
3291 3010 3392 3076 illi,
3413 3011 3509 3081 qui
3530 3012 3589 3066 in

2003 3091 2117 3148 Deo
2151 3108 2252 3162 per
2280 3095 2512 3164 gratiam
2541 3097 2666 3162 erit,
2701 3098 3090 3169 subjicientur.

2071 3182 2160 3238 28.
2201 3183 2678 3250 Quemadmodum
2717 3197 2844 3244 ante
2889 3191 3250 3261 conspicuum
3300 3209 3364 3249 ac
3419 3209 3588 3251 carne

1927 3301 1972 3363 ο
2005 3268 2665 3334 ειιιὶιιὶιιιιιιέιινθηιιιιη
2689 3318 2704 3343 ,
2749 3279 2848 3335 Dei
2885 3280 3082 3337 Sermo
3118 3283 3446 3353 spiritaliter
3484 3301 3587 3356 pa-~

2005 3368 2265 3424 triarebis
2318 3377 2375 3426 et
2421 3372 2708 3441 prophetis
2754 3373 3128 3440 adveniebat,
3171 3376 3444 3433 adventus
3496 3379 3584 3435 sui

1999 3458 2268 3527 mysteria
2296 3459 2656 3531 prteﬁgurans
2682 3479 2696 3516 :
2722 3462 2805 3518 sic
2839 3477 3065 3533 quoque
3097 3480 3167 3522 eo
3194 3466 3309 3536 jam
3342 3467 3592 3526 adventu-

1999 3549 2305 3618 eompleto,
2341 3566 2453 3606 non
2479 3552 2644 3608 modo
2667 3553 2777 3608 illis
2813 3555 3039 3612 advenit
3061 3597 3076 3622 ,
3107 3558 3202 3626 qui
3230 3559 3416 3614 adhuc
3455 3575 3583 3630 par-

1997 3639 2112 3693 vuli
2140 3648 2271 3695 sunt
2298 3681 2310 3703 ,
2339 3657 2480 3711 quos
2503 3645 2830 3714 spiritaliter
2853 3647 2965 3701 alat
2990 3687 3006 3711 ,
3041 3656 3098 3702 et
3131 3649 3199 3703 ad
3229 3651 3351 3720 ejus
3396 3652 3579 3720 perfe-

1998 3729 2199 3785 ctionis
2237 3739 2478 3799 aetatem,
2508 3750 2630 3804 qua:
2668 3743 2754 3790 est
2795 3737 3101 3791 secundum
3139 3739 3336 3804 Deum,
3375 3741 3578 3808 ducat;

1995 3839 2191 3879 verum
2225 3828 2394 3881 etiam
2424 3826 2711 3896 perfectis,
2746 3830 2966 3885 occulte
2987 3831 3072 3887 eis
3098 3830 3276 3886 futuri
3304 3833 3580 3890 adventus

1995 3913 2082 3969 sui
2109 3916 2462 3973 characteres
2482 3918 2637 3973 velut
2659 3920 2714 3974 in
2741 3921 2978 3993 imagine
3001 3923 3317 3996 designans.

2063 4091 2154 4148 29.
2193 4091 2678 4159 Quemadmodum
2719 4097 2858 4170 legis
2903 4115 2970 4156 ac
3009 4103 3409 4173 prophetarum
3457 4121 3575 4161 ser—

1993 4198 2208 4249 mones,
2233 4185 2328 4253 qui
2352 4185 2640 4242 Sermonis
2667 4187 2724 4242 in
2761 4203 2928 4244 carne
2955 4191 3076 4262 (seu
3111 4191 3302 4262 Verbi)
3335 4211 3579 4264 pra-cur-

1993 4282 2147 4324 sores
2165 4279 2373 4337 essent,
2406 4287 2506 4342 pro
2530 4274 2809 4347 paedagogi
2833 4279 2992 4347 quasi
3017 4297 3247 4337 munere
3273 4284 3486 4339 animas
3506 4286 3573 4340 ad

1991 4360 2272 4419 Christum
2316 4366 2690 4423 erudiebant:
2741 4371 2823 4425 sic
2863 4381 2921 4426 et
2952 4372 3068 4442 ipse
3115 4373 3451 4431 clarificatus
3477 4378 3575 4432 Dei

1993 4450 2190 4508 Sermo
2229 4453 2556 4512 incarnatus
2574 4497 2588 4522 ,
2616 4458 2886 4528 spiritalis
2907 4462 3184 4518 adventus
3212 4465 3296 4519 sui
3327 4481 3576 4535 prtecnr-

1992 4559 2085 4600 sor
2109 4545 2343 4602 ell'eetus
2361 4557 2440 4603 est
2453 4589 2468 4614 ,
2490 4565 2590 4619 per
2606 4566 2896 4609 sermones
2912 4569 3044 4610 suos
3059 4563 3225 4624 atque
3242 4558 3572 4623 doctrinam,

298 4619 524 4673 οἰκείων
548 4621 742 4691 λόγων,
780 4627 917 4699 πρδς
951 4630 1216 4702 ὑποδοχὴν
1259 4635 1362 4704 τῆς
1417 4639 1692 4708 ἐμφανοῦς
1720 4643 1886 4698 αὑτοῦ
1919 4637 1924 4690 Ῑ

2005 4640 2109 4707 ipse
2155 4655 2379 4711 quoque
2428 4642 2498 4697 ad
2548 4645 2915 4714 conspicuum
2963 4619 3216 4703 divinum
3272 4650 3572 4707 adventum

300 4709 496 4780 θεῖκῆς
531 4717 835 4785 παρουσίας
859 4735 872 4750 ·
907 4720 975 4790 ἢν
1004 4722 1092 4776 ἀεὶ
1121 4723 1222 4792 μὲν
1251 4731 1506 4794 ποιεῖται,
1537 4735 1889 4801 μεταϐάλλων

297 4802 413 4855 ἀπὸ
443 4805 542 4874 τῆς
589 4809 792 4876 σαρκὸς
842 4811 977 4882 πρὸς
1029 4813 1088 4867 τὸ
1136 4817 1357 4887 πνεῦμα
1409 4820 1499 4875 διὰ
1531 4823 1638 4876 τῶν
1673 4827 1885 4896 ἀρετῶν

295 4895 430 4958 τοὺς
481 4897 665 4962 ἀξίους
689 4915 705 4930 ·
753 4903 971 4973 ποιήσει
1017 4905 1076 4958 δὲ
1124 4908 1220 4963 καὶ
1251 4911 1344 4963 ἐπὶ
1369 4913 1515 4966 τέλει
1542 4915 1636 4969 τοῦ
1661 4895 1880 4989 αἰῶνος,

299 4986 566 5055 ἐμφανῶς
595 4989 1006 5048 ἀποκαλύπτων
1034 4995 1103 5049 τά
1135 4998 1274 5063 τέως
1301 5002 1468 5057 πᾶσιν
1497 5003 1806 5080 ἀπόρρητα.

344 5161 438 5216 ·λ⁹.
467 5164 769 5233 Ὅσονέγὼ
797 5168 915 5237 εἰμι
959 5169 1158 5242 ἀτελὴς
1204 5175 1300 5228 καὶ
1349 5175 1745 5246 ἀνυπότακτος,
1803 5185 1882 5258 μὴ

1989 4745 2152 4785 suum
2202 4733 2642 4804 suscipiendum,
2685 4737 2902 4792 animos
2950 4738 3235 4795 erudiens.
3295 4741 3453 4796 llune
3481 4743 3574 4797 ille

1987 4820 2286 4876 adventum
2341 4839 2559 4894 semper
2602 4824 2758 4889 facit,
2791 4826 3061 4882 virtutum
3121 4829 3273 4886 cultu
3324 4847 3422 4886 eos
3474 4833 3569 4902 qui

1986 4911 2140 4983 digni
2170 4914 2286 4968 sint
2331 4929 2364 4969 a
2407 4930 2575 4970 carne
2620 4916 2690 4970 ad
2735 4917 2995 4987 spiritum
3049 4929 3407 4984 convertens,
3453 4931 3567 4977 tum

1983 5019 2116 5059 vero
2164 5006 2333 5062 etiam
2393 5006 2449 5062 in
2491 5007 2603 5063 fine
2647 5009 2836 5066 saeculi
2863 5009 3122 5068 facturus
3165 5022 3285 5080 est,
3337 5031 3401 5069 ea
3449 5031 3569 5087 quae

1988 5099 2500 5156 cunetishaetenus
2519 5116 2718 5157 arcana
2740 5110 2889 5168 sunt,
2916 5104 3094 5174 palam
3122 5105 3357 5162 faciens.

2059 5192 2147 5247 50.
2188 5191 2446 5258 Quandiu
2480 5209 2584 5265 ego
2619 5195 2984 5264 imperfectus
3021 5211 3145 5252 sum
3177 5207 3236 5253 et
3271 5213 3385 5252 non
3430 5200 3569 5255 sub-

295 5254 595 5310 ὐπακούων
633 5255 728 5310 τοῦ
777 5257 916 5311 Θεοῦ
965 5260 1054 5315 διὰ
1101 5263 1204 5334 τῆς
1256 5267 1523 5336 ἐργασίας
1581 5273 1692 5328 τῶν
1725 5277 1884 5330 ἐντο-

2005 5293 2183 5348 ectus,
2228 5283 2323 5353 qui
2370 5254 2628 5340 mandata
2668 5285 2948 5356 implendo
2971 5328 2985 5352 ,
3019 5287 3137 5343 Deo
3169 5305 3279 5344 non
3311 5306 3562 5360 parcam;

292 5345 410 5399 λῶν
439 5347 530 5418 (b)'
588 5349 729 5420 μήτε
773 5352 1057 5423 γινόμενος
1088 5357 1229 5411 κατὰ
1283 5359 1382 5431 τὴν
1424 5362 1627 5430 γνῶσιν
1674 5366 1880 5434 τέλειος

292 5441 421 5502 ταῖς
446 5443 641 5515 φρεσίν
661 5461 676 5474 ·
733 5444 933 5516 ἀτελὴς
980 5447 1076 5501 καὶ
1126 5450 1506 5520 ἀνυπότακτος
1535 5456 1596 5510 τὸ
1625 5462 1744 5512 κατ’
1774 5463 1876 5532 ἐμὲ

292 5533 396 5586 καὶ
423 5534 660 5606 Χριστὸς
684 5536 965 5607 νομίζεται
998 5539 1067 5593 δι’
1099 5542 1202 5613 ἐμέ
1224 5558 1239 5573 ο
1279 5545 1418 5614 μειῶ
1446 5546 1556 5618 γὰρ
1586 5549 1752 5605 αὐτὸν
1779 5555 1877 5608 καὶ

356 5692 484 5818 "2’1"
523 5693 650 5750 Cor.
685 5711 797 5762 xm,
827 5699 880 5753 4.
952 5698 1044 5754 ⁸⁵1
1082 5699 1209 5757 Cor.
1245 5719 1304 5768 ιι,
1333 5705 1388 5760 2.

293 5776 453 5819 1.21.

1478 5708 1525 5740 “
1547 5709 1749 5780 Ephes.
1781 5728 1840 5779 ιι,
1876 5714 1928 5770 6.

1985 5388 2109 5438 nec,
2171 5373 2319 5444 quod
2373 5376 2571 5430 attinet
2612 5375 2680 5432 ad
2725 5377 3041 5444 scientiam,
3092 5381 3262 5436 animi
3307 5383 3567 5438 sensibus

1985 5463 2270 5534 perfectus
2307 5465 2464 5533 fiam;
2511 5467 2679 5522 etiam
2711 5467 2970 5527 Christus
2996 5471 3102 5528 mei
3128 5488 3330 5538 causa,
3373 5482 3566 5544 quate-

1985 5571 2094 5612 nus
2113 5557 2304 5624 bomo,
2338 5558 2698 5629 imperfectus
2723 5569 2780 5616 et
2803 5561 2923 5633 ipse
2945 5563 3105 5620 audit
3123 5573 3180 5620 et
3233 5581 3344 5619 non
3374 5567 3562 5639 subje-

2023 5716 2068 5748 ⁸⁵
2095 5717 2298 5789 Ephes.
2331 5735 2404 5785 tv,
2450 5718 2647 5788 22-24;
2672 5719 2882 5778 Coloss.
2920 5737 3000 5790 ιιι,
3033 5721 3087 5791 9,
3130 5723 3214 5780 10.
3286 5722 3334 5757 ¹⁶
3363 5719 3559 5793 Ephes.

359 5897 438 5968 (ὁ)
469 5897 593 5952 llaec
612 5899 860 5969 pluribus
891 5904 1186 5978 Gregorius
1213 5911 1366 5982 Naz.,
1395 5927 1538 5972 orat.
1565 5921 1597 5975 .l
1617 5920 1692 5976 De
1717 5920 1994 5994 theologia.
