4076 6426
509 480 642 548 113‘!)

1673 486 1734 547 S.
1771 487 2058 547 ΜΑΧΙΜΙ
2096 486 2601 553 (ΣΟΝΕΕΞΒΟΒΙΞ

3622 458 3773 557 ιιιο

502 607 643 656 ctus.
678 599 865 658 Minue
901 604 1050 660 enim
1074 619 1200 661 eum
1233 612 1288 660 et
1318 604 1546 667 dctcro,
1582 603 1675 673 qui
1700 603 1928 674 paribus
1956 617 2082 659 cum

2194 605 2417 671 κολοϐῶ,
2458 607 2532 678 μὴ
2583 607 2927 672 συναυξάνων
2982 603 3134 673 αὐτῷ
3184 605 3325 661 κατᾶ
3374 605 3627 676 πνεῦμα,
3686 609 3761 673 ὡς

503 686 600 745 illo
625 694 938 763 augmentis
971 711 1083 750 non
1110 710 1379 759 crescam,
1411 710 1535 750 cum
1563 693 1769 755 Christi
1798 710 2001 765 corpus
2024 702 2081 750 et

440 860 448 867 .
505 783 754 839 membra
785 800 853 840 ex
881 793 1039 857 parte
1071 787 1333 843 exsistam
1360 786 1430 840 ⁸⁷.

573 873 737 945 492
788 877 877 931 51.
914 876 1098 932 Oritur
1128 879 1228 943 sol,
1264 887 1311 933 et
1342 879 1528 933 occidit
1554 877 1669 942 sol,
1707 878 1890 948 inquit
1932 879 2087 949 Scri;

507 976 672 1036 ptura
722 967 790 1023 ⁸⁸.
838 969 1014 1038 Igitur
1064 980 1121 1024 et
1172 973 1349 1041 ipsum
1383 971 1651 1035 Verbum,
1708 988 1807 1027 seu
1859 972 2078 1037 Sermo,

505 1059 840 1130 quandoque
881 1077 1126 1126 sursum,
1162 1063 1492 1134 quandoque
1520 1063 1779 1119 deorsum
1813 1079 1935 1120 esse
1967 1064 2083 1120 exi-

507 1149 786 1215 stimatur,
815 1166 918 1222 pro
950 1168 1144 1207 eorum
1168 1152 1383 1209 scilicet
1406 1152 1698 1225 dignitate,
1734 1154 1963 1226 ipsaque
1990 1171 2081 1211 ra-

507 1241 660 1296 tione
688 1250 785 1296 aut
808 1242 996 1309 modo,
1030 1243 1126 1314 qui
1152 1243 1416 1299 virtutem
1444 1243 1656 1307 colunt,
1693 1253 1749 1299 et
1769 1245 1917 1300 circa
1941 1245 2084 1300 divi-

506 1347 635 1385 nam
678 1333 968 1388 scientiam
1006 1344 1320 1390 moventur.
1377 1337 1651 1391 Creterum
1709 1336 1935 1400 beatus,
1986 1337 2081 1407 qui

508 1423 683 1479 instar
705 1424 836 1481 Jesu
870 1425 968 1480 lilii
1005 1426 1153 1483 Nave
1181 1428 1246 1491 ",
1273 1427 1456 1482 Solem
1475 1426 1706 1498 justitiae
1737 1427 1792 1482 in
1818 1443 1876 1483 se
1898 1438 2084 1483 servat

508 1515 578 1570 ab
607 1530 807 1572 occasu
843 1516 1080 1573 liberum
1132 1519 1306 1589 (nullo
1343 1519 1553 1575 scilicet
1582 1520 1808 1575 malitia:
1835 1536 1899 1575 ac
1928 1521 2086 1592 igno-

509 1606 702 1661 rantiae
723 1622 953 1678 vespere
976 1609 1481 1680 circumscriptum)
1517 1611 1761 1681 quandiu
1795 1612 2085 1681 praesentis

509 1696 638 1753 vitae
670 1698 782 1754 diei
807 1699 954 1755 linca
1001 1701 1284 1767 tenditur;
1319 1717 1429 1771 quo
1474 1702 1830 1773 insurgentes
1872 1704 1929 1757 in
1955 1717 2083 1757 eum

509 1789 884 1859 nequissimos
912 1790 1212 1858 daemones,
1243 1793 1488 1863 legitime
1526 1794 1760 1849 fundere
1788 1804 1955 1866 atque
1994 1795 2084 1851 fu-

507 1896 640 1951 gare
673 1881 754 1936 llli
784 1883 1086 1938 tribuatur.

2187 698 2345 770 σῶμα
2374 698 2612 770 Χριστοῦ
2641 700 2925 771 τυγχάνων
2952 699 3048 754 καὶ
3073 698 3209 770 μέλη
3244 700 3308 753 ἐκ
3333 699 3555 770 μέρους.

2256 879 2359 933 λα’.
2397 878 2734 933 Ἅνατέλλει
2774 878 2807 932 ὁ
2856 877 3055 947 ἥλιος,
3114 877 3213 931 καί
3254 877 3426 931 δύνει
3476 880 3510 932 ό
3562 878 3762 946 ἥλιος,

2187 972 2353 1043 φησὶν
2383 972 2415 1043 ἡ
2444 971 2659 1042 Γραφή.
2694 970 2904 1025 Οὐκοῦν
2944 969 3038 1024 καὶ
3064 969 3093 1022 6
3125 968 3298 1037 Λόγος
3318 1008 3335 1034 ,
3373 970 3505 1023 ποτὲ
3543 969 3643 1040 μὲν
3675 988 3763 1023 νος

2190 1065 2408 1137 μίζεται
2436 1065 2582 1127 ἂνω,
2619 1061 2750 1116 ποτὲ
2788 1062 2843 1116 δὲ
2875 1062 3048 1128 κάτω,
3084 1062 3225 1115 κατὰ
3263 1061 3363 1133 τὴν
3395 1060 3553 1127 ἀξίαν
3580 1061 3766 1132 δηλον-

2187 1159 2288 1221 ότι,
2326 1157 2421 1211 καὶ
2448 1156 2612 1212 αὐτὸν
2638 1155 2731 1210 τδν
2760 1155 2916 1224 λόγον
2942 1156 2975 1227 ἢ
3000 1155 3094 1208 τὸν
3122 1153 3346 1225 τρόπον,
3368 1155 3477 1207 τῶν
3506 1171 3765 1225 μετερχο-

2192 1250 2369 1322 μένων
2402 1250 2503 1321 τὴν
2534 1247 2757 1321 ἀρετὴν,
2798 1249 2897 1303 καὶ
2932 1236 3062 1317 περὶ
3109 1247 3211 1317 τὴν
3244 1246 3397 1299 θείαν
3424 1246 3765 1315 κινουμένων

2188 1341 2409 1412 γνῶσιν.
2444 1341 2729 1412 Μακάριος
2753 1341 2830 1401 δὲ,
2854 1340 2882 1393 6
2917 1339 3134 1411 κρατῶν
3162 1338 3357 1391 ἄδυτον
3382 1337 3450 1405 (c)
3477 1340 3534 1391 ἐν
3562 1337 3761 1408 ἑαυτῷ,

2190 1428 2334 1483 κατὰ
2392 1428 2484 1482 τὸν
2521 1428 2617 1482 τοῦ
2652 1429 2811 1498 Ναυῆ
2843 1426 3073 1497 Ἰησοῦν,
3126 1427 3219 1480 τὸν
3266 1427 3368 1495 τῆς
3417 1426 3767 1497 δικαιοσύνης

2189 1520 2344 1591 ἥλιον
2368 1534 2382 1549 ⁸
2419 1520 2539 1573 ὅλον
2571 1519 2630 1573 τὸ
2665 1519 2864 1589 μέτρον
2894 1519 2994 1589 τῆς
3015 1518 3157 1570 κατὰ
3179 1516 3279 1587 τὴν
3311 1516 3592 1587 παροῦσαν
3623 1515 3767 1587 ζωὴν

2190 1612 2427 1683 ἡυέρας,
2473 1610 2673 1673 κακίας
2717 1610 2927 1680 ἑσπέρᾳ
2951 1609 3046 1662 καῖ
3081 1608 3358 1676 ἀγνωσίας
3393 1608 3467 1680 μὴ
3494 1624 3765 1678 περιγρα-

2193 1702 2448 1771 φόμενον,
2503 1700 2589 1753 ἵνα
2641 1698 2845 1770 δυνηθῇ
2902 1698 3155 1767 νομίμως
3205 1695 3595 1767 τροπώσασθαι
3642 1696 3771 1761 τοὺς

2192 1792 2657 1862 ἐπανισταμένους
2682 1789 2843 1845 αὑτοῦ
2877 1789 3146 1859 πονηροὺς
3166 1787 3446 1857 δαίμονας.

577 1972 666 2043 52.
706 1972 991 2031 Exaltatus
1021 1975 1078 2030 in
1102 1977 1265 2032 nobis
1295 1977 1393 2033 Dei
1422 1977 1618 2033 Sermo
1656 1979 1893 2034 actionis
1936 1980 2090 2034 cultu

2264 1965 2363 2038 λβ’.
2399 1964 2737 2035 ’Υψούμενος
2768 1964 2827 2018 ὲν
2849 1966 2983 2035 ἡμῖν
2999 1966 3026 2018 6
3047 1963 3138 2017 τοῦ
3163 1964 3299 2018 Θεοῦ
3315 1965 3487 2034 Λόγος
3516 1964 3604 2018 διὰ
3631 1965 3775 2036 πρά-

506 2071 566 2119 ct
586 2065 1097 2136 contemplationis,
1139 2082 1334 2123 omnes
1358 2068 1427 2123 ad
1453 2083 1513 2123 se
1544 2069 1717 2124 trahit
1755 2072 1835 2136 '°;
1874 2079 2097 2126 nostras

509 2155 729 2214 scilicet
759 2165 876 2213 tum
911 2159 1278 2230 cogitationes
1324 2171 1438 2215 tum
1485 2160 1760 2226 rationes,
1796 2161 1944 2217 circa
1973 2175 2097 2215 car-

509 2264 640 2304 nem
686 2250 1041 2322 animamque
1088 2267 1154 2308 ac
1197 2266 1452 2307 naturam
1490 2260 1810 2319 versantes;
1863 2254 2092 2323 ipsaque

508 2339 652 2395 adeo
683 2341 933 2396 membra
975 2343 1229 2412 corporis
1271 2358 1337 2398 ac
1370 2358 1569 2398 sensus
1598 2344 1806 2398 virtute
1829 2344 2094 2400 scientia-

508 2446 620 2500 que
651 2431 1036 2498 sanctitlcans,
1068 2444 1231 2503 atque
1261 2434 1367 2489 sub
1410 2450 1572 2489 suum
1610 2434 1838 2490 mittens
1876 2436 2091 2506 jugum.

508 2520 614 2588 Qui
654 2521 827 2592 igitur
876 2522 1191 2578 divinorum
1236 2524 1517 2595 inspector
1541 2534 1646 2590 est,
1672 2526 1874 2581 festiue
1899 2541 2096 2582 ascen-

508 2608 604 2664 dat
626 2609 952 2669 Sermonem
982 2627 1242 2683 sequens,
1265 2614 1443 2668 donec
1462 2614 1530 2669 ad
1553 2614 1758 2680 locum,
1784 2615 1839 2669 in
1864 2631 1976 2687 quo
2000 2616 2094 2672 ille

507 2707 783 2766 versatur,
809 2702 1116 2772 perveniat.
1158 2702 1277 2757 Illic
1303 2703 1453 2758 enim
1506 2704 1692 2769 trahit,
1735 2705 2097 2775 quemadmo-

507 2791 642 2846 dum
664 2790 744 2847 ait
767 2792 1152 2859 Ecclesiastes,
1174 2795 1409 2864 atquein
1436 2793 1610 2848 locum
1641 2811 1797 2849 suum
1828 2796 1993 2850 trahit
2020 2796 2090 2860 ἰς

506 2898 607 2939 eos
644 2898 869 2959 nempe,
910 2886 1006 2955 qui
1050 2885 1204 2939 velut
1241 2900 1499 2956 magnum
1527 2886 1877 2953 Pontificem,
1916 2894 1973 2942 et
1998 2886 2094 2957 qui

510 2975 739 3032 inducat
769 2976 825 3030 in
853 2975 1055 3031 Sancta
1085 2985 1401 3030 sanctorum
1428 3015 1442 3040 ,
1470 2985 1817 3046 sequuntur;
1857 2991 1970 3046 quo
2002 2976 2097 3030 ille

511 3080 559 3121 St
574 3065 818 3122 cundum
849 3065 999 3134 quod
1022 3065 1210 3129 homo,
1235 3081 1331 3135 pro
1348 3064 1493 3119 nobis
1509 3080 1806 3135 prwcursor
1822 3066 2097 3135 ingressus

513 3164 593 3212 est
618 3157 691 3212 ν’.

585 3249 677 3305 55.
719 3248 825 3315 Qui
869 3247 1095 3320 pietatis
1143 3247 1455 3303 rationibus
1499 3249 1800 3303 haerentem
1848 3246 2095 3318 philbso-

2195 2059 2330 2125 ξεως
2358 2057 2454 2112 καὶ
2483 2056 2738 2129 θεωρίας,
2768 2057 2980 2120 πάντας
3006 2056 3155 2110 ἕλκει
3187 2058 3323 2129 πρὸς
3350 2058 3546 2111 ἑαυτόν
3567 2074 3582 2088 ·
3644 2057 3773 2122 τούς

2192 2165 2251 2201 τε
2288 2148 2418 2219 περὶ
2445 2147 2625 2217 σάρκα
2650 2147 2746 2200 καὶ
2773 2145 2950 2217 ψυχὴν
2980 2147 3076 2200 καὶ
3104 2147 3267 2216 φύσιν
3294 2148 3405 2201 τῶν
3437 2147 3610 2201 ὄντων
3632 2151 3773 2219 ἡμε·

2190 2240 2382 2307 τέρους
2421 2237 2716 2309 λογισμούς
2743 2255 2804 2291 τε
2850 2239 3199 2307 καιελόγους,
3233 2239 3329 2293 καὶ⁵
3359 2238 3500 2293 αὐτὰ
3529 2240 3598 2294 τὰ
3628 2240 3767 2311 μέλη

2193 2328 2288 2380 τοῦ
2324 2326 2585 2398 σώματος·
2629 2325 2723 2380 καὶ
2773 2326 2874 2390 τὰς
2926 2326 3207 2399 αἰσθήσεις
3256 2328 3379 2382 κατ’
3427 2328 3630 2399 ἀρετὴν
3674 2329 3770 2383 καὶ

2193 2417 2396 2488 γνῶσιν
2429 2417 2695 2487 ἁγιάζων,
2731 2417 2828 2471 καὶ
2857 2417 2964 2472 ὑπὸ
2994 2418 3088 2471 τὸν
3119 2417 3287 2472 αὑτοῦ
3314 2417 3479 2487 ζυγὸν
3509 2419 3772 2490 ποιούμε-

2193 2528 2303 2574 νος.
2341 2510 2401 2564 '0
2430 2510 2612 2564 τοίνυν
2641 2509 2842 2580 θεατὴς
2873 2507 2982 2563 τῶν
3036 2509 3195 2564 θείων
3229 2509 3575 2564 ἀναϐαινέτω
3627 2511 3771 2566 κατὰ

2195 2602 2455 2673 σπουδὴν,
2487 2600 2795 2656 ἀκολουθῶν
2848 2600 2928 2671 τῷ
2977 2601 3164 2672 Λόγῳ·
3225 2602 3422 2672 μέχρις
3474 2595 3537 2656 οὗ
3586 2602 3770 2676 φθάσῃ

2193 2694 2284 2749 τὸν
2311 2694 2494 2760 τόπον,
2525 2688 2587 2749 οὖ
2621 2696 2792 2749 ἔστιν,
2830 2694 2980 2747 Ἐκεῖ
3024 2693 3134 2764 γὰρ
3165 2694 3336 2760 ἕλκει,
3393 2694 3576 2758 καθώς
3605 2704 3771 2765 φησιν

2192 2792 2221 2843 6
2297 2787 2749 2858 Ἐκκλησιαστὴς,
2831 2784 2941 2840 Καὶ
3006 2787 3095 2851 είς
3152 2786 3262 2839 τὸν
3324 2788 3512 2841 τύπον
3582 2789 3770 2843 αὐτοῦ

2193 2882 2392 2936 ἕλκει·
2428 2880 2675 2952 δηλονότι
2719 2879 2849 2944 τοὺς
2880 2878 3311 2943 ἀκολουθοῦντας
3340 2880 3514 2951 αὐτῷ,
3566 2882 3643 2946 ὡς
3674 2900 3772 2952 με-

2195 2973 2349 3043 γάλῳ
2404 2973 2697 3044 Ἀρχιερεῇ
2751 2972 2846 3025 καὶ
2894 2971 3169 3040 εἰσάγοντι
3220 2974 3300 3036 εἰς
3359 2974 3426 3026 τὰ
3465 2973 3634 3042 ’Ἅγια
3663 2974 3772 3029 τῶν

2188 3065 2367 3145 ,ἁγίων
2388 3083 2401 3098 ο
2434 3065 2565 3119 ἔνθα
2594 3065 2817 3138 τὸ’καθ“
2839 3066 2989 3136 ἡμᾶς
3022 3065 3185 3129 αὐτὸς
3231 3066 3388 3134 ὑπὲρ
3416 3068 3587 3136 ἡμῶν
3630 3067 3771 3136 πρό-

2194 3155 2415 3226 δρομος
2452 3154 2757 3223 εἷο-ἦλθεν.
2776 3188 2779 3193 ·
2838 3170 2842 3175 ‘

2265 3247 2369 3314 λγ’.
2409 3246 2469 3298 Ὀ
2500 3244 2604 3314 τὴν
2656 3245 2778 3298 κατ’
2831 3244 3120 3299 εὐσέϐειαν
3184 3247 3387 3316 μετιὼν
3422 3248 3767 3317 φιλοσοφίαν,

514 3340 702 3412 phiam
731 3339 869 3396 colit
891 3379 908 3405 ,
960 3341 1368 3409 adversamque
1396 3337 1822 3409 inaspectabiles
1848 3345 2095 3409 potesta-

2195 3341 2291 3396 καὶ
2330 3338 2468 3410 πρὸς
2500 3340 2601 3403 τὰς
2640 3341 2908 3411 ἁοράτους
2953 3340 3442 3411 παρατασσόμενος
3479 3342 3767 3411 δυνάμεις⁸

514 3442 605 3488 tes
648 3431 922 3487 instructa
973 3430 1096 3489 acie
1141 3430 1421 3493 consistit,
1472 3429 1737 3500 precibus
1765 3437 2001 3500 satagat,
2034 3438 2099 3483 ut

514 3532 634 3577 tum
656 3521 931 3577 naturalis
947 3521 1211 3578 discretio
1228 3521 1412 3593 (cujus
1431 3520 1712 3575 modicum
1740 3519 1929 3574 lumen
1949 3518 2101 3573 exsi-

512 3613 670 3684 stat),
708 3621 827 3669 tum
849 3611 1213 3667 illuminatrix
1234 3610 1477 3681 Spiritus
1497 3609 1697 3681 gratia,
1726 3608 1807 3663 illi
1837 3616 2096 3663 maneant

512 3720 581 3762 ac
605 3704 944 3777 pervigeant.
978 3703 1114 3758 Nam
1141 3703 1298 3772 prior
1328 3701 1553 3772 quidem
1573 3741 1587 3766 ,
1627 3700 1864 3756 actionis
1902 3699 2055 3755 cultu
2077 3741 2091 3763 ,

512 3778 739 3852 carnem
781 3794 972 3850 erudit
1006 3794 1075 3849 ad
1110 3794 1537 3850 consectandam
1572 3795 1875 3858 virtutem;
1918 3792 2095 3847 altera

513 3895 700 3942 autem
725 3885 972 3941 animum
1000 3885 1278 3950 illustrat,
1312 3892 1372 3940 ut
1390 3884 1569 3955 pluris
1596 3884 1856 3938 omnibus
1877 3883 2098 3953 sapien—

514 3977 606 4032 tiae
631 3975 946 4048 convictum
973 3990 1038 4031 ac
1062 3974 1520 4032 consuetudinem
1546 3976 1712 4049 faciat
1748 3974 1828 4041 9’;
1860 3989 1968 4044 qua
2006 3973 2094 4027 ni-

512 4068 718 4123 mirum
748 4068 974 4122 malitia
1016 4068 1336 4122 munitiones
1366 4082 1687 4138 omnemque
1713 4064 2095 4121 sublimitatem

514 4159 858 4215 extollentem
890 4175 947 4214 se
976 4158 1227 4213 adversus
1251 4159 1528 4213 scientiam
1562 4157 1678 4223 Dei,
1711 4156 1935 4211 destruit
1967 4170 2096 4209 con-

512 4248 766 4321 venitque
788 4249 855 4304 “.
911 4248 1273 4318 Ostenditque
1310 4248 1475 4303 Iesus
1515 4248 1663 4303 illius
1705 4247 1855 4301 Nave
1878 4284 1893 4310 ,
1918 4244 2101 4315 preci-

515 4340 623 4394 bus
651 4354 818 4395 orans
858 4337 1018 4393 Stare
1061 4336 1227 4393 solem
1274 4348 1460 4392 contra
1488 4337 1709 4394 Gabaon
1735 4337 1818 4403 ⁹⁵;
1850 4336 1959 4390 hoc
1991 4344 2097 4400 est,

518 4438 584 4485 ut
627 4429 827 4485 divinae
868 4429 1055 4483 lumen
1089 4429 1356 4494 scientia;
1411 4428 1470 4483 in
1519 4438 1706 4483 monte
1753 4426 2098 4497 contempla-

517 4521 687 4578 tionis
716 4536 839 4592 qute
886 4520 1074 4576 animo
1120 4530 1227 4586 est,
1273 4535 1505 4577 occasus
1548 4534 1744 4590 expers
1788 4519 1868 4574 illi
1906 4533 2095 4575 serva-

516 4624 706 4678 retur;
731 4623 783 4669 et
803 4614 933 4671 tuna
960 4623 1146 4669 contra
1176 4613 1370 4668 vallem
1399 4614 1483 4679 ";
1507 4622 1570 4668 ut
1589 4612 1805 4668 scilicet
1826 4610 2095 4667 naturalis

516 4703 782 4761 discretio
813 4703 870 4758 in
916 4704 1101 4759 carnis
1149 4704 1527 4759 imbecillitate
1558 4703 1758 4775 posita,
1794 4703 1944 4757 nulla
1980 4703 2096 4756 vir-

516 4797 654 4853 tutis
691 4797 816 4853 labe
858 4798 914 4852 in
948 4811 1011 4852 ea
1059 4807 1457 4868 perseveraret.

590 4913 638 4947 ⁸⁷
676 4912 700 4969 1
726 4912 852 4969 Cor.
883 4928 976 4977 xu,
1008 4911 1101 4967 27.
1175 4912 1219 4944 ⁸⁸
1249 4913 1433 4968 Eccle.
1464 4927 1505 4979 ι,
1544 4911 1598 4963 5.
1678 4912 1722 4943 θ’
1753 4911 1918 4967 Josue
1943 4926 1994 4977 κ,
2031 4910 2118 4965 l2.

2194 3429 2461 3501 εὐχέσθω,
2494 3430 2594 3500 τήν
2636 3447 2696 3482 τε
2730 3427 2969 3500 φυσικὴν
3002 3427 3277 3500 διάκρισιν
3303 3429 3453 3500 αὐτῷ
3498 3433 3775 3502 παραμεῖ-

2204 3539 2292 3577 ναι
2329 3522 2467 3593 (φῶς
2495 3519 2727 3591 ἔχουσαν
2758 3519 3125 3593 σύμμετρον),
3179 3522 3276 3574 και⁷
3305 3521 3405 3593 τὴν
3431 3522 3771 3594 φωτιστικὴν

2191 3608 2634 3678 τοῦηΠνεὺματος
2666 3608 2850 3680 χάριν.
2886 3609 2951 3662 Ἠ
2999 3607 3098 3679 μὲν
3127 3607 3258 3677 γὰρ,
3304 3602 3650 3679 παιδαγωγεῖ
3674 3608 3771 3679 τὴν

2195 3705 2374 3775 σάρκα
2403 3702 2541 3771 πρὸς
2585 3701 2788 3774 ἀρετὴν
2812 3701 2902 3755 διὰ
2936 3700 3192 3772 πράξεως
3215 3719 3230 3733 ·
3267 3703 3300 3772 ἡ
3339 3701 3415 3763 δὲ,
3446 3690 3774 3770 φωταγωγεῖ

2192 3798 2284 3850 τὸν
2307 3795 2457 3858 νοῦν,
2482 3794 2583 3866 τὴν
2614 3797 2714 3865 τῆς
2738 3794 2931 3863 σοφίας
2958 3796 3176 3849 πάντων
3210 3796 3503 3864 προκρῖναι
3533 3793 3771 3863 συμϐίω-

2195 3904 2320 3941 σιν·
2363 3886 2486 3940 καθ’
2536 3887 2623 3956 ἣν,
2671 3884 2792 3939 τῶν
2852 3902 2918 3939 τε
2973 3884 3087 3953 τῆς
3114 3887 3327 3951 κακίας
3379 3884 3774 3953 ὀχιζρωμάτων

2195 3976 2296 4032 καὶ
2358 3977 2582 4042 παντὸς
2626 3976 2954 4045 ὑψώματος
3004 3976 3403 4045 ἐπαιρομένου
3464 3974 3621 4028 κατὰ
3664 3973 3773 4041 τῆς

2196 4069 2473 4139 μιννώσεως
2494 4067 2602 4122 τοῦ
2635 4067 2809 4130 Θεοῦ,
2838 4067 3090 4122 ποιεῖται
3118 4065 3234 4133 τὴν
3264 4066 3636 4134 καθαίρεσιν.
3668 4065 3771 4119 Καὶ

2194 4159 2348 4228 δηλοῖ
2377 4158 2444 4210 δι’
2485 4157 2651 4227 εὐχῆς
2701 4155 2871 4209 αἰτῶν
2901 4157 2928 4209 6
2959 4153 3052 4209 τοῦ
3085 4156 3245 4226 Ναυῆ
3281 4154 3513 4225 Ἰησοῦς,
3550 4153 3769 4222 στῆναι

2194 4251 2303 4304 τὸν
2332 4249 2512 4304 ἥλιον
2544 4249 2695 4303 κατά
2744 4246 2959 4302 Γαϐαὼ
2980 4261 2993 4276 °
3028 4247 3330 4314 τουτέστιν,
3380 4247 3589 4310 ἄδυτον¹
3625 4245 3772 4315 αὑτῷ

2194 4340 2256 4393 τὸ
2284 4339 2400 4408 φῶς
2445 4341 2545 4410 τῆς
2578 4341 2832 4408 γνώσεως
2865 4337 2959 4391 τοῦ
3015 4336 3176 4400 Θεοῦ,
3206 4336 3351 4390 κατὰ
3394 4337 3457 4390 τὸ
3505 4336 3633 4407 ὅρος
3680 4337 3772 4405 τῆς

2195 4432 2338 4487 κατὰ
2361 4431 2487 4486 νοῦν
2516 4431 2750 4501 θεωρίας
2780 4430 3122 4503 φυλαχθῆναι
3141 4447 3156 4458 ·
3203 4429 3304 4484 καὶ
3340 4430 3457 4496 τὴν
3502 4427 3777 4495 σελήνην

2196 4525 2349 4579 κατὰ
2385 4522 2700 4595 φάραγγα·
2755 4521 3030 4589 τουτέστι,
3082 4521 3183 4587 τὴν
3217 4520 3455 4592 φυσικὴν
3500 4520 3776 4590 διάκρισιν

2201 4618 2297 4671 ἐπὶ
2313 4616 2417 4686 τῆς
2444 4616 2716 4687 σαρκικῆς
2747 4615 3035 4679 ἀσθενείας
3067 4613 3354 4685 κειμένην,
3384 4612 3494 4668 ἀπὸ
3517 4614 3618 4684 τῆς
3648 4612 3776 4682 ἀρε-

2201 4707 2302 4777 τῆς
2329 4707 2687 4761 ἀναλλοίωτον
2717 4707 3015 4775 διαμεῖναι.

2776 4912 2817 4942 ⁸³
2844 4909 3026 4965 Eccle.
3060 4926 3099 4975 ι,
3141 4908 3194 4964 5.
3301 4908 3347 4941 ”
3372 4904 3541 4963 Hebr.
3577 4921 3651 4972 v1,
3685 4901 3775 4958 20.

2191 4912 2235 4944 ”
2274 4895 2431 4966 toan.
2460 4927 2552 4978 xu,
2583 4911 2671 4966 52.

515 4985 565 5019 ⁸³
596 4983 724 5054 Sap.
745 4999 861 5050 vm,
886 4984 942 5038 2.
1008 4983 1057 5016 ν*
1083 4982 1128 5038 ll
1149 4982 1276 5038 Cor.
1300 4998 1354 5047 χ,
1380 4984 1436 5037 4.
1510 4985 1558 5018 ⁸⁵
1586 4983 1752 5039 Josuc
1776 4998 1833 5046 x,
1867 4982 1953 5037 12.
2038 4983 2086 5015 ⁸⁸
2117 4981 2249 5036 ibid.

592 5090 669 5165 (c)_
707 5092 787 5165 '0‘
809 5093 1044 5165 κρατῶν
1080 5092 1330 5165 (fautor.
1350 5094 1446 5149 Est
1469 5092 1635 5150 Marci
1668 5091 1951 5165 νηπτικῶν
1973 5107 2094 5165 cap.

518 5161 613 5236 υἱ.
634 5161 793 5228 Quod
821 5161 1004 5218 reddit
1025 5164 1203 5236 _Picus
1235 5166 1392 5236 :_Qui
1437 5165 1662 5236 possidet
1695 5161 1916 5236 adytum
1942 5179 1962 5218 :
1995 5161 2100 5236 dil-

523 5232 642 5286 rius
690 5241 809 5299 est;
848 5249 954 5288 nec
1006 5234 1209 5289 desunt
1265 5232 1475 5290 Latinae
1523 5249 1710 5298 voces,
1759 5232 1962 5299 quibus
2008 5234 2101 5287 illa

523 5312 649 5370 apte
682 5298 1141 5375 satisureddatur.
1171 5303 1296 5375 Non
1338 5313 1521 5360 tamen
1558 5303 1704 5375 quod
1742 5298 1894 5375 idem
1935 5304 2102 5375 paulo
2136 5298 2141 5303 ’

544 5380 661 5444 τοδι-
706 5372 971 5444 reddidit,
1015 5373 1184 5429 Marci
1255 5374 1457 5430 iterum
1515 5372 1635 5444 cap.
1693 5373 1973 5444 46,7quod
2020 5381 2104 5444 est

580 5442 744 5514 axjmi
768 5443 858 5507 33,
902 5443 1092 5514 ἄδυτον
1121 5444 1285 5514 αὐτὸν
1305 5445 1369 5497 τὸ
1398 5445 1513 5514 φῶς
1565 5442 1665 5513 τῆς
1703 5443 1957 5514 γνώσεως
2007 5442 2101 5495 τοῦ

526 5512 975 5585 Θεοῦχονεοηιιηι
1003 5512 1138 5567 illud
1171 5512 1349 5585 lumen
1378 5512 1688 5585 cognitionis
1724 5514 1840 5569 Dei.
1900 5512 2020 5578 Quo
2048 5520 2106 5567 et

525 5583 795 5645 ostendit,
815 5599 924 5652 quo
952 5597 1119 5638 sensu
1163 5584 1243 5650 τὸ,
1276 5583 1481 5638 αάὶειιίη
1519 5600 1587 5637 cx
1625 5583 1816 5639 Graeco
1857 5590 2105 5637 corrase-

525 5659 633 5724 rat,
655 5668 721 5709 ac
752 5653 799 5710 si
829 5652 899 5709 de
932 5653 1137 5723 templo
1165 5667 1229 5708 ac
1269 5653 1641 5722 penetralibus
1673 5661 1946 5724 ageretur,
1989 5668 2102 5709 non

525 5723 594 5793 de
632 5724 744 5777 sole
775 5739 840 5779 ac
871 5725 1020 5788 luna,
1048 5722 1199 5793 quos
1220 5737 1330 5777 non
1373 5723 1625 5778 occidere
1675 5722 1889 5793 rogavit
1912 5722 2099 5793 Iosue,

529 5789 703 5847 donec
731 5795 893 5863 plena
937 5794 1019 5848 illi
1046 5789 1327 5848 constaret
1350 5795 1614 5863 victoria;
1642 5789 1841 5863 non'ut
1897 5792 2101 5863 occulti

526 5861 841 5917 manerent.
873 5863 1046 5932 Igitur
1068 5862 1261 5932 ἄδυτον
1293 5862 1429 5932 φῶς,
1460 5861 1635 5916 lumen
1664 5862 1804 5932 quod
1832 5877 1937 5932 non
1972 5862 2106 5932 occi-

533 5933 646 5997 dat;
677 5932 863 6002 sicque
891 5930 959 5989 de
981 5932 1097 5989 sole
1116 5941 1176 5990 ct
1201 5930 1354 5989 luna.
1375 5930 1814 6004 Sequentia'ipsa
1844 5931 1977 5987 Pico
2004 5930 2103 5986 ali-

2202 5091 2337 5163 quid
2360 5092 2417 5146 in
2438 5099 2586 5147 textu
2611 5091 2867 5163 laborant
2887 5105 2954 5145 ex
2973 5091 3062 5146 his
3087 5090 3656 5163 nostrisrestituenda
3680 5108 3695 5145 :
3720 5090 3781 5145 τὸ

2202 5161 2676 5232 τὶεριγραφόμενον
2706 5162 2798 5216 hic
2819 5161 3267 5232 circumscribere,
3295 5161 3349 5232 id
3383 5169 3489 5226 est,
3541 5161 3779 5232 auferre,

2203 5230 2549 5297 subducere;
2571 5247 2683 5301 quo
2712 5245 2878 5287 sensu
2905 5233 3072 5287 etiam
3096 5231 3298 5295 Latini,
3317 5231 3516 5287 Cicero
3552 5230 3781 5300 aliique,

2203 5317 2326 5358 eam
2342 5317 2533 5357 vocem
2560 5310 2920 5371 usurparunt.
2952 5301 3274 5371 Rogandum
3308 5316 3449 5371 ergo
3475 5308 3685 5371 monet,
3712 5316 3787 5356 ne

2206 5387 2317 5443 quo
2338 5371 2566 5443 malitia;
2591 5369 3055 5441 aut’ignorantite'
3076 5386 3328 5443 vespere,
3367 5369 3540 5443 nobis
3561 5369 3653 5443 Sol
3697 5370 3788 5440 ju-

2207 5439 2374 5497 suum
2431 5439 2789 5505 subducatui',
2835 5450 2998 5496 autve
3027 5439 3265 5495 occidat.
3296 5441 3470 5510 ν”ολον
3494 5441 3566 5510 ’τὸ⁸
3588 5439 3787 5510 μέτρον

2200 5513 2302 5580 τῆς
2335 5512 2483 5564 κατὰ
2523 5511 2621 5581 τὴν
2674 5512 2957 5580 παροῦσαν
3001 5510 3148 5581 ζωὴν
3194 5509 3412 5581 ἡμέρας
3453 5528 3467 5564 :
3531 5508 3788 5573 Quanditt

2164 5600 2169 5603 '
2201 5579 2436 5636 tenditur
2462 5579 2880 5652 praesentistitw
2902 5582 3005 5635 dici
3039 5579 3199 5644 linea,
3218 5579 3322 5652 seu
3348 5595 3638 5652 mensura;
3671 5592 3788 5652 non

2201 5648 2610 5722 ineptum'illud
2654 5668 2667 5705 :
2724 5650 2828 5722 Qui
2860 5659 2997 5722 totus
3020 5657 3127 5722 _est
3166 5649 3354 5722 modus
3392 5649 3496 5722 diei
3538 5648 3792 5722 nequitiq

2202 5716 2475 5792 ρναξδρηιὶε
2498 5723 2658 5792 vita;
2683 5719 2830 5792 quod
2856 5721 2912 5792 in
2944 5720 3127 5792 Solem
3158 5720 3385 5792 iustitiae
3415 5716 3648 5792 relatum
3676 5716 3791 5792 ‘(ad

2200 5784 2365 5860 quem
2397 5807 2569 5845 unum
2617 5784 2815 5846 inscita
2856 5791 2948 5845 illa
2970 5784 3235 5860 versione
3257 5784 3702 5860 referripotest)
3739 5786 3789 5841 si

2200 5858 2333 5931 quid
2359 5875 2556 5917 sensus
2585 5861 2773 5926 habet,
2798 5859 3034 5917 sordida:
3076 5859 3374 5931 impietatis
3398 5858 3535 5921 labe,
3553 5871 3664 5913 non
3690 5870 3786 5912 ca-

2202 5938 2309 5987 ret.
