4076 6408
359 396 494 464 illd

361 597 533 663 ἐστὶν,
568 598 602 665 ἡ
632 596 710 666 τῷ
739 597 956 670 θανάτῳ
977 601 1376 655 ταπεινωθεῖσα
1423 602 1582 674 σάρξ.
1629 604 1740 657 Καὶ
1765 605 1793 656 6
1842 604 1941 674 μὲν

360 689 515 758 ἥλιός
535 691 704 753 ἐστιν,
737 693 766 743 6
793 692 1042 760 φωτίζων
1071 693 1162 746 τὸν
1188 694 1312 748 νοῦν
1342 695 1543 763 Λόγος,
1566 696 1662 749 καὶ
1687 697 1942 767 χορηγῶν

362 782 516 860 αὑτῷ
545 783 926 855 θεωρημάτων
951 785 1182 856 δύναμιν
1203 802 1218 816 ’
1257 787 1354 840 καὶ⁵
1385 789 1570 859 πάσης
1603 789 1826 857 ἀγνοίας
1856 791 1950 843 αὒ-

363 875 458 927 τὸν
486 875 852 936 ἀπαλλάσσων
871 891 885 905 ⁶
934 878 968 948 ἡ
1020 877 1077 930 δὲ
1109 878 1326 949 σελήνη,
1362 880 1390 932 6
1421 879 1562 933 κατὰ
1595 880 1756 948 φύσιν
1783 880 1947 952 νόμος

363 967 540 1030 ἐστὶν,
571 970 599 1023 6
633 969 836 1022 πείθων
867 969 967 1042 τὴν
1003 969 1182 1040 σάρκα
1214 973 1462 1043 νομίμως
1493 974 1835 1046 ὑποταγῆναι
1869 975 1946 1043 τῷ

365 1059 662 1130 πνεύματι,
692 1063 828 1132 πρὸς
855 1061 916 1115 τὸ
942 1063 1197 1127 δέξασθαι
1235 1063 1344 1118 τῶν
1371 1065 1604 1120 ὲντολῶν
1630 1067 1724 1121 τὸν
1758 1066 1943 1136 ζυγόν.

363 1151 586 1216 Φύσεως
617 1153 674 1206 δὲ
712 1153 986 1222 σύμϐολον
1011 1157 1044 1226 ὴ
1079 1155 1298 1226 σελήνη,
1321 1157 1408 1210 διὰ
1437 1156 1498 1210 τὸ
1527 1159 1791 1228 τρεπτόν·
1828 1159 1945 1212 ἀλλ’

364 1246 424 1296 ὲν
457 1248 570 1308 τοῖς
593 1247 773 1310 ἁγίοις
808 1249 1079 1319 ἄτρεπτος
1108 1249 1380 1321 διαμένει,
1405 1251 1494 1305 διὰ
1520 1251 1620 1322 τὴν
1649 1253 1950 1308 ἀναλλοίω-

363 1352 459 1389 τον
491 1335 604 1402 ἕξιν
639 1340 737 1406 τῆς
760 1339 986 1408 ἀρετῆς.

434 1429 528 1485 λε’.
555 1432 670 1484 Οὐκ
714 1431 818 1495 ἔξω
856 1431 967 1486 τῶν
1013 1432 1320 1502 ζητούντων
1368 1433 1474 1505 χρὴ
1525 1434 1806 1506 ζητεῖσθαι
1858 1436 1950 1490 τὸν

366 1523 573 1590 Κύριον
603 1538 615 1549 ·
637 1520 756 1574 ἀλλ’
788 1523 845 1573 ὲν
873 1523 1107 1586 ἑαυτοῖς,
1137 1523 1224 1576 διὰ
1250 1525 1350 1592 τῆς
1384 1525 1443 1576 ὲν
1487 1524 1670 1596 ἔργοις
1707 1525 1946 1589 πίστεως

363 1609 530 1662 αὒτὺν
552 1610 657 1680 χρὴ
701 1609 882 1678 ζητεῖν
911 1611 1037 1672 τοὺς
1079 1609 1396 1680 ζητοῦντας.
1436 1612 1648 1682 Ἔγτὺς
1677 1611 1787 1683 γάρ
1808 1627 1948 1676 σου,

362 1700 519 1770 φησι,
546 1701 610 1754 τὸ
627 1700 794 1769 ῥῆμά
822 1702 993 1755 ἐστιν
1020 1701 1090 1756 ἐν
1121 1701 1201 1766 τῷ
1227 1703 1482 1772 στόματί
1509 1719 1626 1758 σου
1653 1704 1748 1758 καὶ
1780 1703 1851 1776 εν
1876 1703 1952 1772 τῇ

359 1790 577 1858 καρδίᾳ
599 1807 736 1845 σοιν
764 1791 1038 1846 τουτέστι
1065 1795 1133 1846 τὸ
1148 1792 1310 1861 ῥῆμα
1324 1792 1433 1863 τῆς
1448 1795 1728 1860 πίστεως·
1755 1795 1828 1858 ὡς
1852 1796 1951 1848 αὑ-

360 1883 459 1936 τοῦ
479 1883 648 1945 ’ὄντος
687 1882 782 1936 τοῦ
811 1884 1046 1956 Χριστοῦ
1087 1886 1182 1938 καὶ
1207 1885 1451 1955 ῥήματος
1472 1885 1565 1938 τοῦ
1591 1885 1947 1956 ζητουμένου.

434 1971 542 2037 λς’.
578 1974 732 2044 Μήτε
773 1973 834 2026 τὸ
863 1972 998 2043 ὕψος
1026 1975 1125 2045 τῆς
1150 1974 1336 2046 θεῖκῆς
1365 1976 1625 2046 ἀπειρίας
1659 1978 1950 2047 ἐννοήσαν-

358 2081 472 2129 τες,
511 2063 905 2134 ἀπελπίσωμεν
934 2065 1035 2134 τὴν
1067 2065 1162 2118 τοῦ
1209 2065 1344 2118 Θεοῦ
1393 2066 1828 2138 φιλανθρωπίαν,
1877 2066 1953 2129 ὡς

356 2157 422 2208 οὐ
458 2155 766 2224 φθάνουσαν
790 2155 880 2210 διὰ
911 2155 973 2208 τὸ
1001 2155 1134 2226 ὕψος
1161 2157 1353 2229 μέχρις
1381 2158 1539 2229 ήμῶν
1567 2176 1581 2190 ·
1627 2159 1761 2230 μήτε
1791 2160 1952 2215 ἄπειο

361 2263 457 2316 ρον
498 2246 662 2316 βάθος
693 2248 796 2311 τῆς
828 2249 986 2318 ήμῶν
1017 2248 1105 2301 διά
1131 2248 1228 2320 τὴν
1263 2250 1542 2320 ἁμαρτίαν
1575 2249 1837 2314 πτώσεως
1869 2251 1954 2304 ὲν-

357 2338 718 2408 θυμηθένσες,
738 2340 1034 2394 ἀνάστασιν
1053 2339 1301 2409 γίνεσθαι
1337 2342 1438 2410 τῆς
1468 2343 1526 2395 ὲν
1563 2344 1697 2413 ἡμῖν
1749 2359 1954 2412 νεκρω-

358 2429 553 2499 θείσης
581 2430 786 2502 ἀρετῆς
823 2432 1234 2502 ἀπιστήσωμεν.
1276 2433 1590 2504 ’Δμφότερα
1619 2433 1726 2502 γὰρ
1753 2433 1956 2488 δυνατά

358 2518 440 2588 τῷ
471 2518 590 2591 Θεῷ
615 2535 630 2551 ο
665 2520 759 2572 καὶ
780 2519 840 2572 τὸ
858 2512 1138 2574 κατελθεῖν
1167 2522 1261 2575 καὶ
1283 2523 1514 2590 φωτίσαι
1539 2522 1628 2577 τὸν
1652 2523 1776 2576 νοῦν
1798 2523 1954 2594 ἡμῶν

355 2610 449 2664 διὰ
465 2609 718 2678 γνώσεως
742 2628 755 2643 ο
792 2611 970 2665 καὶτὸ
1004 2613 1310 2684 ἀναστῆσαι
1340 2614 1503 2668 πάλιν
1537 2617 1634 2686 τὴν
1668 2614 1867 2687 ἀρετὴν
1895 2617 1953 2670 ἐν

357 2705 513 2773 ἡμῖν,
553 2703 650 2756 καὶ
700 2705 876 2775 ἑαυτῷ
921 2705 1233 2775 συνυψῶσαι
1269 2706 1357 2759 διά
1389 2707 1498 2760 τῶν
1526 2707 1703 2777 ἔργων
1734 2709 1834 2778 τῆς
1875 2709 1954 2762 δι-

358 2795 678 2868 καιοσύνης.
699 2800 756 2851 Μ
764 2797 797 2864 ὴ
828 2796 937 2867 γὰρ
959 2798 1158 2866 εἴπῃς,
1174 2799 1362 2869 φησὶν,
1385 2800 1455 2852 ἐν
1479 2798 1556 2868 τῇ
1575 2799 1790 2868 καρδίᾳ
1811 2815 1948 2856 σουο

365 2889 469 2954 Τίς
511 2889 882 2957 ἀναϐήσεται
927 2891 1015 2956 εἰς
1047 2890 1155 2944 τὸν
1177 2892 1441 2958 οὐρανόν
1461 2907 1480 2954 ;
1505 2891 1780 2946 τουτέστι
1815 2895 1952 2961 Χρι-

357 2980 518 3036 στὸν
562 2981 924 3052 καταγαγεῖν
952 3001 965 3014 ·
1009 2982 1070 3050 ἢ,
1106 2983 1200 3050 Τίς
1249 2985 1652 3051 καταϐήσεται
1698 2989 1786 3051 εἰς
1839 2985 1955 3055 τὴν

358 3073 641 3128 ἄϐυσσον
658 3091 678 3139 ;
706 3074 981 3128 τουτέστι
1003 3075 1262 3142 Χριστὸν
1277 3075 1346 3129 ἐκ
1361 3076 1593 3146 νεκρῶν
1607 3077 1952 3147 ἀναγαγεῖν.

1201 402 1536 468 CAPITUM
1572 405 1846 467 THEOL.
1886 407 1982 467 ET
2021 406 2258 469 (ECON.
2302 406 2691 468 CENTURIA
2732 410 2812 470 ΙΙ.

429 505 528 560 λδ’.
557 503 623 557 Ἦ
651 503 851 559 Γαϐαῶ
876 505 1046 574 ἐστιν,
1078 507 1106 558 6
1136 508 1342 579 ὑψηλὸς
1372 511 1496 574 νοῦς
1518 526 1530 541 ·
1565 513 1597 580 ἡ
1632 512 1687 565 δὲ
1719 513 1940 583 φαραγξ
1970 564 1972 571 .

2117 516 2206 570 54.
2249 517 2496 580 Gabaon,
2554 531 2711 570 mens
2761 514 3004 573 sublimis
3067 529 3150 573 est

3493 408 3630 473 1142

3200 539 3212 573 :
3263 521 3426 576 vaHis
3475 541 3630 591 vero,

2048 611 2245 667 mortis
2297 610 2599 687 occasu_in
2647 608 2858 662 humile
2912 610 3171 680 depressa
3206 628 3356 668 caro.
3407 615 3484 670 Ac
3512 618 3606 686 qui

2049 701 2173 756 dem
2209 702 2313 766 sol,
2363 700 2608 756 Verbum
2661 709 2747 754 est
2796 708 3038 754 mentem
3088 703 3428 770 illuminans,
3492 709 3632 777 spiri

2049 796 2353 865 taliumque
2383 809 2674 849 sensorum
2705 792 2816 847 vim
2866 793 2946 847 illi
2990 794 3436 862 subministrans,
3470 810 3636 870 atque

2047 885 2209 956 593
2261 885 2330 938 ab
2361 884 2513 938 omni
2548 883 2859 954 ignorantia
2895 899 3018 938 eam
3054 883 3332 948 liberans;
3364 887 3495 941 luna
3535 905 3635 943 au-

2049 981 2180 1035 tem,
2218 973 2305 1026 lex
2340 972 2610 1027 naturalis
2630 1011 2644 1025 .
2673 973 2826 1026 carni
2864 972 3109 1027 suadens
3138 981 3199 1026 ut
3247 975 3494 1045 legitime
3522 979 3638 1047 spi-

2049 1064 2183 1118 ritui
2237 1063 2587 1134 subjiciatur,
2624 1064 2690 1119 ad
2727 1065 3081 1119 subeundum
3125 1067 3510 1122 mandatorum
3543 1070 3636 1139 ju-

2049 1169 2196 1224 gum.
2244 1153 2399 1208 Luna
2431 1163 2646 1209 naturae
2693 1156 3003 1226 symbolum
3037 1165 3141 1222 est,
3174 1158 3321 1226 quod
3355 1160 3638 1214 mutabilis

2048 1251 2134 1297 est
2164 1259 2178 1296 :
2215 1243 2270 1297 in
2318 1243 2525 1298 sanctis
2550 1253 2757 1308 tamen,
2793 1244 2864 1299 ob
2888 1246 3114 1301 virtutis
3158 1248 3536 1303 invariahilem
3575 1265 3639 1304 ac

2049 1343 2398 1390 constantem
2441 1335 2716 1399 habitum,
2774 1336 3134 1392 immutabilis
3183 1349 3493 1409 permanet.

2119 1427 2210 1481 55.
2255 1427 2376 1482 Non
2419 1436 2572 1482 extra
2616 1428 2767 1496 ipsos
2817 1429 3150 1498 quaerentes,
3191 1431 3522 1500 quaerendus
3554 1439 3640 1488 est

2051 1517 2358 1573 Dominus:
2397 1518 2491 1573 sed
2542 1518 2600 1573 in
2639 1519 2838 1589 seipsis
2890 1535 2989 1589 per
3030 1520 3308 1576 efﬁcacem
3344 1522 3505 1576 fidem
3535 1523 3639 1592 ipsi

2052 1610 2146 1680 qui
2168 1617 2444 1679 quaerunt,
2484 1625 2712 1666 necesse
2734 1619 2819 1666 est
2842 1620 2904 1665 ut
2927 1627 3054 1666 eum
3088 1621 3355 1681 quaerant.
3379 1612 3554 1682 PrOpe
3591 1621 3640 1666 te

2052 1701 2220 1765 enim,
2259 1701 2459 1770 inquit,
2488 1709 2564 1754 est
2604 1701 2817 1755 verbum
2845 1703 2899 1756 in
2928 1718 3018 1755 ore
3049 1709 3157 1766 tuo,
3186 1703 3311 1755 etin
3341 1702 3495 1755 corde
3518 1709 3640 1765 tuo;

2055 1796 2148 1847 hoc
2175 1803 2250 1847 est
2281 1794 2493 1848 verbum
2523 1793 2648 1862 ﬁdei
2688 1795 2730 1827 ⁹⁷
2772 1813 2784 1848 :
2819 1811 2883 1850 ac
2925 1796 2971 1849 si
3004 1794 3260 1849 Christus
3291 1794 3469 1864 ipsum
3500 1794 3636 1850 Ver-

2055 1886 2187 1940 bum
2222 1885 2313 1949 sit,
2351 1885 2499 1954 quod
2533 1886 2823 1954 quieritur.

2124 1978 2214 2033 36.
2247 1977 2326 2032 Ne
2357 1976 2557 2032 divinae
2590 1976 2877 2031 infinitatis
2909 1976 3296 2031 celsitudinem
3332 1975 3512 2030 anima
3552 1990 3639 2028 re-

2054 2077 2332 2138 putantes,
2369 2068 2572 2124 divina
2602 2068 3000 2124 misericordia:
3048 2084 3112 2123 ac
3145 2068 3473 2130 clementiw,
3512 2074 3635 2120 tau-

2055 2175 2222 2229 quam
2272 2159 2341 2214 ad
2389 2175 2494 2214 nos
2547 2175 2724 2229 usque
2774 2159 2845 2214 ob
2902 2168 3108 2214 tantam
3140 2159 3284 2214 illam
3328 2157 3640 2213 sublimita-

2056 2258 2166 2305 tem
2233 2264 2346 2304 non
2414 2250 2802 2321 pertingentis.
2856 2266 3010 2320 spem
3076 2250 3430 2320 abjiciamus;
3499 2264 3642 2304 neve

2054 2340 2330 2396 inﬁnitam
2385 2349 2592 2397 nostrae
2641 2359 2707 2397 ex
2739 2353 2966 2412 peccato
3010 2343 3188 2396 ruime
3213 2339 3642 2412 profunditatem

2055 2435 2495 2498 considerantes,
2559 2435 2676 2490 fore
2726 2446 2789 2491 ut
2836 2437 3109 2491 exstincta
3166 2435 3220 2488 in
3270 2433 3430 2488 nobis
3467 2433 3648 2488 virtus

2057 2524 2400 2579 conviviscat
2449 2523 2781 2579 diflidamus.
2827 2525 3135 2593 Utrumque
3178 2523 3327 2576 enim
3365 2523 3476 2576 Deo
3514 2535 3646 2590 pos-

2056 2614 2217 2669 sibile
2264 2623 2378 2682 est;
2415 2627 2533 2669 tum
2560 2630 2760 2684 nempe
2802 2623 2865 2668 ut
2897 2615 3014 2683 ipse
3043 2615 3110 2667 ad
3141 2629 3242 2668 nos
3285 2611 3646 2666 inclinatione

2055 2716 2267 2772 utatur,
2292 2716 2654 2776 nostramque
2690 2715 2932 2762 mentem
2959 2707 3192 2769 scientia
3221 2706 3490 2769 illustret;
3527 2712 3644 2758 tum

2056 2806 2118 2853 ut
2168 2798 2222 2852 in
2263 2797 2425 2853 nobis
2472 2799 2657 2854 denuo
2709 2797 2975 2853 virtutem
3027 2799 3358 2859 exsuscitet,
3397 2803 3478 2852 ac
3535 2813 3645 2850 una

2027 2905 2244 2946 'secum
2311 2907 2412 2960 per
2443 2891 2670 2960 justitiae
2711 2907 2876 2960 opera
2924 2905 3026 2944 nos
3079 2890 3302 2944 cxaltet.
3351 2889 3426 2943 Ne
3482 2891 3642 2952 enim,

2057 2982 2262 3052 inquit,
2311 2984 2507 3037 dixeris
2536 2986 2592 3037 in
2635 2984 2791 3052 corde
2827 2992 2916 3036 tuo
2949 3000 2965 3037 :
3005 2981 3134 3064 Quis
3163 2982 3409 3036 ascendet
3447 2983 3504 3036 in
3543 2999 3645 3036 ea:-

2060 3077 2170 3132 lum
2194 3079 2218 3131 ?
2245 3079 2338 3133 hoc
2369 3088 2444 3133 est
2470 3079 2736 3134 Christum
2770 3079 3024 3133 deducere
3056 3095 3074 3134 :
3102 3089 3194 3132 aut
3228 3081 3342 3148 quis
3375 3077 3650 3133 descendet

359 3163 537 3232 Τυχόν
561 3163 618 3215 δὲ
647 3165 768 3218 κατ’
801 3164 970 3235 ἄλλην
1000 3165 1248 3237 ἐκδοχὴν,
1268 3234 1272 3241 _
1292 3167 1529 3230 ἀϐυσσός
1575 3168 1712 3232 ἐστι,
1768 3168 1950 3222 πάντα

2057 3172 2114 3224 in
2150 3172 2443 3242 abyssum?
2473 3174 2568 3226 hoc
2596 3180 2691 3237 est,
2718 3171 2985 3227 Christum
3010 3189 3042 3225 a
3067 3174 3285 3226 mortuis
3315 3185 3558 3226 revocare
3581 3170 3646 3222 98.

359 3257 431 3309 τά
459 3257 594 3324 μετά
617 3257 750 3310 Θεόν
778 3273 792 3288 ’
827 3258 886 3310 ὲν
921 3253 1004 3320 οἷς
1043 3257 1165 3321 ὅλος
1209 3259 1354 3323 ὅλοις
1410 3259 1554 3314 κατὰ
1616 3259 1875 3330 πρόνοιαν
1922 3263 1951 3314 ὁ

359 3346 458 3400 τοῦ
485 3347 621 3401 Θεοῦ
651 3349 863 3417 γίνεται
892 3349 1087 3417 Λόγος,
1123 3349 1200 3412 ὡς
1229 3350 1342 3421 ζωὴ
1371 3352 1587 3421 νεκροῖς
1616 3351 1952 3420 ὲπιφοιτῶσα

358 3442 479 3504 τοῖς
526 3439 666 3494 οὖσι.
729 3441 922 3510 Νεκρὰ
976 3441 1086 3510 γὰρ
1135 3443 1318 3496 πάντα
1367 3442 1438 3496 τά
1499 3442 1680 3507 ζῶντα
1737 3444 1952 3514 μεθέξει

364 3535 532 3604 ζωῆς.
583 3533 826 3606 Οὐρανὸν
879 3535 959 3600 δὲ,
1016 3535 1114 3604 τὴν
1150 3535 1386 3606 φυσικὴν
1415 3535 1508 3589 τοῦ
1547 3535 1684 3589 Θεοῦ
1726 3537 1952 3607 κρυφιό-

360 3623 668 3694 τητα,καθ⁹
696 3625 762 3694 ἢν
793 3624 959 3679 πᾶσίν
1000 3625 1148 3679 ἐστιν
1186 3625 1589 3696 ἀκατάληπτος.
1642 3627 1706 3679 Ei
1761 3627 1819 3680 δέ
1869 3645 1953 3691 τις

364 3714 589 3768 ὲκλάϐοι
619 3715 1049 3786 πάλιν,οὺρανὸν
1081 3718 1178 3787 μὲν
1209 3714 1348 3770 εῖναι
1386 3717 1478 3770 τὸν
1527 3717 1630 3788 τῆς
1674 3718 1954 3788 θεολογίας

361 3805 524 3876 λόγον
554 3821 569 3839 ο
620 3807 857 3861 ἄϐυσσον
899 3808 978 3870 δὲ,
1025 3808 1084 3862 τὸ
1129 3809 1231 3878 τῆς
1266 3809 1579 3879 οἰκονομίας
1632 3813 1932 3883 μυστήριον

359 3899 466 3951 οὐκ
501 3899 806 3962 ἀπεικότως
843 3901 959 3968 ὲρεῖ
985 3900 1130 3954 κατά
1150 3901 1242 3954 τὸν
1269 3901 1400 3972 ἐμὸν
1423 3902 1599 3970 λόγον.
1645 3904 1957 3975 ’Δμφότερα

362 3991 475 4060 γὰρ
527 3991 865 4046 δυσεπίϐατα
918 3995 1034 4056 τοῖς
1086 3993 1482 4057 ἀποδεικτικῶς
1517 3995 1702 4063 ζητεῖν
1749 3996 1959 4065 ἐπιχει-

366 4082 525 4152 ροῦσι
551 4099 565 4112 ·
605 4081 808 4152 μᾶλλον
854 4083 911 4137 δὲ
959 4082 1241 4147 παντελῶς
1289 4082 1488 4148 ἄϐατα,
1544 4084 1668 4154 δίχα
1720 4085 1956 4148 πίστεως

363 4172 733 4245 ἑβυνώμενα.

2052 3262 2261 3318 Forsan
2312 3279 2447 3318 vero
2500 3265 2611 3319 alio
2639 3279 2828 3328 sensu,
2879 3265 3110 3336 ahyssus
3147 3273 3253 3328 est,
3302 3280 3649 3334 quazcunque

2054 3370 2084 3409 a
2137 3355 2252 3410 Deo
2314 3355 2560 3413 secunda
2603 3363 2754 3420 sunt,
2816 3355 2870 3409 in
2921 3356 3128 3425 quibus
3188 3356 3282 3409 Dei
3333 3371 3517 3409 sermo
3563 3371 3652 3410 se-

2054 3447 2299 3502 cundum
2333 3447 2740 3517 providentiam
2772 3455 2920 3501 totus
2953 3448 3082 3502 totis
3105 3448 3350 3507 immeat,
3388 3453 3649 3516 tanquam

2055 3539 2272 3594 scilicet
2304 3539 2415 3592 vita
2455 3538 2692 3593 mortuis
2726 3538 2894 3593 rebus
2943 3537 3266 3592 adveniens.
3313 3536 3456 3591 Sunt
3498 3537 3648 3589 enim

2058 3637 2274 3684 mortua
2321 3629 2527 3691 omnia,
2587 3644 2710 3698 qua:
2755 3645 2819 3683 ea
2873 3629 3090 3682 ratione
3130 3629 3341 3691 vivant,
3382 3626 3530 3696 quod
3569 3627 3653 3679 vi-

2057 3726 2167 3772 tam
2218 3719 2573 3788 participeut.
2628 3718 2842 3773 Caelum
2874 3734 3042 3788 porro
3086 3734 3209 3772 cum
3264 3717 3446 3778 audis.
3504 3717 3649 3785 quod

2059 3809 2118 3863 in
2175 3809 2272 3864 Dei
2327 3820 2524 3864 natura
2577 3810 2858 3865 occultum
2924 3809 3191 3879 intelligo,
3243 3824 3353 3878 quo
3407 3825 3476 3865 ex
3521 3809 3650 3863 uni-

2057 3903 2235 3958 versis
2265 3902 2762 3972 iucomprehensus
2797 3911 2902 3956 est.
2945 3901 3041 3957 Sin
3077 3903 3202 3972 quis
3235 3911 3419 3958 autem
3457 3917 3653 3955 rursus

2058 3995 2226 4050 etiam
2273 3993 2351 4048 ita
2395 4002 2656 4064 exponat,
2711 4004 2774 4048 ut
2826 3994 3050 4058 coelum,
3091 4010 3214 4063 qua:
3261 3993 3330 4048 de
3383 3994 3496 4047 Deo
3541 3999 3648 4056 est,

2064 4084 2372 4140 doctrinam
2419 4083 2716 4154 intelligat;
2787 4085 3045 4155 abyssum
3097 4093 3306 4148 autem,
3359 4084 3650 4153 dispensa-

2066 4177 2233 4233 tionis
2272 4176 2596 4248 mysterium
2631 4176 2805 4242 dicat;
2837 4177 2904 4241 is,
2938 4177 3086 4232 haud
3115 4175 3376 4237 absurde,
3417 4183 3478 4229 ut
3515 4174 3652 4231 mihi

363 4285 503 4327 sane
553 4270 796 4336 videtur,
852 4270 1115 4340 loquatur
1173 4280 1270 4326 aut
1319 4272 1544 4328 sentiat.
1607 4273 1751 4328 Sunt
1802 4272 1951 4327 enim
2030 4272 2194 4327 ambo
2251 4273 2370 4328 luce
2423 4286 2649 4328 accessu
2701 4270 2966 4334 difﬁcilia,
3038 4271 3084 4326 si
3133 4270 3259 4340 quis
3308 4269 3654 4324 demonstra-

367 4363 584 4420 tionum
629 4364 683 4417 vi
729 4381 980 4434 qumrcre
1029 4366 1380 4434 connitatur;
1439 4368 1573 4438 quin
1635 4378 1692 4424 et
1729 4369 1956 4424 omnino
1992 4369 2294 4434 inaccessa,
2349 4369 2460 4423 nisi
2513 4368 2783 4423 scrutanti
2820 4366 2956 4422 ﬁdes
2985 4382 3171 4422 comes
3195 4382 3302 4420 una
3332 4365 3580 4421 accedat.

437 4456 538 4522 λζ’.
583 4459 671 4511 Ἐν
695 4460 792 4529 μὲν
824 4460 1134 4530 πρακτικῷ,
1169 4463 1282 4525 τοῖς
1309 4461 1422 4514 τῶν
1467 4461 1680 4533 ἀρετῶν
1733 4462 1960 4533 τρόποις

2137 4465 2226 4519 '57.
2268 4463 2330 4517 In
2369 4478 2436 4518 eo
2489 4461 2716 4531 quidem
2761 4461 2853 4530 qui
2890 4459 3100 4516 actioni
3142 4459 3349 4525 studet,
3385 4459 3653 4513 virtutum

364 4548 746 4620 παχυνόμενος
774 4551 802 4602 6
835 4550 1016 4617 λόγος,
1047 4550 1259 4616 γίνεται
1287 4550 1428 4622 σάρξ
1455 4567 1469 4582 ’
1506 4551 1565 4604 ὲν
1599 4550 1658 4604 δὲ
1709 4549 1788 4621 τῷ
1836 4551 1965 4603 θεω-

2070 4554 2252 4609 modis
2288 4563 2568 4609 crassatus
2615 4568 2821 4615 sermo,
2873 4568 3004 4606 caro
3040 4551 3304 4615 edicitur;
3357 4553 3411 4604 in
3463 4567 3531 4605 eo
3557 4566 3658 4605 au-

365 4639 612 4713 ρητικῷ,
663 4643 775 4704 τοῖς
832 4644 1224 4711 πνευματικοῖς
1264 4642 1498 4711 νοήμασι
1538 4640 1964 4712 λεπτυνόμενος,

359 4733 578 4797 γίνεται
601 4733 790 4805 ὥσπερ
810 4729 876 4804 ἦν
899 4735 957 4786 ὲν
984 4735 1148 4806 ἀρχῇ,
1175 4733 1308 4797 Θεὸς
1341 4734 1536 4803 Λόγος.

446 4909 551 4981 λη’.
580 4912 735 4966 Ποιεῖ
772 4910 952 4980 σάρκα
981 4909 1073 4962 τὸν
1116 4908 1294 4978 λόγον,
1342 4910 1370 4961 6
1414 4909 1824 4980 παραδείγμασι
1865 4911 1959 4965 καὶ

368 5005 582 5076 ῥήμασι
611 5003 938 5075 παχυτέροις
974 5001 1062 5056 διά
1088 5002 1187 5073 τὴν
1216 5000 1477 5070 ἀνάλογον
1513 5000 1622 5054 τῶν
1651 5001 1958 5056 ἀκουόντων

368 5097 628 5167 δύναμιν,
680 5095 878 5166 ἠθικὴν
927 5095 1021 5148 τοῦ
1067 5095 1228 5164 λόγου
1274 5093 1374 5164 τὴν
1403 5093 1751 5148 διδασκαλίαν
1779 5094 1957 5148 ποιού·

371 5207 534 5263 μενος
559 5207 576 5222 ·
609 5189 704 5244 καὶ
749 5188 912 5244 πάλιν
951 5191 1095 5242 ποιεῖ
1115 5187 1333 5258 πνεῦμα
1383 5187 1475 5241 τὸν
1525 5188 1778 5256 λόγον,”ὁ
1840 5191 1953 5253 τοῖς

371 5281 602 5352 ὑψηλοῖς
679 5281 858 5353 θεωρή
867 5299 1000 5352 μασι
1087 5280 1185 5352 τὴν

371 5375 683 5444 θεολογίαν.

449 5464 548 5519 λθ’.
591 5467 651 5520 '0
691 5465 792 5536 μὲν
831 5467 894 5517 ἐκ
926 5463 1036 5516 τῶν
1078 5463 1280 5516 θέσεων
1338 5464 1727 5533 καταφατικῶς
1783 5463 1962 5518 θεολο-

371 5559 515 5629 γῶν,
563 5559 742 5628 σάρκα
788 5559 934 5610 ποιεῖ
970 5557 1062 5610 τὸν
1095 5555 1256 5622 λόγον
1282 5573 1294 5585 ⁸
1337 5557 1437 5609 οὐκ
1478 5556 1614 5626 ἔχων
1648 5556 1889 5620 ἄλλοθεν,
1926 5555 1961 5626 ἢ

373 5650 443 5702 ἐκ
481 5645 589 5700 τῶν
619 5647 912 5718 ὁρωμένων
943 5645 1038 5700 καὶ
1074 5645 1487 5717 ψηλαφωμένων
1521 5646 1614 5702 τὸν
1643 5646 1774 5701 Θεὸν
1801 5645 1964 5715 γινὼ-

1261 5279 1532 5351 μυστικὴν
1605 5281 1956 5352 ἐκτιθέμενος

451 5830 499 5864 ”
535 5829 696 5886 Rom.
743 5847 794 5896 x,
837 5831 888 5884 8.
969 5832 988 5862 θ
1044 5831 1179 5886 ibid.
1217 5829 1270 5898 6,
1305 5831 1356 5888 7.

1995 4688 2042 4742 D

2075 4652 2185 4700 tem
2229 4644 2324 4713 qui
2378 4643 2830 4713 contemplationi
2867 4642 3114 4696 animum
3156 4641 3381 4704 addicit,
3431 4640 3656 4708 spirita-

2067 4735 2217 4789 libus
2259 4733 2441 4788 sensis
2501 4748 2568 4787 ac
2608 4731 2973 4801 conceptibus
3034 4738 3312 4794 tenuatus,
3363 4727 3418 4782 id
3467 4727 3654 4782 evadit

2063 4831 2212 4902 quod
2253 4831 2312 4885 in
2355 4828 2632 4900 principio
2675 4835 2815 4892 erat,
2864 4827 3012 4881 Deus
3053 4825 3318 4880 Verbum.

2130 4923 2221 4978 58.
2263 4921 2589 4977 Sermonem
2621 4935 2844 4974 carnem
2874 4918 3024 4983 facit,
3058 4916 3150 4987 qui
3193 4913 3358 4987 494.
3384 4914 3651 4983 exemplis

2058 5015 2356 5084 verbisque
2387 5011 2755 5068 crassior-ibus
2790 5009 3104 5065 auditorum
3150 5022 3210 5061 se
3240 5004 3486 5060 facultati
3513 5018 3648 5061 con-

2027 5105 2353 5161 venienter
2383 5113 2777 5172 attemperans,
2829 5099 3094 5154 moralem
3131 5095 3402 5152 sermonis
3443 5095 3654 5150 doctri-

2062 5213 2186 5253 nam
2211 5194 2473 5250 instituit.
2500 5195 2824 5262 Rursusque
2841 5204 3154 5246 sermonem
3173 5188 3426 5256 spiritum
3447 5186 3650 5250 reddit,

2062 5286 2156 5356 qui
2199 5282 2534 5340 sublimibus
2569 5280 2928 5337 theorematis
2989 5294 3054 5334 ac
3103 5278 3303 5340 sensis,
3340 5277 3652 5334 abstrusio-

2059 5389 2200 5436 rem,
2237 5388 2362 5442 qua:
2397 5370 2464 5424 de
2508 5370 2621 5423 Deo
2650 5377 2756 5432 est,
2804 5367 3113 5421 doctrinam
3143 5364 3390 5435 exponit.

2129 5465 2216 5519 59.
2257 5463 2361 5529 Qui
2385 5479 2452 5516 ex
2479 5459 2852 5530 positionibus
2875 5457 3140 5512 affirmate
3167 5456 3236 5511 de
3265 5457 3373 5510 Deo
3403 5452 3647 5515 disserit,

2061 5569 2372 5610 sermonem
2407 5565 2630 5606 carnem
2671 5549 2833 5615 facit;
2865 5549 2960 5619 qui
2993 5562 3192 5616 nempe
3241 5543 3460 5599 nonnisi
3489 5557 3553 5595 ex
3583 5542 3652 5597 iis

2062 5663 2184 5717 qua:
2221 5645 2395 5700 oculis
2447 5643 2693 5714 subjecta
2727 5650 2874 5702 sunt.
2909 5657 2973 5695 ac
3004 5655 3166 5694 manu
3200 5642 3647 5698 contreetautur,
