4076 6422
525 381 660 446 1143

1703 390 1763 448 S.
1810 390 1865 447 Μ
1877 389 2098 450 AXIMI
2142 389 2653 457 CONFESSORIS

3654 407 3767 467 ιςιι

523 495 695 552 Deum
735 503 792 548 ut
844 502 1131 551 auctorem
1178 512 1518 568 cognoscere
1550 499 1748 568 possit.
1781 499 1886 567 Qui
1921 511 2107 555 autem

2218 519 2371 558 σκειν
2401 506 2480 571 ὡς
2501 507 2676 562 αἴτιον
2703 525 2714 538 ·
2765 509 2796 561 ὁ
2825 508 2882 562 δὲ
2921 507 3273 577 ἀποφατικῶς
3303 507 3365 562 ὲκ
3414 508 3516 562 τῶν
3563 511 3765 584 decipi.

521 587 833 641 mlieianter
872 603 937 642 ex
979 587 1372 659 negationibus
1421 589 1492 644 de
1534 589 1646 646 Deo
1684 590 1950 660 loquitur,
2002 606 2120 645 ser-

517 694 738 733 monem
795 680 1054 749 spiritum
1106 681 1259 748 facit,
1314 682 1467 737 velut
1501 681 1555 736 in
1609 683 1882 752 principio
1917 684 2116 749 Deum,

517 785 582 824 ac
619 769 766 840 apud
816 771 1030 838 Deum;
1073 773 1169 842 qui
1205 773 1311 827 rite
1353 789 1420 829 ex
1454 773 1608 827 nullo
1640 789 1871 843 prorsus
1899 788 2115 838 eorum,

517 878 641 931 qua:
670 863 932 933 cognosci
977 873 1230 934 possunt,
1263 865 1445 936 ipsum
1474 880 1642 935 supra
1673 881 1838 935 quam
1867 865 2117 936 ignotum

517 953 694 1023 probe
735 965 1056 1027 cognoscat.

589 1047 679 1103 40.
717 1047 823 1115 Qui
873 1049 1314 1119 patriarcharum
1368 1066 1526 1106 more
1565 1049 1802 1106 actionis
1855 1051 2006 1105 cultu
2055 1065 2132 1104 ac

517 1141 1023 1210 contemplationis,
1091 1143 1146 1196 'm
1214 1143 1337 1212 ipso
1393 1142 1729 1199 exsistentes
1779 1143 2002 1198 virtutis
2053 1157 2118 1197 ac

517 1231 764 1287 scicntia:
793 1241 993 1303 puteos
1039 1235 1198 1290 novit
1244 1234 1458 1302 fodere,
1490 1235 1640 1290 intus
1676 1235 1958 1290 Christum
1998 1234 2120 1290 fon-

517 1333 629 1379 tcm
673 1325 800 1381 vitae
837 1326 1107 1392 offendet,
1164 1343 1231 1382 ex
1275 1343 1386 1398 quo
1420 1327 1702 1398 Sapientia
1750 1328 1912 1400 jubet
1943 1337 2003 1383 ut
2034 1329 2119 1382 bi-

516 1414 733 1480 bamus,
769 1417 1002 1473 dicens:
1029 1418 1159 1473 Bibe
1191 1437 1358 1491 aquas
1393 1421 1457 1474 de
1493 1422 1634 1476 vasis
1667 1423 1788 1486 tuis,
1823 1431 1870 1475 et
1901 1421 1965 1474 de
1985 1438 2118 1476 vena

515 1518 797 1577 puteorum
855 1519 1072 1566 tuorum
1107 1513 1182 1580 ’9;
1220 1498 1390 1583 'quod
1441 1514 1572 1567 dum
1627 1513 1947 1578 fecerimus,
1996 1514 2118 1584 ejus

515 1600 660 1657 intra
700 1618 802 1659 nos
839 1605 1171 1660 exsistentes
1220 1607 1514 1662 thesauros
1577 1607 1945 1662 inveniemus.

583 1781 675 1836 4i.
717 1779 822 1847 Qui
849 1781 1138 1837 brutarum
1165 1782 1534 1838 animantium
1565 1799 1739 1850 more,
1777 1783 2116 1840 demerendo

513 1871 866 1926 solummodo
917 1872 1109 1928 sensui
1158 1874 1326 1927 vitam
1384 1875 1704 1941 instituunt,
1756 1875 1952 1947 grandi
2009 1875 2114 1930 sibi

513 1963 764 2032 periculo
805 1979 1122 2021 sermonem
1174 1980 1401 2020 carnem
1465 1967 1712 2034 faciunt;
1762 1969 1858 2039 qui
1913 1985 2113 2039 nempe

515 2063 576 2108 ut
610 2057 906 2112 affectibus
953 2073 1018 2112 ac
1054 2057 1277 2113 libidini
1332 2074 1546 2114 morem
1595 2070 1790 2132 gerant
1841 2061 2044 2117 creatis
2083 2077 2115 2116 a

512 2148 626 2202 Deo
674 2149 1014 2217 abutantur;
1073 2167 1178 2207 nec
1231 2152 1538 2222 sapientiae,
1575 2170 1699 2224 quae
1750 2155 1808 2209 in
1854 2155 2116 2209 omnibus

516 2238 726 2305 elucet,
770 2241 1044 2296 rationem
1107 2243 1487 2310 considerent,
1544 2254 1606 2300 ut
1639 2247 1812 2302 Deum
1872 2261 1942 2301 ex
1993 2247 2115 2318 ejus

511 2332 784 2401 operibus
836 2344 1180 2405 cognoscant
1209 2353 1274 2392 ac
1307 2338 1642 2404 clariﬁcent;
1672 2339 2109 2408 intelligantque,

511 2431 682 2488 unde,
715 2437 780 2478 ac
827 2424 986 2493 quid,
1043 2425 1097 2478 in
1147 2441 1381 2496 quemve
1425 2425 1616 2492 finem,
1667 2443 1731 2482 ac
1776 2443 1886 2496 quo
1936 2435 1996 2482 ut
2027 2427 2110 2482 fc-

510 2528 723 2580 ramur,
760 2529 862 2584 per
900 2530 964 2570 ea
998 2532 1123 2586 qua:
1159 2517 1340 2572 oculis
1377 2520 1677 2588 conspicua
1718 2530 1866 2584 sunt,
1897 2518 2110 2574 conditi

506 2599 720 2666 simus;
753 2601 851 2657 sed
889 2603 948 2657 in
981 2602 1234 2660 tenebris
1288 2615 1467 2660 totum
1497 2607 1647 2675 quod
1677 2609 1892 2678 agimus
1938 2624 2112 2662 saacu-

505 2694 622 2748 lum
657 2694 1026 2762 ambulantes,
1073 2698 1247 2753 solam
1290 2699 1390 2754 Dei
1437 2698 1805 2769 ignorantiam
1834 2701 2108 2756 ambabus

504 2787 765 2843 manibus
813 2789 1060 2860 palpent.

574 2881 665 2935 42.
693 2881 797 2946 Qui
819 2883 953 2938 solis
988 2898 1160 2939 sacrm
1185 2884 1488 2955 Scriptum
1518 2887 1707 2943 verbis
1737 2889 1980 2962 animum
2012 2889 2110 2943 ad-

504 2971 787 3051 hibentes,
820 2975 1097 3042 corporali
1143 2975 1280 3043 legis
1329 2976 1481 3031 cultu
1511 2977 1678 3032 animi
1711 2979 2110 3048 ingenuitatem

505 3061 778 3133 obligant,
812 3064 1182 3133 vituperando
1211 3083 1352 3122 ausu
1383 3082 1702 3124 sermonem
1743 3070 1852 3124 sibi
1875 3085 2111 3126 carnem

2226 615 2364 651 σεων
2402 598 2691 669 θεολογῶν,
2723 601 2943 671 πνεῦμα
2970 604 3116 654 ποιεῖ
3137 601 3230 653 τὸν
3254 599 3428 669 λόγον,
3457 601 3529 666 ὡς
3559 604 3610 660 ἐν
3639 606 3762 680 ἀρχῇ

2221 689 2357 744 Θεὸν
2382 691 2532 757 ὄντα,
2565 694 2662 747 καὶ
2692 694 2830 766 πρὸς
2853 694 2985 747 Θεὸν
3009 693 3160 758 ὄντα,
3197 692 3256 758 ἐξ
3290 693 3501 758 οὐδενὸς
3531 695 3586 748 τὸ
3615 700 3768 767 παρά-

2222 801 2330 837 παν
2364 784 2474 837 τῶν
2500 785 2813 856 γνωσθῆναι
2839 785 3177 856 δυναμένων,
3209 784 3392 848 καλῶς
3409 783 3676 854 γινώσκων
3693 788 3769 842 τὸν

2221 875 2668 946 ὑπεράγνωστον.

2295 1063 2370 1128 μ’,
2408 1058 2465 1112 '0
2497 1056 2681 1128 μαθὼν
2711 1057 3001 1130 όρῤύσσειν
3029 1057 3175 1120 κατά
3194 1057 3318 1122 τοὺς
3344 1059 3674 1130 πατριάρχας
3697 1061 3770 1116 διὰ

2221 1151 2476 1222 πράξεως
2505 1151 2601 1204 καὶ
2629 1151 2863 1222 θεωρίας
2898 1151 2966 1205 τά
3017 1153 3076 1205 ὲν
3119 1151 3269 1222 αὐτῷ
3317 1154 3417 1222 τῆς
3467 1153 3658 1223 ἀρετῆς
3692 1156 3773 1207 καὶ

2219 1241 2320 1312 τῆς
2348 1241 2606 1310 γνώσεως
2631 1243 2865 1314 φρέατα,
2900 1241 2993 1295 τὸν
3019 1241 3258 1313 Χριστὸν
3281 1241 3430 1296 ἔνδον
3453 1243 3664 1314 εὑρήσει
3689 1242 3772 1316 τὴν

2219 1334 2400 1406 πηγὴν
2428 1336 2527 1406 τῆς
2565 1335 2714 1406 ζωῆς
2747 1352 2762 1367 ⁸
2798 1335 2892 1406 ἀφ’
2920 1328 2990 1407 ἧς
3019 1335 3196 1389 πίνειν
3228 1337 3374 1406 ἡμᾶς
3402 1336 3435 1404 ἠ
3491 1335 3643 1402 σοφία
3682 1353 3772 1387 πα-

2223 1426 2599 1497 ρακελεύεται,
2649 1427 2890 1496 λέγουσα
2913 1441 2930 1457 ⁸
2970 1428 3118 1482 [lira
3151 1427 3342 1482 ὕδατα
3378 1427 3496 1482 ἀπὸ
3527 1427 3648 1481 σῶν
3683 1429 3773 1497 ἁγ-

2219 1521 2414 1588 τείων,
2446 1520 2544 1573 καί
2568 1519 2688 1575 ἀπὸ
2720 1519 2850 1574 σῶν
2869 1520 3141 1588 φρεάτων
3163 1518 3386 1588 πηγῆς*
3421 1520 3554 1589 ὅπερ
3583 1520 3773 1572 ποιοῦν-

2223 1630 2328 1677 τες,
2353 1613 2667 1684 εὑρήσομεν
2691 1611 2838 1667 ἔνδον
2862 1612 3022 1684 ἡμῶν
3065 1610 3228 1674 ὄντας
3248 1613 3376 1676 τοὺς
3395 1613 3559 1683 αὐτῆς
3592 1611 3774 1682 θησαυ-

2255 1724 2368 1760 ους.

2255 1725 2368 1760 ου’.

2149 1851 2188 1905 Β
2221 1725 2252 1776 ρ
2293 1743 2404 1869 εἶς’.
2443 1798 2506 1851 Oi
2537 1797 2828 1868 κτηνωδῶς
2867 1797 3006 1868 πρὸς
3050 1797 3219 1868 μόνην
3251 1797 3351 1866 τὴν
3385 1795 3631 1866 αἴσθησιν
3653 1795 3774 1860 ζῶν-

2216 1909 2328 1957 τες,
2366 1892 2686 1960 ἐπισφαλῶς
2733 1893 2949 1954 ἑαυτοῖς
2981 1891 3162 1960 σάρκα
3211 1888 3426 1942 ποιοῦσι
3477 1889 3565 1941 τὸν
3616 1888 3772 1956 λόγον’

2217 1986 2298 2049 είς
2325 1985 2646 2055 ὑπηρεσίαν
2665 1985 2762 2055 μὲν
2801 1983 3015 2047 παθῶν,
3057 1984 3170 2045 τοῖς
3210 1981 3308 2035 τοῦ
3340 1979 3476 2034 Θεοῦ
3513 1978 3774 2049 καταχρώ-

2219 2095 2368 2150 μενοι
2393 2078 2690 2148 κτίσμασι·
2727 2077 2819 2130 τὸν
2849 2076 2906 2129 δὲ
2939 2075 3040 2145 τῆς
3068 2074 3260 2143 σοφίας
3277 2073 3380 2142 τῆς
3399 2073 3563 2126 πᾶσιν
3591 2073 3775 2142 ὲμφαιυ

2215 2187 2272 2222 νο
2280 2169 2472 2240 μένης,
2487 2169 2547 2221 οὐ
2566 2166 2955 2229 κατανοοῦντες
2985 2166 3164 2233 λόγον,
3225 2164 3367 2235 πρὸς
3390 2163 3452 2216 τὸ
3476 2163 3670 2230 γνῶναι
3693 2161 3776 2215 καὶ

2213 2261 2436 2328 δοξάσαι
2462 2260 2552 2314 τὸν
2576 2260 2711 2313 Θεὸν
2738 2262 2801 2312 ὲκ
2827 2258 2936 2311 τῶν
2961 2255 3127 2310 αὑτοῦ
3155 2257 3479 2327 ποιημάτων
3505 2272 3518 2285 ·
3547 2255 3637 2308 καὶ
3668 2270 3774 2306 συν-

2218 2355 2354 2407 ιὲναι
2405 2352 2593 2416 πόθεν,
2627 2353 2723 2405 καὶ
2750 2351 2825 2414 τί,
2863 2351 2958 2404 καὶ⁸
2986 2352 3078 2402 ἐπὶ
3099 2349 3229 2414 τίνι,
3263 2349 3360 2401 καὶ
3393 2346 3498 2400 ποῦ
3535 2346 3774 2416 φέρεσθαι

2213 2446 2302 2500 διὰ
2332 2445 2440 2498 τῶν
2471 2444 2766 2516 ὁρωμένων
2788 2443 3095 2512 γεγόναμεν
3127 2458 3140 2472 ο
3192 2440 3309 2495 ἀλλ’
3362 2440 3421 2492 ὲν
3475 2438 3648 2492 σκότει
3697 2436 3776 2490 τὸν

2214 2538 2386 2593 αἰῶνα
2418 2536 2609 2590 τοῦτον
2636 2534 3107 2606 διαπορευόμενοι,
3143 2532 3314 2605 μόνην
3345 2532 3450 2604 τὴν
3499 2531 3624 2602 περὶ
3663 2528 3776 2583 Θεὸν

2213 2631 2418 2701 ἀμφοῖν
2445 2629 2564 2683 ταῖν
2590 2630 2772 2698 χεροῖν
2804 2625 3134 2698 ψηλαφῶσιν
3161 2624 3462 2694 ἀγνωσίαν.

2288 2899 2395 2973 μβθ,
2427 2899 2496 2954 οι
2525 2898 2674 2969 μόνῳ
2711 2894 2790 2967 τῷ
2822 2893 2973 2968 ρητῷ
2996 2894 3098 2961 τῆς
3143 2891 3303 2963 ἁγίας
3334 2891 3566 2970 Γραφῆς
3613 2903 3773 2960 παρα-

2212 2995 2537 3064 καθήμενοι,
2557 2991 2650 3045 καὶ
2671 2992 2736 3060 τῇ
2771 2984 3064 3057 σωματικῇ
3083 2986 3177 3038 τοῦ
3216 2988 3390 3055 νόμου
3435 2981 3654 3054 λατρεία
3698 2979 3774 3032 δε-

2213 3086 2476 3154 σμοΰντες
2502 3082 2606 3152 τῆς
2629 3079 2808 3151 ψυχῆς
2829 3078 2892 3131 τὸ
2917 3077 3156 3148 ἀξίωμα,
3183 3075 3405 3146 ψεκτῶς
3421 3074 3655 3128 ποιοῦσιν
3670 3073 3776 3124 sau-

502 3153 755 3221 faciunt;
798 3155 879 3209 sic
931 3156 1216 3223 nimirum,
1275 3167 1338 3213 ut
1385 3161 1679 3216 brutarum
1735 3162 2100 3227 animantium

2209 3153 2317 3238 τοῖς
2351 3175 2530 3246 σάρκα
2558 3171 2648 3227 τὸν
2679 3171 2836 3240 λόγον
2871 3187 2883 3200 ·
2918 3169 3130 3237 ἀλόγων
3163 3169 3317 3234 ζώων
3353 3169 3566 3230 θυσίαις
3605 3165 3776 3232 etape-

503 3246 747 3302 victimis
791 3248 972 3304 Deum
1024 3250 1292 3306 delectari
1325 3253 1678 3318 existiment;
1706 3253 1963 3310 homines
1990 3254 2102 3309 sci-

505 3337 660 3403 licet,
711 3338 807 3408 qui
850 3340 1076 3410 corpori
1134 3343 1385 3398 exterius
1434 3345 1724 3401 lustrando
1771 3359 1881 3399 non
1925 3345 2103 3400 levem

505 3447 700 3485 curam
752 3431 1080 3499 adhibeant,
1111 3435 1284 3490 animi
1317 3452 1452 3492 vero
1486 3438 1986 3506 pulchritudinem,
2021 3439 2102 3492 vi-

505 3524 712 3577 tiorum
747 3525 983 3579 maculis
1021 3528 1361 3596 compuncti,
1403 3529 1717 3600 negligant;
1749 3531 1908 3601 cujus
1935 3546 2102 3586 causa

502 3614 687 3670 omnis
741 3631 930 3672 rerum
974 3618 1152 3674 oculis
1182 3619 1560 3690 subjectarum
1606 3622 1785 3677 virtus
1833 3621 2104 3692 producta

501 3713 609 3770 est,
659 3706 954 3776 omnisque
1005 3707 1229 3764 divinus
1280 3725 1464 3766 sermo
1497 3725 1562 3765 ac
1613 3711 1703 3766 lex
1738 3712 1909 3767 edita.

571 3799 662 3854 45.
705 3799 766 3854 ln
803 3801 1021 3856 ruinam
1067 3811 1123 3858 et
1165 3804 1634 3859 resurrectionem
1685 3805 1989 3860 multorum
2046 3805 2105 3860 in

501 3893 708 3952 lsraele
754 3893 996 3964 positum
1041 3910 1165 3951 esse
1217 3896 1534 3962 Dominum,
1591 3905 1828 3954 testatur
1880 3915 2102 3954 sacrum

500 3986 863 4058 Evangelium
908 3989 947 4042 ¹.
1013 3989 1178 4061 495
1243 3993 1446 4048 Animo
1498 3993 1667 4064 igitur
1719 3978 2097 4058 attendamus,

499 4097 634 4137 num
673 4081 731 4136 in
781 4098 979 4138 eorum
1026 4084 1252 4153 quidem
1303 4087 1546 4151 ruinam,
1593 4087 1689 4155 qui
1737 4087 1851 4142 sola
1903 4102 2103 4143 sensus

499 4175 680 4247 gratia
738 4183 995 4230 naturam
1041 4178 1221 4233 oculis
1259 4179 1566 4250 subjectam
1616 4187 1976 4240 contuentur,
2007 4195 2102 4234 eo-

499 4283 742 4337 rumque
773 4269 869 4336 qui
900 4268 1036 4323 solis
1061 4268 1370 4340 Scriptura:
1393 4271 1584 4326 verbis
1612 4271 1864 4334 haerent;
1894 4271 2100 4340 quippe

498 4359 599 4429 qui
640 4373 740 4427 per
783 4357 1084 4412 amentiam
1109 4373 1176 4414 ac
1218 4359 1606 4427 stoliditatem,
1639 4360 1708 4416 ad
1733 4377 1939 4422 novum
1970 4376 2100 4430 gra-

496 4452 592 4508 tia:
619 4449 877 4521 Spiritum
916 4450 1156 4506 transire
1189 4465 1303 4505 non
1333 4452 1593 4519 valeant;
1631 4453 2096 4509 resurrectionem

2211 3270 2455 3324 στεῖσθαι
2492 3268 2803 3338 νομίζοντες
2829 3268 2921 3321 τὸν
2970 3265 3103 3320 Θεόν
3133 3280 3146 3294 ⁸
3198 3259 3281 3326 οἷς
3330 3261 3470 3315 πολὺ
3519 3260 3578 3312 τὸ
3634 3255 3776 3324 σῶμα

2209 3356 2621 3425 πεφρόντισται,
2655 3358 2767 3418 τοῖς
2804 3356 2960 3418 ἐκτὸς
2997 3352 3318 3423 καθαρσίοις
3343 3369 3358 3383 ι
3402 3353 3498 3421 τῆς
3535 3348 3589 3402 δὲ
3618 3344 3775 3416 ψυχῆς

2209 3449 2598 3521 παρημέληται
2627 3448 2688 3501 τὸ
2711 3448 2928 3512 κάλλος,
2958 3449 3079 3509 ταῖς
3103 3445 3212 3504 τῶν
3244 3444 3440 3498 παθῶν
3468 3441 3645 3514 κηλίσι
3672 3455 3777 3491 στι-

2208 3540 2436 3610 ζόμενον
2467 3556 2480 3571 ⁸
2508 3539 2647 3609 ὑπὲρ
2675 3535 2762 3612 ἧς,
2792 3543 2822 3610 ἡ
2858 3541 3010 3593 πᾶσα
3038 3537 3148 3592 τῶν
3167 3537 3467 3608 ὁρωμένων
3495 3529 3748 3603 προϐέὸλη

2205 3633 2575 3702 ταιδύναμις,
2601 3635 2837 3696 xci-117.5:
2882 3633 3041 3700 λόγος
3092 3631 3234 3693 θεῖος
3284 3630 3384 3684 καὶ
3429 3629 3590 3698 νόμος
3636 3623 3773 3678 ὲκδέο

2204 3725 2373 3778 δοται.
2833 3739 2837 3744 ·

2284 3823 2394 3887 μγ⁹.
2421 3817 2516 3879 Εἰς
2557 3815 2772 3869 πτῶσιν
2815 3817 2909 3868 καὶ
2961 3815 3260 3869 ἀνάστασιν
3317 3812 3532 3867 πολλῶν
3583 3807 3778 3864 κεῖσθαι

2206 3910 2296 3963 τὸν
2333 3907 2537 3981 Κύριον
2571 3908 2720 3976 λέγει
2750 3908 2812 3960 τὸ
2847 3908 3004 3976 ἅγιον
3041 3905 3402 3974 Εὑαγγέλιον.
3431 3901 3637 3957 Οὐκοῦν
3666 3913 3776 3952 σκο-

2205 4001 2492 4071 πήσωμεν,
2542 4001 2739 4070 μήπως
2775 4003 2855 4063 εις
2906 3999 3115 4052 πτῶσιν
3159 3999 3279 4069 μὲν,
3312 3997 3426 4051 τῶν
3446 4014 3506 4050 τε
3535 3995 3663 4066 πρὸς
3695 3989 3778 4061 μὸο

2203 4105 2304 4161 νην
2332 4090 2431 4160 τὴν
2463 4088 2717 4161 αἴσθησιν
2738 4090 2839 4162 τὴν
2873 4089 3162 4160 ὁρωμένην
3204 4086 3561 4159 θεωρούντων
3593 4083 3776 4142 κτίσιν.

2204 4186 2299 4237 καὶ
2325 4183 2434 4237 τῶν
2463 4183 2610 4254 μόνῳ
2639 4183 2717 4254 τῷ
2752 4181 2905 4255 ρητῷ
2931 4181 3290 4253 στοιχούντων
3330 4181 3436 4251 τῆς
3461 4179 3622 4248 ἁγίας
3651 4177 3776 4245 Γρα-

2203 4277 2311 4344 φῆς
2335 4290 2350 4307 ⁸
2385 4273 2462 4336 ὡς
2504 4273 2578 4345 μὴ
2601 4274 2918 4344 δυναμένων
2950 4273 3088 4344 πρὸς
3114 4271 3176 4325 τὸ
3214 4271 3405 4326 καινὸν
3437 4269 3650 4336 πνεῦμα
3675 4265 3778 4319 δια-

2203 4365 2363 4435 ϐῆναι
2399 4367 2501 4435 τῆς
2545 4365 2772 4436 χάριτος
2809 4363 2901 4418 διιά
2932 4364 3030 4435 τὴν
3081 4363 3269 4418 ἄνοιαν
3298 4379 3314 4395 ο
3365 4362 3666 4416 ἀνάστασιν
3705 4353 3773 4416 δὲ,

2201 4457 2312 4512 τῶν
2331 4457 2723 4528 πνευματικῶς
2749 4456 2822 4511 τά
2840 4474 2900 4510 τε
2927 4456 3207 4526 κτίσματα
3251 4453 3348 4508 τοῦ
3395 4453 3534 4508 Θεοῦ
3587 4449 3676 4504 καὶ
3717 4443 3774 4498 τὰ

496 4559 632 4599 vero
694 4557 916 4604 eorum,
962 4541 1057 4612 qui
1121 4543 1362 4614 spiritali
1409 4544 1626 4600 ratione
1681 4553 1800 4601 tum
1841 4562 1932 4602 res
1981 4547 2096 4604 Deo

2209 4551 2427 4622 ῥήματα
2455 4551 2808 4620 θεωρούντων
2829 4567 2891 4602 τε
2918 4549 3015 4603 καὶ
3040 4547 3373 4609 ἀκουόντων,
3407 4545 3502 4599 καὶ
3528 4544 3643 4604 τοῖς
3660 4535 3777 4593 καθ·

497 4643 728 4693 auctore
753 4634 1031 4699 conditas,
1060 4643 1178 4690 tum
1200 4637 1323 4708 ejus
1355 4637 1528 4693 verba
1549 4639 1902 4710 conspiciunt
1930 4651 2098 4713 atque

493 4727 768 4794 audiunt;
815 4726 1059 4795 hincque
1104 4725 1246 4781 adeo
1289 4727 1391 4782 soli
1431 4727 1634 4784 divina:
1681 4729 1930 4802 imagini,
1972 4747 2098 4801 quas

494 4821 555 4876 in
593 4819 782 4875 animo
830 4819 1061 4885 residet,
1093 4821 1360 4890 congruis.
1385 4821 1638 4878 moribus
1667 4838 1857 4878 curam
1883 4825 2099 4895 impen-

496 4910 661 4966 dunL

567 5004 659 5059 44.
700 5003 859 5070 Quod
893 5003 972 5058 ita
1012 5003 1284 5074 scriptum
1327 5013 1433 5072 est,
1469 5006 1713 5076 positum
1744 5022 1868 5063 esse
1909 5007 2098 5062 Domi-

492 5109 628 5149 num
675 5093 731 5148 in
777 5094 997 5149 ruinam
1043 5104 1101 5150 et
1153 5097 1626 5152 resurrectionem
1682 5097 1988 5153 multorum
2040 5098 2102 5154 in

491 5186 720 5251 lsraele,
765 5186 810 5240 si
866 5187 922 5241 in
969 5187 1156 5243 laudis
1206 5197 1425 5257 partem
1469 5191 1649 5245 solum
1707 5189 2053 5261 intelligatur
2079 5229 2100 5254 ,.

495 5275 556 5332 in
580 5275 798 5338 ruinam
821 5277 1206 5348 accipiendum
1238 5288 1354 5334 tum
1385 5281 1650 5336 vitiorum
1681 5289 1738 5336 et
1776 5281 2096 5348 libidinum,

494 5378 617 5426 tum
650 5383 945 5439 pravarum
971 5371 1372 5441 cogitationum
1404 5373 1459 5427 in
1509 5373 1743 5444 singulis
1776 5373 2096 5444 quibusque

493 5462 776 5526 ﬁdelium;
829 5463 1294 5518 resurrectionem
1349 5481 1482 5521 vero
1521 5466 1815 5531 virtutum,
1845 5467 2092 5536 piarum-

495 5570 605 5626 que
640 5555 890 5610 omnium
935 5570 999 5609 ac
1047 5556 1423 5626 religiosamm
1470 5560 1888 5629 cogitationum.

564 5647 654 5703 45.
696 5647 801 5713 Qui
829 5662 1016 5703 rerum
1046 5647 1394 5703 solummodo
1444 5652 1843 5720 generabilium
1878 5670 1942 5710 ac
1972 5671 2092 5709 cor-

577 5810 807 5879 ΜΡιον.
838 5842 891 5892 v,
923 5826 1006 5880 15.
1073 5825 1086 5855 ¹
1124 5826 1257 5882 Luc.
1297 5845 1357 5894 ιι,
1393 5831 1463 5886 Si

2204 4648 2404 4719 ήκουσι
2439 4647 2664 4718 τρόποις
2705 4645 2870 4718 μόνης
2925 4643 3026 4715 τῆς
3067 4642 3212 4704 κατά
3235 4642 3418 4712 ψυχὴν
3465 4639 3612 4701 θείας
3655 4629 3776 4688 εἰκὸ·

2204 4755 2294 4802 νος
2323 4736 2794 4807 ἐπιμελουμένων.

2275 5013 2376 5084 μδ’.
2417 5012 2510 5077 Τὸ,
2549 5010 2764 5065 κεῖσθαι
2809 5009 2901 5063 τὸν
2953 5008 3159 5082 Κύριον
3197 5009 3279 5071 εὶς
3326 5006 3540 5062 πτῶσιν
3583 4998 3776 5057 πολλῶν

2201 5108 2294 5163 καὶ
2314 5108 2612 5162 ἀνάστασιν
2636 5108 2700 5158 ὲν
2724 5106 2802 5176 τῷ
2841 5103 3078 5176 Ἰσραὴλ,
3113 5101 3418 5165 ὲπαινετῶς
3452 5101 3612 5193 μόνον
3643 5092 3775 5193 v00?-

2202 5217 2384 5272 μενον,
2421 5199 2502 5262 εἰς
2521 5197 2732 5250 πτῶσιν
2775 5196 2873 5266 μὲν
2897 5197 3119 5260 νοεῖται,
3161 5193 3271 5247 τῶν
3321 5193 3379 5244 ὲν
3418 5189 3635 5256 ἑκάστῳ
3679 5189 3776 5236 τῶν

2201 5291 2568 5346 πιστευόντων
2601 5288 2711 5342 τῶν
2751 5287 2940 5342 παθῶν
2968 5304 3028 5348 τε
3058 5286 3154 5341 καὶ
3181 5284 3438 5356 πονηρῶν
3468 5277 3736 5352 λογισμῶν
3759 5286 3772 5302 ·

2200 5385 2498 5439 ἀνάστασιν
2529 5381 2607 5446 δὲ,
2659 5379 2768 5434 τῶν
2831 5377 3043 5451 ἀρετῶν
3099 5379 3196 5432 καὶ
3256 5377 3460 5439 παντὸς
3513 5365 3775 5441 θεοφιλοῦς

2193 5477 2477 5548 λογισμοῦ.

2271 5665 2372 5730 με’.
2417 5659 2478 5711 '0
2524 5656 2685 5728 μόνον
2723 5655 2832 5710 τῶν
2857 5657 2919 5710 ἐν
2945 5652 3156 5724 γενέσει
3187 5652 3282 5706 καὶ
3319 5649 3498 5721 φθορᾷ
3533 5647 3773 5716 δημιουρ·
