4076 6426
385 406 528 471 1145

1205 399 1542 460 CAPITUM
1580 396 1856 458 THEOL.
1896 397 1992 457 ET
2029 395 2267 459 (ECON.
2307 396 2699 458 CENTURIA
2736 399 2816 460 II.

3518 402 3654 466 1146

378 523 485 593 γδν
511 521 746 594 νομίζων
779 520 868 575 τὸν
900 519 1126 589 Κύριον,
1173 517 1253 578 είς
1278 513 1556 584 κηπουρὸν
1588 510 1751 564 αὑτὸν
1783 525 1967 577 παρα-

2073 508 2422 578 ruptibilium
2471 517 2757 565 auctorem
2802 508 3100 568 Dominum
3147 523 3270 572 esse
3331 507 3662 575 arbitratur,

380 617 663 687 γνωρίζει,
720 613 860 668 κατά
905 613 1004 684 τὴν
1047 606 1415 677 Μαγδαληνὴν
1439 603 1680 674 Μαρίαν.
1712 600 1802 654 Διὸ
1831 596 1966 672 πρὸς

380 710 651 782 ὠφέλειαν
673 707 864 776 φεύγει
895 707 991 759 τοῦ
1025 703 1264 757 τοιούτου
1295 701 1395 768 τὴν
1427 698 1573 786 ἁςρὴν
1611 699 1638 748 ὁ
1667 695 1966 763 Δεσπότης,

386 801 559 871 μήπω
583 800 712 868 παρ’
754 794 902 866 αύτῷ
943 793 1190 862 δυνηθεὶς
1227 783 1501 857 ἀναϐῆναι
1543 785 1680 856 πρὸς
1715 783 1808 837 τὸν
1858 783 1971 836 [ια-

383 893 541 963 τέρα,
570 890 744 959 λέγων
774 906 788 918 ο
828 886 924 953 Μή
955 903 1073 955 μου
1109 884 1324 939 ἅπτου.
1367 877 1631 933 Γινώσκει
1673 875 1785 946 γὰρ
1838 873 1969 944 βλά-

385 983 653 1045 πτεσθαι,
716 981 812 1034 τὸν
855 980 993 1050 μετὰ
1043 976 1296 1046 τοιαύτης
1343 971 1492 1044 αὐτῷ
1531 968 1971 1042 προσερχόμενον

382 1075 771 1144 ταπεινοτέρας
788 1069 1132 1142 προλήψεως.

463 1334 580 1408 μς’.
628 1338 691 1390 Οί
732 1334 822 1388 διὰ
857 1334 948 1387 τὸν
1009 1332 1170 1400 φόῦον
1213 1329 1324 1384 τῶν
1381 1328 1649 1390 Ἰουδαίων
1693 1344 1836 1382 κατα
1869 1327 1969 1397 τὴν

387 1428 684 1483 Γαλιλαίαν
727 1426 800 1497 (d)
834 1428 892 1478 ἐν
925 1425 1004 1495 τῷ
1038 1421 1274 1493 ὑπερῴῳ
1307 1421 1621 1484 κλείσαντες
1659 1419 1760 1483 τὰς
1797 1419 1971 1490 θύρας

387 1519 692 1591 καθήμενοι
719 1533 733 1545 ·
765 1515 1033 1596 τουτέστι,
1064 1516 1113 1566 ot
1139 1513 1226 1566 διὰ
1255 1513 1345 1566 τὸν
1379 1511 1540 1579 φόϐον
1573 1512 1683 1564 τῶν
1724 1511 1970 1580 πνευμά-

387 1629 502 1666 των
525 1611 628 1681 τῆς
663 1609 951 1680 πονηρίας,
983 1607 1127 1660 κατὰ
1171 1606 1270 1675 τὴν
1316 1603 1499 1674 χώραν
1538 1603 1646 1656 τῶν
1689 1601 1970 1657 ἀποκαλύ-

385 1705 558 1777 ψεων,
590 1704 648 1755 ὲν
675 1702 754 1772 τῷ
787 1699 913 1770 ὕψει
945 1698 1054 1751 τῶν
1096 1695 1254 1750 θείων
1294 1696 1668 1767 θεωρημάτων
1713 1693 1970 1762 ἀσφαλῶς

390 1795 708 1869 βεϐηκότες,
743 1792 923 1864 θυρῶν
967 1791 1124 1861 δίκην
1175 1787 1442 1859 μύσαντες
1487 1787 1585 1850 τὰς
1641 1787 1925 1857 αἰσθήσεις
1952 1827 1966 1848 ,

2070 599 2249 656 instar
2293 601 2479 657 Maria:
2537 603 2894 673 Magdaleme,
2928 603 3076 660 circa
3110 618 3235 657 eum
3275 602 3329 656 in
3377 601 3660 657 hortulani

2067 693 2256 761 specie
2311 691 2610 762 decipitur.
2640 693 2854 748 Idcirco
2896 694 3069 748 etiam
3116 693 3384 748 Dominus
3419 692 3473 747 id
3531 707 3663 762 spe-

2069 791 2229 846 ctans
2280 785 2430 854 quod
2477 785 2614 839 utile
2669 785 2763 850 sit,
2813 785 2959 854 tangi
3001 801 3060 838 se
3105 795 3264 842 cavet
3323 785 3392 840 ab
3449 801 3516 839 eo
3565 786 3660 854 qui

2067 877 2342 946 ejusmodi
2393 886 2498 941 est,
2534 877 2681 947 quod
2739 877 2972 932 necdum
3007 877 3158 931 illius
3195 877 3559 932 testimatione
3597 893 3662 932 ac

2069 982 2236 1028 sensu
2277 969 2579 1024 ascendere
2611 970 2679 1024 ad
2720 971 2938 1025 Patrem
2977 971 3243 1039 potuerit,
3281 969 3471 1023 dicens
3496 986 3509 1021 :
3539 969 3664 1023 Noli

2069 1075 2152 1113 me
2208 1068 2426 1130 tangere
2473 1062 2515 1114 ².
2562 1060 2678 1116 Scit
2721 1063 2869 1116 enim
2915 1062 3035 1116 fore
3072 1071 3132 1116 ut
3168 1061 3403 1114 laedatur
3430 1061 3663 1114 damno-

2069 1165 2178 1219 qne
2211 1148 2498 1215 afﬁciatur,
2544 1151 2641 1220 qui
2680 1151 2878 1208 humili
2931 1151 3020 1206 illa
3077 1159 3350 1219 occupato
3401 1149 3665 1219 opinione

2067 1241 2330 1297 laborans
2371 1243 2436 1298 ad
2475 1259 2603 1298 eum
2652 1245 2964 1299 accesserit.

2143 1335 2233 1388 46.
2274 1333 2380 1400 Qui
2420 1335 2492 1388 ob
2539 1343 2747 1388 metum
2780 1336 3096 1390 Judaaorum
3125 1334 3180 1388 in
3216 1333 3436 1389 Galilzea
3469 1331 3524 1386 in
3554 1346 3667 1386 cm-

2069 1425 2269 1478 naculo
2314 1425 2501 1495 januis
2542 1425 2745 1482 clausis
2783 1426 2979 1480 sedent
3014 1428 3056 1490 ³,
3092 1427 3198 1481 hoc
3229 1437 3336 1488 est,
3383 1427 3476 1495 qui
3511 1431 3664 1478 metu

2070 1513 2364 1582 spirituum
2417 1515 2700 1584 nequitias,
2749 1516 2804 1570 in
2857 1516 3257 1572 revelationum
3305 1515 3552 1584 regione,
3607 1514 3664 1568 in

2072 1605 2298 1660 sublimi
2344 1605 2663 1663 divinorum
2708 1622 3000 1662 sensorum
3033 1623 3097 1662 ac
3134 1607 3662 1678 contei‘nplationum

2071 1713 2197 1754 arce
2226 1705 2345 1752 luto
2395 1698 2728 1764 consistunt,
2761 1701 2964 1755 clausis
3013 1702 3307 1771 januarum
3347 1716 3501 1755 more
3533 1715 3665 1754 sen-

2075 1785 2259 1850 sibus;
2283 1785 2361 1851 hi,
2399 1785 2584 1857 ignota
2613 1788 2848 1851 ratione,
2887 1787 3272 1842 advenientem
3308 1789 3404 1842 Dei
3443 1788 3666 1843 Sermo-

388 1887 828 1958 παραγινόμενον
889 1881 1180 1950 ἀγνώστως
1238 1881 1483 1951 δέχονται
1538 1881 1628 1932 τὸν
1685 1878 1778 1932 τοῦ
1832 1876 1967 1931 Θεοῦ

2073 1895 2196 1934 nem
2235 1879 2564 1948 suscipiunt,
2600 1879 2812 1948 absque
2870 1881 2980 1934 ulla
3017 1896 3218 1935 sensus
3245 1881 3567 1963 operatione
3605 1895 3664 1934 se

391 1979 589 2048 Λόγον,
622 1978 747 2033 ἄνευ
780 1979 878 2046 τῆς
903 1977 1023 2029 κατ’
1054 1973 1305 2042 αἴσθησιν
1333 1972 1608 2044 ἐνεργείας
1631 1971 1812 2034 αὐτοῖς
1846 1973 1969 2023 ἐπι-

390 2070 721 2138 φαινόμενον
744 2083 758 2096 ·
804 2064 1074 2128 ἀπάθειάν
1119 2081 1176 2116 τε
1219 2062 1308 2115 διὰ
1333 2063 1430 2132 τῆς
1469 2063 1711 2132 εἰρήνης,
1747 2062 1843 2114 καὶ
1879 2077 1974 2130 με-

391 2162 628 2232 ρισμοὺς
684 2157 1002 2228 Πνεύματος
1047 2156 1204 2224 ἁγίου
1249 2155 1338 2208 διὰ
1374 2155 1472 2223 τῆς
1495 2154 1846 2224 ἐμπνεύσεως
1873 2152 1974 2205 δω-

392 2250 660 2321 ρούμενον
693 2263 706 2278 ·
741 2250 838 2302 καὶ
858 2250 963 2316 τὴν
998 2246 1138 2299 κατά
1173 2244 1498 2314 πνευμάτων
1537 2241 1790 2321 πονηρῶν
1823 2240 1974 2306 ἐξου-

391 2343 515 2395 σίαν
544 2341 875 2410 παρέχοντα,
913 2339 1008 2392 καὶ
1032 2337 1345 2390 δεικνύοντα
1385 2333 1493 2386 τῶν
1541 2329 1706 2385 αὑτοῦ
1770 2345 1976 2399 μυστηο

391 2433 528 2503 ρίων
552 2431 620 2484 τὰ
645 2430 706 2483 σύ
716 2429 910 2500 μϐολα.

468 2521 576 2593 μζ.
608 2523 732 2584 Τοῖς
766 2520 866 2592 μὲν
894 2517 1035 2571 κατὰ
1065 2517 1245 2586 σάρκα
1267 2515 1356 2567 τὸν
1384 2513 1512 2585 περὶ
1536 2511 1631 2566 τοῦ
1658 2509 1791 2564 Θεοῦ
1819 2511 1974 2579 λόγον

389 2613 712 2685 ἐρευνῶσιν,
743 2613 770 2664 ὁ
797 2611 1002 2680 Κύριος
1032 2610 1131 2662 οὐκ
1156 2607 1434 2661 ἀναϐαίνει
1457 2605 1592 2675 πρὸς
1620 2603 1710 2656 τὸν
1731 2602 1971 2672 Πατέρα’

386 2707 504 2770 τοῖς
534 2704 591 2757 δὲ
625 2703 764 2756 κατά
797 2702 1013 2772 πνεῦμα
1062 2700 1152 2754 διὰ
1187 2699 1296 2752 τῶν
1337 2696 1556 2767 ὑψηλῶν
1603 2694 1973 2766 θεωρημάτων

387 2795 717 2865 ἐκζητοῦσιν
737 2795 923 2854 αὑτὸν.
959 2791 1239 2846 ἀναϐαίνει
1266 2790 1402 2860 πρὸς
1445 2789 1538 2842 τὸν
1592 2786 1834 2858 Πατέρα.
1879 2785 1972 2856 Μὴ

386 2889 572 2942 τοίνυν
601 2887 689 2942 διά
721 2885 922 2948 παντὸς
949 2885 1242 2956 κρατῶμεν
1271 2882 1442 2944 κάτω,
1483 2881 1572 2934 τὸν
1623 2879 1764 2948 ὑπὲρ
1815 2878 1973 2948 ἡμῶν

388 2981 545 3036 κάτω
573 2978 662 3033 διὰ
691 2975 1101 3050 φιλανθρωπίαν
1131 2974 1419 3043 γενόμενον
1445 2989 1458 3002 ο
1509 2971 1622 3024 ἀλλ’
1674 2972 1786 3026 ἅνω
1837 2970 1974 3040 πρὸς

385 3074 484 3127 τὸν
517 3072 735 3143 Πατέρα
768 3072 865 3124 σὺν
894 3068 1044 3138 αὐτῷ
1085 3066 1394 3138 γενώμεθα,
1440 3065 1538 3135 τὴν
1587 3063 1691 3133 γῆν
1747 3062 1975 3130 ἀφέντες

386 3165 488 3218 καὶ
526 3163 596 3216 τὰ
639 3162 765 3234 περὶ
801 3161 900 3230 τὴν
942 3162 1066 3231 γῆν,
1104 3159 1192 3214 ἵνα
1229 3157 1303 3229 μὴ
1334 3157 1429 3210 καλ¹
1460 3158 1592 3227 ἡμῖν
1625 3156 1755 3226 εἴπῃ
1781 3154 1841 3206 τὸ
1873 3155 1976 3224 ρη-

393 3254 484 3310 οὲν
531 3257 643 3318 τοῖς
714 3252 988 3315 Ἰουδαίοις
1037 3249 1385 3322 ἁδιορθώτοις
1416 3249 1684 3319 μείνασιν,
1736 3237 2044 3315 Taciij

386 3346 544 3401 ὅπου
573 3344 740 3416 ὑμεῖς
771 3347 843 3398 οὐ
891 3343 1166 3396 δύνασθε
1223 3339 1440 3394 ἐλθεῖν.
1483 3340 1666 3409 Χωρὶς
1719 3338 1827 3407 γὰρ
1875 3337 1970 3389 τοῦ

384 3441 590 3510 Λόγου,
623 3437 759 3510 πρὸς
785 3437 875 3490 τὸν
903 3437 1124 3506 Πατέρα
1147 3433 1242 3486 τοῦ
1294 3434 1471 3500 Λόγου
1515 3430 1792 3499 γενέσθαι,
1828 3429 1973 3499 ἀμή-

383 3549 574 3604 χανον.

463 3631 578 3696 μην.
624 3623 691 3677 Ἢ
719 3623 794 3693 γῆ
825 3622 934 3675 τῶν
962 3620 1247 3674 Χαλδαίων
1272 3619 1439 3683 ἐστὶν,
1467 3619 1494 3670 ό
1522 3613 1778 3686 ἐμπαθὴς
1808 3611 1922 3684 βίος
1954 3627 1968 3642 ·

389 3719 448 3770 ἐν
482 3711 529 3787 ᾧ
567 3719 676 3770 τῶν
717 3716 1128 3786 ἁμαρτημάτων
1161 3713 1571 3783 δημιουργεῖται
1603 3708 1700 3761 καὶ
1727 3722 1971 3774 προσκυ-

383 3813 561 3863 νεῖται
591 3811 658 3863 τά
681 3808 895 3862 εἴδωλα..
931 3808 995 3859 Ἠ
1034 3807 1090 3859 δὲ
1138 3807 1294 3874 Μέση
1333 3803 1442 3856 τῶν
1490 3800 1751 3870 ποταμῶν
1801 3801 1968 3861 ἐστιν,

381 3902 417 3954 ὁ
443 3898 897 3972 έπαμιροτερίζων
919 3901 1034 3962 τοῖς
1062 3897 1325 3958 ἐναντίοις
1348 3895 1565 3966 τρόπος.
1605 3894 1670 3946 Ἦ
1695 3893 1750 3946 δὲ
1776 3891 1848 3962 γῆ
1872 3890 1972 3958 τῆς

2073 1972 2184 2026 illis
2253 1971 2612 2039 conspicuum
2664 1972 3011 2036 reddentem,
3062 1972 3324 2042 pacisque
3389 1972 3664 2026 acclama-

2073 2064 2224 2117 tione
2264 2064 2471 2118 sedatis
2494 2063 2784 2118 affectibus
2810 2065 3385 2134 imperturbationem,
3447 2079 3664 2117 necnon

2075 2155 2464 2218 insumatinne,
2505 2155 2745 2224 Spiritus
2784 2157 2954 2210 sancti
2991 2157 3418 2211 distributiones
3445 2157 3663 2210 donan-

2074 2253 2224 2310 tem,
2287 2246 2665 2314 adversusque
2729 2245 2960 2314 spiritus
3029 2261 3264 2315 nequam
3327 2253 3662 2315 potestatem

2074 2337 2433 2406 prmhcntem,
2469 2352 2535 2392 ac
2568 2337 2958 2408 mysteriorum
2995 2353 3224 2391 suorum
3270 2337 3516 2408 symbola
3564 2351 3666 2390 ex-

2076 2430 2383 2484 bibentem.

2143 2523 2232 2576 47.
2274 2521 2378 2588 Qui
2415 2520 2630 2577 carnali
2669 2521 2906 2584 ratione,
2935 2538 3059 2592 quae
3081 2522 3149 2577 de
3178 2523 3293 2577 Deo
3321 2529 3428 2586 est,
3460 2521 3669 2578 doctri-

2074 2627 2200 2666 nam
2261 2620 2602 2676 scrutantur,
2661 2611 2749 2666 his
2805 2613 3076 2670 Dominus
3138 2612 3207 2666 ad
3282 2609 3499 2665 Patrem
3551 2626 3664 2665 non

2071 2704 2354 2769 ascendit;
2389 2704 2458 2758 iis
2481 2720 2614 2759 vero
2641 2705 2735 2774 qui
2761 2705 2996 2774 spiritali
3029 2707 3244 2758 ratione
3275 2720 3375 2774 per
3403 2705 3665 2758 sublimia

2072 2810 2233 2849 sensa
2283 2795 2464 2864 ipsum
2515 2795 2835 2865 exquirunt,
2898 2796 2965 2850 ad
3009 2797 3228 2851 Patrem
3257 2795 3529 2850 ascendit.
3564 2795 3669 2850 Ca—

2072 2901 2298 2940 veamus
2357 2902 2487 2956 ergo
2539 2901 2611 2940 ne
2668 2869 2890 2956 semper
2935 2887 2992 2940 in
3047 2895 3195 2941 terra
3245 2887 3410 2956 inque
3462 2886 3667 2941 intimis

2073 2993 2200 3032 eum
2251 2986 2558 3041 teneamus,
2595 2978 2689 3046 qui
2732 2986 2964 3046 propter
3001 2993 3102 3032 nos
3127 2978 3388 3032 clementi
3419 2979 3667 3032 bonitate

2074 3069 2132 3122 in
2177 3077 2384 3122 terram
2416 3067 2744 3132 descendit;
2809 3068 2904 3122 sed
2957 3084 3176 3122 sursum
3213 3068 3280 3122 ad
3316 3069 3533 3124 Patrem
3588 3059 3689 3124 illi.

2074 3171 2307 3217 comites
2337 3161 2528 3216 relicta
2570 3160 2738 3232 496
2769 3169 2918 3216 terra
2969 3177 3032 3216 ac
3062 3177 3185 3230 qua:
3232 3169 3452 3216 terrena
3511 3170 3664 3226 sunt,
3737 3222 3747 3230 ,

2073 3252 2458 3313 ascendamus,
2501 3268 2569 3306 ne
2614 3251 2777 3306 nobis
2828 3253 3060 3320 perinde
3126 3268 3190 3306 ac
3246 3253 3470 3317 Judaeis,
3539 3269 3666 3308 cum

2073 3344 2214 3398 nihil
2259 3343 2536 3398 emendati
2577 3351 2786 3407 essent,
2833 3344 3021 3398 dicat:
3070 3344 3234 3408 Vada,
3277 3361 3380 3414 quo
3411 3361 3498 3398 vos
3561 3361 3669 3400 non

2073 3438 2291 3507 potestis
2354 3438 2532 3490 venire
2579 3435 2621 3488 ⁸.
2678 3437 2792 3490 Nisi
2843 3438 2991 3490 enim
3048 3437 3336 3492 Sermonis
3404 3455 3530 3508 0pc,
3599 3439 3668 3494 ad

2074 3527 2357 3582 Sermonis
2402 3527 2622 3581 Patrem
2670 3528 2858 3581 venire
2911 3528 3138 3582 minime
3197 3543 3522 3582 concessum
3559 3537 3665 3584 est.

2142 3619 2233 3674 48.
2272 3618 2661 3674 Chaldmorum
2702 3627 2870 3682 terra,
2913 3619 3022 3672 vita
3059 3629 3144 3675 est
3190 3619 3343 3674 vitiis
3377 3619 3563 3673 dedita
3613 3627 3670 3674 et

2073 3716 2389 3780 libidinosa,
2435 3717 2491 3769 in
2541 3731 2651 3785 qua
2705 3714 3054 3770 fabricantur
3099 3725 3154 3770 et
3200 3715 3502 3769 adorantur
3539 3730 3671 3786 pec—

2075 3819 2323 3864 catorum
2370 3808 2537 3862 idola.
2591 3807 2986 3878 MeSOpotamia
3043 3818 3250 3872 autem,
3310 3823 3494 3862 mores
3539 3817 3670 3862 sunt

2074 3901 2366 3956 contrariis
2395 3900 2702 3955 commistis
2727 3899 3019 3969 ancipites.
3059 3900 3233 3955 Terra
3260 3900 3504 3969 denique
3535 3916 3669 3970 pro-

384 3992 725 4060 ἐπαγγελίας
779 3984 948 4055 ἐστὶν,
1000 3992 1034 4060 ἡ
1091 3988 1287 4051 παντὸς
1320 3985 1529 4054 ἀγαθοῦ
1563 3982 1972 4054 πεπληρωμένη

2073 3995 2261 4059 inissa,
2314 4002 2491 4050 status
2533 3995 2698 4050 bonis
2743 3995 3004 4049 omnibus
3055 3995 3358 4050 confertus.
3405 3996 3668 4066 Quisquis

384 4086 750 4147 κατάστασις.
787 4085 900 4146 Πᾶς
951 4079 1044 4136 οῦν
1098 4085 1126 4136 ὁ
1169 4081 1373 4150 ταύτης
1420 4078 1562 4132 κατὰ
1614 4077 1706 4129 τὸν
1748 4075 1975 4130 παλαιὸν

401 4173 622 4246 Ἶσραὴλ
660 4175 878 4245 ἀμελῶν
921 4174 1020 4244 τῆς
1061 4172 1227 4236 ἕξεως
1287 4171 1420 4243 (lii),
1448 4169 1582 4239 πρὸς
1605 4167 1849 4221 δουλείαν
1869 4166 1975 4219 πά-

382 4267 474 4323 λιν
517 4266 886 4335 κατασύρεται
943 4265 1152 4329 παθῶν,
1205 4263 1304 4332 τῆς
1359 4262 1605 4332 δοθείσης
1662 4259 1976 4330 ἐλευθερίας

386 4360 585 4432 στερού
595 4377 778 4430 μενος.

465 4454 574 4524 μθ’.
608 4453 974 4524 Σημειωτέον,
1003 4450 1078 4516 ὡς
1110 4450 1285 4513 οὐδεὶς
1321 4449 1430 4502 τῶν
1489 4447 1661 4515 ἁγίων
1711 4447 1976 4510 ἑκουσίως

2075 4103 2205 4157 ergo
2229 4102 2382 4142 more
2410 4088 2616 4142 veteris
2655 4088 2876 4142 lsraclis
2902 4089 3115 4142 huncce
3140 4088 3389 4142 habitum
3417 4089 3668 4160 negligit,

2076 4179 2130 4234 in
2166 4180 2427 4235 vitiorum
2469 4197 2666 4236 rursus
2709 4197 2774 4236 ac
2815 4175 3297 4252 perturbatiOnum
3342 4181 3669 4235 servitutem

2079 4272 2336 4337 trahitur,
2379 4272 2604 4340 amissa,
2645 4289 2810 4344 quam
2863 4273 3178 4328 libertatem
3223 4272 3406 4327 fuerat
3472 4287 3668 4328 conse-

2077 4375 2260 4420 (ιυῑιιε.

2067 4493 2074 4501 ι
2148 4457 2236 4511 49.
2271 4457 2690 4514 Observandum
2717 4466 2822 4522 est,
2860 4473 2967 4511 non
3007 4457 3186 4512 videri
3219 4463 3538 4512 sanctorum
3569 4456 3670 4510 ali-

383 4547 637 4618 φαίνεται
661 4544 941 4600 κατελθὼν
961 4547 1042 4608 είς
1066 4544 1167 4613 τὴν
1191 4542 1556 4596 Βαϐυλωνίαν.
1577 4543 1651 4596 Ού
1672 4541 1780 4612 γὰρ
1796 4540 1972 4610 θέμις.

2079 4566 2243 4620 quem
2301 4550 2483 4620 ipsum
2530 4558 2728 4621 sponte
2785 4550 2841 4603 in
2901 4550 3234 4622 Babylonem
3294 4549 3668 4603 descendisse.

378 4635 514 4689 οὔτε
537 4633 803 4698 συνέσεώς
834 4638 948 4688 ἐστι
993 4634 1238 4705 λογικῆς,
1279 4633 1388 4686 τῶν
1426 4632 1648 4700 ἀγαθῶν
1697 4632 1973 4702 ἀνθαιρεῖ-

386 4727 517 4782 σθαι
549 4728 618 4781 τά
656 4729 896 4799 χείρονα,
933 4729 1058 4792 τοὺς
1096 4729 1186 4781 τὸν
1217 4727 1352 4780 Θεὸν
1402 4726 1749 4794 ἀγαπῶντας.
1805 4726 1868 4777 Et
1916 4724 1972 4777 δέ

379 4837 533 4884 ⁸τινες
558 4820 740 4874 αὐτῶν
767 4820 910 4874 κατὰ
939 4821 1060 4890 βίαν
1099 4822 1218 4874 ἐκεῖ
1260 4820 1337 4891 τῷ
1371 4818 1968 4890 λαῴσυναπήχθησαν,

383 4910 617 4982 νοοῦμεν
669 4911 756 4966 διὰ
807 4912 1010 4966 τούτων
1065 4913 1190 4975 τοὺς
1246 4913 1320 4982 μὴ
1355 4911 1800 4980 προηγουμένως,
1834 4909 1972 4964 ἀλλά

383 5004 534 5059 κατά
560 5007 878 5078 περίστασιν
913 5003 1006 5075 (e),
1045 5005 1321 5076 σωτηρίας
1363 5004 1548 5056 ἕνεκεν
1587 5003 1696 5055 τῶν
1739 5003 1972 5075 χρῃξόν-

478 5159 675 5217 'Joan.
705 5177 796 5227 xx,
840 5160 929 5215 Π.
1006 5159 1026 5191 ³
1059 5159 1196 5214 ibid.
1229 5159 1316 5214 19.
1395 5157 1417 5189 ⁸
1439 5157 1599 5213 Joan.
1624 5174 1740 5222 vni,
1777 5157 1866 5212 2i.

465 5293 736 5367 (d)_Katd
759 5293 876 5362 τὴν
903 5293 1262 5367 Padda/qr.
1285 5290 1450 5346 Gesta
1491 5292 1608 5345 haec
1656 5289 1975 5363 Hierosoly-

385 5361 532 5431 mis,
554 5365 670 5435 ipsa
699 5361 1144 5435 Resurrectionis
1171 5361 1531 5435 d_ie,_et»post
1561 5375 1682 5416 eam
1731 5361 1930 5435 octava
1955 5401 1970 5426 ,

386 5452 496 5492 nec
513 5431 639 5490 ante
668 5435 908 5506 apostoli
922 5433 1183 5506 videntur
1207 5433 1263 5485 in
1285 5431 1560 5506 Galilzeam
1582 5432 1925 5506 concessisse.
1955 5474 1970 5493 ,

386 5506 540 5578 quod
565 5501 800 5578 Marcus,
827 5505 984 5578 cujus
1017 5510 1115 5578 est
1169 5502 1318 5557 istud
1349 5509 1535 5578 caput,
1587 5501 1737 5578 illius
1772 5519 1969 5578 νηπτι-

388 5573 528 5640 idm,
560 5577 648 5641 17,
679 5593 790 5632 non
819 5573 954 5631 satis
978 5573 1199 5628 videtur
1231 5573 1534 5626 attendisse
1560 5588 1573 5624 :
1622 5573 1739 5627 sive
1787 5573 1968 5628 noluit

389 5646 664 5703 Maximus
679 5646 1001 5707 emendare,
1034 5644 1151 5699 sive
1179 5644 1259 5698 illi
1290 5643 1482 5697 arrisit
1505 5641 1667 5696 Marci
1687 5643 1969 5713 allegoria,

389 5731 519 5786 quae
556 5725 739 5772 tamen
769 5718 869 5772 niti
903 5716 1098 5786 debuit
1123 5714 1242 5786 ipsa
1268 5713 1349 5786 rei
1388 5722 1554 5786 gesta;
1602 5713 1855 5786 veritate.
1908 5725 1972 5770 ut

390 5781 540 5840 esset
563 5789 812 5856 probata.
839 5786 912 5839 ἰδ
934 5789 990 5838 ἐν
1020 5784 1098 5853 τῷ
1115 5781 1370 5856 ὑπεριξκρ.
1396 5781 1545 5856 quod
1571 5781 1754 5856 reddit
1783 5783 1967 5849 Picus,

389 5859 448 5911 in
470 5853 730 5926 tabulato,
755 5857 983 5914 minime
1007 5856 1206 5927 placet.
1228 5853 1511 5911 Cmnaculi
1535 5868 1660 5922 vox,
1681 5853 1796 5924 ipsa
1821 5862 1965 5926 apta,
2052 5892 2060 5899 .

2081 4642 2270 4711 Neque
2315 4642 2462 4696 enim
2503 4641 2587 4696 fas
2625 4649 2730 4706 est,
2789 4657 2890 4696 eve
2957 4641 3190 4694 rationis
3225 4641 3543 4710 prudentia,
3613 4651 3673 4694 ut

2081 4735 2176 4803 qui
2226 4735 2401 4788 Deum
2448 4734 2706 4804 diligunt,
2768 4733 2930 4787 bonis
2982 4733 3335 4802 posthabitis,
3382 4748 3495 4801 qua
3533 4741 3672 4786 sunt

2078 4825 2358 4880 deteriora
2399 4825 2501 4895 ipsi
2547 4825 2810 4896 deligant.
2859 4825 2956 4879 Sin
3003 4834 3187 4878 autem
3237 4840 3432 4880 eorum
3477 4825 3668 4895 aliqui,

2077 4929 2188 4968 una
2219 4931 2346 4968 cum
2373 4915 2578 4984 populo
2608 4915 2660 4968 vi
2701 4914 2796 4968 illo
2837 4914 3019 4968 abacti
3059 4922 3190 4968 sunt
3226 4923 3390 4984 atque
3424 4914 3667 4979 abducti,

2077 5004 2278 5060 horum
2319 5005 2494 5077 ﬁgura
2523 5005 2648 5062 illos
2679 5005 3071 5076 intelligamus,
3102 5004 3196 5074 qui
3232 5021 3340 5060 non
3372 5005 3475 5076 ipsi
3503 5006 3672 5061 desti-

2075 5301 2428 5366 sacroqueet
2457 5290 2692 5366 profano
2715 5308 2818 5347 usu
2847 5302 3070 5366 recepta
3086 5310 3104 5366 7;
3134 5293 3231 5349 sed
3257 5294 3406 5365 quod
3431 5310 3668 5366 sequen-

2076 5363 2227 5417 tibus
2257 5361 2448 5434 re_ddit
2473 5379 2486 5414 :
2513 5361 2664 5426 Quod
2692 5380 2785 5432 per
2827 5361 3291 5434 tranquillitatem
3315 5375 3362 5419 et
3408 5361 3662 5419 dist-ribu-

2076 5436 2271 5486 tionem
2306 5432 2534 5502 Spiritus
2575 5435 2748 5505 sancti
2772 5432 3062 5505 inm/[lens
3091 5437 3293 5505 confert
3335 5437 3670 5505 a/feclionum

2069 5505 2390 5558 vacuitatem
2415 5519 2433 5556 :
2457 5503 2751 5558 nesciocui
2772 5503 2938 5558 bilem
2958 5521 3068 5559 non
3094 5503 3330 5560 moveat.
3354 5503 3456 5559 Per
3478 5520 3666 5573 pacem

2071 5583 2128 5629 et
2149 5573 2578 5644 insuillationem
2614 5573 2819 5644 (dando
2842 5575 3057 5630 scilicet
3081 5591 3269 5644 pacem
3293 5586 3349 5629 et
3384 5577 3672 5629 insutllan-

2073 5645 2165 5714 do)
2197 5645 2314 5699 haec
2347 5643 2583 5714 Domino
2634 5645 2914 5713 praestita;
2956 5643 3092 5700 data
3139 5645 3512 5714 tranquillitas
3566 5660 3667 5700 seu

2074 5711 2522 5784 imperturbatio,
2554 5711 2696 5768 datae
2721 5715 2961 5783 Spiritus
2991 5717 3164 5771 sancti
3193 5711 3619 5770 distributiones
3645 5731 3666 5783 ς

2072 5783 2317 5855 nonpcr
2345 5785 2461 5855 haec
2492 5783 2710 5855 dicatur
2744 5785 3072 5840 insutllasse.

2149 5850 2234 5926 (cf
2262 5853 2436 5908 Ἀλλὰ
2463 5853 2615 5908 κατὰ
2635 5855 3032 5930 περίστασιν.
3059 5856 3250 5927 Μαῖα,
3279 5872 3399 5930 cap.
3441 5854 3526 5912 t9.
3554 5850 3664 5925 0p-
