4076 6426
447 421 581 490 1149

1253 425 1586 486 CAPITUM
1621 427 1896 489 TIIEOL.
1936 426 2034 486 ET
2071 428 2309 490 (ECON.
2352 430 2743 490 CENTURIA
2781 431 2866 492 II.

3571 415 3708 496 itan

441 538 827 613 προσηκούσης
854 541 1083 611 ἐρεύνης
1135 541 1428 612 ἐπερωτῶν
1450 543 1576 612 περὶ
1605 542 1713 595 τῶν
1754 543 2022 613 ποιητέων

2127 543 2326 601 fuerat.
2356 560 2464 614 qua
2489 553 2693 614 par-est
2716 544 2998 612 diligentia
3045 560 3109 600 ac
3165 545 3448 601 scrutandi
3509 547 3715 600 seduli-

440 633 539 685 καὶ
585 629 646 682 ού
699 629 973 698 ποιητέων
1006 628 1297 694 παύσαιτο,
1339 633 1452 695 τοῖς
1477 633 1674 685 πάθεσι
1708 633 1926 696 πάντως
1967 634 2024 695 ἐξ

441 718 670 788 ἀγνοίας
721 719 1004 773 ἁλίσκεται
1034 735 1050 751 ο
1109 720 1179 772 δι’
1236 714 1311 773 ὧν
1357 721 1500 775 κατὰ
1547 723 1713 794 μέρος
1749 724 1842 777 τοῦ
1888 724 2025 777 Θεοῦ

440 811 832 882 χωριζόμενος,
865 814 923 863 ὲν
951 814 1070 874 ταῖς
1090 813 1364 876 ἀκουσίοις
1389 815 1742 884 περιστάσεσι
1777 833 2026 886 προσχω-

442 905 532 974 ρεῖ
555 903 666 964 τοῖς
721 902 960 972 δαίμοσι,
1003 903 1102 972 τὴν
1134 905 1341 957 κοιλίαν
1367 905 1628 958 θεοποιῶν
1654 922 1666 936 ·
1701 906 1911 960 ἐκεῖθεν
1937 908 2027 959 εὑ-

443 995 633 1066 ρέσθαι
660 993 832 1048 θέλων
867 994 975 1047 τῶν
1002 994 1295 1058 πιεζόντων
1325 995 1687 1066 παράκλησιν.
1739 997 1847 1049 Καὶ
1901 1015 2023 1048 πει-

441 1086 584 1140 θέτω
613 1105 670 1139 σε
704 1087 896 1151 Σαοὺλ,
927 1091 983 1140 ὲν
1013 1091 1145 1141 πᾶσι
1173 1088 1473 1158 σύμϐουλον
1507 1091 1580 1159 μή
1617 1089 1904 1160 λαμϐάνων
1932 1093 2022 1144 τὸν

440 1177 718 1248 Σαμουὴλ,
752 1177 810 1242 ἐξ
841 1180 1084 1247 ἀνάγκης
1109 1179 1244 1250 πρὸς
1275 1178 1689 1248 είδωλολατρίαν
1721 1197 2021 1250 μεταστρε-

444 1269 699 1338 φόμενος,
733 1270 827 1321 καὶ
855 1270 954 1339 τὴν
997 1270 1471 1342 Ἐγγαστρίμυθον
1501 1272 1575 1336 ὡς
1618 1273 1681 1343 δή
1732 1291 1856 1326 τινα
1890 1274 2022 1327 Θεὸν

444 1361 728 1432 ἐπερωτᾷν
759 1363 918 1432 άνεχό
926 1381 1105 1432 μενος.

514 1542 622 1600 νς’.
685 1535 743 1588 '0
774 1537 862 1589 τον
889 1536 1052 1606 ἄρτον
1075 1537 1367 1609 εὐχόμενος
1386 1537 1574 1591 λαϐεῖν
1603 1538 1695 1590 τὸν
1722 1537 2018 1603 ἐπιούσιον,

441 1628 503 1680 οὒ
540 1629 755 1692 πάντως
788 1629 907 1682 ὅλον
937 1630 1158 1700 δέχεται
1191 1630 1373 1693 καθὼς
1406 1631 1568 1693 αὐτὸς
1600 1633 1627 1683 ό
1657 1629 1820 1698 ἄρτος
1852 1629 2018 1682 ἐστίν·

441 1721 582 1775 ἀλλά
641 1722 822 1785 καθὼς
873 1723 1036 1786 αὐτὸς
1081 1726 1109 1777 ὁ
1149 1725 1436 1794 δεχόμενος
1463 1723 1711 1778 δύναται.
1757 1725 1897 1776 Πᾶσι
1922 1722 2022 1792 μὲν

441 1815 551 1884 γὰρ
594 1815 783 1869 ἑαυτὸν
820 1816 1002 1869 δίδωσι
1040 1819 1149 1880 τοῖς
1188 1817 1397 1870 αἰτοῦσι
1419 1819 1447 1869 ό
1471 1817 1570 1886 τῆς
1594 1819 1737 1886 ζωῆς
1760 1817 1919 1886 ἄρτος
1944 1815 2019 1878 ὡς

441 1905 840 1978 φιλάνθρωπος,
871 1909 932 1960 οὑ
962 1909 1103 1961 κατά
1137 1909 1197 1961 τί)
1226 1909 1355 1961 αὐτὸ
1379 1909 1436 1962 δὲ
1477 1911 1641 1961 πᾶσιν
1668 1925 1683 1940 ο
1725 1907 1861 1960 ἀλλά
1907 1909 2018 1970 τοῖς

442 1997 546 2065 μὲν
577 1997 786 2067 μεγάλα
809 2000 1156 2069 δικαιοσύνης
1189 1999 1324 2070 ἔργα
1356 2001 1700 2069 πεποιηκόσι,
1731 1999 2008 2061 πλειόνως·

435 2089 552 2151 τοῖς
597 2088 655 2140 δὲ
683 2088 889 2142 τούτων
919 2090 1163 2160 ἥττοσιν,
1201 2092 1438 2156 ήττόνως
1460 2105 1474 2120 ·
1507 2091 1723 2160 ἑκάστῳ
1765 2089 1945 2152 καθὼς
1980 2090 2012 2158 ὴ

435 2179 582 2232 κατὰ
602 2179 725 2234 νοῦν
765 2181 890 2246 ἀξία
924 2181 1180 2246 δέξασθαι
1205 2181 1446 2234 δύναται.

506 2449 605 2512 νζ’.
653 2448 712 2501 Ὀ
752 2449 956 2519 Κύριος
992 2449 1122 2502 ποτὲ
1159 2448 1259 2518 μὲν
1289 2449 1580 2518 ἀποδημεῖ,
1612 2448 1741 2501 ποτὲ
1767 2447 1822 2500 δὲ
1855 2447 2014 2517 ἐνδη-

434 2543 549 2610 μεῖ.
595 2541 907 2610 Ἀποδημεῖ,
938 2541 1078 2592 κατά
1110 2539 1208 2610 τὴν
1233 2540 1524 2610 πρόσωπον
1553 2540 1688 2608 πρὸς
1723 2539 2011 2609 πρόσωπον

430 2632 666 2701 θεωρίαν
693 2648 705 2661 ·
739 2632 980 2702 ὲνδημεῖ,
1016 2631 1154 2684 κατά
1181 2633 1280 2701 τὴν
1331 2634 1389 2687 ἐν
1435 2634 1684 2704 ἐσόπτρῳ
1728 2633 1821 2686 καὶ
1869 2632 2010 2684 αἰνί-

428 2742 604 2796 γμασι
633 2726 886 2798 θεωρίαν.

501 2905 602 2978 νη’.
639 2907 730 2978 Τῷ
758 2909 857 2979 μὲν
895 2910 1207 2981 πρακτικῷ,
1252 2911 1472 2980 ἐνδημεῖ
1519 2910 1606 2962 διά
1654 2908 1760 2961 τῶν
1798 2907 2006 2978 ἀρετῶν

428 2998 458 3049 ὁ
489 2988 692 3068 Κύριος
717 3015 732 3030 °
764 2999 858 3052 τοῦ
889 3001 944 3053 δὲ
985 3005 1188 3070 μηδένα
1219 3003 1375 3069 λόγον
1404 3003 1726 3070 ποιουμένου
1752 3001 1849 3068 τῆς
1882 3000 2009 3068 ἀρε-

427 3089 550 3158 τῆς,
578 3091 869 3161 ἀποδημεῖ.
897 3095 1005 3145 Καὶ
1039 3095 1216 3159 πάλιν,
1270 3095 1348 3164 τῷ
1401 3096 1499 3162 μὲν
1531 3090 1871 3162 θεωρητικῷ,
1920 3091 2008 3144 διὰ

427 3186 682 3250 γνώσεως
707 3185 812 3238 τῶν
839 3187 1007 3240 ὅντων
1034 3187 1268 3256 ἀληθοῦς
1300 3188 1421 3256 ὲνδη
1434 3189 1522 3256 μεῖ
1546 3201 1561 3218 ο
1585 3183 1678 3237 τοῦ
1715 3181 1772 3233 δὲ
1808 3181 2008 3252 ταύτης
2037 3207 2076 3260 C

427 3275 570 3329 κατά
593 3293 644 3328 τι
664 3278 1128 3347 παρασςραλέντος,
1151 3279 1442 3347 ἀποδημεῖ.

501 3448 599 3504 νϐ’.
637 3451 937 3520 Ἀποδημεῖ
962 3451 1182 3522 σαρκὸς,
1216 3453 1243 3504 ὁ
1272 3451 1408 3522 πρὸς
1436 3452 1534 3523 τήν
1565 3455 1870 3526 γνωστικὴν
1893 3455 2009 3520 ἕξιν

429 3541 672 3612 μεταϐὰς
733 3543 840 3595 ἀπὸ
890 3544 987 3605 τῖς
1037 3543 1346 3614 πρακτικῆς
1376 3560 1390 3575 ο
1427 3545 1805 3614 ἁρπαζόμενος
1840 3548 1916 3610 ὡς
1950 3550 2008 3600 ἐν

424 3631 700 3698 νεφέλαις,
731 3635 843 3696 τοῖς
866 3633 1218 3702 ὑψηλοτέροις
1243 3637 1532 3704 νοήμασιν,
1558 3638 1634 3698 εἰς
1660 3637 1751 3688 τὸν
1773 3637 2006 3708 διαφανῆ

422 3723 529 3792 τῆς
565 3725 831 3792 μυστικῆς
868 3724 1103 3792 θεωρίας
1141 3725 1280 3793 ἀέρα
1315 3742 1327 3754 ·
1384 3725 1505 3778 καθ’
1555 3724 1614 3776 ὃν
1668 3727 1764 3778 σὺν
1818 3727 2008 3797 Κυρίῳ

423 3809 571 3866 εἶναι
628 3813 918 3883 δυνήσεται
965 3815 1216 3867 πάντοτε.
1259 3815 1520 3884 Ἐκδημεῖ
1551 3816 1606 3868 δὲ
1629 3816 1737 3868 ἀπὸ
1768 3815 1862 3868 τοῦ
1895 3819 2006 3870 Κυ-

425 3906 572 3976 ρίου,
603 3905 632 3956 δ
666 3905 834 3974 μήπω
863 3905 987 3975 δίχα
1015 3905 1121 3959 τῶν
1155 3906 1276 3959 κατ’
1302 3905 1558 3974 αἴσθησιν
1589 3906 1876 3975 ἐνεργειῶν
1903 3925 2004 3960 κα-

425 3993 582 4064 θαρῷ
613 3993 694 4048 νοῖ
725 3994 1001 4064 θεωρῆσαι
1035 3995 1176 4048 κατά
1205 3995 1266 4048 τὸ
1292 3996 1511 4065 ἐφικτὸν
1541 3997 1609 4049 τά
1645 3997 1890 4067 νοήματα
1916 3997 2004 4050 δυ-

422 4085 684 4153 νάμενος,
715 4087 811 4139 καὶ
837 4087 930 4139 τὸν
952 4087 1080 4158 περὶ
1108 4087 1201 4140 τοῦ
1234 4088 1440 4160 Κυρίου
1467 4087 1625 4157 λόγον
1655 4088 1862 4142 ἁπλοῦν
1899 4108 2008 4161 χω-

425 4172 518 4242 ρὶς
538 4173 873 4241 αἰνιγμάτων
905 4175 978 4245 μὴ
1014 4175 1228 4246 χωρῶν.

501 4345 560 4410 ξ’.
605 4345 664 4399 '0
690 4346 784 4399 τοῦ
812 4347 948 4400 Θεοῦ
970 4349 1141 4418 Λόγος
1181 4350 1266 4420 (Ῑ),
1301 4351 1360 4404 οὐ
1397 4351 1558 4421 μόνον
1588 4351 1780 4406 καθότι
1806 4353 2006 4422 σεσάρ·

423 4454 597 4491 κωται
623 4437 839 4506 λέγεται
863 4439 1009 4511 ,σάρξ
1029 4457 1045 4472 ο
1082 4441 1218 4495 ἀλλὰ
1239 4443 1426 4496 καθότι
1454 4443 1584 4505 Θεὸς
1612 4443 1784 4510 Λόγος
1820 4443 2005 4506 ἁπλῶς

2130 642 2261 696 tate,
2295 633 2363 688 de
2392 633 2623 704 agendis
2649 643 2834 687 etnon
2869 635 3096 703 agendis
3129 636 3438 704 percontari
3462 635 3708 698 desierit,

2127 723 2353 778 omnino
2377 741 2443 778 ex
2471 724 2776 794 ignorantia
2809 724 3001 778 iisdem
3027 725 3302 780 obnoxius
3365 728 3456 791 fit;
3508 727 3712 795 quibus

2127 829 2156 869 a
2188 816 2296 868 Deo
2317 815 2581 884 paulatim
2620 815 2908 880 recedens,
2936 815 3187 870 adversis
3237 818 3458 871 casibus
3505 818 3711 886 quibus

2127 902 2336 958 invitus
2399 906 2768 967 examinator,
2820 904 2887 958 ad
2955 905 3234 960 dtemones
3303 907 3546 971 accedit;
3613 906 3706 976 qui

2125 994 2297 1048 Deum
2347 1004 2600 1050 ventrem
2635 997 2807 1050 faciat
2836 997 2899 1058 ¹¹,
2933 996 3171 1064 indeque
3227 1013 3255 1050 a
3292 998 3468 1060 malis,
3507 999 3709 1066 quibus

2125 1086 2417 1155 premitur,
2443 1088 2692 1142 levamen
2727 1105 2792 1143 ac
2827 1088 3084 1143 solatium
3119 1099 3350 1156 quaerat.
3412 1089 3708 1158 Fidemque

2124 1178 2287 1230 faciat
2311 1178 2462 1243 Saul,
2502 1179 2711 1234 idcirco
2734 1180 2880 1248 quod
2910 1195 3019 1233 non
3058 1180 3112 1232 in
3143 1179 3402 1232 omnibus
3426 1181 3709 1235 consuluit

2125 1267 2455 1334 Samuelem,
2488 1271 2802 1325 necessario
2822 1271 2888 1324 ad
2918 1271 3190 1324 idolorum
3219 1269 3544 1323 servitutem
3576 1286 3709 1322 con—

2123 1375 2334 1423 versus,
2373 1377 2436 1416 ac
2466 1362 2562 1430 qui
2597 1361 3002 1430 ventriloquam
3030 1377 3130 1415 ceu
3170 1377 3374 1414 numen
3429 1361 3705 1430 quoddam

2122 1467 2186 1506 ac
2206 1453 2494 1506 oraculum
2534 1454 2826 1508 consulere
2863 1469 2973 1506 non
3003 1452 3259 1506 abnuerit
3283 1452 3345 1505 ⁸³.

2191 1545 2278 1599 56.
2319 1544 2420 1610 Qui
2450 1561 2646 1614 panem
2679 1545 3065 1614 quotidianum
3101 1553 3256 1615 rogat
3287 1545 3558 1616 accipere,
3591 1562 3703 1600 non

2121 1633 2348 1687 omnino
2383 1642 2556 1688 totum
2583 1633 2804 1702 accipit,
2841 1642 3082 1701 quantus
3108 1632 3222 1700 ipse
3257 1633 3415 1700 panis
3447 1641 3550 1695 est,
3606 1632 3702 1685 sed

2121 1725 2300 1794 quoad
2345 1725 2635 1794 accipienti
2695 1742 2794 1794 per
2835 1725 3151 1779 facultatem
3200 1724 3349 1778 licet.
3393 1723 3528 1777 Nam
3586 1725 3702 1793 ipse

2122 1815 2342 1884 quidem
2368 1816 2524 1885 panis
2550 1817 2676 1870 vitae
2702 1815 2764 1879 ”,
2793 1831 3064 1884 propensa
3114 1815 3361 1868 bonitate
3411 1831 3532 1878 sua,
3569 1831 3705 1868 cun-

2119 1905 2222 1960 ctis
2281 1921 2340 1960 se
2399 1906 2737 1974 petentibus,
2773 1907 2874 1960 etsi
2918 1921 3028 1959 non
3083 1905 3276 1960 eadem
3329 1906 3585 1960 omnibus
3618 1922 3704 1960 ra-

2120 1997 2268 2050 tione
2303 1997 2531 2066 parique
2553 1997 2939 2052 distributione
2965 1997 3202 2066 pnebet;
3241 1996 3359 2060 sed,
3419 1997 3527 2050 illis
3571 1997 3700 2065 qui-

2117 2087 2242 2141 dem
2293 2087 2546 2154 abunde,
2605 2089 2700 2158 qui
2758 2103 2953 2159 magna
3005 2088 3417 2158 designaverint
3466 2087 3700 2157 justitiae

2115 2195 2314 2248 opera;
2365 2179 2452 2233 his
2507 2189 2689 2234 autem
2721 2182 2816 2248 qui
2855 2181 3100 2234 minores
3144 2180 3480 2238 exstiterint,
3534 2178 3698 2246 paulo

2114 2271 2356 2338 parcius,
2389 2271 2589 2340 cuique
2623 2273 2855 2334 scilicet,
2881 2281 3146 2340 quantum
3174 2288 3271 2341 pro
3300 2271 3468 2325 animi
3521 2270 3701 2340 digni-

2118 2371 2226 2418 tate
2256 2371 2420 2430 atque
2454 2364 2654 2417 merito
2690 2371 2867 2432 potest
2891 2379 3108 2432 capere.

2186 2455 2274 2510 57.
2304 2456 2587 2519 Dominus,
2612 2455 2812 2525 partim
2834 2455 3058 2524 quidem
3086 2454 3311 2518 absens,
3338 2454 3537 2521 partim
3561 2469 3700 2520 pr:r-

2113 2561 2240 2600 sens
2277 2555 2384 2600 est.
2447 2544 2661 2600 Absens
2681 2554 2789 2610 est,
2834 2544 2981 2614 quod
3014 2544 3081 2598 ad
3125 2559 3243 2597 eam
3279 2543 3542 2596 visionem
3574 2540 3702 2595 alti-

2111 2646 2226 2699 net,
2249 2653 2372 2706 qua:
2401 2645 2485 2691 est
2507 2636 2638 2691 facit
2661 2639 2726 2690 ad
2743 2636 2909 2706 598
2932 2635 3123 2689 faciem
3146 2652 3160 2700 ;
3183 2643 3267 2688 est
3291 2650 3422 2687 vero
3437 2648 3695 2704 prmsens,

2111 2735 2377 2795 quantum
2402 2726 2467 2780 ad
2495 2741 2614 2779 eam
2641 2724 3156 2794 contemplationem
3174 2723 3364 2792 quaein
3385 2722 3610 2792 speculo
3634 2736 3698 2775 ac

2108 2817 2396 2885 aenigmate
2421 2826 2503 2870 est
2528 2817 2592 2870 ’⁵.

2182 2911 2270 2962 58.
2310 2908 2518 2976 Ei,qui
2581 2924 2638 2960 se
2677 2906 2878 2960 actioni
2931 2905 3224 2974 impendit,
3278 2904 3544 2956 Dominus
3598 2918 3697 2971 per

2109 3001 2345 3054 virtutes
2394 3002 2581 3062 adest;
2615 2999 2684 3052 ab
2719 3014 2786 3052 eo
2831 3006 3015 3052 autem
3058 2997 3152 3066 qui
3213 2997 3417 3049 nullam
3474 2995 3696 3048 virlutis

2111 3091 2386 3143 rationem
2445 3088 2630 3148 habet,
2688 3102 2917 3155 peregre
2959 3095 3065 3148 est,
3132 3085 3452 3150 Rursusque
3493 3083 3695 3136 colenti

2110 3178 2423 3238 scientiam,
2458 3191 2522 3229 ac
2550 3174 3001 3242 contemplationi
3042 3173 3229 3227 dedito
3253 3188 3350 3240 per
3377 3187 3557 3223 veram
3611 3188 3698 3223 re-

2111 3284 2231 3321 rum
2259 3266 2628 3335 cognitionem
2658 3281 2898 3333 praesens
2920 3264 3019 3329 fit;
3051 3264 3117 3317 ab
3167 3279 3234 3317 eo
3261 3272 3442 3317 autem
3501 3263 3700 3316 absens

2111 3367 2215 3419 est,
2247 3358 2343 3427 qui
2373 3357 2482 3410 ulla
2511 3357 2724 3409 ratione
2753 3356 2821 3409 ah
2853 3371 2916 3408 ea
2943 3353 3306 3408 aherraverit.

2180 3449 2268 3502 5'9.
2303 3448 2539 3516 Peregre
2557 3455 2640 3500 est
2665 3462 2692 3499 a
2736 3461 2920 3508 carne,
2956 3445 3048 3512 qui
3086 3443 3154 3496 ab
3202 3442 3419 3496 actione
3464 3443 3698 3496 commi-

2108 3539 2284 3607 gravit
2309 3536 2373 3589 ad
2409 3535 2655 3588 scientia:
2690 3534 2978 3598 habitum;
3042 3532 3134 3601 qui
3171 3533 3322 3585 velut
3357 3531 3411 3584 in
3452 3531 3696 3585 nubibus

2109 3627 2357 3696 rapiatur
2415 3624 2770 3692 (sublimibus
2823 3623 3036 3677 scilicet
3083 3621 3282 3691 sensis)
3342 3622 3397 3675 in
3450 3623 3696 3691 mysticae

2107 3715 2591 3786 contemplationis
2635 3715 2971 3784 pellucidum
3023 3729 3227 3776 aerem,
3260 3713 3354 3766 ttbi
3403 3729 3522 3766 esse
3567 3729 3695 3766 cum

2107 3809 2340 3864 Domino
2371 3823 2590 3876 semper
2614 3806 2820 3877 pot‘crit
2851 3806 2916 3870 ιθ,
2943 3806 3177 3876 Peregre
3201 3820 3336 3858 vero
3379 3813 3464 3858 est
3507 3819 3537 3856 a
3589 3803 3696 3856 Do-

2106 3900 2278 3961 mino,
2311 3899 2406 3967 qui
2439 3898 2674 3952 necdum
2703 3897 2911 3950 otiante
2943 3912 3110 3950 sensu
3149 3897 3378 3965 ejusque
3435 3893 3693 3948 submota

2105 3989 2342 4051 actione,
2395 4003 2535 4056 pura
2596 3995 2801 4049 mente,
2855 4001 3013 4039 sensa
3064 3985 3204 4054 ipsa,
3252 3983 3432 4054 quoad
3483 3983 3692 4036 homini

2105 4090 2430 4130 concessum
2488 4083 2593 4138 est,
2654 4074 3017 4142 contemplari
3083 4072 3380 4141 potest;is
3424 4072 3688 4139 denique,

2105 4166 2199 4236 qui
2239 4166 2545 4234 simplicem
2581 4166 2649 4219 de
2677 4166 2789 4219 Deo
2816 4180 3127 4221 sermonem
3156 4175 3321 4234 atque
3361 4162 3690 4227 doctrinam,

2105 4257 2313 4325 absque
2353 4257 2704 4326 :enigmatum
2741 4254 3042 4308 involucris
3073 4270 3183 4308 non
3217 4253 3382 4322 capit.

2177 4350 2263 4404 60.
2302 4349 2399 4403 Dei
2430 4349 2693 4410 Verbum,
2729 4347 2932 4400 nedum
2959 4362 3067 4416 qua
3110 4346 3326 4401 ratione
3356 4361 3576 4399 carnem
3612 4361 3698 4401 as-

2110 4439 2365 4508 sumpsit,
2397 4454 2526 4493 caro
2554 4440 2894 4507 appellatur;
2926 4437 3019 4492 sed
3056 4453 3162 4506 qua
3195 4437 3363 4493 etiam
3384 4438 3531 4491 Deus
3560 4437 3698 4492 Ver-

425 4529 713 4600 νοούμενος
744 4533 800 4586 ὲν
823 4533 965 4603 ἀρχῇ
1003 4533 1141 4604 πρὸς
1166 4535 1257 4587 τὸν
1287 4536 1419 4588 Θεὸν
1448 4536 1544 4590 καὶ
1604 4535 1845 4607 Πατέρα,
1914 4535 2006 4589 καὶ

2114 4531 2240 4584 bum
2266 4529 2592 4599 simpliciter
2615 4529 2670 4582 in
2701 4529 2974 4598 principio
3006 4529 3150 4598 apud
3184 4528 3355 4582 Deum
3389 4537 3442 4581 et
3479 4529 3694 4582 Patrem

425 4626 621 4689 σαφεῖς
655 4641 747 4677 και
776 4627 1017 4694 γυμνοὺς
1046 4627 1171 4689 τοὺς
1196 4628 1291 4697 τῆς
1323 4627 1579 4696 ἀληθείας
1600 4629 1728 4698 περί
1745 4628 1851 4680 τῶν
1873 4629 2010 4681 ὅλων

429 4712 574 4781 ἔχων
593 4715 820 4780 τύπους,
853 4717 913 4768 οὐ
941 4717 1188 4787 περιέχει
1220 4718 1536 4788 παραϐολὰς
1567 4719 1659 4771 καὶ
1691 4719 2006 4787 αἰνίγματα·

430 4804 554 4857 οὐδὲ
579 4806 817 4877 ἱστορίας
847 4807 1109 4877 δεομένας
1135 4809 1466 4880 ἀλληγορίας
1491 4823 1505 4838 ⁶
1541 4810 1681 4863 ὲπάν
1712 4811 1767 4863 δὲ
1801 4811 2011 4879 ἀνθρὼ-

428 4909 556 4957 ποις
605 4896 924 4968 ἐπιδημήσῃ
987 4896 1062 4968 μὴ
1099 4896 1417 4966 δυναμένοις
1458 4897 1651 4968 γυμνῷ
1680 4897 1758 4968 τῷ
1801 4898 1880 4951 νοῒ
1911 4916 2010 4966 γυ-

432 4986 583 5054 μνοῖς
623 4987 982 5056 προσϐάλλειν
1008 4991 1121 5051 τοῖς
1148 4989 1378 5057 νοητοῖςο
1405 4987 1511 5040 ἀπὸ
1546 4989 1651 5041 τῶν
1680 4989 1861 5052 αὐτοῖς
1889 5007 2011 5042 συν-

429 5073 578 5144 ήθων
611 5075 1016 5146 διαλεγόμενος,
1049 5079 1138 5131 διά
1165 5079 1264 5148 τῆς
1296 5079 1404 5131 τῶν
1437 5079 1689 5150 ἱστοριῶν
1723 5081 1814 5133 καὶ
1865 5082 2008 5134 αίνι-

429 5165 656 5236 γμάτων
678 5168 774 5221 καὶ
800 5168 1122 5238 παραϐολῶν
1161 5169 1259 5222 καὶ
1299 5171 1588 5224 σκοτεινῶν
1620 5171 1794 5240 λόγων
1826 5189 2006 5226 ποικι-

503 5320 552 5392 ¹¹ν
573 5321 810 5392 Philipp.
875 5337 955 5389 ιιι,
1006 5321 1090 5376 19.

1204 5323 1298 5378 ¹³Ι
1345 5325 1479 5395 Reg.
1522 5340 1708 5389 xxvttt,
1757 5325 1788 5379 7
1831 5339 1976 5395 seqq.

429 5406 506 5458 tv,
537 5391 621 5446 16.

503 5549 575 5623 (f)_
611 5550 675 5603 '0
705 5550 812 5604 τοῦ
850 5551 1003 5623 θεοᾷ
1039 5551 1250 5623 Λόγος.
1280 5552 1522 5607 Utuntur
1553 5551 1727 5607 (ἓταί
1763 5552 1999 5623 theologi

431 5619 671 5692 quadam
721 5620 1085 5692 amplitudine
1115 5620 1218 5692 hac
1264 5637 1420 5687 voce,
1476 5638 1579 5676 nec
1627 5638 1767 5692 stepe
1814 5619 2002 5692 aptum

433 5689 660 5744 omnino
714 5697 798 5744 est
847 5691 993 5758 quod
1045 5690 1284 5745 Verbum
1345 5692 1594 5746 redditur
1639 5709 1653 5746 :
1703 5689 1786 5746 uti
1838 5689 2003 5746 etiam

433 5775 560 5832 eum
591 5759 682 5814 hic
719 5759 1008 5832 Maximus,
1062 5775 1162 5830 per
1193 5761 1406 5832 singula
1454 5763 1656 5832 scripta
1691 5763 1890 5824 verba,
1935 5762 2005 5815 δι’

437 5829 666 5885 ἑκάστου
687 5829 795 5884 τῶν
817 5829 1321 5904 ἀναγεγραμμένων
1353 5829 1632 5903 ῥημάτων,
1659 5832 1734 5886 ait
1760 5831 2008 5887 incarna-

2111 4621 2479 4684 intellectum,
2513 4621 2802 4688 clarasque
2834 4635 2897 4673 ac
2915 4618 3093 4672 nudas
3129 4618 3514 4671 universorum
3545 4619 3694 4670 veri-

2111 4713 2238 4766 latis
2267 4712 2474 4765 formas
2504 4711 2734 4774 habens,
2770 4709 2950 4763 nullas
2985 4708 3276 4777 parabolas
3310 4724 3372 4761 ac
3403 4709 3694 4776 aenigmata

2108 4819 2232 4858 cum
2290 4801 2708 4870 complectatur,
2743 4815 2907 4856 easve
2943 4797 3206 4852 historias
3238 4813 3376 4866 quas
3426 4813 3525 4866 per
3555 4799 3692 4851 alle-

2107 4894 2317 4964 goriam
2361 4907 2638 4961 exponere
2682 4905 2910 4944 necesse
2943 4889 3044 4953 sit;
3078 4888 3172 4941 ubi
3206 4889 3272 4941 ad
3315 4887 3569 4942 homines
3595 4904 3692 4942 vc-

2115 4988 2216 5050 nit,
2245 4985 2338 5055 qui
2367 4984 2510 5038 nuda
2551 4993 2732 5038 mente
2758 4998 2846 5037 res
2871 4980 3171 5052 spiritales,
3218 4979 3367 5048 ipsas
3398 4981 3574 5033 nudas
3606 4979 3693 5032 itt-

2116 5079 2360 5149 telligcre
2391 5092 2500 5131 non
2555 5075 2800 5146 possint;
2853 5090 2920 5128 ex
2977 5072 3044 5126 iis
3095 5071 3379 5126 disserens
3429 5087 3549 5140 qua:
3585 5071 3694 5125 illis

2111 5179 2376 5226 consueta
2430 5183 2606 5237 exque
2643 5181 2747 5220 usu
2789 5171 2994 5229 essent,
3033 5162 3391 5217 historiarum
3427 5163 3691 5232 :euigma-

2691 5321 2785 5375 "l
2825 5321 2953 5376 Cor.
3007 5336 3122 5383 xm,
3167 5321 3255 5374 19..

2106 5322 2149 5355 ¹¹⁵
2171 5322 2327 5379 Joan.
2369 5338 2442 5387 vt,
2491 5321 2580 5376 55.
2691 5321 2785 5375 "l
2825 5321 2953 5376 Cor.
3007 5336 3122 5383 xm,
3167 5321 3255 5374 l2.
3364 5320 3457 5374 l°l
3495 5319 3686 5375 Thess.

2111 5550 2154 5604 ri
2192 5549 2282 5602 τὸν
2312 5549 2503 5615 Λόγον·
2543 5546 2616 5601 ita
2649 5553 2705 5601 ut
2733 5544 2900 5598 verba
2925 5551 2992 5615 et_
3009 5542 3310 5615 vocessint
3341 5539 3491 5593 velut
3517 5552 3689 5615 caro,

2112 5619 2263 5674 illius
2284 5607 2498 5672 eximia:
2527 5618 2718 5684 Λόγου,
2745 5615 2917 5677 Verbi,
2954 5612 3245 5684 Sermonis,
3277 5624 3440 5684 quem
3464 5617 3517 5663 et
3543 5607 3692 5684 Scri-

2114 5699 2291 5758 ptura:
2328 5688 2452 5740 νοῦν
2487 5678 2640 5753 ᾱίοἰί,
2666 5678 2722 5742 et
2751 5684 2990 5742 Verbum
3028 5683 3082 5736 in
3114 5679 3388 5752 principio
3413 5678 3556 5748 apud
3590 5678 3689 5732 Pa-

2116 5770 2274 5826 trem,
2301 5766 2409 5814 etc.
