4020 6434
1578 385 1640 447 S.
1680 381 1967 444 ΜΑΧΙΜΙ

2103 382 2149 444 Ν
2155 379 2522 444 FESSORIS
3562 377 3695 445 ιιεο

411 384 543 454 1151

408 502 638 564 tumque
670 500 726 549 et
741 490 1129 561 parabolarum
1153 489 1658 561 obscuriorumque
1679 506 1989 547 sermonum

2101 488 2223 553 λίας
2249 490 2652 563 συντιθέμενος,
2673 491 2881 561 γίνεται
2910 492 3065 565 σάρξ.
3101 493 3261 549 Κατὰ
3280 492 3391 566 γάρ
3414 491 3515 565 τὴν
3543 493 3678 564 πρώ-

407 587 675 642 varietate
727 584 1138 654 compositum,
1191 599 1324 639 caro
1378 582 1636 640 elﬁcitur.
1685 584 1808 639 Non
1847 584 1989 638 enim

2101 600 2196 652 την
2244 584 2576 655 προσϐολὴν,
2615 586 2679 639 οὐ
2709 585 2902 656 γυμνῷ
2946 585 3280 657 προσϐάλλει
3305 584 3474 656 Λόγῳ
3503 587 3532 638 ό
3557 586 3689 656 ἡμέ-

406 679 585 747 prima
624 676 813 732 statim
838 675 1318 741 consideratione,
1370 691 1530 731 mens
1566 684 1758 731 nostra
1787 675 1989 732 nudum

2101 691 2256 747 τερος
2281 674 2407 739 νοῦς
2435 694 2449 709 ο
2497 676 2637 730 ἀλλὰ
2679 677 2841 749 Λόγῳ
2876 677 3288 750 σεσαρκωμὲνῳ
3314 693 3330 708 ”
3367 676 3575 749 δηλαδὴ
3625 680 3688 751 τῇ

407 769 590 838 ipsum
625 770 868 825 Verbum
908 768 1134 841 attingit
1181 784 1249 824 ac
1306 768 1601 838 intelligit,
1635 766 1733 824 sed
1755 767 1989 823 Verbum

2101 766 2345 838 ποικιλίᾳ
2372 766 2485 821 τῶν
2527 767 2729 834 λέξεων
2754 786 2768 800 ·
2819 768 2979 841 Λόγῳ
3030 769 3128 838 μὲν
3177 768 3312 835 δντι,
3354 771 3427 840 τῇ
3484 768 3685 838 φύσει·

408 863 785 927 incarnatum,
814 862 1125 918 dictionum
1144 860 1641 916 scilicetvarietate
1662 858 1989 929 implexum:

2101 858 2269 929 σαρκὶ
2296 856 2354 910 δὲ
2381 861 2448 928 τῇ
2481 858 2602 929 ὕψει
2633 875 2647 890 ’
2676 859 2820 914 ὥστε
2846 861 2975 924 τοὺς
3007 858 3261 925 πολλοὺς,
3297 860 3483 932 σάρκα
3510 862 3606 915 καὶ
3631 861 3689 916 οὐ

2101 947 2274 1015 Λόγον
2296 949 2430 1019 όρᾷν
2452 949 2630 1003 δοκεῖν
2658 948 2762 1004 κᾶν
2794 950 2844 1003 εί
2873 949 3020 1004 κατὰ
3053 949 3314 1021 ἀλήθειάν
3345 951 3471 1004 ἐστι
3500 951 3678 1020 Λόγος.

2102 1043 2176 1096 Οὐ
2226 1042 2336 1115 γὰρ
2372 1044 2510 1116 ὅπερ
2553 1044 2701 1098 δοκεῖ
2731 1047 2847 1110 τοῖς
2892 1045 3135 1110 πολλοῖς,
3156 1045 3315 1099 τοῦτο
3335 1046 3440 1117 τῆς
3470 1046 3691 1118 Γραφῆς

408 955 592 1025 ipsum
639 956 866 1026 quidem
906 963 1105 1010 natura
1136 953 1417 1020 Verbum;
1465 953 1563 1008 sed
1611 952 1761 1023 quod
1814 960 2002 1006 tamen

406 1064 538 1103 caro
569 1048 963 1118 conspiciatur,
1020 1046 1102 1102 sic
1141 1045 1408 1100 nimirum
1450 1054 1513 1100 ut
1543 1046 1735 1116 plures
1778 1058 2001 1099 carnem

406 1157 521 1196 non
579 1141 822 1196 Verbum
877 1140 1067 1196 videre
1112 1139 1221 1195 sibi
1265 1139 1598 1204 videantur;
1648 1137 1753 1193 ctsi
1805 1151 1989 1191 revera

2101 1134 2250 1187 ἐστιν
2280 1137 2308 1189 ὁ
2337 1134 2484 1201 νοῦς,
2513 1136 2632 1191 ἀλλ’
2668 1137 2860 1209 ἕτερον
2902 1138 3054 1211 παρὰ
3086 1138 3149 1193 τὸ
3191 1138 3409 1193 δοκοῦν.
3477 1139 3535 1193 '0
3588 1142 3694 1209 γάρ

405 1232 649 1287 Verbum
689 1240 793 1286 est.
832 1232 954 1287 Non
994 1231 1143 1286 enim
1171 1230 1268 1301 qui
1302 1230 1470 1300 vulgo
1495 1229 1735 1291 videtur,
1773 1229 1819 1283 is
1849 1226 1989 1282 Scri-

2101 1226 2295 1293 Λόγος,
2337 1227 2405 1280 δι’
2441 1229 2676 1285 ἑκάστου
2719 1229 2830 1284 τῶν
2860 1231 3378 1304 ἀναγεγραμμένων
3430 1232 3693 1304 ῥημάτων

405 1333 584 1395 ptume
612 1341 809 1381 sensus
835 1332 923 1381 est
951 1340 1017 1380 ac
1047 1324 1388 1388 intellectus,
1417 1322 1515 1378 sed
1546 1323 1690 1377 alius
1715 1335 1879 1391 quam
1904 1319 1989 1389 qui

2101 1317 2315 1387 γίνεται
2357 1319 2516 1391 σάρξ.

407 1418 487 1472 ita
536 1418 779 1474 videtur.
814 1420 951 1474 Nam
999 1420 1245 1476 Verbum
1280 1418 1499 1489 (Λόγος,
1543 1433 1641 1473 seu
1684 1414 1900 1487 Sermo)
1939 1429 2041 1484 per
2079 1412 2327 1485 singulas
2372 1431 2497 1486 quae
2568 1417 2793 1488 scriptae
2826 1428 2959 1475 sunt
3003 1436 3169 1476 voces
3217 1418 3534 1493 (ῥημάτων)
3565 1436 3691 1477 caro

406 1508 667 1565 cilicitur.
1266 1527 1271 1531 ’

476 1600 566 1655 6i.
604 1600 791 1656 Prima
848 1615 1138 1655 nominum
1193 1599 1265 1655 ad
1320 1599 1585 1671 pietatem
1628 1597 1948 1654 rudimenta
1979 1635 1995 1661 ,

404 1692 563 1763 quasi
587 1692 655 1748 ad
692 1707 919 1749 carnem
947 1692 1067 1749 ﬁeri
1101 1700 1537 1749 consueverunt.
1572 1691 1783 1747 Littera
1822 1688 1996 1755 enim,

404 1799 517 1838 non
549 1783 749 1853 spiritu
797 1783 1252 1850 consuescimus;
1289 1797 1417 1839 cum
1451 1782 1694 1853 primum
1723 1780 1793 1836 ad
1821 1780 1989 1850 pieta-

2101 1774 2398 1847 Γράμματι
2432 1776 2563 1849 γὰρ,
2603 1776 2723 1832 ἀλλ’
2751 1778 2813 1832 οὺ
2849 1777 3123 1850 πνεύματι
3150 1781 3295 1835 κατὰ
3326 1782 3432 1850 τὴν
3472 1780 3691 1854 πρώτην

404 1884 516 1929 tem
544 1875 791 1928 animum
829 1874 1139 1945 adjicimus.
1170 1875 1441 1930 Paulatim
1474 1889 1609 1930 vero
1635 1872 1706 1928 ad
1736 1871 1989 1943 spiritum

2101 1869 2184 1931 εἰς
2214 1868 2529 1923 θεοσέϐειαν
2561 1869 2873 1941 προσϐολὴν
2900 1871 3225 1943 ὁμιλοῦμεν.
3249 1872 3414 1928 Κατὰ
3447 1874 3613 1945 μέρος
3636 1874 3690 1929 δὲ

403 1966 798 2035 provehentes,
839 1966 1337 2037 subtilioribusque
1379 1966 1549 2038 £99
1578 1966 1759 2022 sensis
1799 1963 1989 2021 dictio-

2101 1958 2526 2030 προσϐαίνοντες
2545 1959 2627 2032 τῷ
2649 1960 2949 2033 πνεύματι,
2988 1963 3083 2018 καὶ
3106 1963 3168 2018 τὸ
3196 1966 3346 2036 παχὺ
3383 1966 3501 2020 τῶν
3525 1966 3691 2037 ῥημά-

402 2074 539 2113 num
576 2058 888 2113 crassitiem
921 2059 1256 2115 deradentes
1307 2075 1374 2115 ac
1406 2067 1721 2123 tenuantes,
1761 2059 1820 2113 in
1853 2072 1989 2128 puro

2101 2068 2205 2105 των
2243 2054 2360 2116 τοῖς
2410 2052 2764 2125 λεπτοτέροις
2813 2055 3170 2127 θεωρήμασιν
3218 2057 3577 2125 ἁποξέοντες,
3635 2060 3690 2112 ὲν

399 2166 539 2220 pure
567 2149 816 2219 Christo,
855 2152 1039 2222 quoad
1073 2168 1174 2222 per
1205 2151 1526 2208 facultatem
1573 2150 1898 2206 hominibus
1924 2149 1989 2204 li-

2101 2143 2326 2216 καθαρῷ
2356 2144 2616 2217 καθαρῶς
2643 2146 2723 2217 τῷ
2752 2146 2978 2218 Χριστῷ
3009 2149 3278 2220 γινόμεθα
3324 2151 3474 2206 κατὰ
3504 2151 3566 2205 τὸ
3603 2151 3692 2205 δυ-

2176 1596 2278 1663 Ea}.
2341 1598 2407 1652 Ἦ
2454 1598 2681 1671 ἀπαρχή
2724 1600 2827 1672 τῆς
2879 1600 3020 1673 πρὸς
3057 1602 3357 1657 εὐσέϐειαν·
3389 1602 3692 1675 μαθητείας

2099 1684 2212 1740 τῶν
2264 1685 2591 1757 ἀνθρώπων,
2646 1686 2723 1752 ὡς
2771 1688 2910 1759 πρὸς
2966 1688 3147 1761 σάρκα
3177 1689 3430 1759 γίνεσθαι
3461 1692 3721 1760 πέφυκε.⁴

400 2251 512 2305 cet,
544 2243 883 2310 invenimur;
918 2242 993 2298 ita
1041 2251 1104 2297 ut
1139 2244 1297 2315 juxta
1350 2258 1613 2313 magnum
1662 2241 1992 2312 Apostolum

401 2332 682 2401 possimus
712 2332 903 2391 dicere
934 2352 947 2388 :
980 2333 1098 2388 Etsi
1121 2336 1458 2404 cognovimus
1488 2333 1758 2389 Christum
1804 2348 1996 2387 secun-

398 2423 526 2477 dum
555 2439 771 2478 carnem
792 2464 807 2489 ,
845 2423 938 2478 sed
963 2439 1104 2477 nunc
1145 2440 1249 2477 non
1293 2426 1532 2478 novimus
1555 2423 1636 2489 ‘7;
1679 2436 1750 2477 eo
1780 2421 1997 2477 scilicet

399 2514 549 2582 quod
605 2514 846 2586 simplici
895 2515 1105 2570 mentis
1138 2515 1588 2571 consideratione
1621 2513 1865 2571 Verbum
1900 2513 1994 2568 in-

396 2600 733 2672 telligamus,
783 2602 995 2673 absque
1029 2603 1139 2659 illis
1186 2602 1489 2659 involucris
1530 2602 1737 2673 quibus
1764 2602 1991 2673 tegitur;

395 2709 596 2765 nempe
626 2695 984 2767 proﬁcientes
1013 2694 1085 2749 ab
1103 2709 1171 2750 eo
1196 2694 1347 2766 quod
1373 2702 1459 2750 est
1492 2694 1735 2749 Verbum
1762 2709 1992 2750 carnem

392 2802 750 2858 cognoscere,
781 2787 852 2843 ad
895 2788 1018 2861 ejus
1046 2786 1280 2858 gloriam
1320 2786 1480 2858 quasi
1514 2785 1799 2859 Unigeniti
1826 2802 1858 2842 a
1883 2787 1992 2844 Pa-

394 2889 480 2935 tre
519 2880 585 2936 ⁸⁸.

464 2972 556 3028 62.
586 2972 692 3038 Qui
721 2971 894 3027 vitam
924 2988 1050 3043 quae
1106 2980 1193 3028 est
1242 2970 1300 3027 in
1341 2971 1572 3027 Christo
1631 2969 1910 3034 instituit,
1942 2969 1992 3025 is

393 3074 515 3121 tum
542 3064 760 3134 legalis,
793 3072 911 3118 tum
944 3064 1217 3118 naturalis
1243 3062 1472 3134 iustitiae
1506 3070 1682 3116 metas
1713 3060 1986 3127 excessit;

2096 2235 2257 2290 νατδν
2284 2234 2597 2307 ἀνθρώποις
2625 2251 2640 2266 °
2668 2239 2747 2302 είς
2776 2237 2838 2292 τὸ
2881 2237 3144 2294 δύνασθαι
3181 2240 3366 2311 λέγειν
3414 2242 3557 2296 κατὰ
3600 2242 3688 2297 τὸν

2109 2328 2432 2381 Ἀπόστολον
2464 2346 2479 2360 ο
2510 2331 2581 2383 El
2628 2330 2727 2384 καί
2764 2329 3109 2400 ἐγνώκαμεν
3142 2333 3291 2387 κατὰ
3318 2332 3527 2402 σάρκα
3557 2335 3687 2403 Χρι-

2096 2417 2269 2483 στὸν,
2329 2418 2495 2474 ἀλλὰ
2549 2418 2671 2475 νῦν
2717 2421 2921 2476 οὐκέτι
2977 2422 3358 2493 γινώσκομεν
3380 2441 3394 2453 ·
3451 2423 3543 2478 διὰ
3592 2424 3686 2494 τὴν

2097 2510 2280 2581 ἁπλῆν
2305 2511 2550 2583 δηλονότι
2583 2512 2721 2584 πρὸς
2752 2513 2844 2569 τὸν
2865 2514 3040 2584 Λόγον
3073 2515 3249 2587 χωρὶς
3279 2514 3394 2570 τῶν
3427 2517 3516 2570 ἐπ’
3544 2514 3687 2586 αὐτῷ

2094 2604 2475 2676 καλυμμάτων
2507 2604 2605 2659 τοῦ
2639 2605 2761 2670 νοὸς
2818 2607 3133 2679 προσϐολήν
3163 2622 3178 2642 ο
3218 2608 3329 2662 ἀπὸ
3376 2607 3474 2662 τοῦ
3514 2609 3686 2678 σάρκα

2092 2697 2184 2751 τὸν
2214 2696 2387 2766 Λόγον
2408 2695 2726 2766 γινώσκειν,
2763 2698 2844 2760 είς
2878 2699 2996 2771 τὴν,
3030 2700 3108 2764 ὡς
3141 2700 3493 2772 Μονογενοῦς
3540 2700 3685 2771 παρὰ

2094 2788 2309 2857 Πατρδς
2338 2789 2507 2844 αὐτοῦ
2542 2789 2703 2856 δόξαν
2726 2791 3123 2863 προκύψαν-τες.

2166 2960 2264 3033 Εβ’.
2307 2963 2366 3019 '0
2394 2963 2496 3036 τὴν
2537 2965 2597 3021 έν
2651 2966 2873 3038 Χριστῷ
2921 2969 3095 3039 ζήσας
3143 2969 3311 3041 ζωὴν,
3339 2972 3446 3043 τήν
3486 2970 3681 3026 τε’τοῦ

2092 3053 2261 3124 νόμου
2286 3055 2384 3110 καί⁵
2414 3055 2516 3126 τῆς
2546 3057 2766 3126 φύσεως
2798 3058 3048 3130 ὑπερέϐη
3077 3059 3435 3134 δικαιοσύνην
3462 3079 3475 3093 ·
3507 3064 3681 3134 δπερό

390 3158 542 3229 quod
575 3157 800 3212 divinus
849 3156 1146 3225 Apostolus
1180 3156 1338 3211 hisce
1384 3153 1574 3211 verbis
1619 3152 1987 3224 signiﬁcavit:

2101 3150 2244 3213 θεῖος
2286 3150 2702 3223 ἐνδεικνύμενος
2746 3154 3070 3220 Ἀπόστολός
3127 3174 3294 3227 φησιν
3324 3173 3339 3188 ⁸
3412 3160 3514 3214 Ἔν
3573 3158 3680 3228 γὰρ

391 3246 456 3300 1η
489 3245 698 3303 Christo
725 3245 852 3301 Jesu
892 3262 1061 3317 neque
1093 3244 1423 3301 circumcisio
1449 3253 1548 3312 est,
1583 3260 1752 3316 neque
1778 3258 1989 3315 prmpu-

2101 3240 2326 3308 Χριστῷ
2363 3243 2582 3312 Ἰησοῦ,
2607 3245 2748 3301 οὔτε
2780 3248 3068 3319 περιτομή
3094 3249 3269 3306 ἐστιν
3290 3292 3305 3314 ,
3329 3252 3473 3308 οὔτε
3507 3252 3677 3320 dupo-

392 3339 526 3392 tium
549 3338 621 3405 ¹⁹;
673 3338 1124 3394 circumcisionis
1183 3338 1410 3409 quidem
1459 3337 1708 3402 nomine,
1755 3336 1989 3408 legalem

2101 3334 2329 3389 ϐυστία.
2360 3334 2461 3388 Διὰ
2496 3335 2597 3407 μὲν
2617 3337 2719 3408 τῆς
2745 3343 3071 3412 περιτομῆς,
3090 3340 3190 3413 τὴν
3220 3343 3457 3416 νομικὴν
3477 3344 3678 3397 δικαιο-

388 3430 663 3501 justitiam
707 3429 1030 3497 declarans;
1066 3431 1327 3501 praeputii
1358 3445 1513 3499 vero,
1553 3427 1989 3502 aequabilitatem

2101 3425 2264 3498 σύνην
2299 3425 2549 3499 δηλώσας
2574 3446 2588 3461 ο
2632 3429 2723 3484 διὰ
2772 3430 2831 3485 δὲ
2873 3432 2972 3503 τῆς
3004 3432 3413 3503 ἀκροϐυστίας,
3444 3436 3542 3505 τὴν
3579 3454 3678 3505 φυ-

391 3531 608 3577 naturac
642 3522 1069 3578 convenientem
1102 3522 1487 3578 subindicans.

2101 3519 2254 3588 σικήν
2286 3520 2565 3588 ἰσονομίαν
2590 3522 2959 3591 αἰνιξάμενος.

462 3614 549 3668 6⁸5.
580 3614 687 3669 Alii
730 3631 797 3669 ex
831 3631 976 3686 aqua
1023 3608 1081 3670 et
1120 3614 1323 3687 spiritu
1371 3624 1767 3681 renascuntur;
1806 3612 1901 3669 alii
1932 3613 1989 3668 in

2164 3606 2269 3678 57’.
2303 3611 2369 3664 οι
2399 3611 2520 3682 μὲν,
2553 3612 2623 3666 δι’
2657 3611 2853 3677 ὕδατος
2880 3614 3287 3684 ἀναγεννιῖΝται
3311 3620 3412 3672 καὶ
3436 3617 3675 3690 πνεῦμα·

392 3703 607 3774 Spiritu
640 3715 832 3762 sancto
848 3714 903 3761 et
926 3705 1053 3779 igne
1086 3706 1364 3777 baptisma
1389 3705 1785 3776 suscipiunt".
1816 3705 1989 3760 Porro

2101 3716 2184 3758 τος
2208 3716 2222 3730 ·
2258 3701 2309 3753 oi
2337 3700 2419 3764 δὲ,
2459 3703 2518 3755 ὲν
2558 3701 2837 3775 πνεύματι
2883 3705 3028 3776 ἁγίῳ
3064 3707 3159 3760 καὶ
3213 3709 3349 3779 πυρὶ
3381 3709 3445 3763 τὺ
3492 3710 3675 3780 βάπτι-

389 3804 630 3869 quatuor
662 3797 801 3866 haec,
835 3815 1035 3870 aquam
1069 3798 1286 3855 scilicet
1314 3807 1373 3854 et
1414 3798 1673 3870 Spiritum
1703 3806 1763 3854 et
1803 3797 1987 3869 ignem

2101 3808 2210 3860 σμα
2240 3792 2512 3864 δέχονται.
2554 3793 2637 3848 Τὰ
2682 3795 2927 3868 τέσσαρα
2977 3798 3037 3851 δὲ
3084 3797 3282 3864 ταῦτα,
3307 3800 3384 3854 -τδ
3438 3801 3577 3872 ὕδωρ
3617 3798 3675 3854 τι

390 3897 448 3942 et
475 3886 745 3958 Spiritum
785 3897 1062 3956 sanctum,
1100 3905 1276 3945 unum
1308 3888 1679 3960 eumdemque
1715 3887 1984 3959 Spiritum

2101 3894 2262 3957 φημι,
2286 3884 2385 3940 καὶ
2422 3886 2484 3940 τὸ
2528 3886 2767 3958 πνεῦμα,
2802 3889 2901 3943 καὶ
2949 3889 3012 3944 τὸ
3053 3890 3189 3963 πῦρ,
3231 3891 3326 3945 καὶ
3359 3894 3426 3963 τὸ
3470 3894 3674 3960 πνεῦμα

389 3976 488 4032 Dei
517 3977 790 4050 intelligo.
838 3979 979 4036 Aliis
1025 3995 1267 4052 namque
1299 3978 1539 4053 Spiritus
1567 3986 1797 4037 sanctus
1839 3995 1983 4051 aqua

2101 3974 2270 4044 ἱγιον,
2300 3975 2363 4030 τὸ
2389 3975 2451 4029 ἓν
2472 3975 2566 4031 καὶ
2598 3976 2662 4031 τὸ
2684 3978 2819 4032 αὐτὸ
2842 3978 3068 4052 Πνεῦμα
3108 3981 3215 4036 νοῶ
3239 3983 3337 4036 τοῦ
3361 3982 3522 4039 Θεοῦ.
3557 3986 3672 4050 Tol;

388 4078 494 4134 est,
526 4070 677 4126 velut
706 4071 801 4142 qui
849 4073 1099 4130 exterius
1149 4073 1346 4130 sordes
1390 4072 1648 4145 corporis
1698 4073 1989 4146 detergere

2101 4066 2195 4138 μὲν
2216 4066 2327 4139 γὰρ
2358 4066 2506 4138 ὕδωρ
2550 4068 2670 4122 ἐστὶ
2696 4067 2759 4121 τὸ
2796 4068 3025 4151 Πνεῦμα
3055 4071 3119 4125 τὺ
3164 4072 3341 4140 ἅγιον,
3377 4074 3460 4136 ὡς
3488 4074 3673 4144 ῥυπτι-

388 4159 627 4227 habeat;
663 4160 790 4217 aliis
824 4177 959 4218 vero
988 4162 1341 4219 solummodo
1372 4163 1627 4234 spiritus,
1656 4168 1720 4216 ut
1751 4162 1847 4232 qui
1873 4162 1989 4216 vir-

2101 4159 2188 4214 κδν
2228 4159 2340 4213 τῶν
2391 4159 2549 4223 ἐκτὸς
2600 4161 2731 4231 περὶ
2773 4161 2835 4215 τὸ
2876 4162 3054 4233 σῶμα
3096 4163 3395 4234 μολυσμῶν
3427 4180 3442 4196 ’
3468 4165 3576 4228 τοῖς
3618 4160 3672 4215 δι

389 4248 526 4304 tutis
565 4250 710 4305 bona
741 4251 795 4305 vi
830 4268 929 4307 sua
959 4252 1197 4321 cﬂiciat;
1228 4253 1355 4309 aliis
1389 4261 1575 4309 autem
1615 4252 1782 4325 ignis,
1810 4259 1874 4308 ut
1893 4255 1989 4324 qui

2101 4250 2311 4322 πνεῦμα
2333 4251 2517 4322 μόνον,
2555 4252 2632 4317 ὡς
2659 4254 3012 4324 ἐνεργητικὸν
3029 4254 3143 4309 τῶν
3171 4256 3292 4310 κατ’
3317 4257 3526 4329 ἀρετὴν
3550 4257 3670 4324 ἀγα-

388 4340 541 4396 intus
570 4340 691 4412 ipso
724 4342 898 4396 animi
930 4343 1058 4398 sinu
1090 4343 1369 4399 haerentes
1409 4344 1607 4401 sordes
1642 4343 1989 4400 emundandi

2101 4340 2223 4395 θῶν⁶
2254 4345 2369 4407 τοῖς
2395 4341 2451 4397 δὲ
2483 4342 2617 4416 πῦρ,
2648 4344 2726 4408 ὡς
2758 4344 3096 4417 καθαρτικὸν
3119 4347 3231 4402 τῶν
3263 4348 3418 4411 ἐντὸς
3448 4345 3587 4402 κατὰ
3610 4344 3665 4398 τὸ

387 4431 443 4486 vi
475 4433 684 4502 polleat
723 4452 734 4486 :
765 4433 834 4489 iis
865 4434 1108 4507 denique
1135 4436 1231 4507 qui
1256 4451 1517 4507 magnum
1551 4438 1838 4493 Danieiem
1864 4452 1989 4492 mo-

2101 4432 2259 4506 βάθος
2280 4434 2411 4507 περὶ
2438 4434 2622 4508 ψυχὴν
2651 4435 2888 4508 κηλίδων
2919 4454 2936 4471 ο
2963 4441 3078 4502 τοῖς
3099 4437 3157 4492 δὲ
3193 4439 3335 4494 κατὰ
3371 4441 3465 4495 τὸν
3499 4439 3665 4510 μέγαν

388 4521 549 4577 ribus
591 4521 859 4589 referant,
895 4523 1139 4596 Spiritus
1167 4533 1410 4592 sanctus,
1436 4534 1499 4582 ut
1530 4525 1628 4596 qui
1659 4525 1987 4597 sapientiam

2101 4525 2310 4599 Δανιὴλ,
2350 4527 2569 4599 πνεῦμα
2598 4530 2773 4598 ἅγιον,
2795 4529 2875 4594 ὠς
2910 4530 3105 4600 σοφίας
3143 4531 3238 4584 καλ⁵
3262 4531 3523 4600 γνώσεως
3538 4544 3663 4601 χορ·

387 4628 454 4668 ac
488 4614 779 4669 scientiam
809 4615 1217 4672 subministret.
1260 4617 1341 4673 Ex
1379 4616 1600 4674 diversa
1634 4617 1785 4673 enim
1840 4616 1987 4673 circa

387 4705 698 4777 subjectum
742 4710 1068 4779 operatione
1100 4750 1116 4774 ,
1174 4709 1313 4765 alias
1345 4710 1595 4782 aliasque
1625 4725 1773 4765 unus
1820 4718 1988 4782 atque

386 4798 538 4855 idem
572 4799 814 4870 Spiritus
834 4802 1069 4858 sortitur
1098 4802 1518 4874 appellationes.

455 4895 544 4951 64.
580 4896 659 4953 Ea
689 4897 778 4973 lex
826 4897 1044 4953 ratione
1078 4895 1387 4961 Sabbatum
1428 4893 1728 4961 concessit,
1763 4893 1850 4958 Ut,
1896 4891 1984 4946 in-

385 4987 526 5061 quit,
554 4988 845 5059 requiescat
885 4990 1195 5060 jumentum
1246 5000 1399 5043 tuum
1451 4998 1501 5042 et
1539 5003 1719 5042 servus
1764 4993 1885 5038 tuus
1911 4983 1978 5037 “.

387 5074 564 5132 Porro
587 5079 751 5136 ambo
778 5080 897 5136 haec
916 5080 1218 5137 verborum
1247 5080 1485 5151 quadam
1515 5078 1747 5148 ambage
1774 5078 1981 5133 obscu-

386 5165 549 5236 rique.
600 5169 876 5224 sermonis
930 5169 1323 5239 perplexitate.
1383 5184 1588 5240 corpus
1643 5166 1980 5239 significant.

386 5254 603 5326 Corpus
642 5256 793 5310 enim
831 5259 1143 5331 iumentum
1178 5268 1265 5315 est
1315 5258 1488 5314 animi
1529 5257 1768 5315 colentis
1804 5257 1984 5314 actio-

391 5363 538 5413 nem,
569 5347 718 5418 quod
745 5348 1009 5403 nimirum
1036 5360 1298 5421 tanquam
1321 5366 1486 5415 onus,
1503 5349 1779 5406 virtutum
1799 5346 1984 5403 modis

390 5454 486 5505 per
514 5440 816 5503 actionem,
843 5439 896 5493 vi
927 5448 1148 5510 portare
1180 5450 1432 5514 cogatur.
1459 5441 1593 5513 Ejus
1623 5457 1758 5496 vero
1785 5455 1982 5496 servus

391 5531 487 5602 qni
513 5531 702 5588 studet
753 5530 1261 5602 contemplationi,
1297 5532 1454 5589 velut
1482 5533 1597 5605 jam
1625 5530 1978 5605 spiritalibus

386 5770 487 5831 J2.

2091 4615 2248 4688 ηγόν.
2297 4618 2395 4673 Ἐκ
2433 4617 2545 4689 γὰρ
2563 4618 2666 4690 τῆς
2695 4618 2954 4690 διαφόρου
3003 4619 3135 4690 περὶ
3180 4619 3243 4673 τὺ
3303 4621 3655 4691 ὑποκείμενον

2091 4705 2398 4778 ἐνεργείας,
2417 4706 2712 4779 διαφόρους
2740 4706 3013 4778 λαμϐάνει
3041 4709 3103 4761 τὸ
3124 4707 3186 4761 ἓν
3210 4708 3306 4762 καὶ
3338 4708 3474 4763 αὐτὸ
3501 4703 3660 4761 Πνεῦ-

2094 4818 2171 4872 μα
2203 4800 2301 4864 τὰς
2323 4800 2716 4873 προσηγορίας.
3274 4824 3275 4827 η

2163 4888 2258 4957 ξδ’.
2300 4891 2358 4944 '0
2385 4891 2550 4962 νόμος
2591 4892 2653 4944 τδ
2685 4890 2969 4946 Σάϐϐατον
3013 4892 3267 4956 δέδωκεν,
3294 4894 3450 4956 Ἵνα,
3484 4887 3657 4961 φησιν,

2084 4983 2511 5053 ἀναπαύσηται
2540 4983 2605 5038 τὸ
2635 4982 2958 5054 ὑποζύγιόν
3003 5000 3122 5039 σου
3148 4984 3248 5040 καὶ
3291 4988 3323 5040 ό
3353 4983 3493 5050 παῖς
3527 4990 3661 5051 σου..

2097 5072 2408 5145 Ἀμφότεροι
2433 5073 2490 5126 δὲ
2518 5072 2694 5127 ταῦτα
2716 5074 2788 5127 δι’
2817 5074 3165 5144 αἰνιγμάτων
3185 5075 3248 5129 τὸ
3280 5076 3439 5148 σῶμα
3480 5067 3651 5139 δηλοῦ-

2087 5181 2161 5220 σι.
2196 5163 2301 5218 Τοῦ
2322 5163 2430 5236 γὰρ
2456 5164 2762 5236 πρακτικοῦ
2784 5165 2903 5229 νοὸς
2935 5163 3232 5234 ὑποζύγιόν
3257 5168 3371 5221 ἐστι
3394 5165 3458 5219 τὸ
3484 5161 3654 5229 θῶμαι

2087 5253 2412 5327 ἀχθοφορεῖν
2478 5253 2574 5326 βίᾳ
2641 5255 2754 5318 τοῖς
2814 5256 3041 5327 τρόποις
3080 5257 3189 5311 τῶν
3265 5253 3475 5328 άρετῶν
3523 5245 3653 5305 κατὰ

2088 5347 2188 5417 τὴν
2283 5345 2479 5417 πρᾶξιν
2519 5346 3013 5417 τάναγκαζόμενον.
3088 5346 3197 5401 Τοῦ
3279 5346 3338 5400 δὲ
3406 5345 3652 5411 θεωρητια

2090 5437 2188 5492 κοῦ
2244 5439 2393 5502 παῖς,
2427 5437 2504 5502 ὡς
2569 5438 2670 5510 ἤδη
2725 5436 2976 5507 λογισθὲν
3034 5439 3382 5511 θεωρήμασι,
3439 5433 3528 5486 καὶ
3570 5428 3650 5480 λο-

2089 5520 2262 5600 Υὶκῶς
2289 5530 2412 5593 ταῖς
2440 5530 2772 5599 γνωπικαίς
2799 5531 3090 5601 ἐπιταγαῖς
3134 5530 3232 5585 τοῦ
3285 5529 3411 5593 νοὸς
3462 5525 3648 5591 ὑπηρε-

466 5727 513 5799 f'
549 5729 595 5785 ll
624 5692 835 5800 ϐοὴν,
890 5731 976 5787 l6.
1058 5730 1099 5764 ’⁸
1125 5731 1283 5789 Joan.
1324 5749 1363 5800 ι,
1406 5732 1492 5787 Η.
1572 5733 1615 5766 ¹⁹
1692 5732 1868 5789 Galat.
1909 5749 1983 5802 v1,

2101 5733 2128 5787 ἱ.
2224 5734 2269 5766 ὀ
2302 5733 2496 5790 Matth.
2530 5749 2611 5803 ιιι,
2664 5734 2763 5802 ll;
2800 5732 2958 5792 Joan.
2995 5752 3076 5803 tu,
3105 5734 3158 5793 5.
3236 5736 3277 5767 ¹²
3308 5732 3474 5793 Exod.
3506 5737 3639 5789 rain,
3708 5744 3711 5747 ·
