4020 6394
329 313 470 381 1153

1153 316 1490 377 CAPITUM
1527 313 1801 376 THEOL.
1843 315 1939 375 ET
1978 314 2216 376 (ECON.
2258 315 2648 378 CENTURIA
2687 319 2770 380 II.

3486 321 3625 390 1154

321 426 421 480 τοὺ
431 442 613 497 μενον.
657 424 1018 496 Ἀμφοτέροις
1050 423 1108 476 δὲ
1145 423 1424 477 Σάϐϐατόν
1444 424 1580 484 ἐστι,
1605 421 1716 474 τῶν
1739 421 1922 483 αὐτοῖς

2036 421 2211 476 sensis
2246 421 2464 476 ratione
2516 421 2814 488 imbutum,
2849 437 3028 496 exque
3077 441 3172 494 ea,
3231 425 3434 498 quibus
3466 444 3625 484 mens

323 516 745 589 ἐνεργουμένων
785 517 931 569 κατὰ
958 532 1018 567 τε
1047 514 1247 585 πρᾶξιν
1290 514 1385 567 καὶ
1418 512 1654 583 θεωρίαν
1714 511 1920 575 καλῶν,

321 613 390 665 τὸ
415 612 628 679 πέρας,
694 609 794 680 τὴν
850 608 1162 680 πρόσφορον
1209 606 1430 675 ἑκάστῳ
1489 603 1731 677 παρέχον
1791 604 1923 658 ἀνά-

323 719 551 756 παυσιν.

403 885 458 949 ξε
480 925 492 936 .
539 885 597 936 Ὁ
624 884 723 953 τὴν
754 881 956 953 ἀρετὴν
991 881 1130 952 μετὰ
1173 881 1272 952 τῆς
1311 880 1633 951 πρεπούσης
1666 877 1920 948 γνώσεως

323 975 592 1040 ἐξανύων,
637 973 934 1041 ὑποζύγιον
989 972 1104 1042 ἔχει
1139 972 1199 1024 τὸ
1262 971 1442 1040 σῶμα,
1475 970 1619 1039 λόγῳ
1677 969 1921 1020 ἐλαύνων

326 1068 469 1137 πρὸς
501 1066 598 1136 τὴν
631 1064 739 1118 τῶν
775 1063 1135 1134 καθηκόντων
1161 1062 1448 1131 ἐνέργειαν
1483 1075 1496 1088 ⁸
1533 1060 1699 1113 παῖδα
1727 1060 1805 1123 δὲ,
1829 1059 1921 1111 τὸν

327 1159 421 1211 ἐπ’
447 1159 615 1228 ἀρετῇ
651 1156 796 1210 κατὰ
816 1156 914 1226 τὴν
941 1153 1140 1226 πρᾶξιν
1167 1155 1369 1226 τρόπον
1401 1169 1414 1183 ο
1443 1153 1614 1224 ἦγουν
1640 1151 1804 1205 αὑτὸν
1830 1150 1920 1203 τὸν

326 1251 538 1305 καθ’ὂν
583 1251 616 1319 ἡ
667 1249 838 1319 ἀρετὴ
886 1249 1098 1316 πέφυκε
1155 1247 1403 1316 γίνεσθαι
1454 1245 1656 1312 τρόπον
1685 1260 1698 1273 °
1730 1242 1921 1312 ὥσπερ

325 1345 582 1414 ἀργυρίῳ
616 1347 726 1405 τοῖς
759 1341 1117 1412 διακριτικοῖς
1146 1339 1426 1409 ὠνηθέντα
1461 1339 1760 1408 λοιγισμοῖς.
1785 1336 1923 1389 Σαϐ-

324 1438 495 1490 ϐατον
524 1437 601 1496 δὲ,
633 1438 665 1503 ὴ
691 1435 814 1488 κατ’
842 1433 1046 1505 ἀρετὴν
1086 1432 1303 1503 ἀπαθὴς
1335 1432 1427 1484 καὶ
1460 1432 1714 1502 εἰρηναῖα
1741 1431 1842 1499 τῆς
1861 1447 1922 1483 τε

322 1530 511 1599 ψυχῆς
559 1528 653 1581 καὶ
689 1528 785 1580 τοὺ
849 1528 1102 1597 σώματος
1158 1527 1517 1588 κατάστασις,
1543 1524 1722 1595 ἤγουν
1762 1523 1925 1578 ἀναλ-

323 1621 551 1682 λοίωτος
583 1620 718 1682 ἕξις.

405 1710 512 1778 ξς’.
555 1713 612 1764 ’0
643 1711 736 1764 τοὺ
765 1709 900 1763 Θεοῦ
929 1710 1106 1778 λόγος,
1141 1710 1254 1771 τοῖς
1282 1707 1379 1778 μὲν
1413 1708 1493 1761 ἔτι
1537 1708 1668 1780 περὶ⁹
1713 1708 1781 1762 τὰ
1815 1724 1924 1761 σω-

2023 513 2312 584 sapienter
2341 514 2616 584 prmcipit,
2673 531 2885 570 morem
2933 534 3152 588 gerens.
3194 521 3498 574 Amborum
3526 535 3627 574 au-

2024 613 2134 660 tem
2169 605 2470 661 Sabhatum
2516 606 2643 663 ﬁnis
2672 616 2778 673 est,
2811 609 2879 663 ab
2925 610 2993 664 iis
3032 611 3215 675 bonis,
3245 613 3450 681 quibus
3501 611 3623 667 sive

2021 700 2262 764 actione,
2286 700 2404 753 sive
2435 699 2905 770 contemplatione
2928 703 3256 773 funguntur,
3286 703 3624 760 convenien-

2022 796 2134 843 tem
2163 790 2462 860 unicuique
2498 791 2750 860 requiem
2783 793 3062 862 prazbens.

2095 882 2185 936 65.
2221 881 2325 948 Qui
2375 883 2730 937 convenienti
2777 885 3012 939 scicntia
3064 886 3373 942 instructus
3414 888 3623 942 virtute

2023 974 2365 1044 defungitur,
2391 990 2594 1044 corpus
2628 977 2944 1046 jumentum
2979 977 3140 1054 500
3195 979 3383 1043 habet,
3431 981 3614 1050 ipsum

2021 1067 2236 1120 ratione
2270 1066 2562 1136 impellens
2586 1067 2653 1121 ad
2679 1083 2740 1122 ea
2775 1069 3107 1138 prtestanda,
3132 1086 3254 1138 quze
3274 1070 3434 1124 cilicii
3469 1078 3621 1136 sunt;

2023 1175 2247 1216 servum
2277 1169 2484 1224 autem,
2528 1162 2622 1231 qui
2657 1161 2710 1216 in
2737 1163 2946 1217 virtute
2978 1172 3062 1218 est
3095 1164 3331 1218 actionis
3359 1164 3621 1218 modum:

2024 1253 2204 1323 ipsum
2257 1253 2553 1308 nimirum~
2579 1255 2834 1320 modum,
2871 1272 2982 1326 quo
3013 1257 3205 1310 virtuti
3236 1264 3623 1326 comparatum

2026 1352 2085 1397 ut
2108 1344 2399 1412 cﬂiciatur,
2432 1345 2585 1399 velut
2621 1346 2877 1416 pecunia,
2912 1347 3269 1402 discretionis
3308 1348 3623 1404 rationibus

2024 1445 2362 1506 coemptum.
2407 1421 2711 1491 Sabbatuin
2751 1453 2906 1503 vero,
2954 1441 3288 1509 tranquillus
3313 1449 3399 1494 est
3427 1457 3490 1496 ac
3522 1456 3623 1510 pa-

2026 1539 2185 1585 catus
2216 1530 2387 1584 animi
2423 1533 2784 1602 corporisque
2811 1533 3037 1587 virtutis
3058 1534 3214 1587 cultu
3241 1542 3448 1599 status;
3483 1550 3614 1588 con-

2027 1630 2179 1677 stans
2199 1621 2411 1676 scilicet
2441 1638 2504 1677 ac
2537 1623 2841 1679 immobilis
2873 1623 3117 1678 habitus.

2097 1714 2185 1769 66.
2221 1714 2454 1770 Divinus
2481 1731 2685 1781 sermo,
2714 1716 2914 1786 bisqui
2940 1716 3124 1772 adhuc
3151 1718 3412 1788 majorem
3447 1717 3618 1772 studii

325 1804 543 1876 ματικὰ
572 1804 671 1873 τῆς
699 1803 900 1874 ἀρετῆς
931 1802 1044 1873 εἴδη
1074 1801 1136 1854 τὸ
1166 1801 1329 1854 πλέον
1360 1799 1542 1871 ἔχουσι
1564 1805 1661 1872 τῆς
1703 1800 1924 1871 φροντί-

2036 1816 2242 1878 partem
2293 1815 2460 1878 atque
2511 1824 2741 1879 operam
2799 1809 2949 1864 circa
2989 1809 3264 1864 virtutum
3309 1810 3622 1879 corporalia

321 1900 440 1962 δος,
479 1898 682 1966 ἄχυρον
713 1895 924 1964 γίνεται
957 1895 1054 1948 καὶ
1101 1895 1296 1966 χόρτος
1332 1912 1345 1925 ·
1382 1893 1692 1966 διατρέφων
1742 1893 1923 1946 αὐτῶν

323 1993 393 2044 τὸ
416 1989 716 2060 παθητικὸν
749 1989 850 2058 τῆς
879 1987 1060 2058 ψυχῆς
1100 1988 1287 2059 μέρος,
1322 1987 1458 2058 πρὸς
1498 1989 1599 2058 τὴν
1641 1987 1750 2040 τῶν
1795 1988 1924 2058 ἀρε-

323 2080 442 2134 τῶν
475 2077 780 2150 ὑπηρεσίαν
805 2095 821 2110 ο
853 2080 965 2140 τοῖς
1012 2078 1346 2148 ἀνηγμένοις
1395 2077 1450 2130 δὲ
1485 2081 1550 2147 τῇ
1581 2077 1786 2146 θεωρίᾳ
1825 2076 1924 2146 τῆς

325 2173 571 2244 ἀέηθοὺς
604 2173 711 2226 τῶν
739 2171 901 2225 θείων
941 2175 1347 2242 κατανοήσεως,
1384 2171 1530 2224 ἐστιν
1591 2171 1755 2241 ἄρτος
1810 2168 1926 2222 δια-

323 2267 551 2338 τρέφων
584 2265 766 2318 αὑτῶν
787 2268 885 2334 τῆς
911 2265 1092 2334 ψυχῆς
1125 2265 1183 2317 τὸ
1213 2265 1398 2336 νοερὸν
1424 2265 1558 2333 πρὸς
1589 2262 1799 2330 θεοειδῆ
1837 2277 1926 2312 τε-

325 2359 608 2428 λειότητα.
646 2357 736 2410 Διὸ
762 2357 888 2418 τοὺς
938 2356 1286 2428 πατριάρχας
1328 2355 1656 2424 εὑρίσκομεν
1694 2355 1926 2405 ἐπισιτι-

327 2453 598 2524 ζομένους
628 2454 684 2502 ἐν
713 2453 778 2521 τῇ
808 2449 911 2520 όδῷ
937 2489 952 2514 ,
986 2450 1080 2501 καὶ
1132 2449 1348 2510 ἑαυτοῖς
1395 2448 1596 2518 ἄρτους
1624 2486 1639 2511 ,
1683 2447 1779 2500 καὶ
1812 2449 1924 2510 τοῖς

325 2546 477 2608 ὄνοις
505 2542 682 2596 αὑτῶν
713 2543 1088 2614 χορτάσματα.
1132 2541 1240 2592 Καὶ
1278 2543 1305 2592 ὁ
1339 2543 1394 2593 ἐν
1424 2542 1536 2602 τοῖς
1581 2540 1811 2610 Κριταῖς
1869 2539 1926 2592 δὲ

326 2642 595 2711 Λευῖτης,
632 2637 710 2708 τῷ
747 2641 804 2690 ἐν
852 2635 1042 2705 Γαϐαᾷ
1091 2631 1556 2703 ξεναγήσαντιρι)
1588 2631 1749 2684 αὑτὸν
1797 2650 1927 2704 πρε-

329 2733 512 2806 σϐύτῃ
546 2731 710 2801 φησίν
739 2746 752 2760 ·
788 2727 924 2782 Εἰσὶ
954 2727 1051 2780 καὶ
1078 2723 1222 2794 ἡμῖν
1255 2724 1441 2791 ἄρτοι,
1479 2723 1577 2778 καὶ
1611 2722 1734 2788 τοῖς
1761 2723 1926 2790 ὄνοις

329 2822 506 2893 ἡμῶν
533 2821 726 2890 ἄχυρα
755 2837 765 2849 ⁸
795 2819 889 2873 καὶ
917 2819 1027 2871 οὐκ
1059 2818 1230 2870 ἐστιν
1252 2814 1562 2883 ὑστέρημα
1595 2813 1719 2880 τοῖς
1748 2815 1926 2868 παισί

325 2932 475 2978 σου,
494 2930 606 2966 παιί
619 2913 718 2977 τός
738 2927 921 2975 τινος.

412 3089 508 3156 ξξ.
553 3089 611 3142 '0
647 3089 744 3142 τοὺ
769 3087 904 3142 Θεοὺ
962 3087 1136 3155 Λόγος
1188 3084 1283 3138 καὶ
1335 3083 1528 3156 δρόσος
1549 3082 1773 3152 λέγεται
1829 3080 1929 3134 καὶ

331 3182 490 3236 ἐστιν
516 3198 529 3210 ·
567 3180 662 3233 καὶ
700 3179 844 3250 ὕδωρ
870 3177 963 3231 καὶ
985 3175 1136 3248 πηγὴ
1173 3176 1269 3229 καὶ
1297 3173 1562 3244 ποταμός,
1601 3173 1675 3235 ὡς
1721 3172 1926 3244 γέγρα-

332 3291 471 3326 πται
499 3288 512 3300 '
539 3271 678 3324 κατὰ
711 3269 805 3340 τὴν
833 3267 1202 3336 ὑποκειμένην
1232 3264 1599 3336 δηλονότιτῶν
1620 3262 1925 3332 δεχομένων

332 3363 592 3431 δύναμιν,
624 3359 797 3412 ταῦτα
823 3359 917 3410 καὶ
943 3357 1018 3408 ὢν
1053 3356 1146 3408 καὶ
1179 3355 1483 3424 γινόμενος.
1521 3354 1647 3414 Τοῖς
1690 3352 1788 3420 μὲν
1815 3351 1925 3418 γάρ

332 3457 453 3508 ἐστι
480 3453 690 3525 δρόσος,
719 3453 794 3515 ὡς
828 3451 928 3520 τῆς
958 3448 1157 3516 ἔξωθεν
1194 3446 1554 3518 ἐπικειμένης
1575 3446 1762 3508 αὑτοῖς
1792 3441 1924 3513 περὶ

330 3551 396 3604 τὸ
431 3548 590 3620 σῶμα
619 3547 726 3600 τῶν
773 3545 960 3598 παθῶν
1018 3541 1318 3615 πυρώσεως
1359 3559 1419 3594 τε
1471 3541 1567 3594 καὶ
1621 3540 1921 3610 ἐνεργείας,

336 3642 646 3704 σϐεστικός.
679 3642 804 3703 Τοῖς
835 3639 890 3692 δέ
909 3639 970 3692 τὸ
1003 3637 1166 3707 βάθος
1197 3635 1274 3706 τῷ
1302 3634 1364 3706 ἰῷ
1396 3635 1495 3705 τῆς
1517 3634 1718 3696 κακίας
1753 3650 1927 3703 φρυσ-

337 3737 593 3808 σομένοις
633 3734 746 3807 [Fr.
798 3742 846 3786 et
871 3732 1086 3803 quidam
1129 3730 1278 3800 Regii
1315 3725 1742 3798 φυσσωμένοις],
1779 3727 1927 3780 ἐστὶν

333 3830 515 3900 ὕδωρο
568 3829 628 3881 οὑ
683 3827 842 3898 μόνον
879 3826 954 3889 ὡς
1003 3824 1070 3877 δι’
1121 3819 1478 3884 ἀντιπαθείας
1527 3818 1622 3872 τοὺ
1694 3822 1931 3874 ἀντικει-

339 3921 508 3993 μένον
551 3917 881 3989 φθαρτικὺς,
933 3914 1068 3968 ἀλλὰ
1100 3913 1194 3966 καὶ
1238 3911 1314 3976 ὡς
1369 3911 1720 3982 μεταδοτικὸς
1761 3911 1926 3974 ζωτι-

340 4015 446 4082 κῆς
479 4011 614 4084 πρὸς
651 4010 712 4063 τὸ
741 4004 800 4062 εὑ
855 4004 994 4062 εἶναι
1041 4005 1345 4075 δυνάμεως.
1371 4003 1528 4075 Πηγὴ
1562 4003 1638 4068 δὲ.
1686 4001 1930 4066 ἀεννάως

339 4104 560 4175 ἔχουσιν
582 4099 994 4163 ἁναϐλὺζουσαν
1025 4096 1254 4169 τὴνὲξιν
1291 4096 1389 4166 τῆς
1439 4095 1693 4165 θεωρίας,
1726 4093 1802 4157 ὡς
1837 4111 1928 4146 σο-

339 4195 472 4264 φίας
498 4191 752 4263 χορηγός.
790 4187 1038 4260 Ποταμὸς
1061 4186 1139 4252 δὲ,
1174 4187 1286 4250 τοῖς
1317 4185 1415 4257 τὴν
1471 4185 1671 4256 εὐσεϐῆ
1703 4185 1799 4238 καὶ
1831 4187 1928 4255 ὁρ-

411 4338 458 4368 “
483 4336 620 4392 Gen.
646 4349 793 4399 xxrv,
821 4331 913 4387 52.

2025 1915 2231 1971 genera
2274 1899 2569 1966 collocant,
2609 1902 2765 1970 palea
2809 1900 3031 1955 videtur
3061 1915 3125 1954 ac
3162 1900 3374 1964 fenum,
3424 1915 3622 1954 eorum

2025 1989 2196 2045 animi
2250 2001 2466 2060 partem
2535 1991 2827 2047 affectibus
2873 1992 3170 2046 obnoxiam
3227 2003 3283 2046 et
3333 1991 3623 2062 patibilem

2029 2081 2386 2152 (sentientem
2417 2083 2630 2138 scilicet
2668 2083 2950 2154 affectum)
2979 2071 3260 2137 virtutum
3311 2082 3625 2136 ministerio

2025 2172 2396 2237 laborantem,
2457 2173 2642 2239 alens;
2691 2173 2760 2227 iis
2791 2182 2976 2227 autem
3014 2172 3106 2242 qui
3141 2188 3269 2226 vera
3298 2171 3619 2226 divinarum

2026 2280 2213 2319 rerum
2269 2265 2572 2335 solertique
2634 2265 3106 2334 contemplatione
3154 2264 3400 2333 provecti
3444 2271 3621 2327 sunt,

2027 2358 2190 2427 panis
2225 2364 2311 2412 est
2338 2398 2352 2422 ,
2411 2357 2634 2412 illorum
2665 2367 2906 2413 mentem
2958 2357 3026 2411 ad
3058 2357 3385 2411 deiformcm
3441 2356 3625 2426 perfe-

2029 2452 2268 2507 ctionem
2317 2454 2597 2506 nutriens.
2648 2449 3018 2517 Quamobrem
3068 2450 3235 2503 etiam
3282 2447 3626 2518 patriarchas

2029 2544 2136 2600 iter
2159 2553 2385 2614 agentes
2419 2543 2755 2607 invenimus,
2800 2542 2906 2597 sibi
2943 2541 3154 2611 pariter
3187 2555 3375 2611 panes,
3402 2539 3628 2609 jumen-

2019 2637 2211 2707 ‘tisque
2233 2637 2482 2708 gramina
2526 2645 2693 2706 atque
2723 2635 2926 2706 pabula
2964 2643 3330 2704 congerentes
3359 2633 3424 2685 ".
3468 2631 3527 2684 In
3557 2630 3626 2684 li-

2027 2730 2129 2784 bro
2161 2745 2383 2800 quoque
2408 2728 2686 2792 Judicum,
2722 2728 2801 2782 ait
2847 2726 3068 2780 Levites
3099 2724 3240 2790 seni,
3273 2722 3418 2794 apud
3457 2737 3616 2792 quem

2029 2821 2087 2875 in
2109 2820 2293 2876 Gabaa
2323 2829 2588 2890 acceptus
2617 2818 2860 2889 hOSpitio
2883 2825 2968 2873 est
2993 2835 3006 2871 :
3033 2815 3168 2872 Sunt
3200 2825 3245 2869 et
3267 2815 3412 2868 nobis
3437 2829 3622 2884 partes,

2029 2923 2079 2968 et
2123 2917 2382 2987 jumentis
2432 2917 2626 2969 nostris
2662 2915 2872 2986 palew;
2924 2913 3180 2986 nullaque
3216 2931 3274 2967 re
3301 2913 3622 2982 indigemus,

2027 3007 2165 3060 servi
2199 3007 2279 3058 tui
2301 3007 2371 3059 ³³.

1952 3121 1994 3178 C
2098 3093 2186 3148 67.
2219 3093 2450 3149 Divinus
2477 3093 2674 3149 Sermo
2702 3109 2792 3149 ros
2818 3101 2933 3147 tum
2957 3092 3287 3164 appellatur,
3315 3100 3427 3146 tum
3457 3089 3626 3145 etiam

2027 3190 2135 3245 est,
2188 3189 2244 3236 et
2275 3197 2419 3252 aqua
2472 3190 2529 3235 et
2580 3179 2704 3236 fons
2755 3179 3092 3251 ﬂuviusque,
3151 3180 3299 3236 sicut
3349 3180 3625 3248 scriptum

2027 3274 2207 3340 est“;
2261 3273 2356 3343 qui
2413 3289 2611 3343 nempe
2645 3275 2800 3344 juxta
2853 3273 3161 3344 subjectam
3199 3270 3628 3341 suscipientium

2028 3367 2140 3420 vim
2172 3382 2234 3420 ac
2256 3365 2596 3430 facultatem,
2625 3365 2744 3420 haec
2773 3374 2828 3419 et
2847 3365 3148 3420 exsistatet
3167 3363 3458 3419 efﬁciatur.
3487 3362 3627 3416 Nam

2028 3458 2156 3515 aliis
2183 3455 2408 3525 quidem
2451 3472 2542 3511 ros
2585 3463 2691 3521 est,
2731 3465 2794 3510 ut
2820 3456 2916 3524 qui
2945 3455 3158 3509 scilicet
3197 3451 3628 3522 exstinguenda,

2031 3547 2181 3620 quod
2227 3547 2335 3600 illis
2361 3545 2609 3600 exterius
2640 3547 2785 3601 circa
2824 3560 3027 3615 corpus
3072 3544 3394 3608 inardescit,
3439 3543 3630 3597 libidi-

2032 3656 2167 3696 num
2198 3639 2456 3694 incendio
2496 3648 2660 3708 atque
2698 3638 2874 3693 fomiti
2906 3654 3000 3693 seu
3033 3636 3341 3707 operationi
3373 3635 3624 3690 exsistat.

2033 3733 2108 3788 Iis
2127 3745 2260 3785 vero
2293 3730 2388 3800 qui
2415 3731 2640 3785 malitia:
2673 3745 2890 3785 veneno
2917 3729 3068 3783 intus
3103 3728 3289 3781 animo
3318 3733 3629 3780 cxmstuant

2032 3840 2100 3880 ac
2125 3824 2278 3879 velut
2312 3830 2617 3887 torrentur,
2647 3838 2792 3892 aqua
2830 3831 2936 3885 est,
2965 3836 3076 3875 non
3099 3835 3163 3874 ea
3193 3819 3370 3874 solum
3389 3817 3626 3883 ratione,

2032 3915 2180 3986 quod
2206 3931 2305 3985 per
2336 3915 2673 3969 contrariam
2706 3913 3081 3976 affectionem,
3110 3912 3230 3982 ejus
3261 3909 3409 3980 quod
3435 3909 3630 3964 adver-

2032 4015 2188 4062 satur
2221 4005 2531 4076 perimendi
2557 4005 2668 4059 vim
2692 4005 2883 4069 habet,
2903 4004 3001 4060 sed
3031 4003 3177 4073 quod
3212 4003 3379 4057 etiam
3407 4001 3628 4055 vitalem

2032 4099 2351 4155 facultatem
2405 4098 2473 4153 ad
2503 4098 2644 4154 bene
2669 4099 2940 4168 beateque
2979 4095 3280 4151 vivendum
3325 4110 3393 4151 ex
3425 4110 3483 4149 sc
3511 4110 3613 4163 pro

2031 4192 2174 4247 clive
2214 4191 2442 4262 praebet.
2464 4191 2609 4246 Fons
2643 4199 2829 4246 autem
2852 4231 2866 4257 ,
2903 4189 3107 4260 quibus
3127 4187 3243 4258 jugi
3295 4187 3633 4258 scaturigine

989 4330 1036 4362 ”
1069 4328 1250 4386 Judic.
1284 4343 1396 4391 xIx,
1430 4325 1518 4380 l9.
1593 4324 1640 4357 ”
1680 4324 1840 4379 Deut.
1883 4342 2050 4395 xxxn,
2091 4328 2155 4396 2;
2195 4329 2368 4384 Eecli.
2410 4345 2447 4394 ι,
2491 4328 2559 4395 5;
2597 4344 2688 4395 xv,
2728 4328 2796 4394 5;
2836 4343 2984 4392 xxiv,
3024 4327 3114 4393 41,
3155 4325 3245 4380 45.

416 4449 494 4520 (g)
548 4446 631 4520 Τῷ
679 4447 749 4501 ἐν
797 4442 1004 4520 Γρϐαᾷ
1038 4440 1388 4520 ξειςήσιιγτιί
1419 4439 1551 4520 Erat
1604 4439 1661 4490 ἐν
1695 4436 1892 4520 Γαϐαὼ
1917 4453 1931 4468 ·

2038 4441 2140 4520 νήν
2165 4459 2282 4506 σου,
2323 4440 2472 4520 quod
2508 4439 2615 4520 ἀπὸ
2649 4439 2834 4520 κοινῆς
2873 4439 2927 4520 in
2958 4454 3021 4493 ea
3052 4437 3505 4520 suppletum'es‘t,
3540 4436 3636 4491 ha-

342 4507 490 4593 (ιιιῖ
523 4507 896 4593 etiam_r_nodo
955 4507 1623 4593 superiusuquibusndarn‘
1661 4507 1934 4593 scripturn

341 4578 452 4656 est,
505 4605 626 4659 cap.
699 4587 770 4641 55
805 4578 1387 4659 ,_quod‘_est__Mare.
1425 4580 1508 4659 lii,
1586 4578 1801 4659 Στῖγναε
1843 4580 1936 4659 ’Ξὺν

341 4615 452 4656 εει,
505 4615 626 4659 cup.
699 4615 770 4641 ad
805 4627 820 4650 ,
876 4615 1025 4655 quuu
1072 4615 1157 4638 cat.
1219 4615 1387 4636 manu.
1428 4615 1508 4642 ιυ,
1586 4615 1788 4632 μην...
1854 4615 1932 4632 un

341 4659 695 4735 ἥλιον-κατα
747 4655 1112 4735 Γαὸεαώκλίιι
1169 4653 1353 4706 Marco
1406 4651 1616 4735 editum
1684 4615 1886 4702 Ϋαϐαῶ
1919 4665 1932 4679 ·

345 4721 448 4789 sed
479 4727 892 4802 planeplegendi
921 4723 1156 4802 Γαϐαών
1195 4740 1209 4754 ο
1260 4737 1364 4777 nec
1400 4721 1563 4802 aliter
1588 4736 1710 4774 eam
1736 4735 1936 4802 vocem

342 4805 396 4858 ot
427 4789 567 4856 LXX
595 4789 800 4868 aliique
829 4797 1112 4860 scribunt;
1139 4802 1336 4863 estque
1368 4792 1503 4846 urbs
1533 4791 1692 4861 longe
1719 4789 1936 4868 diversa

345 4891 380 4930 a
409 4874 617 4932 Gabaa.
653 4860 728 4925 de
754 4884 860 4938 qua
885 4869 1192 4938 hicsermo
1227 4860 1339 4928 est;
1375 4860 1701 4938 necuputem
1764 4860 1938 4913 Maxi-

347 4929 501 5000 mum
531 4929 862 4998 Ga'baon'et
913 4937 1096 4994 Gabaa
1149 4935 1231 4989 sic
1270 4929 1610 4992 contudisse,
1662 4939 1724 4985 ut
1769 4945 1937 4984 unam

347 5032 414 5070 ac
444 5012 695 5069 eamdem
727 5007 917 5063 urbem
940 5005 1516 5078 putaverit.i_Utraque
1542 5003 1596 5055 in
1624 5000 1941 5078 trib_n_Ben-

344 5085 525 5157 jamin
553 5084 689 5157 sita;
718 5071 957 5157 Gabaon'
987 5075 1319 5157 metropolis
1350 5071 1696 5157 Heraeorum,
1717 5071 1800 5157 Δ50
1825 5080 1939 5157 sta:-

349 5141 458 5210 diis
479 5155 548 5209 ab
576 5141 904 5212 Jerusalem,
942 5163 1066 5218 quae
1098 5141 1186 5201 in'
1208 5162 1272 5201 ea
1306 5143 1467 5218 tribu
1492 5143 1768 5218 assignata
1825 5141 1935 5194 fuit

351 5225 559 5280 Levitis
590 5231 647 5278 et
673 5213 1097 5277 sacerdotibus:
1130 5233 1195 5272 ac
1234 5223 1371 5271 teste
1406 5213 1580 5273 Hicr.,
1619 5215 1720 5267 Isa.
1751 5225 1937 5277 xxvm,

349 5297 443 5357 2|,
467 5297 866 5364 interpretatur
894 5287 1268 5364 coliis._G:tbaa
1295 5302 1430 5364 vero
1453 5284 1635 5364 Saulis
1659 5283 1797 5364 urbs
1814 5282 1937 5364 fuit.

353 5352 461 5422 lsa.
516 5383 571 5426 ιι,
617 5352 709 5418 Ξθ.
745 5362 1020 5430 Obstupuit
1054 5358 1265 5412 Rama:
1320 5356 1504 5412 Gabaa
1535 5352 1732 5409 Saulus
1753 5353 1940 5477 Iug“;

356 5439 457 5477 llhi
511 5436 602 5477 Jm-
675 5434 755 5477 sin
807 5432 977 5477 rnferr.
1014 5447 1078 5477 ex
1121 5427 1301 5477 LXX:
1345 5427 1523 5477 Timor
1586 5440 1750 5477 auore
1788 5423 1940 5476 endet

356 5439 460 5493 Ubi
510 5423 620 5491 Jer.
675 5434 755 5488 sic
807 5423 977 5486 refert
1014 5447 1082 5486 ex
1119 5427 1301 5482 LXX:
1345 5427 1523 5480 Timor
1586 5423 1943 5495 apprehendet

360 5507 528 5561 (fama
559 5506 822 5559 civitatem
848 5500 982 5556 Saul
1000 5517 1018 5554 :
1045 5500 1191 5570 quod
1215 5509 1273 5554 et
1307 5497 1600 5570 perspicue
1633 5495 1829 5570 falsum
1857 5508 1945 5548 as-

355 5579 522 5640 serit;
545 5575 691 5646 quod
728 5575 784 5628 in
808 5565 1099 5646 llebraic6_
1115 5565 1545 5646 civitas—“Saulis
1578 5582 1712 5646 non.
1747 5565 1939 5646 Rama,

356 5647 455 5702 sed
490 5635 673 5702 Gabaa
701 5643 1030 5713 appelletur.
1068 5641 1258 5713 Potuit
1291 5635 1828 5713 Hieron:_mer_i_tloso_
1865 5636 1946 5713 uti

355 5717 494 5774 Cod.
523 5717 608 5770 vel
640 5705 751 5786 jam
775 5705 888 5786 tum
909 5712 1194 5786 laborabat
1227 5711 1260 5778 ἡ
1289 5708 1397 5786 τῷν
1427 5706 1575 5761 LXX
1598 5707 1790 5786 editio,
1816 5705 1946 5760 inde

359 5777 814 5852 nimirutn'quod
843 5784 1111 5839 omissum
1147 5783 1204 5835 in
1230 5777 1295 5835 ea
1323 5779 1400 5847 τὸ,
1458 5777 1797 5846 χρημάτισον
1831 5793 1946 5844 φω-

2040 4507 2245 4582 bétque
2264 4507 2369 4566 sub
2391 4511 2658 4582 asterisco
2696 4507 3036 4582 Procopius;
3067 4507 3345 4582 estquejn
3381 4507 3634 4582 liehraao.

2040 4577 2182 4637 Hinc
2218 4583 2368 4637 enim
2401 4581 2630 4636 confusa
2656 4596 2780 4635 cum
2837 4577 3007 4634 Rama
3040 4578 3238 4633 civitas
3268 4577 3420 4638 Saul,
3460 4586 3517 4629 et
3547 4579 3632 4638 -.->.-,

2040 4652 2298 4721 φεύξεται
2327 4654 2394 4708 ad
2433 4652 2724 4720 sequentia
2756 4651 3013 4721 relatum,
3069 4664 3139 4702 ne
3172 4649 3289 4721 sine
3324 4647 3496 4721 verbo
3537 4662 3636 4714 po-

2041 4714 2210 4777 situm
2241 4739 2444 4778 nomen
2492 4714 2800 4782 videretur,
2853 4719 3000 4786 quod
3058 4717 3355 4786 sequitur,
3393 4714 3636 4786 θὺγατερ

2040 4793 2305 4863 Γαλλείμ.
2337 4793 2596 4848 Proxime
2622 4793 2806 4863 itaque
2837 4784 3514 4863 Hebraicis—reddiderint
3553 4800 3636 4863 sa:

2041 4854 2374 4933 pielttissinli
2424 4863 2561 4933 Viri,
2590 4854 2756 4923 Φόϐος
2789 4859 3018 4933 λήψεται
3043 4858 3235 4933 -Ῥαμᾶ
3260 4855 3432 4933 πόλινς
3460 4854 3636 4906 Σαοὺλ

2043 4924 2326 5002 ξρεύξεται,
2391 4934 2473 4988 uti
2527 4932 2748 5001 Argent.
2781 4924 2997 5002 aliique
3043 4924 3429 5002 h_abent;_vel
3484 4933 3635 5002 certe

2041 4993 2210 5069 Φόϐος
2247 4993 2482 5073 λήψεται
2531 4993 2715 5073 Ῥἇμᾶ
2751 4993 2924 5073 πόλιᾲ
2957 4998 3136 5073 Σαοὺλ
3194 4994 3470 5073 φεύξεται.
3527 4993 3636 5073 Ma-

2082 5064 2238 5145 isqde
2269 5064 2502 5136 arridet,
2531 5081 2591 5126 ut
2616 5064 2738 5127 loco
2762 5069 3002 5145 nominis
3034 5064 3265 5138 proprii,
3297 5064 3556 5145 quodest
3582 5065 3635 5145 in

2065 5134 2605 5208 iebraeo,malnerint
2625 5141 3015 5213 appellativum
3034 5134 3239 5213 ponere
3261 5155 3274 5190 :
3304 5134 3406 5206 pro
3424 5134 3636 5213 _l_‘a6a&,

2045 5217 2201 5280 πόλις
2238 5235 2252 5248 ο
2289 5207 2445 5286 quod
2483 5207 2730 5286 proclivi
2752 5226 2944 5267 errore
2971 5207 3298 5286 nimperitus
3328 5207 3638 5286 scribaru-

2045 5277 2244 5357 disque
2305 5277 2498 5357 rerum
2536 5283 2927 5357 Hebraicarum
2964 5280 2982 5351 (
3015 5277 3339 5357 nt’fuerunt
3389 5277 3639 5357 plerique

2046 5347 2246 5428 GraSci)
2269 5355 2754 5428 n6).w_fcccrit,_et
2781 5353 2846 5406 ad
2865 5347 3046 5428 Ῥαμᾶ
3075 5350 3351 5428 retulerit,
3374 5364 3498 5428 qua;
3524 5347 3638 5414 ipsa

2048 5417 2282 5492 civitas;
2313 5442 2376 5480 ac
2402 5426 2446 5480 si
2474 5425 2696 5479 nonnisi
2753 5417 2980 5497 proprio
3011 5421 3187 5485 urbis,
3242 5417 3638 5497 appellativum

2048 5507 2174 5568 apte
2229 5497 2387 5568 jungi
2447 5505 2662 5566 posset,
2719 5509 2829 5568 non
2871 5496 3204 5568 ipsum_per
3254 5506 3313 5545 se
3368 5496 3524 5557 pom,
3576 5499 3640 5538 ac

2049 5563 2262 5638 proprii
2321 5563 2464 5621 loeo'
2499 5566 2783 5638 supponi:
2836 5563 2984 5634 quod
3045 5563 3116 5638 sit
3168 5571 3350 5638 tamen
3413 5572 3482 5610 ex
3536 5569 3639 5608 usu

2050 5629 2472 5708 interpretantis
2493 5629 2868 5693 non-verbum
2891 5650 2958 5690 ex
2983 5633 3176 5707 verbo,
3203 5629 3297 5686 sed
3317 5640 3542 5682 sensum
3575 5639 3646 5679 ex

2049 5724 2236 5767 sensu.
