4020 6412
503 286 642 351 1155

1686 283 1746 343 S.
1790 281 2075 343 MAXIMI
2113 280 2623 351 CONFESSORIS

3590 288 3705 356 1156

499 411 728 453 manans
751 394 1236 467 contemplationis
1278 395 1501 453 habitus
1527 405 1731 467 praesto
1758 404 1864 462 est,
1890 405 1952 450 ut
1980 395 2077 465 qui

2182 394 2280 465 θὴν
2297 395 2390 449 καὶ
2423 396 2690 465 σωτήρων
2723 392 3035 467 ποταμηδδν
3083 394 3371 467 προχέουσι
3402 397 3709 460 διδασκαλίαν

498 488 782 557 sapientia:
807 487 1073 558 praebitor
1094 488 1185 542 sit.
1217 488 1334 543 Illis
1356 487 1597 558 denique
1624 484 1829 541 ﬂuvius
1851 492 1956 550 est,
1980 484 2079 554 qui

498 578 645 649 piam
671 587 727 633 et
760 585 966 632 rectam
1020 594 1084 633 ac
1130 580 1430 634 salutarem
1472 562 1785 633 doctrinam
1833 575 2080 631 ﬂuminis

498 669 671 725 instar
691 670 917 724 uberem
939 668 1305 739 profundunt,
1328 670 1480 726 velut
1506 670 1601 739 qui
1631 668 1886 724 homines
1910 676 2079 739 atque

494 761 743 832 iumenta
775 761 1090 830 bestiasque
1113 769 1170 816 et
1215 762 1444 817 arbores
1482 762 1800 831 stirpesque
1834 759 2075 815 ubertim

499 851 772 918 inebriet;
802 867 913 921 quo
944 852 1157 907 scilicet
1177 860 1290 906 tum
1320 851 1572 906 homines
1592 850 1796 905 deitate
1820 847 2079 904 imbuan-

501 952 612 1006 tur,
644 958 838 997 eorum
865 958 986 1011 qua:
1011 942 1272 996 dicuntur
1301 941 1633 996 sublimibus
1661 939 1841 994 sensis
1864 937 2076 1003 evecti,

504 1043 619 1087 tum
649 1032 743 1102 qui
767 1033 1025 1086 vitiorum
1056 1033 1178 1088 labe
1196 1032 1593 1096 aclibidinum,
1618 1031 1673 1085 in
1701 1030 2080 1101 jumentorum

500 1132 705 1178 sortem
734 1124 1117 1190 desciverunt,
1173 1124 1393 1178 virtutis
1428 1123 1619 1177 modos
1671 1122 1922 1176 saniores
1951 1119 2087 1175 dili-

499 1224 691 1285 genter
718 1217 1027 1286 przrstando
1048 1216 1302 1271 homines
1333 1215 1537 1278 eﬂ‘ecti,
1563 1214 1830 1268 naturalis
1855 1212 1966 1267 vim
1986 1227 2076 1266 ra-

502 1305 669 1359 tionis
710 1307 980 1376 recipiant
1010 1324 1023 1360 :
1060 1307 1207 1377 iique
1242 1307 1335 1377 qui
1386 1306 1569 1376 pravis
1602 1304 1888 1359 habilibus
1916 1302 2072 1374 501

2183 485 2259 550 ὡς
2284 485 2627 557 ἀνθρώπους,
2654 487 2751 541 καὶ
2768 490 2940 559 κτήνη
2974 489 3067 542 καὶ
3097 487 3267 559 θηρία
3294 490 3385 542 καὶ
3416 492 3548 560 φυτὰ
3579 494 3712 565 δαψι.

2186 576 2295 640 λῶς
2316 577 2553 643 ποτίζων
2585 594 2600 609 °
2637 578 2725 633 ἵνα
2757 578 2852 632 καὶ
2894 579 3174 650 ἄνθρωποι
3213 579 3466 646 θεωθῶσι,
3492 586 3590 648 τοῖς
3621 588 3713 643 τῶν

2184 667 2493 739 λεγομένων
2518 669 2826 739 ὑψωθέντες
2854 670 3092 741 νοήμασι
3118 687 3132 701 ’
3169 673 3264 726 καὶ
3305 673 3353 726 et
3387 674 3713 745 κτηνωθέντες

2182 763 2294 824 τοῖς
2313 761 2535 825 πάθεσι,
2551 762 2639 815 διὰ
2654 763 2753 833 τῆς
2774 763 3037 834 ἀκριϐοῦς
3054 763 3163 818 τῶν
3181 764 3299 818 κατ’
3323 766 3512 837 ἀρετὴν
3526 769 3717 838 τρόπων

2183 850 2512 916 ἀποδείξεως
2541 851 3030 923 ἁνθρωπισθέντες,
3062 854 3164 925 τὴν
3210 854 3440 927 φυσικὴν
3481 857 3719 911 ἐπαναλᾶο

2185 939 2323 994 σωσι
2350 940 2636 1012 λογιότητα
2662 959 2676 974 ο
2719 944 2816 997 καὶ
2842 944 2891 997 οἱ
2930 944 3296 1016 θηριωθέντες
3323 949 3440 1010 ταῖς
3486 952 3719 1017 πονηραῖς

2182 1030 2329 1096 ἕξεσι
2358 1033 2454 1086 καὶ
2496 1034 2920 1102 κακοπραγίαις,
2948 1036 3037 1090 διὰ
3083 1037 3181 1105 τῆς
3223 1037 3516 1109 προσηνοῦς
3548 1056 3602 1091 τε
3639 1041 3721 1093 καὶ

2184 1121 2423 1193 εὐαφοῦς
2456 1126 2833 1196 παραινέσεως
2861 1126 3330 1192 τιθασσευθέντες,
3362 1129 3493 1199 πρὸς
3522 1128 3613 1200 τὴν
3636 1130 3721 1199 τῆς

2184 1215 2400 1285 φύσεως
2425 1216 2791 1271 ἐπανέλθωσιν
2825 1219 3137 1290 ἡμερότητα
3172 1236 3187 1250 ’
3222 1221 3314 1273 καὶ⁴
3359 1220 3409 1279 οἱ
3459 1219 3628 1289 φυτῶν
3654 1221 3721 1274 δί-

2181 1324 2287 1377 κην
2314 1307 2767 1379 ἀναισθητοῦντες
2793 1310 2904 1363 τῶν
2931 1311 3173 1380 ἀγαθῶν,
3210 1312 3298 1367 διὰ
3328 1312 3423 1382 τῆς
3464 1313 3542 1376 είς
3582 1312 3722 1382 βάθος

501 1400 770 1469 malisque
803 1401 1068 1470 operibus
1118 1397 1689 1455 bestiarum-indolem
1739 1395 2074 1460 hauserunt,

2180 1399 2275 1454 τοῦ
2290 1399 2452 1469 λόγου
2467 1401 2769 1466 διαϐάσεως
2792 1403 3213 1470 ἁπαλυνθέντες,
3241 1405 3472 1460 λάϐωσιν
3499 1406 3722 1477 αἴσθησιν

500 1490 614 1544 leni
648 1491 908 1561 mollique
947 1491 1322 1545 admonitione
1349 1488 1562 1543 deliniti
1606 1502 1671 1541 ac
1695 1485 1958 1550 cicurati,
2011 1483 2078 1539 ad

2182 1491 2319 1562 πρὸς
2350 1492 2742 1564 καρπογονίαν,
2789 1496 2880 1549 καὶ
2901 1495 3132 1567 δύναμιν
3191 1496 3293 1568 τὴν
3323 1497 3514 1561 αὐτοὺς
3536 1498 3723 1568 διατρέ-

500 1581 742 1635 nativam
781 1582 1261 1637 mansuetudinem
1291 1579 1522 1634 redeant
1553 1593 1657 1633 :ac
1690 1576 1952 1646 denique,
1984 1576 2078 1645 qui

2186 1584 2413 1648 φουσαν,
2440 1580 2535 1634 τοῦ
2576 1581 2734 1651 λόγου
2765 1582 3048 1655 ποιότητα.

499 1670 937 1749 velut.stirpes,
986 1669 1258 1724 bonorqu
1322 1682 1547 1722 sensum
1609 1665 1933 1729 amiserunt,
1992 1663 2275 1724 Sermonis
2321 1669 2381 1725 in
2438 1671 2778 1742 profundum
2833 1673 3034 1744 illapsu
3099 1674 3353 1740 emolliti,
3407 1690 3617 1731 sensum
3664 1676 3725 1731 ad

498 1758 781 1814 fructuum
836 1760 1165 1831 frugumque
1225 1756 1627 1828 parturigines,
1683 1757 1905 1825 vimque
1957 1757 2299 1826 enutriendi,
2356 1760 2753 1833 pinguedinem
2806 1765 3082 1821 sermonis
3123 1765 3244 1837 (seu
3288 1764 3566 1838 doctrinm)
3603 1768 3727 1823 acci-

499 1865 679 1925 piant.

569 1949 657 2004 £8.
694 1948 922 2003 Divinus
950 1946 1143 2002 Sermo
1173 1946 1262 2001 via
1292 1954 1379 2001 est
1422 1940 1468 1973 "
1495 1944 1603 2010 his,
1643 1944 1741 2014 qui
1774 1952 1877 1999 rite
1907 1943 2078 1999 actio-

2254 1943 2354 2015 ξη⁹ο
2397 1948 2547 2014 Ὀδός
2569 1952 2716 2005 ἐστιν
2737 1950 2765 2004 ὁ
2796 1950 2889 2005 τοῦ
2914 1951 3047 2006 Θεοῦ
3068 1951 3261 2022 Λόγος,
3283 1910 3395 2017 τοῖς
3415 1952 3586 2017 καλῶς
3607 1956 3731 2009 auri

501 2044 589 2097 iis
617 2042 771 2096 cultu
818 2050 1157 2109 strenueque
1190 2037 1417 2094 virtutis
1458 2036 1700 2093 stadium
1735 2036 2077 2103 decurrunt;

496 2148 564 2188 ac
613 2131 708 2202 qui
748 2147 928 2200 neque
978 2129 1047 2184 ad
1087 2129 1392 2194 dexteram,
1431 2127 1612 2182 inanis
1646 2128 1836 2198 gloriae
1868 2126 2078 2193 studio,

496 2238 676 2292 neque
706 2222 773 2276 ad
819 2222 1122 2284 sinistram,
1156 2219 1587 2290 proclivioribus
1621 2218 1677 2272 in
1702 2219 1838 2274 vitia
1863 2234 1926 2274 ac
1952 2218 2082 2273 libi-

497 2312 657 2367 dines
682 2313 884 2367 animis
909 2352 923 2376 ,
970 2311 1287 2374 declinant;
1322 2319 1505 2364 rectos
1532 2309 1641 2363 illis
1669 2309 1924 2380 religiosa
1958 2308 2080 2380 pie-

499 2410 611 2457 tate
649 2418 870 2474 gressus
910 2411 1180 2473 prmstans
1208 2416 1348 2471 quos
1392 2416 1516 2455 cum
1574 2401 1683 2455 Asa
1713 2415 1808 2455 rex
1841 2399 1983 2455 Juda
2006 2399 2078 2465 ",

497 2494 646 2549 haud
688 2495 934 2565 legitime
972 2493 1027 2547 in
1061 2492 1224 2546 ﬁnem
1276 2505 1452 2560 usque
1493 2498 1796 2556 servasset,
1821 2498 2082 2561 vergente

498 2588 606 2658 iam
638 2592 798 2640 rotate
817 2583 1023 2638 dicitur
1045 2582 1288 2636 doluisse
1307 2580 1512 2651 pedes;
1545 2580 1700 2635 velut
1744 2579 1957 2634 scilicet
1984 2578 2083 2635 de-

497 2676 665 2730 bilior
697 2674 893 2740 factus,
922 2690 1086 2744 quam
1122 2689 1223 2744 pro
1245 2672 1502 2727 instituto
1530 2687 1600 2726 ex
1628 2672 1833 2727 divinis
1853 2671 2082 2727 rationi-

496 2765 603 2819 bus
633 2763 911 2837 (religiosa
943 2764 1155 2817 scilicet
1182 2759 1411 2831 pietate)
1437 2775 1626 2814 cursu.

566 2856 654 2911 69.
708 2856 802 2910 Dei
859 2854 1054 2909 Sermo
1107 2861 1312 2908 ostium
1357 2851 1671 2921 appellatur
1700 2852 1767 2918 ",
1805 2852 1959 2907 velut
1988 2851 2078 2919 iis,

496 2946 593 3016 qui
622 2960 844 3000 omnem
896 2943 1158 3015 praeclare
1203 2943 1472 2997 virtutum
1510 2942 1655 2996 viam
1686 2942 2080 3012 irreprehenso

2180 2033 2278 2105 τὴν
2307 2040 2640 2110 πρακτικὴν,
2667 2041 2758 2095 καί
2790 2041 3024 2105 εὐτόνως
3059 2042 3119 2095 τὸ
3142 2042 3240 2113 τῆς
3268 2044 3472 2115 ἀρετῆς
3499 2046 3728 2116 τρέχουσι

2184 2127 2394 2181 στάδιον
2426 2145 2439 2159 ⁸
2472 2132 2567 2184 καὶ
2609 2134 2746 2204 μήτε
2776 2133 2925 2197 δεξιὰ
2963 2132 3051 2188 διὰ
3100 2134 3432 2200 κενοδοξίας,
3465 2135 3593 2206 μήτε
3626 2137 3730 2208 ἀρι-

2182 2218 2352 2287 στερὰ
2379 2216 2469 2273 διὰ
2500 2221 2601 2291 τῆς
2636 2222 2772 2293 πρὸς
2794 2221 2863 2277 τὰ
2891 2222 3039 2296 πάθη
3069 2225 3242 2296 ῥοπῆς
3272 2224 3625 2295 ἐκκλίνουσιν,
3647 2227 3728 2282 εὖ·

2184 2306 2356 2363 θύνων
2387 2312 2530 2365 κατὰ
2550 2313 2682 2368 Θεὸν
2711 2314 2781 2369 τὰ
2810 2315 3122 2388 διαδήματα
3145 2334 3158 2349 ο
3189 2318 3330 2390 ὅπερ
3367 2319 3448 2383 είς
3491 2320 3635 2384 τέλος
3663 2317 3731 2392 μὴ

2181 2401 2427 2471 φυλάξας
2460 2406 2595 2461 Ἀσὰ
2638 2407 2666 2458 ό
2729 2407 2982 2477 βασιλεὺς
3043 2409 3234 2476 Ἰούδα,
3276 2410 3493 2481 λέγεται
3534 2412 3655 2484 περὶ
3679 2412 3733 2466 τὸ

2180 2492 2360 2565 γῆρας
2387 2494 2553 2549 αὑτοῦ
2582 2497 2958 2568 πεπονηκέναι
2989 2500 3114 2563 τοὺς
3150 2499 3321 2564 πόδας
3347 2516 3362 2531 ο
3392 2500 3469 2565 ὡς
3501 2503 3620 2573 περὶ
3655 2502 3733 2556 τὸν

2180 2582 2379 2656 δρόμον
2407 2581 2502 2639 τοῦ
2534 2586 2676 2641 κατὰ
2704 2588 2837 2641 Θεὸν
2869 2588 2986 2658 βίου
3016 2590 3346 2663 ἀσθενήσας.

2252 2845 2350 2915 ξθ’.
2376 2847 2528 2920 Θύρα
2553 2848 2774 2919 λέγεται
2798 2851 2825 2905 ό
2850 2849 2944 2906 τοῦ
2979 2852 3113 2906 Θεοῦ
3140 2853 3337 2924 Λόγος,
3374 2854 3450 2920 ὡς
3478 2854 3600 2922 τοὺς
3648 2873 3735 2909 κα-

2180 2939 2286 3004 λῶς
2313 2937 2493 2995 πᾶσαν
2526 2941 2848 3012 διηνυκότας
2871 2941 2970 3014 τὴν
2991 2943 3108 2997 ὁδὸν
3136 2944 3246 2999 τῶν
3271 2946 3488 3017 ἀρετῶν
3507 2950 3639 3001 κατὰ
3656 2947 3736 3000 τιν

498 3034 738 3089 actionis
790 3034 945 3087 cultu
997 3040 1365 3102 peregerunt,
1426 3031 1639 3085 aditum
1710 3032 1962 3100 pandens
2010 3032 2078 3086 ad

2180 3028 2471 3099 ἄμεμπτον
2506 3030 2705 3101 δρόμον
2759 3032 2858 3102 τῆς
2906 3032 3177 3103 πράξεως,
3225 3036 3369 3105 πρδς
3417 3036 3611 3105 γνῶσιν
3641 3038 3743 3088 εἰσ-

498 3124 824 3190 scientiam;
853 3130 908 3178 et
938 3131 999 3177 ut
1023 3122 1234 3186 lumen,
1277 3122 1439 3193 longe
1463 3121 1839 3177 lucidissimos
1861 3123 2078 3193 sapien-

2183 3120 2338 3190 άγων
2369 3135 2387 3153 ο
2423 3120 2519 3175 καὶ
2551 3121 2627 3186 ὡς
2656 3121 2791 3191 φῶς,
2817 3123 3032 3188 δεικνὺς
3058 3125 3184 3188 τοὺς
3225 3125 3524 3197 πολυφαεῖς
3543 3130 3636 3199 τῆς
3664 3144 3741 3180 σο·

501 3217 591 3271 tia:
616 3217 903 3272 thesauros
926 3213 1240 3269 ostendens.
1262 3214 1410 3268 Idem
1437 3213 1582 3268 enim
1612 3222 1668 3268 et
1688 3214 1774 3269 via
1796 3218 1845 3269 el
1876 3215 2078 3270 ostium

2182 3213 2312 3282 φίας
2342 3212 2669 3285 θησαυρούς.
2707 3212 2767 3267 '0
2796 3214 2957 3279 αὐτὸς
2980 3215 3089 3287 γὰρ
3128 3218 3220 3270 καὶ
3249 3218 3505 3283 ὁδόςέστι
3542 3219 3631 3272 καὶ
3653 3217 3739 3272 θύ-

497 3318 554 3362 et
605 3306 774 3360 clavis
823 3315 878 3360 et
904 3319 1134 3375 regnum
1168 3312 1567 3374 nuncupatur:
1603 3304 1689 3359 via
1732 3305 1979 3375 quidem,
2019 3315 2078 3361 ut

2181 3322 2250 3375 ρα
2282 3304 2375 3358 καὶ
2411 3284 2559 3368 κλεὶς
2612 3305 2707 3359 καὶ
2761 3305 3009 3376 βασιλεία
3036 3284 3068 3339 ο*
3092 3307 3207 3372 ὁδὸς
3237 3309 3361 3379 μὲν,
3401 3310 3478 3375 ὡς
3518 3309 3697 3382 ὁδηγός
3724 3321 3736 3337 ·

499 3399 729 3463 ductor;
770 3397 940 3452 clavis
973 3404 1180 3459 autem,
1210 3406 1273 3450 ut
1318 3396 1415 3466 qui
1446 3396 1629 3467 dignis
1658 3397 1862 3467 quibus
1892 3397 2079 3453 divina

498 3488 849 3559 prmbeantur
877 3486 1091 3556 aperiat
1115 3494 1171 3539 et
1194 3486 1512 3555 aperiatur;
1541 3486 1743 3540 ostium
1763 3495 1970 3550 autem,
2018 3494 2080 3541 ut

498 3579 616 3648 ipse
641 3578 932 3642 admissor;
965 3591 1195 3647 regnum
1223 3575 1487 3649 denique,
1516 3585 1579 3631 ut
1606 3579 1700 3645 qui
1725 3576 2079 3646 possideatur

497 3678 557 3727 et
596 3672 651 3724 in
685 3669 944 3723 omnibus
1002 3666 1088 3722 sui
1142 3667 1566 3737 participatione
1616 3683 1680 3723 ac
1739 3668 2078 3725 commercio

496 3760 747 3817 exsistat.

570 3852 657 3905 70.
699 3848 966 3904 Dominus
995 3848 1090 3902 lux
1137 3846 1468 3917 appellatur,
1517 3843 1711 3900 etvita
1737 3851 1795 3900 et
1824 3859 2076 3899 resurre-

498 3941 610 3996 ctio
637 3950 802 4009 atque
822 3939 1052 3994 veritas.
1079 3936 1123 3969 ’°
1152 3937 1270 3991 Lux
1292 3936 1539 4006 quidem,
1572 3944 1629 3990 et
1663 3946 1723 3989 ut
1762 3935 2076 3990 animorum

499 4032 742 4095 claritas,
767 4037 824 4084 et
848 4039 907 4084 ut
931 4029 1124 4099 fugans
1157 4028 1480 4099 ignorantia:
1503 4027 1781 4094 tenebras,
1813 4036 1979 4099 atque
2015 4037 2079 4085 ut

498 4122 567 4177 ad
605 4137 669 4176 ea
731 4137 853 4191 quae
898 4134 1095 4175 arcana
1142 4127 1304 4184 sunt,
1340 4117 1697 4189 intelligenda
1733 4118 2073 4184 illuminans,

498 4213 740 4281 solisque
761 4212 967 4266 mundo
999 4211 1166 4265 corde
1187 4209 1543 4281 aspectabilia
1575 4210 1837 4281 mysteria
1872 4226 2076 4280 propa-

500 4305 651 4369 lans;
686 4303 798 4357 vita
828 4311 1035 4365 autem,
1065 4309 1129 4355 ut
1153 4302 1248 4371 qui
1278 4299 1639 4370 diligentibus
1660 4300 1975 4364 Dominum,
2018 4299 2076 4354 in

2179 3391 2329 3455 κλεὶς
2357 3391 2434 3459 δὲ,
2463 3392 2538 3457 ὡς
2566 3393 2796 3462 ἀνοίγων
2821 3398 2934 3459 τοῖς
2964 3395 3139 3464 ἀξίοις
3166 3397 3274 3451 τῶν
3306 3398 3468 3454 θείων
3487 3400 3578 3454 καὶ
3605 3400 3740 3453 ἀνοι-

2177 3481 2409 3553 γόμενος
2439 3496 2456 3514 ο
2523 3480 2664 3554 θύρα
2707 3482 2786 3547 δὲ,
2826 3483 2903 3547 ὡς
2945 3484 3283 3553 εἰσαγωγεύς
3308 3502 3324 3517 ο
3380 3486 3622 3557 βασιλεία
3668 3482 3738 3545 δὲ,

2178 3572 2255 3635 ὡς
2316 3571 2846 3644 κληρονομούμενος,
2912 3575 3006 3628 καὶ⁵
3066 3573 3209 3628 κατὰ
3264 3576 3490 3647 μέθεξιν
3522 3576 3579 3629 ἐν
3621 3574 3742 3627 πᾶσι

2177 3662 2481 3733 γινόμενος.
3192 3658 3197 3667 ’

2247 3841 2312 3898 o'.
2353 3842 2473 3907 Φῶς
2508 3844 2537 3897 ὁ
2567 3842 2772 3914 Κύριος
2802 3843 3042 3914 λέγεται,
3073 3845 3169 3899 καὶ
3194 3845 3309 3919 ζωὴ
3337 3848 3436 3901 καὶ
3464 3846 3745 3907 ἀνάστασις

2178 3935 2275 3989 καὶ
2312 3933 2560 4006 ἀλήθεια.
2591 3934 2711 3999 Φῶς
2753 3938 2875 4006 μὲν,
2930 3937 3022 3989 καὶ
3058 3936 3134 4001 ὡς
3183 3937 3511 4011 λαμπρότης,
3547 3935 3741 4007 ψυχῶν,

2180 4029 2271 4083 καὶ
2301 4027 2378 4093 ὡς
2421 4028 2643 4098 ἀγνοίας
2684 4029 2909 4094 σκότους
2953 4029 3217 4101 διώκτηςο
3247 4032 3344 4085 καὶ
3388 4032 3466 4096 ὡς
3510 4029 3744 4101 φωτίζων

2178 4119 2269 4173 τὸν
2301 4116 2426 4172 νοῦν
2462 4118 2599 4190 πρὸς
2624 4120 2952 4191 κατανόησιν
2978 4119 3087 4174 τῶν
3120 4122 3454 4193 ἀπορρήτων
3475 4139 3489 4153 ·
3522 4122 3616 4175 καὶ
3642 4120 3742 4173 δει-

2180 4209 2330 4273 κνὺς,
2350 4208 2418 4261 τὰ
2445 4207 2629 4279 μόνοις
2661 4207 2830 4263 θεατά
2860 4211 2974 4273 τοῖς
3000 4209 3264 4279 καθαροῖς
3290 4215 3576 4284 μυστήρια
3595 4228 3612 4244 ·
3641 4209 3744 4276 ζωὴ

2176 4300 2254 4365 δὲ,
2292 4298 2367 4361 ὡς
2402 4301 2504 4371 τὴν
2540 4299 2858 4371 πρέπουσαν
2896 4300 3096 4371 ψυχαῖς
3124 4302 3596 4371 ἀγαπώσαις-τὸν
3640 4298 3744 4353 Κύι-

497 4395 590 4450 his
612 4409 734 4463 qua:
759 4393 945 4447 divina
977 4400 1135 4456 sunt,
1172 4399 1380 4445 motum
1430 4390 1706 4459 praebeat;
1742 4391 2076 4445 resurrectio

2180 4407 2295 4462 ριον
2323 4392 2381 4444 ἐν
2410 4393 2524 4454 τοῖς
2553 4389 2719 4454 θείοις
2750 4393 3126 4463 παρεχόμενος
3157 4393 3378 4464 κίνησιν
3417 4411 3431 4425 °
3461 4394 3744 4453 ἀνάστασις

500 4503 655 4550 vero,
684 4486 863 4554 utqui
893 4500 923 4538 a
951 4491 1170 4537 mortua
1191 4492 1537 4537 terrenarum
1569 4481 1800 4536 libidine
1832 4489 2075 4536 mentem

2180 4480 2254 4546 δέ,
2282 4480 2357 4546 ὡς
2387 4481 2486 4551 τῆς
2514 4482 2717 4552 νεκρᾶς
2746 4481 2855 4536 τῶν
2882 4481 3084 4536 ὑλικῶν
3112 4478 3494 4555 προσπαθείας
3528 4482 3743 4555 ἐγείρων

501 4578 836 4638 exsuscitet,
878 4575 1061 4631 omnis
1103 4574 1324 4644 generis
1369 4572 1744 4642 corruptionis
1773 4571 2073 4628 mortiﬁca-

2180 4573 2272 4627 τὸν
2296 4572 2443 4638 νοῦν,
2479 4572 2688 4643 φθορᾶς
2712 4573 2972 4636 παντοίας
3001 4573 3243 4646 καθαρὸν
3267 4576 3362 4629 καὶ
3391 4576 3711 4647 νεκρότητος
3728 4587 3743 4603 ·

502 4671 781 4739 tionisque
812 4669 933 4723 labe
956 4682 1183 4762 puram;
1209 4681 1273 4721 ac
1297 4666 1519 4720 demum
1551 4664 1773 4729 veritas,
1804 4665 1957 4720 velut
1975 4665 2077 4720 im-

2180 4663 2407 4736 ἀλήθεια
2425 4663 2502 4729 δὲ,
2518 4663 2594 4729 ὡς
2608 4662 2719 4729 ἕξιν
2734 4662 2842 4718 τῶν
2864 4663 3087 4733 ἀγαθῶν
3101 4667 3215 4729 τοῖς
3229 4664 3406 4733 ἀξίοις
3418 4666 3746 4738 δωρούμενος

500 4763 823 4819 mutabilem
862 4755 1135 4818 bonorum
1176 4760 1461 4827 habitum,
1499 4758 1587 4815 his
1631 4759 1726 4831 qui
1760 4759 1912 4831 digni
1943 4760 2075 4828 sint,
2173 4755 2462 4827 ἄτρεπτον.

501 4853 758 4909 muniﬁce
782 4860 1068 4923 praestans.

571 4946 659 4999 7i.
692 4945 788 4999 Dei
835 4944 1062 5013 quidem
1109 4957 1172 4997 ac
1203 4940 1382 4996 Patris
1420 4940 1569 4995 Deus
1597 4938 1811 5004 Sermo,
1847 4936 2078 4994 cuilibet

504 5036 733 5109 mystice
763 5036 927 5101 inest,
964 5050 1179 5098 eorum,
1209 5048 1331 5102 quae
1357 5038 1630 5103 praecepta
1669 5030 1738 5085 ab
1786 5045 1853 5085 eo
1886 5037 2018 5084 sunt
2058 5046 2073 5083 :

505 5128 758 5198 Deosque
800 5143 864 5182 ac
891 5127 1054 5182 Pater
1088 5132 1238 5180 totus
1278 5123 1335 5177 in
1376 5131 1492 5178 toto
1516 5121 1849 5177 naturaliter
1891 5122 2073 5187 inest,

504 5221 655 5275 nulla
700 5219 984 5283 distantia,
1032 5218 1299 5273 Sermone
1342 5231 1444 5271 suo
1472 5224 1530 5271 et
1552 5215 1757 5271 Verbo.
1781 5213 1885 5279 Qui
1906 5212 2079 5283 igitur

503 5312 749 5371 divinum
783 5310 1102 5365 mandatum
1146 5308 1379 5378 suscipit
1428 5308 1691 5377 facitque,
1722 5305 2079 5361 exsistentem

502 5397 559 5451 in
591 5396 687 5451 illo
702 5394 950 5449 divinum
991 5392 1313 5449 Sermonem
1357 5392 1611 5463 suscipit.
1634 5390 1738 5458 Qui
1768 5398 1951 5446 autem
1982 5403 2083 5459 per

500 5488 757 5543 mandata
808 5485 967 5556 502
1021 5485 1344 5541 Sermonem
1388 5483 1717 5554 susceperit,
1761 5497 1862 5552 per
1898 5480 2080 5551 ipsum

499 5591 610 5632 una
633 5592 853 5647 quoque
895 5576 952 5630 in
995 5591 1064 5631 eo
1097 5576 1427 5630 naturaliter
1469 5573 1830 5630 exsistentem
1857 5571 2079 5627 Patrem

2245 4931 2346 4987 oa'.
2386 4932 2446 4986 '0
2496 4933 2596 5004 μὲν
2642 4932 2736 4987 τοῦ
2781 4932 2940 5002 Θεοῦ,
2986 4934 3077 4988 καὶ
3119 4935 3332 5008 Πατρὺς
3367 4936 3508 5000 Θεὸς
3564 4935 3743 5003 Λόγος.

2184 5023 2390 5096 ἑκάστῃ
2419 5024 2697 5095 μυστικῶς
2717 5027 3016 5098 ἐνυπάρχει
3045 5027 3154 5081 τῶν
3190 5029 3407 5085 οἰκείων
3435 5027 3664 5083 ἐντολῶν
3685 5043 3698 5055 ·
3721 5025 3746 5077 ό

2180 5114 2238 5168 δὲ
2260 5115 2394 5181 Θεὸς
2418 5116 2516 5171 καὶ
2550 5116 2742 5188 Πατὴρ
2761 5157 2778 5183 ,
2807 5117 2928 5182 ὅλος
2964 5120 3113 5175 ἐστὶν
3138 5119 3446 5201 ἁχὼριστος
3468 5124 3529 5176 ἐν
3550 5121 3655 5189 ὅλῳ
3680 5115 3748 5187 τῷ

2178 5209 2364 5280 οἰκείῳ
2381 5210 2542 5279 Λόγῳ
2564 5208 2830 5278 φυσικῶς.
2848 5210 2907 5263 '0
2926 5209 3109 5265 τοίνυν
3128 5211 3419 5281 δεχόμενος
3444 5210 3595 5264 θείαν
3610 5210 3748 5261 ιντο·

2177 5301 2279 5372 λὴν
2311 5302 2406 5354 καὶ
2432 5300 2604 5354 ποιῶν
2633 5301 2826 5372 αὐτὴν,
2856 5301 2949 5355 τὸν
2982 5304 3041 5355 ἐν
3082 5302 3220 5373 αὐτῇ
3250 5302 3344 5355 τοῦ
3371 5300 3513 5355 Θεοῦ
3545 5301 3747 5370 δέχεται

2176 5392 2374 5461 Λόγον.
2417 5392 2477 5447 '0
2506 5391 2563 5445 δέ
2592 5391 2685 5446 τὸν
2714 5391 2887 5461 Λόγον
2910 5392 2997 5447 διὰ
3020 5392 3127 5446 τῶν
3160 5392 3393 5448 ἐντολῶν
3432 5392 3744 5463 δεξάμενος.

2175 5482 2244 5536 δι’
2273 5481 2441 5536 αὐτοῦ
2480 5480 2571 5536 τὸν
2600 5481 2658 5535 ἐν
2684 5481 2835 5549 αὐτῷ
2866 5481 3113 5550 φυσικῶς
3141 5481 3273 5535 ὄντα
3300 5480 3623 5546 συνεδέξατο
3650 5479 3747 5531 Πα·

2176 5571 2333 5643 τέρα,
2362 5571 2454 5625 καὶ
2493 5571 2555 5625 τὸ
2578 5572 2636 5624 ἐν
2669 5571 2820 5642 αὐτῷ
2847 5571 3099 5640 φυσικῶς
3135 5570 3198 5626 ὃν
3234 5568 3555 5638 συνεδέξατο
3584 5562 3746 5622 Πνεῦ-

579 5741 622 5773 ¹³
648 5754 805 5810 Joan.
828 5769 937 5823 xiv,
963 5754 1016 5809 6.
1094 5754 1140 5788 "
1176 5752 1245 5810 Ill
1270 5752 1403 5823 Reg.
1430 5768 1519 5820 xv,
1543 5750 1632 5806 25.
1704 5751 1749 5784 "’
1770 5750 2001 5819 Joan.x,
2034 5750 2078 5805 9.

2180 5748 2213 5783 ’⁸
2234 5730 2401 5808 10οηῖ
2423 5762 2538 5820 vni,
2568 5748 2667 5817 12;
2692 5766 2767 5818 xi,
2796 5749 2899 5817 25;
2927 5768 3039 5817 xxv.
3074 5752 3128 5809 6.
