4020 6454
469 286 603 355 1159

1628 283 1689 343 S.
1739 281 2027 344 MAXIMI
2065 280 2574 344 CONFESSORIS

3558 287 3675 355 1160

464 398 619 454 latim
644 392 969 450 nationibus
1001 390 1314 462 sensisque,
1355 404 1550 445 eorum
1585 405 1708 461 quae
1746 391 1804 445 in
1833 405 1902 446 eo
1924 404 2047 445 cor-

2148 389 2501 462 ὑψηλοτέροις
2533 394 2770 465 νοήμασι
2802 392 2901 465 τὴν
2931 393 3042 448 τῶν
3072 394 3160 449 ἐπ’
3180 392 3329 465 αὐτῷ
3382 402 3678 467 alamannia;

466 487 730 561 poraliter
788 486 913 541 ﬁcta
955 484 1242 549 dicuntur,
1295 483 1755 554 compositionem
1806 497 2041 548 exuens,

470 593 729 650 tanquam
769 580 824 633 in
852 594 987 647 voce
1017 592 1165 632 aurae
1198 577 1387 632 tenuis
1409 578 1686 633 exsistens
1722 577 1789 641 ³⁵,
1828 575 2044 646 perspi-

465 670 671 726 caciori
710 669 882 725 menti
922 670 1271 735 ostenditur;
1302 668 1356 722 ei
1388 669 1645 723 nimirum
1681 682 1805 737 qua:
1828 681 2043 722 summe

464 778 583 817 eam
607 761 991 816 deﬁcientibus
1009 760 1353 815 naturalibus
1367 758 1799 829 operationibus,
1818 772 2042 813 sensum

465 850 731 904 duntaxat
776 850 1057 919 percipere
1106 847 1302 916 potuit,
1350 848 1468 918 ejus
1510 847 1894 918 simplicitatis,
1934 860 2043 915 qua

469 942 549 995 illi
570 942 764 996 Sermo
800 940 919 1011 (seu
958 931 1220 1010 Verbum)
1261 939 1527 1009 tantisper
1551 938 1861 1003 indicatur;
1896 936 2044 991 haud

469 1050 629 1090 secus
671 1048 734 1087 ac
780 1047 1007 1102 magnus
1049 1032 1217 1095 Elias,
1254 1032 1344 1085 cui
1403 1031 1460 1085 in
1510 1036 1676 1101 specu
1723 1029 1905 1085 Iloreb
1950 1029 2044 1084 illa

469 1122 607 1177 visio
636 1120 849 1191 obtigit.
889 1118 1071 1173 Horcb
1099 1121 1269 1183 enim,
1315 1118 1362 1172 si
1396 1135 1598 1173 nomen
1640 1116 2040 1188 interpreteris,

474 1212 665 1279 navale
696 1220 800 1275 est,
831 1210 978 1280 quod
1016 1211 1280 1265 virtutum
1316 1211 1558 1275 habitus,
1591 1211 1647 1265 in
1674 1225 1819 1265 novo
1858 1208 2045 1280 gratiae

471 1304 671 1373 spiritu
710 1310 812 1357 est.
857 1302 1067 1372 Specus
1107 1313 1313 1366 autem,
1348 1303 1565 1357 occulta
1605 1303 1789 1357 animo
1828 1310 1915 1357 est
1953 1316 2043 1361 sa-

472 1392 691 1463 pientiae
719 1391 951 1453 latebra,
983 1390 1243 1459 illiusque
1273 1392 1425 1462 velut
1458 1392 1722 1463 adytum;
1756 1405 1919 1461 quam
1948 1389 2045 1460 qui

472 1481 751 1552 ingressus
787 1479 974 1545 fuerit,
1008 1480 1320 1546 scientiam,
1356 1497 1478 1550 quae
1506 1496 1724 1536 omnem
1750 1487 2046 1550 exsuperat

474 1588 697 1628 sensum
723 1570 789 1636 ⁸⁸,
822 1570 1048 1642 mystice
1079 1569 1414 1640 persentiet;
1452 1571 1507 1624 in
1534 1585 1640 1640 qua
1667 1570 1815 1625 Deus
1842 1568 2047 1624 dicitur

472 1666 761 1739 exsistere.
808 1663 1068 1733 Quisquis
1106 1678 1237 1733 ergo
1287 1663 1461 1718 instar
1492 1663 1672 1733 magni
1703 1662 1836 1717 Elia:
1873 1663 2046 1717 Deum

471 1772 599 1810 vere
623 1755 842 1823 quaerit,
869 1769 978 1808 non
1005 1761 1215 1807 tantum
1244 1768 1303 1808 se
1327 1754 1383 1807 in
1415 1753 1595 1808 Horeb
1623 1751 1871 1809 conferet
1898 1751 2044 1820 (tan-
2074 1741 2118 1797 Β

472 1860 633 1914 quam
659 1847 869 1901 scilicet
897 1845 991 1915 qui
1026 1844 1229 1900 actioni
1252 1845 1490 1911 studeat;
1522 1832 1790 1900 virtutum
1810 1844 2045 1914 arripiet

474 1936 768 2005 habitum),
802 1952 993 1991 verum
1028 1936 1194 1991 etiam
1220 1937 1277 1991 in
1305 1952 1526 2007 specum
1555 1936 1611 1991 in
1653 1935 1836 1992 Horcb
1884 1936 2048 1991 sitam

472 2026 769 2096 pervadet;
801 2033 1057 2095 tanquam
1076 2026 1303 2097 scilicet
1320 2025 1776 2098 contemplationi
1803 2024 2044 2089 deditus,

472 2116 525 2171 in
555 2116 837 2186 sapientiae
874 2115 1146 2171 iatebram
1198 2116 1491 2187 sinumque
1527 2115 1880 2186 penitiorem,
1923 2127 2049 2185 qua

472 2202 530 2257 in
558 2204 825 2258 virtutum
859 2201 1127 2257 duntaxat
1158 2202 1354 2256 babitu
1392 2201 1578 2257 sedem
1613 2200 1836 2257 habeat.

538 2295 628 2350 75.
652 2296 791 2349 Tum
814 2295 996 2349 clarus
1026 2294 1275 2349 veritatis
1323 2309 1505 2348 sermo
1537 2293 1720 2347 animo
1744 2293 2047 2362 illucescet,

466 2401 619 2442 verae
656 2388 707 2440 ei
738 2387 983 2442 scientite
1009 2386 1341 2441 documenta
1373 2383 1648 2455 praebens,
1676 2384 1913 2454 vitzeque
1951 2400 2047 2441 su-

472 2476 708 2548 perioris
735 2487 1138 2546 squammarum
1163 2490 1315 2529 more
1351 2474 1407 2529 in
1435 2489 1503 2529 eo
1528 2483 1887 2544 praesumptas
1925 2472 2047 2543 opi-

471 2567 670 2622 niones
707 2566 807 2621 abs
845 2566 1186 2636 spiritalibus
1228 2565 1404 2621 oculis
1441 2564 1743 2634 depellens,
1770 2579 1896 2618 cum
1928 2564 1976 2619 is
2017 2578 2049 2618 a

473 2675 532 2715 se
567 2660 838 2714 haerentes
868 2659 971 2712 sibi
1017 2656 1350 2727 multiplices
1383 2656 1692 2726 opiniones,
1739 2657 1821 2710 uti
1860 2671 1920 2711 se
1959 2671 2049 2712 res

473 2752 530 2806 in
557 2751 743 2806 divino
773 2766 1079 2822 magnoque
1112 2750 1359 2821 apostolo
1401 2748 1571 2805 Paulo
1608 2747 1821 2813 habuit,
1854 2763 2050 2804 excus-

475 2843 612 2899 serit
639 2842 711 2895 ³⁷.
741 2842 906 2897 Plane
933 2841 1081 2897 enim
1117 2856 1416 2911 squammae
1455 2849 1585 2895 sunt
1621 2839 1790 2893 animi
1826 2838 2051 2893 lumini-

473 2934 580 2989 bus
614 2934 907 2999 haerentes,
945 2934 1159 3004 nitique
1204 2948 1268 2988 ac
1307 2947 1621 2988 commeare
1658 2930 1727 2986 ad
1768 2932 2048 2988 sincerum

472 3022 729 3078 veritatis
778 3036 1089 3077 sermonem
1136 3020 1534 3093 prohibentes,
1588 3026 1705 3073 tum
1748 3019 1850 3074 soli
1895 3018 2047 3074 Scri-

2092 523 2097 527 .
2141 481 2634 554 διαπεπλασμινων
2665 487 2843 557 ῥητῶν
2864 487 3229 555 ἐκδυσάμενος
3264 485 3523 554 σύνθεσιν,
3541 489 3610 555 ὡς
3628 495 3680 545 ἐν

2142 575 2296 643 φωνῇ
2326 571 2502 643 αὔρας
2534 575 2736 646 λεπτῆς
2760 576 3020 648 ὑπάρχων
3046 575 3322 630 δείκνυται
3352 575 3430 647 τῷ
3466 577 3683 649 διορατι-

2143 667 2370 736 κωτέρῳ
2398 667 2482 721 νοτ
2506 682 2519 697 ν
2550 666 2630 737 τῷ
2657 667 2747 722 διά
2776 666 2879 739 τὴν
2906 668 3086 739 ἄκραν
3107 668 3388 738 ἀπόλειψιν
3422 669 3527 722 τῶν
3557 676 3685 728 κατά

2144 755 2308 826 φύσιν
2340 758 2652 827 ἐνεργειῶν,
2684 757 2939 829 αἴσθησιν
2973 759 3136 830 μόνον
3175 758 3451 830 δυνηθέντι
3497 760 3685 825 λαϐεῖν,

2141 852 2242 921 τῆς
2292 849 2384 903 τὸν
2431 851 2603 919 Λόγον
2643 850 2825 915 ποσῶς
2889 850 3205 922 μηνυούσης
3231 852 3542 923 ἁπλότητος,
3563 858 3687 908 κατά

2142 942 2233 996 τὸν
2260 942 2434 1012 μέγαν
2478 942 2663 999 Ἦλίαν
2687 943 2779 997 τὸν
2799 945 2857 997 ὲν
2882 942 2960 1017 τῷ
2981 942 3231 1015 σπηλαίῳ
3260 944 3457 1015 Χωρὴδ
3507 944 3689 1014 ταύτης

2143 1029 2446 1095 ἀξιωθέντα
2505 1033 2605 1100 τῆς
2670 1031 2870 1102 ὅψεως.
2925 1031 3129 1105 Χωρὴό
3183 1030 3293 1101 γὰρ
3351 1034 3689 1103 ἑρμηνεύεται

2142 1121 2521 1194 νέωμαλααω
2554 1122 2685 1194 Reg.
2708 1122 2933 1195 νόημαῙ,
2966 1125 3105 1193 ὅπερ
3126 1124 3273 1177 ἐστὶν
3305 1124 3339 1194 ἡ
3365 1124 3421 1176 ὲν
3437 1124 3513 1191 τῷ
3539 1124 3693 1194 καινῷ

2146 1211 2417 1283 πνεύματι
2440 1213 2543 1282 τῆς
2584 1214 2806 1282 χάριτος
2847 1212 2960 1279 ἕξις
2987 1212 3096 1265 τῶν
3125 1212 3356 1283 ἀρετῶν.
3380 1212 3453 1264 Τὸ
3480 1211 3535 1265 δι
3565 1214 3692 1282 σπή-

2144 1300 2319 1366 λαιον,
2346 1303 2380 1372 η
2412 1304 2512 1373 τῆς
2533 1302 2726 1373 σοφίας
2747 1303 2864 1356 ἐστὶ
2890 1302 3037 1357 κατά
3058 1302 3182 1356 νοῦν
3203 1303 3514 1374 κρυφιότης’
3536 1310 3590 1362 δν
3618 1299 3694 1377 ό

2145 1393 2459 1463 γενόμενος,
2486 1393 2584 1464 τῆς
2614 1393 2758 1464 ὑπὲρ
2783 1395 3037 1465 αἴσθησιν
3083 1393 3362 1464 μυστικῶς
3398 1392 3693 1462 αἰσθήσεται

2145 1481 2420 1552 γνώσεως,
2449 1484 2508 1537 ὲν
2628 1482 2846 1552 λέγεται
2883 1483 3171 1554 τυγχάνειν
3214 1484 3244 1535 ό
3275 1483 3430 1547 Θεός.
3462 1483 3574 1546 Πᾶς
3613 1478 3695 1536 οὖν

2148 1577 2291 1628 κατά
2327 1575 2422 1627 τὸν
2463 1574 2638 1645 μέγαν
2674 1573 2861 1628 Ἠλίαν
2894 1574 3076 1646 ζητῶν
3109 1573 3326 1644 ἀληθῶς
3350 1574 3443 1628 τὸν
3469 1575 3615 1637 Θεὺν.
3638 1574 3692 1628 οὐ

2153 1665 2315 1736 μόνον
2329 1667 2388 1719 ἐν
2415 1666 2618 1737 Χωρὴὸ
2644 1668 2937 1738 γενήσεται
2969 1682 2985 1698 ·
3020 1666 3299 1720 τουτέστιν
3320 1705 3336 1731 ,
3370 1666 3445 1729 ὡς
3484 1681 3697 1736 πρακτι-

2146 1758 2242 1821 κὸς
2268 1759 2327 1811 ὲν
2351 1760 2418 1829 τῇ
2442 1756 2554 1824 ἔξει
2573 1757 2683 1813 τῶν
2699 1758 2912 1830 ἀρετῶν
2933 1774 2949 1790 ⁸
2990 1758 3129 1813 ἀλλά
3154 1759 3251 1812 καὶ
3280 1760 3341 1811 εν
3359 1758 3439 1827 τῷ
3468 1757 3697 1829 σπηλαίῳ

2145 1848 2225 1920 τῷ
2250 1850 2310 1902 ὲν
2341 1850 2564 1921 Χωρήϐ-
2595 1850 2896 1917 τουτέστιν,
2930 1851 3005 1915 ὡς
3032 1850 3368 1921 θεωρητικὸς
3394 1852 3452 1905 ὲν
3482 1851 3547 1923 τῇ
3579 1868 3698 1922 κρυ.

2146 1938 2362 2008 φιότητι
2382 1938 2485 2009 τῆς
2522 1938 2712 2010 σοφίας
2738 1942 2807 2013 τῇ
2837 1942 2896 1993 ὲν
2927 1940 3064 2011 μόνη
3115 1937 3458 2011 τυγχανούσῃ
3503 1942 3566 2011 τῇ
3600 1939 3697 2007 ἔξει

2144 2026 2255 2083 τῶν
2283 2027 2517 2095 ἀρετῶν.

2220 2274 2312 2334 οε’.
2349 2278 2518 2333 Ὅταν
2544 2280 2573 2333 ό
2606 2274 2727 2343 νοῦς
2777 2277 2876 2344 τὰς
2912 2278 3265 2350 ἐπικειμένας
3318 2278 3469 2350 αὐτῷ
3521 2277 3699 2342 πολλὰς

2149 2374 2280 2444 περὶ
2312 2370 2421 2426 τῶν
2446 2371 2619 2424 ὄντων
2642 2372 2986 2443 ἐκτινάξηται
3016 2372 3191 2444 δόξας,
3220 2371 3345 2426 τότε
3375 2370 3548 2443 σαφὴς
3572 2369 3701 2439 αὐτῷ

2147 2466 2248 2536 τῆς
2275 2463 2530 2535 ἀληθείας
2549 2465 2577 2516 ὁ
2602 2463 2758 2532 λόγος
2811 2464 3170 2534 ἀναφαίνεται
3187 2504 3205 2531 ,
3235 2463 3412 2527 διδοὺς
3449 2461 3591 2533 αὐτῷ
3616 2462 3701 2530 τῆς

2147 2554 2318 2618 ὅντως
2341 2552 2594 2622 γνώσεως
2619 2553 2719 2617 τὰς
2764 2552 3067 2624 ὑποθήκας,
3090 2552 3186 2606 καὶ
3236 2551 3340 2615 τὰς
3389 2548 3575 2622 πρώην
3625 2546 3703 2601 ἐπ’

2149 2643 2300 2715 αὐτῷ
2346 2642 2646 2716 προλήψεις
2691 2644 2823 2697 ὡσεὶ
2866 2642 3085 2707 λεπίδας
3130 2641 3240 2696 τῶν
3280 2641 3520 2696 ὀπτικῶν
3558 2641 3703 2693 δυνά-

2151 2752 2300 2809 μεων
2351 2735 2762 2805 ἀπωθούμενος,
2790 2734 2930 2788 κατά
2969 2734 3060 2787 τὸν
3090 2732 3384 2789 θεσπέσιον
3426 2733 3519 2788 καὶ
3549 2732 3704 2802 μέγαν

2138 2822 2483 2883 ’Ἇπόστολον
2522 2824 2758 2880 Παῦλον.
2784 2825 3018 2889 Λεπίδες
3050 2823 3159 2896 γάρ
3191 2827 3354 2887 εἰσιν.
3385 2824 3461 2890 ὡς
3486 2823 3702 2896 ἀληθῶς,

2149 2919 2497 3003 ἐπικείμεναι
2531 2910 2609 2989 τῷ
2640 2916 2936 2988 διορατικῷ
2961 2916 3061 2986 τῆς
3084 2916 3283 2987 ψυχῆς,
3311 2916 3410 2971 καὶ
3433 2916 3705 2987 ἀπείργουο

2153 3028 2243 3065 σαι
2267 3011 2366 3084 τὴν
2392 3010 2527 3080 πρὸς
2548 3010 2639 3065 τὸν
2662 3009 2939 3080 ἀκραιφνῆ
2966 3008 3069 3079 τῆς
3099 3007 3365 3080 ἀληθείας
3409 3008 3582 3079 λόγον,
3601 3007 3705 3062 διὰ-

473 3120 654 3185 pturae
668 3112 869 3167 litterae
882 3113 1110 3183 ejusque
1122 3070 1242 3167 vrclu
1253 3120 1271 3165 t
1284 3111 1478 3166 cortici
1492 3109 1722 3166 addicta:
1737 3108 2046 3180 opiniones,

2151 3070 2335 3171 50.60);
2357 3101 2420 3157 αἴ
2437 3070 2665 3174 τενπρὸς
2776 3070 2940 3173 ῥητὸν
2963 3070 3123 3172 μόνον
3149 3070 3248 3172 vi};
3273 3070 3498 3173 Γραφῆς
3524 3070 3710 3173 ὑπολή-

473 3211 595 3259 tum
628 3214 812 3257 rerum
841 3201 1259 3271 aspectabilium
1296 3215 1465 3256 sensu
1503 3208 1663 3255 tenus
1689 3214 1814 3254 cum
1848 3198 2049 3256 aﬂ‘eetu

474 3307 541 3348 ae
568 3290 798 3347 libidine
819 3299 1094 3361 usurpatae
1118 3292 1379 3346 visiones.

546 3399 633 3454 76.
670 3398 899 3454 Divinus
929 3398 1151 3468 quidem
1191 3399 1472 3470 apostolus
1514 3400 1740 3468 Paulus,
1784 3415 1853 3456 ex
1894 3408 2050 3471 parte

474 3508 535 3549 se
561 3492 731 3550 Verbi
772 3491 1140 3563 cognitionem
1182 3501 1405 3547 nactum
1443 3508 1567 3548 esse
1597 3494 1675 3547 ait
1701 3492 1782 3560 ³⁸;
1821 3508 2051 3564 magnus

474 3599 607 3639 vero
655 3583 895 3638 Joannes
934 3583 1288 3655 evangelista,
1328 3585 1447 3656 ejus
1481 3599 1540 3640 se
1578 3585 1807 3655 gloriam
1846 3586 2051 3642 vidisse

474 3673 629 3729 dicit.
672 3671 905 3726 Vidimus
936 3672 1105 3737 enim,
1152 3673 1351 3743 inquit,
1391 3674 1619 3746 gloriam
1657 3678 1793 3747 ejus,
1823 3677 2051 3747 gloriam

475 3765 631 3836 quasi
663 3765 926 3836 Unigem'ti
946 3783 976 3817 α
992 3763 1174 3829 Patre,
1196 3764 1410 3836 plenum
1435 3768 1626 3837 gratia:
1654 3775 1703 3820 et
1727 3769 1965 3823 veritatis
1982 3769 2048 3824 ³³.

474 3853 619 3909 Num
683 3870 817 3909 vero
881 3862 1105 3909 sanctus
1155 3855 1378 3924 quidem
1445 3855 1647 3911 Paulus
1681 3897 1695 3922 ,
1764 3873 1832 3912 ex
1897 3867 2051 3927 parte

477 3955 700 3997 nactum
731 3959 788 3998 se
817 3944 1106 3998 scientiam
1126 3942 1284 4009 dixit,
1327 3953 1582 4015 tanquam
1610 3946 1708 4001 Dei
1738 3945 1943 4002 Verbi?
1976 3947 2052 4002 Ex

477 4035 892 4105 operationibus
917 4037 1064 4091 enim
1096 4051 1318 4107 quoquo
1355 4036 1520 4091 modo
1549 4036 1728 4093 solum
1759 4039 2008 4094 noscitur
2033 4056 2048 4092 :

476 4119 681 4188 quippe
715 4133 841 4173 cum
864 4118 1006 4189 ejus,
1038 4118 1184 4188 quod
1222 4119 1292 4173 ad
1325 4120 1619 4174 essentiam
1654 4120 2051 4177 substantiam-

477 4225 586 4279 que
624 4217 854 4280 spectat,
892 4210 1110 4276 notitia,
1145 4209 1308 4281 504
1347 4209 1563 4266 cunctis
1603 4212 1837 4282 perinde
1888 4207 2053 4283 ange-

477 4300 655 4370 lisque
695 4308 751 4355 et
796 4301 1118 4356 hominibus
1156 4301 1227 4356 sit
1272 4301 1571 4369 inaccessa,
1624 4304 1775 4358 nulla
1822 4319 2053 4375 prorsus

2148 3197 2294 3267 ψεις,
2333 3194 2568 3249 καὶτῶν
2607 3194 2902 3266 ὁρωμένων
2934 3194 2992 3249 αί
3031 3194 3151 3248 κατ’
3181 3193 3438 3266 αἴσθησιν
3482 3209 3709 3267 προσπα-

2151 3289 2264 3353 θεῖς
2295 3288 2539 3361 θεωρίαι.

2224 3380 2334 3447 ος·’.
2364 3384 2385 3403 ‘
2420 3382 2480 3435 Ὀ
2530 3380 2629 3452 μὲν
2667 3378 2811 3457 θεῖος
2852 3376 3173 3445 ’Λπόστολος
3218 3379 3455 3445 Παῦλος,
3477 3380 3573 3451 τὴν
3622 3375 3708 3432 τοῦ

2152 3474 2328 3543 Λόγου
2353 3472 2577 3540 γνῶσιν,
2604 3473 2670 3525 ἐκ
2708 3472 2908 3543 μέρους
2937 3470 3041 3542 ἔφη
3063 3470 3378 3539 γινώσκειν.
3420 3472 3479 3525 Ὀ
3522 3470 3577 3525 δὲ
3623 3468 3710 3540 μέ-

2150 3580 2252 3635 γας
2277 3563 2668 3636 εὐαγγελιστὴς
2708 3562 2963 3634 Ἰωάννης
3001 3562 3295 3618 τεθεᾶσθαι
3334 3563 3482 3633 λέγει
3502 3561 3596 3634 τὴν
3624 3560 3711 3615 αὑ·

2149 3655 2245 3710 τοῦ
2266 3653 2439 3720 δόξαν.
2471 3654 2877 3724 Ἐθεασάμεθα
2899 3656 3029 3726 γὰρ,
3057 3657 3242 3725 φησιν,
3269 3655 3389 3724 τὴν
3406 3654 3590 3717 δόξαν
3611 3652 3710 3705 αὐ-

2150 3748 2280 3812 τοῦ,
2308 3746 2498 3812 δόξαν
2528 3747 2609 3814 ὡς
2628 3740 3011 3815 Μονοτενοῢς
3039 3747 3198 3815 παρὰ
3214 3746 3468 3814 Πατρός,
3493 3742 3711 3812 πλήρης

2152 3838 2401 3909 χάριτος
2428 3839 2527 3892 καὶ
2573 3839 2884 3906 ἀληθείας.
2927 3838 3036 3891 Καὶ
3100 3839 3314 3908 μήποτε
3342 3839 3370 3892 ό
3427 3836 3526 3907 μὲν
3571 3835 3711 3903 ἅγιος

2153 3932 2365 3994 Παῦλος
2416 3932 2516 4003 τὴν
2570 3930 2647 3995 ὡς
2684 3928 2820 3985 Θεοῦ
2851 3931 3026 3999 Λόγου
3060 3929 3263 3999 γνῶσιν
3295 3931 3360 3984 ὲκ
3392 3930 3588 4002 μέρους
3614 3927 3710 3996 ἔφη

2151 4023 2464 4093 γινώσκειν.
2496 4024 2592 4078 Ἐκ
2642 4023 2752 4093 γάρ
2801 4022 2911 4077 τῶν
2952 4021 3284 4094 ἐνεργειῶν,
3339 4021 3522 4085 ποσῶς
3567 4019 3712 4091 μόνον

2153 4115 2504 4185 γινώσκεται.
2548 4112 2613 4171 Ἦ
2679 4116 2788 4189 γὰρ
2845 4116 2933 4169 ἐπ’
2962 4115 3112 4185 αὐτῷ
3161 4114 3284 4169 κατ’
3310 4116 3499 4168 οὐσίαν
3526 4130 3582 4167 τε
3627 4110 3711 4166 καὶ

2154 4208 2450 4262 ὑπόστασιν
2491 4207 2726 4279 γνῶσις,
2780 4208 2986 4278 ὁμοίως
3023 4209 3201 4262 πᾶσιν
3228 4207 3486 4276 ἀγγέλοις
3533 4222 3591 4260 τε
3627 4202 3713 4258 καὶ

2153 4294 2465 4369 ἀνθρώποις
2490 4336 2506 4361 ,
2554 4297 2896 4367 καθέστηκεν
2933 4296 3154 4361 ἄϐατος,
3193 4298 3316 4351 κατ’
3353 4296 3507 4351 οὐδὲν
3553 4292 3713 4349 οὐδενὶ

479 4391 694 4447 ratione
729 4392 827 4447 ulli
865 4392 1166 4461 explorata.
1199 4391 1435 4449 Sanctus
1469 4409 1602 4449 vero
1633 4394 1893 4461 Joannes,
1922 4412 2050 4466 per-

2155 4387 2537 4457 γινωσκομένη
2562 4404 2575 4417 ·
2604 4388 2634 4440 ὁ
2675 4387 2734 4442 δὲ
2778 4386 2935 4457 ἅγιος
2968 4388 3240 4459 Ἰωάννης,
3280 4387 3490 4442 τέλειον
3537 4385 3610 4446 ὡς
3660 4385 3712 4436 tv

442 4481 644 4543 ‘l'ccte,
692 4479 837 4550 quod
886 4495 1211 4536 concessum
1256 4480 1578 4539 hominibus
1621 4491 1727 4550 est,
1757 4483 1924 4541 Verbi
1962 4485 2051 4541 in-

479 4570 854 4626 carnationem
897 4570 1148 4634 edoctus,
1199 4569 1429 4642 gloriam
1489 4586 1570 4638 se,
1622 4573 1779 4644 quasi
1831 4589 2053 4630 carnem

480 4662 746 4728 Verbum,
783 4663 861 4716 ait
897 4661 1278 4731 conspexisse;
1313 4678 1530 4734 nempe,
1561 4662 1766 4720 vidisse
1794 4681 1853 4721 se
1881 4666 2054 4722 ratio-

480 4768 607 4809 nem
657 4761 712 4807 et
753 4752 941 4818 ﬁnem,
995 4752 1303 4807 secundum
1345 4770 1509 4824 quem
1555 4755 1701 4811 Deus
1750 4756 1929 4815 factus
1969 4767 2056 4814 est

479 4845 668 4908 homo,
699 4844 921 4914 plenum
963 4844 1151 4915 gratia.-
1197 4852 1255 4900 et
1294 4845 1564 4900 veritatis.
1599 4846 1721 4901 Non
1757 4847 1907 4901 enim
1946 4862 2055 4917 qua

480 4936 695 4990 ratione
719 4937 1021 4991 secundum
1047 4936 1341 4992 essentiam
1363 4937 1528 5000 Deus,
1553 4937 1911 5009 ejusdemque
1928 4954 2055 4996 cum

482 5026 644 5081 Patre
682 5026 938 5081 essentia;
976 5036 1080 5089 est,
1120 5025 1453 5098 Unigenitus
1488 5029 1664 5097 gratia
1705 5038 1900 5083 auctus
1934 5039 2055 5097 est;

482 5115 580 5168 sed
620 5130 727 5186 qua
756 5117 972 5170 ratione
1007 5116 1189 5170 altiori
1230 5117 1462 5171 consilio
1510 5132 1575 5171 ac
1619 5117 2054 5187 dispensatione,

487 5202 664 5260 factus
697 5214 782 5259 est
808 5205 977 5259 homo
1017 5214 1215 5259 natura
1252 5205 1609 5276 ejusdemque
1647 5206 1932 5262 nobiscum
1966 5223 2057 5263 es-

486 5295 700 5360 scntiae,
724 5310 810 5359 ea,
845 5303 1073 5364 propter
1109 5310 1233 5360 nos,
1266 5296 1359 5364 qui
1396 5298 1570 5367 gratia
1598 5311 1846 5367 egemus,
1876 5313 2054 5369 exque

480 5386 604 5457 ejus
642 5398 861 5455 semper
901 5384 1243 5455 plenitudine
1286 5387 1343 5442 in
1389 5388 1539 5442 omni
1575 5387 1829 5459 profectu
1867 5397 2056 5446 nostro

2154 4478 2483 4551 ἀνθρώποις,
2510 4480 2601 4533 τὸν
2628 4480 2726 4551 τῆς
2754 4478 3223 4552 ὲνανθρωπήσεως
3253 4479 3348 4534 τοῦ
3381 4478 3557 4549 Λόγου
3590 4494 3713 4548 μυη-

2154 4569 2270 4634 θεὶς
2297 4571 2477 4640 λόγον,
2510 4571 2608 4642 τὴν
2641 4571 2719 4636 ὡς
2762 4570 2941 4643 σάρκα
2969 4572 3141 4642 Λόγον
3186 4571 3349 4638 δόξαν
3392 4572 3502 4643 ἔφη
3541 4569 3713 4624 τεθεᾶ·

2156 4663 2283 4717 σθαι
2305 4679 2320 4692 ο
2355 4662 2624 4729 τουτέστι,
2658 4662 2953 4733 τδνσλόγον,
2991 4665 3162 4736 ἡγουν
3210 4664 3305 4718 τὸν
3354 4664 3577 4727 σκοπὸν,
3601 4658 3709 4716 καθ’

2154 4753 2215 4808 ὃν
2235 4755 2265 4807 ό
2284 4753 2418 4817 Θεὸς
2445 4754 2670 4823 γέγονεν
2691 4752 3000 4827 ἄνθρωπος,
3030 4753 3211 4829 πλήρη
3251 4756 3477 4828 χάριτος
3505 4755 3712 4809 ἐθεάσα-

2155 4861 2239 4908 το,
2280 4844 2378 4897 καὶ
2428 4843 2703 4914 ἀληθείας.
2736 4845 2812 4898 Οὐ
2860 4844 2969 4917 γὰρ
2998 4845 3119 4899 καθ’
3142 4845 3171 4898 δ
3198 4846 3317 4901 κατ’
3352 4846 3541 4900 οὐσίαν
3571 4843 3708 4904 Θεδς,

2157 4937 2251 4991 καὶ
2276 4936 2356 5007 τῷ
2380 4935 2499 5007 Θεῷ
2521 4937 2695 5009 Πατρὶ
2724 4937 3007 5008 όμοούσιος
3035 4939 3063 4992 ό
3080 4937 3394 5009 Μονογενὴς
3430 4936 3713 5009 κεχαριτω-

2156 5046 2270 5095 ται,
2296 5027 2432 5082 ἀλλὰ
2471 5027 2594 5082 καθ’
2619 5028 2648 5081 ὃ
2675 5027 2835 5098 φύσει
2862 5028 2979 5083 κατ’
2999 5030 3315 5101 οἰκονομίαν
3365 5029 3609 5100 γέγονεν,
3633 5026 3715 5077 ἀν-

2158 5116 2377 5188 θρωπος
2429 5118 2523 5172 καὶ
2565 5119 2700 5189 ἡμῖν
2748 5117 3052 5189 όμοούσιος,
3087 5119 3152 5172 δι’
3190 5121 3342 5191 ἡμᾶς
3367 5118 3713 5192 κεχαρίτωται

2157 5207 2285 5270 τοὺς
2318 5207 2617 5280 χρῄζοντας
2658 5209 2881 5280 χάριτος
2911 5225 2926 5241 ⁶
2969 5212 3064 5266 καὶ
3089 5213 3157 5265 ὲκ
3208 5210 3307 5265 τοῦ
3365 5209 3714 5282 πληρώματος

2161 5298 2330 5352 αὐτοῦ
2357 5299 2651 5364 διαπαντὸς
2674 5300 2818 5355 κατά
2867 5303 3050 5356 πᾶσαν
3076 5302 3235 5375 ἡμῶν
3281 5302 3567 5374 προκοπὴν
3625 5299 3715 5367 τὴν

2161 5391 2534 5461 ἀναλογοῦσαν
2586 5392 2908 5463 δεχομένους
2944 5393 3128 5467 χάριν.
3162 5395 3323 5449 Ὥστε
3365 5397 3397 5450 ό
3441 5394 3533 5451 τὸν
3573 5391 3715 5460 λόγον

556 5542 602 5573 ³⁸
629 5539 697 5596 ΠΙ
720 5539 857 5612 Reg.
895 5555 1005 5606 xix,
1033 5540 1121 5595 12.
1198 5538 1243 5572 ⁸⁸
1269 5538 1507 5613 Ph'ilipp.
1535 5559 1609 5613 ιν,
1639 5544 1694 5601 7.
1773 5544 1817 5578 ³⁷
1847 5543 1970 5602 Act.
2000 5561 2050 5602 Ix

2148 5546 2192 5603 Β.
2270 5547 2313 5582 ³⁸
2344 5547 2368 5605 Ι
2396 5547 2524 5606 Cor.
2555 5566 2671 5618 xm,
2701 5551 2756 5609 9.
2832 5554 2877 5587 ³⁹
2902 5553 3061 5610 Joan.
3086 5570 3126 5620 ι,
3152 5553 3237 5610 14.

554 5660 576 5683 ⁴⁵
596 5658 681 5717 Cf.
706 5658 908 5725 Quaest.
932 5656 966 5713 9
992 5657 1061 5714 ad
1091 5656 1454 5714 Thalassium.
