4020 6406
357 313 489 383 1161

1172 324 1507 388 CAPITUM
1542 325 1812 386 THEOL.
1855 325 1950 387 ET
1988 326 2224 388 (ECON.
2266 332 2655 398 CENTURIA
2694 340 2775 399 II.

3498 347 3631 411 1162

351 437 558 487 τέλειον
608 436 667 488 ὲν
723 435 906 507 ἑαυτῷ
959 437 1223 506 φυλάξας,
1249 440 1516 513 ἀϐέϐηλον
1564 446 1660 497 τοῦ
1699 444 1935 513 δι’ἠμᾶς

2043 450 2463 505 convenientem
2520 456 2754 524 gratiam
2806 458 3127 529 recipimus,
3170 464 3346 532 gratia
3393 466 3631 527 donatus

353 525 735 596 σαρκωθέντος
767 527 904 582 Θεοῦ
934 529 1111 597 Λόγου
1132 571 1147 596 ,
1178 530 1277 603 τὴν
1314 533 1498 605 πλήρη
1566 534 1788 604 χάριτος
1847 534 1939 587 καὶ

350 620 610 690 ἀληθείας
643 621 935 689 κομίσεται
966 622 1146 689 δόξαν,
1176 625 1270 679 τοῦ
1314 626 1382 679 δι’
1414 628 1562 697 ἡμᾶς
1593 628 1784 679 ἑαυτὸν
1816 625 1939 679 καθ’

351 714 501 783 ἡμᾶς
538 712 863 779 δοξάσαντός
892 732 951 768 τε
975 716 1069 768 καὶ
1088 716 1417 785 άγιάσαντος
1447 719 1586 772 κατὰ
1630 718 1729 789 τὴν
1773 719 1938 772 αὑτοῦ

352 803 680 873 παρουσίαν.
717 805 906 860 Ὅταν
938 807 1067 877 γὰρ,
1100 809 1285 879 φησὶν,
1318 808 1546 875 ἐκεῖνος
1595 808 1936 878 φανερωθῇ,

353 896 542 967 ὅμοιοι
583 898 745 965 αὐτῷ
766 900 1045 970 ἐσόμεθα.

422 1159 519 1222 οῖ’.
552 1161 700 1225 Ἕως
732 1162 765 1232 ἡ
792 1162 962 1235 ψυχὴ,
997 1166 1097 1237 τὴν
1126 1168 1235 1220 ἀπὸ
1259 1168 1546 1239 δυνάμεως
1570 1172 1653 1234 είς
1679 1170 1935 1241 δύναμιν,

349 1252 446 1305 καὶ
509 1252 609 1324 τὴν
658 1256 767 1308 ἀπὸ
814 1256 974 1327 δόξης
1002 1260 1082 1322 εἰς
1115 1258 1273 1325 δόξαν
1308 1262 1546 1314 ποιεῖται
1594 1262 1894 1331 μετάϐασιν
1922 1279 1934 1292 ο

349 1344 623 1408 τουτέστι,
675 1346 777 1416 τὴν
832 1348 943 1401 ἀπὸ
1007 1350 1212 1421 ἀρετῆς
1280 1353 1361 1415 είς
1424 1334 1627 1425 ἀρετὴν
1709 1355 1938 1424 μείζονα

348 1436 660 1505 προκοπὴν,
697 1437 794 1491 καὶ⁹
840 1438 940 1510 τὴν
978 1440 1086 1494 ἀπὸ
1127 1444 1384 1509 γνώσεως
1423 1445 1504 1508 είς
1551 1444 1753 1512 γνῶσιν
1796 1443 1936 1516 ὑψη-

346 1521 572 1595 λοτέραν
601 1527 889 1595 ἀνάϐασιν,
926 1530 1029 1584 οὐκ
1061 1532 1342 1587 ἐπαύσατο
1375 1535 1720 1606 παροικοῦσα
1744 1576 1760 1599 ,
1792 1537 1937 1591 κατὰ

345 1615 408 1668 τὸ
449 1619 742 1688 εἰρημένον
768 1636 782 1650 ο
841 1624 1055 1677 Πολλὰ
1113 1626 1477 1695 παρώκησεν
1514 1629 1553 1695 ἡ
1595 1630 1765 1698 ψυχή
1791 1649 1932 1699 μου.

347 1706 493 1760 Πολὺ
524 1708 633 1779 γάρ
663 1710 780 1762 ἐστι
809 1710 871 1763 τὸ
903 1710 1197 1783 διάστημα,
1224 1716 1317 1768 καὶ
1346 1716 1408 1769 τὸ
1425 1717 1628 1789 πλῆθος
1655 1719 1765 1772 τῶν
1787 1722 1934 1789 ὀφει-

344 1797 556 1853 λουσῶν
596 1801 725 1871 παρ’
753 1802 925 1871 αὐτῆς
953 1804 1275 1876 διαϐαθῆναι
1322 1809 1604 1877 γνώσεων,
1635 1812 1829 1883 μέχρις
1870 1807 1933 1866 οὗ

343 1888 720 1946 διελεύσεται
750 1894 820 1947 ἐν
848 1896 1010 1962 τόπῳ
1043 1899 1281 1967 σκηνῆς
1302 1903 1675 1973 θαυμαστῆς,
1702 1904 1812 1971 ἕως
1828 1906 1935 1961 τοῦ

342 1981 521 2036 οἴκου
541 1983 647 2037 τοῦ
668 1985 835 2039 Θεοῦ·
869 1987 939 2040 ἐν
966 1988 1138 2059 φωνῇ
1170 1992 1587 2061 ἀγαλλιάσεως
1610 1996 1709 2049 καὶ
1729 1998 1935 2067 ἐξομο-

340 2077 678 2147 λογήσεως,
699 2079 855 2150 ἤχου
888 2082 1270 2152 ἐορτάζοντος
1296 2103 1309 2116 ·
1337 2088 1426 2140 ἀεὶ
1471 2092 1696 2156 φωναῖς,
1728 2092 1932 2161 φωνὴν,

343 2176 587 2243 νοεραῖς,
630 2175 822 2244 νοερὰν
861 2176 1222 2247 προστιθεῖσα
1248 2182 1314 2251 τῇ
1350 2185 1605 2253 προκοπῇ
1640 2184 1749 2236 τῶν
1773 2183 1935 2237 θείων

344 2263 742 2337 θεωρημάτων,
764 2269 904 2337 μετὰ
922 2269 1183 2340 τῆςικατὰ
1206 2272 1329 2325 νοῦν
1345 2274 1438 2326 ἐπὶ
1453 2277 1565 2340 τοῖς
1581 2276 1936 2348 θεωρηθείσιν

339 2358 744 2426 ἀγαλλιάσεως,
781 2361 950 2432 ῆγουν
1000 2366 1211 2434 χαρᾶς,
1246 2369 1341 2420 καὶ
1399 2369 1498 2437 τῆς
1555 2370 1934 2444 ἀναλογούσης

340 2449 725 2520 εὐχαριστίας.
747 2453 1021 2519 Τοιαύτας
1055 2457 1166 2528 γὰρ
1195 2459 1516 2530 ἑορτάζουσι
1543 2461 1766 2527 πάντες,
1799 2465 1848 2516 οἱ
1874 2466 1935 2518 τὸ

343 2541 573 2613 Πνεῦμα
607 2544 707 2613 τῆς
731 2545 955 2614 χάριτος
980 2547 1285 2618 εἰληφότες,
1303 2552 1373 2605 ἐν
1399 2553 1529 2619 ταῖς
1544 2554 1816 2622 καρδίαις
1830 2559 1935 2612 αὺ-

337 2633 464 2688 τῶν
493 2633 742 2705 κράζων
792 2638 988 2703 Ἀϐϐά,
1022 2644 1056 2694 ό
1077 2637 1305 2709 Πατήρ.

417 2815 519 2888 οη’.
566 2818 625 2872 Ὀ
651 2818 751 2889 τῆς
784 2818 1105 2893 θαυμαστῆς
1138 2824 1344 2895 σκηνῆς
1378 2826 1564 2892 τόπος,
1588 2828 1685 2883 καὶ
1713 2830 1934 2903 ἀπαθής

344 2911 467 2963 ἐστι
516 2912 611 2964 καὶ
647 2914 891 2984 ἀπήμων
936 2914 1049 2980 ἕξις
1090 2914 1202 2991 τῶν
1256 2919 1469 2988 ἀρετῶν
1494 2937 1507 2951 ·
1535 2921 1658 2975 καθ’
1680 2922 1749 2993 ἢν
1782 2924 1812 2977 ὁ
1836 2923 1932 2977 τοῦ

342 2999 485 3054 Θεοῦ
510 3003 796 3072 γινόμενος
818 3005 1015 3073 Λόγος,
1031 3006 1313 3079 διαφόροις
1344 3008 1556 3081 ἀρετῶν
1587 3012 1811 3067 κάλλεσι
1834 3032 1935 3069 κα-

2043 546 2147 592 est.
2186 540 2395 597 ldcirco
2423 545 2519 613 qui
2556 546 2857 614 perfectam
2891 550 2946 604 in
2979 553 3165 623 seipso
3199 556 3469 613 rationem
3514 576 3633 615 ser-

2045 628 2288 699 vaverit,
2324 636 2815 694 incontaminatam
2863 658 3170 715 puramque
3207 649 3303 703 Dei
3329 652 3494 707 Verbi
3530 669 3633 723 pro

2042 721 2204 775 nobis
2239 722 2532 793 incarnati,
2573 728 2791 799 plenam
2820 733 3009 801 gratiae
3034 743 3091 787 et
3120 737 3374 795 veritatis
3397 721 3629 812 gloriam

2044 816 2384 884 reportabit;
2426 820 2548 890 ejus
2593 822 2860 876 nimirum
2904 825 2999 894 qui
3036 828 3215 881 nostri
3260 845 3425 886 causa
3466 835 3632 891 nobis

2043 904 2243 962 similis
2288 909 2344 961 in
2386 925 2486 965 suo
2531 912 2772 969 adventu
2818 916 2936 986 ipse
2986 933 3045 972 se
3094 926 3152 973 et
3196 922 3527 980 clariﬁcavit
3572 937 3633 983 et

2043 997 2415 1055 sanctiﬁcavit
2446 1001 2513 1056 ⁸ο.
2559 1003 2690 1059 Cum
2722 1008 2871 1061 enim
2900 1008 3014 1075 ille,
3053 1011 3257 1081 inquit,
3296 1020 3629 1086 apparuerit,

2042 1088 2243 1143 similes
2279 1092 2327 1145 ei
2361 1094 2559 1149 erimus
2586 1096 2652 1150 δ’.

2115 1179 2203 1233 77.
2230 1179 2485 1247 Quandiu
2503 1187 2721 1243 animus
2742 1188 2809 1244 de
2832 1192 3037 1248 virtute
3066 1194 3123 1248 in
3140 1195 3425 1264 virtutem,
3450 1200 3631 1271 deque

2041 1272 2289 1329 claritate
2314 1275 2370 1331 in
2400 1280 2707 1335 claritatem
2741 1285 2968 1349 transit,
2998 1287 3107 1342 hoc
3129 1299 3234 1355 est,
3266 1290 3334 1345 ad
3365 1294 3633 1363 majorem

2040 1362 2110 1418 de
2136 1366 2343 1423 virtute
2367 1370 2423 1424 in
2446 1371 2708 1427 virtutem
2738 1375 3069 1444 profectum,
3096 1378 3275 1450 deque
3305 1362 3535 1439 scientia
3563 1385 3634 1440 ad

2041 1456 2331 1513 scientiam
2356 1462 2608 1517 ascendit
2640 1466 2917 1533 altiorem,
2953 1470 3189 1524 necdum
3222 1470 3390 1526 linem
3425 1473 3635 1529 incola-

2040 1557 2132 1604 tus
2156 1550 2307 1617 fecit,
2340 1554 2498 1623 juxta
2531 1556 2676 1624 quod
2711 1559 2980 1628 scriptum
3022 1571 3108 1615 est
3139 1579 3151 1614 :
3187 1561 3419 1619 Multum
3454 1565 3633 1620 incola

2043 1640 2143 1709 {ait
2183 1645 2365 1698 anima
2407 1663 2522 1701 mea
2558 1646 2623 1700 δ’.
2668 1647 2855 1720 Longa
2899 1650 3048 1705 enim
3090 1652 3353 1708 distantia
3396 1663 3501 1721 est,
3548 1658 3634 1711 in-

2043 1747 2286 1803 gensque
2334 1735 2413 1789 illi
2451 1738 2766 1807 superanda
2796 1741 3119 1796 notitiarum
3167 1759 3232 1799 ac
3270 1746 3632 1802 scientiarum

2042 1826 2221 1894 copia,
2257 1826 2434 1882 donec
2464 1837 2702 1885 transeat
2734 1833 2789 1886 in
2826 1832 2997 1888 locum
3028 1835 3361 1891 tabernaculi
3394 1840 3635 1895 admira-

2037 1916 2177 1982 bilis,
2222 1936 2385 1990 usque
2424 1923 2494 1976 ad
2528 1925 2744 1979 domum
2780 1925 2904 1992 Dei;
2936 1929 2992 1981 in
3022 1945 3143 1983 voce
3182 1930 3551 1987 exsultationis
3583 1942 3633 1987 et

2037 2008 2403 2078 confessionis,
2440 2016 2645 2068 sonitus
2681 2015 2947 2086 epulantis
2978 2017 3053 2083 ‘3;
3088 2027 3149 2073 ut
3180 2035 3400 2090 semper
3433 2039 3628 2079 vocem

2039 2100 2302 2165 vocibus,
2363 2103 2728 2175 intelligentis
2787 2108 2957 2164 animi
3013 2125 3204 2166 vocem
3266 2113 3629 2186 intelligentia

2037 2191 2206 2245 animi
2226 2194 2461 2249 vocibus
2478 2196 2795 2253 divinorum
2818 2200 3070 2269 profectu
3096 2206 3629 2274 contemplationum

2037 2295 2440 2357 sensorumque
2482 2288 2670 2355 addat,
2701 2306 2827 2344 cum
2860 2293 3086 2359 mentis,
3120 2294 3177 2347 in
3210 2295 3279 2350 iis
3308 2311 3432 2366 qua:
3461 2297 3629 2353 intel—

2037 2367 2180 2424 lecta
2212 2370 2424 2427 fuerint
2452 2384 2618 2446 atque
2646 2377 2892 2446 dispecta
2921 2382 3314 2449 exsultatione,
3351 2387 3469 2440 sive
3497 2402 3631 2455 gauo-

2038 2458 2152 2525 dio,
2200 2464 2670 2537 convenientique
2726 2483 2831 2538 pro
2881 2470 3004 2541 ejus
3058 2472 3276 2528 ratione
3326 2477 3631 2546 gratiarum

2037 2554 2275 2610 actione.
2344 2556 2497 2612 Talia
2561 2560 2711 2615 enim
2784 2563 2949 2632 epula
3020 2566 3319 2634 epulantur
3377 2566 3631 2638 festaque

2037 2658 2229 2719 agunt,
2290 2650 2613 2722 quicunque
2676 2652 2951 2723 Spiritum
3012 2657 3206 2726 gratiae
3266 2668 3628 2728 acceperunt,

2036 2740 2358 2797 clamantem
2388 2744 2445 2797 in
2465 2760 2645 2799 eorum
2664 2746 2931 2800 cordibus:
2953 2746 3121 2810 Abba,
3151 2747 3315 2803 Pater
3340 2748 3407 2803 ⁸⁸.

2110 2831 2197 2885 78.
2230 2831 2413 2886 Locus
2452 2833 2795 2889 tabernaculi
2829 2834 3197 2902 admirabilis,
3241 2838 3631 2907 pacatissimus

2037 2930 2127 2977 est
2153 2930 2209 2977 et
2239 2922 2502 2978 innoxius
2543 2922 2815 2976 virtutum
2852 2923 3114 2990 habitus;
3150 2939 3262 2994 quo
3303 2924 3401 2979 Dei
3432 2924 3631 2979 Sermo

2038 3012 2365 3078 adveniens,
2391 3013 2621 3070 diverso
2653 3014 2925 3069 virtutum
2961 3016 3137 3082 cultu,
3170 3016 3345 3071 instar
3376 3018 3634 3073 taberna—

339 3099 614 3166 τακοσμεῖ
665 3096 917 3169 καθάπερ
960 3101 1166 3170 σκηνὴν
1201 3101 1301 3174 τὴν
1329 3102 1531 3175 ψυχήν.
1577 3105 1635 3159 ’0
1686 3104 1746 3161 δὲ
1782 3102 1930 3172 οἶκος

2043 3108 2174 3173 culi,
2204 3109 2469 3178 praeclare
2522 3111 2769 3165 animum
2817 3120 2978 3166 ornat
3013 3121 3179 3180 atque
3225 3110 3473 3165 instruit.
3531 3111 3633 3167 Dei

340 3187 438 3241 τοῦ
468 3188 693 3261 Θεοῦ,ή
737 3192 803 3244 ὲκ
849 3191 1061 3245 πολλῶν
1111 3192 1209 3247 καὶ
1263 3193 1538 3266 διαφόρων
1592 3200 1931 3272 συγκειμένη

341 3281 721 3353 θεωρημάτων
748 3284 950 3353 γνῶσίς
985 3287 1101 3339 ἐστι
1135 3304 1149 3318 ο
1180 3288 1304 3343 καθ’
1331 3291 1397 3362 ἢν
1420 3291 1670 3362 ἐνδημῶν
1692 3296 1760 3365 τῇ
1783 3294 1930 3366 ψυχῇ

339 3375 373 3426 ὀ
401 3373 551 3441 Θεὸς,
583 3375 678 3428 τοῦ
705 3376 806 3447 τῆς
835 3378 1027 3447 σοφίας
1074 3379 1355 3450 κρατῆρος
1411 3383 1819 3454 ἐμπίμπλησιν.
1849 3386 1931 3439 "H

337 3467 399 3521 δὲ
427 3470 579 3542 φωνὴ
621 3470 721 3541 τῆς
760 3471 1140 3539 ἀγαλλιάσεώς
1177 3475 1317 3539 ἐστι,
1359 3476 1422 3529 τὸ
1456 3477 1551 3530 ἐπὶ
1598 3477 1677 3547 τῷ
1709 3478 1929 3549 πλούτῳ

335 3561 452 3616 τῶν
486 3562 699 3633 ἀρετῶν
734 3564 831 3635 τῆς
855 3564 1035 3637 ψυχῆς
1065 3566 1367 3638 σκίρτημα.
1403 3569 1467 3622 Ἦ
1498 3569 1555 3623 δὲ
1594 3571 1691 3642 τῆς
1743 3571 1933 3642 ἐξομο-

335 3653 640 3726 λογήσεως,
665 3658 699 3727 ἡ
738 3655 833 3708 ἐπὶ
880 3659 945 3727 τῇ
981 3656 1107 3730 δόξῃ
1156 3659 1258 3729 τῆς
1289 3661 1430 3714 κατὰ
1475 3661 1574 3733 τὴν
1615 3664 1808 3732 σοφίαν
1839 3666 1929 3718 εὑ-

335 3745 513 3817 ωχίας
564 3747 714 3802 ἐστὶν
752 3749 1094 3822 εὐχαριστία.
1138 3751 1198 3805 Ὀ
1235 3752 1293 3806 δὲ
1326 3748 1482 3824 ἦχος,
1514 3758 1547 3827 ἡ
1594 3756 1654 3821 ἐξ
1698 3758 1927 3828 ἀμφοῖν,

334 3840 720 3909 ἁγαλλιάσεώς
745 3860 890 3913 φημι
915 3843 1010 3897 καὶ
1029 3843 1497 3916 ὲξομολογήσεως,
1525 3849 1669 3902 κατὰ
1691 3850 1929 3921 σύγκρα-

337 3953 429 3989 σιν
459 3936 723 4008 γινομένη
739 3937 1000 4011 διηνεκὴς
1030 3939 1271 4011 μυστικὴ
1292 3939 1589 4009 δοξολογία.

411 4124 509 4180 οϐ’.
553 4126 615 4179 '0
656 4123 924 4194 γενναίως
957 4124 1379 4187 καταπαλαίσας
1414 4125 1482 4178 τὰ
1516 4125 1667 4198 πάθη
1696 4127 1791 4181 τοῦ
1825 4128 1929 4182 σώ-

336 4236 532 4291 ματος,
562 4218 658 4273 καὶ
685 4221 800 4281 τοῖς
837 4218 1172 4289 ἀκαθάρτοις
1202 4218 1508 4288 πνεύμασιν
1544 4220 1745 4283 ἱκανῶς
1773 4222 1931 4275 πολε-ν

338 4310 547 4379 μήσας,
581 4307 678 4362 καὶ
704 4308 807 4378 τῆς
842 4306 1039 4360 ἑαυτοῦ
1084 4304 1226 4360 κατὰ
1249 4306 1430 4378 ψυχὴν
1453 4306 1639 4379 χώρας
1664 4308 1930 4375 ἐξελάσας

334 4400 521 4456 αὐτῶν
551 4400 620 4453 τὰ
650 4401 922 4472 νοήματα·
957 4397 1184 4468 καρδίαν
1215 4398 1464 4478 εὐχέσθω
1506 4399 1756 4469 καθαρὰν
1780 4399 1929 4470 αὐτῷ

2036 3208 2222 3255 autem
2257 3200 2479 3269 domus,
2523 3204 2760 3259 scientia
2798 3212 2905 3270 est,
2940 3220 3007 3259 ex
3053 3205 3241 3260 multis
3283 3205 3633 3278 diversisque

2037 3296 2402 3351 theorematis
2455 3296 2747 3366 sensisque
2795 3295 3091 3366 exquisitis
3148 3299 3474 3365 constituta,
3523 3316 3631 3369 qua

2034 3389 2184 3444 Deus
2218 3389 2419 3443 animae
2456 3389 2747 3453 immeans,
2777 3389 3063 3459 sapientiae
3109 3406 3230 3444 eam
3277 3399 3492 3447 cratere
3531 3392 3631 3447 im-

2034 3480 2168 3549 plet.
2206 3480 2319 3536 Vox
2347 3496 2483 3536 vero
2500 3480 2911 3546 exsultationis,
2939 3482 3108 3535 animi
3129 3483 3436 3554 tripudium
3466 3484 3630 3557 505

2034 3584 2142 3637 est,
2179 3573 2250 3627 ob
2282 3573 2553 3627 virtutum
2587 3572 2791 3627 uberes
2827 3571 3074 3627 divitias.
3119 3574 3234 3629 Vox
3270 3584 3455 3628 autem
3493 3592 3631 3631 con-

2033 3664 2315 3731 fessionis,
2369 3663 2671 3735 gratiarum
2718 3664 2863 3719 actio
2906 3680 3007 3735 pro
3047 3681 3112 3719 ea
3151 3666 3425 3731 claritate,
3462 3684 3628 3737 quam

2033 3758 2323 3827 sapientia:
2388 3756 2705 3810 convivium
2761 3756 2978 3811 tribuit.
3044 3758 3332 3813 Postremo
3388 3762 3627 3826 sonitus,

2033 3864 2156 3918 qum
2181 3863 2249 3902 ex
2279 3857 2515 3917 utraque
2546 3848 2686 3919 (tum
2712 3847 2925 3903 scilicet
2948 3848 3322 3904 exsultatione
3347 3856 3463 3903 tum
3496 3864 3630 3904 con-

2032 3938 2298 4009 fessione)
2333 3938 2568 4008 quadam
2614 3939 3018 4008 temperatione
3058 3939 3208 4010 jugis
3240 3940 3472 4007 mystica
3505 3940 3627 3994 lau-

2031 4030 2184 4086 datio
2207 4029 2459 4099 emergit.
2552 4084 2579 4089 ,ν

2105 4123 2192 4178 79.
2218 4121 2323 4187 Qui
2344 4130 2571 4175 strenue
2591 4118 2833 4189 fortique
2850 4119 3061 4181 robore
3094 4120 3347 4189 corporis
3367 4120 3628 4175 libidines

2032 4221 2198 4283 atque
2224 4211 2358 4267 vitia
2390 4210 2713 4277 debellavit,
2744 4226 2809 4266 ac
2841 4220 3113 4281 quantum
3150 4211 3287 4265 satis
3325 4212 3398 4266 sit
3432 4212 3629 4268 adver-

2034 4322 2131 4363 sus
2178 4304 2496 4360 immundos
2539 4302 2773 4373 spiritus
2822 4302 3181 4373 depugnavit,
3226 4318 3405 4374 exque
3454 4305 3627 4360 animi

2037 4401 2125 4456 sui
2184 4399 2411 4470 regione
2465 4411 2666 4452 eorum
2719 4395 2997 4466 cogitatus
3051 4396 3266 4465 expulit
3308 4414 3319 4449 :
3366 4398 3631 4467 precibus

333 4491 583 4562 δοθῆναι,
620 4490 718 4544 καὶ
754 4488 975 4558 πνεῦμα
1018 4488 1174 4551 εὐθὲς
1200 4489 1261 4541 ὲν
1290 4491 1403 4551 τοῖς
1441 4489 1698 4557 ὲγκάτοις
1740 4491 1933 4558 ἐγκαιι-

2043 4492 2286 4548 enitatur
2305 4505 2403 4545 cor
2430 4489 2537 4545 sibi
2564 4488 2834 4544 mundum
2858 4487 3000 4553 dari,
3028 4496 3085 4543 et
3117 4490 3376 4559 spiritum
3413 4504 3630 4545 rectum

334 4584 588 4656 νισθῆναι
610 4600 624 4614 ⁸
656 4583 925 4644 τουτέστι,
965 4581 1190 4644 τελείως
1214 4582 1323 4635 τῶν
1369 4582 1470 4652 μὲν
1503 4581 1725 4651 φαύλων
1760 4600 1931 4636 κενω·

335 4679 503 4749 θῆναι
528 4676 831 4747 λογισμῶν,
863 4675 973 4729 τῶν
1001 4675 1060 4728 δὲ
1107 4674 1269 4728 θείων
1315 4673 1540 4727 ἐννοιῶν
1571 4673 1929 4746 πληρωθῆναι

334 4770 427 4826 διὰ
456 4769 553 4840 τῆς
575 4768 835 4841 χάριτοςο
871 4767 959 4820 ἵνα
1010 4764 1240 4835 γένηται
1288 4764 1495 4834 κόσμος
1538 4763 1677 4818 Θεοῦ
1721 4764 1931 4837 νοητῶς

334 4861 591 4931 λαμπρός
644 4876 705 4912 τε
745 4859 839 4912 καὶ
890 4858 1088 4928 μέγας,
1117 4855 1175 4923 ἐξ
1195 4853 1402 4925 ἠθικῶν
1431 4853 1526 4908 καὶ
1561 4854 1811 4924 φυσικῶν
1835 4857 1930 4910 καὶ

336 4953 668 5024 θεολογικῶν
701 4950 976 5017 συνεστὼς
1007 4950 1407 5022 θεωρημάτων.

410 5142 486 5191 π’.
535 5135 595 5188 Ὀ
617 5135 716 5205 τὴν
758 5132 985 5203 καρδίαν
1029 5130 1278 5203 καθαρὰν
1309 5130 1706 5202 ἐργασάμενος,
1738 5129 1798 5182 οὐ
1830 5130 1930 5201 μό-

337 5247 429 5284 νον
450 5227 564 5282 τῶν
587 5226 1012 5297 ὑποϐεϐηκότων
1046 5224 1143 5278 καὶ
1177 5223 1318 5293 μετὰ
1340 5222 1473 5276 Θεὸν
1499 5222 1769 5292 γνώσεται
1803 5223 1930 5285 τοὺς

335 5324 554 5393 λόγους,
588 5322 725 5377 ἀλλὰ
782 5322 880 5375 καὶ
913 5318 1062 5390 αὐτῷ
1106 5317 1289 5381 ποσῶς
1338 5316 1477 5388 μετὰ
1506 5316 1607 5386 τὴν
1652 5315 1761 5369 τῶν
1791 5316 1930 5369 ὅλων

336 5415 609 5480 διάόασιν,
638 5416 801 5486 ἑνορᾷ
828 5430 842 5445 ο
892 5414 1031 5483 ὅπερ
1083 5412 1232 5464 ἐστὶν
1293 5410 1596 5481 ἀκρότατον
1630 5408 1784 5472 τέλος
1818 5408 1926 5461 τῶν

335 5508 596 5577 ἀγαθῶν·
621 5508 679 5560 ὲν
714 5503 747 5580 ᾖ
776 5505 1072 5575 γενόμενος
1100 5505 1129 5555 ὁ
1158 5503 1313 5567 Θεὸς.
1341 5504 1483 5568 ἀξιοῖ
1514 5502 1581 5556 τὰ
1609 5502 1717 5555 ἴδια
1738 5501 1923 5573 γράμ-

340 5619 487 5673 ματα
515 5598 604 5655 διὰ
628 5597 719 5653 τοῦ
752 5597 1063 5668 πνεύματος
1104 5595 1483 5666 ἐγχαράττειν,
1517 5592 1772 5665 καθάπερ
1815 5597 1928 5650 τισὶ

431 5717 475 5749 ’⁸⁸
501 5714 660 5771 Joan.
688 5730 819 5781 xvn,
851 5713 938 5781 10,
975 5713 1064 5767 l9.
1169 5714 1212 5745 “
1244 5713 1258 5767 l
1285 5712 1441 5769 Joan.
1469 5727 1546 5779 In,
1583 5711 1638 5766 2.

334 5807 366 5849 ι
418 5788 503 5842 12⁸
661 5885 939 5944 ΡΑτιιοι..
972 5882 1089 5944 Gn.
1127 5880 1259 5942 XC.

1749 5716 1793 5749 "'
1821 5719 1965 5774 Psal.
1990 5734 2136 5787 ειη,
2172 5716 2225 5772 6.
2304 5714 2351 5747 ⁸³
2383 5713 2527 5769 Psal.
2567 5728 2675 5779 xu,
2714 5712 2768 5767 5.

2040 4586 2097 4639 in
2134 4582 2447 4639 visceribus
2504 4582 2622 4637 suis
2672 4581 2926 4635 innovari
2967 4580 3048 4646 ⁴⁸;
3093 4592 3155 4636 ut
3196 4582 3408 4637 scilicet
3445 4584 3632 4651 pravis

2039 4675 2473 4747 cogitationibus
2508 4674 2671 4744 plene
2708 4673 3001 4737 abdicatis,
3049 4672 3255 4727 divinis
3289 4674 3477 4744 gratia:
3506 4691 3629 4728 mu-

2038 4786 2175 4826 nere
2216 4769 2531 4825 rationibus
2556 4768 2894 4838 impleatur;
2935 4782 3046 4838 quo
3082 4767 3347 4822 nimirum
3383 4769 3629 4838 splendi-

2038 4863 2145 4918 dus
2187 4875 2531 4933 magnusque
2565 4860 2663 4914 Dei
2705 4861 2970 4924 mundus,
3003 4873 3073 4914 ex
3099 4859 3424 4923 moralibus,
3459 4870 3627 4914 natu-

2037 4954 2252 5009 ralibus
2282 4961 2448 5023 atque
2480 4949 2686 5005 divinis
2713 4950 3075 5005 theorematis
3098 4949 3389 5019 sensisque
3423 4951 3626 5005 consti-

2038 5054 2213 5111 tutus,
2245 5044 2537 5101 eliiciatur.

2107 5138 2194 5193 80.
2227 5138 2332 5205 Qui
2364 5152 2459 5192 cor
2488 5136 2759 5190 mundum
2789 5134 3049 5198 reddidit,
3084 5130 3291 5189 nedum
3323 5148 3510 5188 rerum
3540 5133 3627 5188 in-

2033 5230 2304 5285 feriorum
2348 5236 2405 5282 et
2464 5242 2585 5296 qua:
2632 5242 2660 5280 a
2709 5227 2823 5282 Deo
2873 5224 3132 5279 secundm
3189 5232 3339 5288 sunt,
3383 5225 3629 5277 rationes

2036 5322 2348 5393 intelliget,
2393 5336 2587 5375 verum
2630 5319 2881 5374 etiamin
2937 5318 3116 5387 ipsum
3159 5316 3336 5371 Deum
3370 5315 3629 5371 omnibus

2038 5415 2315 5485 superatis
2337 5427 2564 5483 quoquo
2604 5412 2770 5465 modo
2797 5410 2968 5465 animi
3005 5411 3227 5465 oculum
3272 5409 3501 5479 deliget;
3533 5409 3629 5477 qui

2036 5509 2315 5564 bonorum
2350 5519 2645 5575 supremus
2675 5502 2802 5559 linis
2830 5510 2916 5558 est
2956 5520 2969 5555 :
3018 5502 3108 5557 cui
3154 5517 3351 5572 nempe
3395 5500 3630 5555 illabens

2035 5602 2207 5666 Deus,
2235 5612 2366 5653 suas
2409 5597 2527 5666 ipse
2562 5595 2781 5649 litteras
2818 5594 2972 5649 velut
3011 5593 3266 5648 Mosaicis
3301 5590 3503 5647 tabulis
3530 5605 3630 5659 per

2847 5710 2891 5740 ’δ’
2928 5709 3109 5765 Galat.
3153 5724 3226 5769 tv.
3258 5708 3310 5763 6.
3386 5706 3432 5738 ’⁸⁸
3482 5706 3628 5763 Psal.

3251 5872 3328 5931 3'7
