4020 6426
404 321 544 389 1165

1225 326 1558 386 CAPITUM
1597 325 1867 385 THEOL.
1909 326 2002 384 ET
2042 325 2277 385 (ECON.
2320 326 2709 386 CENTURIA
2747 328 2828 386 ΙΙ.

3504 318 3684 389 ⁷1Ξῧδ

405 434 613 503 γενεῶν
643 432 892 503 βούλεται
926 435 1122 503 δηλοῦν
1154 438 1181 488 6
1216 436 1407 504 λόγος,
1451 438 1699 505 λέγοντες
1720 455 1732 467 ·
1766 438 1910 500 τινες
1944 439 1998 492 δὲ

2113 452 2206 491 nec
2239 453 2349 491 non
2379 448 2765 506 generationes
2801 437 3019 491 smculis
3046 440 3391 508 conjunctas.
3436 438 3514 491 Ne
3554 453 3688 493 vero

400 526 567 580 πάλιν
601 525 788 588 ἁπλῶς
816 528 864 577 οἱ
910 526 1125 590 αἰῶνες,
1163 527 1257 579 καὶ
1292 528 1441 589 τίνες
1490 527 1695 591 αἰῶνες
1724 528 1832 581 τῶν
1867 527 1999 581 αἰώ-

400 633 529 675 νων,
561 616 644 678 τίς
675 634 732 668 τε
766 618 793 667 6
829 617 1018 680 ἁπλῶς
1074 616 1228 680 αἰὼν,
1267 616 1358 669 καὶ
1400 619 1427 668 6
1454 615 1591 668 αἰὼν
1644 615 1739 668 τοῦ
1773 615 2000 681 αἰῶνος,

399 707 572 762 πολὺν
606 710 755 780 παρὰ
792 710 891 780 τὴν
923 708 1185 762 ὑπόθεσιν
1220 707 1555 776 ἐκτείνωμεν
1584 707 1761 775 λόγον,
1783 707 1851 760 τὰ
1876 709 2004 777 περὶ

400 800 608 855 τούτων
645 806 759 866 τοῖς
804 802 1130 873 φιλομαθέσι
1160 802 1383 853 σκοπεῖν
1416 800 1699 865 ἐάσαντες,
1739 802 1875 871 πρὸς
1910 802 2003 853 τὸν

401 896 606 948 σκοπὸν
647 896 717 948 δι’
746 897 805 947 ὃν
834 896 1009 949 ταῦτα
1042 893 1456 965 προηγάγομεν,
1492 892 1898 963 ἐπανέλθωμεν.

2103 528 2582 598 inprazsentiarum
2625 528 2986 598 exponendo,
3041 528 3171 598 quid
3224 545 3323 597 per
3363 530 3688 599 temporalia

2100 621 2320 685 saecula,
2361 621 2567 691 quidve
2613 636 2715 690 per
2745 622 3028 675 saecularia
3079 629 3327 691 tempora
3360 631 3415 677 et
3460 638 3691 693 generm

2103 710 2279 767 tiones
2318 714 2633 785 signiﬁcare
2666 714 2799 769 velit
2840 713 3160 781 Scriptura;
3198 729 3448 782 quaenam
3501 722 3688 768 autem

2101 822 2293 860 rursus
2315 805 2645 876 simpliciter
2683 805 2902 870 saecula,
2946 819 3010 859 ac
3054 820 3175 873 quae
3216 805 3415 860 saecula
3454 807 3690 861 saeculo-

2103 914 2259 965 rum;
2297 899 2555 981 quodque
2594 899 2732 953 adeo
2781 897 3107 968 simpliciter
3151 898 3436 963 smculum,
3487 906 3543 952 et
3586 914 3690 953 sae-

400 992 591 1047 culum
617 991 829 1055 saeculi,
862 991 1022 1060 longa
1060 1006 1090 1045 a
1156 991 1445 1061 proposito
1508 988 1854 1059 digressione
1914 1003 2225 1044 sermonem
2271 993 2690 1061 protrahamus;
2728 992 2816 1047 his
2869 991 3248 1046 studiosorum
3289 990 3589 1060 diligentize
3629 1007 3691 1046 ac

400 1083 780 1154 disquisitioni
808 1082 1038 1146 relictis,
1077 1081 1145 1135 ad
1174 1082 1522 1152 propositum
1558 1080 1745 1143 linem,
1785 1078 1997 1131 ratione
2036 1080 2196 1150 cujus
2218 1083 2338 1137 haec
2369 1082 2754 1151 produximus,
2794 1090 3163 1137 revertamur.

475 1182 597 1241 υπς’.
628 1174 864 1245 Οἴδαμεν
898 1191 952 1225 τι
983 1172 1126 1226 κατὰ
1170 1174 1270 1244 τὴν
1327 1172 1551 1243 Γραφὴν
1592 1168 1957 1240 ὑπεραιὼνιον
1983 1185 1996 1196 ·

399 1272 542 1340 ὅπερ
572 1268 654 1321 ὅτι
691 1268 789 1337 μὲν
822 1265 994 1329 ἔστιν,
1022 1266 1263 1335 ὲσήμανε
1291 1282 1303 1293 ·
1338 1264 1470 1317 τίδὲ
1501 1261 1660 1315 τοῦτό
1698 1262 1866 1319 ἐστιν,
1894 1261 1994 1312 οὐκ

401 1361 681 1431 ὠνόμασε,
712 1357 856 1411 κατὰ
889 1357 972 1423 τὸ,
1015 1358 1233 1423 Κύριος
1258 1356 1613 1420 βασιλεύων
1645 1353 1753 1406 τὸν
1785 1349 1996 1413 αἰῶνα,

402 1459 503 1510 καὶ
534 1455 627 1507 ἐπ’
652 1451 841 1505 αἰῶνα
868 1451 967 1503 καὶ
995 1451 1102 1504 ἔτι.
1129 1448 1340 1503 Οὐκοῦν
1366 1447 1481 1500 ἔστι
1509 1464 1562 1499 τι
1595 1445 1832 1519 πρᾶγμα
1856 1442 1996 1512 ὑπὲρ

406 1548 634 1609 αἰῶνας,
671 1546 704 1614 ἡ
752 1543 1065 1615 ἀκραιφνὴς
1115 1540 1210 1594 τοῦ
1263 1538 1400 1592 Θεοῦ
1451 1536 1716 1607 βασιλεία.
1759 1534 1835 1587 Οὐ
1887 1533 1998 1603 γὰρ

403 1640 472 1709 δὴ
513 1638 671 1708 θέμις
699 1638 874 1689 εἰπεῖν
901 1630 1131 1704 ἦρχθαι,
1167 1632 1202 1703 ἢ
1250 1628 1554 1701 φθάνεσθαι
1586 1627 1690 1680 ὑπὸ
1720 1624 1933 1680 αἰώνων
1964 1624 1997 1693 ἢ

2179 1172 2268 1227 86.
2311 1172 2532 1228 Scimus
2568 1173 2853 1243 Scriptura
2890 1182 3033 1228 teste
3067 1189 3189 1229 esse
3230 1175 3438 1245 aliquid
3477 1175 3693 1229 smculis

2106 1263 2400 1332 superius;
2426 1263 2575 1333 quod
2610 1264 2702 1317 illa
2733 1263 2962 1334 quidem
2988 1278 3111 1318 esse
3148 1264 3517 1335 signiﬁcavit;
3558 1265 3692 1334 quid

2107 1364 2292 1409 tamen
2323 1366 2492 1420 esset,
2531 1354 2762 1410 minime
2806 1371 2875 1409 ex
2921 1355 3146 1411 nomine
3189 1357 3497 1426 expressit;
3536 1356 3695 1426 juxta

2104 1447 2254 1515 quod
2283 1448 2557 1518 scriptum
2586 1457 2716 1503 est:
2758 1447 3018 1501 Dominus
3063 1464 3289 1519 regnans
3330 1448 3605 1513 sreculum,
3646 1458 3694 1500 et

2102 1539 2159 1590 in
2207 1539 2461 1593 saeculum
2496 1549 2544 1592 et
2581 1539 2726 1593 ultra
2765 1540 2831 1591 δ’.
2870 1539 2969 1593 Est
3004 1540 3191 1609 itaque
3227 1540 3432 1609 aliquid
3479 1541 3697 1595 smculis

2106 1630 2385 1698 superius,
2416 1646 2609 1684 verum
2639 1630 2853 1684 scilicet
2879 1630 2978 1684 Dei
3004 1646 3256 1699 regnum.
3284 1631 3397 1686 Nec
3423 1632 3571 1685 enim
3616 1632 3699 1685 fas

407 1732 619 1803 χρόνων
643 1732 742 1799 τὴν
776 1728 869 1781 τοῦ
892 1725 1030 1780 Θεοῦ
1067 1724 1366 1795 βασιλείαν.
1401 1721 1620 1789 Ταύτην
1649 1717 1705 1771 δὲ
1742 1716 1999 1770 πιστεύο-

2113 1697 2189 1773 est
2218 1727 2278 1773 ut
2329 1719 2465 1773 illud
2498 1720 2772 1789 incepisse
2806 1697 3092 1784 dicamus,
3120 1720 3206 1774 vel
3248 1735 3370 1776 esse
3399 1720 3694 1790 ejusmodi.

410 1844 511 1896 μεν
534 1821 673 1878 εἶναι
724 1823 832 1876 τῶν
872 1821 1199 1892 σωζομένων
1229 1817 1631 1890 κληρονομίαν,
1667 1814 1765 1868 καὶ
1808 1812 1996 1883 μονὴν,

406 1921 505 1973 καὶ
546 1919 710 1971 τόπον
734 1957 748 1982 ,
784 1916 964 1980 καθὼς
1002 1918 1030 1966 6
1068 1914 1273 1983 ἀληθὴς
1313 1909 1650 1982 παραδίδωσι
1696 1907 1883 1974 λόγος’
1925 1904 2000 1967 ὡς

405 2010 562 2075 τέλος
593 2010 703 2064 τῶν
731 2009 799 2062 δι’
837 2007 1082 2077 ἐφέσεως
1113 2004 1248 2075 πρὸς
1292 2004 1353 2058 τὸ
1403 2003 1631 2074 ἔσχατον
1657 2000 1880 2072 ὀρεκτὸν
1916 2014 2001 2051 κι-

405 2105 709 2175 νουμένων⁸
733 2107 792 2158 ὲν
809 2097 853 2172 ᾧ
870 2103 1166 2172 γινόμενοι,
1187 2099 1368 2170 πάσης
1390 2100 1486 2168 τῆς
1508 2094 1799 2151 ὁποιασοῦν
1820 2092 2003 2162 δέχον-

406 2213 501 2250 ται
565 2195 778 2249 παῦλαν
846 2196 1116 2263 κινήσεως
1161 2208 1173 2221 °
1219 2193 1296 2255 ὡς
1350 2189 1550 2260 μηκέτι
1611 2186 1805 2257 χρόνου
1861 2184 2005 2244 τινὸς

406 2289 561 2351 ὄντος
587 2286 767 2340 αὐτῶν
805 2287 839 2357 ἦ
866 2286 1059 2349 αἰῶνος
1085 2284 1181 2341 τοῦ
1207 2282 1529 2353 διαὼθῆναι
1572 2277 1900 2347 ὀφείλοντος,
1918 2268 2005 2327 οἷα

412 2381 481 2450 δὴ
517 2380 655 2451 μετὰ
689 2380 870 2432 πάντα
914 2379 1322 2448 καταντήσασιν
1348 2377 1426 2438 εἰς
1457 2374 1547 2426 τὸν
1582 2372 1716 2425 Θεόν
1736 2387 1749 2400 ·
1781 2369 1873 2421 τὸν
1904 2366 2010 2437 πρὸ

409 2475 629 2527 πάντων
653 2475 794 2537 ,ὅντα
842 2472 949 2524 τῶν
990 2469 1203 2527 αἰώνων
1231 2511 1245 2535 ,
1274 2470 1368 2523 καὶ
1426 2467 1485 2521 ὃν
1524 2463 1753 2534 φθάνειν
1789 2457 2005 2512 αἰώνων

410 2566 575 2638 φύσις
626 2567 689 2619 οὐ
737 2565 1004 2634 πέφυκεν.

2108 1821 2170 1866 ut
2218 1812 2333 1867 sive
2370 1813 2569 1868 saecula
2608 1813 2725 1867 sive
2767 1819 3018 1882 tempora
3074 1813 3255 1882 ipsum
3302 1820 3698 1882 assequuntur,

2107 1903 2223 1958 Hoc
2253 1913 2440 1960 autem
2466 1919 2718 1975 regnum,
2747 1919 2943 1958 eorum
2980 1904 3382 1963 hzereditatem,
3423 1903 3697 1971 sedesque

2109 2019 2175 2059 ac
2206 2001 2389 2053 locum
2424 2012 2549 2052 esse
2573 1997 2874 2061 credimus,
2912 1997 3007 2065 qui
3040 1997 3199 2051 electi
3237 1996 3470 2050 salutem
3498 2010 3697 2050 conse-

2110 2096 2381 2159 quuntur,
2432 2085 2513 2138 uti
2569 2084 2736 2137 tradit
2785 2099 2958 2138 verus
3017 2098 3234 2149 sermo;
3284 2084 3430 2138 velut
3485 2084 3699 2139 scilicet

2108 2193 2303 2235 eorum
2336 2174 2659 2245 cupiditatis
2694 2174 2880 2241 tinem,
2932 2174 3026 2244 qui
3060 2174 3128 2228 ad
3171 2189 3494 2243 supremum
3534 2189 3693 2243 appe-

2112 2270 2268 2325 tibile
2300 2267 2460 2337 507
2494 2276 2791 2321 moventur
2820 2285 2833 2319 :
2881 2268 3039 2336 cujus
3082 2266 3179 2319 ubi
3212 2266 3385 2320 semel
3416 2276 3701 2334 compotes

2110 2362 2293 2418 ellectl
2321 2359 2548 2425 fuerint,
2577 2358 2645 2411 ab
2672 2357 2821 2412 omni
2850 2358 3073 2427 penitus
3100 2367 3251 2411 motu
3284 2373 3347 2411 ac
3377 2358 3701 2412 incitatione

2109 2452 2410 2521 cessabunt
2449 2469 2461 2504 :
2496 2450 2644 2520 quod
2688 2450 2800 2521 jam
2846 2449 3061 2504 nullum
3105 2450 3186 2504 eis
3227 2459 3445 2519 tempus
3479 2458 3573 2504 aut
3603 2466 3701 2504 sm-

2111 2545 2298 2599 culum
2328 2540 2703 2611 superandum
2743 2552 2998 2610 superet;
3044 2555 3168 2594 cum
3209 2541 3486 2610 superatis
3518 2542 3702 2595 omni-

412 2631 521 2711 bus
573 2655 630 2709 in
686 2631 862 2709 Deum
928 2649 1252 2713 inciderint,
1315 2645 1532 2703 cunctis
1591 2640 1809 2699 saeculis
1861 2635 2219 2701 anteriorem,
2264 2643 2320 2688 et
2362 2647 2529 2702 quem
2577 2631 2728 2685 nulla
2806 2632 3137 2685 saeculorum
3213 2640 3411 2686 natura
3479 2631 3701 2701 assequi

414 2756 597 2905 porci:
642 2840 758 2907 Ἐφ’
788 2838 913 2891 ὅσον
946 2836 1141 2907 χρόνον
1183 2834 1267 2897 τίς
1296 2834 1444 2885 ἐστιν
1484 2832 1539 2883 ὲν
1559 2832 1623 2900 τῇ
1657 2828 1772 2898 ζωῇ
1805 2824 2001 2894 ταύτῃ,

411 2935 519 2990 κᾶν
547 2931 750 2995 τέλειός
781 2932 897 2985 εστι
948 2928 1090 2991 κατὰ
1124 2926 1223 2996 τὴν
1255 2923 1441 2978 ἐνθάδε
1495 2922 1836 2975 κατάστασιν
1860 2958 1874 2981 ,
1910 2915 2005 2968 καὶ

2182 2815 2269 2869 8⁸7.
2299 2812 2556 2879 Quaudiu
2587 2811 2714 2881 quis
2752 2811 2919 2864 vitam
2954 2819 3282 2879 praesentem
3308 2810 3441 2880 agit,
3463 2813 3566 2865 etsi
3599 2827 3703 2882 pro

2111 2908 2279 2977 hujus
2321 2914 2501 2960 status
2543 2904 2757 2957 ratione
2805 2902 3086 2972 perfectus
3129 2913 3233 2967 est,
3280 2912 3392 2956 tum
3436 2904 3702 2959 nimirum

415 3026 613 3100 πράξει
652 2992 747 3088 καί
786 3022 1015 3094 θεωρίᾳ,
1042 3020 1143 3090 τὴν
1180 2992 1247 3072 εκ
1282 3017 1482 3088 μέρους
1518 3015 1631 3085 ἔχει
1670 3013 1765 3065 καὶ
1802 3009 2003 3080 γνῶσιν

2113 2997 2331 3051 actione
2384 3005 2500 3048 tum
2553 2992 3041 3061 contemplatione,
3094 3007 3161 3045 ex
3209 3001 3362 3062 parte
3421 3004 3602 3050 tamen
3647 3005 3706 3051 et

414 3122 512 3183 καὶ
551 3116 891 3191 προφητείαν
939 3115 1036 3170 καὶ
1091 3111 1394 3186 ἁῤῥαδῶνα
1443 3108 1760 3178 Πνεῦματος
1811 3103 2000 3171 ἁγίουσ

416 3216 536 3269 ἀλλ’
567 3214 667 3267 οὐκ
694 3212 828 3265 αὐτὸ
856 3209 918 3264 τὸ
947 3210 1223 3280 πλήρωμα
1261 3224 1272 3234 ·
1300 3203 1654 3274 ὲλευσόμενός
1697 3216 1828 3253 ποτε
1870 3196 2006 3267 μετὰ

415 3311 516 3383 τὴν
541 3309 651 3367 τῶν
671 3306 887 3361 αἰώνων
913 3305 1215 3376 περαίωσιν
1237 3304 1316 3365 εἰς
1347 3302 1447 3371 τὴν
1476 3298 1688 3352 τελείαν
1716 3295 1891 3365 λῆξιν,
1910 3293 2007 3360 τὴν

414 3406 711 3478 πρόσωπον
739 3402 880 3474 πρὸς
915 3401 1209 3472 πρόσωπον
1237 3401 1351 3461 τοῖς
1380 3397 1552 3460 ἀξίοις
1583 3391 1877 3449 δεικνῦσαν
1906 3388 2004 3439 αὐ-

413 3497 519 3567 τὴν
546 3496 630 3564 ἐφ’
657 3495 861 3564 ἑαυτῆς
887 3492 1137 3544 ἑστῶσαν
1157 3490 1256 3560 τὴν
1277 3487 1536 3557 ἀλήθειαν
1568 3502 1582 3518 ·
1609 3485 1685 3545 ὡς
1726 3479 1923 3552 μηκέτι
1944 3480 2009 3530 ἐκ

412 3589 514 3657 τοῦ
539 3588 911 3659 πληρώματος
950 3584 1115 3655 μέρος
1144 3582 1310 3651 ἔχειν,
1345 3580 1461 3632 ἀλλ’
1486 3577 1621 3632 αὐτὸ
1651 3574 1716 3627 τὸ
1734 3573 2008 3642 πλήρωμα

413 3683 519 3754 τῆς
536 3681 762 3753 χάριτος
789 3678 932 3733 κατὰ
956 3675 1173 3747 μέθεξιν
1197 3674 1317 3727 ὅλον
1335 3669 1677 3742 κομίζεσθαι.
1705 3663 2009 3729 Καταντή-

414 3778 637 3830 escam
664 3776 795 3843 γὰρ,
822 3770 991 3840 φησιν
1021 3768 1049 3820 6
1083 3764 1406 3824 Ἀπόστολος
1427 3804 1440 3826 ,
1470 3760 1701 3825 πάντας
1747 3756 2010 3828 (δηλονότι

420 3870 553 3932 τοὺς
587 3862 952 3936 σωζομένους)
996 3865 1084 3927 εις
1134 3857 1326 3927 ἄνδρα
1364 3854 1598 3909 τέλειον
1627 3892 1642 3916 ,
1673 3855 1763 3917 εὶς
1790 3848 2011 3936 μέτροις

416 3958 668 4028 ἡλικίας
720 3933 828 4019 ⁸τοῦ
879 3952 1274 4022 πληρώματος
1325 3948 1432 4003 τοῦ
1492 3942 1752 4014 Χριστοῦ
1792 3961 1805 3974 ·
1840 3942 1911 3994 ἐν
1962 3933 2011 4007 ᾧ

414 4052 583 4104 εισιύ
605 4052 659 4103 οὶ
688 4046 980 4114 θησαυροὶ
1035 4042 1145 4111 τῆς
1178 4041 1399 4109 σοφίας
1425 4038 1524 4091 καὶ
1572 4034 1684 4104 τῆς
1733 4031 2012 4103 γνώσεως

416 4142 767 4209 ἀπόκρυφοι
791 4155 805 4169 ·
829 4133 905 4209 ἦς.
939 4134 1299 4206 φαινομένης,
1343 4132 1404 4184 τὸ
1447 4132 1514 4184 ὲκ
1561 4127 1766 4198 μέρους
1800 4139 2008 4193 καταρ-

417 4231 750 4303 γηθήσεται.

2113 3088 2403 3143 scientiam
2432 3094 2488 3141 et
2530 3084 2881 3156 prophetiam
2927 3094 2983 3139 et
3027 3084 3269 3155 Spiritus
3303 3087 3479 3140 sancti
3512 3088 3706 3142 arrha-

2110 3180 2335 3245 honem,
2373 3195 2484 3233 non
2511 3195 2646 3233 vero
2685 3178 2856 3247 ipsam
2885 3178 3289 3247 plenitudinem
3320 3179 3524 3245 habet;
3568 3198 3708 3235 ven-

2113 3282 2270 3327 turus
2312 3272 2525 3327 scilicet
2560 3270 2859 3339 aliquando
2896 3278 3019 3339 post
3046 3273 3374 3325 saeculorum
3410 3271 3595 3338 ﬁnem,
3637 3275 3703 3328 ad

2111 3364 2413 3435 perfectam
2450 3364 2598 3417 illam
2646 3364 2895 3431 requiem
2937 3363 3265 3433 beatamque
3312 3374 3541 3430 sortem,
3583 3382 3705 3434 qum

2111 3458 2296 3527 dignis
2331 3456 2636 3524 electisque
2676 3457 2850 3524 ipsam
2892 3454 2947 3507 in
2980 3470 3038 3508 se
3069 3455 3209 3509 facie
3237 3455 3305 3508 ad
3346 3455 3543 3510 faciem
3574 3462 3701 3510 v‘erc

2109 3550 2465 3604 exsistentem
2511 3547 2802 3601 veritatem
2852 3545 3110 3600 ostendet
3153 3561 3168 3600 :
3217 3547 3293 3600 ita
3338 3547 3603 3601 nimirum
3644 3560 3703 3601 ut

2110 3657 2220 3696 non
2260 3639 2497 3708 amplius
2528 3655 2594 3692 ex
2636 3637 2980 3707 plenitudine
3009 3638 3166 3707 quasi
3217 3638 3533 3707 decerptam
3580 3656 3699 3708 par-

2114 3736 2221 3781 tem
2248 3726 2509 3789 habeant,
2546 3726 2640 3779 sed
2666 3725 2841 3794 ipsam
2876 3733 3044 3779 totam
3076 3728 3265 3796 gratiae
3298 3727 3702 3795 plenitudinem

2112 3821 2415 3877 secundum
2501 3820 2979 3890 participationem
3060 3821 3323 3876 referant.
3396 3822 3487 3876 Ait
3553 3823 3700 3877 enim

2112 3909 2410 3978 Apostolus
2448 3909 2589 3972 fore,
2642 3917 2701 3961 ut
2735 3917 3078 3962 occurramus
3119 3926 3298 3963 omnes
3331 3911 3447 3979 (qui
3491 3911 3704 3966 scilicet

2112 4002 2347 4057 salutem
2373 3999 2805 4070 consequemur)
2843 4001 2897 4052 in
2927 4002 3098 4053 virum
3129 4002 3444 4071 perfectura,
3466 4004 3522 4056 in
3552 4020 3701 4056 men-

2111 4110 2297 4149 suram
2343 4094 2517 4147 artatis
2560 4091 2903 4163 plenitudinis
2956 4091 3154 4147 Christi
3194 4094 3241 4125 ⁵³
3280 4112 3290 4146 :
3332 4096 3388 4147 in
3432 4111 3536 4164 quo
3577 4106 3701 4148 sunt

2114 4202 2292 4242 omnes
2334 4187 2567 4240 thesauri
2605 4186 2882 4256 sapientia:
2933 4195 2980 4239 et
3027 4187 3261 4240 scicntia:
3293 4188 3582 4241 abscondili
3623 4191 3698 4253 δὴ

2115 4296 2221 4351 qua
2246 4279 2486 4350 prodita,
2515 4279 2875 4333 evacuabitur
2898 4280 3043 4348 quod
3077 4295 3143 4332 cx
3175 4290 3328 4349 parte
3359 4280 3593 4334 exsistit.

494 4409 608 4481 ⁸κη’.
640 4406 875 4480 Ζητοῦσί
928 4422 1097 4469 τινες,
1143 4403 1264 4466 πῶς
1302 4402 1458 4461 ἔσται
1515 4398 1624 4453 τῶν
1671 4395 2008 4465 ἀξιουμένων

2185 4382 2272 4438 88.
2321 4383 2461 4438 Sunt
2487 4382 2580 4451 qui
2618 4394 2887 4451 quaerant,
2928 4381 3182 4451 quisnam
3219 4378 3439 4437 futurus
3478 4384 3550 4437 sit
3591 4393 3705 4439 sta-

417 4505 522 4574 τῆς
565 4505 623 4557 ὲν
659 4505 724 4573 τῇ
766 4498 1015 4571 βασιλεία
1046 4496 1142 4550 τοῦ
1193 4495 1330 4548 Θεοῦ
1372 4492 1711 4560 τελειότητος
1756 4490 1790 4560 ἡ
1843 4488 2013 4541 κατά-

420 4610 617 4655 στασις
641 4608 656 4623 ⁸
698 4591 927 4661 πότερον
960 4590 1104 4642 κατὰ
1156 4585 1441 4655 προκοπὴν
1487 4582 1581 4635 καὶ
1614 4580 1913 4650 μετάϐασιν
1935 4620 1947 4641 ,
1979 4579 2011 4646 ἢ

419 4682 567 4737 κατὰ
593 4680 692 4748 τὴν
735 4683 791 4732 ἐν
822 4679 1009 4732 στάσει
1040 4676 1384 4745 ταυτότητα⁸
1421 4674 1539 4736 πῶς
1575 4689 1635 4724 τε
1670 4670 1738 4724 τὰ
1783 4668 2014 4738 σώματα

390 4766 521 4829 ’καὶ
554 4774 651 4837 τὰς
692 4773 873 4842 ψυχὰς
913 4767 1052 4823 εἶναι
1083 4767 1261 4839 χρεὼν
1315 4765 1743 4834 ὑπολαμϐάνειν.
1774 4760 1919 4832 Πρὸς
1949 4759 2012 4830 δὴ

418 4868 584 4923 τοῦτο
643 4861 1018 4935 ποχαστικῶς
1062 4862 1181 4931 ἐρεῖ
1217 4877 1321 4923 τις,
1359 4859 1439 4911 ὅτι
1491 4855 1745 4924 καθάπερ
1792 4854 1886 4905 ἐπὶ
1920 4852 2017 4923 τῆς

424 4958 753 5031 σωματικῆς
784 4956 933 5026 ζωῆς
966 4954 1151 5016 διττός
1193 4954 1342 5005 ἐστιν
1375 4952 1403 5004 6
1432 4949 1533 5018 τῆς
1572 4945 1784 5019 τροφῆς
1814 4944 1972 5013 λόγος
2000 4958 2013 4972 ·

422 5056 455 5108 6
483 5054 583 5122 μὲν
614 5050 751 5122 πρὸς
787 5048 1017 5118 αὔξησιν
1038 5085 1052 5110 ,
1084 5047 1112 5098 6
1139 5044 1195 5097 δὲ
1233 5042 1369 5114 πρὸς
1392 5040 1724 5111 συντήρησιν
1753 5036 1860 5089 τῶν
1893 5051 2020 5107 τρε-

426 5146 684 5214 φομένων
712 5164 724 5175 ·
773 5143 970 5211 μέχρις
1015 5133 1075 5192 οῦ
1107 5137 1216 5209 γὰρ
1250 5135 1545 5205 φθάσωμεν
1577 5132 1639 5184 τὸ
1672 5130 1879 5183 τέλειον
1918 5128 2018 5198 τῆς

428 5236 752 5307 σωματικῆς
784 5234 1022 5304 ἡλικίας,
1052 5231 1369 5301 τρεφόμεθα
1408 5227 1543 5298 πρὸς
1586 5222 1814 5291 αῦξησιν
1836 5240 1848 5252 ο
1868 5222 2018 5273 ἐπει-

425 5332 529 5385 δὰν
560 5331 615 5383 δὲ
658 5330 719 5380 τὸ
770 5327 931 5397 σῶμα
965 5329 1062 5395 στῇ
1112 5324 1212 5393 τῆς
1270 5325 1352 5384 εἰς
1411 5320 1643 5391 μέγεθος
1696 5317 2014 5377 ἐπιδόσεως,

428 5423 614 5476 οὐκέτι
645 5421 907 5492 τρέφεται
942 5418 1082 5488 πρὸς
1135 5416 1383 5486 αὔξησιν,
1408 5413 1545 5467 ἀλλὰ
1585 5411 1721 5481 πρὸς
1757 5408 2019 5475 συντήρη-

432 5534 541 5568 σιν.
578 5512 764 5575 υῦτως
791 5511 887 5565 καὶ
919 5510 1010 5561 ἐπὶ
1054 5511 1151 5579 τῆς
1190 5506 1366 5576 ψυχῆς
1415 5502 1589 5563 διττὸς
1622 5504 1651 5554 6
1685 5499 1784 5568 τῆς
1813 5496 2015 5567 τροφῆς

433 5608 611 5677 λόγος.
642 5604 914 5677 Τρέφεται
956 5600 1056 5672 γὰρ
1095 5600 1480 5671 προκόπτουσα
1513 5595 1633 5656 ταῖς
1668 5591 1890 5662 ἀρεταῖς
1924 5587 2018 5639 καὶ

510 5763 556 5794 ⁵¹
586 5759 763 5819 Exod.
790 5774 878 5823 xv,
906 5755 991 5809 18.
1076 5754 1122 5787 ⁸³
1150 5751 1354 5822 Ephes.
1391 5766 1464 5816 tv,
1506 5748 1592 5802 15.

2118 4486 2206 4529 tus
2242 4489 2435 4529 eorum
2471 4475 2567 4544 qui
2598 4473 3020 4541 permotionem,
3040 4489 3163 4542 quae
3189 4473 3245 4527 in
3276 4490 3448 4545 regno
3471 4475 3568 4529 Dei
3598 4486 3705 4541 est,

2115 4572 2563 4634 consequentur;
2628 4571 2816 4617 utrum
2886 4563 3194 4617 secundum
3265 4564 3574 4631 profectum
3644 4582 3706 4618 ac

2117 4654 2503 4718 mutationem,
2550 4669 2620 4706 an
2662 4652 2967 4708 secundum
3022 4652 3271 4706 eamdem
3333 4654 3451 4707 tixze
3503 4655 3707 4721 quietis

2117 4746 2559 4821 possessionem;
2590 4760 2701 4813 quo
2736 4745 2866 4798 item
2893 4744 3057 4798 modo
3088 4759 3146 4797 se
3170 4754 3285 4797 tum
3312 4760 3564 4814 corpora,
3590 4756 3705 4800 tum

2118 4837 2333 4891 animas
2392 4851 2514 4891 esse
2577 4834 2901 4897 habituras,
2961 4837 3033 4890 sit
3092 4834 3542 4889 existimandum.
3602 4834 3701 4890 Cui

2116 4928 2407 5000 qumsuoni
2451 4929 2525 4982 ita
2562 4927 2687 4996 quis
2736 4927 2883 4981 haud
2927 4928 3078 4981 inani
3116 4929 3437 4996 conjectura
3482 4944 3709 4998 respon-

2117 5022 2275 5085 deat;
2316 5018 2468 5088 quod
2511 5032 2732 5086 nempe,
2775 5018 2919 5073 sicut
2957 5017 3011 5069 in
3047 5016 3322 5085 corporali
3362 5017 3476 5069 vita
3507 5015 3707 5085 duplex

2117 5130 2202 5177 est
2242 5118 2489 5175 alimenti
2535 5117 2703 5183 ratio;
2740 5118 2913 5171 altera
2950 5117 3198 5185 quidem,
3246 5116 3314 5169 ad
3356 5130 3709 5186 augmentum

2120 5212 2465 5283 provehens;
2501 5210 2672 5263 altera
2710 5226 2862 5273 vero,
2900 5209 2965 5262 ad
3018 5223 3209 5261 eorum
3247 5208 3343 5277 qui
3386 5208 3715 5263 nutriuntur

2117 5306 2412 5361 conferens
2450 5297 2955 5358 conservationem.
2994 5300 3250 5366 Quandiu
3294 5301 3441 5356 enim
3479 5302 3715 5354 necdum
3752 5324 3763 5333 ο

2116 5399 2416 5469 perfectam
2447 5396 2697 5465 corporis
2735 5406 3003 5450 staturam
3050 5395 3363 5463 molemque
3409 5394 3714 5462 attigimus,

2117 5490 2398 5545 nutrimur
2449 5499 2507 5541 ut
2551 5502 2853 5556 augeantur
2892 5506 2903 5539 :
2958 5486 3055 5539 ubi
3107 5495 3291 5540 autem
3334 5500 3537 5553 corpus
3585 5498 3717 5551 aug-

2118 5582 2290 5639 menti
2322 5579 2485 5635 liucui
2528 5578 2743 5645 fecerit,
2789 5596 2896 5633 non
2942 5578 3183 5648 amplius
3215 5578 3458 5631 nutritur
3502 5584 3563 5628 ut
3619 5588 3718 5626 au-

1671 5746 1717 5777 ”
1752 5744 1772 5799 l
1801 5742 1930 5797 Cor.
1968 5754 2085 5805 xm,
2116 5736 2203 5791 10.
