4020 6424
413 468 550 536 1169

1257 467 1599 528 CAPITUM'
1633 465 1892 526 I‘HEOL.
1925 463 2018 524 ET
2058 461 2294 522 (ECON.
2334 461 2721 522 CENTURIA
2750 464 2844 528 IL.

3552 467 3701 532 1170-

412 582 582 652 αὐτῆς
619 578 758 634 κατὰ
787 578 1025 632 διάθεσιν
1071 577 1308 649 σχέσεώς
1343 579 1522 630 ἐστιν·
1563 577 1624 631 Ἠ
1672 575 1778 646 γὰρ
1812 576 1990 640 ,ϐασι-

2111 571 2206 626 r'lh'c
2241 572 2322 636 ⁵⁹;
2357 572 2450 627 sed
2482 580 2542 627 ut
2564 588 2778 639 eorum,
2806 573 2897 643 qui
2933 576 3026 630 illo
3047 576 3199 649 digni
3233 587 3382 644 sunt,
3403 579 3470 636 ad
3503 581 3684 651 ipsum

407 674 544 730 λεία
572 673 677 727 τοῦ
716 671 885 736 Θεοῦ,
923 672 1107 742 φησιν,
1132 669 1307 737 ἐντὸς
1347 670 1513 740 ὑμῶν
1551 670 1741 723 ἐστιν.

485 854 592 921 νβ’.
627 854 692 906 Ἢ
728 851 822 905 τοῦ
864 849 1000 904 Θεοῦ
1049 851 1144 903 καὶ
1193 849 1406 918 Πατρός
1447 848 1693 919 βασιλεία
1723 889 1737 916 ,
1769 847 1994 916 δυνάμει

413 945 514 1014 μὲν
538 945 596 996 ὲν
631 944 764 996 πᾶσί
800 945 950 996 ἐστιν
998 944 1112 1006 τοῖς
1145 941 1493 995 πιστεύουσιν
1525 959 1537 970 ·
1572 940 1824 1011 ἐνεργείᾳ
1854 939 1909 992 δὲ
1939 941 1998 991 ἐν

407 1039 524 1100 τοῖς
562 1035 925 1104 ἀποθεμένοις
959 1035 1134 1088 διόλου
1171 1033 1468 1096 διαθέσεως
1500 1033 1682 1086 πᾶσαν
1722 1031 1820 1102 τὴν
1856 1031 1998 1084 κατά

409 1127 576 1196 φύσὶν
604 1127 786 1198 ψυχῆς
805 1143 862 1179 τε
889 1128 984 1179 καὶ
1013 1126 1265 1195 σώματος
1310 1125 1478 1195 ζωὴν,
1518 1124 1612 1177 καὶ
1655 1123 1824 1193 μόνην
1865 1139 1989 1191 κτη-

413 1219 676 1290 σαμένοις
725 1220 826 1289 τὴν
871 1217 966 1271 τοῦ
1015 1217 1369 1287 πνεύματος,
1419 1216 1512 1268 καὶ
1549 1215 1867 1285 δυναμένοις
1913 1213 2002 1266 λέ-

411 1330 575 1381 γειν·
624 1312 716 1366 Ζῶ
742 1311 850 1377 δὲ,
886 1310 1090 1366 οὐκέτι
1149 1309 1298 1379 ἐγὼ,
1331 1306 1398 1376 ζῇ
1459 1307 1527 1360 δὲ
1574 1307 1645 1360 ἐν
1689 1306 1815 1375 ἐμοί
1869 1308 2001 1374 Χρι-

411 1405 582 1470 στός.

487 1502 595 1565 ιιγθ.
634 1495 746 1566 Τὴν
787 1495 1070 1566 βασιλείαν
1112 1493 1221 1547 τῶν
1262 1491 1512 1564 οὐρανῶν
1544 1486 1683 1543 εἷναί
1732 1503 1877 1548 τινες
1911 1485 2001 1538 λέ-

411 1604 597 1656 γουσι,
635 1587 735 1657 τὴν
764 1587 824 1638 ἐν
856 1586 1106 1656 οὐρανοῖς
1131 1585 1241 1637 τῶν
1276 1583 1443 1650 ἀξίων
1489 1581 1790 1648 διαγωγήνο
1821 1577 2002 1648 ἕτεροι

411 1679 492 1743 δὲ,
527 1677 625 1750 τὴν
653 1678 850 1748 ὁμοίαν
889 1681 1002 1741 τοῖς
1042 1675 1298 1745 ἀγγέλοις
1329 1675 1438 1727 τῶν
1468 1673 1794 1743 σωζομένων
1836 1670 2004 1723 κατά-

415 1785 609 1822 στασιν
629 1783 645 1799 ·
672 1769 820 1822 ἄλλοι
843 1769 920 1831 δὲ,
952 1769 1012 1821 τὸ
1044 1763 1180 1830 εἶδος
1217 1767 1348 1820 αὐτὸ
1386 1765 1483 1835 τῆς
1514 1764 1702 1833 θεῖκῆς
1735 1761 2011 1832 ὡραιότηι

412 1878 507 1924 τος
543 1861 654 1914 τῶν
705 1862 1054 1932 φορεσάντων
1100 1860 1202 1929 τὴν
1251 1858 1435 1911 εἰκόνα
1475 1855 1571 1909 τοῦ
1617 1852 1998 1924 Ἐπουρανίου.

413 1955 713 2025 Συνᾴδουσι
747 1954 803 2008 δὲ
832 1956 897 2024 τῇ
933 1952 1184 2023 ἀληθείᾳ,
1215 1951 1356 2004 κατά
1399 1949 1461 2002 τὸ
1499 1947 1624 2019 ἐμοὶ
1660 1945 1872 2011 δοκοῦν,
1907 1944 2000 1998 καὶ
2031 1937 2074 1994 Β

413 2048 474 2101 αἱ
499 2050 646 2118 τρεῖς
672 2047 803 2118 περὶ
835 2047 1026 2100 τούτου
1050 2045 1222 2111 δόξαι..
1262 2043 1402 2096 [ἰᾶσι
1429 2040 1538 2112 γάρ
1570 2038 1711 2094 κατὰ
1743 2039 1843 2110 τὴν
1867 2039 1999 2092 ἀνα-

412 2138 605 2206 λογίαν
643 2138 744 2208 τῆς
795 2139 852 2190 ὲν
889 2137 1075 2198 αὐτοῖς
1107 2133 1250 2187 κατὰ
1289 2131 1442 2184 ποιόν
1476 2148 1537 2183 τε
1581 2131 1678 2184 καὶ
1715 2130 1884 2182 ποσὸν
1921 2127 2003 2180 δι-

415 2230 731 2301 καιοσύνης,
767 2232 800 2300 ἡ
837 2228 1106 2300 μέλλουσα
1136 2225 1334 2280 δίδοται
1365 2224 1544 2294 χάρις.

489 2408 592 2476 ἥδ’.
631 2409 776 2471 Ἕως
823 2409 947 2462 ὅτου
996 2405 1139 2459 κατὰ
1176 2404 1275 2475 τὴν
1319 2403 1631 2476 πρακτικὴν
1658 2401 2001 2472 φιλοσοφίαν,

414 2501 690 2573 ἀνδρικῶς
741 2501 870 2561 τοὺς
904 2499 1079 2561 θείους
1128 2496 1464 2568 διεξέρχεταί
1502 2513 1586 2558 τις
1614 2494 1832 2564 ἀγῶνας
1858 2510 1870 2522 ·
1912 2491 2004 2546 τὸν

413 2591 509 2645 διὰ
533 2591 643 2645 τῶν
671 2590 903 2645 ἐντολῶν
935 2589 1220 2656 ἐξελθόντα
1250 2587 1403 2658 παρὰ
1439 2585 1534 2639 τοῦ
1565 2585 1777 2654 Πατρὸς
1810 2584 1890 2647 είς
1914 2583 2004 2638 τὸν

414 2684 644 2756 κόσμον,
677 2684 812 2754 παρ’
843 2682 1018 2750 ἑαυτῷ
1047 2681 1268 2750 κατέχει
1300 2679 1496 2747 Λόγον.
1534 2677 1787 2731 Ἐπειδὰν
1808 2676 1866 2729 δὲ
1895 2675 2004 2729 τῶν

414 2776 560 2830 κατὰ
604 2775 705 2845 τὴν
751 2772 951 2844 πρᾶξιν
989 2772 1127 2845 πρὸς
1170 2771 1241 2824 τὰ
1289 2770 1436 2840 πάθη
1471 2768 1868 2838 παλαισμάτων
1897 2767 2003 2837 ἀφ-

415 2868 634 2939 έμενος,
669 2866 744 2930 ὡς
765 2864 991 2937 νικητὴς
1013 2862 1200 2916 παθῶν
1229 2863 1323 2914 καὶ
1352 2861 1622 2930 δαιμόνων
1645 2857 2001 2928 ἀποφανθεὶς,

416 2963 558 3034 πρὸς
597 2963 698 3033 τὴν
738 2960 828 3014 διά
884 2959 1116 3029 θεωρίας
1162 2955 1469 3024 γνωστικὴν
1519 2953 1755 3024 μετέλθῃ
1792 2953 2007 3023 φιλοσο-

416 3055 571 3125 φίαν,
617 3052 892 3123 συγχωρεῖ
940 3049 1019 3122 τῷ
1058 3049 1216 3118 Λόγῳ
1254 3046 1529 3115 μυστικῶς
1581 3047 1798 3114 ἀφεῖναι
1843 3044 2006 3099 πάλιν

414 3147 512 3202 τὸν
541 3147 770 3217 κόσμον,
815 3143 911 3197 καὶ
959 3140 1295 3212 πορευθῆναι
1335 3137 1470 3211 πρὸς
1496 3138 1590 3190 τὸν
1631 3136 1876 3207 Πατέρα.
1917 3136 2007 3190 Διό

419 3257 586 3309 φησιν
622 3241 651 3291 ὁ
679 3236 884 3306 Κύριος
911 3237 1023 3297 τοῖς
1057 3232 1447 3304 μαθηταῖς,ὅτι
1474 3229 1675 3300 ’Υμεῖς
1699 3229 1804 3299 ἐμὲ
1829 3245 2006 3298 πεφι-

418 3327 669 3393 λήκατε,
691 3326 789 3379 καί
820 3323 1264 3377 πεπιστεύκατε
1291 3321 1380 3374 ὅτι
1408 3317 1523 3388 ἐγὼ
1547 3318 1706 3387 παρὰ
1731 3319 1840 3373 τοῦ
1856 3317 2006 3372 Θεοῦ

415 3418 704 3489 ἐξῆλθον.
763 3405 1064 3484 Ἐξῆλθον
1109 3414 1270 3483 παρὰ
1301 3411 1408 3467 τοῦ
1451 3411 1703 3480 Πατρός,
1739 3409 1838 3464 καὶ
1863 3410 2008 3478 έλή-

417 3514 579 3565 λυθα
609 3511 696 3576 εῑς
726 3509 836 3562 τόν
869 3509 1125 3576 κόσμον·
1155 3503 1342 3558 πάλιν
1377 3503 1593 3572 ἀφίημι
1618 3501 1724 3554 τὸν
1749 3501 2004 3569 κόσμον,

416 3601 520 3656 καί
567 3601 891 3670 πορεύομαι
946 3597 1095 3666 πρὸς
1125 3596 1236 3650 τὸν
1279 3593 1547 3662 Πατέρα·
1595 3593 1798 3660 κόσμον
1837 3591 2006 3644 εἰπὼν

415 3693 605 3764 τυχὸν,
636 3691 737 3763 τὴν
777 3689 920 3744 κατὰ
970 3687 1067 3757 τὴν
1115 3687 1313 3757 πρᾶξιν
1353 3685 1460 3737 τῶν
1510 3683 1720 3752 ἀρετῶν
1751 3681 2006 3735 ἐπίπονον

417 3784 686 3856 ἐργασίαν
709 3799 724 3814 ο
770 3780 992 3850 Πατέρα
1039 3779 1118 3842 δὲ,
1165 3778 1262 3848 τὴν
1297 3775 1438 3828 κατά
1473 3773 1598 3827 νοῦν
1637 3773 2006 3844 ὐπερκόσμιον

419 3872 518 3926 καὶ
556 3870 756 3933 παντὸς
792 3868 1084 3937 ἐλευθέραν
1119 3865 1303 3920 ὐλικοῦ
1341 3867 1690 3934 φρονήματος
1730 3864 2005 3917 κατάστα-

422 3978 531 4015 σιν’
567 3961 692 4014 καθ’
720 3963 786 4031 ἢν
813 3961 870 4012 ὲν
893 3960 1024 4030 ἡμῖν
1067 3959 1096 4011 ὁ
1130 3956 1223 4010 τοῦ
1263 3955 1400 4008 Θεοῦ
1434 3955 1647 4023 γίνεται
1686 3954 1877 4024 Λόγος,
1908 3956 2004 4025 τῆς

419 4053 564 4126 πρὸς
591 4053 660 4107 τὰ
683 4052 830 4122 πάθη
869 4051 965 4104 καὶ
991 4049 1117 4112 τοὺς
1143 4047 1405 4118 δαίμονας
1449 4048 1630 4118 μάχης
1665 4047 1997 4118 παυόμενος.

497 4143 598 4213 ιε’.
638 4145 698 4198 '0
737 4141 990 4212 δυνηθεὶς
1027 4139 1302 4210 νεκρῶσαι
1350 4137 1438 4191 διὰ
1480 4136 1735 4206 πράξεως
1771 4138 1840 4191 τὰ
1869 4138 2006 4210 μέλη

417 4239 495 4293 τὰ
525 4238 618 4291 ἐπὶ
657 4235 758 4304 τῆς
796 4235 918 4302 γῆς,
939 4233 1033 4287 καὶ
1066 4231 1291 4298 νικῆσαι
1320 4230 1408 4283 διὰ
1434 4229 1530 4282 τοῦ
1571 4230 1748 4298 Λόγου
1782 4230 1891 4282 τῶν
1925 4233 2009 4284 ἐν·

418 4327 594 4384 τολῶν
625 4327 717 4380 τὸν
744 4328 800 4378 ὲν
827 4323 978 4395 αὐτῷ
1007 4322 1116 4378 τῶν
1149 4321 1336 4376 παθῶν
1373 4321 1598 4391 κόσμον,
1620 4321 1874 4392 οὐδεμίαν
1897 4322 2008 4386 ἕξει

396 4419 612 4475 ’λοιπὸν
642 4417 853 4486 θλίψιν·
884 4416 977 4469 τὸν
1015 4414 1220 4485 κόσμον
1263 4413 1430 4476 ἐάσας
1484 4412 1605 4483 ἤδη,
1638 4413 1730 4465 καὶ
1776 4414 1834 4467 ὲν
1875 4415 2011 4485 Χρι-

424 4511 543 4583 στῷ
569 4509 957 4580 γεγενημένος,
989 4506 1065 4578 τῷ
1089 4506 1181 4561 τὸν
1211 4507 1416 4577 κόσμον
1446 4504 1728 4573 νικήσαντι
1759 4503 1870 4558 τῶν
1904 4524 2010 4559 πα-

422 4603 559 4667 θῶν,
601 4601 696 4653 καὶ
723 4601 903 4667 πάσης
943 4597 1167 4669 εἰρήνης
1197 4593 1438 4666 χορηγῷ.
1474 4595 1534 4646 '0
1573 4593 1681 4664 γὰρ
1713 4593 1811 4664 τὴν
1841 4611 2010 4667 προσ.

422 4695 662 4748 πάθειαν
703 4692 813 4747 τῶν
855 4690 1058 4745 ὐλικῶν
1102 4689 1178 4762 μὴ
1221 4690 1403 4758 ἀφεὶς,
1443 4686 1532 4740 διὰ
1582 4685 1784 4750 παντὸς
1833 4686 2012 4757 θλίψιν

423 4786 565 4852 ἕξει⁸
610 4787 722 4848 τοῖς
785 4783 929 4838 κατά
986 4781 1148 4851 φύσιν
1195 4780 1600 4850 ἁλλοιουμένοις
1645 4777 1742 4846 τὴν
1785 4778 2012 4849 γνώμην

429 4877 938 4949 συναλλοιούμενος.
995 4875 1053 4928 '0
1077 4875 1136 4927 δὲ
1167 4873 1460 4942 γενόμενος
1503 4873 1561 4925 ὲν
1612 4871 1858 4944 Χριστῷ,
1889 4870 2014 4924 κατ’

426 4973 622 5029 οὐδένα
669 4973 826 5041 λόγον
862 4968 1184 5039 αἰσθήσεται
1227 4967 1328 5037 τῆς
1369 4966 1590 5021 οίασοῦν
1620 4967 1811 5034 ὑλικῆς
1849 4980 2015 5035 μετα-

426 5063 713 5124 πτώσεως.
756 5061 847 5112 Διό
887 5073 1055 5127 φησιν
1105 5059 1134 5109 ὁ
1187 5054 1414 5125 Κύριος·
1467 5054 1658 5108 Ταῦτα
1698 5052 2015 5119 λελάληκα

426 5152 596 5222 ὑμῖν,
627 5152 745 5205 ,ἵνα
779 5151 852 5204 ἐν
876 5147 1007 5218 ἐμοι
1043 5145 1296 5216 εἰρήνην
1336 5144 1535 5213 ἔχητε.
1577 5145 1679 5199 Ἐν
1701 5143 1781 5209 τῷ
1810 5146 2015 5213 κόσμῳ

429 5243 644 5311 θλίψιν
680 5241 868 5305 ἕξετε*
900 5238 1065 5293 ἀλλὰ
1108 5236 1401 5305 θαρσεῖτε,
1443 5235 1560 5304 ἐγὼ
1591 5235 1880 5302 νενίκηκα
1911 5235 2016 5288 τὸν

428 5337 686 5404 κόσμον.
716 5335 1029 5396 Τουτέστιν,
1069 5331 1159 5384 Ἐν
1197 5330 1320 5398 ἐμοὶ
1357 5327 1436 5399 τῷ
1480 5329 1638 5398 Λόγῳ
1666 5328 1764 5398 τῆς
1791 5328 2016 5397 ἀρετῆς,

429 5429 655 5500 εἰρήνην
682 5426 853 5497 ἔχετε·
883 5423 1293 5494 ἀπηλλαγμένοι
1323 5422 1420 5491 τῆς
1465 5419 1574 5473 τῶν
1605 5420 1803 5472 ὑλικῶν
1829 5418 2017 5472 παθῶν

428 5537 494 5573 τε
530 5519 626 5572 καὶ
652 5517 996 5586 πραγμάτων
1045 5510 1395 5584 στροϐώσεώς
1443 5527 1499 5562 τε
1540 5510 1634 5563 καὶ
1670 5510 1932 5580 ταραχῆς·
1959 5511 2015 5562 ἐν

432 5611 490 5662 δὲ
515 5609 592 5679 τῷ
618 5609 829 5678 κόσμῳ,
870 5606 1148 5659 τουτέστιν
1190 5607 1247 5656 ἐν
1279 5605 1342 5674 τῇ
1385 5602 1729 5671 προσπαοείᾳ
1760 5602 1869 5653 τῶν
1899 5602 2014 5654 ὑλι-

435 5703 587 5764 κῶν,
631 5701 832 5769 θλίψιν,
887 5699 975 5752 διὰ
1019 5699 1118 5768 τὴν
1153 5694 1332 5750 αὐτῶν
1387 5693 1788 5763 ἀλλεπάλληλον
1845 5695 2014 5762 μετά-

509 5816 554 5847 ⁵³
586 5816 720 5868 an.
750 5832 877 5876 xv”,
902 5815 988 5867 εἶθ.
1069 5817 1109 5842 5“
1147 5813 1280 5866 Ibid.
1312 5812 1396 5864 9i.
1478 5812 1518 5838 δί’
1545 5809 1718 5863 Galnt.
1757 5825 1811 5873 ιι,
1839 5811 1924 5864 ‘20.

439 5887 486 5917 ⁸³
516 5886 670 5941 Jean.
699 5902 805 5947 xw,
840 5885 926 5938 55.

1975 3275 2076 3334 ~C

2097 665 2329 721 aﬂ‘ectus
2351 665 2706 721 necessitudo
2729 665 3091 736 signiﬁcetur.
3127 670 3365 741 Regnum
3385 675 3533 728 enim
3564 675 3682 740 Dei,

2097 757 2298 826 inquit,
2331 758 2472 811 intra
2495 774 2583 810 vos
2622 765 2698 810 est
2730 757 2796 810 ‘9.

2167 848 2256 903 92.
2289 849 2384 904 Dei
2411 865 2473 903 ac
2500 850 2678 904 Patris
2712 866 2962 922 regnum,
2999 853 3247 921 potentia
3273 852 3434 922 509
3461 857 3683 924 quidem

2104 940 2157 994 in
2211 942 2430 996 eunetis
2461 941 2720 997 ﬁdelibus
2749 951 2834 998 est
2855 962 2868 1009 ;
2893 952 3019 998 actu
3055 959 3208 1008 vero,
3240 944 3296 998 in
3331 945 3442 998 illis
3469 948 3562 1015 qui
3593 965 3688 1001 na-

2099 1035 2262 1088 turali
2313 1035 2462 1088 omni
2521 1034 2692 1089 animi
2744 1037 3104 1107 corporisque
3145 1037 3255 1091 vita
3290 1036 3489 1092 aﬂ‘cctu
3537 1041 3688 1094 omni

2099 1126 2335 1197 abjecta,
2359 1125 2665 1196 spiritalem
2685 1126 2954 1184 duntaxat
2969 1129 3117 1184 nacti
3145 1138 3273 1185 sunt
3296 1148 3310 1197 ;
3347 1143 3689 1202 possuntque

2100 1218 2325 1274 dicere:
2369 1218 2490 1273 Vivo
2521 1236 2648 1290 ego;
2675 1220 2795 1290 jam
2837 1237 2938 1275 non
2973 1237 3107 1292 ego:
3147 1223 3273 1276 vivit
3305 1233 3483 1278 autem
3517 1227 3573 1279 in
3610 1242 3692 1279 me

2101 1305 2341 1361 Christus
2366 1307 2433 1361 δί’.

2170 1505 2259 1561 93.
2291 1505 2538 1577 Regnum
2566 1508 2834 1564 malorum
2862 1509 3088 1580 quidam
3119 1527 3241 1567 esse
3285 1512 3497 1577 dicunt,
3524 1528 3688 1583 quam

2102 1597 2157 1651 in
2188 1596 2344 1652 cmlis
2388 1596 2540 1668 digni
2573 1605 2738 1668 atque
2781 1600 2946 1656 electi
3002 1602 3127 1657 vitae
3171 1604 3443 1660 rationem
3485 1615 3684 1678 agunt;

2100 1689 2214 1754 alii,
2246 1703 2443 1744 eorum
2469 1691 2564 1762 qui
2602 1691 2839 1747 salutem
2873 1704 3296 1764 consequuntur
3347 1699 3556 1770 angelis
3595 1716 3692 1770 pa-

2102 1796 2219 1837 rem
2251 1789 2489 1850 statum;
2524 1783 2617 1838 alii
2641 1784 2916 1856 denique,
2982 1786 3156 1856 ipsam
3203 1788 3438 1844 formam
3487 1791 3692 1847 divinae

2102 1873 2556 1942 pulchritudinis,
2585 1891 2804 1942 eorum,
2829 1876 2924 1944 qui
2954 1876 3212 1934 Caelestis
3235 1880 3529 1952 imaginem
3557 1899 3688 1953 por—

2104 1971 2224 2021 tant
2245 1965 2311 2018 ⁸³.
2347 1965 2942 2034 Consentiuntautem,
3006 1977 3065 2024 ut
3118 1971 3343 2040 quidem
3393 1974 3688 2039 existimo,

2103 2064 2520 2126 consonantque
2568 2057 2790 2114 veritati
2833 2068 2946 2115 tres
2977 2059 3084 2115 illa:
3115 2062 3426 2116 sentcntiae.
3459 2062 3691 2120 Cunctis

2103 2147 2274 2212 enim,
2300 2164 2402 2218 pro
2435 2158 2552 2204 rata
2582 2150 2834 2221 iustitiae,
2861 2167 2970 2222 qua
3001 2153 3240 2222 quisque
3277 2155 3544 2224 przeditus
3569 2164 3654 2211 est
3675 2199 3687 2221 ,

2104 2239 2370 2309 qualitate
2399 2255 2463 2295 ac
2502 2242 2834 2312 quantitate,
2865 2242 3068 2299 futura:
3098 2260 3301 2300 munus
3331 2248 3521 2316 gratia:
3555 2263 3689 2303 con-

2018 2373 2020 2376 .
2104 2328 2301 2385 fertur.

2173 2422 2263 2477 94.
2295 2420 2550 2489 Quandiu
2593 2423 2717 2494 quis
2743 2439 2842 2494 per
2865 2425 3271 2497 philosophiam
3321 2427 3525 2482 actioni
3572 2435 3691 2482 stn-

2105 2509 2350 2578 dentem,
2395 2511 2582 2567 divina
2624 2523 2852 2570 strenue
2882 2515 3186 2571 certamina
3225 2516 3388 2586 gerit,
3421 2533 3567 2582 cum,
3595 2518 3690 2587 qui

2104 2614 2136 2654 a
2169 2601 2330 2656 Patre
2346 2603 2517 2658 exivit
2540 2619 2639 2674 per
2671 2613 2970 2675 praecepta,
3001 2616 3057 2660 et
3087 2606 3241 2660 venit
3281 2606 3337 2660 in
3375 2608 3641 2661 mundum
3674 2647 3688 2669 ,

2104 2691 2248 2760 apud
2279 2692 2678 2749 seSermonem
2706 2696 2938 2752 detinet.
2975 2698 3078 2754 Ubi
3116 2707 3299 2753 autem
3337 2698 3573 2754 actionis
3597 2699 3694 2753 ad-

2105 2797 2298 2838 versus
2321 2783 2554 2840 affectus
2591 2785 2836 2858 vitiaque
2863 2789 3011 2842 lucta
3039 2790 3278 2856 solutus,
3313 2791 3466 2844 velut
3495 2805 3690 2845 eorum

2106 2883 2271 2944 atque
2287 2876 2600 2932 daemonum
2623 2879 2804 2935 victor
2830 2881 3205 2946 renuntiatus,
3231 2899 3331 2952 per
3353 2883 3695 2952 contempla-

2107 2966 2314 3023 tionem
2338 2968 2407 3024 ad
2437 2969 2655 3025 doctam
2701 2987 2765 3026 ac
2798 2973 3102 3042 sapientem
3136 2975 3543 3045 philosophiam
3570 2975 3694 3028 ani-

2107 3073 2258 3114 mum
2309 3061 2690 3126 transtulerit,
2727 3063 3004 3138 Sermoni,
3063 3073 3123 3118 ut
3184 3065 3386 3119 iterum
3425 3065 3694 3119 mundum

2109 3149 2408 3220 relinquat,
2455 3160 2512 3208 et
2548 3153 2713 3207 vadat
2755 3153 2821 3208 ad
2855 3155 3106 3222 Patrem,
3145 3157 3438 3226 permittit.
3480 3157 3696 3212 Idcirco

2108 3256 2348 3311 namque
2392 3243 2469 3298 ait
2511 3243 2780 3299 Dominus
2809 3245 3100 3316 discipulis
3137 3265 3148 3300 :
3190 3247 3286 3302 Vos
3332 3264 3414 3302 me
3450 3251 3693 3314 amastis,

2115 3338 2165 3384 et
2196 3333 2488 3387 credidistis
2515 3335 2641 3403 quia
2668 3351 2700 3388 a
2724 3334 2834 3388 Deo
2861 3337 3017 3389 exivi.
3054 3336 3209 3391 Exivi
3230 3355 3262 3391 a
3288 3337 3472 3402 Patre,
3504 3347 3554 3390 et
3580 3340 3698 3392 veni

2113 3425 2171 3478 in
2215 3425 2508 3480 mundum:
2545 3428 2740 3480 iterum
2785 3426 3025 3496 relinquo
3054 3429 3332 3493 mundum,
3363 3438 3414 3482 et
3466 3430 3601 3483 vado
3626 3431 3697 3484 ad

2113 3514 2332 3569 Patrem
2363 3517 2409 3547 ⁸³
2455 3518 2771 3570 :mnndnm
2828 3518 2969 3572 forte
3026 3519 3349 3587 appellans,
3403 3534 3694 3588 operosam

2114 3605 2350 3660 actionis
2387 3604 2538 3659 cultu
2575 3605 2839 3660 virtutum
2871 3606 3247 3672 iunctionem;
3295 3607 3512 3661 Patrem
3539 3624 3693 3670 vero,

2113 3703 2320 3751 statum
2369 3696 2572 3751 mentis
2601 3698 2807 3752 mundo
2845 3699 3157 3763 celsiorem,
3191 3707 3249 3753 ct
3292 3699 3363 3753 ab
3412 3698 3561 3752 omni
3590 3707 3697 3753 ter-

2114 3804 2250 3843 reno
2305 3804 2471 3843 sensu
2519 3789 2755 3843 liberum
2790 3790 3048 3859 :qualem
3077 3790 3134 3844 in
3173 3790 3335 3844 nobis
3364 3789 3462 3844 Dei
3500 3790 3698 3844 Sermo

2119 3881 2375 3947 sortitur,
2408 3897 2436 3934 a
2466 3896 2649 3950 pugna
2672 3881 2940 3936 adversus
2968 3880 3202 3936 aﬂ'cetus
3242 3881 3486 3950 vitiaque
3531 3890 3698 3951 atque

2114 3970 2392 4026 daemones
2425 3981 2619 4026 nactus
2650 3972 2916 4042 requiem.

2183 4150 2274 4206 95.
2308 4150 2411 4216 Qui
2443 4151 2686 4206 actionis
2714 4151 2889 4215 cultu,
2923 4150 3172 4204 membra
3223 4165 3347 4220 qua:
3366 4157 3497 4205 sunt
3529 4167 3700 4220 super

2117 4249 2319 4295 terram
2358 4240 2694 4298 mortificare
2724 4242 2900 4297 valuit
2924 4242 2990 4307 "‘,
3044 4241 3442 4312 Sermonisque
3476 4242 3704 4298 manda-

2118 4340 2301 4388 torum
2328 4348 2433 4403 ope
2466 4342 2631 4404 atque
2659 4334 2736 4399 vi,
2769 4332 3068 4389 aﬂ'ectuum
3097 4333 3469 4404 vitiorumque
3498 4333 3552 4387 in
3583 4333 3704 4404 ipso

2118 4423 2385 4478 mundum
2431 4424 2653 4479 vincere
2693 4424 2897 4494 potuit,
2930 4425 3141 4479 nullam
3177 4424 3442 4494 deinceps
3478 4439 3704 4494 pressn~

2119 4531 2235 4569 ram
2284 4515 2535 4579 habebit,
2579 4514 2697 4582 qui,
2736 4515 2933 4569 relicto
2973 4517 3087 4586 jam
3123 4515 3370 4580 mundo,
3423 4520 3477 4567 ut
3533 4515 3604 4569 sit
3647 4515 3703 4568 in

2046 4633 2087 4686 υ
2115 4604 2338 4660 Christo
2363 4606 2554 4660 mundi
2580 4604 2878 4661 aﬂ‘cctuum
2915 4606 3182 4661 vitiorum
3216 4605 3428 4660 victore
3463 4621 3528 4659 ac
3551 4607 3706 4674 pacis

2115 4696 2296 4749 omnis
2316 4704 2565 4761 auctore,
2599 4705 2794 4751 nactus
2815 4696 2905 4752 sit.
2931 4696 3037 4763 Qui
3055 4697 3203 4751 enim
3243 4705 3590 4751 terrenorum
3619 4695 3701 4748 af-

2112 4785 2318 4839 fectum
2352 4799 2416 4840 ac
2464 4783 2755 4838 libidinem
2790 4801 2902 4839 non
2945 4784 3190 4854 reliquit,
3229 4799 3450 4854 semper
3479 4799 3706 4854 pressu—

2114 4888 2230 4927 ram
2258 4873 2515 4940 habebit;
2557 4874 2652 4943 qui
2682 4889 2881 4943 nempe
2909 4890 3017 4928 una
3049 4889 3174 4929 cum
3205 4873 3316 4927 illis
3355 4888 3480 4940 qua:
3504 4884 3705 4928 natura

2114 4974 2421 5031 mutantur,
2462 4965 2579 5035 ipse
2620 4965 2850 5035 perinde
2883 4966 3027 5021 alius
3064 4981 3132 5020 ex
3156 4965 3266 5019 alio
3289 4973 3556 5019 mutetur.
3591 4966 3702 5029 At,

2116 5057 2213 5127 qui
2253 5049 2450 5112 nactus
2504 5065 2588 5112 est
2650 5064 2710 5112 ut
2761 5058 2835 5112 sit
2910 5058 2968 5111 in
3011 5057 3264 5121 Christo,
3319 5057 3530 5110 nullam
3591 5057 3705 5130 ullo

2075 5205 2080 5208 ,
2117 5148 2282 5203 modo
2325 5147 2599 5218 ejusmodi
2639 5163 2868 5203 casuum
2906 5149 3392 5216 mutationumque
3422 5146 3733 5202 vicissitu-'

2117 5238 2303 5293 dinem
2329 5237 2492 5309 510
2519 5239 2741 5294 sentiet.
2767 5238 2980 5294 Idcirco
3001 5239 3081 5293 ait
3106 5237 3376 5292 Dominus
3411 5253 3425 5289 :
3463 5237 3587 5291 ch
3625 5237 3706 5289 lo—

2115 5341 2267 5385 cutus
2285 5347 2401 5384 sum
2426 5331 2588 5395 vobis,
2622 5331 2758 5383 utin
2792 5347 2873 5385 me
2895 5349 3077 5402 pacem
3119 5332 3374 5386 habeatis.
3410 5328 3472 5385 In
3512 5333 3707 5384 mundo

2119 5438 2423 5492 pressuram
2463 5421 2758 5487 habebitis;
2802 5423 2894 5476 sed
2947 5423 3226 5491 conﬁdite;
3264 5440 3358 5493 ego
3400 5423 3498 5475 vici
3550 5439 3707 5474 mun-

2123 5512 2248 5565 dum
2264 5511 2328 5565 ⁸³.
2355 5512 2414 5565 ln
2437 5528 2522 5567 me
2557 5513 2786 5578 scilicet,
2815 5516 2910 5584 qui
2937 5515 3156 5569 virtutis
3192 5516 3385 5570 Sermo
3416 5513 3517 5566 siin
3542 5522 3708 5579 atque

2124 5605 2287 5669 ratio,
2322 5619 2512 5674 pacem
2571 5605 2871 5671 habebitis,
2919 5607 3194 5661 liberatia
3227 5614 3576 5660 terrenarum
3629 5595 3708 5656 ιιίὲ

2120 5694 2366 5750 fectuum
2420 5711 2717 5766 rerumque
2759 5714 2902 5752 caeca
2949 5698 3220 5768 vertigine
3253 5712 3316 5750 ac
3352 5695 3705 5772 turbatione;

2042 5812 2078 5843 θ’
2110 5812 2128 5866 I
2156 5810 2280 5866 Cor.
2314 5829 2399 5878 xv,
2429 5814 2509 5867 i9.
2589 5812 2631 5840 ⁶²
2661 5812 2815 5867 Joan.
2873 5830 2979 5876 xvi,
3008 5813 3098 5864 9.7.
3177 5811 3220 5841 ε’
3269 5809 3479 5864 Coloss.
3525 5824 3602 5874 ιιι,
3653 5806 3704 5861 5.
