4020 6404
475 401 604 468 1171

1622 414 1683 474 8.
1721 414 2011 475 MAXIMI
2047 413 2557 477 CONFESSORIS

3602 401 3720 471 1173.

473 524 528 577 in
577 519 787 577 mundo
830 534 1013 601 autem
1039 565 1053 589 ,
1098 531 1452 581 terrenorum
1486 527 1698 585 scilicet
1727 530 2062 600 procliviore

2172 548 2395 588 πτωσιν.
2420 533 2618 603 Θλίψιν
2659 533 2767 603 γὰρ
2794 531 2989 604 ἔχουσι
3020 530 3342 603 ἀμφότεροι,
3381 530 3474 584 καὶ
3498 531 3527 584 6
3564 527 3721 601 πράτ-

470 612 709 681 al'fectu,
766 631 1122 686 pressuram;
1169 628 1399 690 propter
1429 619 1696 675 nimirum
1737 622 2063 676 continuam

472 706 697 763 illorum
722 709 884 764 aliam
906 711 1182 782 aliamque
1218 712 1608 768 mutationem.
1632 714 1877 784 Uterque
1901 730 2062 768 nam~

473 813 578 868 que
610 815 929 870 pressuram
960 802 1150 868 habet,
1176 812 1292 857 tum
1327 803 1537 859 scilicet
1568 802 1662 874 qui
1686 801 1951 858 virtutem
1970 818 2065 857 co-

473 890 556 956 lit,
593 890 666 945 ob
694 892 1055 961 coniunctum
1103 891 1155 948 ei
1194 892 1477 959 laborem;
1512 902 1629 947 tum
1672 893 1767 964 qui
1794 892 2063 948 mundum

473 981 671 1053 diligit,
687 984 835 1054 quod
857 985 1092 1041 terrenis
1117 985 1446 1056 plerumque
1458 986 1717 1042 frustrari
1740 986 2057 1056 contingat:

475 1085 636 1145 atque
689 1074 839 1130 illius
866 1076 1093 1146 quidem
1137 1077 1377 1132 salubris
1424 1092 1721 1147 pressura;
1755 1076 1924 1147 hujus
1957 1091 2059 1130 au-

475 1174 606 1233 tem,
663 1167 825 1236 plane
872 1167 1035 1221 noxia
1083 1177 1140 1222 et
1187 1167 1444 1224 exitiosa.
1498 1167 1577 1223 Ac
1618 1182 1751 1223 vero
1795 1165 2064 1221 Dominus

475 1267 771 1328 utrumque
792 1259 981 1314 labore
1012 1260 1160 1314 levat
1188 1275 1254 1315 ac
1279 1260 1490 1326 reﬁcit;
1525 1260 1762 1316 alterum
1795 1260 2021 1330 quidem
2047 1300 2061 1325 ,

2162 640 2271 677 των
2298 623 2399 697 τὴν
2430 624 2657 697 ἀρετὴν,
2708 624 2800 679 διὰ
2830 624 2923 678 τὸν
2975 624 3115 695 αὐτῇ
3177 620 3520 692 συνημμένον
3560 622 3721 675 πόνον·

2162 714 2260 768 καὶ
2286 716 2317 768 6
2356 715 2448 769 τὸν
2477 714 2683 786 κόσμον
2708 715 2963 783 ἀγαπῶν,
2998 713 3088 767 διὰ
3118 712 3218 781 τὴν
3261 714 3368 766 τῶν
3399 710 3591 766 ὐλικῶν
3609 710 3727 764 ἀπο-

2161 803 2377 875 τυχίαν·
2413 803 2530 858 ἀλλ’
2556 806 2585 857 6
2617 804 2736 876 μὲν.
2758 803 2940 873 θλίψιν
2972 804 3259 874 σωτήριον·
3294 804 3321 856 6
3340 802 3427 865 δὲ,
3447 795 3728 871 φθαρτικὴν

2165 897 2261 950 καὶ
2302 896 2568 969 ὀλέθριον.
2633 899 2990 970 Ἀμφοτέρων
3036 897 3094 951 δέ
3142 898 3292 950 ἐστιν
3332 898 3362 949 6
3410 894 3607 966 Κύριος
3649 890 3731 948 ἄν·

2166 1005 2292 1054 ¹εσις
2318 1004 2331 1017 ·
2363 990 2460 1045 τοῦ
2491 992 2611 1060 μὲν,
2661 992 2998 1046 καταπαύων
3025 992 3085 1044 ὲν
3112 988 3293 1061 ἑαυτῷ
3322 987 3466 1043 κατὰ
3491 986 3584 1059 τὴν
3610 986 3731 1040 θεω-

2170 1080 2295 1150 ρίαν
2331 1082 2401 1134 δι’
2432 1082 2710 1146 ’ἀπαθείας
2755 1083 2883 1146 τοὺς
2927 1082 3125 1145 πόνους
3149 1079 3259 1134 τῶν
3289 1077 3521 1148 ἀρετῶνέ
3548 1075 3637 1130 τσῦ
3663 1075 3732 1141 δὲ.

2168 1170 2268 1241 τὴν
2302 1172 2442 1245 πρὸς
2484 1175 2556 1228 τὰ
2599 1174 2940 1245 φθειρόμενα
2968 1172 3225 1245 σχετικὴν
3260 1167 3629 1243 προσπάθειαν
3658 1166 3736 1221 διὰ

2169 1262 2268 1331 τῆς
2305 1266 2596 1335 μετανοίας
2621 1268 3049 1340 ἀφαιρούμενος.

475 1351 618 1421 quod
646 1351 701 1406 in
724 1366 783 1405 se
810 1354 926 1422 ipse
944 1352 1403 1409 virtutislabores
1433 1355 1923 1425 contemplationis
1943 1356 2057 1408 otio
2096 1368 2198 1422 per
2223 1356 2784 1428 imperturbationem
2805 1376 3024 1416 cessare
3075 1359 3279 1425 faciat;
3311 1356 3547 1412 alterum
3597 1368 3732 1411 vero.

475 1440 620 1514 quod
653 1440 1097 1496 libidinosiorem
1145 1443 1215 1497 ad
1257 1459 1347 1498 res
1392 1445 1739 1515 corruptioni
1794 1445 2065 1500 obnoxias
2101 1443 2385 1516 alfeetum,
2421 1452 2751 1521 paenitentia
2775 1452 3013 1508 auferat.

539 1531 629 1587 96.
679 1531 812 1599 Quae
858 1533 915 1588 in
980 1535 1145 1590 titulo
1191 1538 1517 1608 praescripta
1576 1546 1701 1593 erat
1759 1536 2068 1593 Salvatoris

468 1636 660 1692 causa,
698 1641 826 1680 eum
864 1628 958 1697 qui
990 1628 1143 1683 cruci
1201 1627 1396 1684 alIixus
1452 1640 1572 1685 erat
1599 1671 1613 1695 ,
1667 1630 1947 1687 studentis
1972 1647 2066 1684 ac-

2237 1539 2353 1607 ιιςδ.
2410 1543 2477 1596 Ἥ
2521 1544 2580 1596 ὲν
2614 1543 2693 1614 τῷ
2720 1545 2887 1614 τίτλιρ
2924 1540 3221 1615 προγραφὴ
3246 1540 3348 1611 τῆς
3373 1530 3470 1593 τοῦ
3506 1532 3737 1607 Σωτῆρος

2120 1624 2133 1633 ’
2164 1633 2369 1700 αἰτίας,
2394 1636 2708 1707 πρακτικῆς
2738 1636 2834 1690 καὶ
2860 1637 3103 1706 φυσικῆς
3128 1634 3224 1688 καὶ
3253 1630 3575 1700 θεολογικῆς
3600 1628 3737 1697 φιλη-

475 1717 632 1784 tioni,
668 1719 937 1775 naturalis
992 1736 1057 1775 ac
1091 1720 1295 1778 divinas
1344 1722 1714 1793 philosophiae
1764 1723 1971 1794 Regem
2001 1738 2065 1777 ac

2172 1726 2361 1795 σοφίας
2407 1727 2541 1783 ὄντα
2599 1729 2839 1783 Βασιλέα
2885 1728 2977 1782 τὸν
3021 1725 3413 1798 σταυρωθέντα
3445 1721 3627 1791 σαφῶς
3657 1719 3739 1774 καὶ

473 1811 764 1867 Dominum
790 1813 1008 1884 liquido
1052 1784 1403 1871 ostendebat.
1438 1817 1530 1872 Ait
1556 1784 1707 1872 enim
1743 1784 2061 1885 Scriptura,

2172 1784 2377 1891 Ktiptov
2413 1820 2604 1887 ἔδειξε.
2665 1820 2971 1890 Ῥωμαϊστὶ
3008 1819 3141 1892 γὰρ,
3166 1784 3275 1873 ’καὶ
3314 1784 3632 1889 Ἑλληνιστὶ,
3656 1814 3740 1868 καὶ

474 1905 644 1961 fuisse
671 1906 887 1971 Latine,
917 1906 1105 1968 Graece
1157 1918 1215 1963 et
1255 1908 1528 1964 Hebraice
1586 1910 1855 1979 scriptum
1885 1910 1949 1963 ⁸⁵.
1979 1909 2069 1963 In-

474 1994 660 2069 telligo
685 2005 873 2053 autem
903 1998 1051 2069 quod
1078 1995 1276 2056 Latine
1301 2001 1546 2071 scriptus
1571 2001 1768 2056 titulus
1795 2010 1938 2065 erat,
1977 2016 2068 2056 ac—

474 2088 617 2143 tioni
649 2089 967 2145 studentem
1020 2091 1431 2162 philosophiam
1463 2131 1478 2157 ,
1510 2091 1661 2163 quod
1708 2090 1924 2148 scilicet
1978 2107 2068 2146 re-

472 2194 643 2250 gnum
671 2179 1047 2236 Romanorum
1070 2197 1137 2237 ex
1154 2182 1765 2248 Danielissententia“,
1792 2182 2069 2238 universis

475 2272 661 2343 regnis
685 2281 850 2329 terra:
866 2273 1068 2330 fortius
1112 2290 1239 2331 esse
1274 2283 1621 2346 compertum
1646 2275 1719 2331 sit
1753 2292 1767 2342 ;
1796 2274 2068 2330 fortitudo

474 2373 684 2430 autem,
717 2365 761 2421 si
783 2366 917 2437 quid
941 2367 1113 2433 aliud,
1142 2367 1419 2423 actionem
1460 2367 1668 2422 colenti
1704 2366 2070 2437 philosophiae

475 2456 700 2526 prepria
726 2456 960 2512 exsistit.
980 2456 1135 2524 Quod
1168 2466 1354 2512 autem
1373 2455 1583 2520 Graec,
1615 2455 1924 2509 naturalem
1947 2469 2071 2524 spe-

474 2547 836 2614 culationem,
869 2548 1019 2619 quod
1064 2548 1329 2603 nimirum
1378 2547 1695 2604 Graecorum
1737 2562 1875 2617 gens
1902 2562 2070 2616 supra

475 2639 721 2710 reliquos
781 2641 1045 2696 mortales
1100 2640 1342 2696 naturali
1401 2640 1769 2711 philosophia:
1829 2639 2070 2693 maxime

473 2744 699 2799 operam
753 2731 1060 2786 navaverit.
1091 2730 1250 2798 Quod
1304 2745 1434 2785 vero
1480 2728 1776 2794 Hebraiee,
1824 2727 2069 2782 divinam

474 2819 627 2877 illam
647 2821 1048 2879 abstrusiorem
1072 2823 1404 2889 doctrinam,
1430 2821 1581 2892 quod
1603 2820 1734 2877 olim
1765 2819 1944 2891 palam
1967 2818 2073 2873 He-

475 2908 753 2966 braeorum
816 2912 1058 2982 populus
1111 2912 1259 2968 avita
1301 2912 1510 2985 pietate
1544 2911 1640 2965 Dei
1690 2910 1874 2965 cultor
1902 2909 2071 2965 exsti-

476 3000 629 3057 terit.

2181 1911 2460 1984 Ἐϐραϊστί
2491 1926 2658 1982 φησιν
2698 1911 3119 1982 ἀναγεγράφθαι
3169 1910 3233 1964 τὸ
3268 1909 3475 1978 λόγιον.
3522 1904 3644 1961 Νοῶ
3671 1905 3737 1969 δὲ,

2166 2004 2257 2058 διὰ
2314 2006 2418 2076 μὲν
2471 2005 2569 2059 τοῦ
2615 2005 2949 2076 Ῥωμαϊστὶ,
3005 2004 3106 2074 τὴν
3151 2002 3491 2075 πρακτικήν·
3538 1999 3614 2064 ὡς
3652 1998 3740 2067 τῆς

2179 2097 2472 2170 Ῥωμαίων
2519 2099 2801 2169 βασιλείας
2848 2098 2995 2153 κατὰ
3043 2098 3138 2152 τὸν
3204 2095 3405 2166 Δανιὴλ
3451 2089 3741 2164 ὁρισθείσης

2168 2184 2309 2243 εἶναι
2343 2189 2531 2244 πασῶν
2564 2190 2973 2261 ἀνδρικωτέρας
3018 2188 3126 2242 τῶν
3166 2189 3261 2242 ἐπὶ
3302 2187 3410 2256 γῆς
3445 2182 3736 2267 βασιλειῶν·

2170 2278 2484 2349 πρακτικῆς
2529 2277 2588 2330 δὲ
2631 2276 2787 2340 ἴδιον,
2836 2278 2996 2345 εἴπερ
3029 2293 3083 2330 τι
3114 2275 3266 2339 ἄλλο,
3292 2276 3327 2344 ὴ
3375 2265 3619 2343 ἀνδρεία.
3652 2265 3740 2322 Διὰ

2167 2368 2227 2423 δὲ
2245 2369 2350 2422 ’τοῦ
2389 2369 2718 2440 Ἑλληνιστὶ.
2747 2368 2844 2440 τὴν
2869 2367 3107 2438 φυσικὴν
3154 2365 3414 2437 θεωρίαν·
3456 2364 3533 2426 ὡς
3564 2360 3741 2434 μᾶλλον

2169 2459 2265 2513 τοῦ
2312 2461 2587 2529 Ἑλλήνων
2614 2460 2803 2527 ἔθνους
2826 2461 2980 2532 παρὰ
3003 2460 3130 2523 τοὺς
3156 2458 3386 2520 λοιποὺς
3416 2452 3739 2526 ἀνθρώπους,

2170 2558 2237 2625 τῇ
2314 2557 2519 2626 φυσικῇ
2590 2554 2959 2626 σχολάσαντος
3019 2551 3332 2621 φιλοσοφίᾳ.
3403 2548 3509 2602 Διὰ
3557 2546 3615 2600 δὲ
3656 2541 3741 2597 τοῦ

2184 2641 2488 2711 Ἐϐραϊστὶ,
2527 2642 2630 2713 τὴν
2686 2641 3007 2711 θεολογικὴν
3064 2636 3460 2709 μυσταγωγίαν
3481 2649 3496 2663 ·
3545 2633 3620 2697 ὡς
3660 2631 3742 2691 τοῦ

2172 2730 2363 2797 ἔθνους
2404 2731 2601 2786 τούτου
2670 2732 2958 2805 προδήλως
3011 2726 3277 2783 ἀνέκαθεν
3335 2722 3420 2800 τῷ
3466 2724 3583 2797 Θεῷ
3633 2722 3743 2784 τοὺς

2174 2826 2417 2897 πατέρας
2442 2826 2819 2890 ἀνατεθέντος.

552 3092 641 3149 97.
665 3095 861 3163 Opera:
887 3094 1129 3164 pretium
1153 3104 1260 3159 est,
1291 3103 1354 3149 ut
1383 3095 1588 3150 nedum
1613 3092 1921 3164 corporalia
1938 3093 2070 3148 vitia

2246 3092 2352 3158 iis".
2407 3092 2503 3143 Δεῖ
2540 3090 2812 3161 μὴμόνον
2842 3092 2992 3163 ἡμᾶς
3031 3085 3175 3147 εἶναι
3208 3086 3405 3144 παθῶν
3438 3082 3747 3180 σωματικῶν

479 3184 821 3257 alfectusque
848 3201 1132 3253 necemus,
1152 3201 1345 3242 verum
1368 3186 1536 3242 etiam
1554 3185 1881 3241 libidinosas
1901 3185 2072 3240 animi

480 3278 846 3351 cogitationes
881 3279 1202 3351 perdamus,
1239 3296 1340 3352 pro
1378 3280 1526 3336 illius
1559 3278 1737 3335 sancti
1765 3294 1944 3343 more,
1977 3279 2073 3349 qui

480 3373 608 3428 ait:
646 3374 714 3427 In
779 3374 1044 3427 matutino
1109 3371 1499 3442 interﬁciebam
1561 3388 1741 3427 omnes
1774 3380 2075 3443 peccatores

483 3473 659 3531 terre,
695 3472 755 3519 ut
777 3466 1135 3537 disperderem
1157 3466 1222 3520 de
1254 3468 1469 3520 civitate
1501 3465 1714 3520 Domini
1744 3480 1924 3520 omnes
1954 3480 2078 3534 ope-

481 3568 665 3613 rantes
716 3559 1053 3631 iniquitatem
1070 3560 1152 3626 ‘7;
1207 3567 1321 3615 tum
1384 3559 1600 3615 scilicet
1631 3558 1886 3629 corporis
1916 3559 2072 3622 vitia,

482 3657 601 3706 tum
632 3649 823 3721 inique
856 3660 1085 3722 agentes
1118 3651 1290 3707 animi
1321 3651 1713 3723 cogitationes.

555 3831 645 3885 98.
680 3830 786 3899 Qui
818 3834 963 3888 viam
994 3835 1289 3900 virtutum,
1327 3835 1468 3889 nihil
1501 3834 1555 3889 in
1597 3834 1921 3891 alterutram
1946 3848 2074 3902 par-

485 3934 594 3981 tem
646 3924 1015 3990 declinando,
1066 3927 1158 3997 pia
1198 3938 1460 4000 rectaque
1490 3927 1652 3999 51],
1708 3927 1943 3983 scientia
1982 3942 2077 3983 co-

481 4017 640 4081 mite,
689 4017 910 4073 illaesam
952 4018 1335 4091 integramque
1374 4019 1718 4083 servaverit,
1750 4019 1846 4074 Dei
1899 4018 1967 4074 ad
2017 4035 2076 4075 se

481 4106 780 4164 adventum
806 4109 1324 4179 imperturbationis
1347 4112 1630 4183 animique
1659 4110 2078 4181 tranquillitatis

483 4214 718 4268 munere
744 4200 1033 4274 intelliget.
1070 4204 1164 4259 Ait
1199 4204 1350 4259 enim
1375 4222 1387 4259 :
1415 4204 1662 4259 Psallam
1695 4213 1744 4257 ει
1771 4203 2075 4275 intelligam

484 4292 539 4345 in
560 4293 656 4346 cia
680 4292 1060 4361 immaculata,
1090 4296 1307 4366 quando
1334 4297 1506 4350 venies
1530 4296 1600 4350 ad
1622 4311 1703 4349 me
1731 4295 1798 4348 "'.
1821 4294 2076 4349 Psalmus

482 4382 632 4437 enim
682 4384 988 4439 studiosam
1022 4400 1202 4457 exque
1250 4386 1477 4443 virtutis
1525 4387 1741 4443 ratione
1793 4387 2073 4443 actionem

2179 3179 2466 3251 φονευτάς,
2505 3181 2643 3235 ἀλλὰ
2665 3180 2771 3235 -καὶ
2809 3181 2918 3236 τῶν
2942 3181 3089 3236 κατὰ
3108 3180 3289 3253 ψυχὴν
3314 3176 3581 3251 ὲμπαθῶν
3614 3175 3748 3244 λογι-

2181 3273 2334 3343 σμῶν
2363 3272 2654 3345 όλετῆρας,
2683 3274 2829 3329 κατὰ
2864 3275 2959 3329 τὸν
3002 3274 3232 3344 λέγοντα
3270 3272 3452 3342 ἅγιον·
3505 3258 3605 3337 Εἰς
3654 3265 3749 3331 τὰς

2178 3366 2405 3434 πρωτας
2439 3365 2776 3421 ἀπέκτενον
2806 3367 3040 3434 πάντας
3062 3365 3206 3433 τοὺς
3233 3361 3629 3436 ἁμαρτωλοὺς
3650 3356 3749 3427 τῆς

2170 3457 2312 3527 στῆς·
2332 3457 2451 3513 τοῦ
2475 3458 2999 3529 ἐξολοθρεῦσαιέκ
3023 3459 3252 3526 πόλεως
3283 3457 3511 3525 Κυρίου
3537 3450 3751 3515 πάντας

2177 3554 2320 3617 τοὺς
2348 3548 2779 3621 ἐργαζομένους
2810 3550 2925 3619 τὴν
2959 3551 3239 3620 ἀνομίαν·
3266 3547 3543 3609 τουτέστι,
3579 3542 3643 3598 τὰ
3663 3539 3749 3595 τοῦ

2179 3643 2433 3714 σώματος
2466 3642 2638 3716 πάθη,
2683 3644 2777 3698 καὶ
2809 3645 2908 3714 τῆς
2944 3642 3123 3714 ψυχῆς
3151 3642 3278 3704 τοὺς
3307 3638 3642 3710 ἀνομοῢντας
3675 3633 3751 3713 λοέ

2178 3735 2434 3807 γισμούς.
3145 3764 3153 3773 ·

2248 3826 2359 3899 ιιηό
2403 3830 2462 3882 Ὀ
2484 3828 2584 3901 τὴν
2618 3828 2737 3884 ὁδον
2764 3829 2874 3882 τῶν
2910 3826 3125 3896 ἀρετῶν
3179 3826 3348 3897 χωρὶς
3380 3825 3482 3895 τῆς
3512 3823 3597 3892 ἐφ’
3633 3819 3752 3874 ικά.

2176 3938 2313 3994 τερα
2348 3923 2526 3994 ῥοπῆς
2566 3923 2687 3994 μετ’
2718 3920 2979 3984 εὐσεϐοῦς
3028 3920 3121 3974 καὶ
3148 3919 3319 3990 ὀρθῆς
3345 3917 3604 3986 γνώσεως
3636 3927 3751 3965 συνο

2176 4017 2426 4086 τηρήσας
2460 4014 2765 4086 ἀλὼϐητον,
2812 4013 3018 4069 εἴσεται
3044 4012 3150 4083 τὴν
3187 4011 3485 4082 γινομένην
3512 4008 3645 4080 πρὸς
3666 4004 3753 4059 αὒ-

2176 4114 2272 4168 τδν
2302 4110 2399 4168 τοῦ
2440 4112 2575 4167 Θεοῦ
2620 4112 2713 4166 διὰ
2740 4111 2841 4182 τῆς
2888 4109 3163 4171 ἀπαθείας
3212 4105 3542 4177 παρουσίαν.
3582 4096 3753 4156 Ψαλῶ

2177 4204 2310 4275 γὰρ,
2353 4204 2455 4258 καὶ
2513 4202 2771 4273 συνήσω
2814 4202 2888 4255 ἐν
2926 4198 3047 4265 ὀδῷ
3094 4196 3311 4268 ἀμώμῳ
3334 4234 3351 4259 ,
3404 4195 3554 4248 πότε
3605 4190 3754 4259 ἣξεις

2177 4297 2330 4364 πρός
2365 4311 2465 4365 με.
2511 4294 2572 4349 Ὀ
2601 4294 2716 4365 γὰρ
2753 4292 2969 4363 ψαλμδς
3010 4290 3111 4361 τὴν
3157 4290 3417 4360 ἐνάρετον
3452 4285 3647 4357 πρᾶξιν
3670 4282 3754 4351 δη·

2178 4385 2281 4441 λοῖ·
2318 4388 2354 4457 ἡ
2390 4386 2449 4440 δὲ
2485 4385 2722 4450 σύνεσις,
2751 4384 2852 4455 τὴν
2883 4385 2972 4438 ἐπ’
2995 4383 3166 4453 ἀρετῇ
3198 4377 3513 4449 γνωστικὴν
3549 4374 3756 4442 ὲπιστή·

484 4476 787 4549 signiﬁcat;
821 4478 1187 4552 intelligentia
1215 4496 1370 4548 vero,
1402 4497 1526 4552 quae
1554 4496 1585 4536 a
1614 4480 1824 4537 virtute
1852 4480 2071 4537 accedit

2178 4494 2312 4551 μην·
2348 4477 2473 4533 καθ’
2496 4479 2567 4550 ἢν
2599 4478 2701 4548 τῆς
2732 4475 2884 4540 θείας
2914 4474 3235 4531 αἰσθάνεται
3265 4470 3595 4567 παρουσίας,
3692 4462 3754 4518 δι’

485 4567 769 4639 sapientia:
798 4569 970 4626 radiis
993 4571 1264 4628 nitentem
1302 4571 1628 4628 scientiam:
1660 4587 1769 4642 qua
1818 4570 2071 4626 divinum

484 4663 838 4733 persentiscit
864 4664 1196 4732 adventum,
1230 4665 1327 4736 qui
1356 4666 1627 4721 virtutum
1651 4666 1807 4721 cultu
1836 4663 2076 4736 pervigil

486 4769 554 4810 ac
587 4764 848 4812 strenuus
871 4757 1166 4813 Dominum
1198 4773 1363 4813 suum
1384 4765 1687 4827 exspectat.

558 4867 648 4923 99.
683 4868 837 4924 "and
868 4880 1114 4939 par'esu,
1141 4880 1205 4926 ut
1231 4873 1325 4942 qui
1356 4872 1601 4927 novitius
1640 4888 1706 4927 ac
1737 4872 1845 4926 tiro
1866 4872 1935 4927 ad
1961 4872 2078 4942 pie-

490 4970 660 5018 tatem
693 4962 999 5029 inducitur,
1026 4964 1145 5019 sola
1172 4964 1418 5020 bonitate
1444 4965 1511 5019 ad
1544 4964 1802 5020 mandata
1834 4972 1959 5019 actu
1984 4980 2084 5020 ex—

2175 4571 2485 4641 ἀγρυπνίας
2519 4569 2631 4624 τῶν
2681 4567 2892 4640 ἀρετῶν
2939 4559 3377 4638 προσδεχόμενος
3424 4562 3520 4618 τὸν
3567 4559 3755 4631 Κύριον

2174 4664 2364 4719 αὐτοῦ.

2250 4864 2357 4935 ἥθ’.
2389 4865 2465 4920 Οὐ
2491 4865 2575 4920 δεῖ
2602 4863 2700 4917 τδν
2724 4858 3085 4931 εἰσαγόμενον
3109 4858 3191 4923 είς
3219 4858 3524 4920 εὐσέϐειαν,
3558 4854 3645 4910 διὰ
3662 4849 3749 4924 μό-

2178 4976 2280 5032 νης
2308 4957 2543 5027 ἄγεσθαι
2574 4954 2949 5029 χρηστότητος
2998 4951 3135 5025 πρὸς
3161 4951 3261 5020 τὴν
3312 4949 3514 5021 πρᾶξιν
3542 4946 3649 5002 τῶν
3678 4945 3755 4996 ἓν·

490 5053 774 5123 sequenda
791 5056 1056 5123 ducatur;
1091 5055 1189 5111 sed
1222 5066 1283 5111 ut
1310 5055 2071 5127 etiamdivinorum'judieio-

2179 5049 2373 5115 τολῶν,
2398 5049 2537 5103 ἀλλά
2573 5048 2682 5119 μὴν
2717 5045 2816 5101 καὶ
2863 5047 2930 5116 τῇ
2982 5047 3174 5116 μνήμῃ
3207 5041 3318 5095 τῶν
3358 5041 3523 5095 θείων
3550 5039 3754 5092 δικαιω-

495 5161 616 5199 rum
645 5162 876 5212 memor,
933 5149 1219 5205 severiore
1262 5149 1413 5204 cultu
1444 5163 1509 5204 ac
1541 5148 1864 5219 disciplina,
1895 5158 2081 5205 certa-

494 5237 643 5290 mine
674 5237 928 5294 crebrius
954 5239 1289 5311 defungatur
1326 5257 1342 5307 ;
1400 5248 1461 5293 ut
1486 5239 1693 5294 nedum
1724 5238 1910 5295 divina
1937 5240 2082 5295 desi-

2183 5145 2394 5216 μάτων,
2437 5142 2508 5196 δι’
2541 5137 2851 5209 ἀποτομίας
2901 5135 3232 5207 συχνότερον
3282 5132 3447 5188 αὐτὸν
3491 5128 3753 5216 ἀγωνίσατ

2182 5212 2326 5299 σθαι·
2355 5234 2443 5304 ξφ·
2461 5226 2507 5301 ᾧ
2535 5232 2608 5304 μὴ
2640 5230 2801 5301 μόνον
2821 5227 2975 5297 πόθῳ
2998 5225 3108 5280 τῶν
3134 5225 3297 5278 θείων
3328 5222 3482 5294 ἔρᾷν,
3512 5217 3648 5274 ελλά
3671 5212 3755 5267 και

494 5327 653 5383 derio
681 5336 849 5395 amet,
881 5330 978 5385 sed
1006 5339 1065 5385 et
1107 5306 1257 5387 metu
1287 5348 1318 5388 a
1349 5331 1503 5387 vitiis
1538 5340 1842 5402 temperet:
1866 5330 2071 5387 Miseri‘

2188 5327 2344 5397 φόϐῳ
2393 5323 2495 5393 τῆς
2540 5322 2741 5385 κακίας
2773 5318 3097 5392 ἀπέχεσθαι·
3133 5318 3346 5371 ’Ἐπεον
3372 5314 3487 5383 γὰρ
3523 5306 3753 5402 καίκρίῗ

494 5420 730 5477 cordiam
750 5422 888 5474 enim
911 5432 962 5476 et
985 5424 1251 5493 judicium
1279 5425 1506 5479 cantabo
1545 5396 1991 5492 tilia-Domine“;
2021 5434 2071 5479 ul

2187 5396 2295 5474 ονιν
2329 5417 2555 5488 ᾄσομαι
2582 5432 2702 5477 σοι.
2737 5415 2932 5482 Κύριε·
2966 5412 3056 5467 ἵνα
3095 5410 3190 5464 καὶ
3220 5408 3357 5479 αὐδῇ
3385 5406 3463 5477 τῷ
3481 5402 3603 5474 Θεῷ
3627 5396 3757 5493 κατά

494 5524 682 5569 amore
710 5510 955 5581 gaudens
988 5512 1159 5568 Deum
1195 5514 1527 5584 alloquatur,
1550 5522 1606 5569 et
1652 5514 1718 5569 ad
1747 5514 1929 5570 laudis
1948 5530 2081 5569 can-

497 5601 670 5660 ticum
702 5603 903 5658 timore
925 5603 1160 5660 duratus
1189 5605 1510 5661 contendat.

568 5693 693 5750 10.0.
724 5694 831 5763 Qui
858 5694 1084 5752 virtutis
1123 5712 1187 5751 ac
1215 5696 1462 5753 scientiae
1492 5699 1642 5754 cultu
1670 5713 1874 5769 corpus
1894 5696 2081 5752 animo

576 5852 617 5886 υ
645 5850 803 5910 Joan.
848 5868 956 5921 xix,
994 5854 1084 5909 ‘20.
1161 5855 1205 5887 ⁸⁸
1237 5855 1370 5910 Dan.
1409 5870 1521 5919 vm,
1562 5855 1610 5909 5.

2190 5512 2356 5567 πόθον
2408 5511 2766 5583 τερπόμενος,
2825 5505 2922 5561 καὶ
2960 5504 3155 5575 εὐτονῇ
3195 5501 3336 5573 πρὸς
3383 5500 3446 5554 τὸ
3483 5494 3656 5570 ᾆσμα,
3687 5489 3756 5562 τῷ

2189 5604 2341 5675 φόϐῳ
2383 5600 2585 5675 στομού
2594 5617 2773 5672 μενος.

2265 5668 2330 5768 ρί
2375 5668 2551 5749 '062'
2595 5668 2801 5764 ἀρετῆς
2848 5692 2942 5746 καὶ
2976 5688 3233 5760 γνώσεως
3278 5681 3658 5759 ἁρμοσάμενος
3700 5668 3756 5723 τδ

1690 5854 1731 5885 ⁸⁷
1765 5854 1905 5910 Psal.
1942 5872 1991 5920 c,
2029 5856 2080 5910 8.
2158 5855 2203 5889 “
2236 5852 2370 5913 ibid.
2401 5853 2454 5907 Ξ.
2534 5851 2577 5883 δ’
2607 5848 2740 5904 ibid.
2773 5852 2819 5903 l.
