4020 6438
471 409 610 473 1173

1313 412 1648 474 CAPITUM
1685 409 1957 472 THEOL.
1997 409 2092 467 ET
2133 406 2367 467 (ECON.
2407 407 2791 468 CENTURIA
2843 408 2922 469 ΙΙ.

3605 389 3735 473 1m

467 519 627 591 σῶμα
653 519 786 590 πρὸς
819 520 916 592 τὴν
944 521 1144 592 ψυχὴν,
1176 521 1366 591 γέγονε
1398 522 1599 593 κιθάρα
1633 519 1769 573 Θεοῦ
1812 517 1907 572 καὶ
1945 519 2044 570 αὑ-

2155 516 2416 571 eoncinne
2441 517 2672 585 aptavit,
2701 517 2798 570 Dei
2839 517 3053 572 cithara
3080 518 3324 589 tibiaque
3355 533 3419 574 ac
3471 521 3733 587 templun:

460 614 557 678 λὸς
601 615 694 668 ml.
720 614 862 677 ναός.
905 615 1123 687 Κιθάρα
1170 615 1289 685 μὲν,
1321 615 1396 678 ὼς
1441 615 1622 678 καλῶς
1673 611 1918 682 φυλάξας
1947 610 2045 680 τὴν

459 707 574 758 τῶν
601 703 811 776 ἀρετῶν
855 705 1140 777 ἁρμονίαν·
1174 704 1337 769 αὐλὸς
1378 707 1455 768 δὲ,
1501 705 1576 766 ὡς
1615 703 1706 758 διὰ
1741 703 1850 756 τῶν
1885 699 2045 753 θείων

461 797 838 870 θεωρημάτων
889 797 1266 868 εἰσδεχόμενος
1315 797 1412 867 τὴν
1463 797 1556 849 τοῦ
1597 796 1914 865 Πνεύματος
1943 793 2045 860 εμ-

461 906 710 942 ττνευσινο
736 891 861 953 ναὸς
891 890 967 956 δὲ,
988 890 1063 953 ὡς
1102 890 1187 943 διὰ
1217 891 1315 960 τὴν
1346 888 1487 942 κατά
1518 887 1640 940 νοῦν
1675 887 2042 954 καθαρότητα,

461 978 559 1030 τοῦ
599 980 772 1048 Λόγου
798 980 1037 1050 γεγονὼς
1064 981 1506 1050 κατοικητήριον.

834 1201 1322 1254 ΑΝΕΠΙΓΡΑΦΟΥ
1369 1201 1622 1253 ΣΧΟΛΙΑ
1638 1201 1677 1252 ⁸.

531 1289 602 1344 α’.
640 1292 752 1360 Οὐχ
779 1292 854 1355 ὡς
896 1293 1372 1361 ὲπιτυγχανόντων
1403 1289 1564 1343 τινῶν
1613 1287 1721 1341 τῶν
1760 1284 1896 1356 πρὸς
1931 1281 2048 1335 επί-

455 1380 627 1445 δειξιν
678 1382 1004 1452 ἐφιεμένων,
1038 1385 1066 1434 ὁ
1107 1381 1288 1449 λόγος,
1315 1380 1429 1434 ἀλλ’
1453 1380 1528 1442 ὼς
1558 1378 1774 1438 πάντως
1805 1377 2048 1440 ἀποτυγ-

459 1474 752 1543 χανόντων.
781 1475 880 1526 Διά
911 1474 966 1526 δὲ
989 1473 1104 1536 τοῦ,
1127 1476 1240 1527 Ἕν
1259 1491 1375 1526 τινι
1395 1471 1514 1525 ubi“
1535 1473 1766 1540 ὁμόρων
1791 1466 2048 1538 ποιείτω,

459 1565 554 1617 καὶ¹
580 1565 648 1617 τὰ
677 1563 826 1634 ἑξῆς,
861 1565 1142 1635 σημαίνει,
1175 1565 1236 1616 τὸ
1275 1565 1349 1633 μὴ
1381 1560 1730 1629 ὲπιγίνεσθαί
1777 1575 1882 1611 τινι
1914 1555 2046 1624 γνῶ·

459 1673 548 1708 σιν
578 1655 674 1727 τὴν
713 1656 908 1726 ἀληθῆ,
941 1659 991 1710 εἰ
1021 1657 1096 1728 μὴ
1134 1657 1222 1710 διὰ
1253 1657 1432 1710 πόνων
1464 1653 1819 1724 σωματικῶν,
1854 1646 2068 1721 ἤγουν,’

456 1747 530 1800 δι’
562 1749 893 1818 ἐγκρατείας
942 1751 1037 1802 καὶ
1091 1750 1334 1818 ἀγάπης,
1390 1748 1457 1801 δι’
1488 1743 1563 1800 ὧν
1607 1748 1640 1816 ἡ
1678 1744 1947 1813 κάθαρσις
1975 1745 2043 1812 τῇ

453 1838 603 1910 ψυχῇ
625 1855 640 1869 °
673 1841 964 1908 Μακάριοι
995 1842 1130 1911 γὰρ,
1170 1841 1335 1910 φησιν
1356 1881 1368 1904 ,
1396 1845 1448 1893 οἱ
1477 1838 1720 1907 καθαροὶ
1756 1835 1872 1903 τὴν
1901 1850 2042 1901 καρ-

454 1931 617 1996 δίαν,
655 1932 745 1985 ὅτι
775 1933 947 1986 αὐτοὶ
986 1934 1092 1986 τὸν
1124 1933 1273 1987 Θεὸν
1302 1933 1574 2001 ὄψονται.

535 2106 601 2178 β’.
630 2109 850 2176 Τούτοις
883 2111 1118 2182 μάλιστα
1151 2113 1504 2183 ἐλεγχόμεθα,
1543 2112 1643 2182 τὴν
1674 2111 2043 2182 φιλαργυρίαν

456 2201 766 2268 νοσοῦντες,
797 2204 891 2255 καὶ
920 2203 998 2272 τῷ
1033 2206 1272 2274 μαμωνᾷ
1299 2204 1686 2266 καταθύοντες.

532 2297 600 2359 γ’.
637 2293 748 2346 Kal.
787 2292 960 2347 ταῦτα
1004 2295 1145 2347 κατά
1193 2294 1301 2348 τῶν
1343 2295 1729 2366 Εἰκονομάχων
1759 2295 2041 2365 ἄντικρυς.

459 2384 604 2454 ’Ὀρα
633 2384 690 2437 δὲ
721 2386 802 2438 ὅτι
834 2386 1037 2452 γνῶσις
1064 2388 1096 2456 ἡ
1143 2386 1378 2439 ἐνταῦθα
1410 2387 1630 2455 λέγεται
1666 2389 1886 2458 μερική·
1924 2388 1957 2456 ἡ
1988 2387 2043 2439 δὲ

454 2474 554 2526 τοῦ
581 2474 716 2528 Θεοῦ
750 2477 931 2544 σοφία,
974 2477 1071 2547 ὅλη
1110 2479 1167 2532 ὲν
1201 2478 1278 2548 τῷ
1309 2479 1499 2548 κόσμῳ
1530 2479 1670 2544 ἐστὶ,
1695 2479 1818 2532 καθ’
1852 2477 1880 2530 ὃ
1909 2479 2043 2532 Θεο-

455 2567 615 2633 λόγος
663 2567 860 2635 φησιν’
909 2569 1011 2622 Ἐν
1049 2568 1130 2633 τῷ
1165 2571 1372 2638 κόσμῳ
1409 2570 1516 2641 γάρ
1553 2566 1652 2639 ἦν,
1685 2571 1784 2624 καὶ
1813 2571 2044 2639 κόσμος

455 2655 535 2708 δι’
569 2657 756 2710 αὐτοῦ
796 2656 1054 2726 ἐγένετο.

530 2744 594 2800 δ’.
629 2747 750 2808 Ἔτι
779 2751 874 2801 καὶ
918 2749 1076 2820 ἡμῶν
1108 2751 1340 2814 ἕκαστος
1381 2753 1495 2814 τοῖς
1537 2751 1818 2821 αἰσθητοῖς
1873 2769 2043 2822 προσ-

455 2839 716 2909 κείμενος
805 2840 864 2906 ἐξ
957 2842 1179 2909 ἀγνοίας
1219 2881 1234 2906 ,
1317 2843 1409 2895 τὸν
1487 2843 1742 2914 Καίσαρα
1819 2843 2042 2914 βασιλέα

455 2931 862 3003 ἐπιγράφεται·
913 2933 1006 2985 καὶ
1061 2933 1137 3002 τῷ
1188 2933 1433 3004 Πιλάτῳ,
1483 2938 1548 3006 τῇ
1603 2935 1873 3006 αἰσθήσει,
1907 2953 2042 3006 προ-

455 3023 642 3076 δίδωσι
671 3023 762 3076 τὸν
796 3025 968 3092 Λόγον
1003 3027 1080 3088 είς
1116 3025 1364 3080 θάνατον.
1398 3027 1624 3091 Πάντως
1649 3029 1706 3081 δὲ
1740 3029 1877 3099 μετά
1906 3032 2044 3083 Καί-

456 3129 623 3184 σαρος
679 3114 773 3170 καὶ
810 3115 888 3184 τῷ
926 3115 1140 3187 Ἡρώδῃ
1207 3117 1512 3183 ὑπόκειται,
1547 3120 1577 3172 ὁ
1610 3121 1727 3172 κατ’
1760 3120 2042 3190 ἐνέργειαν

457 3206 816 3276 ἁμαρτάνων,
845 3207 939 3260 καὶ
967 3209 1025 3261 ἐν
1055 3207 1165 3273 ἕξει
1207 3210 1499 3280 γενόμενος
1534 3210 1630 3266 τοῦ
1674 3212 1866 3267 κακοῦ.
1905 3213 2040 3266 Ἰου-

454 3297 604 3360 δαῖός
642 3300 760 3350 ἐστι
797 3297 898 3366 τὴν
932 3299 1134 3370 ἀρετὴν
1177 3301 1462 3370 προδιδοὺς
1489 3305 1553 3373 τῇ
1581 3303 1692 3366 ἕξει
1719 3304 1820 3372 τῆς
1842 3304 2042 3369 κακίας

456 3387 791 3460 ὑποχείριον·
825 3389 920 3441 καὶ
956 3389 1058 3461 τὴν
1095 3394 1196 3461 μὲν
1234 3393 1330 3446 τοῦ
1369 3393 1503 3446 Θεοῦ
1535 3393 1812 3463 βασιλείαν
1841 3397 2039 3466 ἀρνού-

458 3496 646 3550 μενος,
685 3479 779 3534 τοῦ
819 3482 1066 3535 διαϐόλου
1102 3484 1157 3536 δὲ
1205 3487 1271 3554 τῇ
1304 3487 1581 3556 τυραννίδι
1615 3487 2034 3557 προσκείμενος.

527 3574 592 3622 ε’.
630 3569 754 3624 Ὀτι
793 3572 858 3625 ἐκ
896 3573 997 3642 τῆς
1022 3572 1114 3626 τοῦ
1147 3573 1282 3626 Θεοῦ
1307 3574 1552 3642 ἀγνοίας,
1585 3578 1617 3646 ἠ
1655 3577 1915 3644 φιλαυτία
1944 3577 2040 3630 καὶ

452 3657 521 3711 τὸ
547 3661 998 3732 γαστρίμαργον·
1043 3663 1110 3715 δι’
1139 3662 1175 3716 ἃ
1219 3663 1317 3734 τὴν
1351 3665 1532 3734 σάρκα
1582 3667 1675 3718 καὶ
1713 3667 1805 3718 τὸν
1836 3667 2039 3736 κόσμον

451 3750 619 3814 εὐθὺς
647 3754 1036 3824 ἠγαπήσαμεν
1069 3756 1162 3808 καὶ
1192 3755 1241 3807 εί
1283 3756 1356 3827 μὴ
1380 3757 1587 3811 τούτων
1619 3758 1724 3823 ἔξω
1753 3759 2040 3829 γενώμεθα

451 3842 547 3894 διὰ
573 3844 671 3912 τῆς
712 3844 850 3914 πρὸς
879 3844 1014 3897 Θεὸν
1056 3846 1298 3916 ἀγάπης,
1330 3847 1428 3916 τῆς
1462 3849 1542 3910 είς
1584 3848 1674 3900 τὸν
1702 3849 1928 3918 πλησίον
1952 3849 2040 3902 διὰ

450 3933 554 4002 τῆς
577 3936 820 4003 φυλακῆς
846 3934 954 3988 τῶν
978 3937 1207 3989 ἐντολῶν
1227 3940 1650 4011 ἐνεργουμένης,
1679 3940 1852 4004 ἄλλως
1883 3940 2039 4013 ἄτρε-

453 4043 581 4078 πτοι
610 4027 790 4097 μένειν
833 4029 888 4080 ὲν
928 4028 1005 4098 τῷ
1041 4029 1188 4098 καλῷ
1213 4031 1273 4082 οὐ
1313 4030 1607 4100 δυνάμεθα.

531 4125 603 4183 ς’.
641 4121 903 4192 Πάροικοι
944 4123 1148 4185 πάντες
1198 4125 1246 4175 οί
1296 4122 1465 4191 ἆγιοι,
1527 4126 1603 4188 ὡς
1656 4125 1714 4180 ἐν
1752 4127 2039 4197 ἐσόπτροις

451 4200 553 4262 ’καὶ
586 4211 874 4280 αἰνίγμασι
920 4211 1212 4282 βλέποντες
1253 4213 1351 4285 τὴν
1384 4216 1663 4285 ἀλήθειαν.
1697 4219 1759 4271 Οἱ
1784 4218 1840 4271 δὲ
1881 4220 2039 4272 Εἰκο-

454 4303 685 4373 νομάχοι
734 4305 808 4373 μὴ
839 4306 1274 4377 παραδεχόμενοι
1334 4309 1568 4361 κατιδεῖν
1625 4311 1682 4364 ἐν
1727 4311 2034 4381 ἐσόπτροις,

453 4393 772 4446 παντάπασι
805 4394 905 4463 τῆς
930 4395 1186 4466 ἀληθείας
1217 4396 1668 4453 ἀποπεπτὼκασι.

527 4569 594 4636 ζ’.
639 4573 702 4625 '0
735 4573 878 4638 Θεὸς
929 4575 1079 4640 ἔστη
1110 4575 1181 4627 ἐν
1208 4573 1534 4643 συναγωγῇ
1559 4574 1728 4629 θεῶν.
1772 4576 1882 4629 Καὶ
1929 4577 2033 4644 ὅρα

450 4659 554 4731 τὴν
587 4660 818 4732 δύναμιν
862 4661 971 4715 τῶν
1015 4660 1282 4731 ἀγγέλων·
1335 4666 1430 4718 καὶ
1475 4667 1556 4718 ὅτι
1600 4669 1626 4720 ὁ
1661 4667 1734 4739 μὴ
1766 4669 2036 4722 πιστεύων

452 4754 654 4824 χρῆναι
693 4755 830 4826 πρὸς
874 4756 974 4823 τὴν
1018 4756 1258 4826 κεφαλὴν
1304 4757 1575 4827 συνῆφθαι
1621 4759 1690 4813 τὰ
1726 4761 1883 4831 μέλη,
1913 4762 2038 4815 ἄπι-

455 4845 583 4908 στός
619 4847 755 4906 ἐστι,
794 4847 890 4901 καὶ
916 4847 1168 4900 ἐντεῦθεν
1200 4848 1299 4918 ἤδη
1343 4849 1615 4920 κέκριται.

526 4940 595 5004 η’.
631 4937 726 4999 Τίς
752 4939 890 4990 οἰκεῖ
915 4936 1024 4990 τῶν
1051 4939 1331 4996 Χαλδαίων
1361 4940 1458 5008 τὴν
1490 4941 1613 5010 γῆν
1646 4942 1728 5004 τίς
1753 4943 1849 5014 τὴν
1883 4946 2032 5015 Χαρο

455 5026 560 5097 ρἀ
590 5027 693 5096 τῆς
735 5031 1196 5100 Μεσοποταμίας;
1230 5033 1324 5095 Τίς
1356 5033 1491 5104 πρὸς
1530 5034 1627 5104 τὴν
1664 5035 1768 5104 γῆν
1799 5037 2034 5106 μετάγε-

450 5133 546 5169 ται
573 5118 672 5188 τὴν
698 5121 929 5191 ἀγαθὴν,
965 5121 1031 5190 ἣν
1080 5122 1474 5191 ἐπαγγέλλεται
1503 5124 1694 5177 δώσειν
1734 5129 1847 5190 τοῖς
1890 5129 2032 5196 ἀγα-

453 5207 632 5260 πῶσιν
651 5208 812 5262 αὐτὸν
838 5212 865 5262 ὁ
890 5211 1022 5274 Θεός
1044 5227 1058 5276 ;

528 5298 593 5355 θ’.
631 5299 721 5355 Fr.
751 5302 874 5355 ’Ότι
923 5303 1017 5356 καὶ
1069 5305 1234 5358 πάλαι
1287 5306 1390 5375 πρὸ
1432 5308 1532 5377 τῆς
1581 5307 1894 5378 ἐπιδημίας’
1939 5311 2033 5362 ml

453 5390 551 5446 νῦν
587 5393 723 5464 μετά
765 5393 864 5464 τὴν
904 5394 1223 5466 ἐπιδημίαν,
1270 5397 1477 5468 νοητῶς
1512 5400 1569 5450 ἐν
1603 5401 1736 5470 ἡμῖν
1765 5401 2033 5470 ὲνδημείὁ

449 5483 546 5538 τοῦ
578 5485 712 5539 Θεοῦ
743 5487 949 5556 Λόγος,
994 5489 1238 5560 κρυφίως
1291 5491 1578 5562 ἀναφέρων
1625 5492 1759 5555 πρὸς
1787 5492 1854 5546 τὰ
1889 5493 2030 5548 θειό-

447 5591 604 5646 τερα.

525 5729 570 5761 το
597 5730 784 5786 Matth.
819 5749 869 5794 ν,
906 5733 956 5786 8.
1033 5733 1075 5766 τί
1108 5733 1261 5787 Joan.
1298 5751 1332 5798 ι,
1368 5735 1447 5789 ιο.
1527 5737 1570 5768 ⁷³
1599 5737 1740 5792 Psal.
1778 5753 1955 5802 utut,
1993 5740 2040 5793 l.

2149 607 2342 661 evasit.
2375 607 2600 662 Cithara
2628 608 2874 678 quidem,
2913 618 2973 662 ut
3010 610 3104 678 qui
3139 610 3361 664 virtutis
3401 621 3732 665 concentum
3782 645 3789 674 ρ

2150 699 2412 768 praeclare
2455 700 2693 754 servarit
2730 718 2741 752 :
2785 700 2914 754 tibia
2945 709 3152 766 autem,
3190 712 3250 756 ut
3280 705 3372 773 qui
3415 720 3512 773 per
3548 705 3736 759 divina
3781 683 3787 732 ί

2149 803 2334 855 sensa,
2388 789 2630 859 Spiritus
2674 791 2728 844 in
2758 807 2816 846 se
2869 780 3123 845 afﬂatum.
3155 794 3418 861 recipiat;
3471 795 3734 865 templum

2148 893 2300 944 vero,
2337 890 2396 934 ut
2426 883 2520 952 qui
2558 882 2629 936 oh
2671 883 2874 938 mentis
2914 885 3210 956 puritatem
3243 885 3409 939 Verbi
3454 887 3739 942 habitacu-

2148 972 2261 1025 lum
2285 973 2463 1030 l‘actus
2493 977 2582 1030 sit.
2978 989 2980 991 '

2439 1193 2719 1248 INCERTI
2752 1193 3098 1250 ΑΠΟΤοῐίἰὸ
3141 1193 3452 1249 ΒΟΗΟΙΛΑ.

2227 1285 2276 1338 1.
2317 1285 2645 1354 Non-quasi
2691 1287 2882 1356 aliqui,
2941 1303 3160 1350 eorum,
3197 1286 3292 1356 qui
3343 1285 3738 1340 ostentationis

2157 1391 2321 1431 causa
2349 1386 2634 1447 expetunt,
2686 1385 2970 1448 compotes
3025 1378 3177 1443 ﬁant,
3210 1377 3284 1432 ita
3335 1378 3603 1447 loquitur,
3641 1377 3736 1431 sed

2155 1471 2310 1525 velut
2330 1473 2466 1525 nulli
2493 1488 2722 1540 prorsus
2755 1472 2906 1527 (iant.
2931 1471 3178 1526 Dicendo
3213 1478 3418 1534 autem,
3461 1471 3526 1525 In
3545 1463 3736 1523 vicinia

2153 1563 2389 1630 quadam
2423 1579 2513 1616 seu
2543 1563 2790 1630 conﬁnio,
2841 1571 2972 1625 ctc.,
3020 1562 3314 1632 signiticat,
3355 1561 3563 1616 nemini
3604 1570 3740 1615 con-

2153 1653 2364 1724 tingere
2401 1665 2464 1708 ut
2509 1670 2697 1709 veram
2747 1653 3001 1723 acquirat
3031 1652 3346 1716 scientiam,
3383 1653 3517 1722 quin
3542 1667 3739 1721 corpo-

2148 1745 2357 1799 ralibus
2393 1745 2674 1800 laboribus
2719 1744 3096 1817 (continentia
3129 1744 3344 1799 scilicet
3366 1754 3421 1798 et
3444 1744 3732 1806 charitate,

2077 1816 2120 1870 Β
2147 1839 2350 1908 quibus
2381 1840 2715 1892 emundatur
2759 1836 2997 1906 animus)
3044 1836 3320 1906 fungatur.
3357 1835 3511 1889 Beati
3546 1837 3692 1888 enim
3719 1877 3732 1898 ,

2148 1930 2362 2000 inquit,
2405 1930 2601 1983 mundo
2671 1929 2864 1992 corde,
2915 1929 3170 1997 quoniam
3221 1928 3323 1996 ipsi
3379 1925 3547 1978 Deum
3589 1925 3735 1979 ride-

2147 2023 2273 2074 bunt
2301 2024 2365 2074 το.
3252 2065 3270 2082 ,

2212 2115 2264 2167 9..
2297 2114 2391 2169 His
2444 2115 2679 2168 maxime
2719 2111 3124 2175 convincimur,
3165 2110 3424 2164 laborare
3461 2123 3565 2160 nos
3606 2122 3726 2160 ava-

2144 2206 2284 2260 ritiae
2319 2206 2531 2270 morbo,
2561 2221 2623 2260 ac
2644 2220 2968 2259 mammona:
2992 2202 3323 2258 sacriﬁcare.

2213 2295 2267 2346 3.
2298 2294 2423 2349 llzec
2449 2311 2669 2364 quoque
2700 2295 2879 2364 palam
2926 2302 3120 2347 contra
3170 2290 3588 2345 lconomachos.
3621 2288 3730 2343 Ob-

2145 2399 2304 2438 serva
2337 2392 2542 2438 autem.
2569 2399 2691 2453 qua:
2714 2384 2878 2453 hujus
2898 2383 2998 2437 aevi
3027 2391 3132 2445 est,
3163 2379 3472 2446 scientiam,
3505 2375 3735 2448 exparte

2145 2476 2254 2530 dici
2278 2495 2289 2529 :
2319 2476 2414 2530 Dei
2445 2485 2629 2530 autem
2655 2475 2948 2544 sapientia,
2973 2481 3085 2527 tota
3111 2473 3166 2525 in
3187 2471 3392 2526 mundo
3410 2480 3514 2534 est,
3544 2469 3734 2539 quem-

2142 2567 2440 2622 admodum
2473 2567 2609 2622 dicit
2639 2567 2952 2637 Theologus
2979 2584 2991 2618 :
3017 2565 3084 2618 In
3111 2565 3305 2618 mundo
3336 2563 3486 2617 enim
3524 2569 3660 2626 erat,
3685 2570 3732 2614 et

2144 2658 2370 2711 "luridus
2395 2674 2488 2728 per
2509 2659 2680 2726 ipsum
2713 2657 2886 2725 factus
2919 2663 2996 2709 est
3019 2657 3086 2708 τί.

2213 2750 2268 2803 4.
2306 2748 2503 2802 Adhuc
2547 2748 2716 2801 etiam
2758 2747 2993 2816 quisque
3028 2753 3282 2800 nostrum
3320 2762 3390 2802 ex
3417 2745 3733 2815 ignorantia

2142 2839 2376 2895 terrenis
2410 2838 2711 2903 addicitur,
2745 2837 3016 2893 Caesarem
3052 2838 3159 2893 sibi
3187 2854 3374 2909 regem
3397 2839 3642 2900 asciseit,
3666 2853 3732 2892 ac

2142 2933 2319 2987 Pilato
2349 2931 2426 3001 (id
2453 2941 2556 2995 est,
2604 2930 2813 2998 sensui)
2865 2929 3188 2984 Sermonem
3237 2931 3360 2985 neci
3401 2930 3730 2984 tradendum

2144 3023 2348 3092 prodit.
2382 3023 2618 3076 Prorsus
2663 3037 2817 3085 vero,
2867 3035 2993 3074 cum
3039 3021 3264 3076 Cazsare
3306 3022 3476 3076 etiam
3520 3020 3727 3074 llcrodi

2067 3149 2110 3208 ο
2145 3118 2426 3188 subjectus
2462 3125 2567 3180 est,
2601 3118 2696 3186 qui
2744 3131 2912 3186 opere
2961 3124 3153 3184 peccat
3195 3125 3252 3170 et
3284 3115 3337 3168 in
3366 3114 3494 3168 mali
3540 3113 3732 3168 habitu

2142 3219 2421 3265 versatur.
2465 3209 2690 3265 Judaeus
2740 3217 2848 3273 est,
2899 3210 2993 3277 qui
3037 3209 3300 3262 virtutem
3357 3206 3573 3261 habitui
3614 3205 3732 3259 vitii

2142 3302 2507 3370 mancipatam
2538 3299 2760 3369 prodit;
2795 3300 2890 3354 Dei
2917 3301 3141 3369 quidem
3171 3300 3451 3371 abnegans
3479 3315 3731 3370 regnum,

2143 3393 2348 3448 diaboli
2381 3409 2513 3448 vero
2548 3392 2859 3463 tyrannidis
2883 3392 3118 3446 devotus
3155 3393 3355 3469 cultor.

2213 3572 2264 3626 5.
2302 3572 2380 3624 Ex
2427 3572 2524 3625 Dei
2577 3569 2886 3639 ignorantia
2939 3571 3198 3638 provenit
3243 3585 3420 3649 caecus
3477 3571 3734 3640 corporis

2141 3679 2296 3717 amor
2323 3670 2379 3716 et
2412 3662 2570 3732 gula;
2605 3677 2842 3730 quorum
2877 3663 3052 3732 gratia
3091 3657 3279 3716 statim
3308 3677 3532 3716 carnem
3567 3679 3730 3718 mun—

2140 3757 2385 3826 dumque
2423 3756 2736 3810 dileximus.
2792 3755 2871 3810 Ac
2917 3756 3020 3810 nisi
3046 3755 3142 3810 Dei
3191 3756 3463 3814 eharitate
3493 3756 3602 3811 illis
3639 3773 3734 3811 ex-

2140 3848 2500 3911 cesserimus,
2531 3863 2652 3916 quae
2680 3846 2940 3900 videlicet
2965 3847 3081 3916 ipsa
3109 3846 3501 3900 mandatorum
3533 3846 3729 3900 obser-

2141 3941 2362 3994 vatione
2393 3951 2518 4008 erga
2560 3939 2871 4004 proximum
2907 3938 3097 3993 efﬁcax
3129 3939 3222 4001 sit,
3258 3945 3316 3991 ut
3362 3937 3414 3989 in
3445 3938 3591 3991 bono
3631 3939 3732 3991 im-

2140 4033 2373 4085 mobiles
2401 4030 2787 4101 persistamus,
2824 4030 3251 4099 haudquaquam
3285 4029 3399 4083 ﬁeri
3428 4030 3622 4099 possit.

2210 4125 2372 4194 512
2393 4125 2444 4178 6.
2469 4123 2859 4178 Sanctiomncs
2881 4123 3075 4177 incolas
3101 4131 3300 4177 suntet
3320 4123 3622 4192 peregrini,
3672 4131 3724 4177 ut

2139 4216 2234 4284 qui
2264 4217 2550 4270 veritatem
2573 4214 2627 4268 in
2658 4215 2900 4284 speculis
2936 4215 3160 4268 videant
3180 4223 3234 4268 et
3263 4213 3572 4284 :enigmatis
3607 4213 3724 4285 (ob-

2140 4307 2319 4362 scuris
2339 4307 2548 4361 scilicet
2571 4306 3192 4378 repraesentationihus).
3211 4308 3727 4372 lconomaehivero,

2141 4397 2234 4466 qui
2285 4413 2396 4450 non
2429 4397 2741 4452 sustineant
2777 4398 2833 4451 in
2889 4399 3133 4468 speculis
3169 4399 3380 4464 videre,
3418 4415 3448 4452 a
3494 4398 3728 4454 veritate

2073 4489 2114 4542 D
2145 4506 2374 4559 prorsus
2392 4490 2739 4544 exciderunt.

2216 4583 2267 4635 7.
2295 4583 2433 4635 Deus
2471 4585 2616 4636 stetit
2660 4584 2714 4636 in
2741 4600 3015 4653 synagoga
3037 4584 3326 4640 deorum".
3357 4585 3435 4638 Ac
3468 4585 3592 4638 vide
3619 4600 3723 4638 an-

2143 4673 2390 4744 gelorum
2436 4673 2772 4743 potentiam;
2809 4673 3087 4742 itemque,
3129 4673 3222 4742 qui
3253 4691 3362 4728 non
3411 4675 3588 4728 credit
3627 4691 3724 4730 ne-

2142 4779 2296 4818 cesse
2334 4779 2455 4818 esse
2509 4772 2568 4817 ut
2617 4765 2864 4819 membra
2896 4766 3305 4835 coniungantur
3353 4781 3480 4819 cum
3520 4765 3722 4834 capite,

2143 4853 2443 4919 inﬁdelem,
2481 4870 2658 4923 eoque
2695 4855 2919 4910 nomine
2947 4857 3059 4925 jam
3080 4857 3408 4925 judicalmn,
3438 4873 3578 4911 esse.

2213 4944 2265 4998 8.
2299 4943 2563 5010 Quisnam
2600 4944 2815 4999 habitet
2849 4955 3053 4999 terram
3097 4946 3515 5013 Chaldaeorum;
3565 4949 3721 5018 quis—

2136 5052 2261 5090 nam
2290 5052 2420 5090 vero
2451 5036 2739 5090 Charrhan
2773 5037 3217 5106 Mesopotamiae?
3252 5037 3388 5104 Quis
3421 5040 3720 5094 transfera—

2138 5138 2226 5182 tur
2248 5129 2303 5182 in
2337 5138 2536 5183 terram
2564 5128 2787 5193 bonam,
2822 5145 2985 5198 quam
3031 5131 3174 5184 Deus
3206 5147 3263 5185 se
3296 5130 3555 5184 daturum
3593 5133 3715 5201 pol-

2136 5219 2320 5273 licitus
2350 5228 2456 5280 est.
2489 5219 2574 5273 his
2597 5219 2690 5288 qui
2715 5219 2992 5290 diligunt?

2208 5310 2260 5364 9.
2291 5311 2429 5364 Olim
2469 5325 2688 5380 quoque
2739 5320 2867 5365 ante
2908 5311 3229 5375 adventum,
3280 5328 3537 5380 nuncque
3579 5312 3716 5365 adeo

2141 5409 2266 5473 post
2316 5403 2516 5472 ipsum,
2562 5403 2821 5458 advenire
2856 5404 2922 5459 ad
2955 5421 3057 5458 nos
3090 5405 3415 5474 spiritaliter
3452 5405 3544 5457 Dei
3577 5404 3713 5458 Ver-

2140 5495 2294 5558 bum,
2317 5494 2550 5549 oceultis
2567 5496 2880 5567 augmentis
2906 5497 3217 5567 provehens
3237 5497 3304 5552 ad
3328 5513 3392 5552 ea
3425 5511 3546 5566 quae
3579 5495 3714 5550 divi-

2138 5588 2290 5642 niora
2320 5594 2468 5641 sunt.

527 5842 654 5914 "Ex
693 5844 749 5896 V.
815 5844 893 5900 CI.
963 5845 1244 5916 Raphaclis
1288 5847 1530 5916 Dufrcnii
1597 5849 1734 5917 cod.,
1779 5867 1917 5905 nunc
1963 5851 2139 5922 Regio.
