4020 6400
2238 202 2325 217 νυ⁴

376 297 516 364 1177
1043 304 1374 366 CAPITUM
1411 306 1830 378 QUINQUIES
1870 312 2387 374 CENTENORUM
2421 316 2805 381 CENTURIA
2838 326 2879 383 Ι,
3484 320 3617 387 1178

385 511 1759 545 .__.._.__.__________________

1237 703 1467 789 ΤΟΥ
1530 705 1873 790 ΑΓΙΟΥ
1931 706 2365 793 ΠΑΤΡΟΣ
2408 709 2731 797 ΗΜΩΝ

1714 900 1835 953 ΚΑΙ
1867 903 2297 957 ΔΙΔΛΣΚΛΛΟΥ

756 1079 1557 1223 ΜΑΞΙΜΟΥ
1633 1092 1981 1224 ΤΟΥ
2055 1095 3265 1238 ΟΜΟΑΟΓΗΤΟΥ

1056 1337 1406 1393 ΚΕΦΛΛΛῘΛ
1444 1340 1736 1394 ΔΙΛΨΟΡΑ
1768 1343 2157 1400 θΕΟΛΟΓΙΚΛ
2188 1347 2275 1401 ΤΕ
2303 1347 2423 1400 ΚΑΙ
2447 1349 2889 1404 ΟῘΚΟΝΟΜΙΚΛ

1552 1504 1664 1559 Kal
1692 1504 1823 1573 περὶ
1853 1504 2077 1573 ἀρετῆς
2104 1505 2203 1559 καὶ
2231 1507 2465 1574 κακίας.

615 1829 1029 1923 SANCTI
1140 1833 1561 1923 PATRIS
1662 1834 2099 1926 NOSTRI
2234 1838 2629 1939 ATQUE
2734 1838 3351 1944 MAGISTRI,

1238 2068 1767 2182 MAXlMl
1854 2070 2810 2187 CONFESSORIS

737 2288 1067 2353 DIVERSA
1096 2291 1366 2353 CAPITA
1393 2292 1495 2353 AD
1548 2292 2052 2354 THEOLOGIAM
2082 2295 2180 2355 ET
2236 2295 2702 2357 (ECONOMIAM
2758 2298 3220 2361 SPECTANTIA

1518 2417 1751 2528 Ι)ΕροΕ
1779 2461 2089 2520 VIRTUTE
2128 2462 2218 2519 ac
2258 2459 2464 2521 vmo.

784 2770 1200 2825 ΕΚΛΤΟΝΤΑΣ
1231 2772 1484 2827 ΠΡΩΤΗ.
1955 2784 2002 2840 Α

1955 2784 2002 2840 Α
2380 2775 2706 2833 CENTENA
2741 2778 2953 2835 PRIMA
2986 2778 3252 2834 CAPITA.

419 2882 492 2940 α’.
520 2884 620 2939 Ἕν
648 2885 765 2937 ἐστι
793 2884 856 2938 τὸ
887 2884 1266 2956 ὑπεράναρχον
1298 2885 1390 2939 καὶ
1425 2886 1753 2957 ὑπερούσιον
1790 2888 1928 2957 ἁγα-

2099 2888 2151 2941 i.
2170 2887 2349 2943 Unum
2364 2896 2449 2941 est
2469 2887 2672 2941 bonum
2694 2897 3070 2957 prmzeternum
3107 2899 3164 2946 et
3189 2891 3609 2960 supersubstan-

343 2977 461 3040 θδν,
495 2978 530 3047 ὴ
572 2977 703 3045 ἁγία
740 2977 1171 3047 τρισυπόστατος
1201 2978 1386 3041 Μονὰς
1406 3020 1419 3043 ,
1452 2980 1644 3049 Πατὴρ
1675 2980 1768 3033 καὶ
1795 2981 1924 3043 Υἱὸς

2031 2975 2182 3040 tiale,
2241 2984 2430 3029 sancta
2458 2976 2599 3030 trine
2632 2976 2941 3031 subsistens
2977 2979 3191 3045 Unitas,
3228 2981 3408 3045 Pater,
3435 2982 3610 3038 Filius

342 3068 443 3121 καὶ
488 3068 643 3135 ἅγιον
703 3066 930 3136 Πνεῦμα
960 3084 975 3097 ·
1029 3066 1196 3137 τριῶν
1249 3066 1491 3138 ἀπείρων
1528 3067 1752 3140 ἄπειρος
1791 3086 1926 3139 συμ-

2029 3071 2087 3115 ει
2126 3062 2369 3131 Spiritus
2401 3073 2657 3130 sanctus;
2689 3066 2856 3119 trium
2887 3066 3229 3122 inﬁnitarum
3270 3070 3484 3125 inﬁnita
3509 3088 3608 3141 pa-

343 3157 500 3227 φυῖαο
536 3158 626 3209 τόν
650 3173 710 3208 τε
749 3156 843 3209 τοῦ
886 3153 1045 3224 εἶναι,
1102 3158 1195 3210 καὶ
1242 3158 1379 3221 πῶς,
1410 3160 1504 3212 καὶ
1536 3159 1610 3223 τί,
1649 3160 1742 3211 καὶ
1771 3162 1925 3212 ποῖον

2026 3152 2104 3206 ris
2166 3160 2378 3206 natura:
2418 3155 2739 3224 conjunctio
2779 3173 2792 3209 :
2837 3157 2993 3226 cujus
3050 3158 3212 3223 ra‘tio,
3255 3170 3504 3229 quaest,
3552 3171 3609 3217 et

343 3248 511 3313 εἶναι,
540 3251 699 3319 λόγον
732 3254 965 3325 πάμπαν
993 3255 1103 3316 τοῖς
1135 3248 1286 3307 οὖσιν
1321 3253 1522 3308 ἄϐατον
1554 3251 1771 3323 ἔχουσα.
1808 3255 1925 3306 Πᾶ-

2026 3243 2328 3313 quomodo,
2371 3245 2574 3314 quidve
2608 3248 2877 3327 aequalis
2924 3259 3031 3315 est,
3058 3251 3337 3307 inaccessa
3381 3270 3608 3323 prorsus

343 3360 448 3395 σαν
479 3344 589 3413 γὰρ
621 3344 908 3413 διαφεύγει
952 3345 1136 3415 νόησιν
1173 3344 1283 3398 τῶν
1312 3345 1596 3413 νοούντων,
1638 3346 1740 3417 τῆς
1782 3348 1924 3399 κατὰ

2026 3335 2194 3390 rebus
2221 3346 2325 3390 est.
2347 3337 2577 3392 Omnem
2591 3340 2739 3393 enim
2765 3341 3031 3395 mentium
3063 3342 3485 3414 intelligentiam
3516 3345 3606 3399 fu-

338 3437 505 3503 φύσιν
527 3437 777 3507 οὐδαμῶς
808 3438 1040 3509 κρυφίας
1062 3436 1343 3509 ὲνδότητος
1364 3438 1601 3505 ἐξιοῦσα,
1630 3440 1723 3491 καὶ
1744 3439 1922 3507 πάσης

2023 3426 2121 3496 git,
2148 3443 2273 3482 cum
2298 3430 2532 3483 naturali
2563 3446 2663 3485 suo
2685 3446 2905 3498 arcano,
2944 3440 3000 3488 et
3034 3434 3219 3504 (utsic
3242 3437 3443 3505 dicam)
3472 3437 3606 3490 inti-

336 3528 532 3581 πασῶν
558 3529 810 3597 γνὼσεων
836 3529 1077 3600 ἀπείρως
1108 3529 1549 3599 ὑπερεκτείνεται
1579 3528 1850 3598 γνώσεως.

2023 3519 2213 3573 mitate
2237 3535 2344 3573 non
2370 3529 2548 3585 exeat,
2590 3537 2920 3593 omnemque
2956 3525 3204 3580 omnium
3242 3527 3601 3582 scientiarum

2022 3611 2309 3664 scientiam
2340 3611 2552 3667 inﬁnite
2585 3615 3001 3681 superexecdat.

415 3705 482 3777 β’.
532 3707 606 3759 Τὸ
644 3706 766 3759 κατ’
820 3708 1009 3761 οὐσίαν
1053 3708 1257 3775 κυρίως
1309 3705 1369 3758 ὃν
1419 3705 1655 3773 ἀγαθὸν,
1708 3707 1825 3759 ἐστὶ
1863 3707 1922 3760 τὸ

2089 3700 2142 3754 2.
2176 3700 2331 3767 Quod
2372 3717 2501 3756 vere
2542 3705 2846 3777 secundum
2898 3705 3198 3761 essentiam
3242 3708 3452 3762 bonum
3492 3721 3599 3774 est,

339 3800 482 3870 μήτε
509 3799 703 3869 ἀρχὴν,
738 3799 876 3869 μήτε
905 3798 1075 3860 τέλος,
1120 3799 1256 3866 μήτε
1293 3796 1468 3851 αἰτίαν
1495 3795 1589 3849 τοῦ
1623 3791 1781 3877 εἶναι,
1818 3798 1923 3868 μή-

2022 3793 2129 3847 hoc
2154 3803 2256 3859 est,
2294 3795 2441 3863 quod
2474 3812 2653 3866 neque
2679 3798 3014 3867 principium
3057 3816 3238 3871 neque
3276 3801 3462 3869 ﬁnem,
3497 3821 3598 3859 nc-

333 3909 399 3944 τε
430 3892 530 3960 τὴν
577 3889 790 3942 οίανοῦν
831 3889 974 3942 κατὰ
1018 3888 1078 3941 τὸ
1109 3882 1412 3957 εἶναιπρὸς
1455 3888 1635 3941 αίτίαν
1681 3889 1804 3942 τινὰ
1832 3890 1920 3942 κί-

2021 3903 2128 3958 que
2164 3903 2383 3943 causam
2420 3896 2481 3942 ut
2513 3888 2607 3955 sit,
2659 3906 2762 3945 nec
2802 3907 2934 3945 vero
2984 3892 3193 3959 ullum,
3243 3894 3463 3956 essendi
3507 3911 3597 3950 ra-

333 4002 495 4055 νησιν
524 3983 645 4053 ἔχον
670 3982 769 4053 (α).
795 3982 869 4035 Τὸ
895 3982 953 4035 δὲ
984 3981 1058 4051 μὴ
1085 3979 1259 4043 οὕτως
1293 3980 1436 4049 ἕχον,
1469 3981 1589 4032 οὐδὲ
1612 3981 1816 4050 κυρίως
1836 3980 1918 4047 ὃν,

2023 3980 2193 4045 tione,
2248 3981 2317 4035 ad
2373 3997 2591 4036 causam
2636 3981 2795 4051 513
2857 3983 3094 4053 aliquam
3146 3994 3357 4040 motum
3407 3986 3593 4043 habet.

332 4076 413 4138 ὡς
443 4075 619 4146 ἀρχὴν
669 4073 763 4126 καὶ
820 4072 972 4135 τέλος
1009 4072 1103 4124 καὶ
1160 4071 1341 4123 αἰτίαν
1368 4069 1461 4122 τοῦ
1509 4064 1671 4134 εἶναι,
1697 4070 1791 4123 καὶ
1817 4069 1916 4140 τὴν

2020 4071 2175 4140 Quod
2211 4082 2393 4126 autem
2424 4088 2535 4127 non
2581 4074 2658 4129 ita
2688 4089 2746 4129 se
2769 4074 2953 4138 habet,
2982 4090 3162 4144 neque
3204 4092 3333 4131 vere
3375 4092 3438 4131 ac
3466 4093 3600 4147 pro-

331 4164 480 4219 κατὰ
506 4164 568 4219 τὸ
608 4159 749 4216 εἶναι
800 4162 937 4232 πρὸς
971 4161 1148 4214 αἰτίαν
1175 4160 1299 4213 τινὰ
1334 4160 1548 4229 κίνησιν
1573 4158 1712 4230 ἔχον.
1755 4160 1828 4212 Τὸ
1856 4160 1916 4213 δὲ

2017 4164 2137 4231 prie
2177 4171 2298 4229 est;
2351 4163 2557 4233 quippe
2593 4163 2740 4234 quod
2773 4164 3107 4235 principium
3134 4175 3192 4221 et
3216 4165 3403 4233 ﬁnem,
3447 4170 3599 4239 ejus-

330 4258 543 4330 κυρίως
581 4258 683 4310 οὐκ
727 4257 807 4320 ὃν,
859 4255 962 4309 κᾶν
998 4251 1140 4308 εἶναι
1189 4252 1449 4323 λέγηται,
1509 4254 1653 4306 κατὰ
1699 4251 1917 4322 μέθεξιν

2015 4269 2124 4324 que
2153 4253 2299 4324 quod
2328 4262 2413 4310 est
2440 4270 2585 4321 esse,
2612 4270 2856 4321 causam,
2885 4264 2943 4310 et
2968 4256 3036 4311 ad
3057 4272 3277 4313 causam
3295 4299 3310 4325 ,
3353 4274 3422 4314 eo
3450 4261 3599 4330 quod

331 4352 589 4423 βουλήσει
616 4350 711 4403 τοῦ
744 4348 952 4420 κυρίως
981 4347 1155 4413 ὄντος,
1195 4346 1291 4399 καὶ
1321 4346 1439 4398 ἔστι
1473 4345 1568 4399 καὶ
1600 4344 1841 4413 λέγεται.

2014 4354 2119 4410 εει,
2151 4354 2362 4401 motum
2382 4347 2675 4418 quemdam
2698 4348 2886 4403 habet.
2922 4347 3081 4415 Quod
3115 4359 3297 4406 autem
3332 4367 3445 4406 non
3470 4368 3600 4408 vere

327 4461 398 4500 ac
432 4442 655 4514 proprie
701 4450 805 4507 est,
846 4456 1161 4512 quanquam
1194 4455 1316 4495 esse
1341 4438 1577 4495 dicatur.
1642 4453 1744 4509 per
1800 4438 2313 4510 participationem,
2371 4451 2428 4496 et
2495 4449 2581 4497 est
2617 4442 2900 4499 etdicitur
2940 4458 3095 4511 esse,
3157 4445 3277 4515 ejus
3316 4445 3601 4501 voluntate

325 4536 481 4607 quod
508 4550 640 4590 vere
672 4550 737 4589 ac
763 4532 987 4604 proprie
1012 4540 1118 4588 est.

400 4637 470 4700 γ’.
510 4631 571 4683 El.
598 4630 769 4696 Λόγος
806 4626 1239 4697 προκαθηγείται
1277 4624 1385 4695 τῆς
1412 4625 1521 4678 τῶν
1551 4624 1723 4677 ὅντων
1745 4623 1907 4691 γενέ·
1973 4672 1975 4675 .

2092 4625 2146 4678 5.
2176 4623 2315 4680 Cum
2336 4624 2576 4681 Verbum
2622 4641 2808 4681 rerum
2851 4627 3120 4682 creationi
3142 4634 3347 4697 prazeat
3369 4667 3384 4693 ,
3416 4643 3597 4697 neque

325 4740 490 4787 σεως,
533 4719 656 4775 οὔτε
699 4715 790 4791 ἦν,
839 4717 964 4773 οὔτε
1013 4716 1182 4782 ἔστιν,
1218 4715 1343 4771 οὔτε
1396 4715 1551 4771 ἔσται
1598 4715 1695 4769 τοῦ
1729 4715 1906 4785 Λόγου

2007 4723 2147 4779 erat,
2171 4730 2353 4785 neque
2379 4723 2486 4780 est,
2510 4723 2676 4769 autve
2705 4716 2815 4770 erit
2843 4716 3076 4770 verbum
3106 4715 3288 4771 Verbo
3327 4717 3594 4772 anterius.

324 4814 486 4881 λόγος
514 4811 810 4882 ἁνώτερος.
850 4812 1023 4877 Λόγος
1053 4809 1130 4874 δὲ,
1156 4809 1257 4862 οὐκ
1285 4808 1446 4871 ἄνους
1478 4807 1512 4879 ἢ
1562 4806 1709 4879 ζωῆς
1745 4806 1905 4879 ἄμοιο

2006 4805 2250 4861 Verbum
2272 4816 2457 4862 autem
2483 4813 2589 4869 est,
2638 4820 2751 4859 non
2801 4807 3026 4871 mentis,
3067 4816 3164 4861 aut
3195 4808 3320 4862 vita:
3361 4822 3591 4877 expers,

329 4921 458 4975 ρος·
490 4903 606 4958 ἀλλ’
638 4902 821 4966 ἔννους
856 4902 953 4955 καὶ
986 4899 1118 4967 ζῶν,
1147 4899 1224 4963 ὡς
1273 4899 1550 4968 γεννῶντα
1584 4898 1732 4952 Νοῦν
1761 4899 1904 4970 ἔχων

2005 4899 2101 4954 sed
2135 4898 2285 4969 quod
2322 4907 2509 4954 mente
2534 4898 2738 4968 polleat
2766 4913 2830 4955 ac
2850 4898 3029 4965 vivat;
3074 4901 3281 4971 quippe
3323 4916 3449 4956 cum
3497 4902 3592 4972 gi.

314 5057 319 5059 ’
396 5060 472 5132 (a)
500 5062 655 5131 Πρὸς
680 5060 875 5114 αἰτίαν
899 5059 1030 5113 τινὰ
1078 5059 1327 5132 κίνησιν
1346 5060 1509 5132 ἔχοις.
1542 5058 1765 5128 Spectat
1794 5061 1900 5117 hoc

1998 5078 2063 5118 ac
2094 5061 2362 5118 Catholici
2400 5060 2619 5125 dicant;
2681 5059 2827 5132 quod
2871 5075 2988 5132 _non
3042 5059 3114 5116 sit
3147 5069 3374 5131 propter
3398 5060 3585 5123 ﬁnem,

317 5129 598 5203 praeeipue
630 5132 697 5186 ad
736 5147 956 5203 causam
981 5146 1100 5203 qua:
1136 5129 1258 5182 ﬁnis
1289 5137 1391 5195 est,
1423 5130 1491 5203 ad
1518 5145 1682 5203 quam
1708 5147 1899 5203 move-
1998 5132 2095 5187 sed
2123 5133 2240 5202 ipse
2270 5147 2409 5203 _cum
2442 5132 2622 5203 Patre,
2651 5129 2947 5203 et‘Spi‘ritu
2978 5129 3167 5203 sancto
3196 5129 3340 5185 unus
3371 5132 3443 5185 sit
3471 5147 3593 5203 om-

320 5199 433 5267 iur,
465 5199 610 5273 q'uod
640 5218 708 5256 ex
736 5201 926 5273 illaut
958 5200 1248 5261 elﬁciente,
1276 5206 1380 5252 est.
1422 5199 1702 5273 Nccbene
1735 5201 1901 5256 Picus
2000 5199 2159 5256 nium
2191 5201 2336 5273 ﬁnis,
2374 5200 2523 5273 quod
2572 5214 2678 5273 u_na
2719 5199 2971 5273 bonitas,
3020 5201 3185 5273 utiet
3211 5210 3416 5273 natura
3452 5219 3465 5254 :
3505 5202 3593 5256 id-

320 5269 613 5342 expre'ssit,
662 5272 755 5327 Ad"
775 5271 966 5342 ullam,
995 5286 1207 5342 prorsus
1232 5285 1451 5323 causam
1476 5271 1744 5342 refertur;
1776 5286 1899 5324 cum
2003 5274 2153 5327 circo
2183 5272 2366 5326 dictus
2390 5269 2553 5342 Greg.
2582 5269 2860 5339 Theologo
2889 5277 3052 5338 atque
3075 5271 3339 5342 _Maximo,
3368 5279 3595 5341 propter

320 5339 516 5397 referri
539 5344 607 5398 ad
636 5356 855 5396 causam
897 5339 1062 5394 etiam
1111 5339 1348 5410 dicatur,
1385 5341 1532 5409 quod
1566 5339 1633 5392 ad
1678 5355 1796 5394 eam
1844 5350 1904 5395 ut
2005 5357 2085 5406 se,
2132 5342 2404 5403 ἀναίτιος·
2439 5339 2645 5410 nullam
2684 5356 2900 5391 causam
2932 5350 3022 5393 aut
3053 5340 3215 5409 ﬁnem
3243 5339 3589 5410 habensfqui

315 5422 596 5468 auctorem
618 5411 994 5482 quovis-modo
1015 5425 1169 5482 suam
1188 5408 1354 5482 refert
1378 5410 1665 5482 originem,
1684 5410 1899 5482 etiamsi
1929 5455 1970 5482 η
2004 5420 2236 5482 propter
2269 5426 2389 5482 nos,
2421 5412 2485 5462 δι’
2510 5409 2730 5482 αἰτίανλ
2755 5417 2968 5482 propter
2989 5427 3208 5465 causam
3228 5423 3331 5469 est,
3359 5427 3463 5482 qua
3490 5408 3591 5482 sci-

1013 5455 1126 5547 “ut
1158 5480 1211 5530 in
1238 5455 1665 5543 divitiis,°Filius
1696 5479 1761 5532 ad
1794 5481 1898 5534 Pa-
1928 5455 1971 5513 ο
2005 5455 2139 5537 licet
2163 5483 2325 5535 homo
2349 5455 2527 5534 factus
2554 5486 2658 5532 est.
2690 5455 3018 5548 Carstiéatius
3046 5496 3176 5548 ergo
3204 5482 3257 5535 in
3314 5455 3585 5547 theologia

317 5563 458 5608 trem
492 5563 553 5607 ut
583 5554 760 5606 αἰτίαν
791 5550 1029 5605 refertur
1058 5548 1385 5620 (utiGrmcis
1407 5550 1557 5618 loqui
1582 5551 1747 5620 moris
1767 5549 1895 5617 est),
2006 5552 2365 5620 loquendum,
2403 5548 2638 5620 nequid
2687 5547 2815 5601 inde
2847 5547 3049 5620 nedum
3081 5547 3459 5620 obscuritatis,
3492 5548 3588 5620 sed

314 5640 427 5677 non
460 5633 641 5678 tamen
664 5621 732 5677 ad
770 5620 949 5689 ipsum
981 5616 1187 5691 moveri
1218 5633 1312 5672 seu
1332 5616 1558 5691 motum
1588 5619 1811 5691 habere,
1839 5616 1900 5673 ut
2006 5632 2062 5676 et
2082 5616 2310 5675 _crroris
2360 5618 2740 5691 theologorum
2774 5617 3191 5691 castigatissimo
3236 5620 3496 5687 Maximo,
3530 5616 3589 5674 in

315 5695 454 5766 πρὸς
499 5695 679 5750 αἰτίαν
727 5688 1007 5764 (tanquam
1034 5689 1231 5745 scilicet
1271 5688 1341 5742 ad
1368 5688 1549 5761 ﬁnem)
1580 5690 1675 5743 ulli
1703 5704 1897 5745 eorum
2008 5692 2121 5746 suis
2158 5692 2221 5746 de
2252 5690 2522 5761 theologia
2553 5688 2795 5742 accedat.
