4020 6466
309 374 445 441 1181

1014 380 1350 440 CAPITUM
1388 378 1812 451 QUINQUIES
1848 378 2369 445 CENTENORUM
2404 387 2793 456 CENTURIA
2830 398 2880 459 Ι.

3437 399 3572 466 1182

297 496 399 556 τὸς
417 489 528 546 οἶδε
560 491 790 564 τρόπον·
837 492 981 546 οὕτω
1013 496 1108 547 καὶ
1148 494 1320 548 θέλων
1352 498 1628 565 ὑπέστησε
1672 496 1740 548 τὰ
1770 513 1901 564 μετ-

2012 507 2221 552 maneat
2244 500 2668 572 inexplicabilis.
2707 492 3185 575 Quemadmodum
3213 511 3387 583 igitur
3404 514 3575 581 Deus,

302 588 523 657 έχοντα,
563 584 681 638 καθ’
709 584 767 636 ὃν
798 586 961 649 αὐτὸς
993 586 1283 639 ἐπίσταται
1323 587 1503 655 λόγον,
1529 587 1596 639 δι’
1620 587 1894 657 ὑπερϐάλ-

300 679 507 733 λουσαν
548 678 883 746 ἀγαθότητος
924 678 1173 748 δύναμιν.
1208 679 1418 731 Οὐκοῦν
1462 680 1525 731 τὸ
1555 679 1774 749 θελήσει
1800 678 1894 731 τοῦ

304 771 678 839 πεποιηκότος
722 770 1039 839 γενόμενον,
1088 770 1188 823 οὑκ
1222 770 1288 824 ἂν
1320 771 1406 841 εἴη
1434 771 1564 824 ποτὲ
1608 770 1897 841 θελήσαντι

304 860 441 914 αὑτὸ
474 860 749 929 γενέσθαι,
787 862 1077 915 συναῖδιον.

381 1045 453 1110 η’.
507 1040 569 1092 Ὃ
606 1036 696 1089 τοῦ
732 1034 869 1089 Θεοῦ
912 1037 1087 1104 Λόγος
1121 1035 1341 1106 ἐφάπαξ
1390 1036 1535 1090 κατὰ
1565 1037 1746 1107 σάρκα
1769 1053 1896 1105 γεν-

304 1131 518 1199 νηθεὶς,
549 1132 635 1183 ἀεὶ
667 1130 922 1197 γεννᾶται
955 1128 1125 1180 θέλων
1152 1127 1297 1181 κατὰ
1332 1130 1549 1199 πνεῦμα
1584 1129 1673 1181 διὰ
1708 1128 1900 1196 φιλαν-

304 1222 562 1293 θρωπίαν
605 1223 720 1283 τοῖς
773 1220 1021 1273 θέλουσι·
1062 1220 1158 1272 καὶ
1200 1219 1411 1287 γίνεται
1446 1219 1667 1289 βρέφος,
1704 1217 1898 1271 ἑαυτὸν

305 1313 369 1366 ἐν
402 1311 632 1372 ἐκείνοις
684 1309 1032 1363 διαπλάττων
1073 1311 1193 1371 ταῖς
1224 1310 1475 1380 ἀρεταῖς·
1510 1312 1605 1363 καὶ
1642 1307 1897 1362 τοσοῦτον

307 1401 661 1469 φαινόμενος,
706 1400 829 1451 ὅσον
864 1401 1063 1469 χωρεῖν
1110 1398 1399 1451 ἐπίσταται
1441 1398 1533 1451 τὸν
1573 1397 1894 1467 δεχόμενονο

305 1493 372 1544 οὐ
406 1490 586 1560 φθόνῳ
623 1488 942 1560 σμικρύνων
976 1488 1071 1541 τοῦ
1120 1488 1324 1542 οἰκείου
1378 1489 1642 1558 μεγέθους
1680 1488 1777 1561 τὴν
1804 1489 1898 1542 ἐκ-

307 1601 531 1652 φανσιν,
563 1582 702 1636 ἀλλὰ
740 1583 925 1653 μέτρῳ
954 1582 1269 1651 σταθμίζων
1299 1583 1408 1635 τῶν
1431 1584 1563 1653 όρᾷν
1591 1582 1900 1635 ποθούντων

306 1673 412 1744 τὴν
446 1672 697 1742 δύναμιν.
743 1672 932 1735 Οὕτως
978 1674 1066 1724 ἀεὶ
1116 1674 1209 1727 καὶ
1241 1673 1564 1742 φαινόμενος
1584 1675 1611 1725 6
1637 1672 1731 1726 τοῦ
1762 1662 1897 1725 Θεοῦ

305 1767 486 1833 Λόγος
511 1767 622 1827 τοῖς
655 1765 882 1835 τρόποις
911 1764 1017 1815 τῶν
1055 1765 1317 1834 μετόχων⁹
1349 1767 1436 1817 ἀεὶ
1467 1765 1711 1835 διαμένει
1755 1764 1898 1817 κατὰ

1997 586 2142 655 quod
2166 589 2317 655 velit,
2343 594 2725 664 participatur,
2752 614 2859 668 qua
2885 602 3001 671 ipse
3034 605 3245 658 ratione
3272 604 3426 657 novit
3462 623 3474 657 :
3497 606 3579 662 sic

1996 687 2052 732 et
2074 694 2137 733 ea
2158 696 2279 749 qua:
2303 685 2656 755 participant,
2690 692 2979 747 excellenti
3018 694 3280 750 bonitatis
3306 697 3577 765 potentia,

1997 785 2105 839 qua
2140 773 2297 827 novit
2340 776 2572 843 ratione,
2603 782 2887 839 voluntate
2928 786 3195 841 condidit.
3231 788 3400 857 Igitur
3432 788 3576 861 quod

1998 862 2236 916 creantis
2261 865 2540 921 voluntate
2583 869 2787 925 factum
2822 880 2928 937 est,
2961 890 3245 944 nunquam
3293 876 3366 942 ei,
3396 878 3489 947 qui
3516 886 3578 933 ut

1998 950 2155 1006 ﬁeret
2182 955 2377 1021 voluit,
2402 968 2733 1014 coaeternum
2756 964 3054 1018 exstiterit.
3312 949 3316 953 ’

2069 1046 2123 1100 8.
2172 1048 2268 1103 Dei
2316 1051 2579 1118 Verbum,
2624 1071 2792 1110 carne
2834 1058 3002 1111 semel
3063 1068 3250 1112 natum
3286 1058 3429 1129 (qua:
3460 1060 3581 1131 ejus

1997 1151 2267 1207 propensa
2314 1140 2626 1212 benignitas
2656 1162 2720 1200 ac
2756 1148 3070 1202 humanitas
3096 1149 3201 1219 est)
3232 1150 3319 1203 his
3362 1150 3455 1217 qui
3490 1167 3585 1203 ve—

1997 1228 2121 1294 lint,
2151 1246 2371 1301 semper
2394 1234 2586 1288 volens
2621 1237 2818 1305 spiritu
2852 1238 3136 1304 nascitur;
3167 1238 3337 1308 fitque
3381 1240 3580 1302 infans,

1998 1332 2056 1372 se
2083 1318 2138 1372 in
2166 1318 2276 1374 illis
2306 1322 2605 1376 virtutibus
2634 1324 2972 1390 informans;
3006 1341 3070 1379 ac
3103 1342 3214 1395 quo
3241 1320 3464 1380 modulo
3490 1343 3584 1381 ca-

1998 1424 2127 1478 pere
2157 1411 2311 1465 novit
2345 1414 2760 1482 suscipientem,
2793 1416 3035 1485 seipsum
3063 1418 3399 1481 manifestat,
3433 1419 3583 1472 nulla

1998 1500 2189 1557 livoris
2218 1503 2341 1557 labe
2377 1520 2441 1559 ac
2488 1506 2715 1569 invidia,
2751 1523 2865 1562 sua:
2903 1510 3298 1579 magnitudinis
3328 1512 3587 1580 amplitu-

1999 1591 2186 1648 dinem
2216 1595 2492 1661 minuens,
2532 1598 2627 1651 sed
2663 1600 2819 1668 quasi
2850 1616 3107 1655 mensura
3159 1617 3222 1655 ae
3277 1603 3440 1656 modo
3492 1618 3588 1655 cu-

2000 1686 2272 1754 pientium
2308 1688 2497 1744 videre
2528 1676 2856 1745 Tacuilatem
2892 1694 3208 1761 explorans,
3256 1710 3585 1763 semperque

2001 1792 2113 1845 prae
2142 1779 2748 1847 mysteriiexccllentia,
2784 1784 2998 1837 cunctis
3022 1783 3433 1853 inaspectabilis
3461 1801 3588 1854 per-

304 1862 413 1928 τὴν
449 1858 757 1929 ὑπερϐολὴν
787 1857 882 1910 τοῦ
922 1857 1247 1927 μυστηρίου,
1281 1860 1394 1920 τοῖς
1439 1858 1609 1908 πᾶσιν
1644 1854 1896 1917 ἀθέατος.

2012 1870 2134 1924 inde
2192 1886 2575 1939 perseverans.
2608 1871 2975 1937 Quamobrem
3023 1874 3246 1929 divinus
3288 1875 3587 1944 Apostolus

307 1952 481 2005 Ὅθεν
512 1951 689 2019 σοφῶς
722 1950 819 2003 τοῦ
856 1950 1163 2020 μυστηρίου
1197 1949 1297 2019 τὴν
1336 1949 1567 2019 δύναμιν
1594 1947 1899 2015 διασκοπή-

310 2061 416 2107 σας
447 2045 473 2096 6
508 2043 651 2105 θεῖος
697 2040 1055 2105 Ἀπόστολος,-
1097 2042 1297 2111 φησίν·
1343 2040 1580 2108 Ἰησοῦς
1620 2039 1895 2106 Χριστὸς,

308 2136 459 2205 χθὲς
489 2136 584 2188 καί
616 2135 904 2203 σήμερον,
935 2138 966 2188 ό
1007 2134 1190 2198 αὐτὸς
1221 2133 1320 2187 καὶ
1353 2135 1438 2197 εἰς
1466 2131 1607 2197 τοὺς
1641 2131 1895 2197 αἰῶνας·

308 2226 471 2289 εἰδὼς
497 2228 584 2279 ἀεὶ
608 2227 792 2277 καινὸν
820 2226 879 2277 τὸ
908 2226 1229 2295 μυστήριον,
1259 2225 1352 2277 καὶ
1377 2223 1646 2294 μηδέποτε
1674 2221 1901 2295 περιλή-

308 2319 408 2387 ita:
438 2319 556 2380 νοὸς
578 2317 1002 2385 παλαιούμενον.
1304 2380 1312 2389 ⁸

388 2413 457 2465 θ’.
500 2412 772 2463 Γεννᾶται
820 2409 1059 2480 Χριστὸς
1104 2411 1132 2462 6
1168 2409 1322 2471 Θεὸς,
1356 2407 1662 2479 προσλήψει
1699 2405 1901 2478 σαρκὸς

308 2502 493 2573 ψυχὴν
526 2501 756 2572 ὲλούσης
795 2500 987 2570 νοεράν
1019 2498 1305 2566 γενόμενος
1326 2498 1640 2565 ἄνθρωπος·
1666 2497 1693 2548 ὁ
1720 2512 1900 2566 παρα-

314 2596 583 2665 σχόμενος
630 2596 745 2655 τοίς
786 2587 939 2645 οὖσιν
989 2593 1054 2642 ἐκ
1113 2590 1189 2659 μὴ
1222 2589 1392 2641 ὄντων
1426 2588 1524 2659 τὴν
1562 2588 1805 2657 γένεσινο
1840 2586 1900 2640 ὅν

313 2685 594 2755 Παρθένος
626 2682 922 2754 ὑπερφυῶς
965 2681 1222 2742 τεκοῦσα,
1257 2680 1566 2751 παρέλυσεν
1600 2679 1754 2731 οὐδὲν
1800 2680 1901 2749 τῆς

314 2776 615 2847 παρθενίας
644 2777 969 2847 τεκμήριον.
1012 2775 1100 2838 Ὠς
1122 2775 1230 2845 γὰρ
1252 2775 1413 2835 αὐτὸς
1442 2773 1727 2842 ἄνθρωπος
1749 2772 1901 2839 γέγο-

315 2886 431 2933 νεν,
468 2870 569 2921 οὐκ
616 2867 921 2928 ἀλλοιώσας
968 2867 1067 2937 τὴν
1114 2866 1298 2935 φύσιν,
1357 2866 1466 2918 οὐδ’
1507 2864 1751 2934 ἀμείψας
1799 2862 1899 2933 τὴν

317 2961 549 3030 δύναμιν
570 2977 583 2989 ’
609 2959 753 3013 οὕτω
794 2960 894 3030 τὴν
939 2957 1203 3011 τεκοῦσαν
1232 2958 1326 3010 καὶ
1352 2957 1565 3027 μητέρα
1606 2958 1772 3019 ποιεῖ,
1804 2954 1900 3008 καὶ

320 3052 591 3124 παρθένον
622 3052 891 3123 διατηρεῖ,
929 3050 1168 3119 θαύματι
1191 3049 1378 3120 θαῦμα
1403 3049 1544 3102 κατὰ
1568 3048 1729 3101 ταὺτὸ
1758 3047 1902 3119 διερο

2005 1963 2251 2033 mysterii
2276 1963 2386 2016 vim
2409 1965 2685 2034 sapienter
2713 1966 3074 2020 considerans
3101 1984 3113 2019 :
3140 1966 3293 2019 Jesus
3324 1966 3584 2029 Christus,

2004 2055 2205 2123 inquit.
2241 2056 2352 2107 heri
2374 2064 2420 2107 et
2451 2056 2635 2119 hodie;
2662 2057 2773 2125 ipse
2811 2066 2859 2109 et
2888 2059 2943 2109 in
2969 2057 3167 2111 swcula
3197 2061 3206 2088 ‘
3247 2075 3261 2121 ;
3296 2057 3371 2111 ita
3422 2057 3587 2109 nimi-

2006 2159 2151 2207 rum,
2181 2145 2500 2215 mysterium
2553 2160 2772 2214 semper
2825 2163 3027 2201 novum
3086 2148 3423 2217 intelligens,
3454 2146 3584 2199 nul-

2004 2235 2165 2304 laque
2231 2252 2472 2305 unquam
2532 2237 2735 2291 mentis
2774 2239 3268 2307 comprehensione
3318 2254 3619 2293 consenew

2005 2339 2186 2378 SCCHS.

2077 2415 2129 2470 9.
2169 2416 2425 2471 Nascitur
2474 2416 2727 2471 Christus
2768 2418 2934 2481 Deus,
2981 2420 3357 2487 assumptione.
3406 2418 3590 2471 carnis

2005 2507 2187 2562 anima
2215 2508 2554 2577 intelligente
2592 2510 2862 2578 pneditre,
2918 2509 3099 2563 factus
3124 2510 3322 2573 homo;
3352 2511 3445 2578 qui
3474 2510 3588 2578 ipse

2007 2597 2177 2652 rebus
2229 2609 2620 2661 concesserat,
2680 2607 2743 2653 ut
2784 2615 2851 2653 ex
2913 2600 3090 2653 nihilo
3165 2599 3584 2669 procederent:

2006 2704 2167 2758 quem
2216 2689 2381 2758 Virgo
2436 2689 2622 2742 altiori
2673 2705 2837 2759 supra
2879 2698 3132 2744 naturam
3182 2690 3346 2744 modo
3384 2691 3584 2753 enixa,

2004 2780 2219 2833 nullum
2249 2779 2587 2850 virginitatis
2626 2781 2791 2834 solvit
2821 2780 3186 2850 signaculum.
3214 2780 3584 2846 Quemadmo-

2006 2867 2136 2921 dum
2156 2868 2305 2921 enim
2336 2868 2512 2923 tactus
2548 2877 2633 2923 est
2667 2870 2852 2934 homo,
2882 2870 3020 2923 nihil
3057 2870 3112 2923 in
3159 2871 3441 2924 diversum
3485 2871 3587 2924 im—

2005 2964 2212 3010 mutata
2272 2966 2486 3023 natura,
2512 2959 2599 3012 vel
2646 2967 2981 3013 commutata
3019 2961 3297 3029 potentia;
3326 2962 3404 3015 sic
3445 2978 3586 3031 quo-

2008 3064 2116 3117 que
2159 3064 2513 3118 puerperam,
2539 3058 2596 3103 et
2639 3058 2874 3105 matrem
2924 3050 3074 3116 facit,
3109 3060 3165 3104 et
3206 3062 3389 3107 servat
3420 3053 3589 3123 virgi-

323 3142 576 3213 μηνεύων
602 3141 738 3211 ἅμα,
766 3142 860 3194 καὶ
887 3140 1101 3211 θατέρῳ
1124 3139 1385 3210 κρύπτων
1414 3140 1475 3194 τὸ
1497 3140 1700 3210 ἕτερον.
1720 3140 1901 3192 Ἐπει-

2012 3155 2159 3203 nem,
2204 3140 2260 3193 in
2302 3139 2495 3195 eodem
2518 3141 2814 3211 simulque,
2842 3141 3171 3197 miraculum
3199 3144 3466 3199 miraculo
3495 3159 3591 3199 ex-

318 3234 388 3305 δὴ
426 3234 493 3287 δι’
534 3234 725 3287 ἑαυτὸν
764 3235 791 3285 ὁ
824 3232 957 3294 Θεὸς
1007 3233 1095 3284 ἀεὶ
1142 3231 1264 3285 κατ’
1311 3232 1499 3284 οὐσίαν
1530 3232 1767 3302 ὑπάρχει
1802 3249 1905 3300 μυ-

323 3327 566 3398 στήριον,
601 3326 855 3379 τοσοῦτον
884 3325 1078 3377 ἑαυτὸν
1112 3324 1326 3393 ἐξάγων
1366 3322 1465 3395 τῆς
1500 3326 1735 3395 φυσικῆς
1769 3341 1905 3394 κρυ-

320 3418 602 3488 φιότητος,
658 3417 783 3470 ὅσον
825 3417 1030 3485 ταύτην
1091 3416 1254 3469 πλέον
1300 3415 1388 3468 διὰ
1442 3416 1542 3485 τῆς
1589 3417 1906 3483 ὲκφάνσεως

321 3510 715 3580 κρυφιωτέραν
765 3508 1105 3579 ἐργάζεσθαι
1127 3524 1139 3537 ·
1172 3508 1268 3559 καὶ
1302 3506 1557 3559 τοσοῦτον
1607 3506 1769 3558 πάλιν
1801 3523 1905 3575 μη-

318 3602 459 3674 τέρα
507 3603 606 3671 τὴν
646 3600 911 3653 τεκοῦσαν
952 3600 1217 3670 παρθένον
1254 3598 1600 3667 ποιούμενος,
1631 3598 1755 3649 ὅσον
1808 3598 1907 3667 τὴν

322 3694 524 3765 κύησιν
558 3693 752 3747 ἄλυτον
786 3693 883 3762 τῆς
926 3692 1221 3762 παρθενίας
1250 3690 1449 3760 δεσμὸν
1493 3687 1906 3761 ἀπεργάζεσθαι

326 3783 488 3856 [ιιηιιδ
520 3784 643 3855 Reg.
672 3772 1119 3854 ἀπεργάσασθαι]

401 3967 454 4015 ι’.
497 3959 565 4032 (e)
601 3958 1071 4029 Καινοτομοῦνται
1103 3956 1314 4027 φύσεις,
1347 3956 1594 4019 καιΘεδς
1622 3955 1909 4025 ἄνθρωπος

278 4072 279 4075 ‘
325 4055 542 4121 γίνεται
562 4071 576 4085 ·
606 4054 666 4106 οὑ
703 4054 862 4123 μόνον
896 4052 928 4122 ἡ
960 4050 1080 4102 θεία
1104 4050 1199 4103 καὶ
1232 4049 1470 4119 σταθερά
1501 4048 1597 4101 καὶ
1627 4047 1906 4117 ἀκίνητος.

327 4145 627 4217 κινουμένη
679 4143 814 4214 πρὸς
862 4143 962 4211 τὴν
1009 4140 1334 4209 κινουμένην
1390 4139 1481 4191 καὶ
1529 4137 1784 4201 ἄστατον,
1821 4138 1911 4191 ἵνα

329 4238 509 4308 στήσῃ
539 4235 632 4288 τοῦ
665 4232 967 4305 φέρεσθαι·
997 4231 1120 4285 οὐδὲ
1154 4232 1315 4301 μόνον
1348 4231 1381 4299 ἡ
1423 4228 1739 4301 ἀνθρωπίνη
1789 4229 1911 4299 δίχα

328 4330 543 4400 σπορᾶς
579 4327 718 4397 ὑπὲρ
760 4325 920 4395 φύσιν
961 4321 1283 4393 γεωργοῦσα
1326 4322 1507 4392 σάρκα
1540 4321 1617 4390 τῷ
1641 4322 1798 4390 Λόγῳ
1824 4338 1912 4373 τε-

326 4417 791 4491 λεσφορουμένην,
845 4416 931 4468 ἵνα
972 4418 1069 4485 στῇ
1120 4414 1215 4467 τοῦ
1272 4413 1569 4485 φέρεσθαιο
1619 4413 1754 4466 ἀλλὰ
1816 4413 1912 4466 καὶ

2011 3246 2252 3302 ponens,
2305 3231 2651 3301 alterumque
2700 3232 2875 3286 altero
2909 3234 3215 3288 occultans.
3259 3235 3404 3289 Deus
3438 3235 3587 3289 enim

2011 3324 2096 3379 sui
2128 3324 2243 3393 ipse
2281 3324 2493 3377 ratione
2539 3324 2947 3390 essentialiter,
3002 3340 3220 3395 semper
3265 3328 3590 3396 mysterium

2010 3424 2126 3481 est;
2161 3422 2375 3468 tantum
2423 3413 2691 3469 naturalis
2732 3414 2906 3468 abditi
2938 3416 3025 3470 sui
3062 3416 3290 3471 latebris
3339 3418 3589 3486 scipsum

2011 3505 2412 3575 exproducens,
2441 3512 2707 3574 quantum
2743 3506 2974 3560 sulliciat
3002 3516 3064 3560 ut
3102 3507 3235 3561 illud
3273 3508 3449 3577 ipsum
3481 3525 3590 3579 qua

2010 3598 2355 3667 explanatur,
2400 3598 2572 3667 magis
2602 3596 2848 3651 abditum
2875 3612 2939 3652 ac
2985 3599 3264 3651 occultum
3302 3598 3430 3664 ﬁat;
3471 3609 3591 3655 tan-

2004 3699 2239 3758 tumque
2266 3703 2465 3742 rursus
2513 3703 2844 3758 puerperam
2874 3698 3106 3743 matrem
3132 3690 3407 3760 virginem
3455 3708 3591 3761 pra:-

2013 3791 2185 3845 stans,
2226 3788 2493 3849 quantum
2541 3795 2764 3835 necesse
2798 3780 2898 3846 sit,
2934 3791 2995 3835 ut
3044 3791 3254 3851 partus,
3290 3776 3609 3841 insolubile

2015 3871 2348 3941 virginitatis
2364 3870 2647 3925 vinculum
2679 3870 2925 3925 exsistat.

2086 3961 2175 4015 l0.
2219 3961 2555 4015 [nnovantur
2580 3968 2793 4016 naturae
2817 3978 2831 4027 ;
2876 3962 3134 4031 Deusque
3160 3963 3327 4017 homo
3356 3964 3436 4018 ﬁt.
3466 3965 3589 4019 Non

2015 4052 2193 4107 solum
2210 4051 2395 4104 divina
2419 4051 2743 4119 stabilisque
2778 4066 2843 4105 ac
2866 4052 3189 4117 immobilis,
3223 4054 3289 4108 ad
3317 4071 3437 4109 eam
3468 4070 3590 4109 mo-

2015 4152 2193 4207 vetur,
2229 4157 2352 4211 quae
2380 4141 2614 4196 obnoxia
2638 4143 2810 4195 motui
2842 4158 2905 4197 ac
2942 4144 3219 4199 instabilis
3247 4154 3351 4212 est,
3388 4155 3588 4202 uteam

2016 4251 2046 4289 a
2072 4243 2222 4289 motu
2250 4233 2441 4299 sistat;
2480 4248 2579 4287 nec
2603 4232 2781 4288 solum
2817 4234 3058 4289 humana
3086 4237 3223 4291 citra
3258 4253 3478 4292 omnem
3507 4254 3593 4293 se-

2018 4334 2255 4381 mentem
2288 4340 2455 4393 supra
2484 4333 2756 4389 naturam,
2777 4339 2999 4379 carnem
3039 4326 3229 4399 515‘
3263 4329 3438 4382 Verbo
3470 4344 3593 4399 per-

2018 4419 2215 4474 fectam
2253 4416 2617 4487 exproducit,
2660 4427 2722 4470 ut
2771 4416 2886 4486 ipsa
2929 4425 3085 4471 motu
3116 4418 3247 4471 ferri
3297 4433 3361 4472 ac
3398 4420 3592 4489 jactari

327 4511 505 4583 ἀστὴρ
537 4510 595 4576 ἐξ
625 4508 901 4563 ἀνατολῶν
933 4509 991 4559 ὲν
1029 4506 1216 4577 ἡμέρᾳ
1254 4505 1599 4575 φαινόμενος,
1654 4505 1747 4558 καὶ
1786 4505 1905 4567 τοὺς

2020 4512 2233 4566 desinat
2263 4527 2275 4563 :
2308 4508 2404 4563 sed
2428 4517 2482 4563 et
2507 4509 2666 4563 stella
2687 4509 2756 4563 ab
2779 4508 3005 4563 Oriente
3035 4509 3276 4563 interdiu
3298 4511 3595 4579 conspicua

333 4605 544 4675 μάγους
580 4601 790 4672 ὁδηγῶν
839 4602 922 4661 εἰς
967 4598 1057 4651 τὸν
1108 4598 1274 4651 τόπον
1311 4598 1408 4666 τῆς
1440 4596 1533 4650 τοῦ
1568 4596 1743 4664 Λόγου
1779 4612 1912 4667 σαρ-

328 4698 580 4761 κώσεως,
614 4696 701 4748 ἴνα
745 4694 895 4764 δείξῃ
928 4690 1206 4763 μυστικῶς
1240 4689 1476 4742 νικῶντα
1508 4689 1606 4759 τὴν
1636 4687 1915 4757 αἴσθησιν,

330 4791 426 4844 τὸν
449 4790 505 4843 ὲν
533 4789 681 4859 νόμῳ
713 4788 807 4840 καὶ
843 4789 1151 4858 προφήταις
1176 4782 1354 4850 λόγον,
1388 4781 1482 4834 καὶ
1525 4779 1825 4851 ὀδηγοῦντα
1850 4778 1921 4832 τὰ

332 4880 464 4949 ἔθνη
498 4880 633 4950 πρὸς
678 4878 737 4931 τὸ
777 4876 1035 4947 μέγιστον
1072 4874 1187 4943 φῶς
1230 4874 1330 4942 τῆς
1364 4870 1742 4951 ἐπιγνώσεως.
1776 4868 1919 4939 Πρὸς

331 4971 445 5042 γὰρ
492 4971 789 5037 ἐπίγνωσιν
839 4968 934 5021 τοῦ
989 4966 1371 5037 σαρκωθὲντος
1423 4963 1599 5030 Λόγου
1664 4961 1850 5028 σαφῶς
1888 4962 1916 5013 6

332 5065 556 5132 νομικός
593 5078 652 5114 τε
692 5060 788 5113 καὶ
838 5058 1178 5129 προφητικὸς
1232 5056 1412 5123 λόγος,
1449 5053 1698 5122 καθάπερ
1741 5051 1917 5122 ἀστὴρ

336 5155 578 5217 εὐσεϐῶς
612 5151 1069 5221 κατανοοὺμενος,
1103 5150 1290 5220 ὁδηγεῖ
1324 5149 1451 5210 τοὺς
1498 5145 1640 5197 κατὰ
1663 5143 1919 5215 πρόθεσιν

336 5248 405 5317 τῇ
435 5245 660 5315 δυνάμει
695 5244 1072 5313 κεκλημένους
1103 5245 1198 5310 τῆς
1233 5240 1479 5311 χάριτος.

415 5345 502 5392 ια’.
557 5336 778 5408 Ἐπειδὴ
813 5336 982 5389 θέλων
1032 5332 1164 5401 ἐγὼ,
1209 5333 1307 5402 τὴν
1345 5331 1497 5383 θείαν
1532 5329 1750 5399 ἐντολὴν
1778 5344 1924 5399 παρ-

340 5430 473 5501 έϐην
506 5434 534 5485 ὁ
557 5431 865 5501 ἄνθρωπος,
913 5428 1007 5481 καὶ
1044 5425 1105 5478 τὸ
1147 5424 1375 5495 στερρόν
1415 5440 1514 5493 μου
1548 5421 1648 5491 τῆς
1681 5420 1917 5489 φύσεως,

342 5523 595 5595 θεότητος
639 5522 814 5575 ἐλπίδι
855 5519 1116 5582 δελεάσας
1146 5517 1281 5588 πρὸς
1317 5515 1513 5585 ἡδονὴν
1560 5513 1861 5582 κατέσυρεν
1893 5513 1922 5565 6

415 5656 434 5689 ‘
480 5657 649 5712 Hebr.
687 5672 800 5721 ιιιιι,
836 5656 888 5711 8.
966 5657 987 5687 '
1022 5651 1213 5707 Matth.
1241 5666 1299 5715 ιι,
1332 5650 1357 5704 1
1385 5664 1538 5719 seqq.

420 5770 598 5841 (εγει.
626 5770 789 5841 Creg.
821 5769 949 5825 Naz.
985 5771 1038 5823 iu
1070 5771 1205 5824 diem
1236 5764 1427 5822 Christi
1462 5762 1716 5818 natalem.

2014 4604 2215 4665 micat,
2267 4600 2559 4670 Magosque
2592 4600 2745 4653 ducit
2770 4614 2879 4667 quo
2906 4603 3027 4654 loco
3054 4600 3322 4663 Verbum,
3379 4617 3594 4655 assum-

2014 4703 2106 4764 pta
2133 4692 2525 4762 carnejacet’;
2560 4706 2671 4759 quo
2698 4690 2925 4760 mystice
2952 4705 3114 4745 sensu
3159 4692 3504 4759 superiorem
3537 4694 3595 4749 in

2014 4786 2135 4854 lege
2184 4798 2247 4837 ac
2292 4781 2578 4851 prophetis
2606 4788 2915 4835 exstantem
2961 4780 3217 4835 ostendat
3247 4796 3603 4853 sermonem,

2015 4883 2318 4946 gentesque
2349 4872 2416 4926 ad
2461 4872 2760 4925 maximum
2797 4871 3094 4940 agnitionis
3133 4871 3319 4925 lumen
3354 4871 3609 4942 dirigens

2020 4976 2153 5021 tem.
2180 4966 2347 5018 Plane
2380 4962 2524 5017 enim
2553 4961 2688 5031 legis
2717 4977 2900 5016 sermo
2933 4978 2995 5016 ac
3028 4962 3406 5031 propheticus,
3427 4964 3599 5019 stellae

2023 5059 2218 5122 instar,
2251 5058 2339 5126 pie
2384 5054 2720 5118 intellectus,
2753 5068 2849 5107 eos
2877 5053 2970 5121 qui
3001 5054 3189 5122 gratia:
3216 5054 3269 5106 vi
3292 5053 3597 5110 secundum

2022 5147 2368 5219 prepositum
2411 5142 2592 5198 vocati
2640 5151 2803 5208 sunt,
2844 5141 2913 5195 ad
2958 5141 3201 5197 Verbum
3249 5142 3601 5199 incarnatum

2024 5234 2435 5307 agnoscendum
2462 5232 2692 5287 adducit
2711 5231 2753 5284 ³.
2890 5306 2897 5313 1

2100 5327 2187 5379 Η.
2219 5323 2376 5391 Quod
2406 5338 2507 5393 ego
2538 5322 2705 5376 homo
2751 5322 3006 5377 divinum
3050 5320 3370 5377 mandatum
3404 5334 3611 5394 sponte.

2025 5427 2402 5488 transgressus
2432 5429 2604 5478 eram,
2638 5429 2885 5485 meaeque
2908 5422 3123 5469 naturae,
3166 5415 3505 5470 soliditatem
3545 5422 3603 5479 et;

2028 5510 2202 5565 robur
2245 5524 2339 5565 seu
2400 5507 2790 5567 constantiam.
2833 5506 3090 5562 diabolus
3149 5506 3461 5564 divinitatis
3501 5491 3602 5579 spe

1617 5646 1638 5679 ³
1670 5646 1827 5699 Rom.
1857 5661 1972 5711 \‘llt,
2002 5643 2092 5700 28.
