4020 6556
458 416 596 473 1183
1625 419 1692 478 S.
1726 420 2014 481 MAXIMI
2051 422 2097 480 (ἐκ

2206 419 2563 479 FESSORIS
3620 412 3750 479 1184

454 525 731 581 deliniens
764 525 830 580 ad
858 526 1197 597 voluptatem
1225 528 1588 617 detrahebat;
1622 550 1731 604 qua
1756 549 1816 588 se
1845 534 2042 589 mortis
2072 545 2097 600 Α

2198 535 2413 597 άδολος,
2451 533 2521 587 δι’
2565 526 2635 603 ἦς
2684 533 3003 604 ὑποστήσας
3050 533 3142 587 τὸν
3176 532 3428 587 θάνατον
3462 530 3759 602 ἡϐρύνετο,

457 629 743 674 auctorem
799 620 1080 675 exstitisse
1139 622 1516 692 gloriabatur,
1572 638 1787 681 natura;
1822 626 1947 680 labe
1981 640 2048 681 ac

2198 625 2371 695 ιυφῶν
2401 626 2500 696 τὴν
2528 623 2735 696 φθοράν
2763 624 2863 694 τῆς
2909 625 3159 693 φύσεως·
3198 624 3287 679 διὰ
3325 622 3510 676 τοῦτο
3551 624 3764 692 γίνεται

459 709 690 765 interitu
721 711 967 781 gaudens
992 729 1008 779 ;
1036 713 1247 769 idcirco
1277 715 1424 770 Deus
1455 716 1515 770 ﬁt
1544 717 1823 786 perfectus
1854 718 2046 781 homo,

2198 718 2355 780 ἕλειος
2396 716 2686 788 ἄνθρωπος
2730 718 2759 770 ό
2807 716 2963 783 Θεὸς,
3021 717 3189 788 μηδὲν
3231 714 3625 787 παραμείψας
3670 717 3767 788 τῆς

459 802 601 858 nihil
630 818 826 857 eorum
852 820 976 874 qua:
1003 815 1164 861 erant
1188 816 1419 872 natura},
1455 823 1566 862 uno
1594 808 1861 866 duntaxat
1889 809 2050 864 dem—-

2198 810 2390 874 ὑσεως,
2422 810 2563 880 πλὴν
2595 811 2694 880 τῆς
2736 809 3012 880 ἁμαρτίας
3034 826 3048 841 ο
3081 809 3205 862 ἐπεὶ
3233 809 3382 881 μηδὲ
3410 808 3523 879 τῆς
3552 808 3770 876 φύσεως

461 902 560 964 pto
588 902 816 965 peccato
851 895 1095 967 (quando
1143 914 1247 953 nec
1273 898 1451 967 ipsum
1509 915 1577 953 ex
1624 915 1795 955 censu
1839 909 2054 956 natura:

2198 916 2255 951 ν’
2284 900 2375 955 ἵνα
2421 900 2626 971 σαρκὸς
2675 900 3027 971 προϐλήματι
3057 900 3345 964 δελεάσας,
3397 898 3642 971 ὲρεθίσῃ
3684 896 3773 952 τὸν

466 982 609 1051 erat)
642 982 969 1050 demutans;
1002 991 1064 1039 ut
1093 988 1274 1041 carnis
1303 1002 1429 1042 esca
1455 988 1675 1059 objecta
1706 1028 1722 1054 ,
1781 990 1904 1060 ejus
1951 1005 2055 1045 vo-

2198 992 2435 1064 πληστον
2468 993 2739 1065 δράκοντα
2784 992 3152 1063 περιχανόντα
3197 993 3296 1064 τὴν
3350 992 3555 1063 σάρκα
3611 1010 3773 1045 κατα-

471 1073 657 1128 ιιιιιιὼε
684 1073 1059 1129 insatiabilem
1100 1077 1398 1133 draconem
1427 1120 1443 1144 ,
1490 1080 1681 1150 illique
1722 1080 2054 1148 inhiantem,

472 1168 843 1230 provocaret;
881 1164 1067 1219 carnis
1089 1166 1335 1233 scilicet,
1390 1184 1513 1238 quae
1537 1169 1617 1223 illi
1646 1184 1923 1225 venenum
1968 1170 2059 1225 fu-

475 1264 597 1308 tura
623 1264 763 1320 erat,
799 1255 1054 1321 obtentu,
1088 1258 1311 1315 deitatis
1337 1260 1395 1313 in
1430 1276 1495 1315 ea
1523 1262 1754 1317 occulta)
1787 1263 2059 1332 potentia,

473 1345 656 1415 ipsum
709 1346 937 1417 penitus
966 1349 1268 1421 proﬂigans
1306 1367 1320 1404 :
1364 1351 1622 1409 humanae
1672 1370 1808 1409 vero
1853 1361 2064 1410 natura:

2158 1088 2341 1149 πιεῖν,
2377 1085 2755 1156 γενησομένην
2794 1084 2944 1156 αὑτῷ
2982 1084 3083 1156 μὲν
3123 1084 3502 1157 δηλητήριον,
3527 1086 3599 1155 τῇ
3623 1083 3777 1137 δυνά-

2163 1193 2254 1248 μει
2294 1177 2395 1247 τῆς
2428 1178 2487 1230 έν
2522 1166 2660 1247 αὐτῇ
2692 1175 2949 1245 θεότητος
2992 1175 3276 1239 παντελῶς
3308 1175 3499 1230 αὑτὸν
3531 1174 3776 1243 διαφθεί-

2164 1284 2397 1340 ρουσαν·
2432 1270 2500 1339 τῇ
2541 1268 2599 1321 δὲ
2643 1268 2805 1339 φύσει
2847 1267 2957 1321 τῶν
2997 1266 3307 1339 ἀνθρώπων
3377 1265 3776 1338 ἀλεξητήριον,

2163 1361 2302 1433 πρὸς
2330 1361 2433 1433 τὴν
2471 1359 2531 1427 ἐξ
2561 1361 2740 1432 ἀρχῆς
2772 1360 2934 1432 χάριν
2962 1361 3315 1432 δυνάμειτῆς
3352 1361 3423 1414 ὲν
3473 1360 3627 1430 αὑτῇ
3664 1361 3779 1414 656-

475 1437 780 1493 remedium
810 1437 974 1504 foret,
998 1439 1068 1494 ad
1103 1441 1396 1511 pristinam
1427 1459 1549 1499 eam
1583 1445 1819 1516 gratiam
1852 1446 2064 1501 instau-

2198 1469 2327 1521 ητος
2360 1450 2832 1523 ἀνακαλουμένην.
2876 1452 2966 1516 Ὠς
2997 1452 3108 1525 γὰρ
3140 1453 3306 1518 αὑτὸς
3349 1452 3457 1507 τὸν
3493 1452 3579 1506 ίὸν
3622 1453 3779 1508 αὑτοῦ

477 1545 629 1595 rans,
663 1529 890 1586 deitatis
932 1532 1129 1587 itidem
1174 1535 1232 1590 in
1270 1550 1334 1590 ea
1382 1538 1655 1605 potentia.
1697 1537 2067 1605 Quemadmo-

2202 1539 2268 1610 ἧς
2310 1540 2510 1604 κακίας
2538 1539 2618 1612 τῷ
2649 1539 2792 1612 ξύλῳ
2831 1541 2934 1610 τῆς
2971 1540 3229 1609 γνώσεως
3263 1542 3484 1612 ἐγχέας
3515 1542 3623 1612 τὴν
3653 1560 3779 1611 γευ-

478 1621 611 1675 dum
660 1623 953 1689 enimille,
988 1624 1168 1680 etl‘uso
1217 1627 1274 1681 in
1323 1627 1568 1684 scientia:
1605 1630 1815 1700 lignum
1851 1646 2067 1686 veneno

2198 1631 2414 1703 ἀμένην
2443 1632 2716 1703 διέφθειρε
2749 1632 2933 1702 φύσιν,
2962 1633 3106 1687 οὑτω
3157 1636 3252 1688 καὶ
3287 1635 3474 1699 αὐτὸς
3518 1636 3783 1706 ἐμφαγεῖν

481 1727 603 1778 ειιο,
636 1725 888 1769 naturam
914 1725 1077 1785 gustu
1101 1728 1463 1788 corruperat;
1512 1708 1595 1775 sic
1632 1730 1689 1775 et
1722 1722 1844 1791 ipse
1877 1721 2067 1776 Domi-

483 1806 664 1860 nicam
703 1822 930 1863 carnem
971 1809 1274 1865 vorandam
1320 1826 1663 1882 praesumens
1691 1853 1705 1878 ,
1750 1813 1976 1869 deitatis
2008 1814 2066 1869 in

482 1913 548 1952 ea
580 1894 807 1964 virtute,
839 1913 1141 1971 corruptus
1172 1902 1516 1974 interituque
1548 1905 1802 1961 sublatus
1835 1914 1939 1963 est.

556 1992 645 2046 12.
690 1993 944 2062 Magnum
1001 1994 1206 2050 divinae
1253 1997 1652 2053 incarnationis
1704 2001 2027 2070 mysterium
2056 2044 2072 2068 ,

484 2097 704 2153 semper
737 2076 1061 2156 mysterium
1094 2097 1324 2154 manet;
1380 2088 1543 2158 plane
1586 2088 1802 2144 scilicet
1855 2090 2077 2146 abstru-

485 2190 608 2229 sum
643 2190 657 2228 :
683 2191 793 2231 non
818 2191 885 2231 ea
924 2185 1138 2233 tantum
1165 2178 1404 2244 ratione,
1424 2180 1573 2250 quod
1595 2197 1722 2236 cum
1746 2197 1848 2252 pro
1879 2198 2076 2237 eorum

485 2267 581 2337 qui
615 2283 713 2336 per
743 2267 880 2323 illud
909 2270 1159 2325 salvandi
1194 2279 1345 2335 sunt,
1390 2271 1668 2328 facultatis
1701 2273 1927 2328 modulo
1955 2282 2103 2339 tan-,

487 2357 665 2427 tispcr
694 2359 936 2424 eluceat,
995 2376 1064 2416 eo
1120 2363 1270 2432 quod
1318 2361 1468 2417 illius
1514 2364 1865 2433 explanatur,
1899 2364 2082 2435 majus

487 2448 904 2522 quidbondum
945 2462 1304 2524 conspectum
1338 2454 1540 2521 habet;
1573 2470 1763 2510 verum
1804 2465 1862 2510 et
1900 2456 2082 2526 ipsum

491 2542 640 2610 quod
672 2543 868 2610 eluxit,
894 2544 1078 2599 adhuc
1111 2561 1340 2616 prorsus
1369 2547 1648 2602 occultum
1686 2554 1892 2612 manet,
1925 2548 2080 2603 nulla

494 2633 690 2704 utique
736 2636 977 2702 ratione,
1012 2638 1181 2692 sicuti
1234 2638 1417 2708 ipsum
1452 2646 1557 2699 est,
1619 2638 1924 2708 cognitum.
1966 2638 2080 2692 Nec

493 2722 760 2791 cuiquam
804 2723 1008 2777 mirum
1062 2739 1126 2779 ac
1157 2724 1472 2780 inauditum
1523 2725 1804 2790 videatur,
1850 2725 1905 2779 id
1933 2725 2083 2794 quod

492 2810 720 2868 dicitur.
761 2812 906 2867 Deus
935 2813 1084 2868 enim
1112 2828 1241 2868 cum
1278 2815 1350 2869 sit
1411 2815 1901 2885 superessentialis
1922 2855 1936 2881 ,
1967 2830 2085 2870 om-

494 2918 737 2975 nemque
760 2906 1387 2975 supcresseutialitatem
1426 2908 1586 2978 longe
1614 2907 1868 2972 excedat,
1911 2920 2085 2976 spon—

494 3005 552 3051 te
614 2996 684 3051 ad
729 3000 1035 3053 essentiam
1090 2999 1368 3063 veniens,
1434 3000 1621 3055 altiori
1675 3015 1844 3070 supra
1897 3012 2089 3054 essen-

496 3084 630 3140 tiam
663 3085 859 3152 modo,
893 3088 1190 3144 essentiam
1236 3089 1419 3143 induit
1450 3106 1465 3142 :
1510 3089 1659 3145 unde
1712 3099 1771 3144 et
1798 3089 2090 3144 hominum

500 3193 666 3233 causa
723 3178 1106 3250 (humanitate
1169 3181 1384 3237 scilicet
1445 3180 1967 3253 propensissimus)
2020 3196 2089 3236 ex

2172 1721 2453 1793 βουληθεὶς
2484 1723 2585 1793 τῆς
2612 1723 2815 1794 σαρκὸς
2851 1723 2945 1778 τοῦ
2975 1725 3273 1791 Δεσπότου,
3296 1730 3370 1799 τῇ
3408 1728 3654 1799 δυνάμει
3690 1728 3781 1797 τῆς

2171 1814 2229 1866 ἐν
2253 1815 2392 1886 αὑτῇ
2421 1814 2671 1886 θεότητος
2697 1817 2982 1889 διεφθάρη.

2249 1991 2334 2062 ιβ’.
2378 1992 2453 2046 Τὸ
2500 1993 2645 2063 μέγα
2702 1993 2804 2066 τῆς
2846 1993 2999 2060 θείας
3045 1995 3542 2068 ἔνανθρωπήσεως
3590 1998 3782 2069 μυστή-

2182 2102 2318 2156 ριον,
2350 2086 2441 2138 ἀεὶ
2472 2086 2625 2156 μένει
2658 2088 2961 2160 μυστήριον
2982 2105 2996 2118 ’
3029 2090 3091 2142 οὑ
3127 2091 3289 2160 μόνον
3327 2091 3421 2145 ὅτι
3451 2091 3777 2163 συμμέτρως

2180 2178 2246 2247 τῇ
2273 2175 2502 2246 δυνάμει
2528 2178 2638 2229 τῶν
2672 2176 2765 2230 ὑπ’
2799 2178 2966 2232 αὑτοῦ
2998 2181 3327 2249 σωζομένων
3349 2181 3775 2255 ἐκφαινόμενον,

2180 2264 2296 2336 ἔχει
2328 2264 2512 2337 μεῖζον
2537 2266 2631 2320 τοῦ
2656 2267 3019 2337 ὲκφανθέντος
3040 2268 3103 2321 τὸ
3124 2270 3296 2340 μήπω
3319 2269 3653 2341 δρώμενον,
3676 2270 3772 2323 ἀλλ’

2182 2357 2263 2411 ὅτι
2284 2358 2377 2411 καὶ
2406 2358 2539 2410 αὐτὸ
2561 2358 2623 2412 τὸ
2658 2359 2846 2427 φανὲν,
2880 2359 2963 2412 ἐτι
2990 2359 3143 2430 μένει
3169 2361 3415 2431 πάμπαν
3443 2361 3773 2431 ἀπόκρυφον,

2186 2449 2363 2502 οὐδενὶ
2405 2450 2552 2520 λόγῳ
2599 2448 2784 2515 καθὼς
2837 2450 2955 2503 ἔστι
2988 2451 3431 2523 γινωσκόμενον.
3476 2452 3595 2506 Καὶ
3623 2453 3776 2523 μήτῳ

2185 2540 2314 2612 δόξῃ
2348 2540 2651 2610 παράδοξον
2693 2540 2754 2592 τὸ
2791 2539 3112 2610 λεγόμενον.
3153 2540 3213 2593 '0
3244 2539 3362 2612 γὰρ
3394 2539 3540 2604 Θεὸς
3563 2538 3779 2609 ὑπερθύ-

2187 2649 2303 2695 σιος
2332 2632 2431 2697 ὢν,
2463 2630 2560 2685 καὶ
2608 2632 3070 2703 ὑπερουσιότητος
3119 2631 3345 2702 ἁπάσης
3408 2632 3777 2702 ὑπερανεστη-

2186 2723 2318 2788 κὼς,
2365 2724 2446 2787 είς
2485 2723 2676 2779 οὐσίαν
2724 2722 2902 2777 ἐλθεῖν
2940 2722 3244 2793 βουληθεὶς,
3299 2723 3666 2795 ὑπερουσίως
3701 2721 3779 2775 οὐ·

2190 2815 2382 2884 σιώθη.
2424 2815 2516 2867 Διὸ
2555 2813 2650 2869 καὶ
2701 2813 2845 2885 ὑπὲρ
2888 2812 3218 2884 ἀνθρώπων,
3249 2813 3327 2876 ὡς
3376 2812 3777 2885 φιλάνθρωπος,

2189 2905 2254 2957 ἐκ
2289 2903 2391 2974 τῆς
2442 2903 2748 2975 ἀνθρώπων
2794 2904 2984 2967 οὐσίας
3028 2903 3248 2974 ἀληθῶς
3289 2903 3594 2977 ἄνθρωπος
3639 2918 3781 2973 γεγο-

2189 2994 2317 3059 νὼς,
2360 2995 2454 3049 τὸν
2490 2995 2587 3050 τοῦ
2626 2996 2745 3060 πῶς
2786 2995 3076 3068 ἄνθρωπος
3124 2996 3317 3065 γέγονε
3366 2996 3603 3067 τρόπον,
3645 2994 3777 3065 μένει

2190 3086 2281 3141 διὰ
2309 3086 2509 3150 παντὸς
2538 3087 2677 3159 έχων
2698 3089 3037 3158 ἀνέκφαντον
3054 3103 3069 3118 °
3099 3087 3241 3160 ὑπὲρ
3267 3087 3572 3159 ἄνθρωπον
3595 3085 3659 3156 (f)
3686 3085 3779 3155 γὰρ

2194 3177 2424 3244 γέγονεν
2448 3178 2545 3231 ἄνθ
2554 3195 2758 3248 ρωπος.

502 3268 788 3325 hominum
814 3271 1056 3327 essentia
1090 3288 1187 3327 seu
1215 3281 1411 3328 natura
1434 3290 1564 3330 vere
1590 3273 1769 3330 factus
1789 3274 1979 3338 homo,
2006 3268 2230 3326 modum
2248 3283 2358 3337 quo
2386 3268 2563 3324 factus
2590 3278 2696 3334 est,
2728 3270 3030 3325 obscurum
3054 3268 3214 3341 515
3236 3286 3489 3341 semper,
3525 3279 3584 3326 et
3612 3277 3671 3325 ut
3698 3283 3780 3323 ex-

504 3361 719 3433 planari
747 3376 854 3416 non
887 3362 1082 3432 possit,
1106 3373 1291 3419 servat
1313 3380 1377 3419 ac
1399 3364 1584 3420 habet.
1613 3366 1809 3421 Altiori
1832 3366 2059 3436 quippe,
2086 3374 2252 3431 quam
2270 3375 2369 3429 pro
2396 3360 2639 3417 hominis
2655 3361 2890 3426 ratione,
2923 3361 3091 3415 homo
3121 3362 3299 3416 factus
3314 3370 3426 3417 est.
3536 3386 3547 3395 α

578 3454 668 3511 15.
703 3455 1093 3525 Expendamus
1138 3456 1246 3512 ﬁde
1280 3457 1480 3512 comite
1513 3457 1716 3514 divina:
1757 3459 2102 3515 incarnatio-
2130 3458 2174 3517 C-

506 3547 596 3603 nis
616 3548 963 3619 mysterium,
990 3564 1232 3620 eumque
1267 3550 1620 3606 solummodo
1658 3551 1869 3623 absque
1908 3552 2100 3607 curio-

507 3639 668 3695 sitate
681 3640 972 3697 laudemus
985 3656 1050 3696 ac
1072 3642 1461 3712 praedicamus,
1483 3642 1575 3698 cui
1598 3658 1875 3714 propensa
1889 3644 2102 3713 placuit

510 3732 796 3789 voluntate
842 3736 1020 3791 nostri
1054 3751 1221 3792 causa
1268 3737 1553 3793 hominem
1597 3736 1740 3793 ﬁeri.
1788 3737 1923 3806 Quis
1954 3739 2104 3794 enim

512 3833 664 3880 tanta
695 3825 751 3881 vi
789 3827 1059 3883 orationis
1113 3829 1507 3900 rationumque
1550 3829 1797 3899 pondere
1839 3830 2104 3895 conﬁdat,

512 3925 575 3972 ut
608 3918 1070 3988 possitenarrare
1104 3960 1120 3985 ,
1164 3936 1276 3991 quo
1323 3920 1550 3975 tandem
1600 3921 1768 3977 modo
1801 3921 1902 3976 Dei
1937 3921 2106 3976 Verbi

514 4009 807 4078 conceptio”
855 4009 984 4076 ﬁat;
1031 4011 1311 4081 quomodo
1354 4020 1684 4083 procreetur
1730 4028 1861 4068 caro
1896 4012 2109 4083 absque

517 4102 772 4169 semine;
811 4103 1092 4173 quomodo
1122 4105 1386 4177 nativitas
1450 4105 1605 4161 nulla
1642 4105 1875 4162 exsistat
1910 4122 2109 4162 corru-

519 4192 723 4261 ptionis
746 4193 906 4258 labe;
930 4196 1214 4265 quomodo
1244 4206 1424 4252 mater
1444 4241 1460 4265 ,
1501 4213 1627 4268 quae
1650 4208 1703 4254 et
1732 4209 1859 4268 post
1888 4208 2109 4269 partum

516 4286 676 4359 virgo
716 4300 1041 4358 perseverat
1075 4307 1088 4344 :
1120 4292 1400 4361 quomodo
1451 4292 1548 4364 qui
1578 4292 1731 4348 omni
1764 4295 1939 4365 major
1983 4309 2106 4364 per-

518 4378 758 4436 fectione
789 4390 895 4447 est,
920 4382 1248 4452 proﬁciebat
1275 4392 1439 4441 aetate
1455 4401 1520 4441 ac
1550 4386 1803 4457 corporis
1832 4393 2046 4442 statura
2064 4385 2108 4453 δς

519 4472 800 4540 quomodo
813 4473 1094 4543 quipurus
1109 4485 1217 4541 est,
1236 4491 1380 4547 aqua
1396 4476 1802 4548 intiugebatur;
1823 4478 2109 4549 quomodo

523 4563 643 4632 ipse
666 4563 924 4620 esuriens
939 4606 953 4630 ,
990 4566 1304 4633 nutriebat;
1330 4569 1609 4638 quomodo
1630 4567 1831 4636 fessus,
1847 4569 2112 4627 virtutem

524 4652 869 4718 conferebat;
894 4656 1176 4725 quomodo
1199 4671 1344 4729 aegre
1366 4658 1580 4713 habens
1609 4658 1911 4715 sanitatum
1928 4675 2112 4716 remes

523 4745 615 4800 dia
645 4746 967 4817 praebebat;
999 4749 1280 4820 quomodo
1306 4750 1868 4808 moriensviviﬁcabat
1886 4754 1910 4807 ?
1931 4752 2113 4824 Atque

524 4843 586 4891 ut
605 4836 845 4907 primum
862 4845 1144 4909 postremo
1164 4840 1289 4896 loco
1307 4840 1755 4912 dicam,quonam
1779 4840 1946 4897 modo
1964 4843 2113 4898 Deus

527 4927 590 4982 ﬁt
612 4928 812 4996 homo;
840 4944 906 4985 ac
936 4929 1107 5001 (quod
1135 4929 1299 5001 longe
1327 4930 1639 4988 abstrusius
1672 4931 1778 5004 est)
1812 4946 1924 5002 quo
1950 4931 2115 5002 plane

526 5019 694 5076 modo
715 5020 962 5078 Verbum
1011 5023 1067 5078 in
1113 5038 1303 5090 carne,
1348 5039 1586 5095 persona
1643 5040 1743 5081 sua
1796 5023 2114 5081 essentiali-

533 5119 619 5166 ter
658 5119 762 5179 est,
795 5111 945 5184 quod
977 5113 1355 5170 essentialiter
1403 5114 1597 5170 eadem
1652 5129 1893 5185 persona
1935 5122 2115 5169 totum

529 5203 723 5273 utique
744 5204 962 5262 exsistit
983 5204 1131 5276 apud
1151 5205 1370 5262 Patrem
1393 5206 1418 5260 ?
1455 5205 1746 5274 Quomodo
1778 5203 1925 5261 idem
1944 5247 1960 5271 ,
1994 5215 2113 5261 tum

534 5303 712 5349 totum
755 5295 903 5353 Deus
944 5307 1145 5354 natura
1189 5306 1294 5365 est,
1353 5305 1643 5368 totumque
1690 5302 1891 5352 natura
1942 5297 2111 5353 homo

2280 3461 2372 3522 ιγ’.
2409 3453 2787 3524 Σκοπήσωμεν
2822 3453 3035 3518 πιστῶς
3065 3454 3127 3507 τὸ
3159 3454 3469 3525 μυστήριον
3512 3453 3612 3523 τῆς
3644 3451 3778 3517 θείας

2202 3544 2696 3616 ένανθρωπήσεως,
2744 3544 2840 3597 καὶ
2887 3543 3051 3613 μόνον
3088 3541 3413 3613 δοξάσωμεν
3447 3541 3779 3611 ἀπεριέργως

2201 3637 2295 3690 τὸν
2338 3635 2501 3689 τοῦτο
2556 3634 2814 3704 γενέσθαι
2854 3634 2921 3688 δι’
2947 3635 3098 3705 ἡμᾶς
3141 3634 3541 3706 εὑδοκήσαντα.
3572 3632 3663 3695 Τίς
3684 3630 3778 3700 γὰρ

2204 3714 2435 3797 δυνάμει
2469 3725 2692 3799 θαρρῶν
2726 3726 2950 3797 λογικῆς
2979 3726 3333 3793 ἀποδείξεως,
3364 3727 3607 3793 ἐξειπεῖν
3639 3724 3779 3778 δύνα-

2203 3838 2317 3886 ται,
2346 3820 2465 3883 πῶς
2492 3819 2630 3873 Θεοῦ
2656 3819 2833 3889 Λόγου
2858 3819 3070 3888 γίνεται
3105 3817 3370 3891 σύλληψις
3392 3837 3407 3849 ·
3442 3818 3562 3882 πῶς
3586 3816 3777 3885 γένεσις

2207 3913 2412 3985 σαρκὸς
2444 3912 2574 3967 ἄνευ
2620 3911 2865 3983 σπορᾶς·
2900 3909 3020 3975 πῶς
3066 3910 3323 3982 γέννησις
3369 3908 3506 3963 ἄνευ
3562 3904 3775 3976 φθορᾶς·

2206 4004 2326 4068 πῶς
2352 4005 2558 4076 μήτηρ,
2586 4005 2620 4074 ή
2654 4002 2750 4055 καὶ
2782 4000 2920 4073 μετὰ
2951 3999 3113 4054 τόκον
3147 4000 3477 4070 διαμείνασα
3506 3994 3772 4067 παρθένος

2209 4096 2327 4163 πῶς
2373 4097 2402 4150 ό
2446 4094 2771 4165 ὑπερτελὴς,
2820 4093 2945 4148 καθ’
2987 4092 3207 4163 ἡλικίαν
3256 4082 3776 4163 προέκοπτευιιῶς6

2211 4189 2474 4261 καθαρὸς,
2532 4187 2900 4251 ἐϐαπτίζετο·
2945 4184 3065 4248 πῶς
3124 4183 3431 4256 διέτρεφεν,
3469 4184 3499 4236 6
3558 4174 3770 4233 πεινῶν

2210 4284 2330 4347 πῶς
2358 4285 2389 4338 6
2424 4281 2658 4348 κοπιῶν,
2690 4279 2981 4351 ἐχαρίζετο
3013 4276 3245 4347 δύναμιν
3264 4291 3279 4307 ’
3317 4274 3441 4338 πῶς
3475 4275 3505 4327 6
3546 4270 3772 4337 πάσχων,

2213 4377 2386 4431 ἐδίδου
2422 4375 2629 4446 ἰάματα
2649 4389 2664 4404 ·
2703 4371 2823 4435 πῶς
2855 4373 2885 4424 6
2918 4369 3193 4440 θνήσκων,
3226 4366 3519 4432 ὲζωοποίει
3548 4381 3562 4396 ι
3591 4359 3677 4414 καὶ
3700 4356 3771 4409 ἴνα

2209 4469 2273 4523 τὸ
2304 4466 2523 4539 πρῶτον
2557 4465 2872 4518 τελευταῖον
2894 4462 3054 4527 εἴπω,
3093 4460 3211 4523 πῶς
3233 4459 3367 4522 Θεὸς
3395 4457 3677 4527 ἅνθρωπος
3705 4446 3772 4516 γί-

2212 4575 2392 4616 νεται·
2428 4559 2524 4613 καὶ
2562 4557 2623 4611 τὸ
2654 4556 2718 4628 δὴ
2749 4554 2913 4609 πλέον
2958 4552 3528 4626 μυστηριωδέστερον,
3558 4545 3668 4607 πῶς
3693 4540 3769 4593 οὑ-

2215 4650 2422 4715 σιωδῶς
2451 4651 2510 4703 ὲν
2538 4646 2704 4719 σαρκὶ
2730 4644 2853 4699 καθ’
2878 4644 3178 4698 ὑπόστασιν
3209 4643 3238 4694 6
3263 4641 3461 4711 Λόγος,
3496 4640 3524 4693 ὁ
3552 4634 3663 4691 κατ’
3691 4630 3768 4684 οὗ·

2218 4744 2342 4799 σίαν
2371 4739 2745 4803 ὑποστατικῶς
2781 4737 2903 4800 ὅλος
2934 4735 3197 4806 ὑπάρχων
3235 4735 3295 4788 ὲν
3322 4733 3402 4804 τῷ
3434 4727 3607 4800 Πατρί
3623 4744 3636 4794 ;
3665 4721 3768 4783 Πῶς

2145 4810 2191 4867 D
2218 4836 2247 4889 6
2269 4833 2455 4899 αὐτὸς,
2498 4832 2596 4885 καὶ
2635 4829 2758 4893 ὅλος
2803 4827 2922 4880 ἐστὶ
2964 4824 3100 4888 Θεὸς
3148 4823 3293 4878 κατὰ
3336 4822 3521 4892 φύσιν,
3560 4815 3649 4871 καὶ
3670 4812 3767 4871 ὅλος

2220 4925 2414 4996 γέγονε
2462 4920 2607 4977 κατὰ
2651 4919 2816 4990 φύσιν
2854 4917 3166 4989 ἄνθρωπος,
3199 4914 3476 4987 μηδεμίαν
3504 4910 3654 4982 φύσιν
3684 4905 3764 4996 ήρ-

2221 4995 2458 5090 νημένος
2485 5014 2826 5077 παντάπασι,
2854 5010 2996 5081 μήτε
3034 5007 3136 5077 τὴν
3175 5007 3352 5074 θείαν,
3369 5007 3502 5092 ⁴καθ’
3525 5004 3590 5074 ἢν
3613 4995 3764 5092 ὑπάρ-

2330 5108 2484 5172 Θεὸς,
2521 5107 2658 5178 μήτε
2703 5103 2804 5174 τὴν
2833 5099 3136 5173 ἡμετέραν,
3174 5099 3299 5153 καθ’
3343 5089 3411 5171 ἢν
3447 5097 3658 5168 γέγονεν
3690 5085 3762 5187 άν-

2221 5202 2441 5274 θρωπος
2462 5215 2478 5265 ;
2501 5196 2691 5252 Ταῦτα
2719 5193 2901 5256 πίστις
2934 5190 3070 5262 μόνη
3088 5191 3259 5260 χωρεί
3272 5189 3341 5243 τὰ
3369 5187 3651 5260 μυστήρια,
3674 5188 3762 5229 των

2219 5293 2362 5366 ὑπὲρ
2376 5290 2502 5346 νοῦν
2513 5290 2605 5345 καὶ
2619 5287 2776 5355 λόγον
2794 5283 3045 5353 ὑπάρχου
3053 5299 3121 5336 σα
3135 5283 3477 5354 πραγμάτων
3488 5279 3756 5351 ὑπόστασις.

533 5391 738 5447 factum
759 5402 877 5461 est;
900 5402 1098 5449 neutra
1132 5410 1361 5465 prorsus
1403 5394 1923 5452 desideratanatura
1941 5432 1955 5459 ,
2005 5408 2186 5465 neque
2222 5391 2429 5456 divina,
2471 5403 2579 5459 qua
2605 5386 2752 5441 Deus
2778 5388 2885 5448 (δεῖ,
2909 5393 3094 5449 neque
3116 5393 3249 5435 vero
3272 5388 3482 5446 ηοεῑτέι»
3507 5389 3606 5448 (1“3
3624 5372 3759 5425 Ῐ¹⁰¹¹¹⁰

604 5524 626 5559 ⁸
654 5524 790 5583 Luc.
824 5542 882 5593 ιι,
912 5528 1002 5584 52.

612 5637 678 5709 (Ι)
732 5639 941 5714 Ὑπὲρ
964 5639 1299 5714 ἄνθρωπον.
1328 5640 1497 5714 Quod
1532 5643 1699 5712 paulo
1732 5652 1860 5714 ante
1910 5645 2121 5714 legerat

539 5707 724 5794 Picus,
751 5707 891 5794 ὑπὲρ
919 5707 1243 5794 ἀνθρώπων,
1268 5707 1586 5794 fallentibus
1606 5713 1779 5768 oculis
1797 5728 1859 5794 ac
1883 5707 2120 5794 praicur-

540 5782 950 5852 rentgggalamo,
984 5781 1074 5836 hic
1103 5781 1235 5850 legit
1264 5798 1327 5837 ac
1368 5783 1627 5847 reddidit,
1664 5800 1758 5852 pro
1789 5781 2117 5849 horninibus;

542 5847 643 5899 etsi
677 5847 826 5904 iliius
854 5852 1039 5908 Grzcca
1079 5847 1308 5921 perinde
1345 5853 1585 5908 habeant
1629 5847 1767 5925 ὑπὲρ
1805 5847 2113 5925 ἄνθρωπον,

2225 5659 2391 5712 supra
2422 5639 2688 5712 hominem
2724 5656 2742 5691 :
2764 5635 2911 5706 quod
2926 5648 3103 5712 unum
3154 5640 3342 5702 aptum
3376 5639 3479 5687 est.

2228 5697 2368 5767 ra'tio
2390 5726 2491 5766 cur
2519 5709 2767 5779 ignotum
2782 5697 2851 5761 ἐι
2891 5697 3207 5779 abstrusuni
3232 5712 3552 5779 sempcr‘l‘PC
3580 5697 3750 5779 ,η’ἔῗξῗῖ

2396 5760 2817 5835 ἶῆετιῗιιιιιίοιιῑε
2838 5774 3197 5847 mysterium;
3224 5760 3372 5847 quod
3402 5760 3596 5847 scilicet
3617 5760 3754 5847 alii“

2229 5853 2555 5925 altiorisqnc
2591 5847 2805 5903 ordinis
2835 5839 2938 5911 esi,
2971 5860 3084 5899 non
3110 5858 3210 5913 pro
3241 5839 3480 5897 humana
3513 5839 3704 5892 ratione.
