4020 6402
268 262 412 330 H85

978 273 1311 332 CAPITUM
1347 271 1768 342 QUINQUIES
1803 270 2320 331 CENTENOIKUM
2356 270 2741 332 CENTURIA
2783 273 2833 332 Ι.

3405 275 3540 338 1186

262 380 476 436 factum
501 390 586 435 est
614 381 635 434 ?
661 381 783 436 Haec
820 381 933 437 sola
973 383 1107 438 ﬁdes
1147 384 1292 453 capit
1327 384 1737 453 mysternajpsa
1763 383 2023 436 nimirum
2061 381 2364 437 substnatia
2379 391 2434 436 et
2470 381 2623 437 basis
2667 399 2860 437 earum
2914 400 3122 450 rerum,
3157 402 3278 456 qua:
3316 389 3540 443 Omnem

265 473 474 526 mentis
497 489 720 528 sensum
747 483 802 527 et
829 475 1094 528 rationem
1120 476 1393 529 excedunt
1420 477 1461 528 ³.

346 565 428 619 ιδ’.
483 565 540 619 't)
584 566 754 634 ’Λδὰμ
795 566 1176 635 παρακούσας,
1227 567 1285 631 ἐξ
1338 567 1532 636 ἡδονῆς
1585 566 1851 636 ἄρχεσθαι
1884 581 1926 634 Α

266 657 371 726 τὴν
411 656 511 722 τῆς
550 656 766 725 φύσεως
803 657 1005 721 ἐδίδαξε
1041 659 1289 725 γένεσιν·
1337 660 1364 710 ὁ
1416 658 1617 727 Κύριος
1652 658 1853 727 ταύτην

269 747 556 812 egomtng
587 748 686 816 τῆς
718 750 956 815 φύσεως,
989 749 1085 818 τὴν
1109 751 1171 800 ἐκ
1209 752 1415 818 σπορᾶς
1440 752 1500 801 οὐ
1536 750 1855 819 προσήκατο

272 839 558 916 σύλληψιν.
595 839 661 892 Ἦ
691 840 829 910 γυνὴ
852 841 1150 910 παραϐᾶσα
1174 841 1273 912 τήν
1295 842 1535 911 ἐντολήν,
1571 843 1628 906 ἐξ
1661 841 1854 911 ὀδύνης

269 930 540 1000 ἄρχεσθαι
570 931 669 1000 τὴν
698 931 797 1000 τῆς
826 933 1040 999 φύσεως
1077 931 1352 996 κατέδειξε
1380 931 1658 1002 γέννησιν
1685 932 1712 982 ὁ
1743 929 1856 982 Κύ-

272 1039 394 1092 ριος
430 1021 636 1092 ταύτην
683 1023 1069 1075 ἀποτινάσσων
1111 1024 1211 1093 τῆς
1259 1023 1498 1091 φύσεως,
1545 1021 1853 1092 γεννηθεὶς,

271 1113 484 1184 φθορὰν
521 1114 812 1184 ὑπομεῖναι
836 1114 935 1186 τὴν
952 1114 1218 1167 τεκοῦσαν
1240 1117 1300 1168 οὐ
1343 1115 1725 1185 συνεχώρησεν
1749 1132 1763 1145 -
1789 1114 1856 1167 ἵν’

269 1204 410 1274 ὁμοῦ
455 1207 555 1275 τήν
589 1221 648 1258 τε
703 1205 952 1259 ἑκούσιοο
999 1206 1210 1277 ἡδονὴν,
1263 1206 1357 1259 καὶ
1418 1207 1519 1275 τὴν
1563 1207 1631 1258 δι’
1685 1207 1856 1276 αὐτὴν

270 1293 534 1350 ἀκούσιον
567 1295 783 1366 ὀδύνην,
827 1296 982 1366 ἐξέλῃ
1027 1297 1126 1366 τῆς
1169 1297 1404 1367 φύσεως,
1433 1291 1510 1349 ὧν
1536 1297 1636 1350 οὐκ
1667 1292 1736 1368 ἦν
1764 1297 1858 1366 δηο

275 1386 564 1460 μιουργὸς,
609 1388 904 1459 ἅναιρέτης
945 1389 1270 1458 γενόμενος·
1321 1387 1415 1442 καὶ
1445 1388 1630 1459 διδάξῃ
1669 1405 1860 1457 μυστι-

271 1479 392 1544 κῶς
427 1478 569 1531 κατὰ
595 1476 846 1548 γνώμην,
873 1477 1039 1542 ἄλλης
1072 1478 1421 1549 ἀπάρχεσθαι
1446 1477 1614 1546 ζωῆς,
1651 1476 1711 1542 ἐξ
1739 1477 1859 1530 ὀδύ-

207 1617 221 1625 .
271 1589 375 1641 νης
420 1572 519 1641 μὲν
564 1554 723 1640 τυχὸν
765 1571 1077 1641 ἀρχομένης
1113 1571 1208 1623 καὶ
1256 1571 1455 1635 πόνων,
1487 1570 1764 1640 ληγούσης
1803 1569 1860 1622 δὲ

275 1661 498 1722 πάντως
531 1659 609 1722 εἰς
639 1657 831 1729 ήδονὴν
856 1658 1007 1712 θείαν
1034 1659 1128 1713 καὶ
1156 1659 1495 1730 εὐφροσύνην
1531 1659 1858 1729 ἀπέραντον.

272 1751 382 1804 Διὰ
451 1749 610 1803 τοῦτο
668 1751 876 1818 γίνεται
945 1751 1256 1821 ἄνθρωπος,
1307 1752 1400 1804 καὶ
1469 1753 1725 1818 γεννᾶται
1788 1750 1863 1813 ὡς

275 1842 585 1914 ἄνθρωπος,
626 1844 654 1894 ὁ
696 1843 930 1913 ποιήσας
962 1843 1054 1895 τὸν
1111 1842 1418 1915 ἄνθρωπον,
1469 1843 1556 1896 ἵνα
1591 1841 1740 1914 σώσῃ
1771 1843 1862 1895 τὸν

275 1937 589 2008 ἄνθρωπον,
623 1934 716 1989 καὶ
753 1935 899 2006 πάθη
927 1934 1160 1988 πάθεσιν
1210 1936 1524 2005 ἰασάμενος,
1560 1934 1733 1996 πάθος
1767 1935 1867 1987 αὐ-

2029 566 2116 618 M.
2153 565 2395 619 Adamus
2416 568 2675 636 praecepti
2710 568 2896 622 violati
2931 585 3078 634 rcus,
3118 580 3329 625 natura
3357 581 3542 628 ortum

1960 672 2026 710 ex
2055 657 2336 725 voluptate
2365 672 2429 710 ac
2469 658 2701 711 libidine
2735 660 3130 727 auspicandum
3155 662 3360 716 docuit.
3391 663 3544 718 l'lanc

1962 748 2228 802 Dominus
2263 766 2292 802 a
2329 757 2526 803 natura
2572 751 2866 804 eliminans
2893 792 2906 816 ,
2958 761 3285 821 conceptum
3329 755 3421 822 qui
3475 771 3543 811 ex

1963 843 2173 897 semine
2201 853 2286 898 est
2317 859 2426 898 non
2463 844 2709 898 admisit.
2743 845 2941 898 Mulier
2966 854 3023 898 et
3065 845 3181 914 ipsa
3223 849 3542 915 prawariea—

1966 935 2132 989 tionis
2160 951 2274 998 rca,
2305 951 2334 989 a
2364 936 2554 990 dolore
2589 936 2916 990 initiandam
2943 947 3153 992 natura:
3201 941 3544 995 nativitatem

1963 1026 2224 1080 ostendit.
2258 1027 2414 1081 Hunc
2459 1028 2726 1081 Dominus
2761 1043 2792 1082 a
2825 1037 3046 1092 natura,
3096 1029 3214 1098 ipse
3270 1031 3548 1085 nascendo

1964 1117 2272 1181 excutiens,
2290 1133 2623 1187 puerperam
2645 1128 2873 1178 matrem
2892 1121 3237 1190 corruptioni
3252 1121 3546 1176 obnoxiam

1964 1207 2082 1261 fore
2113 1223 2222 1261 non
2258 1208 2512 1276 permisit
2540 1225 2555 1273 ;
2617 1217 2676 1262 ut
2719 1208 2883 1262 simul
2909 1217 3032 1283 tum.
3057 1216 3415 1278 spontancam
3447 1226 3548 1264 vo-

1964 1301 2234 1370 luptatem
2261 1316 2326 1355 ac
2355 1301 2670 1364 libidinem,
2718 1310 2834 1356 tum
2863 1302 2984 1373 ejus
3020 1319 3185 1357 causa
3231 1303 3548 1360 involunta-

1968 1393 2111 1445 rium
2137 1392 2413 1446 invectum
2441 1393 2686 1447 dolorem
2735 1408 2766 1447 e
2793 1401 2994 1448 natura
3048 1394 3295 1450 auferret
3329 1395 3550 1468 (nempe

1965 1497 2204 1551 quorum
2238 1498 2351 1536 non
2380 1482 2561 1537 fuerat
2583 1482 2858 1546 conditor,
2897 1484 3012 1539 haec
3044 1485 3287 1553 proclive
3336 1483 3548 1554 delens)

1970 1576 2313 1645 mysticeque
2359 1575 2572 1645 mentis.
2609 1575 2896 1644 proposito
2942 1591 3007 1629 ac
3061 1577 3342 1645 voluptate
3387 1576 3551 1630 aliam

1969 1665 2202 1720 doceret
2257 1665 2654 1735 auspicandam
2702 1666 2893 1731 vitam,
2939 1668 3096 1738 cujus
3139 1668 3366 1736 quidem
3407 1667 3552 1722 forte

1969 1770 1998 1808 a
2037 1755 2231 1809 dolore
2264 1763 2320 1808 et
2340 1755 2626 1810 laboribus
2652 1755 2905 1810 ducenda
2937 1756 3182 1821 exordia,
3212 1773 3334 1826 qua:
3368 1766 3552 1812 tamen

1971 1846 2198 1899 omnino
2229 1844 2283 1898 in
2311 1845 2556 1899 divinam
2601 1847 2939 1914 voluptatem
2973 1847 3552 1918 interminabilemque

1968 1933 2213 1988 laetitiam
2236 1933 2537 1988 desineret.
2562 1933 2749 2003 515‘
2773 1935 2986 1990 Idcirco
3015 1935 3074 1988 ﬁt
3095 1937 3280 2001 homo,
3315 1946 3477 2007 atque
3492 1947 3554 1992 ut

273 1995 669 2098 tbq't'am'tpiwv
695 1995 989 2097 ἀποδειχθῇ
1017 2026 1126 2080 τῶν
1144 1995 1431 2097 ἡμετέρων
1458 1995 1667 2090 παθῶν,
1695 2027 1868 2096 ὑπερ-

1977 2025 2142 2079 homo
2165 2024 2449 2089 nascitur,
2487 2026 2582 2094 qui
2621 2025 2950 2080 condiderat
3001 2027 3304 2092 hominem,
3367 2030 3554 2083 utho-

275 2117 434 2187 φυῶς
471 2121 589 2180 ταῖς
619 2118 814 2171 ἑαυτοῦ
851 2120 993 2171 κατὰ
1025 2119 1206 2187 σάρκα
1243 2118 1555 2188 στερήσεσι,
1581 2117 1680 2180 τὰς
1709 2118 1866 2187 ἡμῶν

276 2207 685 2279 φιλανθρώπως
711 2208 853 2261 κατὰ
883 2207 1098 2278 πνεῦμα
1128 2208 1267 2274 ἕξεις
1293 2209 1710 2278 ἀνανεούμενος.

1975 2115 2111 2170 mini
2158 2116 2392 2170 salutem
2435 2116 2754 2181 conferret;
2820 2118 3287 2188 aegritudine-sque
3329 2121 3554 2190 aegritu-

1975 2207 2198 2260 dinibus
2229 2221 2462 2272 sanans;
2510 2207 2784 2277 aegritudo
2815 2209 2932 2277 ipse
2966 2225 3029 2264 ac
3086 2211 3348 2266 interitus
3391 2213 3553 2282 aegri-

277 2300 539 2364 tudinum
577 2308 896 2352 nostrarum
921 2301 1184 2363 eniteret;
1214 2299 1415 2354 eximia
1439 2299 1678 2369 quadam
1719 2298 1934 2354 ratione
1973 2300 2090 2354 suis
2131 2297 2438 2353 secundu‘m
2474 2314 2695 2352 carnem
2731 2300 3157 2368 privationibus,
3197 2311 3418 2357 nostros
3455 2303 3554 2358 be-

277 2395 448 2464 nigne
479 2392 783 2447 secundum
814 2393 1071 2462 spiritum
1097 2394 1324 2449 habitus
1356 2395 1692 2450 instaurans.

358 2491 440 2538 ιε’.
492 2485 550 2537 Ὀ
586 2485 666 2554 τῷ
712 2483 841 2554 θείῳ
887 2484 1038 2538 πόοω
1073 2487 1304 2556 νικήσας
1327 2487 1427 2557 τήν
1459 2487 1596 2558 πρὸς
1625 2488 1686 2541 τὸ
1707 2489 1868 2558 σῶμα

279 2575 385 2645 τῆς
412 2574 592 2644 ψυχῆς
618 2573 886 2638 διάθεσιν,
913 2574 1292 2645 ἀπερίγραφος
1330 2576 1540 2642 γέγονε,
1582 2576 1685 2629 κᾶν
1717 2577 1866 2628 ἐστιν

281 2668 346 2720 ὲν
381 2666 615 2736 σώματι.
653 2664 711 2718 Ὀ
747 2665 856 2734 γὰρ
896 2665 1071 2718 ἕλκων
1111 2666 1208 2736 τὴν
1231 2666 1325 2718 τοῦ
1357 2666 1648 2729 ποθοῦντος
1681 2665 1866 2735 ἔφεσιν

282 2757 442 2821 Θεὸς,
495 2759 711 2811 πάντων
767 2755 1115 2827 άσυγκρίτως
1165 2758 1314 2810 ἐστὶν
1363 2758 1715 2828 ὑψηλότερος,
1765 2760 1864 2812 οὐκ

283 2849 394 2903 ἑῶν
429 2849 520 2902 τὸν
564 2848 837 2902 ποθοῦντα
877 2849 983 2901 τινὶ
1025 2847 1134 2900 τῶν
1163 2850 1301 2918 μετά
1340 2849 1471 2902 Θεὸν
1510 2849 1864 2920 προσηλῶσαι

283 2941 388 3012 τὴν
415 2941 622 3009 ἔφεσιν.
652 2940 986 3008 ῐῐοθήσωμεν
1010 2935 1208 2992 οὖντὸν
1237 2939 1369 2991 Θεὸν
1399 2940 1522 2992 καθ’
1549 2941 1677 3009 ὃλην
1708 2939 1866 3010 ἡμῶν

283 3031 389 3103 τήν
423 3033 520 3101 τῆς
564 3031 779 3098 φύσεως
809 3029 1063 3100 δύναμιν,
1097 3029 1194 3082 καὶ
1221 3032 1354 3083 πᾶσι
1393 3033 1506 3094 τοῖς
1533 3031 1868 3100 σωματικοῖς

285 3123 389 3195 τὴν
413 3124 731 3194 προαίρεσιν
765 3107 1074 3192 ἀκράτητον
1104 3120 1484 3192 ποιησώμεθα,
1521 3122 1615 3174 καὶ
1649 3121 1867 3174 πάντων

2048 2486 2135 2539 15.
2173 2484 2274 2550 Qui
2304 2483 2495 2538 divino
2518 2497 2707 2538 amore
2745 2497 2807 2536 ac
2837 2482 3152 2547 desiderio,
3205 2483 3376 2537 animi
3426 2499 3556 2554 erga

1975 2591 2180 2644 corpus
2202 2576 2354 2645 justo
2376 2573 2728 2644 proclivioris
2762 2573 2992 2627 aﬂ‘ectus
3045 2589 3272 2643 compos
3319 2574 3552 2639 exstitit,

1971 2669 2076 2723 etsi
2111 2668 2166 2720 in
2200 2682 2432 2735 corpore
2467 2674 2735 2727 versatur,
2773 2665 3328 2735 incircumpscriptus
3355 2667 3552 2723 evasit.

1971 2759 2118 2812 Deus
2139 2757 2288 2811 enim
2319 2757 2412 2825 qui
2438 2757 2674 2810 amantis
2705 2771 2770 2809 ac
2795 2755 3160 2809 desiderantis
3193 2757 3554 2825 cupiditatem

1972 2849 2163 2908 trahit,
2205 2847 2344 2902 citra
2377 2861 2597 2900 omnem
2619 2845 3091 2915 comparationem
3121 2846 3340 2900 cunctis
3393 2862 3556 2916 supe-

1973 2939 2089 2992 rior
2114 2948 2220 3002 est,
2248 2952 2351 2991 nec
2381 2945 2657 2990 amantem
2687 2950 2752 2988 ac
2782 2935 3213 2999 desiderantem,
3239 2936 3335 2988 ulli
3360 2951 3554 2990 eorum

1975 3045 2100 3098 quae
2127 3043 2158 3081 a
2191 3028 2304 3080 Deo
2336 3025 2580 3080 secunda
2607 3033 2755 3089 sunt,
2777 3024 2978 3078 aﬂ‘ectu
3006 3025 3368 3080 inhaerescere
3400 3026 3553 3080 sinit.

1977 3121 2152 3174 Deum
2185 3118 2356 3188 igitur
2381 3131 2630 3172 amemus
2669 3131 2732 3170 ac
2765 3115 3147 3172 desideremus
3179 3117 3311 3171 totis
3346 3126 3558 3173 natura!

286 3215 402 3268 τῶν
439 3213 608 3267 ὄντων
647 3213 920 3283 αἰσθητῶν
971 3230 1032 3264 τε
1079 3213 1174 3266 καὶ
1227 3213 1434 3283 νοητῶν
1497 3214 1754 3283 ὑπεράνω
1805 3215 1871 3284 τῇ

1977 3209 2228 3273 viribus,
2280 3208 2561 3277 nullisque
2607 3206 2852 3260 animum
2902 3208 3190 3276 corporeis
3239 3206 3557 3262 devinctum

287 3306 534 3360 διαθέσει
583 3304 897 3375 γενώμεθα,
956 3303 1051 3357 καλ⁸
1098 3303 1250 3357 οὐδὲν
1307 3304 1450 3356 κατὰ
1499 3303 1599 3374 τὴν
1645 3302 1872 3373 γνώμην

290 3400 432 3471 πρὸς
471 3400 533 3452 τὸ
580 3401 817 3452 συνεῖναι
849 3396 968 3467 Θεῷ
995 3395 1073 3466 τῷ
1119 3394 1264 3448 κατὰ
1295 3391 1456 3464 φύσιν
1483 3393 1871 3464 ἁπεριγράφῳ,

288 3491 572 3554 παντελῶς
610 3490 714 3544 ὑπὸ
760 3489 860 3559 τῆς
899 3486 1134 3558 φυσικῆς
1192 3484 1539 3556 περιγραφῆς
1594 3482 1873 3554 ζημιωθη-

292 3582 542 3653 σώμεθα.

368 3765 467 3824 ις’.
523 3756 700 3827 Ἀγών
731 3758 847 3810 ἐστι
891 3756 1088 3826 φθόνου
1125 3755 1218 3810 καὶ
1247 3753 1472 3826 ἀρετῆς,
1497 3755 1532 3824 ἡ
1563 3752 1672 3805 τῶν
1703 3752 1874 3820 ἁγίων

289 3851 601 3906 δυσπάθεια
652 3852 766 3922 (9)·
819 3849 914 3903 τοῦ
973 3850 1094 3918 μὲν,
1150 3848 1300 3911 ὅπως
1338 3847 1590 3920 κρατήσῃ
1639 3845 1876 3914 φιλονει-

292 3943 560 4006 κοῦντος·
597 3942 698 4011 τῆς
747 3941 827 4004 δὲ,
878 3943 1026 4003 ὅπως
1075 3941 1344 4010 ἀήττητος
1381 3936 1654 4010 διαμείνῃ,
1696 3936 1876 3990 πάντα

293 4033 601 4104 φερούσηςο
641 4031 847 4086 καὶτοῦ
879 4031 999 4102 μὲν,
1029 4031 1176 4092 ὅπως
1202 4029 1442 4102 εὑοδώσῃ
1477 4029 1645 4082 κακία
1676 4029 1876 4098 ἀγωνι-

294 4124 553 4196 ζομένου,
599 4124 689 4177 διὰ
728 4125 824 4195 τῆς
852 4122 961 4177 τῶν
993 4120 1405 4194 κατορθούντων
1437 4119 1744 4182 κολάσεως·
1775 4119 1877 4188 τῆς

293 4219 375 4281 δὲ,
420 4220 570 4280 ὅπως
619 4217 866 4288 κατάσχῃ
897 4216 1027 4280 τοὺς
1074 4213 1316 4283 ἀγαθοὺς
1367 4213 1469 4265 κάν
1513 4215 1634 4275 ταῖς
1667 4228 1879 4282 συμφο-

300 4312 424 4380 ραῖς
442 4310 504 4362 τὸ
537 4308 699 4362 πλέον
734 4308 976 4378 ἔχοντας.

1972 3309 2318 3370 praestemus,
2351 3308 2516 3368 atque
2542 3297 2745 3352 all'ectu
2769 3312 2832 3352 ac
2856 3299 3159 3360 voluntate,
3187 3298 3404 3352 cunctis
3434 3315 3558 3369 quae

1971 3388 2029 3442 in
2058 3404 2281 3443 sensum
2322 3388 2528 3442 cadunt
2573 3394 2669 3440 aut
2707 3395 2890 3440 mente
2924 3387 3310 3458 intelliguntur
3333 3429 3346 3450 ,
3393 3403 3559 3457 supe-

1971 3480 2152 3535 riores
2189 3480 2517 3543 etliciamur,
2556 3477 2801 3547 nihilque
2846 3494 3076 3548 prorsus
3118 3479 3385 3534 naturalis
3441 3481 3554 3533 cir-

1971 3572 2330 3641 cumscriptio
2356 3570 2558 3635 oberit,
2585 3569 2719 3638 quin
2754 3576 2939 3624 mente
2972 3576 3028 3623 et
3049 3569 3256 3634 animo,
3284 3584 3409 3623 cum
3437 3569 3554 3625 Deo

1972 3669 2168 3715 natura
2198 3659 2680 3728 ineircumscripto
2711 3673 3022 3712 versemur.

2047 3753 2134 3807 i6.
2171 3752 2398 3808 Invidia:
2425 3753 2760 3820 virtutisque
2816 3760 3101 3806 certamen
3139 3756 3225 3804 est
3269 3763 3333 3803 ac
3369 3735 3554 3820 pugna

1974 3853 2293 3902 sanctorum
2329 3845 2489 3899 malis
2512 3843 2836 3899 obsistendo
2861 3843 3092 3896 ﬁrmitas
3117 3857 3181 3896 ac
3201 3841 3509 3896 constantia
3533 3858 3550 3896 ε

1979 3937 2152 3991 altera
2183 3936 2406 4007 quidem
2432 3936 2678 3990 enitente
2709 3947 2770 3990 ut
2801 3935 3030 3990 victoria
3058 3933 3342 4004 potiatur;
3379 3933 3553 3987 altera

1979 4044 2112 4083 vero
2143 4037 2341 4083 cuncta
2370 4028 2580 4082 ferente
2615 4037 2672 4081 ut
2701 4028 2908 4082 invicta
2929 4028 3193 4081 consistat
3213 4043 3225 4077 :
3245 4041 3308 4080 ac
3323 4026 3550 4095 quidem

1976 4119 2184 4173 invidia
2214 4119 2271 4173 in
2304 4119 2410 4174 hoc
2436 4127 2683 4174 certante
2717 4128 2777 4174 ut
2814 4119 3011 4174 vitium
3061 4133 3125 4172 ac
3176 4117 3385 4171 malitia
3419 4132 3553 4186 pro-

1981 4226 2174 4280 speros
2205 4225 2498 4266 successus
2528 4211 2747 4275 habeat,
2781 4225 2974 4265 eorum
3005 4225 3186 4280 poena.
3210 4209 3303 4279 qui
3341 4225 3402 4263 ea
3430 4223 3556 4277 qua:

1981 4303 2147 4359 cilicii
2170 4313 2301 4359 sunt
2327 4313 2591 4373 peragant
2616 4319 2681 4358 ac
2709 4303 2971 4356 virtutem
3006 4309 3266 4372 praestent
3288 4317 3303 4367 ;
3328 4300 3558 4370 ipsaque

295 4401 530 4464 virtute,
563 4410 625 4454 ut
658 4400 884 4470 probos,
913 4399 1000 4454 vel
1037 4398 1091 4452 in
1119 4397 1384 4452 aerumnis
1421 4412 1486 4451 ac
1511 4395 1639 4450 vitae
1681 4395 1862 4462 malis,
1906 4397 2123 4467 potiore
2149 4405 2300 4452 sorte
2323 4395 2623 4450 contineat.

373 4520 394 4552 ⁵
424 4519 590 4574 Hebr.
631 4535 702 4580 ιιι,
738 4518 786 4570 ·Ι.

345 4632 452 4708 ,(9)
505 4632 566 4686 'H
615 4629 733 4683 τῶν
776 4627 976 4708 ,ιξγίων
1025 4619 1631 4708 βπμσξτάθεψτὲεξξῖξιξξ
1663 4617 1880 4708 ilex?!“
1913 4622 1956 4676 υ

295 4687 501 4771 εςίξέει
526 4716 707 4771 pugna
738 4687 857 4771 vitii
899 4693 1230 4771 ac_virtutis,
1260 4691 1418 4771 quasi
1439 4687 1756 4771 durarinqni
1781 4705 1882 4771 ose-

299 4759 644 4830 Hdt-mima
674 4770 915 4823 cultores
945 4766 1077 4824 sint,
1121 4772 1182 4815 ut
1210 4776 1320 4814 non
1348 4759 1714 4830 facileilgedia
1741 4759 1879 4813 vitio

295 4828 536 4916 possint.
577 4841 704 4894 Haec
735 4838 883 4916 enim
913 4836 1170 4916 vismejus
1205 4830 1388 4911 vocis,
1423 4837 1484 4916 ult
1525 4829 1615 4916 hic
1643 4828 1877 4916 Maximo

297 4899 622 4983 asurpatur,
684 4910 844 4983 cujus
885 4899 1570 4983 signilicationisrexstant
1627 4899 1878 4983 exempla

299 4968 458 5055 5,3an
497 4968 637 5055 eqd.
673 4968 961 5055 ειςιιρητῑ
989 4973 1265 5055 Stephani
1302 4969 1452 5023 Nihil
1479 4968 1546 5055 ad
1575 4984 1690 5055 γορ)
1726 4969 1875 5040 quod

301 5040 489 5108 reddit
513 5053 696 5113 Picus,
723 5040 1398 5117 Repugnantiqgﬂ'ectuum
1421 5054 1538 5117 quae
1565 5047 1643 5092 est
1665 5040 1719 5117 in
1747 5055 1875 5117 sane

298 5125 398 5178 etis
434 5141 452 5177 :
488 5136 653 5193 quem
684 5109 907 5193 sensum
935 5130 1040 5193 vox
1221 5127 1346 5193 non-
1377 5110 1634 5193 partitur.
1682 5109 1875 5193 Posset

300 5178 548 5263 quidem'
576 5189 754 5263 reddi,
787 5185 1047 5263 Molestia,
1087 5181 1276 5263 labor,
1297 5178 1440 5260 etc},
1467 5189 1529 5263 ut
1561 5178 1876 5263 cap.‘.l‘9_et

298 5249 370 5319 ἐι
400 5281 414 5329 ;
444 5264 540 5318 sed
593 5249 777 5315 minus
811 5250 1444 5329 quadrat__pro_hla_ximi
1475 5249 1566 5302 hic
1591 5249 1874 5329 instituto.

301 5319 460 5399 Quod
487 5334 544 5388 in
585 5331 692 5386 ﬁne
723 5319 845 5398 cap:
892 5334 998 5388 est,
1037 5319 1152 5399 Τῆς
1194 5321 1269 5399 δξ,
1293 5321 1440 5399 ὅπως
1470 5319 1716 5399 κατάσχῃ
1750 5319 1876 5399 τους

303 5388 568 5472 Ξγαθοὺς,
589 5403 692 5454 κάν
720 5388 841 5472 ταῖς
876 5388 1180 5472 συμφοραζς
1203 5390 1264 5443 τὸ
1290 5389 1474 5472 ,πλέον’
1501 5388 1743 5472 ξχονξςις,
1776 5389 1880 5442 mi-

304 5457 430 5529 sere
455 5457 719 5543 depravat
752 5457 897 5543 idem
918 5457 1102 5543 Picus,
1127 5461 1257 5543 dum
1288 5461 1365 5543 ita
1381 5457 1602 5543 reddit},
1632 5457 1752 5511 Ilazc
1780 5473 1882 5543 αιι-

306 5553 432 5609 tem,
458 5529 712 5597 ut'bonos
738 5548 786 5593 et
813 5535 1176 5609 locupletiores
1205 5532 1260 5584 in
1281 5529 1679 5609 calamitatibus
1709 5529 1880 5608 conti-

304 5599 451 5668 neat.
486 5613 654 5668 Plene
698 5611 818 5664 vult
852 5599 1464 5678 Ma'ximus,_cont_inere
1516 5599 1776 5678 virtutem
1821 5599 1877 5652 in

307 5683 489 5740 cilicio
547 5681 768 5754 probos,
826 5691 1064 5749 quorum
1095 5673 1262 5730 etiam
1298 5671 1351 5724 in
1390 5671 1652 5726 aerumnis
1676 5678 1880 5738 .partes

1985 4619 2232 4688 potiores
2257 4626 2386 4673 sunt
2423 4634 2436 4670 :
2482 4616 2674 4688 Melior
2706 4617 2872 4688 longe
2893 4613 3152 4688 conditio
3175 4627 3338 4688 quam
3380 4612 3558 4688 malo-

1986 4682 2130 4743 rum.
2170 4689 2428 4742 Dicamus
2456 4703 2577 4749 nos,
2613 4685 2715 4749 Qui
2760 4682 2847 4737 aut
2885 4683 3182 4751 l‘qvantage
3213 4682 3378 4734 méme
3421 4682 3563 4735 dans-

1985 4757 2060 4814 les
2110 4759 2405 4828 afﬂictious,
2483 4765 2591 4810 etc.
2629 4753 3036 4828 Haecnimirnm
3079 4751 3395 4828 evangelica
3428 4766 3558 4820 pro-

1982 4821 2176 4883 missio
2206 4832 2258 4881 ε’
2281 4826 2484 4881 Centies
2534 4833 2741 4878 tantum
2771 4840 2908 4876 nunc
2947 4822 3003 4874 in
3041 4821 3410 4890 temporehoc,
3435 4836 3556 4874 eum

1980 4898 2451 4969 persecutionibus,
2469 4895 2636 4949 Mare.
2661 4893 2804 4969 ξ,ξο
2824 4891 3018 4969 ;_quod
3035 4889 3266 4969 egregie
3289 4889 3558 4969 Mattimus

1979 4960 2137 5034 dicit,
2189 4965 2586 5037 κατορθοῦντας
2614 4960 2956 5037 κολάζεσθαι,
2991 4960 3200 5013 idcirco
3218 4960 3402 5037 puniri
3437 4977 3556 5013 ma-

1978 5030 2144 5109 lisque
2165 5030 2338 5109 afﬁci,
2361 5035 2500 5104 quod
2526 5036 2773 5109 virtutem
2800 5031 3036 5109 colemus
3055 5071 3068 5093 ,
3095 5030 3557 5109 ςιρθῑσὶᾒιεηᾳσρε

1973 5098 2157 5164 sinitis.
2190 5098 2252 5162 id
2280 5098 2431 5162 certe
2465 5105 2560 5174 qui
2591 5111 2870 5174 praestent,
2903 5102 3070 5174 inque
3094 5099 3202 5154 illis
3233 5098 3555 5174 patientiam

1979 5186 2222 5243 teneant,
2260 5193 2356 5233 seu
2404 5169 2609 5230 etiam_
2633 5172 2928 5243 gaudeant,
2982 5169 3198 5224 ’virtute
3228 5169 3450 5243 _a-dnlti_
3490 5184 3557 5243 ac

1975 5237 2290 5303 Christiana
2339 5237 2696 5318 fortitudiné,
2737 5241 2984 5318 omnium
3053 5255 3182 5294 vere
3220 5237 3556 5318 beatissimi,

1980 5320 2385 5386 adversumque
2428 5329 2620 5386 omnes
2650 5313 2711 5365 τὸ
2740 5312 2900 5386 πλέον
2939 5311 3172 5386 ἔχοντες.
3220 5309 3353 5386 item
3385 5308 3558 5361 Maxi-

1983 5405 2105 5443 mus
2137 5379 2312 5457 magis
2349 5385 2590 5457 explicat
2603 5381 2863 5457 sequenti
2892 5379 3011 5457 cap.
3041 5380 3198 5457 cujus
3229 5379 3285 5432 in
3315 5380 3420 5457 line
3454 5393 3557 5431 au-

1983 5475 2076 5514 rea
2128 5448 2400 5526 sententia
2422 5448 2538 5519 'est,
2563 5448 2758 5526 Ῥῶᾷις
2791 5448 2975 5526 φυχῆς
3003 5448 3122 5526 τοῖς
3171 5448 3554 5526 υπομένουσιν,

1979 5531 2006 5582 ὁ
2039 5527 2132 5581 τοῦ
2181 5525 2434 5595 σώματος
2467 5524 2755 5595 αἰκισμός·
2801 5521 2998 5595 Robur_
3028 5521 3194 5575 animi
3220 5535 3312 5590 per
3346 5521 3554 5586 patien-

1980 5601 2130 5664 tiam,
2162 5592 2366 5668 injtiria
2395 5612 2457 5650 ac
2485 5592 2756 5664 sugillatio
2789 5593 3046 5662 corporis.
