4020 6416
537 263 676 329 1187

1680 267 1744 328 S.
1783 261 2035 326 MAXIM
2044 259 2071 319 Ι
2111 254 2624 317 CONFESSORIS

3636 258 3760 327 1188

591 371 681 431 17.
720 371 955 429 Virtutis
983 373 1202 429 lucrum
1231 386 1299 426 ac
1350 381 1616 442 quaestus,
1663 372 1950 427 laboribus
1976 384 2095 425 cere

2276 362 2363 426 ιζ’.
2417 362 2647 431 Ἀρετῆς
2681 357 2848 414 ἆθλόν
2874 362 3017 425 ἐστι,
3049 361 3110 415 τὸ
3141 364 3253 425 τοῖς
3304 362 3489 426 πόνοις
3523 365 3762 433 ἐναγωνι.

521 472 684 529 tare;
746 479 870 533 quae
922 462 1188 517 nimirum
1238 462 1491 518 victorize
1557 463 1808 533 praemio,
1865 463 1974 526 his,
2012 461 2107 531 qui

522 554 845 624 patientiam
871 561 1118 619 teneant,
1159 553 1331 609 animi
1364 554 1925 626 imperturbationem
1940 554 2107 609 ferat:

521 658 629 714 qua
664 644 756 701 ille
786 660 887 715 per
917 645 1248 701 cbaritatem
1290 645 1404 701 Deo
1432 646 1647 713 unitus,
1699 645 1898 700 aﬂ‘ectu
1949 660 2110 699 men-

521 734 704 803 tisque
731 736 1045 805 proposito,
1074 751 1107 790 a
1133 752 1369 807 corpore
1425 737 1747 807 mundoque
1795 746 2107 807 separatur.

521 825 706 881 Animi
731 827 881 881 enim
899 828 1071 883 robur
1099 836 1265 898 atque
1289 828 1518 884 ﬁrmitas
1546 828 1871 884 tenentibus
1898 827 2111 899 patien-

523 916 657 973 tiam
680 916 798 987 ipsa
827 919 1079 989 corporis
1104 920 1322 975 vexatio
1354 928 1440 975 est
1457 935 1523 974 ac
1555 920 1775 991 injuria.

592 1006 680 1060 18.
732 1006 1045 1077 Voluptatis
1116 1008 1594 1067 circumventione
1649 1010 1721 1064 ab
1791 1008 1953 1064 initio
2013 1008 2112 1066 de-

525 1097 703 1167 cepti,
751 1099 898 1163 vitae,
949 1115 1073 1169 quae
1122 1116 1253 1155 vere
1302 1110 1410 1167 est,
1459 1111 1698 1157 mortem
1741 1102 2106 1173 praetulimus.

524 1186 692 1243 Grato
715 1189 882 1261 igitur
906 1192 1114 1258 animo,
1148 1208 1260 1262 quo
1296 1192 1389 1248 illa
1423 1203 1680 1263 necatur,
1750 1194 2000 1264 corporis
2031 1194 2112 1248 la-

526 1278 717 1333 borem
745 1296 1159 1351 mrumnamque
1189 1283 1474 1349 feramus;
1522 1299 1634 1354 quo
1665 1284 1930 1339 nimirum
1960 1282 2111 1339 illius

527 1377 723 1434 morte,
749 1387 871 1440 quae
895 1387 1082 1433 secum
1102 1374 1220 1444 ipsa
1241 1374 1461 1429 aboleat
1485 1375 1635 1431 illius
1655 1390 1819 1431 causa
1837 1375 2109 1430 invectam

526 1471 783 1526 mortem,
819 1464 1102 1535 voluptate
1142 1481 1206 1523 ac
1248 1466 1481 1522 libidine
1508 1468 1812 1531 venditam,
1860 1466 2109 1537 exiguis-

527 1567 635 1622 que
668 1554 853 1609 carnis
881 1557 1165 1612 laboribus
1195 1558 1560 1637 redemptam,
1593 1559 1662 1614 ad
1691 1573 1794 1615 nos
1820 1566 2108 1614 reverten-

530 1649 642 1696 tem
664 1642 828 1696 vitam
866 1645 1218 1715 recipiamus.

603 1735 689 1789 l9.
720 1734 859 1790 Cum
884 1737 959 1795 ita
984 1738 1099 1794 fere
1120 1747 1496 1808 comparatum
1527 1739 1619 1806 sit,
1652 1746 1713 1794 ut
1756 1738 1920 1809 516
1967 1738 2113 1795 bona

529 1827 714 1880 carnis
737 1827 1086 1893 habitudine,
1123 1831 1335 1900 peccati
1363 1833 1520 1901 vigor
1550 1838 1904 1896 concrescat;
1940 1830 2115 1901 liquet

528 1918 690 1989 plane
744 1920 867 1991 ejus
915 1937 1164 1979 aerumna
1216 1923 1470 1994 malaque
1523 1923 1850 1978 habitudine
1891 1924 2116 1979 virtutis

529 2009 731 2064 merito
764 2020 1012 2068 tenorem
1040 2015 1369 2084 pubescere.
1403 2016 1550 2070 Forti
1576 2016 1758 2091 igitur.
1774 2016 1962 2071 animo
1990 2031 2115 2085 car-

528 2101 621 2157 nis
642 2103 863 2160 labores
895 2122 959 2161 ac
1016 2108 1301 2163 molestias
1355 2108 1640 2175 feramus,
1687 2108 1891 2179 quibus
1946 2108 2116 2164 animi

530 2193 724 2250 sordes
750 2196 1162 2269 abstergantur.
1215 2215 1281 2255 ac
1309 2201 1641 2256 concilietur
1679 2201 1867 2256 futura
1892 2200 2068 2271 gloria
2097 2218 2112 2253 :

530 2282 650 2339 Non
673 2287 823 2341 enim
852 2297 975 2345 sunt
1004 2289 1282 2361 condigna:
1318 2291 1590 2361 passiones
1631 2290 1789 2362 hujus
1815 2291 2065 2361 temporis
2097 2331 2115 2356 ,

534 2376 605 2429 ad
640 2376 880 2446 futuram
915 2380 1167 2450 gloriam,
1201 2397 1320 2452 qua:
1351 2383 1497 2436 nobis
1531 2382 1678 2436 debet
1709 2380 2009 2460 revelari“.

601 2468 692 2524 20.
724 2469 795 2526 Ut
827 2486 1009 2540 neque
1038 2471 1240 2527 medici
1269 2473 1530 2529 curandis
1555 2473 1906 2543 corporibus,
1946 2487 2118 2526 unum

534 2556 792 2629 idemque
839 2562 1056 2619 cunctis
1110 2564 1380 2619 adhibent
1427 2563 1773 2631 remedium;
1818 2564 1901 2619 sic
1940 2578 2119 2633 neque

533 2650 847 2709 animorum
872 2655 1143 2722 medicus,
1169 2657 1338 2721 Deus,
1376 2670 1548 2711 unum
1570 2655 1837 2710 duntaxat
1861 2655 2120 2710 omnibus

531 2753 929 2815 congruentem
964 2748 1119 2801 novit
1145 2746 1455 2808 curationis
1497 2747 1761 2813 modum;
1785 2746 1882 2802 sed
1918 2746 2120 2816 cuique

532 2831 805 2899 tribuens,
825 2839 972 2906 quod
995 2854 1094 2908 pro
1110 2838 1260 2894 illius
1276 2839 1491 2894 ratione
1506 2838 1859 2894 commodum
1869 2838 2118 2908 exsistat,

2212 454 2430 518 ζεσθαιο
2465 454 2624 523 νίκης
2680 453 2913 508 ἔπαθλον
2964 454 3241 526 φερούσης
3268 458 3378 521 τοῖς
3429 458 3761 530 ὑπομένουσι,

2210 545 2308 614 τῆς
2351 544 2535 614 ψυχῆς
2566 544 2666 614 τὴν
2709 544 3000 611 ἀπάθειαν,
3032 546 3158 601 καθ’
3185 546 3255 616 ἠν
3282 545 3349 602 δι’
3375 549 3599 622 ἀγάπης
3634 554 3766 609 ὲνου-

2214 634 2353 702 μένη
2383 633 2523 703 Θεῷ,
2551 633 2801 703 σώματος
2840 636 2935 688 καὶ
2962 635 3169 706 κόσμου
3204 639 3269 708 τῇ
3297 638 3535 693 διαθέσει
3563 644 3770 714 χωρίζε-

2207 743 2318 779 ται.
2352 726 2543 796 Ψυχῆς
2573 727 2683 795 γὰρ
2711 726 2877 795 post;
2910 728 3027 780 ἐστι
3066 731 3179 792 τοῖς
3227 729 3609 800 ὑπομένουσιν,
3636 737 3662 789 ό
3686 736 3768 791 τοῦ

2212 816 2464 887 σώματος
2487 818 2764 887 αίκισμός.

2282 1009 2374 1074 ιη’.
2428 1003 2653 1073 Ἡδονῆς
2700 1005 2887 1078 ἀπάτῃ
2936 1005 3238 1071 κλαπέντες
3275 1007 3338 1061 τὸ
3383 1010 3662 1080 ἀπαρχῆς,
3692 1013 3773 1068 τὸν

2211 1093 2443 1151 θάνατον
2472 1095 2572 1166 τῆς
2604 1095 2777 1159 ὅντως
2813 1096 2960 1167 ζωῆς
2993 1100 3424 1171 προεκρίναμεν.
3458 1102 3671 1175 ταύτης
3690 1101 3773 1162 οὖν

2208 1187 2302 1241 τὸν
2332 1188 2598 1258 φονευτὴν
2641 1188 2983 1258 εὐχαρίστως
3025 1190 3337 1260 ἐνέμιωμεν
3382 1192 3546 1246 πόνον
3573 1195 3662 1249 τοῦ
3689 1197 3772 1253 σώ-

2214 1295 2404 1348 ματος,
2435 1279 2584 1343 ὅπως
2628 1278 2725 1333 τοῦ
2759 1278 2963 1349 ταύτης
3020 1280 3254 1335 θανάτου
3284 1284 3467 1354 ἑαυτῷ
3501 1289 3773 1355 συναφανί-

2212 1387 2404 1435 σαντος
2436 1371 2530 1425 τὸν
2561 1371 2631 1424 δι’
2659 1370 2829 1442 αὐτὴν
2866 1373 3160 1442 γενόμενον
3208 1373 3466 1441 θάνατον,
3506 1370 3788 1455 imiimi

2213 1479 2314 1531 μεν
2369 1463 2503 1531 ἡμῖν
2554 1462 3035 1533 ἑπανατρέχουσαν
3103 1464 3205 1533 τὴν
3261 1463 3431 1535 ἡδονῇ
3488 1466 3772 1539 πραθεῖσαν

2210 1552 2376 1623 ζωὴν,
2404 1554 2621 1622 μικροῖς
2656 1552 2838 1616 πόνοις
2868 1552 3069 1625 σαρκὸς
3085 1552 3511 1625 ἀγορασθεῖσαν.

2286 1730 2375 1786 ιϐ’.
2415 1731 2480 1784 El
2512 1731 2713 1802 σαρκὸς
2740 1729 3113 1801 εὖπαθούσης,
3141 1732 3170 1783 ό
3189 1733 3294 1800 τῆς
3325 1732 3606 1803 ἁμαρτίας
3635 1732 3772 1787 είωθε

2217 1823 2529 1891 πιαίνεσθαι
2557 1822 2728 1887 τόνος,
2771 1823 2931 1893 δῆλον
2963 1824 3044 1877 ότι
3092 1824 3303 1896 ταύτης
3326 1824 3720 1896 δυσααθούσης,
3750 1827 3774 1878 ό

2214 1921 2315 1988 τῆς
2358 1918 2564 1989 ἀρετῆς
2606 1918 2815 1989 άνηὸᾄν
2850 1916 3075 1981 εἰκότως
3118 1918 3350 1987 πέφυκε.
3392 1918 3657 1982 Γενναίως
3693 1913 3772 1972 οὖν

2216 2013 2530 2081 ἑνέγκωμεν
2566 2011 2668 2081 τῆς
2715 2010 2922 2080 σαρκὸς
2968 2011 3067 2080 τὴν
3107 2010 3464 2076 δυσπάθειαν,
3499 2010 3610 2064 τῶν
3651 2010 3772 2064 κατὰ

2214 2102 2393 2174 ψυχὴν
2428 2097 2596 2156 οὖσαν
2636 2101 2907 2173 ῥυπτικὴν
2944 2100 3259 2171 μολυσμῶν,
3297 2100 3395 2154 καὶ
3440 2100 3543 2170 τῆς
3574 2100 3769 2170 μελλού-

2217 2211 2320 2265 σης
2355 2193 2516 2264 δόξης
2561 2193 2857 2264 ’πρόξενον⁸
2897 2195 3021 2248 Οὐκ
3062 2192 3204 2256 ἀξια
3228 2190 3339 2263 γὰρ
3372 2191 3450 2245 τὰ
3482 2191 3769 2261 παθήματα

2214 2289 2325 2344 τοῦ
2351 2289 2471 2343 νῦν
2485 2286 2715 2357 καιροῦ,
2738 2287 2886 2356 πρὸς
2912 2285 3031 2357 τὴν
3047 2286 3413 2357 μέλλουσαν
3445 2286 3635 2350 δόξαν
3653 2285 3769 2354 ἡμῖν

2214 2379 2758 2434 ἀποκαλύπτεσθαι
2770 2416 2792 2434 .

2288 2476 2358 2525 κ’.
2400 2468 2539 2523 Οὔτε
2575 2469 2736 2538 σῶμα
2778 2469 3178 2540 θεραπεύοντες
3242 2470 3447 2540 ἰατροὶ,
3490 2470 3550 2523 ἓν
3590 2468 3679 2523 καὶ
3723 2468 3770 2520 τὸ

2218 2563 2354 2618 αὐτὸ
2387 2565 2524 2618 πᾶσι
2544 2562 2924 2634 προσφέρουσι
2958 2563 3275 2635 φάρμακον,
3304 2562 3432 2616 οὔτε
3452 2562 3587 2627 Θεὸς
3611 2559 3770 2632 ψυχῶν

2220 2654 2490 2726 ίατρεύων
2516 2655 2822 2724 νοσήματα,
2853 2654 2953 2709 ἕνα
2996 2655 3158 2723 μόνον
3209 2654 3515 2726 θεραπείας
3536 2649 3640 2707 οἶδε
3670 2651 3772 2723 τρό-

2219 2761 2324 2799 πον
2360 2746 2569 2810 πάσαις
2609 2745 2908 2816 ἁρμόδιον
2941 2745 3059 2801 ἀλλ’
3092 2746 3304 2820 ἑκάστῃ
3344 2747 3443 2801 τὸν
3491 2745 3773 2817 πρόσφορον

2218 2836 2553 2908 ἀπονείμας,
2591 2836 2689 2901 τὰς
2733 2837 2908 2902 ίάσεις
2951 2836 3270 2909 ἐργάζεται.
3295 2836 3773 2909 Εὐχαριστήσωμεν

530 2925 799 2982 sanitates
827 2936 1112 2998 operatur.
1145 2928 1367 2985 Gratias
1400 2944 1533 3000 ergo
1556 2944 1781 3001 agamus
1803 2930 1936 2984 dum
1957 2944 2115 2985 cura-

2216 2924 2314 2983 οὗν
2347 2929 2800 3001 θεραπευόμενοι,
2827 2929 2931 2983 κᾶν
2964 2929 3062 3002 ἔχῃ
3102 2930 3335 3001 βάσανον
3370 2928 3436 2982 τὸ
3472 2928 3770 2999 γινόμενον

533 3014 613 3069 tio
622 3015 942 3083 adhibetur,
971 3019 1193 3074 tametsi
1215 3035 1305 3076 res
1322 3020 1525 3076 habeat
1542 3020 1849 3075 cruciatum
1870 3037 1887 3087 ;
1914 3020 2115 3091 quippe

2217 3018 2280 3072 τὸ
2296 3020 2409 3091 γὰρ
2422 3019 2596 3084 τέλος,
2627 3020 2921 3090 μακάριον.
3156 3094 3165 3102 _
3706 3030 3715 3037 ‘

533 3117 702 3171 quem
734 3103 934 3159 beatus
956 3104 1279 3176 faustusque
1313 3106 1441 3161 finis
1475 3117 1871 3177 consequatur.

604 3192 697 3248 2i.
749 3194 899 3249 Nihil
935 3194 1018 3251 sic
1059 3196 1228 3251 animi
1271 3196 1531 3252 affectum
1577 3198 1783 3267 prodit,
1832 3213 1899 3255 ac
1935 3196 2120 3253 carnis

533 3281 841 3340 laborantis
886 3286 1159 3356 malisque
1211 3289 1470 3358 appetita:
1511 3288 1858 3359 insurgentes
1894 3296 2117 3344 motus:

534 3374 739 3445 quibus
767 3377 1046 3448 siquidem
1082 3379 1176 3434 ille
1208 3381 1465 3447 cesserit,
1504 3396 1730 3436 carnem
1756 3381 1931 3451 magis
1952 3396 2118 3451 quam

532 3467 708 3525 Deum
742 3470 924 3526 colere
956 3487 1021 3527 ac
1048 3487 1234 3527 amare
1264 3472 1501 3543 liquebit
1537 3492 1551 3528 :
1587 3474 1673 3529 sin
1695 3482 1879 3528 autem
1897 3473 2119 3529 illorum

535 3561 843 3620 insultibus
873 3563 1243 3620 inconcussus
1289 3566 1678 3635 permanserit,
1730 3564 1907 3635 pluris
1946 3563 2123 3617 virtu-

536 3659 656 3726 tem.
683 3652 889 3717 facere,
928 3668 1094 3724 quam
1124 3669 1349 3709 carnem
1371 3656 1706 3721 monstrabit
1740 3672 1754 3708 :
1788 3656 1948 3726 cujus
1966 3653 2118 3709 cultu

532 3741 709 3798 Deum
740 3744 1197 3799 contubernalem
1229 3746 1537 3816 suscipiet,
1571 3746 1719 3801 illius
1761 3760 1924 3801 causa
1953 3743 2119 3799 simili

529 3834 697 3890 nobis
725 3837 943 3890 ratione
974 3835 1260 3907 dignatum
1290 3837 1400 3906 pati
1430 3852 1497 3892 ac
1535 3836 1825 3912 laboribus
1858 3834 2117 3906 defungi,

528 3925 631 3995 qui
660 3934 718 3980 et
752 3926 972 3992 clamet,
996 3927 1150 3983 velut
1181 3927 1315 3982 olim
1358 3926 1683 3998 discipulis:
1711 3924 1991 3994 Conﬁdite,
2025 3941 2146 3997 ego

528 4015 635 4073 uici
671 4015 927 4073 mundum
954 4014 995 4071 '.

604 4105 697 4161 22.
742 4105 883 4163 Cum
930 4122 1125 4165 omnes
1169 4108 1346 4166 sancti
1397 4108 1774 4180 castigationis
1826 4108 2122 4178 participes

529 4197 766 4264 :l‘uerint,
798 4214 901 4255 nos
930 4216 1154 4272 quoque
1187 4202 1280 4270 qui
1311 4201 1428 4270 pari
1459 4201 1570 4257 illis
1586 4207 1736 4256 sorte
1765 4201 2117 4270 castigemur,

533 4288 740 4358 gratias
765 4304 1011 4359 agamus,
1049 4299 1111 4345 ut
1153 4291 1376 4346 illorum
1421 4292 1612 4362 glori-te
1643 4291 1777 4347 socii
1808 4290 1954 4347 cfticl
1998 4306 2119 4346 me-

2293 3199 2400 3249 κα’.
2441 3192 2607 3249 Οὐδὲν
2637 3190 2782 3252 οὕτω
2810 3190 2991 3262 ψυχῆς
3015 3189 3232 3260 ἐλέγχει
3263 3187 3531 3251 διάθεσιν,
3565 3187 3638 3252 ὡς
3658 3202 3775 3254 σαρ-

2220 3286 2314 3349 κὸς
2335 3282 2718 3354 δυσπαθούσης
2753 3282 3216 3352 ὲπαναστήματαβ
3240 3276 3342 3346 οἷς,
3373 3281 3474 3335 ἐὰν
3506 3280 3604 3350 μὲν
3630 3278 3775 3339 datv-

2218 3376 2314 3447 δῷ,
2352 3373 2490 3429 Θεοῦ
2534 3367 2697 3431 τελέον
2743 3371 3050 3442 στέργουσα
3095 3372 3197 3442 τὴν
3231 3372 3416 3442 σάρκα
3460 3371 3772 3439 φανήσεται·

2218 3468 2316 3531 ἐὰν
2350 3466 2410 3521 δὲ
2451 3468 2560 3533 τοῖς
2600 3464 2809 3522 τούτων
2842 3464 3101 3537 διαμείνῃ
3149 3462 3483 3533 τινάγμασιν
3526 3461 3774 3521 ἄσειστος,

2223 3557 2427 3629 σαρκὸς
2461 3557 2624 3611 πλέον
2643 3557 2845 3627 ἀρετὴν
2866 3555 3086 3626 τιμῶσα
3106 3555 3458 3626 δειχθήσεται
3472 3570 3487 3584 ·
3516 3551 3583 3606 δι’
3615 3546 3678 3621 ἦς
3697 3547 3776 3601 τὸν

2219 3649 2354 3706 Θεὸν
2387 3648 2597 3702 ἔνοικον
2640 3647 2991 3715 ὑποδέξεται,
3019 3646 3111 3700 τὸν
3141 3645 3209 3699 δι’
3237 3644 3411 3716 αὐτὴν
3449 3643 3640 3697 παθεῖν
3668 3637 3774 3695 καθ’

2220 3743 2369 3814 ἡμᾶς
2392 3740 2789 3813 ἀνασχόμενον,
2813 3738 3042 3810 βοῶντα,
3066 3737 3319 3811 καθάπερ
3351 3736 3523 3807 πάλαι
3545 3736 3656 3797 τοῖς
3684 3748 3774 3802 μα-

2218 3833 2415 3906 θηταῖς
2432 3851 2447 3867 ο
2482 3834 2792 3904 Θαρσεῖτε,
2818 3833 2934 3903 ἐγὼ
2970 3831 3264 3900 νενίκηκα
3299 3830 3409 3891 τὸν
3430 3830 3677 3898 κόσμον.

2290 4101 2397 4176 κβ’.
2438 4104 2503 4159 Ei
2545 4101 2752 4167 πάντες
2785 4101 3038 4166 παιδείας
3074 4102 3127 4157 οἱ
3172 4100 3321 4168 ἅγιοι
3364 4096 3624 4166 γεγόνασι
3659 4088 3773 4162 μέτ-

2221 4213 2358 4269 οχοι,
2387 4196 2481 4253 καὶ
2505 4197 2671 4267 ἡμεῖς
2693 4194 3185 4265 εὐχαριστήσωμεν
3213 4191 3312 4245 σὺν
3332 4189 3521 4253 αὐτοῖς
3546 4177 3773 4239 παιδευό-

2225 4304 2399 4360 μενοι,
2430 4287 2519 4343 ἵνα
2544 4289 2645 4358 τῆς
2677 4285 2857 4341 αὐτῶν
2894 4284 3119 4356 μέτοχοι
3146 4281 3403 4352 γενέσθαι
3444 4279 3603 4349 δόξης
3628 4274 3774 4341 ἀξιω-

536 4393 774 4432 reamur.
813 4377 981 4444 Quem
1010 4382 1147 4435 enim
1183 4381 1436 4436 Dominus
1466 4382 1663 4453 diligit,
1698 4384 1960 4454 castigat;
2014 4385 2115 4455 ﬂa-

2222 4381 2430 4453 θῶμεν.
2453 4383 2556 4435 Ὃν
2572 4379 2681 4450 γὰρ
2708 4375 2911 4449 ἀταπᾱ
2931 4377 3165 4446 Κύριος,
3192 4374 3461 4429 παιδεύει
3481 4389 3497 4406 ·
3517 4363 3773 4442 μαστιγοῖ

536 4467 702 4541 gcltat
734 4479 912 4527 autem
941 4486 1149 4526 omnem
1178 4471 1378 4541 ﬁlium,
1410 4490 1564 4544 quem
1593 4475 1810 4545 suscipit
1837 4474 1880 4529 ⁸.

606 4561 698 4617 25.
738 4562 981 4617 Adamus
1001 4563 1245 4633 quidem,
1270 4574 1481 4620 costam
1502 4566 1841 4637 voluptatem
1880 4574 2110 4638 proten-

525 4647 757 4706 dentem
787 4666 853 4707 ac
888 4649 1176 4707 libidinem
1220 4653 1465 4722 proclive
1500 4654 1767 4724 probans,
1812 4655 1973 4726 eique
2018 4673 2115 4713 ac.-

524 4736 845 4808 quicscens,
861 4738 1165 4793 humanum
1183 4754 1359 4810 genus
1379 4741 1639 4810 paradiso
1671 4742 1850 4813 ejccit_
1875 4745 1896 4775 ³
1923 4746 2112 4805 Domi-

529 4843 644 4889 nus
667 4845 801 4884 vero
824 4844 951 4885 cum
983 4829 1172 4886 labore
1202 4830 1305 4886 hac
1334 4839 1493 4902 parte
1531 4831 1721 4888 lancea
1747 4833 2016 4901 discissus
2043 4837 2110 4903 ",

530 4919 595 4975 in
619 4918 939 4991 paradisum
984 4920 1255 4976 latronem
1292 4922 1513 4978 induxit
1565 4924 1631 4978 ”.
1691 4923 1887 4989 Carnis
1924 4927 2114 4997 itaque

532 5011 779 5071 laborem
807 5011 1121 5083 diligamus,
1149 5012 1399 5084 ejusdem
1440 5015 1784 5085 voluptatem
1831 5031 1897 5081 ac
1926 5016 2117 5083 libidi-

534 5117 667 5162 nem
703 5104 832 5159 odio
858 5105 1163 5160 habeamus
1194 5122 1209 5159 :
1240 5104 1335 5160 ille
1368 5120 1611 5176 namque
1656 5105 1851 5175 pandit
1880 5107 2116 5174 aditum,

532 5193 810 5264 bonisque
838 5195 1113 5266 restituit;
1139 5196 1257 5259 bzec
1282 5195 1454 5269 ejicit,
1501 5206 1671 5268 atque
1703 5216 1734 5254 a
1765 5199 1929 5267 bonis
1959 5200 2121 5272 longe

530 5282 772 5347 dirimit.
870 5338 879 5346 _
1558 5286 1565 5291 ’
2072 5286 2076 5290 ’

610 5374 702 5429 24.
735 5374 875 5430 Cum
906 5375 1055 5432 Deus
1080 5375 1258 5433 factus
1279 5376 1447 5434 homo
1485 5395 1650 5435 carne
1686 5379 1950 5451 patiatur,
1993 5380 2122 5451 quis

535 5482 655 5528 non
684 5467 800 5539 pati
851 5466 1067 5538 gestiat,
1101 5468 1190 5522 cui
1231 5469 1379 5545 Deus
1414 5470 1688 5540 passionis
1720 5483 1885 5544 atque
1916 5472 2126 5529 laboris

2219 4473 2290 4527 δὲ
2314 4471 2511 4526 πάντα
2540 4470 2693 4535 υἱὸν,
2720 4469 2794 4524 ὃν
2820 4466 3233 4536 παραδέχεται.
3448 4540 3449 4543 η

2292 4560 2401 4635 κγ’.
2453 4564 2513 4616 '0
2544 4561 2645 4633 μὲν
2690 4560 2864 4630 Ἀδὰμ
2921 4558 3020 4626 τὴν
3056 4555 3297 4628 πλευρὰν
3339 4554 3538 4625 ἡδονὴν
3580 4546 3770 4621 etporti-

2221 4673 2422 4713 νουσαν
2449 4653 2922 4727 παραδεξάμενος,
2956 4651 3062 4717 ἔξω
3089 4648 3183 4703 τοῦ
3210 4648 3544 4720 παραδείσου
3572 4644 3704 4698 ποιεῖ
3725 4637 3771 4690 si

2221 4749 2594 4822 ἀνθρώπινον⁹
2619 4749 2648 4801 ό
2685 4746 2744 4800 δὲ
2775 4745 2982 4815 Κύριος
3014 4742 3161 4813 πόνῳ
3201 4740 3407 4811 ταύτην
3439 4740 3530 4795 διὰ
3553 4736 3647 4806 τῆς
3667 4733 3770 4798 λόγ-

2220 4860 2325 4923 χης
2383 4835 2753 4920 ἀνασχισθεὶς,
2805 4837 2898 4892 τὸν
2946 4834 3149 4909 λῃστὴν
3203 4831 3313 4886 ἔσω
3342 4831 3441 4886 τοῦ
3471 4826 3770 4901 παραδείσου

2205 4928 2504 5007 Ἐποίησεν.
2545 4931 2950 5003 Ἀγαπήσωμεν
2987 4927 3167 4983 τοίνυν
3202 4925 3293 4983 τὸν
3330 4924 3496 4991 πόνον
3523 4923 3620 4993 τῆς
3657 4930 3765 5007 πρ·

2223 5026 2318 5091 κός
2339 5044 2354 5058 ·
2375 5006 2716 5097 ίμισήσωμεν
2747 5021 2804 5075 δὶ
2837 5019 3042 5090 ταύτης
3072 5017 3172 5088 τὴν
3212 5016 3408 5090 ἡδονήν
3427 5031 3443 5047 ο
3487 5017 3516 5069 ό
3559 5013 3651 5091 μὲν
3682 5006 3771 5097 γάρ

2222 5095 2436 5186 εἰσάγει
2480 5115 2577 5170 καὶ
2613 5117 2730 5177 τοῖς
2767 5111 2997 5185 ἀγαθοῖς
3046 5108 3515 5178 ἀποκαθίστησιν·
3537 5107 3589 5200 ,ἡ
3621 5101 3673 5159 δὲ
3702 5095 3776 5160 ἒεο

2224 5208 2351 5291 άγει
2373 5207 2472 5262 καὶ
2492 5205 2599 5267 τῷν
2631 5202 2852 5272 ἀγαθῶν
2880 5200 3256 5269 ἀποδιίστησιν
3275 5242 3290 5255 .

2298 5383 2397 5440 κδ’.
2440 5385 2504 5438 Ei
2541 5382 2679 5446 Θεὸς
2707 5382 2909 5451 πάσχει
2955 5379 3143 5453 σαρκὶ,
3174 5379 3468 5449 γενόμενος
3494 5375 3763 5444 ἄνθρωπος·

2222 5475 2305 5538 τίς
2337 5475 2565 5544 πάσχων
2596 5473 2657 5526 οὐ
2678 5470 2883 5542 γέγηθε
2905 5470 3038 5524 Θεδν
3059 5470 3199 5542 ἔχων
3227 5471 3324 5524 τοῦ
3351 5468 3556 5529 πάθους
3584 5456 3760 5530 συμμέ-

615 5584 639 5669 ﬁ
664 5584 823 5639 Rom.
866 5585 1209 5669 vm,”l8.'_"
1239 5586 1397 5641 Joan.
1450 5605 1559 5657 xw,
1586 5589 1674 5644 55.
1752 5590 1775 5623 ⁸
1806 5590 1974 5655 Prov.
2022 5607 2103 5657 ut,

2216 5609 2255 5645 ,ο
2316 5589 2489 5647 Hebr.
2525 5605 2621 5658 xu,
2651 5589 2703 5645 6.
2780 5587 2962 5645 ’Gen.
3015 5603 3092 5655 tn,
3123 5587 3213 5642 25.
3292 5584 3516 5641 "Joan.
3565 5566 3758 5649 ξιτ,ἆᾷ

540 5651 587 5692 ⁸⁸
612 5653 751 5713 Luc.
787 5670 937 5722 xxm,
983 5653 1071 5720 40,
1104 5654 1193 5712 45.
