4020 6472
235 5608 240 5612 ·
328 5613 483 5669 vero,
519 5607 626 5669 est,
683 5598 924 5669 sanaque
958 5598 1229 5669 doctrina.

327 332 467 400 1189

1020 336 1359 397 CAPITUM
1396 337 1823 408 QUINQUIES
1861 337 2385 398 CENTENORUM
2426 337 2813 397 CENTURIA
2837 337 2900 416 ⁴Ι.

3482 331 3620 398 1190

317 462 518 517 τοχον;
557 438 602 514 ᾧ
649 447 711 499 τὸ
760 447 1129 519 συμπάσχειν,
1166 447 1450 517 βασιλείας
1481 447 1742 518 πρόξενον
1773 449 1912 517 γίνε-

2029 450 2212 504 socius
2237 449 2308 502 sit
2332 449 2355 502 ?
2405 449 2566 517 cujus
2595 448 2743 500 socia
2771 446 2977 516 passio,
3011 460 3241 516 regnum
3267 459 3530 516 procurat
3555 463 3620 501 ac

319 555 439 592 ται.
498 538 730 609 Ἀληθὴς
774 541 882 610 γὰρ
913 543 938 592 ὁ
977 540 1178 592 εἰπών’
1227 542 1411 608 Εἴπερ
1451 540 1917 610 συμπάσχομεν,

320 627 426 681 ἵνα
455 629 550 680 καὶ
580 629 1117 699 συνδοξασθῶμεν.

396 718 497 774 κε’.
539 721 599 772 Et
632 721 852 784 πάντως
883 722 1118 791 πονῆσαι
1144 722 1244 786 δεῖ,
1301 722 1387 776 διὰ
1441 723 1541 792 τὴν
1576 723 1920 794 ὲμφυρεῖσαν

318 813 391 880 τῇ
421 808 583 878 φύσει
621 809 713 862 διὰ
741 811 836 863 τοῦ
868 811 1219 882 προπάτορος
1251 811 1466 881 ἡδονὴν,
1495 813 1758 880 γενναίως
1794 815 1919 876 τοὺς

322 903 700 975 προσκαίρους
753 903 1187 974 καρτερήσωμεν
1237 906 1452 971 πόνους,
1480 906 1580 976 τῆς
1628 923 1686 958 τε
1721 905 1920 976 ἡδονῆς

315 995 387 1047 τὸ
438 994 666 1065 κέντρον
707 999 840 1066 ἡμῖν
888 996 1292 1065 ἀμὸλύνοντας,
1331 997 1572 1050 καὶτῶν
1624 997 1690 1050 δι’
1741 996 1918 1066 αὐτῆς

319 1087 476 1157 ἡμᾶς
502 1088 736 1140 αἰωνίων
774 1087 1198 1157 ἐλευθεροῦντας
1227 1088 1524 1142 κολάσεων.

396 1264 509 1328 κς’.
549 1264 773 1316 Πάντων
802 1263 913 1314 τῶν
963 1262 1188 1329 ἀγαθῶν
1220 1263 1373 1322 τέλος
1411 1265 1561 1315 ἐστὶν
1609 1264 1641 1332 ἠ
1699 1262 1915 1332 ἀγάπη,

315 1358 400 1420 ὡς
437 1359 571 1426 πρὸς
596 1357 728 1408 Θεὸν
751 1355 812 1408 τὸ
835 1355 944 1408 τῶν
975 1354 1199 1422 ἀγαθῶν
1231 1355 1560 1426 ἀκρότατον,
1589 1355 1681 1407 καὶ
1711 1355 1916 1417 παντὸς

316 1449 499 1501 αἴτιον
529 1447 762 1515 ἀγαθοῦ,
799 1447 928 1509 τοὺς
960 1448 1019 1498 ὲν
1059 1447 1196 1518 αὐτῇ
1238 1445 1677 1516 περιπατοῦντας
1709 1445 1919 1513 ἄγουσα

318 1540 419 1591 καὶ
451 1540 804 1609 προσάγουσα
838 1540 931 1591 καὶ
965 1540 1297 1606 συνάγουσα,
1330 1538 1405 1599 ὼς
1440 1538 1607 1607 πιστὴ
1645 1538 1737 1589 καὶ
1763 1539 1915 1591 ἀδιά-

316 1653 542 1697 πτωτος
572 1636 648 1701 (h)
682 1635 778 1687 καὶ
813 1635 1074 1703 μένουσα.
1113 1636 1177 1687 Ἢ
1212 1635 1393 1697 πίστις
1422 1632 1552 1702 γὰρ,
1587 1633 1749 1701 βάσις
1800 1635 1917 1685 ἐστὶ
1951 1699 1954 1702 ν

313 1726 432 1779 τῶν
463 1726 580 1795 μετ’
606 1726 793 1794 αὐτὴν,
829 1726 1044 1788 ἐλπίδος
1074 1724 1217 1792 λέγω
1268 1725 1364 1777 καὶ
1402 1723 1646 1793 ἀγάπης,
1683 1723 1916 1792 βεϐαίοις

2025 539 2305 593 conciliat.
2341 539 2520 592 Verax
2552 537 2701 591 enim
2731 545 2838 600 est,
2864 535 2956 606 qui
2991 535 3070 592 ait
3098 554 3111 589 :
3151 535 3209 590 Si
3237 538 3616 607 compatimur,

2023 637 2082 681 ut
2112 638 2162 682 et
2189 627 2650 698 congloriﬁcemur
2683 629 2746 680 ".

2094 718 2184 773 25.
2226 717 2365 772 Cum
2439 718 2668 772 omnino
2722 719 2942 773 labores
2986 719 3292 774 desudandi
3339 721 3493 785 sint,
3545 720 3618 774 ob

2025 810 2382 866 commistam
2418 819 2631 865 naturae
2665 811 2855 879 proavi
2917 811 3121 880 injuria
3168 813 3510 881 voluptatem
3552 829 3618 867 ac

2022 896 2336 965 libidinem,
2369 912 2756 972 temporaneos
2787 901 2947 972 517
2974 911 3199 957 strenue
3240 904 3460 958 labores
3492 921 3620 974 per-

2022 993 2289 1058 feramus,
2324 994 2420 1062 qui
2471 1003 2528 1047 et
2565 993 2870 1062 voluptatis
2924 1008 2989 1046 ac
3037 993 3290 1048 libidinis
3329 995 3616 1050 stimulum

2023 1086 2186 1141 nobis
2217 1085 2539 1151 retundant,
2566 1086 2902 1155 internisque
2936 1086 3223 1156 suppliciis
3255 1102 3494 1156 quorum
3527 1089 3616 1142 illa

2022 1185 2218 1234 auctor
2244 1186 2350 1238 est,
2391 1176 2655 1234 eximant.

2092 1270 2181 1322 26.
2214 1268 2471 1323 Omnium
2503 1269 2778 1322 bonorum
2825 1269 2951 1322 finis
2985 1278 3067 1322 est
3113 1268 3376 1332 charitas,
3407 1277 3467 1323 ut
3497 1286 3620 1338 qua:

2025 1356 2080 1410 in
2111 1357 2228 1426 ipsa
2259 1358 2606 1411 ambulantes
2631 1358 2698 1410 ad
2726 1358 2895 1412 Deum
2926 1373 3242 1426 supremum
3269 1358 3475 1412 bonum
3503 1376 3590 1413 om

2020 1449 2215 1516 nisque
2263 1448 2392 1501 boni
2429 1457 2734 1514 auctorem,
2787 1460 3046 1518 tauquam
3087 1450 3212 1516 fida,
3257 1459 3314 1505 et
3347 1468 3468 1521 quae
3506 1469 3616 1506 non

2019 1540 2235 1593 excidat
2301 1549 2663 1608 maneatque,
2735 1541 2934 1604 ducat,
2991 1543 3314 1608 admoveat,
3371 1545 3614 1614 colligat.

2021 1628 2183 1682 Fides
2214 1629 2382 1692 enim,
2414 1630 2762 1698 sequentium
2793 1630 3210 1685 fundamentum
3240 1643 3324 1688 est
3352 1634 3487 1704 (spei
3512 1635 3617 1688 sci-

2020 1719 2150 1774 licet
2179 1729 2234 1772 et
2266 1719 2573 1788 charitatis)
2603 1737 2724 1790 qua!
2768 1723 3056 1776 veritatem
3111 1723 3345 1778 firmiter
3389 1734 3612 1780 statuat.

312 1821 386 1870 τὸ
418 1819 623 1888 ἀληθὲς
663 1817 978 1885 ὑφεστῶσα.
1013 1819 1073 1869 Ἥ
1109 1817 1164 1870 δὲ
1198 1816 1377 1879 ἐλπὶς,
1404 1817 1513 1868 τῶν
1545 1815 1732 1886 ἄκρων
1758 1815 1911 1868 ἐστὶν

2024 1812 2178 1880 Spes,
2214 1824 2586 1867 extremorum
2642 1814 2948 1884 (charitatis
2998 1831 3061 1869 ac
3113 1816 3264 1887 ﬁdei)
3303 1818 3480 1873 robur
3527 1828 3615 1874 est

320 1911 505 1980 ἰσχὺς,
555 1910 776 1978 ἀγάπης
814 1909 958 1976 λέγω
1003 1909 1098 1962 καὶ
1133 1907 1392 1970 πίστεως,
1422 1907 1482 1959 τὸ
1524 1907 1715 1960 πιστόν
1756 1924 1815 1959 τε
1844 1907 1908 1958 δι’

317 2002 532 2069 ἑαυτῆς
564 2004 657 2054 καὶ
705 2002 766 2053 τὸ
823 2000 1054 2071 ὲραστὸν
1112 2001 1317 2070 ἀμφοῖν
1375 1999 1774 2066 ὑποφαίνουσα,
1815 1998 1910 2051 καὶ

315 2095 462 2165 πρὸς
485 2095 617 2146 αὐτὸ
652 2094 741 2145 τὸν
767 2093 970 2162 δρόμον
1001 2093 1067 2144 δι’
1099 2094 1299 2162 ἑαυτῆς
1323 2093 1598 2146 ποιεῖσθαι
1625 2093 1910 2146 διδάσκου-

316 2203 416 2239 κα.
458 2185 521 2236 Ἦ
579 2184 636 2236 δὲ
702 2184 912 2252 ἀγάπη,
963 2183 1171 2236 τούτων
1226 2186 1341 2236 ἐστὶ
1397 2184 1814 2255 συμπλήρωσις,
1849 2186 1911 2237 τὸ

315 2275 553 2344 ἔσχατον
588 2274 812 2343 ὀρεκτὸν
835 2273 958 2326 ὅλον
987 2274 1079 2343 ὅλη
1112 2265 1625 2344 περιπτυσσομένη,
1657 2278 1752 2328 καὶ
1783 2277 1912 2329 ταύ-

313 2383 445 2426 ταις
468 2367 566 2434 τῆς
593 2365 682 2419 ἐπ’
705 2365 837 2418 αὐτὸ
882 2367 1151 2435 κινήσεως
1186 2369 1376 2420 στάσιν
1406 2370 1781 2438 παρεχομένη,
1815 2369 1910 2423 τοῦ

316 2455 606 2508 πιστεύειν
654 2451 817 2518 εἶναι,
874 2456 970 2509 καὶ
999 2456 1246 2519 ἐλπίζειν
1294 2459 1656 2526 παρέσεσθαι,
1689 2461 1748 2512 τὸ
1777 2465 1912 2515 ἀπο-

315 2549 513 2600 λαύειν
542 2548 808 2617 παρόντος
838 2549 904 2600 δι’
931 2550 1132 2618 ὲαυτῆς
1166 2550 1589 2617 ἀντεισάγουσα.

394 2639 500 2703 κζ’.
537 2641 737 2710 Ἔργον
768 2641 866 2709 τῆς
893 2641 1115 2709 ἀγάπης
1137 2641 1496 2706 τελειότατον,
1533 2643 1628 2694 καὶ
1662 2642 1760 2709 τῆς
1789 2643 1910 2694 κατ’

317 2733 498 2802 αὐτὴν
539 2732 819 2801 ἐνεργείας
851 2733 1046 2800 πέρας,
1071 2733 1136 2784 δι’
1162 2735 1483 2798 ἀντιδίσεως
1514 2735 1773 2805 σχετικῆς
1802 2733 1908 2786 τῶν

319 2826 448 2877 κατ’
473 2823 643 2892 αὐτὴν
667 2823 1054 2892 συνημμένων,
1080 2824 1331 2894 ἀλλήλοις
1359 2826 1667 2895 ὲμπρέπειν
1681 2826 1748 2878 τὰ
1773 2825 1910 2877 ἰδιώ-

323 2899 624 2986 ματαξκαὶ
681 2913 780 2976 τάς
814 2913 1040 2984 κλήσεις
1097 2915 1574 2986 παρασκευάζειν·
1636 2917 1731 2969 καὶ
1786 2916 1908 2970 θεὸν

324 3008 428 3076 μὲν
451 3007 540 3059 τὸν
560 3005 847 3076 ἄνθρωπον
869 3008 1066 3066 ποιεῖν,
1094 3006 1380 3078 ἄνθρωπον
1407 3008 1463 3060 δὲ
1497 3008 1588 3059 τὸν
1619 3008 1751 3059 Θεὸν
1777 3026 1910 3083 χρη-

327 3097 583 3166 ματίζειν
619 3097 714 3148 καὶ
745 3093 1053 3162 φαίνεσθαι,
1079 3095 1168 3148 διὰ
1196 3095 1294 3164 τὴν
1343 3096 1471 3165 μίαν
1520 3097 1614 3148 καὶ
1657 3097 1907 3166 ἀπαράλ-

2020 1914 2184 1972 atque
2234 1903 2497 1969 firmitas;
2534 1921 2656 1975 qua:
2699 1906 2815 1975 ipsa
2867 1908 3088 1977 utrique
3137 1909 3216 1962 rei
3261 1908 3423 1963 fidem
3457 1926 3612 1964 amo-

2021 2011 2247 2064 remque
2295 1997 2578 2059 ostendat,
2626 2012 2959 2067 cursumque
3017 1999 3071 2052 in
3126 2014 3246 2054 cam
3299 2017 3398 2055 sua
3445 2017 3613 2070 opera

2020 2088 2465 2141 contendendum
2515 2088 2728 2143 doceat.
2782 2089 3035 2144 Charitas
3080 2107 3231 2158 vero,
3282 2093 3476 2146 harum
3527 2103 3613 2148 est

2019 2180 2482 2248 complementum
2509 2221 2523 2244 ,
2579 2189 2752 2234 totum
2787 2189 2900 2235 tota
2953 2197 3274 2251 supremum
3313 2184 3613 2253 appetibile

2019 2272 2411 2340 complectens,
2451 2273 2691 2341 ipsisque
2725 2289 2752 2326 a
2791 2283 2941 2327 motu
2993 2275 3048 2327 in
3093 2275 3228 2330 illud
3274 2277 3514 2345 quietem
3549 2292 3615 2330 ac

2020 2364 2380 2417 cessationem
2418 2366 2701 2434 praebens;
2744 2367 2864 2436 ejus
2907 2367 3030 2420 loco
3067 2382 3130 2420 ac
3172 2368 3461 2423 credamus
3491 2385 3614 2424 esse

2017 2456 2379 2526 futurumque
2426 2474 2734 2528 speremus.
2766 2467 2827 2512 ut
2867 2474 2965 2527 per
2993 2474 3113 2513 eam
3158 2469 3431 2530 prtesente
3463 2461 3613 2517 frua-

2019 2565 2145 2604 mur
2179 2565 2243 2603 ac
2273 2551 2678 2619 possideamus,
2717 2551 3002 2605 inducens.

2087 2641 2176 2693 Ἦ.
2209 2639 2510 2694 Charitatis
2559 2641 3023 2710 perfectissimum
3067 2657 3206 2710 opus
3237 2650 3339 2704 est,
3385 2643 3614 2712 ejusque

2018 2732 2356 2800 operationis
2385 2731 2527 2795 ﬁnis,
2558 2742 2616 2786 ut
2643 2748 2741 2802 per
2767 2748 2908 2796 eam,
2938 2733 3219 2802 reciproca
3252 2734 3485 2802 quadam
3517 2734 3615 2786 ha-

2017 2824 2287 2878 bitudinis
2344 2825 2742 2888 attributione,
2795 2839 2986 2878 eorum
3041 2825 3134 2894 qui
3189 2824 3278 2877 illa
3329 2824 3612 2894 conjuncti

2017 2924 2165 2979 sunt,
2192 2915 2310 2969 alia:
2337 2916 2461 2968 aliis
2485 2916 2856 2984 proprietates
2879 2916 3209 2984 nominaque
3233 2916 3566 2969 conveniant
3593 2932 3608 2968 :

2018 3017 2079 3061 ut
2131 3017 2187 3062 et.
2230 3008 2509 3060 hominem
2538 3008 2724 3071 deum,
2756 3008 3042 3077 Deumque
3089 3006 3369 3059 hominem
3417 3006 3612 3066 audire

2017 3114 2082 3152 ac
2112 3098 2286 3152 videri
2341 3098 2526 3160 faciat,
2573 3099 2643 3151 ob
2691 3098 2938 3152 eamdem
2990 3098 3239 3166 nihilque
3287 3097 3612 3161 dissimilem

321 3189 521 3242 λακτον
551 3186 880 3256 ἀμφοτέρων
923 3185 1066 3240 κατά
1098 3186 1158 3238 τὸ
1193 3186 1408 3257 θέλημα
1452 3186 1705 3257 βούλησίν
1855 3205 1911 3240 τε

2024 3189 2303 3244 aniborum
2335 3189 2678 3242 voluntatem
2709 3203 2773 3242 ac
2805 3186 3224 3257 appetitionem.

324 3295 422 3332 και
457 3293 578 3345 κινη
589 3294 690 3330 σιν.

396 3375 504 3437 κη’.
534 3369 596 3421 Et
626 3368 746 3420 κατ’
778 3367 962 3420 εἰκόνα
989 3367 1127 3420 Θεοῦ
1154 3367 1370 3429 πάντως
1396 3369 1579 3438 ἡμεῖς,
1616 3366 1908 3436 γενώμεθα

321 3461 535 3514 ἑαυτῶν
575 3462 666 3512 καὶ
699 3459 793 3512 τοῦ
842 3460 1013 3514 Θεοῦ·
1077 3461 1282 3530 μᾶλλον
1333 3459 1410 3525 δὲ,
1447 3462 1610 3528 μόνου
1662 3464 1755 3514 καὶ
1786 3461 1907 3514 ὅλου

320 3552 484 3613 (θεοῦ,
517 3554 609 3605 καὶ
658 3553 793 3616 ὅλοι,
832 3552 1000 3621 μηδὲν
1035 3553 1280 3620 ἐπίγειον
1331 3553 1387 3603 ὲν
1418 3553 1550 3620 ἡμῖν
1581 3552 1765 3614 αὐτοῖς
1811 3551 1907 3618 φέ-

324 3660 536 3713 ροντες,
570 3643 657 3696 ἵνα
694 3643 814 3712 Θεῷ
868 3643 1285 3712 πλησιάσωμεν,
1323 3642 1416 3694 καὶ
1453 3641 1564 3694 Θεο¹ι
1598 3641 1909 3711 γενώμεθα,

322 3736 389 3786 ἐκ
417 3735 558 3787 Θεοῦ
591 3735 652 3788 τὸ
683 3735 796 3788 Osci.
849 3731 988 3789 εἶναι
1034 3735 1313 3796 λαϐόντες.
1357 3733 1514 3788 Οὕτω
1543 3733 1654 3804 γὰρ
1681 3736 1911 3803 τιμᾶται

321 3825 392 3880 τά
425 3826 540 3877 θεῖα
566 3826 889 3896 δωρήματα,
913 3827 1010 3880 καὶ
1043 3827 1077 3898 ἡ
1101 3828 1200 3897 τῆς
1229 3825 1380 3889 Θείας
1401 3827 1626 3898 εἰρήνης
1649 3827 1906 3896 φιλοφρο-

320 3918 498 3970 νεῖται
531 3917 824 3988 παρουσία.

399 4100 504 4153 κθ’.
533 4101 694 4167 Μέγα
724 4099 932 4168 ἀγαθὸν
985 4099 1019 4168 ἡ
1053 4100 1265 4168 ἀγάπη,
1322 4097 1416 4151 καὶ
1446 4096 1554 4150 τῶν
1588 4097 1811 4166 ἀγαθῶν
1845 4097 1906 4150 τὸ

320 4190 546 4260 πρῶτον
572 4191 666 4243 καὶ
699 4188 978 4262 ἐξαίρετον
1007 4190 1233 4259 ἀγαθὸν,
1274 4188 1348 4252 ὡς
1378 4188 1510 4241 Θεὸν
1542 4187 1636 4240 καὶ
1693 4186 1905 4257 ἀνθρὼ-

397 4345 445 4376 ¹¹
475 4345 635 4398 Rom.
668 4360 782 4408 rm,
823 4345 909 4398 17.

2085 3367 2173 3423 28.
2211 3366 2492 3436 Siquidem
2538 3365 2763 3420 omnino
2794 3363 2860 3417 ad
2909 3364 3005 3417 Dei
3056 3379 3247 3417 sumus
3291 3362 3608 3433 imaginem,

2014 3460 2191 3524 nostri
2241 3461 2485 3528 ipsprum
2525 3456 2731 3525 Deique
2778 3455 3111 3518 efﬁciamur;
3159 3455 3268 3506 imo
3298 3455 3481 3522 potius
3508 3455 3610 3509 toti

2006 3550 2075 3603 ad
2105 3565 2274 3603 imum
2309 3559 2592 3617 totumque
2627 3549 2820 3610 Deum,
2853 3547 2989 3599 nihil
3023 3547 3124 3616 ipsi
3159 3547 3214 3600 in
3243 3547 3404 3601 nobis
3429 3556 3605 3603 terre-

2007 3656 2139 3696 num
2190 3640 2463 3702 ferentes,
2517 3649 2857 3712 spectemus,
2903 3647 2966 3691 ut
3011 3638 3122 3691 Deo
3171 3638 3608 3707 pr0pinquemus

2007 3731 2196 3801 diique
2244 3730 2472 3795 ﬁamus;
2526 3728 2623 3782 Dei
2674 3729 2780 3781 hoc
2823 3742 3052 3782 munere
3084 3727 3396 3789 consecuti,
3432 3735 3492 3782 ut
3530 3727 3606 3782 dii

2013 3821 2360 3876 exsistamus.
2400 3819 2490 3874 Sic
2514 3819 2662 3873 enim
2689 3817 2892 3872 divinis
2924 3816 3086 3870 donis
3130 3816 3364 3870 habetur
3403 3817 3603 3884 honor,

2017 3914 2327 3984 divinaeque
2373 3913 2524 3984 pacis
2569 3911 2862 3982 prmscntia
2913 3917 3194 3980 gratanter
3218 3909 3492 3978 excipitur
3520 3917 3606 3983 at-

2010 4023 2116 4076 que
2149 4005 2435 4075 probatur.

2078 4097 2167 4151 29.
2202 4096 2399 4164 lugens
2432 4094 2675 4148 eharitas
2724 4093 2961 4158 bonum,
2992 4095 3244 4162 interque
3294 4094 3438 4148 bona
3485 4093 3604 4162 pri-

2009 4203 2157 4241 mum
2188 4203 2251 4240 ac
2287 4185 2584 4251 eximium;
2617 4201 2738 4255 qua:
2773 4186 2890 4256 ipsa
2927 4185 3099 4239 Deum
3127 4192 3184 4239 ct
3219 4185 3474 4269 homines
3507 4199 3606 4254 per

395 4479 472 4546 (Ιι)
513 4479 616 4531 Καὶ
643 4474 1042 4542 ἀδιάπτωτος.
1075 4477 1240 4542 Quasi
1299 4477 1414 4546 ipsa
1450 4477 1504 4530 in
1552 4492 1608 4530 se.
1643 4485 1902 4530 constans

2024 4475 2433 4546 ὶπαραλλάκτῳ,
2484 4474 2676 4546 ὁμοίῳ,
2718 4473 3078 4546 παρὶιίμηδὲν
3142 4471 3602 4546 παραλλάσσοντι.

319 4558 380 4603 et
406 4548 584 4604 ﬁrma.
613 4557 668 4601 et
691 4549 838 4617 quod
869 4548 945 4600 ait
986 4549 1174 4616 Apost.
1195 4546 1236 4599 l.
1259 4546 1385 4600 Cor.
1415 4563 1530 4609 xm,
1560 4547 1591 4597 8
1614 4548 1680 4614 εὴ
1715 4547 1900 4617 ἀγάπη

319 4618 578 4671 οὐδέποτε
602 4616 874 4672 ἐκπίπτει.
897 4619 1144 4671 Charitas
1170 4633 1441 4686 nunquam
1468 4617 1656 4669 excidit
1693 4635 1705 4668 :
1731 4633 1790 4668 ea
1827 4616 1910 4686 ni-

321 4688 527 4742 mirum
559 4688 792 4751 ratione,
826 4704 932 4757 qua
959 4685 1299 4756 reliquarum
1326 4687 1594 4740 virtutum
1643 4685 1913 4753 theologi-

320 4773 535 4828 earum
569 4759 1051 4828 complementum,
1088 4764 1207 4817 est;
1285 4757 1346 4808 τὸ
1410 4757 1634 4825 ἔσχατον
1686 4757 1912 4828 ὀρεκτὸν

320 4829 446 4882 ὅλον
497 4827 592 4896 ὅλη
643 4825 1147 4898 πέριπτυσσομένη,
1201 4835 1367 4879 totum
1418 4825 1912 4898 totajcomplet‘tens

322 4895 633 4968 supremum
680 4895 1000 4968 appetibile,
1029 4899 1256 4967 ejusque
1295 4896 1583 4968 prmseiitis
1628 4895 1909 4968 fruitione,

326 4965 458 5021 ﬁdei
509 4983 573 5022 ac
601 4965 722 5037 spei
752 4965 814 5022 in
859 4968 1038 5036 ipsum
1062 4965 1264 5020 ‘nietus
1288 4965 1482 5037 quiete
1524 4965 1745 5037 sistens.
1779 4966 1910 5030 Quae

321 5038 408 5094 sic
451 5039 596 5092 clara
628 5036 693 5092 ac
728 5037 1055 5106 theologica,
1113 5038 1237 5105 quis
1277 5036 1419 5089 ferat
1470 5036 1544 5089 ita
1588 5036 1716 5089 Pico
1753 5037 1906 5088 nullo

322 5123 490 5164 sensu
513 5108 747 5173 reddita,
766 5108 896 5172 Quae
928 5117 1041 5176 post
1064 5108 1244 5160 omnia
1277 5122 1493 5177 prorsus
1520 5106 1813 5176 expetenda
1839 5112 1912 5158 est

324 5189 375 5232 et
399 5188 508 5232 tota
534 5178 804 5233 induenda
827 5179 852 5232 ?

401 5249 462 5316 (ἱ)
497 5249 598 5300 Διὰ
621 5248 895 5317 τήν-μίαν
921 5244 1912 5317 καὶἀπαράλλακτον...βούλησιν.

323 5315 492 5388 Picus
509 5319 657 5388 quod
682 5315 802 5374 eam
823 5333 1013 5374 vocem
1033 5317 1470 5388 ἀπαράλλακτον,
1493 5315 1912 5388 immutabilem2

327 5385 543 5454 reddit;
575 5390 871 5458 statimque
900 5394 1026 5458 post
1049 5403 1097 5442 c.
1121 5385 1293 5458 29,_in
1313 5387 1421 5458 illis
1448 5385 1654 5458 verbis,
1674 5386 1793 5458 _1:_ijv_
1817 5386 1914 5458 τοῦ

327 5458 460 5530 ρεου
461 5459 621 5526 μένου
636 5459 769 5530 πρὸς
782 5455 873 5513 τὸν
887 5455 1019 5513 Θεὸν
1033 5459 1176 5530 ,κατά
1190 5456 1248 5508 τὸ
1267 5457 1473 5530 ἀγαθὸν
1485 5457 1516 5508 ἀ
1526 5455 1913 5530 παραλλαξίαν,

325 5525 572 5596 οείβεαιὶ
610 5547 643 5582 a
681 5525 790 5583 Deo
827 5527 1197 5599 impossibilem
1240 5542 1294 5580 se
1333 5528 1660 5590 arationem;
1691 5525 1852 5596 longe
1883 5541 1914 5580 a

328 5613 483 5651 vero.
519 5607 626 5651 est.
683 5614 924 5651 sanaaue
958 5598 1229 5651 doctrina.
1289 5544 1598 5651 ﬁtrobiaue
1647 5596 1796 5649 enim
1855 5596 1912 5650 τὸ

1341 5595 1598 5665 trobique
1647 5595 1808 5649 enim
1855 5596 1912 5650 τὸ

329 5667 750 5740 ἀπαράλλακτον
796 5666 852 5740 et
894 5666 1292 5740 ,ἀπαραλλαξία
1319 5703 1334 5728 ,
1384 5675 1574 5740 exacta
1609 5666 1910 5740 similitudo

330 5735 610 5804 est,'nulla
631 5739 788 5811 quasi
821 5735 1132 5796 differentia
1156 5745 1213 5792 et
1254 5737 1594 5792 erariatione
1629 5753 1641 5788 :
1672 5735 1906 5807 liesych.

2014 4542 2170 4612 Quod
2241 4542 2473 4601 reddere
2520 4542 2767 4598 'voluerit
2833 4542 3048 4599 Phildx.
3119 4553 3174 4599 et
3218 4542 3379 4598 Vetus
3423 4542 3602 4598 Gloss.

2018 4617 2208 4685 Steph.
2257 4632 2382 4669 eum
2416 4613 3408 4685 indiscretum-exponunt'AGrcggin
3457 4613 3602 4666 diem

2014 4683 2221 4740 Christi
2260 4687 2440 4740 Natal.
2489 4687 2521 4752 ἡ
2561 4683 2981 4753 ἀπαράλλακτος
3016 4683 3180 4736 εἰκών
3218 4699 3229 4710 ·
3290 4683 3476 4750 Imago
3512 4697 3605 4753 per

2014 4759 2192 4810 omnia
2222 4756 2430 4809 similis.
2465 4752 2723 4822 Nihilque
2758 4753 3026 4822 tthIOgis
3055 4753 3325 4815 crebrius,
3359 4767 3424 4822 ea
3454 4752 3604 4804 νοεῖς

2017 4827 2161 4880 illius
2187 4826 2522 4894 acceptione,
2547 4820 2715 4894 vel—in
2749 4820 2968 4894 divinis
2989 4822 3260 4892 personis,
3297 4820 3456 4894 velin
3483 4822 3604 4894 qui:

2015 4896 2119 4950 bus
2149 4889 2389 4965 perfecta
2422 4893 2724 4965 secundum
2761 4889 3084 4965 bonitatem,
3135 4899 3338 4965 quanta
3387 4889 3598 4965 homini

2019 4959 2298 5028 concessa,
2351 4980 2476 5019 cum
2511 4965 2620 5018 Deo
2671 4963 2975 5016 similitudo
3013 4970 3098 5017 est
3131 4959 3229 5029 per
3276 4959 3600 5015 charitatem

2020 5052 2142 5104 qua:
2167 5045 2348 5090 tamen
2387 5050 2490 5089 nec
2535 5042 2736 5104 statum
2762 5032 3182 5104 immutabilem,
3217 5046 3319 5104 nec
3353 5029 3603 5098 impossi-

2018 5102 2184 5160 bilem
2220 5122 2250 5159 a
2275 5103 2835 5174 Deo_scparationcm
2864 5102 3022 5174 facit,
3059 5113 3238 5174 extra_
3252 5102 3429 5174 ipsam
3467 5116 3600 5174 cont-

2017 5171 2440 5230 summationcm
2469 5171 2524 5228 et
2554 5173 2651 5228 Dei
2672 5173 2962 5236 visionem,
2994 5173 3062 5226 de
3086 5187 3190 5240 qua
3220 5171 3486 5225 Maximus
3513 5171 3604 5226 hic

2016 5262 2126 5318 non
2159 5248 2310 5318 agit._
2337 5243 2614 5318 Fraudem
2636 5244 3012 5318 fecerit_Pico_
3042 5242 3232 5311 Steph.
3261 5241 3314 5294 in
3347 5241 3610 5318 Thesauri

2017 5311 2221 5382 indice,
2259 5315 2353 5370 ubi
2386 5315 2541 5369 nullo
2584 5323 2814 5369 auctore
2846 5313 3052 5385 (nescio
3076 5329 3144 5367 an
3177 5311 3449 5385 ex_yet_eri
3491 5312 3603 5385 alia

2021 5403 2127 5458 quo
2159 5379 2446 5458 glossario,
2475 5385 2564 5439 vel
2594 5401 2668 5458 (ιιι⁸
2690 5399 2792 5458 suo
2831 5379 3030 5454 capite)
3055 5381 3457 5458 ἀπαραλλαξίαο
3483 5379 3607 5438 Non.

2018 5454 2235 5520 mutari,
2279 5473 2370 5509 seu
2421 5454 2851 5519 immutabilitas,
2884 5455 3215 5518 constantia;
3269 5467 3391 5506 cum
3419 5459 3602 5520 tamen

2018 5527 2186 5591 idem,
2216 5519 2256 5580 t.
2290 5526 2330 5590 1,
2367 5525 2509 5580 bene
2533 5533 2800 5594 exponat;
2825 5533 3125 5594 arguatque
3147 5523 3372 5594 iBilibal.
3408 5519 3598 5572 inloru

2016 5598 2180 5651 allato
2201 5595 2362 5664 Greg.
2387 5595 2542 5664 quasi
2571 5593 2861 5666 perperam
2885 5593 3206 5658 reddiderit,
3241 5593 3596 5646 ἱιιεοιιιιιιιιιιις

2017 5667 2134 5721 bilis
2163 5665 2474 5721 similitudo.

2049 5667 2134 5723 itis
2163 5667 2474 5721 similitudo.
