  <div class='ocr_page' id='page_1' title='image "/cluster/home/n/w/nwhite01/storage/ocr_20150623/90:no.1/coo.31924054869940/611.png"; bbox 0 0 4020 6472; ppageno 0'>
   <div class='ocr_carea' id='block_1_1' title="bbox 412 319 545 386">
    <p class='ocr_par' dir='ltr' id='par_1_1' title="bbox 412 319 545 386">
     <span class='ocr_line' id='line_1_1' title="bbox 412 319 545 386; baseline -0.008 -1"><span class='ocrx_word' id='word_1_1' title='bbox 412 319 545 386; x_wconf 70' lang='grc'><strong>1391</strong></span> 
     </span>
    </p>
   </div>
   <div class='ocr_carea' id='block_1_2' title="bbox 1607 307 2559 373">
    <p class='ocr_par' dir='ltr' id='par_1_2' title="bbox 1607 307 2559 373">
     <span class='ocr_line' id='line_1_2' title="bbox 1607 307 2559 373; baseline -0.001 -3"><span class='ocrx_word' id='word_1_2' title='bbox 1607 310 1672 372; x_wconf 88' lang='lat' dir='ltr'><strong>S.</strong></span> <span class='ocrx_word' id='word_1_3' title='bbox 1712 310 2004 372; x_wconf 59' lang='lat' dir='ltr'><strong>MAXIM;</strong></span> <span class='ocrx_word' id='word_1_4' title='bbox 2044 307 2559 373; x_wconf 79' lang='lat' dir='ltr'><strong>CONFESSORIS</strong></span> 
     </span>
    </p>
   </div>
   <div class='ocr_carea' id='block_1_3' title="bbox 3556 286 3701 371">
    <p class='ocr_par' dir='ltr' id='par_1_3' title="bbox 3556 286 3701 371">
     <span class='ocr_line' id='line_1_3' title="bbox 3556 286 3701 371; baseline 0 0"><span class='ocrx_word' id='word_1_5' title='bbox 3556 286 3701 371; x_wconf 70' lang='lat' dir='ltr'><strong>usa</strong></span> 
     </span>
    </p>
   </div>
   <div class='ocr_carea' id='block_1_4' title="bbox 408 416 2023 501">
    <p class='ocr_par' dir='ltr' id='par_1_4' title="bbox 408 418 2008 501">
     <span class='ocr_line' id='line_1_4' title="bbox 408 418 2008 501; baseline -0.011 -12"><span class='ocrx_word' id='word_1_6' title='bbox 408 448 468 488; x_wconf 90' lang='lat' dir='ltr'><strong>se</strong></span> <span class='ocrx_word' id='word_1_7' title='bbox 493 430 736 501; x_wconf 82' lang='lat' dir='ltr'><strong>copulet,</strong></span> <span class='ocrx_word' id='word_1_8' title='bbox 768 427 918 483; x_wconf 89' lang='lat' dir='ltr'><strong>circa</strong></span> <span class='ocrx_word' id='word_1_9' title='bbox 944 438 1095 489; x_wconf 91' lang='lat' dir='ltr'><strong>eum,</strong></span> <span class='ocrx_word' id='word_1_10' title='bbox 1128 421 1225 494; x_wconf 90' lang='lat' dir='ltr'><strong>qui</strong></span> <span class='ocrx_word' id='word_1_11' title='bbox 1260 420 1354 476; x_wconf 91' lang='lat' dir='ltr'><strong>illa</strong></span> <span class='ocrx_word' id='word_1_12' title='bbox 1380 419 1648 490; x_wconf 81' lang='lat' dir='ltr'><strong>praeditus</strong></span> <span class='ocrx_word' id='word_1_13' title='bbox 1670 429 1788 486; x_wconf 88' lang='lat' dir='ltr'><strong>est;</strong></span> <span class='ocrx_word' id='word_1_14' title='bbox 1815 418 2008 473; x_wconf 84' lang='lat' dir='ltr'><strong>faciat-</strong></span> 
     </span>
    </p>
   </div>
   <div class='ocr_carea' id='block_1_5' title="bbox 2136 416 3731 501">
    <p class='ocr_par' dir='ltr' id='par_1_5' title="bbox 2136 416 3731 489">
     <span class='ocr_line' id='line_1_5' title="bbox 2136 416 3731 489; baseline 0.001 -20"><span class='ocrx_word' id='word_1_15' title='bbox 2136 435 2248 481; x_wconf 78' lang='grc' dir='ltr'>τους</span> <span class='ocrx_word' id='word_1_16' title='bbox 2284 418 2352 470; x_wconf 79' lang='grc' dir='ltr'>δι’</span> <span class='ocrx_word' id='word_1_17' title='bbox 2384 419 2584 488; x_wconf 79' lang='grc' dir='ltr'>ἑαυτῆς</span> <span class='ocrx_word' id='word_1_18' title='bbox 2629 418 2757 489; x_wconf 79' lang='grc' dir='ltr'>περὶ</span> <span class='ocrx_word' id='word_1_19' title='bbox 2784 418 2873 470; x_wconf 82' lang='grc' dir='ltr'>τὸν</span> <span class='ocrx_word' id='word_1_20' title='bbox 2902 418 3074 489; x_wconf 75' lang='grc' dir='ltr'>αὐτὴν</span> <span class='ocrx_word' id='word_1_21' title='bbox 3098 416 3287 488; x_wconf 75' lang='grc' dir='ltr'>ἔχοντα</span> <span class='ocrx_word' id='word_1_22' title='bbox 3320 417 3731 483; x_wconf 29' lang='grc' dir='ltr'>συνάπτουσαι,</span> 
     </span>
    </p>
   </div>
   <div class='ocr_carea' id='block_1_6' title="bbox 408 512 2010 593">
    <p class='ocr_par' dir='ltr' id='par_1_6' title="bbox 408 512 2010 593">
     <span class='ocr_line' id='line_1_6' title="bbox 408 512 2010 593; baseline -0.008 -16"><span class='ocrx_word' id='word_1_23' title='bbox 408 538 537 593; x_wconf 88' lang='lat' dir='ltr'><strong>que,</strong></span> <span class='ocrx_word' id='word_1_24' title='bbox 570 531 631 576; x_wconf 90' lang='lat' dir='ltr'><strong>ut</strong></span> <span class='ocrx_word' id='word_1_25' title='bbox 659 520 756 591; x_wconf 86' lang='lat' dir='ltr'><strong>qui</strong></span> <span class='ocrx_word' id='word_1_26' title='bbox 799 517 1087 574; x_wconf 87' lang='lat' dir='ltr'><strong>hominum</strong></span> <span class='ocrx_word' id='word_1_27' title='bbox 1121 530 1296 587; x_wconf 87' lang='lat' dir='ltr'><strong>genus</strong></span> <span class='ocrx_word' id='word_1_28' title='bbox 1328 512 1595 577; x_wconf 88' lang='lat' dir='ltr'><strong>condidit,</strong></span> <span class='ocrx_word' id='word_1_29' title='bbox 1631 525 1694 567; x_wconf 86' lang='lat' dir='ltr'><strong>ut</strong></span> <span class='ocrx_word' id='word_1_30' title='bbox 1722 512 1886 566; x_wconf 91' lang='lat' dir='ltr'><strong>homo</strong></span> <span class='ocrx_word' id='word_1_31' title='bbox 1915 525 2010 580; x_wconf 89' lang='lat' dir='ltr'><strong>ap—</strong></span> 
     </span>
    </p>
   </div>
   <div class='ocr_carea' id='block_1_7' title="bbox 410 607 2010 693">
    <p class='ocr_par' dir='ltr' id='par_1_7' title="bbox 410 607 2010 693">
     <span class='ocr_line' id='line_1_7' title="bbox 410 607 2010 693; baseline -0.007 -23"><span class='ocrx_word' id='word_1_32' title='bbox 410 622 619 685; x_wconf 85' lang='lat' dir='ltr'><strong>pareat,</strong></span> <span class='ocrx_word' id='word_1_33' title='bbox 668 614 741 668; x_wconf 90' lang='lat' dir='ltr'><strong>ob</strong></span> <span class='ocrx_word' id='word_1_34' title='bbox 769 627 1042 693; x_wconf 76' lang='lat' dir='ltr'><strong>summam</strong></span> <span class='ocrx_word' id='word_1_35' title='bbox 1077 611 1200 682; x_wconf 85' lang='lat' dir='ltr'><strong>ejus</strong></span> <span class='ocrx_word' id='word_1_36' title='bbox 1232 610 1327 680; x_wconf 90' lang='lat' dir='ltr'><strong>qui</strong></span> <span class='ocrx_word' id='word_1_37' title='bbox 1362 609 1565 665; x_wconf 88' lang='lat' dir='ltr'><strong>deitate</strong></span> <span class='ocrx_word' id='word_1_38' title='bbox 1612 607 1851 663; x_wconf 81' lang='lat' dir='ltr'><strong>donatur</strong></span> <span class='ocrx_word' id='word_1_39' title='bbox 1884 621 2010 660; x_wconf 91' lang='lat' dir='ltr'><strong>cum</strong></span> 
     </span>
    </p>
   </div>
   <div class='ocr_carea' id='block_1_8' title="bbox 409 698 2009 771">
    <p class='ocr_par' dir='ltr' id='par_1_8' title="bbox 409 698 2009 771">
     <span class='ocr_line' id='line_1_8' title="bbox 409 698 2009 771; baseline -0.008 -12"><span class='ocrx_word' id='word_1_40' title='bbox 409 706 543 769; x_wconf 90' lang='lat' dir='ltr'><strong>Deo,</strong></span> <span class='ocrx_word' id='word_1_41' title='bbox 582 703 801 757; x_wconf 86' lang='lat' dir='ltr'><strong>ratione</strong></span> <span class='ocrx_word' id='word_1_42' title='bbox 839 702 994 767; x_wconf 91' lang='lat' dir='ltr'><strong>boni,</strong></span> <span class='ocrx_word' id='word_1_43' title='bbox 1035 699 1218 771; x_wconf 85' lang='lat' dir='ltr'><strong>quoad</strong></span> <span class='ocrx_word' id='word_1_44' title='bbox 1268 698 1481 753; x_wconf 85' lang='lat' dir='ltr'><strong>homini</strong></span> <span class='ocrx_word' id='word_1_45' title='bbox 1526 711 1849 752; x_wconf 89' lang='lat' dir='ltr'><strong>concessum</strong></span> <span class='ocrx_word' id='word_1_46' title='bbox 1889 703 2009 759; x_wconf 88' lang='lat' dir='ltr'><strong>est,</strong></span> 
     </span>
    </p>
   </div>
   <div class='ocr_carea' id='block_1_9' title="bbox 408 788 2013 864">
    <p class='ocr_par' dir='ltr' id='par_1_9' title="bbox 408 788 2013 864">
     <span class='ocr_line' id='line_1_9' title="bbox 408 788 2013 864; baseline -0.007 -11"><span class='ocrx_word' id='word_1_47' title='bbox 408 796 870 861; x_wconf 76' lang='lat' dir='ltr'><strong>similitudinem;</strong></span> <span class='ocrx_word' id='word_1_48' title='bbox 920 808 1087 864; x_wconf 87' lang='lat' dir='ltr'><strong>quam</strong></span> <span class='ocrx_word' id='word_1_49' title='bbox 1129 799 1394 863; x_wconf 66' lang='lat' dir='ltr'><strong>praastare</strong></span> <span class='ocrx_word' id='word_1_50' title='bbox 1424 790 1701 853; x_wconf 81' lang='lat' dir='ltr'><strong>existimo,</strong></span> <span class='ocrx_word' id='word_1_51' title='bbox 1734 790 1839 842; x_wconf 91' lang='lat' dir='ltr'><strong>hoc</strong></span> <span class='ocrx_word' id='word_1_52' title='bbox 1863 788 2013 858; x_wconf 92' lang='lat' dir='ltr'><strong>quod</strong></span> 
     </span>
    </p>
   </div>
   <div class='ocr_carea' id='block_1_10' title="bbox 407 883 2013 961">
    <p class='ocr_par' dir='ltr' id='par_1_10' title="bbox 407 883 2013 961">
     <span class='ocr_line' id='line_1_10' title="bbox 407 883 2013 961; baseline -0.006 -14"><span class='ocrx_word' id='word_1_53' title='bbox 407 900 513 957; x_wconf 90' lang='lat' dir='ltr'><strong>est,</strong></span> <span class='ocrx_word' id='word_1_54' title='bbox 535 890 777 961; x_wconf 88' lang='lat' dir='ltr'><strong>Diligere</strong></span> <span class='ocrx_word' id='word_1_55' title='bbox 802 890 1103 944; x_wconf 88' lang='lat' dir='ltr'><strong>Dominum</strong></span> <span class='ocrx_word' id='word_1_56' title='bbox 1125 889 1299 944; x_wconf 90' lang='lat' dir='ltr'><strong>Deum</strong></span> <span class='ocrx_word' id='word_1_57' title='bbox 1323 903 1393 942; x_wconf 75' lang='lat' dir='ltr'><strong>ex</strong></span> <span class='ocrx_word' id='word_1_58' title='bbox 1422 893 1540 940; x_wconf 90' lang='lat' dir='ltr'><strong>toto</strong></span> <span class='ocrx_word' id='word_1_59' title='bbox 1564 884 1732 941; x_wconf 90' lang='lat' dir='ltr'><strong>corde</strong></span> <span class='ocrx_word' id='word_1_60' title='bbox 1751 896 1810 941; x_wconf 90' lang='lat' dir='ltr'><strong>et</strong></span> <span class='ocrx_word' id='word_1_61' title='bbox 1829 883 2013 939; x_wconf 81' lang='lat' dir='ltr'><strong>anima</strong></span> 
     </span>
    </p>
   </div>
   <div class='ocr_carea' id='block_1_11' title="bbox 410 976 1726 1051">
    <p class='ocr_par' dir='ltr' id='par_1_11' title="bbox 410 976 1726 1051">
     <span class='ocr_line' id='line_1_11' title="bbox 410 976 1726 1051; baseline -0.008 -10"><span class='ocrx_word' id='word_1_62' title='bbox 410 991 467 1041; x_wconf 90' lang='lat' dir='ltr'><strong>et</strong></span> <span class='ocrx_word' id='word_1_63' title='bbox 493 984 739 1048; x_wconf 86' lang='lat' dir='ltr'><strong>virtute;</strong></span> <span class='ocrx_word' id='word_1_64' title='bbox 771 988 829 1037; x_wconf 92' lang='lat' dir='ltr'><strong>et</strong></span> <span class='ocrx_word' id='word_1_65' title='bbox 857 981 1168 1051; x_wconf 81' lang='lat' dir='ltr'><strong>proximum</strong></span> <span class='ocrx_word' id='word_1_66' title='bbox 1206 980 1351 1034; x_wconf 82' lang='lat' dir='ltr'><strong>sicut</strong></span> <span class='ocrx_word' id='word_1_67' title='bbox 1383 979 1626 1048; x_wconf 89' lang='lat' dir='ltr'><strong>seipsum</strong></span> <span class='ocrx_word' id='word_1_68' title='bbox 1660 976 1726 1031; x_wconf 69' lang='grc' dir='ltr'><strong>υ.</strong></span> 
     </span>
    </p>
   </div>
   <div class='ocr_carea' id='block_1_12' title="bbox 485 1070 2019 1139">
    <p class='ocr_par' dir='ltr' id='par_1_12' title="bbox 485 1070 2019 1139">
     <span class='ocr_line' id='line_1_12' title="bbox 485 1070 2019 1139; baseline -0.003 -12"><span class='ocrx_word' id='word_1_69' title='bbox 485 1073 577 1127; x_wconf 78' lang='lat'><strong>&#39;50.</strong></span> <span class='ocrx_word' id='word_1_70' title='bbox 636 1072 1056 1128; x_wconf 85' lang='lat' dir='ltr'><strong>Observandum</strong></span> <span class='ocrx_word' id='word_1_71' title='bbox 1100 1070 1404 1133; x_wconf 85' lang='lat' dir='ltr'><strong>diabolum,</strong></span> <span class='ocrx_word' id='word_1_72' title='bbox 1432 1070 1563 1125; x_wconf 90' lang='lat' dir='ltr'><strong>dolo</strong></span> <span class='ocrx_word' id='word_1_73' title='bbox 1587 1078 1768 1125; x_wconf 88' lang='lat' dir='ltr'><strong>astute</strong></span> <span class='ocrx_word' id='word_1_74' title='bbox 1791 1083 2019 1139; x_wconf 89' lang='lat' dir='ltr'><strong>compo-</strong></span> 
     </span>
    </p>
   </div>
   <div class='ocr_carea' id='block_1_13' title="bbox 415 1159 2016 1235">
    <p class='ocr_par' dir='ltr' id='par_1_13' title="bbox 415 1159 2016 1235">
     <span class='ocr_line' id='line_1_13' title="bbox 415 1159 2016 1235; baseline -0.004 -15"><span class='ocrx_word' id='word_1_75' title='bbox 415 1165 547 1230; x_wconf 89' lang='lat' dir='ltr'><strong>sito,</strong></span> <span class='ocrx_word' id='word_1_76' title='bbox 583 1180 684 1235; x_wconf 89' lang='lat' dir='ltr'><strong>per</strong></span> <span class='ocrx_word' id='word_1_77' title='bbox 715 1165 1004 1233; x_wconf 72' lang='grc' dir='ltr'>φιλαυτίαν</span> <span class='ocrx_word' id='word_1_78' title='bbox 1041 1163 1268 1233; x_wconf 64' lang='lat' dir='ltr'><strong>(aecum</strong></span> <span class='ocrx_word' id='word_1_79' title='bbox 1295 1161 1511 1217; x_wconf 81' lang='lat' dir='ltr'><strong>scilicet</strong></span> <span class='ocrx_word' id='word_1_80' title='bbox 1532 1177 1598 1216; x_wconf 88' lang='lat' dir='ltr'><strong>ac</strong></span> <span class='ocrx_word' id='word_1_81' title='bbox 1621 1160 1905 1215; x_wconf 85' lang='lat' dir='ltr'><strong>carnalem</strong></span> <span class='ocrx_word' id='word_1_82' title='bbox 1927 1159 2016 1215; x_wconf 87' lang='lat' dir='ltr'><strong>sui</strong></span> 
     </span>
    </p>
   </div>
   <div class='ocr_carea' id='block_1_14' title="bbox 416 1252 2012 1328">
    <p class='ocr_par' dir='ltr' id='par_1_14' title="bbox 416 1252 2012 1328">
     <span class='ocr_line' id='line_1_14' title="bbox 416 1252 2012 1328; baseline -0.005 -14"><span class='ocrx_word' id='word_1_83' title='bbox 416 1257 686 1328; x_wconf 88' lang='lat' dir='ltr'><strong>amorem)</strong></span> <span class='ocrx_word' id='word_1_84' title='bbox 734 1256 1037 1326; x_wconf 83' lang='lat' dir='ltr'><strong>voluptatis</strong></span> <span class='ocrx_word' id='word_1_85' title='bbox 1069 1255 1292 1326; x_wconf 87' lang='lat' dir='ltr'><strong>objectu</strong></span> <span class='ocrx_word' id='word_1_86' title='bbox 1347 1252 1666 1309; x_wconf 88' lang='lat' dir='ltr'><strong>seducendo</strong></span> <span class='ocrx_word' id='word_1_87' title='bbox 1699 1252 2012 1318; x_wconf 88' lang='lat' dir='ltr'><strong>hominem,</strong></span> 
     </span>
    </p>
   </div>
   <div class='ocr_carea' id='block_1_15' title="bbox 416 1342 2018 1421">
    <p class='ocr_par' dir='ltr' id='par_1_15' title="bbox 416 1342 2018 1421">
     <span class='ocr_line' id='line_1_15' title="bbox 416 1342 2018 1421; baseline -0.004 -16"><span class='ocrx_word' id='word_1_88' title='bbox 416 1350 598 1421; x_wconf 88' lang='lat' dir='ltr'><strong>ipsum</strong></span> <span class='ocrx_word' id='word_1_89' title='bbox 633 1348 799 1418; x_wconf 79' lang='lat'><strong>518</strong></span> <span class='ocrx_word' id='word_1_90' title='bbox 830 1363 861 1402; x_wconf 90' lang='lat' dir='ltr'><strong>a</strong></span> <span class='ocrx_word' id='word_1_91' title='bbox 892 1348 1028 1410; x_wconf 90' lang='lat' dir='ltr'><strong>Deo,</strong></span> <span class='ocrx_word' id='word_1_92' title='bbox 1059 1346 1308 1415; x_wconf 88' lang='lat' dir='ltr'><strong>aliosque</strong></span> <span class='ocrx_word' id='word_1_93' title='bbox 1336 1345 1407 1399; x_wconf 90' lang='lat' dir='ltr'><strong>ab</strong></span> <span class='ocrx_word' id='word_1_94' title='bbox 1450 1344 1595 1409; x_wconf 89' lang='lat' dir='ltr'><strong>aliis,</strong></span> <span class='ocrx_word' id='word_1_95' title='bbox 1642 1342 2018 1415; x_wconf 79' lang='lat' dir='ltr'><strong>pugnantibus</strong></span> 
     </span>
    </p>
   </div>
   <div class='ocr_carea' id='block_1_16' title="bbox 417 1434 2017 1509">
    <p class='ocr_par' dir='ltr' id='par_1_16' title="bbox 417 1434 2017 1509">
     <span class='ocr_line' id='line_1_16' title="bbox 417 1434 2017 1509; baseline -0.005 -13"><span class='ocrx_word' id='word_1_96' title='bbox 417 1441 616 1496; x_wconf 89' lang='lat' dir='ltr'><strong>animis</strong></span> <span class='ocrx_word' id='word_1_97' title='bbox 638 1455 704 1495; x_wconf 91' lang='lat' dir='ltr'><strong>ac</strong></span> <span class='ocrx_word' id='word_1_98' title='bbox 732 1438 1028 1496; x_wconf 86' lang='lat' dir='ltr'><strong>sententiis</strong></span> <span class='ocrx_word' id='word_1_99' title='bbox 1059 1436 1429 1509; x_wconf 79' lang='lat' dir='ltr'><strong>disjunxisse;</strong></span> <span class='ocrx_word' id='word_1_100' title='bbox 1459 1450 1721 1505; x_wconf 89' lang='lat' dir='ltr'><strong>perversa</strong></span> <span class='ocrx_word' id='word_1_101' title='bbox 1750 1434 2017 1489; x_wconf 87' lang='lat' dir='ltr'><strong>nimirum</strong></span> 
     </span>
    </p>
   </div>
   <div class='ocr_carea' id='block_1_17' title="bbox 418 1526 2019 1600">
    <p class='ocr_par' dir='ltr' id='par_1_17' title="bbox 418 1526 2019 1600">
     <span class='ocr_line' id='line_1_17' title="bbox 418 1526 2019 1600; baseline -0.004 -14"><span class='ocrx_word' id='word_1_102' title='bbox 418 1531 778 1597; x_wconf 84' lang='lat' dir='ltr'><strong>rectitudine,</strong></span> <span class='ocrx_word' id='word_1_103' title='bbox 824 1531 992 1600; x_wconf 90' lang='lat' dir='ltr'><strong>inque</strong></span> <span class='ocrx_word' id='word_1_104' title='bbox 1039 1529 1191 1583; x_wconf 89' lang='lat' dir='ltr'><strong>hunc</strong></span> <span class='ocrx_word' id='word_1_105' title='bbox 1228 1528 1453 1583; x_wconf 92' lang='lat' dir='ltr'><strong>modum</strong></span> <span class='ocrx_word' id='word_1_106' title='bbox 1482 1526 1659 1582; x_wconf 89' lang='lat' dir='ltr'><strong>divisa</strong></span> <span class='ocrx_word' id='word_1_107' title='bbox 1700 1535 1922 1591; x_wconf 88' lang='lat' dir='ltr'><strong>natura,</strong></span> <span class='ocrx_word' id='word_1_108' title='bbox 1952 1540 2019 1580; x_wconf 89' lang='lat' dir='ltr'><strong>ac</strong></span> 
     </span>
    </p>
   </div>
   <div class='ocr_carea' id='block_1_18' title="bbox 421 1616 1589 1691">
    <p class='ocr_par' dir='ltr' id='par_1_18' title="bbox 421 1616 1589 1691">
     <span class='ocr_line' id='line_1_18' title="bbox 421 1616 1589 1691; baseline -0.003 -16"><span class='ocrx_word' id='word_1_109' title='bbox 421 1623 479 1677; x_wconf 88' lang='lat' dir='ltr'><strong>in</strong></span> <span class='ocrx_word' id='word_1_110' title='bbox 509 1623 708 1677; x_wconf 90' lang='lat' dir='ltr'><strong>multas</strong></span> <span class='ocrx_word' id='word_1_111' title='bbox 733 1621 1025 1691; x_wconf 88' lang='lat' dir='ltr'><strong>opiniones</strong></span> <span class='ocrx_word' id='word_1_112' title='bbox 1051 1618 1374 1690; x_wconf 89' lang='lat' dir='ltr'><strong>judiciaque</strong></span> <span class='ocrx_word' id='word_1_113' title='bbox 1396 1616 1589 1672; x_wconf 89' lang='lat' dir='ltr'><strong>scissa.</strong></span> 
     </span>
    </p>
   </div>
   <div class='ocr_carea' id='block_1_19' title="bbox 491 1703 2017 1777">
    <p class='ocr_par' dir='ltr' id='par_1_19' title="bbox 491 1703 2017 1777">
     <span class='ocr_line' id='line_1_19' title="bbox 491 1703 2017 1777; baseline -0.007 -11"><span class='ocrx_word' id='word_1_114' title='bbox 491 1712 579 1766; x_wconf 79' lang='lat' dir='ltr'><strong>5i.</strong></span> <span class='ocrx_word' id='word_1_115' title='bbox 614 1710 755 1765; x_wconf 69' lang='lat' dir='ltr'><strong>Tria</strong></span> <span class='ocrx_word' id='word_1_116' title='bbox 779 1717 909 1765; x_wconf 90' lang='lat' dir='ltr'><strong>sunt</strong></span> <span class='ocrx_word' id='word_1_117' title='bbox 957 1707 1196 1763; x_wconf 81' lang='lat' dir='ltr'><strong>maxima</strong></span> <span class='ocrx_word' id='word_1_118' title='bbox 1236 1714 1294 1762; x_wconf 91' lang='lat' dir='ltr'><strong>et</strong></span> <span class='ocrx_word' id='word_1_119' title='bbox 1329 1704 1663 1777; x_wconf 85' lang='lat' dir='ltr'><strong>primigenia</strong></span> <span class='ocrx_word' id='word_1_120' title='bbox 1690 1703 1865 1770; x_wconf 87' lang='lat' dir='ltr'><strong>vitia;</strong></span> <span class='ocrx_word' id='word_1_121' title='bbox 1894 1717 2017 1758; x_wconf 83' lang='lat' dir='ltr'><strong>om-</strong></span> 
     </span>
    </p>
   </div>
   <div class='ocr_carea' id='block_1_20' title="bbox 2114 508 3699 582">
    <p class='ocr_par' dir='ltr' id='par_1_20' title="bbox 2114 508 3699 582">
     <span class='ocr_line' id='line_1_20' title="bbox 2114 508 3699 582; baseline 0.003 -19"><span class='ocrx_word' id='word_1_122' title='bbox 2114 512 2208 563; x_wconf 77' lang='lat' dir='ltr'><strong>xatl</strong></span> <span class='ocrx_word' id='word_1_123' title='bbox 2233 510 2309 573; x_wconf 78' lang='grc' dir='ltr'><strong>ὡς</strong></span> <span class='ocrx_word' id='word_1_124' title='bbox 2347 509 2635 576; x_wconf 82' lang='grc' dir='ltr'>ἄνθρωπον</span> <span class='ocrx_word' id='word_1_125' title='bbox 2665 510 2758 563; x_wconf 79' lang='grc' dir='ltr'>τὸν</span> <span class='ocrx_word' id='word_1_126' title='bbox 2787 511 3020 580; x_wconf 79' lang='grc' dir='ltr'>ποιητὴν</span> <span class='ocrx_word' id='word_1_127' title='bbox 3050 510 3159 563; x_wconf 88' lang='grc' dir='ltr'><strong>τῶν</strong></span> <span class='ocrx_word' id='word_1_128' title='bbox 3189 508 3496 580; x_wconf 82' lang='grc' dir='ltr'>ἀνθρώπων</span> <span class='ocrx_word' id='word_1_129' title='bbox 3526 513 3699 582; x_wconf 82' lang='grc' dir='ltr'>φανῆ-</span> 
     </span>
    </p>
   </div>
   <div class='ocr_carea' id='block_1_21' title="bbox 2113 598 3705 673">
    <p class='ocr_par' dir='ltr' id='par_1_21' title="bbox 2113 598 3705 673">
     <span class='ocr_line' id='line_1_21' title="bbox 2113 598 3705 673; baseline 0.001 -21"><span class='ocrx_word' id='word_1_130' title='bbox 2113 617 2204 653; x_wconf 90' lang='grc' dir='ltr'><strong>ναι</strong></span> <span class='ocrx_word' id='word_1_131' title='bbox 2233 599 2758 668; x_wconf 82' lang='grc' dir='ltr'>παρασκευάζουσα.</span> <span class='ocrx_word' id='word_1_132' title='bbox 2811 599 2902 653; x_wconf 75' lang='grc' dir='ltr'>διὰ</span> <span class='ocrx_word' id='word_1_133' title='bbox 2944 600 3044 669; x_wconf 79' lang='grc' dir='ltr'>τὴν</span> <span class='ocrx_word' id='word_1_134' title='bbox 3080 598 3177 653; x_wconf 82' lang='grc' dir='ltr'>τοῦ</span> <span class='ocrx_word' id='word_1_135' title='bbox 3228 599 3533 669; x_wconf 75' lang='grc' dir='ltr'>θεουμὲνου,</span> <span class='ocrx_word' id='word_1_136' title='bbox 3562 602 3705 673; x_wconf 81' lang='grc' dir='ltr'>πρὸς</span> 
     </span>
    </p>
   </div>
   <div class='ocr_carea' id='block_1_22' title="bbox 2112 690 3702 765">
    <p class='ocr_par' dir='ltr' id='par_1_22' title="bbox 2112 690 3702 765">
     <span class='ocr_line' id='line_1_22' title="bbox 2112 690 3702 765; baseline 0.003 -23"><span class='ocrx_word' id='word_1_137' title='bbox 2112 690 2206 744; x_wconf 75' lang='grc' dir='ltr'><strong>τὸν</strong></span> <span class='ocrx_word' id='word_1_138' title='bbox 2238 690 2374 743; x_wconf 86' lang='grc' dir='ltr'>Θεὸν</span> <span class='ocrx_word' id='word_1_139' title='bbox 2432 690 2577 744; x_wconf 88' lang='grc' dir='ltr'><strong>κατά</strong></span> <span class='ocrx_word' id='word_1_140' title='bbox 2630 690 2692 743; x_wconf 79' lang='grc' dir='ltr'>τὸ</span> <span class='ocrx_word' id='word_1_141' title='bbox 2739 690 2944 759; x_wconf 82' lang='grc' dir='ltr'>ἀγαθὸν</span> <span class='ocrx_word' id='word_1_142' title='bbox 2993 691 3071 754; x_wconf 84' lang='grc' dir='ltr'><strong>ὡς</strong></span> <span class='ocrx_word' id='word_1_143' title='bbox 3120 692 3344 760; x_wconf 73' lang='grc' dir='ltr'>ἐφικτὸν</span> <span class='ocrx_word' id='word_1_144' title='bbox 3403 692 3702 765; x_wconf 78' lang='grc' dir='ltr'><strong>ἀνθρώπῳ,</strong></span> 
     </span>
    </p>
   </div>
   <div class='ocr_carea' id='block_1_23' title="bbox 2112 776 3708 857">
    <p class='ocr_par' dir='ltr' id='par_1_23' title="bbox 2112 776 3708 857">
     <span class='ocr_line' id='line_1_23' title="bbox 2112 776 3708 857; baseline 0.003 -20"><span class='ocrx_word' id='word_1_145' title='bbox 2112 782 2537 854; x_wconf 79' lang='grc' dir='ltr'>ἀπαραλλαξίαν</span> <span class='ocrx_word' id='word_1_146' title='bbox 2562 800 2575 814; x_wconf 89' lang='grc'>·</span> <span class='ocrx_word' id='word_1_147' title='bbox 2609 783 2676 855; x_wconf 77' lang='grc' dir='ltr'><strong>ἢν</strong></span> <span class='ocrx_word' id='word_1_148' title='bbox 2709 776 2959 854; x_wconf 76' lang='grc' dir='ltr'>ἐνεργεῖν</span> <span class='ocrx_word' id='word_1_149' title='bbox 3005 783 3378 855; x_wconf 78' lang='grc' dir='ltr'>ὑπολαμϐάνω</span> <span class='ocrx_word' id='word_1_150' title='bbox 3414 786 3499 851; x_wconf 80' lang='grc' dir='ltr'>τὸ,</span> <span class='ocrx_word' id='word_1_151' title='bbox 3537 787 3708 857; x_wconf 83' lang='grc' dir='ltr'>’Δγα-</span> 
     </span>
    </p>
   </div>
   <div class='ocr_carea' id='block_1_24' title="bbox 2115 874 3706 950">
    <p class='ocr_par' dir='ltr' id='par_1_24' title="bbox 2115 874 3706 950">
     <span class='ocr_line' id='line_1_24' title="bbox 2115 874 3706 950; baseline 0.004 -22"><span class='ocrx_word' id='word_1_152' title='bbox 2115 878 2290 947; x_wconf 77' lang='grc' dir='ltr'>πῆσαι</span> <span class='ocrx_word' id='word_1_153' title='bbox 2319 875 2527 946; x_wconf 77' lang='grc' dir='ltr'>Κύριον</span> <span class='ocrx_word' id='word_1_154' title='bbox 2554 875 2646 929; x_wconf 82' lang='grc' dir='ltr'>τὸν</span> <span class='ocrx_word' id='word_1_155' title='bbox 2677 875 2814 930; x_wconf 78' lang='grc' dir='ltr'>Θεὸν</span> <span class='ocrx_word' id='word_1_156' title='bbox 2847 876 2909 943; x_wconf 80' lang='grc' dir='ltr'><strong>ὲξ</strong></span> <span class='ocrx_word' id='word_1_157' title='bbox 2951 875 3083 947; x_wconf 84' lang='grc' dir='ltr'>ὅλης</span> <span class='ocrx_word' id='word_1_158' title='bbox 3111 874 3366 948; x_wconf 80' lang='grc' dir='ltr'><strong>καρδίας,</strong></span> <span class='ocrx_word' id='word_1_159' title='bbox 3391 875 3488 932; x_wconf 80' lang='grc' dir='ltr'>καὶ</span> <span class='ocrx_word' id='word_1_160' title='bbox 3518 876 3706 950; x_wconf 74' lang='grc' dir='ltr'>ψυχῆς</span> 
     </span>
    </p>
   </div>
   <div class='ocr_carea' id='block_1_25' title="bbox 2114 967 3421 1039">
    <p class='ocr_par' dir='ltr' id='par_1_25' title="bbox 2114 967 3421 1039">
     <span class='ocr_line' id='line_1_25' title="bbox 2114 967 3421 1039; baseline 0.002 -18"><span class='ocrx_word' id='word_1_161' title='bbox 2114 968 2210 1022; x_wconf 78' lang='grc' dir='ltr'>καὶ</span> <span class='ocrx_word' id='word_1_162' title='bbox 2233 967 2518 1039; x_wconf 81' lang='grc' dir='ltr'>δυνάμεως</span> <span class='ocrx_word' id='word_1_163' title='bbox 2542 982 2557 996; x_wconf 91' lang='grc'><strong>·</strong></span> <span class='ocrx_word' id='word_1_164' title='bbox 2587 967 2688 1023; x_wconf 75' lang='grc' dir='ltr'>καὶ</span> <span class='ocrx_word' id='word_1_165' title='bbox 2708 967 2800 1021; x_wconf 80' lang='grc' dir='ltr'>τὸν</span> <span class='ocrx_word' id='word_1_166' title='bbox 2835 967 3067 1038; x_wconf 97' lang='grc' dir='ltr'>πλησίον</span> <span class='ocrx_word' id='word_1_167' title='bbox 3100 968 3177 1029; x_wconf 82' lang='grc' dir='ltr'>ὡς</span> <span class='ocrx_word' id='word_1_168' title='bbox 3206 967 3421 1023; x_wconf 77' lang='grc' dir='ltr'>ἑαυτόν.</span> 
     </span>
    </p>
   </div>
   <div class='ocr_carea' id='block_1_26' title="bbox 2185 1058 3712 1134">
    <p class='ocr_par' dir='ltr' id='par_1_26' title="bbox 2185 1058 3712 1134">
     <span class='ocr_line' id='line_1_26' title="bbox 2185 1058 3712 1134; baseline 0.002 -22"><span class='ocrx_word' id='word_1_169' title='bbox 2185 1058 2252 1113; x_wconf 79' lang='grc' dir='ltr'><strong>λ’.</strong></span> <span class='ocrx_word' id='word_1_170' title='bbox 2297 1059 2519 1122; x_wconf 80' lang='grc' dir='ltr'>Ἰστέον,</span> <span class='ocrx_word' id='word_1_171' title='bbox 2553 1059 2631 1124; x_wconf 83' lang='grc' dir='ltr'>ὡς</span> <span class='ocrx_word' id='word_1_172' title='bbox 2681 1059 2820 1131; x_wconf 84' lang='grc' dir='ltr'>δόλῳ</span> <span class='ocrx_word' id='word_1_173' title='bbox 2874 1060 3209 1132; x_wconf 79' lang='grc' dir='ltr'><strong>κακούργως</strong></span> <span class='ocrx_word' id='word_1_174' title='bbox 3259 1059 3712 1134; x_wconf 81' lang='grc' dir='ltr'>μεμηχανημὲνῳ</span> 
     </span>
    </p>
   </div>
   <div class='ocr_carea' id='block_1_27' title="bbox 2115 1149 3709 1225">
    <p class='ocr_par' dir='ltr' id='par_1_27' title="bbox 2115 1149 3709 1225">
     <span class='ocr_line' id='line_1_27' title="bbox 2115 1149 3709 1225; baseline 0.003 -22"><span class='ocrx_word' id='word_1_175' title='bbox 2115 1149 2205 1204; x_wconf 83' lang='grc' dir='ltr'>διὰ</span> <span class='ocrx_word' id='word_1_176' title='bbox 2250 1150 2560 1221; x_wconf 82' lang='grc' dir='ltr'><strong>φιλαυτίας,</strong></span> <span class='ocrx_word' id='word_1_177' title='bbox 2613 1151 2738 1204; x_wconf 85' lang='grc' dir='ltr'>καθ’</span> <span class='ocrx_word' id='word_1_178' title='bbox 2793 1151 2992 1225; x_wconf 78' lang='grc' dir='ltr'>ἡδονῆς</span> <span class='ocrx_word' id='word_1_179' title='bbox 3051 1151 3365 1223; x_wconf 79' lang='grc' dir='ltr'>προσϐολὴν</span> <span class='ocrx_word' id='word_1_180' title='bbox 3412 1154 3709 1225; x_wconf 73' lang='grc' dir='ltr'>ἀπατήσας</span> 
     </span>
    </p>
   </div>
   <div class='ocr_carea' id='block_1_28' title="bbox 2115 1241 3711 1316">
    <p class='ocr_par' dir='ltr' id='par_1_28' title="bbox 2115 1241 3711 1316">
     <span class='ocr_line' id='line_1_28' title="bbox 2115 1241 3711 1316; baseline 0 -19"><span class='ocrx_word' id='word_1_181' title='bbox 2115 1245 2268 1315; x_wconf 78' lang='grc' dir='ltr'>ἡμᾶς</span> <span class='ocrx_word' id='word_1_182' title='bbox 2304 1246 2333 1298; x_wconf 87' lang='grc' dir='ltr'>ὁ</span> <span class='ocrx_word' id='word_1_183' title='bbox 2388 1243 2658 1309; x_wconf 78' lang='grc' dir='ltr'>διάϐολος,</span> <span class='ocrx_word' id='word_1_184' title='bbox 2690 1242 2829 1297; x_wconf 81' lang='grc' dir='ltr'>Θεοῦ</span> <span class='ocrx_word' id='word_1_185' title='bbox 2872 1245 2972 1299; x_wconf 65' lang='grc' dir='ltr'><strong>καί</strong></span> <span class='ocrx_word' id='word_1_186' title='bbox 3002 1241 3252 1314; x_wconf 82' lang='grc' dir='ltr'>ἀλλήλων</span> <span class='ocrx_word' id='word_1_187' title='bbox 3303 1243 3450 1298; x_wconf 84' lang='grc' dir='ltr'><strong>κατά</strong></span> <span class='ocrx_word' id='word_1_188' title='bbox 3479 1243 3711 1316; x_wconf 81' lang='grc' dir='ltr'>γνώμην</span> 
     </span>
    </p>
   </div>
   <div class='ocr_carea' id='block_1_29' title="bbox 2115 1332 3714 1407">
    <p class='ocr_par' dir='ltr' id='par_1_29' title="bbox 2115 1332 3714 1407">
     <span class='ocr_line' id='line_1_29' title="bbox 2115 1332 3714 1407; baseline 0 -17"><span class='ocrx_word' id='word_1_189' title='bbox 2115 1335 2391 1407; x_wconf 83' lang='grc' dir='ltr'><strong>διέστησε,</strong></span> <span class='ocrx_word' id='word_1_190' title='bbox 2428 1336 2490 1390; x_wconf 84' lang='grc' dir='ltr'><strong>τὺ</strong></span> <span class='ocrx_word' id='word_1_191' title='bbox 2519 1335 2677 1400; x_wconf 82' lang='grc' dir='ltr'>εὑθὲς</span> <span class='ocrx_word' id='word_1_192' title='bbox 2705 1334 3063 1407; x_wconf 73' lang='grc' dir='ltr'><strong>διαπρέψας,</strong></span> <span class='ocrx_word' id='word_1_193' title='bbox 3094 1333 3192 1389; x_wconf 76' lang='grc' dir='ltr'>καὶ</span> <span class='ocrx_word' id='word_1_194' title='bbox 3233 1332 3335 1404; x_wconf 83' lang='grc' dir='ltr'><strong>τὴν</strong></span> <span class='ocrx_word' id='word_1_195' title='bbox 3362 1332 3525 1402; x_wconf 85' lang='grc' dir='ltr'>φύσιν</span> <span class='ocrx_word' id='word_1_196' title='bbox 3562 1335 3714 1390; x_wconf 81' lang='grc' dir='ltr'>κατὰ</span> 
     </span>
    </p>
   </div>
   <div class='ocr_carea' id='block_1_30' title="bbox 2116 1426 3715 1501">
    <p class='ocr_par' dir='ltr' id='par_1_30' title="bbox 2116 1426 3715 1501">
     <span class='ocr_line' id='line_1_30' title="bbox 2116 1426 3715 1501; baseline 0 -17"><span class='ocrx_word' id='word_1_197' title='bbox 2116 1430 2211 1485; x_wconf 81' lang='grc' dir='ltr'>τὸν</span> <span class='ocrx_word' id='word_1_198' title='bbox 2241 1430 2448 1501; x_wconf 79' lang='grc' dir='ltr'>τρόπον</span> <span class='ocrx_word' id='word_1_199' title='bbox 2484 1430 2675 1484; x_wconf 81' lang='grc' dir='ltr'>τοῦτον</span> <span class='ocrx_word' id='word_1_200' title='bbox 2704 1429 2962 1501; x_wconf 76' lang='grc' dir='ltr'>μερίσας,</span> <span class='ocrx_word' id='word_1_201' title='bbox 2998 1428 3095 1483; x_wconf 79' lang='grc' dir='ltr'>καὶ</span> <span class='ocrx_word' id='word_1_202' title='bbox 3121 1426 3555 1496; x_wconf 83' lang='grc' dir='ltr'>κατατεμὼν-είς</span> <span class='ocrx_word' id='word_1_203' title='bbox 3585 1429 3715 1484; x_wconf 84' lang='grc' dir='ltr'>πολ·</span> 
     </span>
    </p>
   </div>
   <div class='ocr_carea' id='block_1_31' title="bbox 2119 1522 2890 1594">
    <p class='ocr_par' dir='ltr' id='par_1_31' title="bbox 2119 1522 2890 1594">
     <span class='ocr_line' id='line_1_31' title="bbox 2119 1522 2890 1594; baseline 0.006 -20"><span class='ocrx_word' id='word_1_204' title='bbox 2119 1523 2219 1586; x_wconf 83' lang='grc' dir='ltr'><strong>λάς</strong></span> <span class='ocrx_word' id='word_1_205' title='bbox 2248 1522 2409 1588; x_wconf 82' lang='grc' dir='ltr'>δόξας</span> <span class='ocrx_word' id='word_1_206' title='bbox 2441 1523 2539 1577; x_wconf 79' lang='grc' dir='ltr'>καὶ</span> <span class='ocrx_word' id='word_1_207' title='bbox 2567 1523 2890 1594; x_wconf 82' lang='grc' dir='ltr'>φαντασίας.</span> 
     </span>
    </p>
   </div>
   <div class='ocr_carea' id='block_1_32' title="bbox 2192 1709 3718 1785">
    <p class='ocr_par' dir='ltr' id='par_1_32' title="bbox 2192 1709 3718 1785">
     <span class='ocr_line' id='line_1_32' title="bbox 2192 1709 3718 1785; baseline 0.001 -23"><span class='ocrx_word' id='word_1_208' title='bbox 2192 1709 2295 1763; x_wconf 80' lang='grc' dir='ltr'>λα’.</span> <span class='ocrx_word' id='word_1_209' title='bbox 2329 1709 2473 1781; x_wconf 86' lang='grc' dir='ltr'>Τρία</span> <span class='ocrx_word' id='word_1_210' title='bbox 2510 1710 2628 1766; x_wconf 74' lang='grc' dir='ltr'>ἐστὶ</span> <span class='ocrx_word' id='word_1_211' title='bbox 2656 1710 2727 1765; x_wconf 85' lang='grc' dir='ltr'>τὰ</span> <span class='ocrx_word' id='word_1_212' title='bbox 2754 1711 2991 1784; x_wconf 83' lang='grc' dir='ltr'>μέγιστα</span> <span class='ocrx_word' id='word_1_213' title='bbox 3019 1712 3116 1766; x_wconf 75' lang='grc' dir='ltr'>καὶ</span> <span class='ocrx_word' id='word_1_214' title='bbox 3140 1711 3451 1785; x_wconf 78' lang='grc' dir='ltr'>ἀρχέκακα,</span> <span class='ocrx_word' id='word_1_215' title='bbox 3489 1712 3582 1766; x_wconf 70' lang='grc' dir='ltr'>καὶ</span> <span class='ocrx_word' id='word_1_216' title='bbox 3610 1711 3718 1765; x_wconf 88' lang='grc' dir='ltr'>πά-</span> 
     </span>
    </p>
   </div>
   <div class='ocr_carea' id='block_1_33' title="bbox 408 1798 2023 1874">
    <p class='ocr_par' dir='ltr' id='par_1_33' title="bbox 408 1798 2021 1873">
     <span class='ocr_line' id='line_1_33' title="bbox 408 1798 2021 1873; baseline -0.005 -16"><span class='ocrx_word' id='word_1_217' title='bbox 408 1803 637 1873; x_wconf 78' lang='grc' dir='ltr'>-ιιίειιιιε,</span> <span class='ocrx_word' id='word_1_218' title='bbox 669 1810 730 1856; x_wconf 92' lang='lat' dir='ltr'><strong>ut</strong></span> <span class='ocrx_word' id='word_1_219' title='bbox 760 1801 931 1858; x_wconf 85' lang='lat' dir='ltr'><strong>semel</strong></span> <span class='ocrx_word' id='word_1_220' title='bbox 957 1801 1159 1865; x_wconf 87' lang='lat' dir='ltr'><strong>dicam,</strong></span> <span class='ocrx_word' id='word_1_221' title='bbox 1182 1798 1308 1853; x_wconf 81' lang='lat' dir='ltr'><strong>vitii</strong></span> <span class='ocrx_word' id='word_1_222' title='bbox 1335 1799 1493 1869; x_wconf 81' lang='lat' dir='ltr'><strong>origo</strong></span> <span class='ocrx_word' id='word_1_223' title='bbox 1514 1806 1572 1853; x_wconf 91' lang='lat' dir='ltr'><strong>et</strong></span> <span class='ocrx_word' id='word_1_224' title='bbox 1593 1812 1792 1863; x_wconf 89' lang='lat' dir='ltr'><strong>causa;</strong></span> <span class='ocrx_word' id='word_1_225' title='bbox 1819 1809 2021 1867; x_wconf 88' lang='lat' dir='ltr'><strong>nempe</strong></span> 
     </span>
    </p>
   </div>
   <div class='ocr_carea' id='block_1_34' title="bbox 2136 1798 3715 1874">
    <p class='ocr_par' dir='ltr' id='par_1_34' title="bbox 2136 1800 3715 1874">
     <span class='ocr_line' id='line_1_34' title="bbox 2136 1800 3715 1874; baseline 0.001 -20"><span class='ocrx_word' id='word_1_226' title='bbox 2136 1818 2249 1872; x_wconf 72' lang='grc' dir='ltr'>της,</span> <span class='ocrx_word' id='word_1_227' title='bbox 2268 1800 2458 1865; x_wconf 82' lang='grc' dir='ltr'>ἁπλῶς</span> <span class='ocrx_word' id='word_1_228' title='bbox 2488 1804 2686 1867; x_wconf 83' lang='grc' dir='ltr'>εἰπεῖν,</span> <span class='ocrx_word' id='word_1_229' title='bbox 2714 1803 2918 1867; x_wconf 83' lang='grc' dir='ltr'>κακίας</span> <span class='ocrx_word' id='word_1_230' title='bbox 2948 1804 3249 1874; x_wconf 87' lang='grc' dir='ltr'>γεννητικά</span> <span class='ocrx_word' id='word_1_231' title='bbox 3267 1819 3281 1833; x_wconf 72' lang='grc'><strong>⁸</strong></span> <span class='ocrx_word' id='word_1_232' title='bbox 3312 1805 3527 1873; x_wconf 80' lang='grc' dir='ltr'>ἄγνοια,</span> <span class='ocrx_word' id='word_1_233' title='bbox 3548 1803 3715 1874; x_wconf 77' lang='grc' dir='ltr'>φημὶ,</span> 
     </span>
    </p>
   </div>
   <div class='ocr_carea' id='block_1_35' title="bbox 421 1885 2021 1967">
    <p class='ocr_par' dir='ltr' id='par_1_35' title="bbox 421 1885 2021 1967">
     <span class='ocr_line' id='line_1_35' title="bbox 421 1885 2021 1967; baseline -0.006 -18"><span class='ocrx_word' id='word_1_234' title='bbox 421 1894 755 1967; x_wconf 80' lang='lat' dir='ltr'><strong>ignorantia,</strong></span> <span class='ocrx_word' id='word_1_235' title='bbox 776 1893 1035 1963; x_wconf 81' lang='grc' dir='ltr'>φιλαυτία</span> <span class='ocrx_word' id='word_1_236' title='bbox 1056 1890 1368 1965; x_wconf 87' lang='lat' dir='ltr'><strong>(improbus</strong></span> <span class='ocrx_word' id='word_1_237' title='bbox 1391 1891 1479 1946; x_wconf 91' lang='lat' dir='ltr'><strong>sui</strong></span> <span class='ocrx_word' id='word_1_238' title='bbox 1501 1905 1565 1946; x_wconf 89' lang='lat' dir='ltr'><strong>ac</strong></span> <span class='ocrx_word' id='word_1_239' title='bbox 1585 1888 1825 1945; x_wconf 88' lang='lat' dir='ltr'><strong>carnalis</strong></span> <span class='ocrx_word' id='word_1_240' title='bbox 1845 1885 2021 1959; x_wconf 89' lang='lat' dir='ltr'><strong>amor)</strong></span> 
     </span>
    </p>
   </div>
   <div class='ocr_carea' id='block_1_36' title="bbox 418 1980 2024 2059">
    <p class='ocr_par' dir='ltr' id='par_1_36' title="bbox 418 1980 2024 2059">
     <span class='ocr_line' id='line_1_36' title="bbox 418 1980 2024 2059; baseline -0.005 -17"><span class='ocrx_word' id='word_1_241' title='bbox 418 1995 478 2043; x_wconf 88' lang='lat' dir='ltr'><strong>et</strong></span> <span class='ocrx_word' id='word_1_242' title='bbox 510 1987 796 2059; x_wconf 84' lang='lat' dir='ltr'><strong>tyrannis;</strong></span> <span class='ocrx_word' id='word_1_243' title='bbox 825 2002 858 2041; x_wconf 91' lang='lat' dir='ltr'><strong>a</strong></span> <span class='ocrx_word' id='word_1_244' title='bbox 887 2000 945 2041; x_wconf 90' lang='lat' dir='ltr'><strong>se</strong></span> <span class='ocrx_word' id='word_1_245' title='bbox 990 1986 1257 2039; x_wconf 90' lang='lat' dir='ltr'><strong>nimirum</strong></span> <span class='ocrx_word' id='word_1_246' title='bbox 1306 1992 1503 2040; x_wconf 91' lang='lat' dir='ltr'><strong>mutuo</strong></span> <span class='ocrx_word' id='word_1_247' title='bbox 1529 1981 1853 2053; x_wconf 86' lang='lat' dir='ltr'><strong>pendentia,</strong></span> <span class='ocrx_word' id='word_1_248' title='bbox 1882 1980 2024 2035; x_wconf 87' lang='lat' dir='ltr'><strong>alia-</strong></span> 
     </span>
    </p>
   </div>
   <div class='ocr_carea' id='block_1_37' title="bbox 419 2074 2024 2148">
    <p class='ocr_par' dir='ltr' id='par_1_37' title="bbox 419 2074 2024 2148">
     <span class='ocr_line' id='line_1_37' title="bbox 419 2074 2024 2148; baseline -0.001 -18"><span class='ocrx_word' id='word_1_249' title='bbox 419 2094 527 2148; x_wconf 86' lang='lat' dir='ltr'><strong>que</strong></span> <span class='ocrx_word' id='word_1_250' title='bbox 559 2078 683 2133; x_wconf 90' lang='lat' dir='ltr'><strong>aliis</strong></span> <span class='ocrx_word' id='word_1_251' title='bbox 715 2078 826 2133; x_wconf 86' lang='lat' dir='ltr'><strong>vim</strong></span> <span class='ocrx_word' id='word_1_252' title='bbox 878 2093 944 2132; x_wconf 89' lang='lat' dir='ltr'><strong>ae</strong></span> <span class='ocrx_word' id='word_1_253' title='bbox 988 2077 1426 2132; x_wconf 87' lang='lat' dir='ltr'><strong>stabilimentum</strong></span> <span class='ocrx_word' id='word_1_254' title='bbox 1458 2075 1782 2147; x_wconf 67' lang='lat' dir='ltr'><strong>praebentia.</strong></span> <span class='ocrx_word' id='word_1_255' title='bbox 1814 2075 1897 2130; x_wconf 81' lang='lat' dir='ltr'><strong>Ex</strong></span> <span class='ocrx_word' id='word_1_256' title='bbox 1923 2074 2024 2130; x_wconf 90' lang='lat' dir='ltr'><strong>Dei</strong></span> 
     </span>
    </p>
   </div>
   <div class='ocr_carea' id='block_1_38' title="bbox 420 2167 2026 2243">
    <p class='ocr_par' dir='ltr' id='par_1_38' title="bbox 420 2167 2026 2243">
     <span class='ocr_line' id='line_1_38' title="bbox 420 2167 2026 2243; baseline -0.002 -18"><span class='ocrx_word' id='word_1_257' title='bbox 420 2172 567 2225; x_wconf 89' lang='lat' dir='ltr'><strong>enim</strong></span> <span class='ocrx_word' id='word_1_258' title='bbox 596 2169 932 2243; x_wconf 88' lang='lat' dir='ltr'><strong>ignorantia,</strong></span> <span class='ocrx_word' id='word_1_259' title='bbox 957 2178 1044 2225; x_wconf 90' lang='lat' dir='ltr'><strong>est</strong></span> <span class='ocrx_word' id='word_1_260' title='bbox 1067 2170 1326 2239; x_wconf 80' lang='grc' dir='ltr'>φιλαυτία</span> <span class='ocrx_word' id='word_1_261' title='bbox 1352 2170 1553 2242; x_wconf 80' lang='lat' dir='ltr'><strong>(caecus</strong></span> <span class='ocrx_word' id='word_1_262' title='bbox 1573 2169 1666 2224; x_wconf 89' lang='lat' dir='ltr'><strong>ille</strong></span> <span class='ocrx_word' id='word_1_263' title='bbox 1696 2167 1897 2240; x_wconf 81' lang='lat' dir='ltr'><strong>amor),</strong></span> <span class='ocrx_word' id='word_1_264' title='bbox 1925 2184 2026 2224; x_wconf 81' lang='lat' dir='ltr'><strong>ex-</strong></span> 
     </span>
    </p>
   </div>
   <div class='ocr_carea' id='block_1_39' title="bbox 422 2260 2027 2334">
    <p class='ocr_par' dir='ltr' id='par_1_39' title="bbox 422 2260 2027 2334">
     <span class='ocr_line' id='line_1_39' title="bbox 422 2260 2027 2334; baseline -0.002 -16"><span class='ocrx_word' id='word_1_265' title='bbox 422 2280 532 2334; x_wconf 89' lang='lat' dir='ltr'><strong>que</strong></span> <span class='ocrx_word' id='word_1_266' title='bbox 552 2262 672 2328; x_wconf 90' lang='lat' dir='ltr'><strong>illa,</strong></span> <span class='ocrx_word' id='word_1_267' title='bbox 707 2262 962 2334; x_wconf 83' lang='lat' dir='ltr'><strong>tyrannis</strong></span> <span class='ocrx_word' id='word_1_268' title='bbox 989 2262 1094 2334; x_wconf 85' lang='lat' dir='ltr'><strong>(vis</strong></span> <span class='ocrx_word' id='word_1_269' title='bbox 1123 2261 1340 2317; x_wconf 87' lang='lat' dir='ltr'><strong>scilicet</strong></span> <span class='ocrx_word' id='word_1_270' title='bbox 1375 2260 1587 2332; x_wconf 86' lang='lat' dir='ltr'><strong>iniqua)</strong></span> <span class='ocrx_word' id='word_1_271' title='bbox 1613 2276 1743 2332; x_wconf 83' lang='lat' dir='ltr'><strong>erga</strong></span> <span class='ocrx_word' id='word_1_272' title='bbox 1766 2274 1864 2315; x_wconf 92' lang='lat' dir='ltr'><strong>eos</strong></span> <span class='ocrx_word' id='word_1_273' title='bbox 1887 2274 2027 2330; x_wconf 92' lang='lat' dir='ltr'><strong>quos</strong></span> 
     </span>
    </p>
   </div>
   <div class='ocr_carea' id='block_1_40' title="bbox 423 2351 2025 2427">
    <p class='ocr_par' dir='ltr' id='par_1_40' title="bbox 423 2351 2025 2427">
     <span class='ocr_line' id='line_1_40' title="bbox 423 2351 2025 2427; baseline -0.004 -16"><span class='ocrx_word' id='word_1_274' title='bbox 423 2354 715 2427; x_wconf 90' lang='lat' dir='ltr'><strong>conjungit</strong></span> <span class='ocrx_word' id='word_1_275' title='bbox 754 2353 974 2425; x_wconf 88' lang='lat' dir='ltr'><strong>generis</strong></span> <span class='ocrx_word' id='word_1_276' title='bbox 1002 2353 1253 2424; x_wconf 84' lang='lat' dir='ltr'><strong>ejusdem</strong></span> <span class='ocrx_word' id='word_1_277' title='bbox 1299 2352 1674 2408; x_wconf 83' lang='lat' dir='ltr'><strong>necessitudo.</strong></span> <span class='ocrx_word' id='word_1_278' title='bbox 1721 2351 1838 2407; x_wconf 89' lang='lat' dir='ltr'><strong>Nec</strong></span> <span class='ocrx_word' id='word_1_279' title='bbox 1869 2352 2025 2422; x_wconf 89' lang='lat' dir='ltr'><strong>quis-</strong></span> 
     </span>
    </p>
   </div>
   <div class='ocr_carea' id='block_1_41' title="bbox 423 2444 2027 2518">
    <p class='ocr_par' dir='ltr' id='par_1_41' title="bbox 423 2444 2027 2518">
     <span class='ocr_line' id='line_1_41' title="bbox 423 2444 2027 2518; baseline -0.002 -17"><span class='ocrx_word' id='word_1_280' title='bbox 423 2462 591 2518; x_wconf 90' lang='lat' dir='ltr'><strong>quam</strong></span> <span class='ocrx_word' id='word_1_281' title='bbox 629 2454 720 2501; x_wconf 89' lang='lat' dir='ltr'><strong>eat</strong></span> <span class='ocrx_word' id='word_1_282' title='bbox 754 2445 991 2510; x_wconf 75' lang='lat' dir='ltr'><strong>inficias,</strong></span> <span class='ocrx_word' id='word_1_283' title='bbox 1037 2444 1174 2515; x_wconf 83' lang='lat' dir='ltr'><strong>quin</strong></span> <span class='ocrx_word' id='word_1_284' title='bbox 1215 2444 1597 2515; x_wconf 82' lang='lat' dir='ltr'><strong>nequissimus</strong></span> <span class='ocrx_word' id='word_1_285' title='bbox 1641 2458 1743 2515; x_wconf 91' lang='lat' dir='ltr'><strong>per</strong></span> <span class='ocrx_word' id='word_1_286' title='bbox 1789 2445 2027 2498; x_wconf 90' lang='lat' dir='ltr'><strong>abusum</strong></span> 
     </span>
    </p>
   </div>
   <div class='ocr_carea' id='block_1_42' title="bbox 424 2535 2027 2610">
    <p class='ocr_par' dir='ltr' id='par_1_42' title="bbox 424 2535 2027 2610">
     <span class='ocr_line' id='line_1_42' title="bbox 424 2535 2027 2610; baseline 0 -18"><span class='ocrx_word' id='word_1_287' title='bbox 424 2538 774 2610; x_wconf 85' lang='lat' dir='ltr'><strong>propriarum</strong></span> <span class='ocrx_word' id='word_1_288' title='bbox 814 2537 1016 2591; x_wconf 83' lang='lat' dir='ltr'><strong>virium</strong></span> <span class='ocrx_word' id='word_1_289' title='bbox 1061 2536 1319 2609; x_wconf 89' lang='lat' dir='ltr'><strong>(rationis</strong></span> <span class='ocrx_word' id='word_1_290' title='bbox 1357 2536 1597 2603; x_wconf 87' lang='lat' dir='ltr'><strong>scilicet,</strong></span> <span class='ocrx_word' id='word_1_291' title='bbox 1632 2535 1950 2607; x_wconf 87' lang='lat' dir='ltr'><strong>cupiditatis</strong></span> <span class='ocrx_word' id='word_1_292' title='bbox 1970 2545 2027 2592; x_wconf 87' lang='lat' dir='ltr'><strong>et</strong></span> 
     </span>
    </p>
   </div>
   <div class='ocr_carea' id='block_1_43' title="bbox 427 2627 1597 2702">
    <p class='ocr_par' dir='ltr' id='par_1_43' title="bbox 427 2627 1597 2702">
     <span class='ocr_line' id='line_1_43' title="bbox 427 2627 1597 2702; baseline -0.003 -16"><span class='ocrx_word' id='word_1_293' title='bbox 427 2632 542 2702; x_wconf 53' lang='lat' dir='ltr'><strong>ira!)</strong></span> <span class='ocrx_word' id='word_1_294' title='bbox 578 2630 695 2685; x_wconf 70' lang='lat' dir='ltr'><strong>haec</strong></span> <span class='ocrx_word' id='word_1_295' title='bbox 732 2630 789 2684; x_wconf 90' lang='lat' dir='ltr'><strong>in</strong></span> <span class='ocrx_word' id='word_1_296' title='bbox 821 2629 983 2684; x_wconf 89' lang='lat' dir='ltr'><strong>nobis</strong></span> <span class='ocrx_word' id='word_1_297' title='bbox 1016 2629 1252 2685; x_wconf 89' lang='lat' dir='ltr'><strong>suscitet</strong></span> <span class='ocrx_word' id='word_1_298' title='bbox 1281 2644 1348 2684; x_wconf 89' lang='lat' dir='ltr'><strong>ac</strong></span> <span class='ocrx_word' id='word_1_299' title='bbox 1375 2627 1597 2683; x_wconf 77' lang='lat' dir='ltr'><strong>eﬂiciat.</strong></span> 
     </span>
    </p>
   </div>
   <div class='ocr_carea' id='block_1_44' title="bbox 495 2721 2024 2794">
    <p class='ocr_par' dir='ltr' id='par_1_44' title="bbox 495 2721 2024 2794">
     <span class='ocr_line' id='line_1_44' title="bbox 495 2721 2024 2794; baseline -0.002 -14"><span class='ocrx_word' id='word_1_300' title='bbox 495 2726 586 2780; x_wconf 73' lang='grc'><strong>52.</strong></span> <span class='ocrx_word' id='word_1_301' title='bbox 630 2723 873 2794; x_wconf 65' lang='lat' dir='ltr'><strong>Equum</strong></span> <span class='ocrx_word' id='word_1_302' title='bbox 904 2740 1039 2780; x_wconf 89' lang='lat' dir='ltr'><strong>sane</strong></span> <span class='ocrx_word' id='word_1_303' title='bbox 1080 2738 1146 2779; x_wconf 91' lang='lat' dir='ltr'><strong>ac</strong></span> <span class='ocrx_word' id='word_1_304' title='bbox 1172 2739 1274 2794; x_wconf 89' lang='lat' dir='ltr'><strong>par</strong></span> <span class='ocrx_word' id='word_1_305' title='bbox 1301 2731 1407 2788; x_wconf 88' lang='lat' dir='ltr'><strong>est,</strong></span> <span class='ocrx_word' id='word_1_306' title='bbox 1455 2731 1518 2778; x_wconf 92' lang='lat' dir='ltr'><strong>ut</strong></span> <span class='ocrx_word' id='word_1_307' title='bbox 1559 2736 1663 2793; x_wconf 89' lang='lat' dir='ltr'><strong>pro</strong></span> <span class='ocrx_word' id='word_1_308' title='bbox 1691 2721 2024 2793; x_wconf 86' lang='lat' dir='ltr'><strong>ignorantia,</strong></span> 
     </span>
    </p>
   </div>
   <div class='ocr_carea' id='block_1_45' title="bbox 423 2813 2030 2889">
    <p class='ocr_par' dir='ltr' id='par_1_45' title="bbox 423 2813 2030 2889">
     <span class='ocr_line' id='line_1_45' title="bbox 423 2813 2030 2889; baseline -0.001 -17"><span class='ocrx_word' id='word_1_309' title='bbox 423 2831 525 2889; x_wconf 89' lang='lat' dir='ltr'><strong>per</strong></span> <span class='ocrx_word' id='word_1_310' title='bbox 549 2815 836 2871; x_wconf 86' lang='lat' dir='ltr'><strong>scientiam</strong></span> <span class='ocrx_word' id='word_1_311' title='bbox 870 2815 938 2870; x_wconf 92' lang='lat' dir='ltr'><strong>ad</strong></span> <span class='ocrx_word' id='word_1_312' title='bbox 968 2816 1143 2871; x_wconf 90' lang='lat' dir='ltr'><strong>Deum</strong></span> <span class='ocrx_word' id='word_1_313' title='bbox 1183 2813 1620 2886; x_wconf 87' lang='lat' dir='ltr'><strong>singularissime</strong></span> <span class='ocrx_word' id='word_1_314' title='bbox 1654 2828 1848 2879; x_wconf 89' lang='lat' dir='ltr'><strong>unum,</strong></span> <span class='ocrx_word' id='word_1_315' title='bbox 1880 2830 2030 2884; x_wconf 77' lang='lat' dir='ltr'><strong>qua:-</strong></span> 
     </span>
    </p>
   </div>
   <div class='ocr_carea' id='block_1_46' title="bbox 425 2906 2070 2978">
    <p class='ocr_par' dir='ltr' id='par_1_46' title="bbox 425 2906 2070 2978">
     <span class='ocr_line' id='line_1_46' title="bbox 425 2906 2070 2978; baseline -0.001 -16"><span class='ocrx_word' id='word_1_316' title='bbox 425 2908 601 2964; x_wconf 89' lang='lat' dir='ltr'><strong>rendo</strong></span> <span class='ocrx_word' id='word_1_317' title='bbox 635 2923 990 2973; x_wconf 78' lang='lat' dir='ltr'><strong>moveamur;</strong></span> <span class='ocrx_word' id='word_1_318' title='bbox 1035 2906 1341 2978; x_wconf 88' lang='lat' dir='ltr'><strong>cupiditate</strong></span> <span class='ocrx_word' id='word_1_319' title='bbox 1376 2921 1532 2972; x_wconf 84' lang='lat' dir='ltr'><strong>vero,</strong></span> <span class='ocrx_word' id='word_1_320' title='bbox 1565 2906 1855 2974; x_wconf 81' lang='grc' dir='ltr'>φιλαυτίας</span> <span class='ocrx_word' id='word_1_321' title='bbox 1898 2921 2028 2976; x_wconf 86' lang='lat' dir='ltr'><strong>pra-</strong></span> <span class='ocrx_word' id='word_1_322' title='bbox 2064 2953 2070 2959; x_wconf 91' lang='lat'><strong>.</strong></span> 
     </span>
    </p>
   </div>
   <div class='ocr_carea' id='block_1_47' title="bbox 425 2997 2030 3071">
    <p class='ocr_par' dir='ltr' id='par_1_47' title="bbox 425 2997 2030 3071">
     <span class='ocr_line' id='line_1_47' title="bbox 425 2997 2030 3071; baseline -0.001 -17"><span class='ocrx_word' id='word_1_323' title='bbox 425 2999 593 3071; x_wconf 83' lang='lat' dir='ltr'><strong>vique</strong></span> <span class='ocrx_word' id='word_1_324' title='bbox 622 2999 831 3055; x_wconf 90' lang='lat' dir='ltr'><strong>amoris</strong></span> <span class='ocrx_word' id='word_1_325' title='bbox 856 2999 982 3053; x_wconf 89' lang='lat' dir='ltr'><strong>labe</strong></span> <span class='ocrx_word' id='word_1_326' title='bbox 1012 3013 1176 3068; x_wconf 90' lang='lat' dir='ltr'><strong>pura,</strong></span> <span class='ocrx_word' id='word_1_327' title='bbox 1208 2998 1264 3052; x_wconf 92' lang='lat' dir='ltr'><strong>in</strong></span> <span class='ocrx_word' id='word_1_328' title='bbox 1290 2998 1466 3053; x_wconf 88' lang='lat' dir='ltr'><strong>Deum</strong></span> <span class='ocrx_word' id='word_1_329' title='bbox 1503 2998 1686 3053; x_wconf 85' lang='lat' dir='ltr'><strong>solum</strong></span> <span class='ocrx_word' id='word_1_330' title='bbox 1720 3013 1909 3053; x_wconf 88' lang='lat' dir='ltr'><strong>amore</strong></span> <span class='ocrx_word' id='word_1_331' title='bbox 1933 2997 2030 3053; x_wconf 83' lang='lat' dir='ltr'><strong>de-</strong></span> 
     </span>
    </p>
   </div>
   <div class='ocr_carea' id='block_1_48' title="bbox 2125 1894 3721 1968">
    <p class='ocr_par' dir='ltr' id='par_1_48' title="bbox 2125 1894 3721 1968">
     <span class='ocr_line' id='line_1_48' title="bbox 2125 1894 3721 1968; baseline 0.002 -20"><span class='ocrx_word' id='word_1_332' title='bbox 2125 1895 2222 1948; x_wconf 73' lang='grc' dir='ltr'>καὶ</span> <span class='ocrx_word' id='word_1_333' title='bbox 2269 1894 2532 1964; x_wconf 79' lang='grc' dir='ltr'>φιλαυτία</span> <span class='ocrx_word' id='word_1_334' title='bbox 2575 1896 2668 1950; x_wconf 67' lang='grc' dir='ltr'>καὶ</span> <span class='ocrx_word' id='word_1_335' title='bbox 2723 1896 3008 1967; x_wconf 86' lang='grc' dir='ltr'>τυραννίς·</span> <span class='ocrx_word' id='word_1_336' title='bbox 3070 1897 3317 1968; x_wconf 81' lang='grc' dir='ltr'>ἀλλήλων</span> <span class='ocrx_word' id='word_1_337' title='bbox 3366 1896 3721 1968; x_wconf 74' lang='grc' dir='ltr'><strong>ἐξηρτημένα</strong></span> 
     </span>
    </p>
   </div>
   <div class='ocr_carea' id='block_1_49' title="bbox 2126 1986 3720 2062">
    <p class='ocr_par' dir='ltr' id='par_1_49' title="bbox 2126 1986 3720 2062">
     <span class='ocr_line' id='line_1_49' title="bbox 2126 1986 3720 2062; baseline 0.001 -21"><span class='ocrx_word' id='word_1_338' title='bbox 2126 1987 2223 2041; x_wconf 73' lang='grc' dir='ltr'>καὶ</span> <span class='ocrx_word' id='word_1_339' title='bbox 2277 1987 2346 2040; x_wconf 88' lang='grc' dir='ltr'><strong>δι’</strong></span> <span class='ocrx_word' id='word_1_340' title='bbox 2397 1986 2646 2059; x_wconf 79' lang='grc' dir='ltr'>ἀλλήλων</span> <span class='ocrx_word' id='word_1_341' title='bbox 2699 1989 3091 2061; x_wconf 82' lang='grc' dir='ltr'>συνιστάμενα.</span> <span class='ocrx_word' id='word_1_342' title='bbox 3134 1991 3230 2044; x_wconf 88' lang='grc' dir='ltr'><strong>Ἐκ</strong></span> <span class='ocrx_word' id='word_1_343' title='bbox 3284 1990 3395 2062; x_wconf 84' lang='grc' dir='ltr'><strong>γὰρ</strong></span> <span class='ocrx_word' id='word_1_344' title='bbox 3446 1991 3547 2061; x_wconf 74' lang='grc' dir='ltr'>τῆς</span> <span class='ocrx_word' id='word_1_345' title='bbox 3583 1990 3720 2061; x_wconf 79' lang='grc' dir='ltr'>περὶ</span> 
     </span>
    </p>
   </div>
   <div class='ocr_carea' id='block_1_50' title="bbox 2126 2077 3720 2153">
    <p class='ocr_par' dir='ltr' id='par_1_50' title="bbox 2126 2077 3720 2153">
     <span class='ocr_line' id='line_1_50' title="bbox 2126 2077 3720 2153; baseline 0.002 -23"><span class='ocrx_word' id='word_1_346' title='bbox 2126 2077 2263 2131; x_wconf 83' lang='grc' dir='ltr'>Θεοῦ</span> <span class='ocrx_word' id='word_1_347' title='bbox 2289 2077 2536 2145; x_wconf 79' lang='grc' dir='ltr'>ἀγνοίας,</span> <span class='ocrx_word' id='word_1_348' title='bbox 2565 2081 2599 2150; x_wconf 83' lang='grc' dir='ltr'><strong>ἡ</strong></span> <span class='ocrx_word' id='word_1_349' title='bbox 2625 2078 2887 2148; x_wconf 81' lang='grc' dir='ltr'>φιλαυτία</span> <span class='ocrx_word' id='word_1_350' title='bbox 2907 2096 2921 2110; x_wconf 85' lang='grc'><strong>·</strong></span> <span class='ocrx_word' id='word_1_351' title='bbox 2965 2081 3032 2133; x_wconf 82' lang='grc' dir='ltr'>ὲκ</span> <span class='ocrx_word' id='word_1_352' title='bbox 3059 2080 3118 2133; x_wconf 79' lang='grc' dir='ltr'>δὲ</span> <span class='ocrx_word' id='word_1_353' title='bbox 3150 2080 3382 2151; x_wconf 84' lang='grc' dir='ltr'>ταύτης,</span> <span class='ocrx_word' id='word_1_354' title='bbox 3410 2082 3444 2151; x_wconf 89' lang='grc' dir='ltr'><strong>ή</strong></span> <span class='ocrx_word' id='word_1_355' title='bbox 3479 2080 3619 2153; x_wconf 87' lang='grc' dir='ltr'>πρὸς</span> <span class='ocrx_word' id='word_1_356' title='bbox 3659 2080 3720 2133; x_wconf 78' lang='grc' dir='ltr'>τὸ</span> 
     </span>
    </p>
   </div>
   <div class='ocr_carea' id='block_1_51' title="bbox 2129 2170 3716 2244">
    <p class='ocr_par' dir='ltr' id='par_1_51' title="bbox 2129 2170 3716 2244">
     <span class='ocr_line' id='line_1_51' title="bbox 2129 2170 3716 2244; baseline 0.003 -22"><span class='ocrx_word' id='word_1_357' title='bbox 2129 2170 2392 2239; x_wconf 83' lang='grc' dir='ltr'>συγγενὲς</span> <span class='ocrx_word' id='word_1_358' title='bbox 2413 2171 2675 2242; x_wconf 88' lang='grc' dir='ltr'>τυραννίς</span> <span class='ocrx_word' id='word_1_359' title='bbox 2712 2174 2850 2226; x_wconf 79' lang='grc' dir='ltr'>ἐστι.</span> <span class='ocrx_word' id='word_1_360' title='bbox 2907 2172 3019 2226; x_wconf 74' lang='grc' dir='ltr'>Καὶ</span> <span class='ocrx_word' id='word_1_361' title='bbox 3050 2172 3228 2237; x_wconf 72' lang='grc' dir='ltr'>οὐδεὶς</span> <span class='ocrx_word' id='word_1_362' title='bbox 3259 2175 3485 2244; x_wconf 83' lang='grc' dir='ltr'>ἀντερεῖ</span> <span class='ocrx_word' id='word_1_363' title='bbox 3535 2173 3716 2241; x_wconf 88' lang='grc' dir='ltr'>λόγος,</span> 
     </span>
    </p>
   </div>
   <div class='ocr_carea' id='block_1_52' title="bbox 2130 2262 3719 2336">
    <p class='ocr_par' dir='ltr' id='par_1_52' title="bbox 2130 2262 3719 2336">
     <span class='ocr_line' id='line_1_52' title="bbox 2130 2262 3719 2336; baseline 0.003 -22"><span class='ocrx_word' id='word_1_364' title='bbox 2130 2263 2205 2335; x_wconf 79' lang='grc' dir='ltr'>μὴ</span> <span class='ocrx_word' id='word_1_365' title='bbox 2238 2263 2360 2332; x_wconf 75' lang='grc' dir='ltr'>οὑχὶ</span> <span class='ocrx_word' id='word_1_366' title='bbox 2408 2262 2488 2333; x_wconf 84' lang='grc' dir='ltr'>τῷ</span> <span class='ocrx_word' id='word_1_367' title='bbox 2519 2263 2663 2317; x_wconf 81' lang='grc' dir='ltr'>κατὰ</span> <span class='ocrx_word' id='word_1_368' title='bbox 2717 2265 3072 2335; x_wconf 81' lang='grc' dir='ltr'>παράχρησιν</span> <span class='ocrx_word' id='word_1_369' title='bbox 3101 2265 3291 2336; x_wconf 85' lang='grc' dir='ltr'>τρόπῳ</span> <span class='ocrx_word' id='word_1_370' title='bbox 3326 2266 3451 2319; x_wconf 81' lang='grc' dir='ltr'>’τῶν</span> <span class='ocrx_word' id='word_1_371' title='bbox 3501 2265 3719 2318; x_wconf 79' lang='grc' dir='ltr'>οἰκείων</span> 
     </span>
    </p>
   </div>
   <div class='ocr_carea' id='block_1_53' title="bbox 2126 2353 3718 2428">
    <p class='ocr_par' dir='ltr' id='par_1_53' title="bbox 2126 2353 3718 2428">
     <span class='ocr_line' id='line_1_53' title="bbox 2126 2353 3718 2428; baseline 0.002 -21"><span class='ocrx_word' id='word_1_372' title='bbox 2126 2353 2432 2424; x_wconf 83' lang='grc' dir='ltr'>δυνάμεων,</span> <span class='ocrx_word' id='word_1_373' title='bbox 2457 2353 2619 2420; x_wconf 85' lang='grc' dir='ltr'>λόγου</span> <span class='ocrx_word' id='word_1_374' title='bbox 2644 2370 2703 2407; x_wconf 82' lang='grc' dir='ltr'><strong>τε</strong></span> <span class='ocrx_word' id='word_1_375' title='bbox 2729 2355 2826 2409; x_wconf 79' lang='grc' dir='ltr'>καὶ</span> <span class='ocrx_word' id='word_1_376' title='bbox 2853 2355 3152 2427; x_wconf 73' lang='grc' dir='ltr'>ἐπιθυμίας</span> <span class='ocrx_word' id='word_1_377' title='bbox 3174 2356 3271 2409; x_wconf 77' lang='grc' dir='ltr'>καὶ</span> <span class='ocrx_word' id='word_1_378' title='bbox 3296 2355 3496 2428; x_wconf 82' lang='grc' dir='ltr'>θυμοῦ,</span> <span class='ocrx_word' id='word_1_379' title='bbox 3514 2354 3718 2420; x_wconf 84' lang='grc' dir='ltr'>ταύτας</span> 
     </span>
    </p>
   </div>
   <div class='ocr_carea' id='block_1_54' title="bbox 2127 2444 3221 2518">
    <p class='ocr_par' dir='ltr' id='par_1_54' title="bbox 2127 2444 3221 2518">
     <span class='ocr_line' id='line_1_54' title="bbox 2127 2444 3221 2518; baseline 0.003 -19"><span class='ocrx_word' id='word_1_380' title='bbox 2127 2446 2189 2501; x_wconf 74' lang='grc' dir='ltr'>ὲν</span> <span class='ocrx_word' id='word_1_381' title='bbox 2227 2447 2362 2517; x_wconf 80' lang='grc' dir='ltr'>ἡμῖν</span> <span class='ocrx_word' id='word_1_382' title='bbox 2400 2444 2493 2500; x_wconf 77' lang='grc' dir='ltr'>τὸν</span> <span class='ocrx_word' id='word_1_383' title='bbox 2518 2446 2759 2518; x_wconf 82' lang='grc' dir='ltr'>πονηρὸν</span> <span class='ocrx_word' id='word_1_384' title='bbox 2787 2446 3221 2518; x_wconf 82' lang='grc' dir='ltr'>ὑποστήσασθαι.</span> 
     </span>
    </p>
   </div>
   <div class='ocr_carea' id='block_1_55' title="bbox 2200 2717 3722 2792">
    <p class='ocr_par' dir='ltr' id='par_1_55' title="bbox 2200 2717 3722 2792">
     <span class='ocr_line' id='line_1_55' title="bbox 2200 2717 3722 2792; baseline -0.002 -18"><span class='ocrx_word' id='word_1_385' title='bbox 2200 2720 2268 2792; x_wconf 82' lang='grc' dir='ltr'><strong>λρ</strong></span> <span class='ocrx_word' id='word_1_386' title='bbox 2288 2759 2304 2775; x_wconf 94' lang='grc'><strong>.</strong></span> <span class='ocrx_word' id='word_1_387' title='bbox 2337 2723 2488 2785; x_wconf 76' lang='grc' dir='ltr'>Δέον,</span> <span class='ocrx_word' id='word_1_388' title='bbox 2517 2719 2664 2791; x_wconf 85' lang='grc' dir='ltr'>λόγῳ</span> <span class='ocrx_word' id='word_1_389' title='bbox 2715 2719 2838 2791; x_wconf 75' lang='grc' dir='ltr'>μὲν,</span> <span class='ocrx_word' id='word_1_390' title='bbox 2885 2719 3009 2775; x_wconf 77' lang='grc' dir='ltr'>ἀντὶ</span> <span class='ocrx_word' id='word_1_391' title='bbox 3046 2718 3150 2791; x_wconf 77' lang='grc' dir='ltr'>τῆς</span> <span class='ocrx_word' id='word_1_392' title='bbox 3188 2719 3437 2789; x_wconf 85' lang='grc' dir='ltr'>ἀγνοίας,</span> <span class='ocrx_word' id='word_1_393' title='bbox 3468 2718 3607 2792; x_wconf 74' lang='grc' dir='ltr'>πρὸς</span> <span class='ocrx_word' id='word_1_394' title='bbox 3630 2717 3722 2772; x_wconf 74' lang='grc' dir='ltr'><strong>τὸν</strong></span> 
     </span>
    </p>
   </div>
   <div class='ocr_carea' id='block_1_56' title="bbox 2129 2809 3721 2883">
    <p class='ocr_par' dir='ltr' id='par_1_56' title="bbox 2129 2809 3721 2883">
     <span class='ocr_line' id='line_1_56' title="bbox 2129 2809 3721 2883; baseline -0.002 -15"><span class='ocrx_word' id='word_1_395' title='bbox 2129 2813 2265 2868; x_wconf 81' lang='grc' dir='ltr'>Θεδν</span> <span class='ocrx_word' id='word_1_396' title='bbox 2296 2812 2386 2867; x_wconf 90' lang='grc' dir='ltr'><strong>διά</strong></span> <span class='ocrx_word' id='word_1_397' title='bbox 2433 2812 2692 2882; x_wconf 82' lang='grc' dir='ltr'>γνώσεως</span> <span class='ocrx_word' id='word_1_398' title='bbox 2747 2812 2891 2865; x_wconf 83' lang='grc' dir='ltr'><strong>κατά</strong></span> <span class='ocrx_word' id='word_1_399' title='bbox 2930 2809 3161 2883; x_wconf 80' lang='grc' dir='ltr'>ζήτησιν</span> <span class='ocrx_word' id='word_1_400' title='bbox 3201 2809 3517 2883; x_wconf 84' lang='grc' dir='ltr'>μονώτατον</span> <span class='ocrx_word' id='word_1_401' title='bbox 3555 2812 3721 2865; x_wconf 78' lang='grc' dir='ltr'>κινεῖ-</span> 
     </span>
    </p>
   </div>
   <div class='ocr_carea' id='block_1_57' title="bbox 2132 2902 3722 2977">
    <p class='ocr_par' dir='ltr' id='par_1_57' title="bbox 2132 2902 3722 2977">
     <span class='ocr_line' id='line_1_57' title="bbox 2132 2902 3722 2977; baseline -0.001 -18"><span class='ocrx_word' id='word_1_402' title='bbox 2132 2904 2259 2959; x_wconf 86' lang='grc' dir='ltr'>σθαι</span> <span class='ocrx_word' id='word_1_403' title='bbox 2285 2921 2301 2938; x_wconf 78' lang='grc' dir='ltr'><strong>ο</strong></span> <span class='ocrx_word' id='word_1_404' title='bbox 2332 2904 2735 2977; x_wconf 63' lang='grc' dir='ltr'>δι”ὲπιθυμίας</span> <span class='ocrx_word' id='word_1_405' title='bbox 2781 2904 2862 2968; x_wconf 81' lang='grc' dir='ltr'>δὲ,</span> <span class='ocrx_word' id='word_1_406' title='bbox 2893 2904 2989 2958; x_wconf 77' lang='grc' dir='ltr'>τοῦ</span> <span class='ocrx_word' id='word_1_407' title='bbox 3028 2903 3131 2974; x_wconf 85' lang='grc' dir='ltr'>τῆς</span> <span class='ocrx_word' id='word_1_408' title='bbox 3176 2903 3466 2973; x_wconf 80' lang='grc' dir='ltr'>φιλαυτίας</span> <span class='ocrx_word' id='word_1_409' title='bbox 3517 2902 3722 2968; x_wconf 78' lang='grc' dir='ltr'>πάθους</span> 
     </span>
    </p>
   </div>
   <div class='ocr_carea' id='block_1_58' title="bbox 2129 2996 3721 3071">
    <p class='ocr_par' dir='ltr' id='par_1_58' title="bbox 2129 2996 3721 3071">
     <span class='ocr_line' id='line_1_58' title="bbox 2129 2996 3721 3071; baseline 0 -21"><span class='ocrx_word' id='word_1_410' title='bbox 2129 2997 2405 3071; x_wconf 83' lang='grc' dir='ltr'>καθαρᾶς,</span> <span class='ocrx_word' id='word_1_411' title='bbox 2428 2996 2573 3050; x_wconf 86' lang='grc' dir='ltr'><strong>κατά</strong></span> <span class='ocrx_word' id='word_1_412' title='bbox 2621 2996 2790 3050; x_wconf 79' lang='grc' dir='ltr'>πάθον</span> <span class='ocrx_word' id='word_1_413' title='bbox 2823 2996 2962 3068; x_wconf 82' lang='grc' dir='ltr'>πρὸς</span> <span class='ocrx_word' id='word_1_414' title='bbox 3005 2997 3097 3049; x_wconf 83' lang='grc' dir='ltr'>τὸν</span> <span class='ocrx_word' id='word_1_415' title='bbox 3145 2996 3280 3050; x_wconf 83' lang='grc' dir='ltr'><strong>Θεὸν</strong></span> <span class='ocrx_word' id='word_1_416' title='bbox 3311 2997 3475 3067; x_wconf 85' lang='grc' dir='ltr'>μόνον</span> <span class='ocrx_word' id='word_1_417' title='bbox 3503 2996 3721 3050; x_wconf 74' lang='grc' dir='ltr'>ἐλαύνε-</span> 
     </span>
    </p>
   </div>
   <div class='ocr_carea' id='block_1_59' title="bbox 428 3087 2023 3167">
    <p class='ocr_par' dir='ltr' id='par_1_59' title="bbox 428 3087 2023 3164">
     <span class='ocr_line' id='line_1_59' title="bbox 428 3087 2023 3164; baseline -0.005 -13"><span class='ocrx_word' id='word_1_418' title='bbox 428 3093 747 3164; x_wconf 85' lang='lat' dir='ltr'><strong>siderioque</strong></span> <span class='ocrx_word' id='word_1_419' title='bbox 772 3106 1034 3161; x_wconf 81' lang='lat' dir='ltr'><strong>agamur;</strong></span> <span class='ocrx_word' id='word_1_420' title='bbox 1066 3090 1152 3143; x_wconf 90' lang='lat' dir='ltr'><strong>ira</strong></span> <span class='ocrx_word' id='word_1_421' title='bbox 1185 3088 1449 3159; x_wconf 89' lang='lat' dir='ltr'><strong>denique,</strong></span> <span class='ocrx_word' id='word_1_422' title='bbox 1494 3089 1587 3143; x_wconf 90' lang='lat' dir='ltr'><strong>cui</strong></span> <span class='ocrx_word' id='word_1_423' title='bbox 1630 3088 1782 3143; x_wconf 89' lang='lat' dir='ltr'><strong>nulla</strong></span> <span class='ocrx_word' id='word_1_424' title='bbox 1814 3088 1900 3143; x_wconf 88' lang='lat' dir='ltr'><strong>vis</strong></span> <span class='ocrx_word' id='word_1_425' title='bbox 1923 3087 2023 3143; x_wconf 92' lang='lat' dir='ltr'><strong>ini-</strong></span> 
     </span>
    </p>
   </div>
   <div class='ocr_carea' id='block_1_60' title="bbox 2136 3087 3721 3167">
    <p class='ocr_par' dir='ltr' id='par_1_60' title="bbox 2136 3088 3721 3163">
     <span class='ocr_line' id='line_1_60' title="bbox 2136 3088 3721 3163; baseline 0.001 -19"><span class='ocrx_word' id='word_1_426' title='bbox 2136 3089 2294 3145; x_wconf 87' lang='grc' dir='ltr'>σθαι·</span> <span class='ocrx_word' id='word_1_427' title='bbox 2330 3090 2426 3144; x_wconf 74' lang='grc' dir='ltr'>καὶ</span> <span class='ocrx_word' id='word_1_428' title='bbox 2450 3088 2531 3160; x_wconf 85' lang='grc' dir='ltr'>τῷ</span> <span class='ocrx_word' id='word_1_429' title='bbox 2557 3089 2719 3161; x_wconf 88' lang='grc' dir='ltr'><strong>θυμῷ</strong></span> <span class='ocrx_word' id='word_1_430' title='bbox 2743 3089 3063 3161; x_wconf 86' lang='grc' dir='ltr'>τυραννίδος</span> <span class='ocrx_word' id='word_1_431' title='bbox 3110 3090 3533 3163; x_wconf 79' lang='grc' dir='ltr'>κεχωρισμένῳ,</span> <span class='ocrx_word' id='word_1_432' title='bbox 3586 3090 3721 3163; x_wconf 78' lang='grc' dir='ltr'>πρὸς</span> 
     </span>
    </p>
   </div>
   <div class='ocr_carea' id='block_1_61' title="bbox 428 3178 2021 3255">
    <p class='ocr_par' dir='ltr' id='par_1_61' title="bbox 428 3178 2021 3255">
     <span class='ocr_line' id='line_1_61' title="bbox 428 3178 2021 3255; baseline -0.003 -17"><span class='ocrx_word' id='word_1_433' title='bbox 428 3200 540 3255; x_wconf 87' lang='lat' dir='ltr'><strong>qua</strong></span> <span class='ocrx_word' id='word_1_434' title='bbox 571 3178 781 3246; x_wconf 80' lang='lat' dir='ltr'><strong>centes,</strong></span> <span class='ocrx_word' id='word_1_435' title='bbox 807 3181 981 3236; x_wconf 90' lang='lat' dir='ltr'><strong>Deum</strong></span> <span class='ocrx_word' id='word_1_436' title='bbox 1008 3179 1356 3235; x_wconf 89' lang='lat' dir='ltr'><strong>solummodo</strong></span> <span class='ocrx_word' id='word_1_437' title='bbox 1388 3178 1610 3249; x_wconf 87' lang='lat' dir='ltr'><strong>assequi</strong></span> <span class='ocrx_word' id='word_1_438' title='bbox 1642 3178 2021 3246; x_wconf 88' lang='lat' dir='ltr'><strong>connitatnnr;</strong></span> 
     </span>
    </p>
   </div>
   <div class='ocr_carea' id='block_1_62' title="bbox 430 3270 2028 3347">
    <p class='ocr_par' dir='ltr' id='par_1_62' title="bbox 430 3270 2028 3347">
     <span class='ocr_line' id='line_1_62' title="bbox 430 3270 2028 3347; baseline -0.006 -13"><span class='ocrx_word' id='word_1_439' title='bbox 430 3287 599 3347; x_wconf 89' lang='lat' dir='ltr'><strong>atque</strong></span> <span class='ocrx_word' id='word_1_440' title='bbox 632 3275 795 3330; x_wconf 89' lang='lat' dir='ltr'><strong>nobis</strong></span> <span class='ocrx_word' id='word_1_441' title='bbox 826 3274 1029 3329; x_wconf 91' lang='lat' dir='ltr'><strong>horum</strong></span> <span class='ocrx_word' id='word_1_442' title='bbox 1074 3271 1309 3342; x_wconf 88' lang='lat' dir='ltr'><strong>prolem,</strong></span> <span class='ocrx_word' id='word_1_443' title='bbox 1353 3287 1418 3327; x_wconf 91' lang='lat' dir='ltr'><strong>ac</strong></span> <span class='ocrx_word' id='word_1_444' title='bbox 1465 3271 1522 3326; x_wconf 89' lang='lat' dir='ltr'><strong>in</strong></span> <span class='ocrx_word' id='word_1_445' title='bbox 1555 3273 1716 3343; x_wconf 87' lang='lat' dir='ltr'><strong>cujus</strong></span> <span class='ocrx_word' id='word_1_446' title='bbox 1756 3270 1874 3325; x_wconf 63' lang='lat' dir='ltr'><strong>hazc</strong></span> <span class='ocrx_word' id='word_1_447' title='bbox 1905 3286 2028 3341; x_wconf 83' lang='lat' dir='ltr'><strong>gra-</strong></span> 
     </span>
    </p>
   </div>
   <div class='ocr_carea' id='block_1_63' title="bbox 431 3361 2027 3434">
    <p class='ocr_par' dir='ltr' id='par_1_63' title="bbox 431 3361 2027 3434">
     <span class='ocr_line' id='line_1_63' title="bbox 431 3361 2027 3434; baseline -0.002 -13"><span class='ocrx_word' id='word_1_448' title='bbox 431 3366 565 3422; x_wconf 89' lang='lat' dir='ltr'><strong>tiam</strong></span> <span class='ocrx_word' id='word_1_449' title='bbox 597 3364 865 3434; x_wconf 84' lang='lat' dir='ltr'><strong>(divinam</strong></span> <span class='ocrx_word' id='word_1_450' title='bbox 895 3362 1110 3419; x_wconf 87' lang='lat' dir='ltr'><strong>scilicet</strong></span> <span class='ocrx_word' id='word_1_451' title='bbox 1149 3375 1216 3416; x_wconf 89' lang='lat' dir='ltr'><strong>ac</strong></span> <span class='ocrx_word' id='word_1_452' title='bbox 1259 3361 1478 3417; x_wconf 87' lang='lat' dir='ltr'><strong>beatam</strong></span> <span class='ocrx_word' id='word_1_453' title='bbox 1523 3361 1871 3427; x_wconf 79' lang='lat' dir='ltr'><strong>charitatem,</strong></span> <span class='ocrx_word' id='word_1_454' title='bbox 1902 3376 2027 3432; x_wconf 69' lang='lat' dir='ltr'><strong>qua:</strong></span> 
     </span>
    </p>
   </div>
   <div class='ocr_carea' id='block_1_64' title="bbox 429 3452 2027 3527">
    <p class='ocr_par' dir='ltr' id='par_1_64' title="bbox 429 3452 2027 3527">
     <span class='ocr_line' id='line_1_64' title="bbox 429 3452 2027 3527; baseline -0.003 -14"><span class='ocrx_word' id='word_1_455' title='bbox 429 3465 490 3513; x_wconf 86' lang='lat' dir='ltr'><strong>et</strong></span> <span class='ocrx_word' id='word_1_456' title='bbox 533 3457 647 3513; x_wconf 90' lang='lat' dir='ltr'><strong>Deo</strong></span> <span class='ocrx_word' id='word_1_457' title='bbox 681 3456 932 3527; x_wconf 82' lang='lat' dir='ltr'><strong>copulet,</strong></span> <span class='ocrx_word' id='word_1_458' title='bbox 967 3453 1247 3524; x_wconf 89' lang='lat' dir='ltr'><strong>deumque</strong></span> <span class='ocrx_word' id='word_1_459' title='bbox 1273 3454 1457 3509; x_wconf 90' lang='lat' dir='ltr'><strong>virum</strong></span> <span class='ocrx_word' id='word_1_460' title='bbox 1492 3452 1811 3525; x_wconf 84' lang='lat' dir='ltr'><strong>religiosum</strong></span> <span class='ocrx_word' id='word_1_461' title='bbox 1838 3468 1903 3509; x_wconf 86' lang='lat' dir='ltr'><strong>ac</strong></span> <span class='ocrx_word' id='word_1_462' title='bbox 1926 3453 2027 3510; x_wconf 88' lang='lat' dir='ltr'><strong>Dei</strong></span> 
     </span>
    </p>
   </div>
   <div class='ocr_carea' id='block_1_65' title="bbox 430 3545 1298 3617">
    <p class='ocr_par' dir='ltr' id='par_1_65' title="bbox 430 3545 1298 3617">
     <span class='ocr_line' id='line_1_65' title="bbox 430 3545 1298 3617; baseline -0.003 -13"><span class='ocrx_word' id='word_1_463' title='bbox 430 3549 702 3605; x_wconf 90' lang='lat' dir='ltr'><strong>cultorem</strong></span> <span class='ocrx_word' id='word_1_464' title='bbox 728 3547 948 3617; x_wconf 81' lang='lat' dir='ltr'><strong>elliciat)</strong></span> <span class='ocrx_word' id='word_1_465' title='bbox 972 3545 1298 3601; x_wconf 72' lang='lat' dir='ltr'><strong>condemns.</strong></span> 
     </span>
    </p>
   </div>
   <div class='ocr_carea' id='block_1_66' title="bbox 500 3638 2028 3709">
    <p class='ocr_par' dir='ltr' id='par_1_66' title="bbox 500 3638 2028 3709">
     <span class='ocr_line' id='line_1_66' title="bbox 500 3638 2028 3709; baseline -0.002 -13"><span class='ocrx_word' id='word_1_466' title='bbox 500 3642 590 3698; x_wconf 78' lang='lat'><strong>&#39;55.</strong></span> <span class='ocrx_word' id='word_1_467' title='bbox 615 3641 896 3706; x_wconf 79' lang='grc' dir='ltr'>Φιλαυτια,</span> <span class='ocrx_word' id='word_1_468' title='bbox 924 3639 1005 3695; x_wconf 91' lang='lat' dir='ltr'><strong>uti</strong></span> <span class='ocrx_word' id='word_1_469' title='bbox 1045 3638 1260 3694; x_wconf 89' lang='lat' dir='ltr'><strong>dictum</strong></span> <span class='ocrx_word' id='word_1_470' title='bbox 1291 3646 1396 3704; x_wconf 88' lang='lat' dir='ltr'><strong>est,</strong></span> <span class='ocrx_word' id='word_1_471' title='bbox 1421 3638 1573 3694; x_wconf 86' lang='lat' dir='ltr'><strong>velut</strong></span> <span class='ocrx_word' id='word_1_472' title='bbox 1591 3638 1854 3695; x_wconf 82' lang='lat' dir='ltr'><strong>vitiorum</strong></span> <span class='ocrx_word' id='word_1_473' title='bbox 1872 3638 2028 3709; x_wconf 89' lang='lat' dir='ltr'><strong>prin-</strong></span> 
     </span>
    </p>
   </div>
   <div class='ocr_carea' id='block_1_67' title="bbox 432 3729 2022 3803">
    <p class='ocr_par' dir='ltr' id='par_1_67' title="bbox 432 3729 2022 3803">
     <span class='ocr_line' id='line_1_67' title="bbox 432 3729 2022 3803; baseline -0.001 -15"><span class='ocrx_word' id='word_1_474' title='bbox 432 3731 558 3803; x_wconf 89' lang='lat' dir='ltr'><strong>cipe</strong></span> <span class='ocrx_word' id='word_1_475' title='bbox 601 3740 768 3802; x_wconf 89' lang='lat' dir='ltr'><strong>atque</strong></span> <span class='ocrx_word' id='word_1_476' title='bbox 812 3738 1042 3802; x_wconf 87' lang='lat' dir='ltr'><strong>parente</strong></span> <span class='ocrx_word' id='word_1_477' title='bbox 1075 3729 1287 3795; x_wconf 84' lang='lat' dir='ltr'><strong>evulsa,</strong></span> <span class='ocrx_word' id='word_1_478' title='bbox 1330 3730 1450 3800; x_wconf 91' lang='lat' dir='ltr'><strong>ejus</strong></span> <span class='ocrx_word' id='word_1_479' title='bbox 1477 3729 1751 3786; x_wconf 62' lang='lat' dir='ltr'><strong>universae</strong></span> <span class='ocrx_word' id='word_1_480' title='bbox 1782 3729 2022 3800; x_wconf 90' lang='lat' dir='ltr'><strong>soboles,</strong></span> 
     </span>
    </p>
   </div>
   <div class='ocr_carea' id='block_1_68' title="bbox 430 3820 2027 3893">
    <p class='ocr_par' dir='ltr' id='par_1_68' title="bbox 430 3820 2027 3893">
     <span class='ocr_line' id='line_1_68' title="bbox 430 3820 2027 3893; baseline -0.001 -16"><span class='ocrx_word' id='word_1_481' title='bbox 430 3838 609 3893; x_wconf 79' lang='lat' dir='ltr'><strong>eaque</strong></span> <span class='ocrx_word' id='word_1_482' title='bbox 655 3822 911 3892; x_wconf 88' lang='lat' dir='ltr'><strong>sequiora</strong></span> <span class='ocrx_word' id='word_1_483' title='bbox 960 3820 1213 3892; x_wconf 88' lang='lat' dir='ltr'><strong>germina</strong></span> <span class='ocrx_word' id='word_1_484' title='bbox 1257 3820 1422 3875; x_wconf 89' lang='lat' dir='ltr'><strong>simul</strong></span> <span class='ocrx_word' id='word_1_485' title='bbox 1468 3820 1630 3876; x_wconf 88' lang='lat' dir='ltr'><strong>evelli</strong></span> <span class='ocrx_word' id='word_1_486' title='bbox 1679 3820 1879 3876; x_wconf 90' lang='lat' dir='ltr'><strong>solent.</strong></span> <span class='ocrx_word' id='word_1_487' title='bbox 1928 3820 2027 3876; x_wconf 88' lang='lat' dir='ltr'><strong>Illa</strong></span> 
     </span>
    </p>
   </div>
   <div class='ocr_carea' id='block_1_69' title="bbox 431 3908 2027 3991">
    <p class='ocr_par' dir='ltr' id='par_1_69' title="bbox 431 3908 2027 3991">
     <span class='ocr_line' id='line_1_69' title="bbox 431 3908 2027 3991; baseline -0.001 -21"><span class='ocrx_word' id='word_1_488' title='bbox 431 3929 673 3991; x_wconf 84' lang='lat' dir='ltr'><strong>namque</strong></span> <span class='ocrx_word' id='word_1_489' title='bbox 714 3914 951 3979; x_wconf 87' lang='lat' dir='ltr'><strong>sublata,</strong></span> <span class='ocrx_word' id='word_1_490' title='bbox 984 3913 1199 3968; x_wconf 89' lang='lat' dir='ltr'><strong>nullum</strong></span> <span class='ocrx_word' id='word_1_491' title='bbox 1229 3927 1461 3984; x_wconf 90' lang='lat' dir='ltr'><strong>prorsus</strong></span> <span class='ocrx_word' id='word_1_492' title='bbox 1487 3913 1711 3969; x_wconf 71' lang='lat' dir='ltr'><strong>malitiae</strong></span> <span class='ocrx_word' id='word_1_493' title='bbox 1735 3908 1909 3985; x_wconf 88' lang='lat' dir='ltr'><strong>genus</strong></span> <span class='ocrx_word' id='word_1_494' title='bbox 1929 3922 2027 3970; x_wconf 88' lang='lat' dir='ltr'><strong>aut</strong></span> 
     </span>
    </p>
   </div>
   <div class='ocr_carea' id='block_1_70' title="bbox 433 4002 1279 4075">
    <p class='ocr_par' dir='ltr' id='par_1_70' title="bbox 433 4002 1279 4075">
     <span class='ocr_line' id='line_1_70' title="bbox 433 4002 1279 4075; baseline -0.002 -15"><span class='ocrx_word' id='word_1_495' title='bbox 433 4004 727 4075; x_wconf 75' lang='lat' dir='ltr'><strong>vestigium</strong></span> <span class='ocrx_word' id='word_1_496' title='bbox 753 4012 934 4073; x_wconf 88' lang='lat' dir='ltr'><strong>potest</strong></span> <span class='ocrx_word' id='word_1_497' title='bbox 955 4002 1279 4058; x_wconf 86' lang='lat' dir='ltr'><strong>consistere.</strong></span> 
     </span>
    </p>
   </div>
   <div class='ocr_carea' id='block_1_71' title="bbox 503 4092 2027 4168">
    <p class='ocr_par' dir='ltr' id='par_1_71' title="bbox 503 4092 2027 4168">
     <span class='ocr_line' id='line_1_71' title="bbox 503 4092 2027 4168; baseline 0.003 -19"><span class='ocrx_word' id='word_1_498' title='bbox 503 4095 594 4150; x_wconf 77' lang='grc'><strong>54.</strong></span> <span class='ocrx_word' id='word_1_499' title='bbox 631 4093 872 4148; x_wconf 89' lang='lat' dir='ltr'><strong>Tantum</strong></span> <span class='ocrx_word' id='word_1_500' title='bbox 905 4092 1310 4164; x_wconf 86' lang='lat' dir='ltr'><strong>nosmetipsos,</strong></span> <span class='ocrx_word' id='word_1_501' title='bbox 1350 4092 1555 4165; x_wconf 88' lang='lat' dir='ltr'><strong>aliique</strong></span> <span class='ocrx_word' id='word_1_502' title='bbox 1602 4095 1743 4152; x_wconf 87' lang='lat' dir='ltr'><strong>alios</strong></span> <span class='ocrx_word' id='word_1_503' title='bbox 1786 4096 2027 4168; x_wconf 90' lang='lat' dir='ltr'><strong>comple-</strong></span> 
     </span>
    </p>
   </div>
   <div class='ocr_carea' id='block_1_72' title="bbox 433 4185 2026 4260">
    <p class='ocr_par' dir='ltr' id='par_1_72' title="bbox 433 4185 2026 4260">
     <span class='ocr_line' id='line_1_72' title="bbox 433 4185 2026 4260; baseline 0.001 -18"><span class='ocrx_word' id='word_1_504' title='bbox 433 4194 651 4257; x_wconf 81' lang='lat' dir='ltr'><strong>ctamur</strong></span> <span class='ocrx_word' id='word_1_505' title='bbox 670 4200 735 4241; x_wconf 91' lang='lat' dir='ltr'><strong>ac</strong></span> <span class='ocrx_word' id='word_1_506' title='bbox 751 4186 999 4241; x_wconf 87' lang='lat' dir='ltr'><strong>colamus</strong></span> <span class='ocrx_word' id='word_1_507' title='bbox 1019 4198 1203 4255; x_wconf 73' lang='lat' dir='ltr'><strong>operae</strong></span> <span class='ocrx_word' id='word_1_508' title='bbox 1219 4185 1462 4255; x_wconf 87' lang='lat' dir='ltr'><strong>pretium</strong></span> <span class='ocrx_word' id='word_1_509' title='bbox 1484 4197 1593 4254; x_wconf 90' lang='lat' dir='ltr'><strong>est,</strong></span> <span class='ocrx_word' id='word_1_510' title='bbox 1611 4199 1881 4258; x_wconf 90' lang='lat' dir='ltr'><strong>quantum</strong></span> <span class='ocrx_word' id='word_1_511' title='bbox 1907 4189 2026 4260; x_wconf 89' lang='lat' dir='ltr'><strong>ipse</strong></span> 
     </span>
    </p>
   </div>
   <div class='ocr_carea' id='block_1_73' title="bbox 433 4274 2027 4352">
    <p class='ocr_par' dir='ltr' id='par_1_73' title="bbox 433 4274 2027 4352">
     <span class='ocr_line' id='line_1_73' title="bbox 433 4274 2027 4352; baseline 0.003 -20"><span class='ocrx_word' id='word_1_512' title='bbox 433 4293 535 4349; x_wconf 90' lang='lat' dir='ltr'><strong>per</strong></span> <span class='ocrx_word' id='word_1_513' title='bbox 564 4277 807 4347; x_wconf 89' lang='lat' dir='ltr'><strong>seipsum</strong></span> <span class='ocrx_word' id='word_1_514' title='bbox 835 4274 1094 4332; x_wconf 88' lang='lat' dir='ltr'><strong>Christus</strong></span> <span class='ocrx_word' id='word_1_515' title='bbox 1130 4276 1286 4346; x_wconf 92' lang='lat' dir='ltr'><strong>prior</strong></span> <span class='ocrx_word' id='word_1_516' title='bbox 1307 4277 1571 4344; x_wconf 88' lang='lat' dir='ltr'><strong>ostendit,</strong></span> <span class='ocrx_word' id='word_1_517' title='bbox 1604 4280 1700 4351; x_wconf 91' lang='lat' dir='ltr'><strong>qui</strong></span> <span class='ocrx_word' id='word_1_518' title='bbox 1738 4296 1840 4352; x_wconf 90' lang='lat' dir='ltr'><strong>pro</strong></span> <span class='ocrx_word' id='word_1_519' title='bbox 1865 4280 2027 4337; x_wconf 85' lang='lat' dir='ltr'><strong>nobis</strong></span> 
     </span>
    </p>
   </div>
   <div class='ocr_carea' id='block_1_74' title="bbox 404 4366 1570 4445">
    <p class='ocr_par' dir='ltr' id='par_1_74' title="bbox 404 4366 1570 4445">
     <span class='ocr_line' id='line_1_74' title="bbox 404 4366 1570 4445; baseline 0.001 -22"><span class='ocrx_word' id='word_1_520' title='bbox 404 4399 408 4405; x_wconf 66' lang='grc' dir='ltr'>ε</span> <span class='ocrx_word' id='word_1_521' title='bbox 434 4367 579 4445; x_wconf 83' lang='lat' dir='ltr'><strong>parti</strong></span> <span class='ocrx_word' id='word_1_522' title='bbox 611 4383 677 4423; x_wconf 91' lang='lat' dir='ltr'><strong>ac</strong></span> <span class='ocrx_word' id='word_1_523' title='bbox 707 4367 847 4421; x_wconf 88' lang='lat' dir='ltr'><strong>mori</strong></span> <span class='ocrx_word' id='word_1_524' title='bbox 877 4380 1149 4437; x_wconf 83' lang='lat' dir='ltr'><strong>propensc</strong></span> <span class='ocrx_word' id='word_1_525' title='bbox 1182 4366 1440 4438; x_wconf 87' lang='lat' dir='ltr'><strong>dignatus</strong></span> <span class='ocrx_word' id='word_1_526' title='bbox 1464 4376 1570 4424; x_wconf 92' lang='grc' dir='ltr'>εει.</span> 
     </span>
    </p>
   </div>
   <div class='ocr_carea' id='block_1_75' title="bbox 2137 3178 3720 3255">
    <p class='ocr_par' dir='ltr' id='par_1_75' title="bbox 2137 3178 3720 3255">
     <span class='ocr_line' id='line_1_75' title="bbox 2137 3178 3720 3255; baseline 0.001 -22"><span class='ocrx_word' id='word_1_527' title='bbox 2137 3179 2200 3233; x_wconf 77' lang='grc' dir='ltr'><strong>τὸ</strong></span> <span class='ocrx_word' id='word_1_528' title='bbox 2237 3178 2378 3235; x_wconf 80' lang='grc' dir='ltr'>Θεοῦ</span> <span class='ocrx_word' id='word_1_529' title='bbox 2409 3180 2574 3239; x_wconf 79' lang='grc' dir='ltr'>μόνου</span> <span class='ocrx_word' id='word_1_530' title='bbox 2602 3182 2789 3251; x_wconf 83' lang='grc' dir='ltr'>τυχεῖν</span> <span class='ocrx_word' id='word_1_531' title='bbox 2825 3180 3215 3249; x_wconf 81' lang='grc' dir='ltr'>ἀγωνίζεσθαι,</span> <span class='ocrx_word' id='word_1_532' title='bbox 3246 3183 3341 3237; x_wconf 75' lang='grc' dir='ltr'>καὶ</span> <span class='ocrx_word' id='word_1_533' title='bbox 3373 3181 3477 3255; x_wconf 81' lang='grc' dir='ltr'>τὴν</span> <span class='ocrx_word' id='word_1_534' title='bbox 3507 3182 3573 3236; x_wconf 83' lang='grc' dir='ltr'>ἑκ</span> <span class='ocrx_word' id='word_1_535' title='bbox 3600 3181 3720 3236; x_wconf 67' lang='grc' dir='ltr'>τούς</span> 
     </span>
    </p>
   </div>
   <div class='ocr_carea' id='block_1_76' title="bbox 2131 3273 3724 3348">
    <p class='ocr_par' dir='ltr' id='par_1_76' title="bbox 2131 3273 3724 3348">
     <span class='ocr_line' id='line_1_76' title="bbox 2131 3273 3724 3348; baseline -0.001 -20"><span class='ocrx_word' id='word_1_536' title='bbox 2131 3291 2244 3328; x_wconf 88' lang='grc' dir='ltr'><strong>των</strong></span> <span class='ocrx_word' id='word_1_537' title='bbox 2303 3275 2400 3328; x_wconf 75' lang='grc' dir='ltr'>καὶ</span> <span class='ocrx_word' id='word_1_538' title='bbox 2443 3274 2511 3327; x_wconf 78' lang='grc' dir='ltr'><strong>δι’</strong></span> <span class='ocrx_word' id='word_1_539' title='bbox 2548 3274 2616 3346; x_wconf 74' lang='grc' dir='ltr'>ἢν</span> <span class='ocrx_word' id='word_1_540' title='bbox 2665 3274 2838 3327; x_wconf 82' lang='grc' dir='ltr'>ταῦτα</span> <span class='ocrx_word' id='word_1_541' title='bbox 2883 3273 3036 3328; x_wconf 83' lang='grc' dir='ltr'>Θείαν</span> <span class='ocrx_word' id='word_1_542' title='bbox 3065 3277 3160 3329; x_wconf 76' lang='grc' dir='ltr'>καὶ</span> <span class='ocrx_word' id='word_1_543' title='bbox 3189 3276 3471 3348; x_wconf 78' lang='grc' dir='ltr'>μακαρίαν</span> <span class='ocrx_word' id='word_1_544' title='bbox 3500 3275 3724 3347; x_wconf 77' lang='grc' dir='ltr'>ἀγάπην</span> 
     </span>
    </p>
   </div>
   <div class='ocr_carea' id='block_1_77' title="bbox 2131 3365 3725 3441">
    <p class='ocr_par' dir='ltr' id='par_1_77' title="bbox 2131 3365 3725 3441">
     <span class='ocr_line' id='line_1_77' title="bbox 2131 3365 3725 3441; baseline 0.001 -20"><span class='ocrx_word' id='word_1_545' title='bbox 2131 3365 2563 3441; x_wconf 82' lang='grc' dir='ltr'>δημιουργῆσαι,</span> <span class='ocrx_word' id='word_1_546' title='bbox 2623 3366 2703 3437; x_wconf 82' lang='grc' dir='ltr'>τῷ</span> <span class='ocrx_word' id='word_1_547' title='bbox 2751 3366 2872 3439; x_wconf 88' lang='grc' dir='ltr'><strong>Θεῷ</strong></span> <span class='ocrx_word' id='word_1_548' title='bbox 2919 3366 3303 3423; x_wconf 71' lang='grc' dir='ltr'>συνάπτουσαν</span> <span class='ocrx_word' id='word_1_549' title='bbox 3341 3385 3403 3423; x_wconf 91' lang='grc' dir='ltr'><strong>τε</strong></span> <span class='ocrx_word' id='word_1_550' title='bbox 3450 3368 3552 3423; x_wconf 84' lang='grc' dir='ltr'>καὶ</span> <span class='ocrx_word' id='word_1_551' title='bbox 3600 3367 3725 3422; x_wconf 74' lang='grc' dir='ltr'>θεὸν</span> 
     </span>
    </p>
   </div>
   <div class='ocr_carea' id='block_1_78' title="bbox 2131 3459 2971 3531">
    <p class='ocr_par' dir='ltr' id='par_1_78' title="bbox 2131 3459 2971 3531">
     <span class='ocr_line' id='line_1_78' title="bbox 2131 3459 2971 3531; baseline -0.001 -16"><span class='ocrx_word' id='word_1_552' title='bbox 2131 3460 2546 3531; x_wconf 83' lang='grc' dir='ltr'>ἀποφαίνουσαν</span> <span class='ocrx_word' id='word_1_553' title='bbox 2568 3459 2662 3514; x_wconf 78' lang='grc' dir='ltr'><strong>τὸν</strong></span> <span class='ocrx_word' id='word_1_554' title='bbox 2687 3459 2936 3531; x_wconf 82' lang='grc' dir='ltr'>φιλόθεον</span> <span class='ocrx_word' id='word_1_555' title='bbox 2950 3497 2971 3514; x_wconf 89' lang='grc'><strong>.</strong></span> 
     </span>
    </p>
   </div>
   <div class='ocr_carea' id='block_1_79' title="bbox 2206 3631 3724 3705">
    <p class='ocr_par' dir='ltr' id='par_1_79' title="bbox 2206 3631 3724 3705">
     <span class='ocr_line' id='line_1_79' title="bbox 2206 3631 3724 3705; baseline 0.001 -16"><span class='ocrx_word' id='word_1_556' title='bbox 2206 3635 2310 3705; x_wconf 85' lang='grc' dir='ltr'>λγ¹.</span> <span class='ocrx_word' id='word_1_557' title='bbox 2356 3635 2470 3705; x_wconf 86' lang='grc' dir='ltr'><strong>Τῆς</strong></span> <span class='ocrx_word' id='word_1_558' title='bbox 2515 3633 2804 3705; x_wconf 83' lang='grc' dir='ltr'>φιλαυτίας</span> <span class='ocrx_word' id='word_1_559' title='bbox 2848 3632 2927 3697; x_wconf 83' lang='grc' dir='ltr'>ὡς</span> <span class='ocrx_word' id='word_1_560' title='bbox 2972 3632 3172 3705; x_wconf 81' lang='grc' dir='ltr'>ἀρχῆς,</span> <span class='ocrx_word' id='word_1_561' title='bbox 3199 3631 3386 3696; x_wconf 87' lang='grc' dir='ltr'>καθὼς</span> <span class='ocrx_word' id='word_1_562' title='bbox 3418 3631 3594 3701; x_wconf 83' lang='grc' dir='ltr'>εἷπον,</span> <span class='ocrx_word' id='word_1_563' title='bbox 3626 3638 3724 3690; x_wconf 77' lang='grc' dir='ltr'>καὶ</span> 
     </span>
    </p>
   </div>
   <div class='ocr_carea' id='block_1_80' title="bbox 2136 3726 3724 3802">
    <p class='ocr_par' dir='ltr' id='par_1_80' title="bbox 2136 3726 3724 3802">
     <span class='ocr_line' id='line_1_80' title="bbox 2136 3726 3724 3802; baseline 0.001 -20"><span class='ocrx_word' id='word_1_564' title='bbox 2136 3728 2348 3802; x_wconf 78' lang='grc' dir='ltr'>μητρὸς</span> <span class='ocrx_word' id='word_1_565' title='bbox 2369 3728 2479 3782; x_wconf 89' lang='grc' dir='ltr'><strong>τῶν</strong></span> <span class='ocrx_word' id='word_1_566' title='bbox 2508 3727 2695 3782; x_wconf 81' lang='grc' dir='ltr'>κακῶν</span> <span class='ocrx_word' id='word_1_567' title='bbox 2733 3726 3107 3798; x_wconf 88' lang='grc' dir='ltr'>ἀποτιλείσης,</span> <span class='ocrx_word' id='word_1_568' title='bbox 3139 3726 3322 3781; x_wconf 86' lang='grc' dir='ltr'>πάντα</span> <span class='ocrx_word' id='word_1_569' title='bbox 3348 3727 3419 3781; x_wconf 80' lang='grc' dir='ltr'>τὰ</span> <span class='ocrx_word' id='word_1_570' title='bbox 3463 3726 3523 3795; x_wconf 79' lang='grc' dir='ltr'><strong>ἐξ</strong></span> <span class='ocrx_word' id='word_1_571' title='bbox 3552 3729 3724 3800; x_wconf 80' lang='grc' dir='ltr'>αὐτῆς</span> 
     </span>
    </p>
   </div>
   <div class='ocr_carea' id='block_1_81' title="bbox 2132 3818 3718 3892">
    <p class='ocr_par' dir='ltr' id='par_1_81' title="bbox 2132 3818 3718 3892">
     <span class='ocr_line' id='line_1_81' title="bbox 2132 3818 3718 3892; baseline 0 -18"><span class='ocrx_word' id='word_1_572' title='bbox 2132 3837 2195 3874; x_wconf 89' lang='grc' dir='ltr'><strong>τε</strong></span> <span class='ocrx_word' id='word_1_573' title='bbox 2224 3821 2319 3875; x_wconf 75' lang='grc' dir='ltr'>καὶ</span> <span class='ocrx_word' id='word_1_574' title='bbox 2354 3821 2474 3891; x_wconf 81' lang='grc' dir='ltr'>μετ’</span> <span class='ocrx_word' id='word_1_575' title='bbox 2519 3820 2712 3890; x_wconf 75' lang='grc' dir='ltr'>αὑτὴν,</span> <span class='ocrx_word' id='word_1_576' title='bbox 2761 3818 3252 3873; x_wconf 87' lang='grc' dir='ltr'>συναποτίλλεσθαι</span> <span class='ocrx_word' id='word_1_577' title='bbox 3283 3818 3477 3874; x_wconf 75' lang='grc' dir='ltr'>εἴωθεν</span> <span class='ocrx_word' id='word_1_578' title='bbox 3527 3821 3718 3892; x_wconf 69' lang='grc' dir='ltr'>ἐπειδὴ</span> 
     </span>
    </p>
   </div>
   <div class='ocr_carea' id='block_1_82' title="bbox 2132 3909 3724 3985">
    <p class='ocr_par' dir='ltr' id='par_1_82' title="bbox 2132 3909 3724 3985">
     <span class='ocr_line' id='line_1_82' title="bbox 2132 3909 3724 3985; baseline -0.001 -18"><span class='ocrx_word' id='word_1_579' title='bbox 2132 3912 2342 3985; x_wconf 85' lang='grc' dir='ltr'>ταύτης</span> <span class='ocrx_word' id='word_1_580' title='bbox 2373 3911 2450 3985; x_wconf 81' lang='grc' dir='ltr'>μὴ</span> <span class='ocrx_word' id='word_1_581' title='bbox 2472 3911 2665 3983; x_wconf 83' lang='grc' dir='ltr'>οὑσης,</span> <span class='ocrx_word' id='word_1_582' title='bbox 2702 3910 2823 3965; x_wconf 70' lang='grc' dir='ltr'>οὑδὲ</span> <span class='ocrx_word' id='word_1_583' title='bbox 2852 3910 3110 3981; x_wconf 78' lang='grc' dir='ltr'>οὐδαμῶς</span> <span class='ocrx_word' id='word_1_584' title='bbox 3133 3909 3197 3964; x_wconf 78' lang='grc' dir='ltr'><strong>τὸ</strong></span> <span class='ocrx_word' id='word_1_585' title='bbox 3225 3910 3493 3980; x_wconf 87' lang='grc' dir='ltr'>παράπαν</span> <span class='ocrx_word' id='word_1_586' title='bbox 3525 3913 3724 3976; x_wconf 78' lang='grc' dir='ltr'>κακίας</span> 
     </span>
    </p>
   </div>
   <div class='ocr_carea' id='block_1_83' title="bbox 2134 4002 3677 4079">
    <p class='ocr_par' dir='ltr' id='par_1_83' title="bbox 2134 4002 3677 4079">
     <span class='ocr_line' id='line_1_83' title="bbox 2134 4002 3677 4079; baseline -0.004 -17"><span class='ocrx_word' id='word_1_587' title='bbox 2134 4003 2275 4072; x_wconf 81' lang='grc' dir='ltr'>εῐδος</span> <span class='ocrx_word' id='word_1_588' title='bbox 2304 4007 2339 4079; x_wconf 83' lang='grc' dir='ltr'>ἢ</span> <span class='ocrx_word' id='word_1_589' title='bbox 2372 4007 2518 4078; x_wconf 73' lang='grc' dir='ltr'>ἴχνος</span> <span class='ocrx_word' id='word_1_590' title='bbox 2544 4002 2874 4074; x_wconf 79' lang='grc' dir='ltr'>ὑφίστασθαι</span> <span class='ocrx_word' id='word_1_591' title='bbox 2903 4003 3152 4059; x_wconf 89' lang='grc' dir='ltr'>δύναται.</span> <span class='ocrx_word' id='word_1_592' title='bbox 3665 4004 3677 4017; x_wconf 77' lang='grc'>⁶</span> 
     </span>
    </p>
   </div>
   <div class='ocr_carea' id='block_1_84' title="bbox 2205 4094 3723 4168">
    <p class='ocr_par' dir='ltr' id='par_1_84' title="bbox 2205 4094 3723 4168">
     <span class='ocr_line' id='line_1_84' title="bbox 2205 4094 3723 4168; baseline -0.003 -15"><span class='ocrx_word' id='word_1_593' title='bbox 2205 4097 2301 4153; x_wconf 87' lang='grc' dir='ltr'>λδ’.</span> <span class='ocrx_word' id='word_1_594' title='bbox 2333 4099 2462 4153; x_wconf 86' lang='grc' dir='ltr'><strong>Δέον</strong></span> <span class='ocrx_word' id='word_1_595' title='bbox 2486 4098 2653 4161; x_wconf 71' lang='grc' dir='ltr'>ἐστὶν,</span> <span class='ocrx_word' id='word_1_596' title='bbox 2684 4096 2891 4151; x_wconf 80' lang='grc' dir='ltr'>ἑαυτῶν</span> <span class='ocrx_word' id='word_1_597' title='bbox 2925 4097 3020 4153; x_wconf 77' lang='grc' dir='ltr'>καὶ</span> <span class='ocrx_word' id='word_1_598' title='bbox 3044 4095 3291 4168; x_wconf 83' lang='grc' dir='ltr'>ἀλλήλων</span> <span class='ocrx_word' id='word_1_599' title='bbox 3322 4094 3572 4150; x_wconf 82' lang='grc' dir='ltr'>τοσοῦτον</span> <span class='ocrx_word' id='word_1_600' title='bbox 3598 4095 3723 4150; x_wconf 68' lang='grc' dir='ltr'>ἀντι</span> 
     </span>
    </p>
   </div>
   <div class='ocr_carea' id='block_1_85' title="bbox 2134 4188 3718 4264">
    <p class='ocr_par' dir='ltr' id='par_1_85' title="bbox 2134 4188 3718 4264">
     <span class='ocr_line' id='line_1_85' title="bbox 2134 4188 3718 4264; baseline -0.001 -19"><span class='ocrx_word' id='word_1_601' title='bbox 2134 4192 2378 4264; x_wconf 82' lang='grc' dir='ltr'>ἐχεσθαι,</span> <span class='ocrx_word' id='word_1_602' title='bbox 2431 4193 2555 4245; x_wconf 83' lang='grc' dir='ltr'>ὅσον</span> <span class='ocrx_word' id='word_1_603' title='bbox 2580 4190 2744 4254; x_wconf 75' lang='grc' dir='ltr'>αὐτὸς</span> <span class='ocrx_word' id='word_1_604' title='bbox 2772 4189 2838 4244; x_wconf 83' lang='grc' dir='ltr'><strong>δι’</strong></span> <span class='ocrx_word' id='word_1_605' title='bbox 2868 4189 3036 4244; x_wconf 78' lang='grc' dir='ltr'>αὑτοῦ</span> <span class='ocrx_word' id='word_1_606' title='bbox 3084 4188 3114 4242; x_wconf 82' lang='grc' dir='ltr'><strong>ὁ</strong></span> <span class='ocrx_word' id='word_1_607' title='bbox 3144 4189 3384 4263; x_wconf 83' lang='grc' dir='ltr'>Χριστὸς</span> <span class='ocrx_word' id='word_1_608' title='bbox 3427 4188 3718 4261; x_wconf 76' lang='grc' dir='ltr'>προλαϐὼν</span> 
     </span>
    </p>
   </div>
   <div class='ocr_carea' id='block_1_86' title="bbox 2135 4281 3495 4356">
    <p class='ocr_par' dir='ltr' id='par_1_86' title="bbox 2135 4281 3495 4356">
     <span class='ocr_line' id='line_1_86' title="bbox 2135 4281 3495 4356; baseline -0.003 -17"><span class='ocrx_word' id='word_1_609' title='bbox 2135 4284 2485 4349; x_wconf 77' lang='grc' dir='ltr'>ἀπεδείξατο,</span> <span class='ocrx_word' id='word_1_610' title='bbox 2514 4284 2657 4355; x_wconf 83' lang='grc' dir='ltr'>ὑπὲρ</span> <span class='ocrx_word' id='word_1_611' title='bbox 2684 4286 2715 4355; x_wconf 81' lang='grc' dir='ltr'><strong>ἡ</strong></span> <span class='ocrx_word' id='word_1_612' title='bbox 2725 4282 2843 4356; x_wconf 91' lang='grc' dir='ltr'><strong>μῶν</strong></span> <span class='ocrx_word' id='word_1_613' title='bbox 2869 4283 3067 4338; x_wconf 85' lang='grc' dir='ltr'>παθεῖν</span> <span class='ocrx_word' id='word_1_614' title='bbox 3099 4281 3495 4354; x_wconf 82' lang='grc' dir='ltr'>ἀνασχόμενος.</span> 
     </span>
    </p>
   </div>
   <div class='ocr_carea' id='block_1_87' title="bbox 464 4446 2023 4536">
    <p class='ocr_par' dir='ltr' id='par_1_87' title="bbox 464 4446 2023 4535">
     <span class='ocr_line' id='line_1_87' title="bbox 464 4446 2023 4535; baseline 0.005 -24"><span class='ocrx_word' id='word_1_615' title='bbox 464 4446 594 4517; x_wconf 58' lang='grc'><strong>35.</strong></span> <span class='ocrx_word' id='word_1_616' title='bbox 655 4455 843 4512; x_wconf 87' lang='lat' dir='ltr'><strong>Sancti</strong></span> <span class='ocrx_word' id='word_1_617' title='bbox 895 4470 1089 4513; x_wconf 89' lang='lat' dir='ltr'><strong>omnes</strong></span> <span class='ocrx_word' id='word_1_618' title='bbox 1134 4466 1362 4528; x_wconf 83' lang='lat' dir='ltr'><strong>propter</strong></span> <span class='ocrx_word' id='word_1_619' title='bbox 1418 4459 1743 4517; x_wconf 87' lang='lat' dir='ltr'><strong>charitatem</strong></span> <span class='ocrx_word' id='word_1_620' title='bbox 1798 4463 2023 4535; x_wconf 89' lang='lat' dir='ltr'><strong>ejusque</strong></span> 
     </span>
    </p>
   </div>
   <div class='ocr_carea' id='block_1_88' title="bbox 2136 4446 3725 4536">
    <p class='ocr_par' dir='ltr' id='par_1_88' title="bbox 2208 4462 3725 4536">
     <span class='ocr_line' id='line_1_88' title="bbox 2208 4462 3725 4536; baseline -0.003 -16"><span class='ocrx_word' id='word_1_621' title='bbox 2208 4466 2306 4521; x_wconf 86' lang='grc' dir='ltr'><strong>λε’.</strong></span> <span class='ocrx_word' id='word_1_622' title='bbox 2350 4465 2453 4519; x_wconf 88' lang='grc' dir='ltr'>Διά</span> <span class='ocrx_word' id='word_1_623' title='bbox 2492 4464 2592 4536; x_wconf 83' lang='grc' dir='ltr'>τὴν</span> <span class='ocrx_word' id='word_1_624' title='bbox 2620 4462 2846 4536; x_wconf 88' lang='grc' dir='ltr'>ἀγάπην</span> <span class='ocrx_word' id='word_1_625' title='bbox 2886 4464 2937 4517; x_wconf 77' lang='lat' dir='ltr'><strong>oi</strong></span> <span class='ocrx_word' id='word_1_626' title='bbox 2989 4463 3138 4532; x_wconf 80' lang='grc' dir='ltr'>άγιοι</span> <span class='ocrx_word' id='word_1_627' title='bbox 3189 4462 3395 4527; x_wconf 83' lang='grc' dir='ltr'>πάντες</span> <span class='ocrx_word' id='word_1_628' title='bbox 3441 4463 3583 4534; x_wconf 76' lang='grc' dir='ltr'>πρὸς</span> <span class='ocrx_word' id='word_1_629' title='bbox 3627 4462 3725 4533; x_wconf 79' lang='grc' dir='ltr'>τὴν</span> 
     </span>
    </p>
   </div>
   <div class='ocr_carea' id='block_1_89' title="bbox 435 4547 2030 4627">
    <p class='ocr_par' dir='ltr' id='par_1_89' title="bbox 435 4547 2030 4627">
     <span class='ocr_line' id='line_1_89' title="bbox 435 4547 2030 4627; baseline 0.004 -23"><span class='ocrx_word' id='word_1_630' title='bbox 435 4555 573 4604; x_wconf 91' lang='lat' dir='ltr'><strong>nutu</strong></span> <span class='ocrx_word' id='word_1_631' title='bbox 597 4557 825 4620; x_wconf 81' lang='lat' dir='ltr'><strong>peccato</strong></span> <span class='ocrx_word' id='word_1_632' title='bbox 849 4547 1194 4614; x_wconf 88' lang='lat' dir='ltr'><strong>restiterunt,</strong></span> <span class='ocrx_word' id='word_1_633' title='bbox 1228 4551 1435 4627; x_wconf 80' lang='lat' dir='ltr'><strong>nullam</strong></span> <span class='ocrx_word' id='word_1_634' title='bbox 1470 4554 1760 4623; x_wconf 66' lang='lat' dir='ltr'><strong>praesentis</strong></span> <span class='ocrx_word' id='word_1_635' title='bbox 1783 4554 1911 4612; x_wconf 68' lang='lat' dir='ltr'><strong>vita:</strong></span> <span class='ocrx_word' id='word_1_636' title='bbox 1938 4571 2030 4611; x_wconf 87' lang='lat' dir='ltr'><strong>ra-</strong></span> 
     </span>
    </p>
   </div>
   <div class='ocr_carea' id='block_1_90' title="bbox 438 4640 2000 4718">
    <p class='ocr_par' dir='ltr' id='par_1_90' title="bbox 438 4640 2000 4718">
     <span class='ocr_line' id='line_1_90' title="bbox 438 4640 2000 4718; baseline 0.005 -22"><span class='ocrx_word' id='word_1_637' title='bbox 438 4640 646 4698; x_wconf 88' lang='lat' dir='ltr'><strong>tionem</strong></span> <span class='ocrx_word' id='word_1_638' title='bbox 690 4641 994 4709; x_wconf 85' lang='lat' dir='ltr'><strong>habentes;</strong></span> <span class='ocrx_word' id='word_1_639' title='bbox 1027 4641 1355 4713; x_wconf 88' lang='lat' dir='ltr'><strong>diversaque</strong></span> <span class='ocrx_word' id='word_1_640' title='bbox 1388 4644 1582 4701; x_wconf 90' lang='lat' dir='ltr'><strong>mortis</strong></span> <span class='ocrx_word' id='word_1_641' title='bbox 1616 4662 1819 4718; x_wconf 89' lang='lat' dir='ltr'><strong>genera</strong></span> <span class='ocrx_word' id='word_1_642' title='bbox 1860 4649 2000 4706; x_wconf 89' lang='lat' dir='ltr'><strong>susti</strong></span> 
     </span>
    </p>
   </div>
   <div class='ocr_carea' id='block_1_91' title="bbox 437 4733 2027 4814">
    <p class='ocr_par' dir='ltr' id='par_1_91' title="bbox 437 4733 2027 4814">
     <span class='ocr_line' id='line_1_91' title="bbox 437 4733 2027 4814; baseline 0.006 -25"><span class='ocrx_word' id='word_1_643' title='bbox 437 4741 701 4800; x_wconf 88' lang='lat' dir='ltr'><strong>nuerunt,</strong></span> <span class='ocrx_word' id='word_1_644' title='bbox 727 4742 787 4788; x_wconf 89' lang='lat' dir='ltr'><strong>ut</strong></span> <span class='ocrx_word' id='word_1_645' title='bbox 816 4733 922 4804; x_wconf 90' lang='lat' dir='ltr'><strong>ipsi</strong></span> <span class='ocrx_word' id='word_1_646' title='bbox 949 4733 1004 4788; x_wconf 89' lang='lat' dir='ltr'><strong>in</strong></span> <span class='ocrx_word' id='word_1_647' title='bbox 1026 4749 1085 4791; x_wconf 90' lang='lat' dir='ltr'><strong>se</strong></span> <span class='ocrx_word' id='word_1_648' title='bbox 1112 4750 1178 4791; x_wconf 90' lang='lat' dir='ltr'><strong>ac</strong></span> <span class='ocrx_word' id='word_1_649' title='bbox 1204 4735 1378 4791; x_wconf 88' lang='lat' dir='ltr'><strong>Deum</strong></span> <span class='ocrx_word' id='word_1_650' title='bbox 1408 4752 1441 4792; x_wconf 90' lang='lat' dir='ltr'><strong>a</strong></span> <span class='ocrx_word' id='word_1_651' title='bbox 1465 4739 1674 4793; x_wconf 90' lang='lat' dir='ltr'><strong>mundo</strong></span> <span class='ocrx_word' id='word_1_652' title='bbox 1698 4741 2027 4814; x_wconf 86' lang='lat' dir='ltr'><strong>colligeren-</strong></span> 
     </span>
    </p>
   </div>
   <div class='ocr_carea' id='block_1_92' title="bbox 436 4825 2028 4905">
    <p class='ocr_par' dir='ltr' id='par_1_92' title="bbox 436 4825 2028 4905">
     <span class='ocr_line' id='line_1_92' title="bbox 436 4825 2028 4905; baseline 0.009 -25"><span class='ocrx_word' id='word_1_653' title='bbox 436 4835 547 4892; x_wconf 89' lang='lat' dir='ltr'><strong>tur,</strong></span> <span class='ocrx_word' id='word_1_654' title='bbox 578 4825 912 4896; x_wconf 89' lang='lat' dir='ltr'><strong>unirentque</strong></span> <span class='ocrx_word' id='word_1_655' title='bbox 953 4825 1010 4881; x_wconf 91' lang='lat' dir='ltr'><strong>in</strong></span> <span class='ocrx_word' id='word_1_656' title='bbox 1054 4842 1114 4882; x_wconf 90' lang='lat' dir='ltr'><strong>se</strong></span> <span class='ocrx_word' id='word_1_657' title='bbox 1157 4826 1289 4898; x_wconf 90' lang='lat' dir='ltr'><strong>ipsis</strong></span> <span class='ocrx_word' id='word_1_658' title='bbox 1334 4839 1546 4886; x_wconf 81' lang='lat' dir='ltr'><strong>naturae</strong></span> <span class='ocrx_word' id='word_1_659' title='bbox 1590 4834 1855 4905; x_wconf 83' lang='lat' dir='ltr'><strong>segmina.</strong></span> <span class='ocrx_word' id='word_1_660' title='bbox 1900 4835 2028 4894; x_wconf 69' lang='lat' dir='ltr'><strong>llaec</strong></span> 
     </span>
    </p>
   </div>
   <div class='ocr_carea' id='block_1_93' title="bbox 432 4908 2029 4993">
    <p class='ocr_par' dir='ltr' id='par_1_93' title="bbox 432 4908 2029 4993">
     <span class='ocr_line' id='line_1_93' title="bbox 432 4908 2029 4993; baseline 0.006 -22"><span class='ocrx_word' id='word_1_661' title='bbox 432 4916 585 4971; x_wconf 91' lang='lat' dir='ltr'><strong>enim</strong></span> <span class='ocrx_word' id='word_1_662' title='bbox 615 4931 746 4971; x_wconf 86' lang='lat' dir='ltr'><strong>vera</strong></span> <span class='ocrx_word' id='word_1_663' title='bbox 791 4932 857 4972; x_wconf 89' lang='lat' dir='ltr'><strong>ac</strong></span> <span class='ocrx_word' id='word_1_664' title='bbox 898 4915 1178 4987; x_wconf 85' lang='lat' dir='ltr'><strong>inculpata</strong></span> <span class='ocrx_word' id='word_1_665' title='bbox 1230 4915 1476 4973; x_wconf 84' lang='lat' dir='ltr'><strong>ﬁdelium</strong></span> <span class='ocrx_word' id='word_1_666' title='bbox 1526 4919 1713 4976; x_wconf 90' lang='lat' dir='ltr'><strong>divina</strong></span> <span class='ocrx_word' id='word_1_667' title='bbox 1759 4908 2029 4993; x_wconf 83' lang='lat' dir='ltr'><strong>sapientia</strong></span> 
     </span>
    </p>
   </div>
   <div class='ocr_carea' id='block_1_94' title="bbox 434 4992 2029 5085">
    <p class='ocr_par' dir='ltr' id='par_1_94' title="bbox 434 4992 2029 5085">
     <span class='ocr_line' id='line_1_94' title="bbox 434 4992 2029 5085; baseline 0.004 -20"><span class='ocrx_word' id='word_1_668' title='bbox 434 5010 617 5082; x_wconf 91' lang='lat' dir='ltr'><strong>(cujus</strong></span> <span class='ocrx_word' id='word_1_669' title='bbox 658 5006 786 5063; x_wconf 84' lang='lat' dir='ltr'><strong>ﬁnis</strong></span> <span class='ocrx_word' id='word_1_670' title='bbox 832 5008 1037 5064; x_wconf 88' lang='lat' dir='ltr'><strong>bonum</strong></span> <span class='ocrx_word' id='word_1_671' title='bbox 1082 5017 1169 5064; x_wconf 89' lang='lat' dir='ltr'><strong>est</strong></span> <span class='ocrx_word' id='word_1_672' title='bbox 1215 5017 1380 5079; x_wconf 90' lang='lat' dir='ltr'><strong>atque</strong></span> <span class='ocrx_word' id='word_1_673' title='bbox 1424 5011 1634 5068; x_wconf 87' lang='lat' dir='ltr'><strong>veritas</strong></span> <span class='ocrx_word' id='word_1_674' title='bbox 1688 5031 1702 5068; x_wconf 91' lang='lat'><strong>:</strong></span> <span class='ocrx_word' id='word_1_675' title='bbox 1750 4992 2029 5085; x_wconf 81' lang='lat' dir='ltr'><strong>siquidem</strong></span> 
     </span>
    </p>
   </div>
   <div class='ocr_carea' id='block_1_95' title="bbox 436 5098 2026 5174">
    <p class='ocr_par' dir='ltr' id='par_1_95' title="bbox 436 5098 2026 5174">
     <span class='ocr_line' id='line_1_95' title="bbox 436 5098 2026 5174; baseline 0.005 -19"><span class='ocrx_word' id='word_1_676' title='bbox 436 5099 667 5165; x_wconf 88' lang='lat' dir='ltr'><strong>bonum,</strong></span> <span class='ocrx_word' id='word_1_677' title='bbox 698 5114 977 5170; x_wconf 89' lang='lat' dir='ltr'><strong>propensa</strong></span> <span class='ocrx_word' id='word_1_678' title='bbox 1020 5098 1333 5170; x_wconf 73' lang='lat' dir='ltr'><strong>benignitas</strong></span> <span class='ocrx_word' id='word_1_679' title='bbox 1355 5110 1441 5158; x_wconf 88' lang='lat' dir='ltr'><strong>est</strong></span> <span class='ocrx_word' id='word_1_680' title='bbox 1471 5110 1527 5157; x_wconf 88' lang='lat' dir='ltr'><strong>et</strong></span> <span class='ocrx_word' id='word_1_681' title='bbox 1557 5102 1901 5174; x_wconf 84' lang='lat' dir='ltr'><strong>humanitas;</strong></span> <span class='ocrx_word' id='word_1_682' title='bbox 1926 5122 2026 5164; x_wconf 88' lang='lat' dir='ltr'><strong>ve-</strong></span> 
     </span>
    </p>
   </div>
   <div class='ocr_carea' id='block_1_96' title="bbox 435 5188 2025 5266">
    <p class='ocr_par' dir='ltr' id='par_1_96' title="bbox 435 5188 2025 5266">
     <span class='ocr_line' id='line_1_96' title="bbox 435 5188 2025 5266; baseline 0.008 -24"><span class='ocrx_word' id='word_1_683' title='bbox 435 5202 706 5257; x_wconf 89' lang='lat' dir='ltr'><strong>rumque,</strong></span> <span class='ocrx_word' id='word_1_684' title='bbox 753 5206 822 5244; x_wconf 80' lang='lat' dir='ltr'><strong>ex</strong></span> <span class='ocrx_word' id='word_1_685' title='bbox 867 5188 996 5244; x_wconf 82' lang='lat' dir='ltr'><strong>ﬁdei</strong></span> <span class='ocrx_word' id='word_1_686' title='bbox 1041 5190 1351 5245; x_wconf 90' lang='lat' dir='ltr'><strong>rationibus</strong></span> <span class='ocrx_word' id='word_1_687' title='bbox 1400 5195 1703 5264; x_wconf 87' lang='lat' dir='ltr'><strong>composita</strong></span> <span class='ocrx_word' id='word_1_688' title='bbox 1744 5195 1923 5266; x_wconf 88' lang='lat' dir='ltr'><strong>pietas</strong></span> <span class='ocrx_word' id='word_1_689' title='bbox 1959 5215 2025 5254; x_wconf 91' lang='lat' dir='ltr'><strong>ac</strong></span> 
     </span>
    </p>
   </div>
   <div class='ocr_carea' id='block_1_97' title="bbox 437 5281 2025 5360">
    <p class='ocr_par' dir='ltr' id='par_1_97' title="bbox 437 5281 2025 5360">
     <span class='ocr_line' id='line_1_97' title="bbox 437 5281 2025 5360; baseline 0.007 -24"><span class='ocrx_word' id='word_1_690' title='bbox 437 5282 666 5351; x_wconf 82' lang='lat' dir='ltr'><strong>religio;</strong></span> <span class='ocrx_word' id='word_1_691' title='bbox 708 5298 839 5337; x_wconf 88' lang='lat' dir='ltr'><strong>vera</strong></span> <span class='ocrx_word' id='word_1_692' title='bbox 884 5281 1099 5337; x_wconf 86' lang='lat' dir='ltr'><strong>scilicet</strong></span> <span class='ocrx_word' id='word_1_693' title='bbox 1159 5282 1448 5340; x_wconf 89' lang='lat' dir='ltr'><strong>charitatis</strong></span> <span class='ocrx_word' id='word_1_694' title='bbox 1492 5285 1753 5356; x_wconf 83' lang='lat' dir='ltr'><strong>insignia)</strong></span> <span class='ocrx_word' id='word_1_695' title='bbox 1798 5298 1859 5343; x_wconf 92' lang='lat' dir='ltr'><strong>ut</strong></span> <span class='ocrx_word' id='word_1_696' title='bbox 1902 5305 2025 5360; x_wconf 77' lang='lat' dir='ltr'><strong>qua:</strong></span> 
     </span>
    </p>
   </div>
   <div class='ocr_carea' id='block_1_98' title="bbox 436 5371 2024 5447">
    <p class='ocr_par' dir='ltr' id='par_1_98' title="bbox 436 5371 2024 5447">
     <span class='ocr_line' id='line_1_98' title="bbox 436 5371 2024 5447; baseline 0.005 -19"><span class='ocrx_word' id='word_1_697' title='bbox 436 5373 571 5437; x_wconf 84' lang='lat' dir='ltr'><strong>Deo,</strong></span> <span class='ocrx_word' id='word_1_698' title='bbox 607 5372 855 5442; x_wconf 87' lang='lat' dir='ltr'><strong>aliosque</strong></span> <span class='ocrx_word' id='word_1_699' title='bbox 886 5371 1012 5425; x_wconf 87' lang='lat' dir='ltr'><strong>aliis</strong></span> <span class='ocrx_word' id='word_1_700' title='bbox 1045 5372 1298 5428; x_wconf 86' lang='lat' dir='ltr'><strong>homines</strong></span> <span class='ocrx_word' id='word_1_701' title='bbox 1340 5375 1656 5446; x_wconf 87' lang='lat' dir='ltr'><strong>conjungat,</strong></span> <span class='ocrx_word' id='word_1_702' title='bbox 1690 5391 1923 5447; x_wconf 88' lang='lat' dir='ltr'><strong>eamque</strong></span> <span class='ocrx_word' id='word_1_703' title='bbox 1952 5381 2024 5436; x_wconf 92' lang='lat' dir='ltr'><strong>ob</strong></span> 
     </span>
    </p>
   </div>
   <div class='ocr_carea' id='block_1_99' title="bbox 436 5460 2023 5543">
    <p class='ocr_par' dir='ltr' id='par_1_99' title="bbox 436 5460 2023 5543">
     <span class='ocr_line' id='line_1_99' title="bbox 436 5460 2023 5543; baseline 0.007 -27"><span class='ocrx_word' id='word_1_704' title='bbox 436 5477 550 5517; x_wconf 91' lang='lat' dir='ltr'><strong>rem</strong></span> <span class='ocrx_word' id='word_1_705' title='bbox 583 5460 743 5518; x_wconf 84' lang='lat' dir='ltr'><strong>lirma</strong></span> <span class='ocrx_word' id='word_1_706' title='bbox 771 5477 837 5517; x_wconf 91' lang='lat' dir='ltr'><strong>ac</strong></span> <span class='ocrx_word' id='word_1_707' title='bbox 880 5461 1156 5516; x_wconf 88' lang='lat' dir='ltr'><strong>constanti</strong></span> <span class='ocrx_word' id='word_1_708' title='bbox 1199 5462 1471 5520; x_wconf 90' lang='lat' dir='ltr'><strong>bonorum</strong></span> <span class='ocrx_word' id='word_1_709' title='bbox 1504 5468 1848 5536; x_wconf 76' lang='lat' dir='ltr'><strong>peremlitate</strong></span> <span class='ocrx_word' id='word_1_710' title='bbox 1889 5486 2023 5543; x_wconf 85' lang='lat' dir='ltr'><strong>gau-</strong></span> 
     </span>
    </p>
   </div>
   <div class='ocr_carea' id='block_1_100' title="bbox 432 5554 579 5611">
    <p class='ocr_par' dir='ltr' id='par_1_100' title="bbox 432 5554 579 5611">
     <span class='ocr_line' id='line_1_100' title="bbox 432 5554 579 5611; baseline 0.007 -1"><span class='ocrx_word' id='word_1_711' title='bbox 432 5554 579 5611; x_wconf 84' lang='lat' dir='ltr'><strong>deat.</strong></span> 
     </span>
    </p>
   </div>
   <div class='ocr_carea' id='block_1_101' title="bbox 507 5730 1449 5799">
    <p class='ocr_par' dir='ltr' id='par_1_101' title="bbox 507 5730 1449 5799">
     <span class='ocr_line' id='line_1_101' title="bbox 507 5730 1449 5799; baseline 0 -12"><span class='ocrx_word' id='word_1_712' title='bbox 507 5731 554 5765; x_wconf 86' lang='grc'><strong>⁸⁸</strong></span> <span class='ocrx_word' id='word_1_713' title='bbox 583 5730 742 5787; x_wconf 86' lang='lat' dir='ltr'><strong>Deut.</strong></span> <span class='ocrx_word' id='word_1_714' title='bbox 781 5747 852 5798; x_wconf 67' lang='grc' dir='ltr'>γι,</span> <span class='ocrx_word' id='word_1_715' title='bbox 884 5732 948 5798; x_wconf 81' lang='lat'><strong>5;</strong></span> <span class='ocrx_word' id='word_1_716' title='bbox 982 5731 1174 5786; x_wconf 82' lang='lat' dir='ltr'><strong>Matth.</strong></span> <span class='ocrx_word' id='word_1_717' title='bbox 1198 5749 1328 5799; x_wconf 58' lang='grc' dir='ltr'>χιιι,</span> <span class='ocrx_word' id='word_1_718' title='bbox 1361 5735 1449 5787; x_wconf 83' lang='grc'><strong>57.</strong></span> 
     </span>
    </p>
   </div>
   <div class='ocr_carea' id='block_1_102' title="bbox 2139 4552 3722 4630">
    <p class='ocr_par' dir='ltr' id='par_1_102' title="bbox 2139 4552 3722 4630">
     <span class='ocr_line' id='line_1_102' title="bbox 2139 4552 3722 4630; baseline -0.003 -18"><span class='ocrx_word' id='word_1_719' title='bbox 2139 4557 2420 4630; x_wconf 82' lang='grc' dir='ltr'>ἁμαρτίαν</span> <span class='ocrx_word' id='word_1_720' title='bbox 2461 4555 2961 4627; x_wconf 84' lang='grc' dir='ltr'>ἀντικατέστησαν,</span> <span class='ocrx_word' id='word_1_721' title='bbox 2989 4554 3092 4626; x_wconf 81' lang='grc' dir='ltr'>τῆς</span> <span class='ocrx_word' id='word_1_722' title='bbox 3121 4553 3414 4626; x_wconf 82' lang='grc' dir='ltr'>παρούσης</span> <span class='ocrx_word' id='word_1_723' title='bbox 3445 4552 3594 4625; x_wconf 79' lang='grc' dir='ltr'>ζωῆς</span> <span class='ocrx_word' id='word_1_724' title='bbox 3630 4554 3722 4608; x_wconf 85' lang='grc' dir='ltr'>οὑ-</span> 
     </span>
    </p>
   </div>
   <div class='ocr_carea' id='block_1_103' title="bbox 2133 4642 3720 4734">
    <p class='ocr_par' dir='ltr' id='par_1_103' title="bbox 2133 4642 3720 4734">
     <span class='ocr_line' id='line_1_103' title="bbox 2133 4642 3720 4734; baseline -0.004 -28"><span class='ocrx_word' id='word_1_725' title='bbox 2133 4649 2263 4706; x_wconf 85' lang='grc' dir='ltr'>δένα</span> <span class='ocrx_word' id='word_1_726' title='bbox 2292 4648 2452 4717; x_wconf 89' lang='grc' dir='ltr'>λόγον</span> <span class='ocrx_word' id='word_1_727' title='bbox 2480 4647 2882 4734; x_wconf 58' lang='grc' dir='ltr'><strong>ποιησάμενοι⁸</strong></span> <span class='ocrx_word' id='word_1_728' title='bbox 2951 4646 3047 4701; x_wconf 64' lang='grc' dir='ltr'><strong>καὶ⁵</strong></span> <span class='ocrx_word' id='word_1_729' title='bbox 3100 4647 3229 4710; x_wconf 79' lang='grc' dir='ltr'>τοὺς</span> <span class='ocrx_word' id='word_1_730' title='bbox 3283 4646 3586 4711; x_wconf 79' lang='grc' dir='ltr'>πολυειδεῖς</span> <span class='ocrx_word' id='word_1_731' title='bbox 3628 4642 3720 4700; x_wconf 76' lang='grc' dir='ltr'>τοῦ</span> 
     </span>
    </p>
   </div>
   <div class='ocr_carea' id='block_1_104' title="bbox 2135 4738 3724 4814">
    <p class='ocr_par' dir='ltr' id='par_1_104' title="bbox 2135 4738 3724 4814">
     <span class='ocr_line' id='line_1_104' title="bbox 2135 4738 3724 4814; baseline -0.004 -15"><span class='ocrx_word' id='word_1_732' title='bbox 2135 4743 2375 4799; x_wconf 87' lang='grc' dir='ltr'>θανάτου</span> <span class='ocrx_word' id='word_1_733' title='bbox 2404 4742 2645 4814; x_wconf 88' lang='grc' dir='ltr'>τρόπους</span> <span class='ocrx_word' id='word_1_734' title='bbox 2673 4741 3015 4810; x_wconf 84' lang='grc' dir='ltr'>ὑπέστησαν,</span> <span class='ocrx_word' id='word_1_735' title='bbox 3057 4740 3145 4794; x_wconf 75' lang='grc' dir='ltr'><strong>ἵνα</strong></span> <span class='ocrx_word' id='word_1_736' title='bbox 3179 4739 3318 4813; x_wconf 77' lang='grc' dir='ltr'>πρὸς</span> <span class='ocrx_word' id='word_1_737' title='bbox 3360 4739 3591 4805; x_wconf 77' lang='grc' dir='ltr'>ἑαυτοὺς</span> <span class='ocrx_word' id='word_1_738' title='bbox 3616 4738 3724 4795; x_wconf 71' lang='grc' dir='ltr'><strong>ἀπο</strong></span> 
     </span>
    </p>
   </div>
   <div class='ocr_carea' id='block_1_105' title="bbox 2133 4831 3725 4907">
    <p class='ocr_par' dir='ltr' id='par_1_105' title="bbox 2133 4831 3725 4907">
     <span class='ocr_line' id='line_1_105' title="bbox 2133 4831 3725 4907; baseline -0.004 -16"><span class='ocrx_word' id='word_1_739' title='bbox 2133 4836 2231 4892; x_wconf 83' lang='grc' dir='ltr'>τοῦ</span> <span class='ocrx_word' id='word_1_740' title='bbox 2269 4836 2478 4907; x_wconf 85' lang='grc' dir='ltr'>κόσμου</span> <span class='ocrx_word' id='word_1_741' title='bbox 2506 4835 2601 4889; x_wconf 77' lang='grc' dir='ltr'>καὶ</span> <span class='ocrx_word' id='word_1_742' title='bbox 2632 4834 2724 4890; x_wconf 80' lang='grc' dir='ltr'>τὸν</span> <span class='ocrx_word' id='word_1_743' title='bbox 2756 4833 2892 4889; x_wconf 81' lang='grc' dir='ltr'>Θεὸν</span> <span class='ocrx_word' id='word_1_744' title='bbox 2923 4832 3253 4905; x_wconf 87' lang='grc' dir='ltr'>συναχθῶσι,</span> <span class='ocrx_word' id='word_1_745' title='bbox 3284 4831 3382 4886; x_wconf 69' lang='grc' dir='ltr'><strong>καὶ</strong></span> <span class='ocrx_word' id='word_1_746' title='bbox 3406 4831 3476 4886; x_wconf 90' lang='grc' dir='ltr'><strong>τά</strong></span> <span class='ocrx_word' id='word_1_747' title='bbox 3501 4831 3600 4903; x_wconf 81' lang='grc' dir='ltr'>τῆς</span> <span class='ocrx_word' id='word_1_748' title='bbox 3631 4832 3725 4901; x_wconf 80' lang='grc' dir='ltr'>φύ-</span> 
     </span>
    </p>
   </div>
   <div class='ocr_carea' id='block_1_106' title="bbox 2135 4920 3721 4995">
    <p class='ocr_par' dir='ltr' id='par_1_106' title="bbox 2135 4920 3721 4995">
     <span class='ocr_line' id='line_1_106' title="bbox 2135 4920 3721 4995; baseline -0.003 -15"><span class='ocrx_word' id='word_1_749' title='bbox 2135 4943 2277 4989; x_wconf 85' lang='grc' dir='ltr'>σεως</span> <span class='ocrx_word' id='word_1_750' title='bbox 2300 4925 2386 4995; x_wconf 72' lang='grc' dir='ltr'><strong>ἐφ’</strong></span> <span class='ocrx_word' id='word_1_751' title='bbox 2414 4925 2626 4979; x_wconf 78' lang='grc' dir='ltr'>ἑαυτῶν</span> <span class='ocrx_word' id='word_1_752' title='bbox 2651 4921 2896 4978; x_wconf 81' lang='grc' dir='ltr'>ὲνώσωσι</span> <span class='ocrx_word' id='word_1_753' title='bbox 2929 4925 3212 4995; x_wconf 77' lang='grc' dir='ltr'>ῥήγματα.</span> <span class='ocrx_word' id='word_1_754' title='bbox 3241 4920 3393 4994; x_wconf 74' lang='grc' dir='ltr'>Αὕτη</span> <span class='ocrx_word' id='word_1_755' title='bbox 3419 4920 3529 4994; x_wconf 87' lang='grc' dir='ltr'><strong>γάρ</strong></span> <span class='ocrx_word' id='word_1_756' title='bbox 3572 4922 3721 4976; x_wconf 77' lang='grc' dir='ltr'>ἐστιν</span> 
     </span>
    </p>
   </div>
   <div class='ocr_carea' id='block_1_107' title="bbox 2132 5008 3721 5091">
    <p class='ocr_par' dir='ltr' id='par_1_107' title="bbox 2132 5008 3721 5091">
     <span class='ocr_line' id='line_1_107' title="bbox 2132 5008 3721 5091; baseline -0.001 -19"><span class='ocrx_word' id='word_1_757' title='bbox 2132 5020 2167 5091; x_wconf 78' lang='grc' dir='ltr'><strong>η</strong></span> <span class='ocrx_word' id='word_1_758' title='bbox 2201 5017 2409 5090; x_wconf 82' lang='grc' dir='ltr'>ἀληθὴς</span> <span class='ocrx_word' id='word_1_759' title='bbox 2452 5018 2552 5072; x_wconf 80' lang='grc' dir='ltr'>καὶ</span> <span class='ocrx_word' id='word_1_760' title='bbox 2591 5015 2899 5089; x_wconf 86' lang='grc' dir='ltr'>ἀμώμητος</span> <span class='ocrx_word' id='word_1_761' title='bbox 2929 5016 3041 5071; x_wconf 83' lang='grc' dir='ltr'><strong>τῶν</strong></span> <span class='ocrx_word' id='word_1_762' title='bbox 3087 5015 3299 5071; x_wconf 85' lang='grc' dir='ltr'>πιστῶν</span> <span class='ocrx_word' id='word_1_763' title='bbox 3330 5014 3592 5085; x_wconf 83' lang='grc' dir='ltr'>θεοσοφία</span> <span class='ocrx_word' id='word_1_764' title='bbox 3613 5030 3626 5043; x_wconf 84' lang='grc'><em>’</em></span> <span class='ocrx_word' id='word_1_765' title='bbox 3654 5008 3721 5085; x_wconf 70' lang='grc' dir='ltr'>ἧς</span> 
     </span>
    </p>
   </div>
   <div class='ocr_carea' id='block_1_108' title="bbox 2134 5107 3719 5180">
    <p class='ocr_par' dir='ltr' id='par_1_108' title="bbox 2134 5107 3719 5180">
     <span class='ocr_line' id='line_1_108' title="bbox 2134 5107 3719 5180; baseline -0.001 -17"><span class='ocrx_word' id='word_1_766' title='bbox 2134 5109 2325 5175; x_wconf 80' lang='grc' dir='ltr'>τέλος,</span> <span class='ocrx_word' id='word_1_767' title='bbox 2360 5109 2422 5163; x_wconf 85' lang='grc' dir='ltr'><strong>τὺ</strong></span> <span class='ocrx_word' id='word_1_768' title='bbox 2465 5109 2672 5177; x_wconf 85' lang='grc' dir='ltr'>ἀγαθόν</span> <span class='ocrx_word' id='word_1_769' title='bbox 2710 5110 2828 5162; x_wconf 76' lang='grc' dir='ltr'>ἐστι</span> <span class='ocrx_word' id='word_1_770' title='bbox 2862 5109 2959 5163; x_wconf 81' lang='grc' dir='ltr'>καὶ</span> <span class='ocrx_word' id='word_1_771' title='bbox 2994 5109 3028 5180; x_wconf 82' lang='grc' dir='ltr'><strong>ἡ</strong></span> <span class='ocrx_word' id='word_1_772' title='bbox 3068 5107 3338 5180; x_wconf 77' lang='grc' dir='ltr'><strong>ἀλήθεια⁹</strong></span> <span class='ocrx_word' id='word_1_773' title='bbox 3379 5108 3543 5178; x_wconf 74' lang='grc' dir='ltr'>εἴπερ</span> <span class='ocrx_word' id='word_1_774' title='bbox 3580 5107 3719 5177; x_wconf 86' lang='grc' dir='ltr'>ἀγα-</span> 
     </span>
    </p>
   </div>
   <div class='ocr_carea' id='block_1_109' title="bbox 2135 5198 3720 5273">
    <p class='ocr_par' dir='ltr' id='par_1_109' title="bbox 2135 5198 3720 5273">
     <span class='ocr_line' id='line_1_109' title="bbox 2135 5198 3720 5273; baseline -0.002 -18"><span class='ocrx_word' id='word_1_775' title='bbox 2135 5201 2228 5255; x_wconf 82' lang='grc' dir='ltr'><strong>θὸν</strong></span> <span class='ocrx_word' id='word_1_776' title='bbox 2268 5202 2328 5255; x_wconf 80' lang='grc' dir='ltr'>τὸ</span> <span class='ocrx_word' id='word_1_777' title='bbox 2373 5200 2781 5273; x_wconf 83' lang='grc' dir='ltr'>φιλάνθρωπον,</span> <span class='ocrx_word' id='word_1_778' title='bbox 2834 5201 2930 5256; x_wconf 78' lang='grc' dir='ltr'>καὶ</span> <span class='ocrx_word' id='word_1_779' title='bbox 2987 5198 3191 5271; x_wconf 84' lang='grc' dir='ltr'>ἀληθὲς</span> <span class='ocrx_word' id='word_1_780' title='bbox 3230 5198 3293 5253; x_wconf 79' lang='grc' dir='ltr'>τὸ</span> <span class='ocrx_word' id='word_1_781' title='bbox 3344 5198 3487 5253; x_wconf 87' lang='grc' dir='ltr'><strong>κατά</strong></span> <span class='ocrx_word' id='word_1_782' title='bbox 3536 5201 3720 5253; x_wconf 86' lang='grc' dir='ltr'>πίστιν</span> 
     </span>
    </p>
   </div>
   <div class='ocr_carea' id='block_1_110' title="bbox 2133 5290 3720 5366">
    <p class='ocr_par' dir='ltr' id='par_1_110' title="bbox 2133 5290 3720 5366">
     <span class='ocr_line' id='line_1_110' title="bbox 2133 5290 3720 5366; baseline -0.004 -17"><span class='ocrx_word' id='word_1_783' title='bbox 2133 5295 2404 5366; x_wconf 87' lang='grc' dir='ltr'>φιλόθεον,</span> <span class='ocrx_word' id='word_1_784' title='bbox 2440 5296 2512 5349; x_wconf 85' lang='grc' dir='ltr'>τὰ</span> <span class='ocrx_word' id='word_1_785' title='bbox 2539 5295 2637 5365; x_wconf 79' lang='grc' dir='ltr'>τῆς</span> <span class='ocrx_word' id='word_1_786' title='bbox 2672 5295 2896 5364; x_wconf 82' lang='grc' dir='ltr'>ἀγάπης</span> <span class='ocrx_word' id='word_1_787' title='bbox 2926 5293 3289 5364; x_wconf 86' lang='grc' dir='ltr'>γνωρίσματα</span> <span class='ocrx_word' id='word_1_788' title='bbox 3312 5308 3325 5322; x_wconf 92' lang='grc'><strong>·</strong></span> <span class='ocrx_word' id='word_1_789' title='bbox 3373 5291 3449 5356; x_wconf 86' lang='grc' dir='ltr'>ὼς</span> <span class='ocrx_word' id='word_1_790' title='bbox 3476 5290 3597 5363; x_wconf 88' lang='grc' dir='ltr'>Θεῷ</span> <span class='ocrx_word' id='word_1_791' title='bbox 3626 5292 3720 5347; x_wconf 81' lang='grc' dir='ltr'>καὶ</span> 
     </span>
    </p>
   </div>
   <div class='ocr_carea' id='block_1_111' title="bbox 2133 5384 3721 5460">
    <p class='ocr_par' dir='ltr' id='par_1_111' title="bbox 2133 5384 3721 5460">
     <span class='ocr_line' id='line_1_111' title="bbox 2133 5384 3721 5460; baseline -0.003 -17"><span class='ocrx_word' id='word_1_792' title='bbox 2133 5388 2389 5460; x_wconf 78' lang='grc' dir='ltr'>ἀλλήλοις</span> <span class='ocrx_word' id='word_1_793' title='bbox 2412 5390 2538 5453; x_wconf 83' lang='grc' dir='ltr'>τοὺς</span> <span class='ocrx_word' id='word_1_794' title='bbox 2570 5387 2895 5460; x_wconf 84' lang='grc' dir='ltr'>ἀνθρώπους</span> <span class='ocrx_word' id='word_1_795' title='bbox 2928 5388 3299 5450; x_wconf 84' lang='grc' dir='ltr'>συνάπτουσα,</span> <span class='ocrx_word' id='word_1_796' title='bbox 3333 5385 3429 5438; x_wconf 68' lang='grc' dir='ltr'><strong>καί⁵</strong></span> <span class='ocrx_word' id='word_1_797' title='bbox 3449 5384 3538 5438; x_wconf 85' lang='grc' dir='ltr'>διὰ</span> <span class='ocrx_word' id='word_1_798' title='bbox 3563 5384 3721 5439; x_wconf 78' lang='grc' dir='ltr'>τοῦτο</span> 
     </span>
    </p>
   </div>
   <div class='ocr_carea' id='block_1_112' title="bbox 2131 5478 3562 5559">
    <p class='ocr_par' dir='ltr' id='par_1_112' title="bbox 2131 5478 3562 5559">
     <span class='ocr_line' id='line_1_112' title="bbox 2131 5478 3562 5559; baseline 0 -26"><span class='ocrx_word' id='word_1_799' title='bbox 2131 5479 2244 5533; x_wconf 89' lang='grc' dir='ltr'><strong>τῶν</strong></span> <span class='ocrx_word' id='word_1_800' title='bbox 2286 5480 2507 5549; x_wconf 86' lang='grc' dir='ltr'>ἀγαθῶν</span> <span class='ocrx_word' id='word_1_801' title='bbox 2540 5479 2639 5552; x_wconf 81' lang='grc' dir='ltr'>τὴν</span> <span class='ocrx_word' id='word_1_802' title='bbox 2677 5479 2939 5552; x_wconf 79' lang='grc' dir='ltr'>διαμονὴν</span> <span class='ocrx_word' id='word_1_803' title='bbox 2967 5478 3308 5535; x_wconf 86' lang='grc' dir='ltr'>ἀδιάπτωτον</span> <span class='ocrx_word' id='word_1_804' title='bbox 3339 5479 3562 5559; x_wconf 71' lang='grc' dir='ltr'>ἔχουσα.</span> 
     </span>
    </p>
   </div>
  </div>
