4020 6436
339 251 478 320 1193

1042 256 1378 318 CAPITUM
1413 256 1837 330 QUINQUIES
1875 255 2397 321 CENTENORUM
2435 254 2823 318 CENTURIA
2860 256 2911 316 Ι.

3470 252 3608 317 119i

406 372 513 432 λς’.
555 367 841 440 Ἐνέργεια
892 368 989 422 καὶ
1035 368 1308 434 ἀπόδειξις
1354 372 1452 440 τῆς
1483 369 1617 441 πρὸς
1649 369 1782 423 Θεὸν
1823 388 1911 423 τε·

2092 369 2257 441 519
2282 369 2371 425 56.
2398 370 2656 459 Perfecta:
2679 369 2734 424 in
2761 371 2935 425 Deum
2970 367 3259 425 charitatis
3284 367 3368 425 v'is
3390 383 3454 425 ac
3483 386 3610 440 pro-

332 456 486 523 ).είας
515 459 739 531 άγάπης
768 462 938 524 ἐστὶν,
967 461 1002 531 ή
1030 460 1232 531 γνησία
1284 460 1354 514 δι’
1400 462 1615 524 εὐνοίας
1661 456 1913 514 ἑκουσίου

333 549 476 622 προς
502 551 596 604 τὸν
624 551 853 622 πλησίον
879 551 1146 615 διάθεσις.
1177 552 1241 605 '0
1271 552 1382 622 γὰρ
1404 551 1493 622 μὴ
1520 552 1770 623 ἀγαπῶν
1808 556 1916 606 τὸν

331 639 607 709 ἀδελφὸν
634 641 846 705 αὐτοῦ,
886 640 959 694 ὃν
995 639 1237 709 ἑώρακε,
1277 643 1446 713 φησὶν
1478 644 1508 695 ὁ
1546 642 1689 705 θεῖος
1729 642 1913 697 Ἰωάν-

332 749 458 802 νης,
488 732 597 787 τὸν
626 734 774 787 Θεὸν
801 732 875 787 ὃν
897 734 1011 802 οὐχ
1062 731 1341 801 ἑώρακεν,
1385 735 1456 788 οὐ
1494 734 1745 788 δύναται
1773 735 1917 804 ἀγα-

333 842 481 894 παν.

405 915 506 982 λζ’.
541 918 607 970 Ἣ
663 916 765 987 τῆς
822 915 1081 988 ἀληθείας
1125 917 1264 982 όδδς,
1317 919 1351 989 ή
1403 916 1594 990 ἀγάπη
1624 919 1793 984 ἐστὶν,
1850 920 1918 990 ἢν

337 1010 533 1063 ἑαυτὸν
562 1010 837 1081 ὀνομάσας
870 1011 899 1063 ὁ
942 1008 1038 1062 τοῦ
1087 1009 1222 1062 Θεοῦ
1271 1009 1467 1079 Λόγος,
1499 1012 1627 1073 τοὺς
1679 1012 1738 1064 ἐν
1776 1012 1916 1083 αὐτῇ

333 1100 642 1164 ὁδεύοντας,
690 1100 769 1172 τῷ
815 1100 937 1171 Θεῷ
987 1102 1082 1155 καὶ
1114 1101 1292 1173 Πατρί
1345 1101 1619 1175 καθαροὺς
1650 1104 1918 1158 παντοίων

334 1193 670 1264 γενομένους
696 1192 1056 1263 παρίστησιν.

406 1282 512 1355 λη’.
538 1283 687 1357 Αὕτη
724 1284 872 1337 ἐστὶν
900 1286 934 1355 ή
962 1284 1122 1355 θύρα,
1152 1285 1220 1338 δι’
1249 1279 1318 1358 ἦς
1345 1286 1374 1339 ὁ
1403 1286 1805 1357 εἰσερχόμενος,
1838 1289 1920 1350 εἰς

332 1374 405 1428 τά
432 1377 602 1444 ’Δγια
633 1376 844 1444 γίνεται
867 1377 978 1429 τῶν
1011 1376 1203 1444 άγίων,
1237 1377 1328 1430 καὶ
1355 1376 1450 1430 τοῦ
1477 1378 1775 1449 ἀπροσίτου
1792 1378 1921 1432 κάλ-

333 1468 465 1533 λους
520 1469 618 1538 τῆς
657 1468 821 1537 ἁγίας
850 1467 947 1521 καὶ
1004 1467 1291 1540 βασιλικῆς
1322 1468 1553 1541 Τριάδος
1598 1468 1920 1523 καθίσταται

333 1558 488 1625 ἄξιος
527 1560 725 1632 θεατὴς
759 1560 1037 1628 γενέσθαι.

395 1641 423 1693 λ
441 1652 506 1706 θ’.
540 1650 775 1723 Φοϐερδν
808 1651 977 1715 ὅντως
1001 1644 1101 1704 καὶ
1131 1650 1314 1722 πάσης
1338 1651 1718 1723 κατακρίσεως
1752 1653 1920 1723 ὑπερ-

2018 464 2193 528 batio,
2220 478 2355 518 vera
2379 471 2464 517 est
2489 478 2619 533 erga
2649 463 2960 532 proximum
2983 463 3238 518 ultronea
3269 462 3607 518 benevolen-

2020 557 2095 611 tia
2134 556 2415 626 animique
2447 556 2688 611 affectio.
2723 554 2827 620 Qui
2853 555 3023 620 enim,
3046 555 3227 625 inquit
3251 554 3412 610 divus
3436 554 3608 610 Joan-

2018 661 2139 712 nes,
2192 662 2297 700 non
2329 644 2502 716 diligit
2535 644 2758 715 fratrem
2788 660 2963 707 suum,
2994 660 3147 713 quem
3195 642 3367 709 videt,
3413 643 3607 709 Deum,

2019 754 2173 809 quem
2200 754 2305 792 non
2334 737 2493 803 videt,
2520 734 2744 807 diligere
2777 750 2881 788 non
2913 741 3079 805 potest
3114 734 3178 787 ‘5.

2091 917 2181 971 '57.
2217 917 2317 972 Via
2343 916 2611 981 veritatis,
2639 916 2884 971 charitas
2906 922 3012 980 est,
3040 930 3203 984 quam
3236 914 3476 983 scipsum
3516 929 3613 967 vo-

2019 1027 2151 1066 cans
2181 1011 2279 1065 Dei
2303 1010 2546 1065 Verbum
2592 1009 2657 1075 υ,
2698 1008 3046 1063 ambulantes
3090 1007 3146 1061 in
3186 1021 3271 1070 ea,
3314 1006 3465 1060 omni
3492 1005 3612 1061 labe

2020 1116 2212 1171 puros,
2244 1101 2357 1157 Deo
2385 1116 2450 1156 ac
2485 1100 2631 1156 Patri
2664 1106 3044 1170 repmsentat.

2091 1288 2181 1344 58.
2214 1288 2341 1343 Haec
2370 1295 2455 1343 est
2481 1296 2661 1359 porta,
2707 1303 2807 1358 per
2844 1303 3009 1359 quam
3053 1287 3147 1358 qui
3192 1288 3525 1358 ingreditur,
3556 1287 3612 1341 in

2021 1379 2222 1435 Sancta
2248 1387 2564 1434 sanctorum
2596 1387 2872 1451 penetrat,
2897 1380 3205 1451 dignusque
3230 1379 3486 1444 efﬁcitur,
3516 1381 3611 1450 qui

2020 1480 2223 1529 sanctae
2250 1488 2315 1529 ac
2344 1473 2541 1544 regalis
2561 1473 2850 1529 Trinitatis
2870 1473 3139 1529 inaccessi
3162 1472 3380 1529 decoris
3400 1482 3615 1543 specta-

2025 1572 2109 1618 tor
2152 1562 2399 1619 exsistat.

2091 1650 2180 1705 59.
2212 1650 2582 1707 Tremendum
2622 1666 2754 1707 sane
2786 1653 3047 1723 omnique
3076 1653 3254 1725 majus
3280 1650 3615 1708 co'ndemna—
3680 1648 3688 1655 ”

333 1750 616 1809 επέκεινα,
640 1744 701 1797 τὸ
720 1743 819 1815 τὴν
846 1742 1096 1797 δοθεῖσαν
1126 1745 1259 1815 ἡμῖν
1286 1744 1439 1814 παρὰ
1466 1743 1602 1797 Θεοῦ
1638 1746 1779 1798 κατά
1812 1745 1916 1799 δω-

2032 1741 2195 1807 tione,
2224 1742 2371 1812 quod
2397 1750 2715 1800 concessam
2741 1744 2905 1800 nobis
2927 1723 3198 1800 divinitus
3218 1744 3460 1815 Spiritus
3489 1759 3615 1799 san-

334 1837 469 1909 ρεὰν
495 1835 588 1889 τοῦ
618 1835 780 1903 ἁγίου
810 1834 1131 1906 Πνεύματος
1157 1835 1423 1899 ἑκουσίως
1445 1835 1720 1905 νεκρῶσαι
1750 1836 1916 1909 ζωὴν,

330 1929 426 1981 διόι
450 1928 550 1999 τῆς
581 1927 717 1998 πρὸς
740 1926 810 1980 τὰ
840 1925 1175 1997 φθειρόμενα
1205 1926 1425 1997 ἀγάπης
1446 1943 1460 1957 ο
1492 1927 1585 1979 καὶ
1612 1926 1758 1980 ἴσασι
1784 1926 1918 1979 πάν-

329 2036 446 2083 τως
470 2019 657 2072 τοῦτον
682 2020 775 2072 τὸν
806 2017 994 2091 φόϐον,
1027 2019 1076 2072 οἱ
1099 2018 1201 2088 τήν
1225 2016 1481 2084 ἀλήθειαν
1506 2017 1605 2088 τῆς
1635 2017 1919 2087 φιλαυτίας

334 2113 618 2183 προτιμᾷν
648 2110 1077 2181 μελετήσαντες.

412 2210 486 2274 μ’.
516 2202 864 2275 Χρησώμεθα
901 2204 979 2268 εἰς
1006 2203 1125 2256 δέον
1150 2204 1216 2274 τῇ
1248 2204 1463 2275 εἰρήνῃ,
1520 2202 1615 2257 καὶ
1651 2202 1750 2274 τήν
1781 2203 1917 2273 πρὸς

328 2294 429 2347 τὸν
464 2294 688 2365 κόςμον,
730 2293 825 2348 καὶ
852 2294 944 2348 τὸν
990 2295 1412 2366 κοσμοκράτορα
1447 2293 1634 2360 κακῶς
1664 2295 1797 2364 ἡμῖν
1831 2294 1917 2346 ὲν-

334 2386 670 2452 υπάρξασαν
698 2387 1073 2460 ἀθετήσαντες
1096 2386 1301 2457 φιλίαν,
1326 2388 1420 2440 τὸν
1460 2387 1548 2441 διὰ
1580 2387 1689 2440 τῶν
1726 2386 1919 2440 παθῶν

331 2480 476 2549 πρὸς
507 2479 597 2531 τὸν
628 2477 760 2532 Θεὸν
791 2480 1208 2549 συνιστάμενον,
1242 2479 1348 2533 κᾶν
1373 2478 1471 2545 ὀψέ
1502 2495 1635 2532 ποτε
1684 2479 1918 2532 mmini--

335 2588 524 2641 σωμεν
563 2570 800 2641 πόλεμον
821 2586 834 2598 ⁸
872 2572 969 2625 καὶ
998 2570 1230 2634 σπονδὰς
1263 2571 1494 2635 ἀλύτους
1530 2571 1632 2641 τῆς
1662 2570 1796 2642 πρὸς
1824 2570 1919 2623 αύ-

331 2663 432 2715 τὸν
463 2663 690 2735 εἰρήνης
738 2664 1086 2734 ποιήσαντες,
1115 2663 1172 2717 ὲν
1205 2664 1271 2734 τῇ
1301 2663 1644 2735 καταργήσει
1680 2662 1775 2716 τοῦ
1812 2661 1917 2715 σώ·

338 2770 513 2825 ματος
544 2754 643 2825 τῆς
700 2754 994 2826 ἁμαρτίας,
1025 2756 1127 2826 τῆς
1175 2757 1313 2828 πρὸς
1344 2756 1508 2811 αὐτὸν
1538 2756 1740 2827 ἔχθρας
1772 2770 1915 2808 παυ-

335 2846 586 2918 σώμεθα.

412 2937 523 3009 μα’.
566 2938 859 2993 Ἀδύνατόν
895 2940 1044 2993 ἐστιν
1089 2941 1235 3012 ἡμᾶς
1268 2941 1594 3013 φιλιωθῆναι
1644 2941 1785 3013 Θεῷ,
1826 2942 1919 2998 διὰ

332 3030 450 3085 τῶν
480 3031 668 3087 παθῶν
708 3032 845 3103 πρὸς
879 3032 1043 3086 αὐτὸν
1071 3031 1486 3097 στασιάζοντας,
1518 3032 1612 3086 καὶ
1633 3032 1714 3104 τῷ
1747 3051 1918 3104 πονησ-

341 3123 425 3194 ρῷ
471 3123 721 3196 τυράννῳ
771 3125 867 3177 καὶ
901 3126 1133 3196 φονευτῇ
1177 3125 1288 3178 τῶν
1334 3125 1522 3196 ψυχῶν
1558 3125 1792 3199 διαϐόλῳ
1829 3126 1922 3180 διὰ

335 3215 537 3278 κακίας
573 3215 938 3287 δασμοφορείν
985 3215 1370 3287 ἀνεχομένους,
1413 3216 1489 3287 μὴ
1524 3215 1791 3289 πρότερον
1839 3217 1922 3271 δι-

254 3348 257 3351 .
331 3305 461 3360 όλου
491 3306 907 3377 πολεμωθέντας
946 3306 1022 3377 τῷ
1059 3307 1304 3379 πονηρῷ.
1334 3307 1514 3380 Μέχρι
1545 3308 1652 3378 γὰρ
1676 3308 1796 3361 τότε
1825 3308 1919 3361 τοῦ

334 3397 476 3452 Θεοῦ
514 3398 938 3470 καθεστήκαμεν
972 3398 1161 3469 ἐχθροὶ
1210 3399 1304 3452 καὶ
1361 3398 1637 3467 πολέμιοι,
1683 3398 1787 3452 κᾶν
1831 3416 1920 3451 πι-

338 3489 486 3542 στῶν
526 3491 1063 3562 προσηγορίανήμίν
1098 3492 1282 3555 αὐτοῖς
1311 3490 1791 3563 περιπλάττωμεν,
1824 3489 1923 3559 μέ-

335 3598 464 3652 χρις
492 3573 554 3633 οὗ
581 3580 813 3635 πάθεσιν
845 3581 1075 3653 ἀτιμίας
1129 3580 1407 3635 δουλεύειν
1439 3580 1779 3651 βουλόμεθα·
1828 3579 1923 3633 καὶ

337 3673 496 3726 οὐδὲν
522 3672 714 3741 ὄφελος
743 3674 875 3744 ἡμῖν
918 3674 985 3727 ὲκ
1013 3674 1111 3743 τῆς
1143 3672 1284 3727 κατὰ
1311 3672 1404 3726 τὸν
1451 3673 1656 3742 κόσμον
1699 3672 1922 3743 εἰρήνης

337 3761 529 3814 λοιπὸν
575 3764 996 3833 περιγενήσεται
1024 3801 1040 3825 ,
1076 3763 1175 3833 τῆς
1206 3762 1386 3832 ψυχῆς
1430 3762 1615 3826 κακῶς
1647 3760 1924 3831 διακειμέ-

336 3869 461 3931 νης,
494 3854 590 3907 καὶ
625 3852 761 3924 πρὸς
793 3853 885 3906 τὸν
917 3853 1049 3907 ἴδιον
1086 3854 1318 3924 ποιητὴν
1368 3853 1794 3926 στασιαζούσης,
1826 3854 1922 3909 καὶ

338 3945 448 3997 ὑπὸ
474 3944 573 4014 τὴν
618 3944 784 3999 αὑτοῦ
824 3944 1101 4015 βασιλείαν
1132 3944 1386 4015 γενέσθαι
1415 3948 1517 3999 οὐκ
1546 3946 1882 4017 άνεχομένης
1903 3962 1917 3976 ·

338 4037 423 4089 ἔτι
456 4036 673 4108 μυρίοις
712 4036 1072 4108 πεπραμένης
1103 4035 1275 4107 ὠμοῖς
1301 4037 1588 4101 δεσπόταις
1614 4038 1695 4102 εἰς
1723 4037 1922 4091 κακίαν

338 4128 514 4199 αὐτὴν
540 4128 950 4197 κατεπείγουσι,
978 4130 1072 4183 καὶ
1099 4129 1200 4201 τὴν
1235 4131 1314 4193 εἰς
1339 4130 1620 4184 ἀπώλειαν
1649 4130 1922 4201 φέρουσαν

336 4219 491 4282 ὁδὸν,
532 4220 631 4291 τῆς
699 4219 980 4292 σωζούσης
1034 4220 1238 4292 μᾶλλον
1289 4222 1586 4295 ἀωτηλῶς
1647 4223 1922 4297 αἱρεῖσθαι

341 4309 878 4381 παρασκευάζουσιν.

2024 1833 2101 1888 eti
2131 1849 2359 1889 munere
2390 1834 2581 1898 vitam,
2616 1835 2886 1890 fluvarum
2931 1851 3119 1890 rerum
3163 1851 3229 1890 ac
3257 1836 3614 1906 pereuntium

2025 1940 2235 1993 amore,
2268 1936 2463 1997 sponte
2490 1927 2844 1998 perimamus.
2876 1928 3128 1998 Eumque
3154 1928 3314 1998 plane
3337 1936 3616 1983 noverunt

2024 2026 2255 2083 metum,
2287 2018 2383 2087 qui
2411 2018 2701 2073 veritatem
2728 2019 2987 2091 φιλαυτία
3021 2018 3188 2092 (caeco
3223 2020 3301 2074 illi
3343 2020 3516 2075 amori
3547 2036 3615 2076 ac

2026 2108 2255 2181 carnali)
2287 2110 2563 2166 anteferre
2593 2112 2945 2167 studuerunt.
3440 2126 3443 2129 ‘

2094 2200 2184 2255 40.
2211 2201 2321 2256 Pro
2344 2216 2413 2257 eo
2446 2216 2511 2256 ac
2547 2202 2708 2257 decet
2740 2218 2873 2271 pace
2902 2210 3144 2269 utamur,
3173 2203 3424 2274 maleque
3450 2202 3614 2258 nobis

2025 2303 2152 2343 cum
2190 2290 2418 2356 mundo,
2471 2292 2774 2361 mundique
2818 2301 3031 2347 rectore
3073 2302 3383 2348 consertam
3425 2293 3615 2349 amici-

2027 2378 2160 2432 tiam
2192 2379 2402 2435 irritam
2430 2396 2752 2451 cassamque
2778 2382 3095 2448 reddentes,
3123 2384 3341 2439 tandem
3367 2385 3617 2455 aliquan-

2025 2471 2097 2526 do
2130 2472 2427 2529 conflatum
2458 2474 2620 2529 nobis
2641 2474 2907 2529 vitiorum
2937 2475 3061 2530 labe
3086 2490 3151 2530 ac
3179 2475 3474 2530 affectuum
3500 2477 3617 2532 bel-

2026 2564 2139 2618 lum
2169 2565 2432 2622 adversus
2463 2567 2634 2643 Deum
2673 2566 3059 2631 dissolvamns,
3094 2568 3351 2637 pacisque
3385 2583 3510 2622 cum
3546 2583 3617 2623 eo

2026 2655 2341 2710 insolubilia
2383 2659 2677 2729 jungentes
2728 2658 2957 2724 fmdera,
3001 2658 3054 2713 in
3090 2659 3463 2715 destructione
3493 2675 3617 2716 cor—

2025 2744 2176 2812 poris
2204 2746 2414 2815 peccati
2451 2746 2516 2813 η,
2548 2747 2961 2802 inimicitiarum
2992 2762 3118 2801 cum
3164 2748 3283 2817 ipso
3340 2747 3505 2803 finem
3533 2749 3616 2804 f'a-

2023 2836 2253 2892 ciamus.
3238 2900 3241 2901 ν

2097 2930 2186 2985 41.
2222 2930 2517 3000 Nunquam
2546 2931 2639 2986 flat
2668 2940 2728 2985 ut
2756 2931 2869 2986 Deo
2898 2931 3144 2987 amicitia
3176 2933 3489 3004 iungamur,
3517 2935 3614 3004 qui

2026 3043 2127 3097 per
2159 3026 2291 3081 vitia
2322 3034 2487 3097 atque
2515 3027 2748 3082 affectus
2794 3027 2873 3081 illi
2925 3027 3160 3082 rebelles
3190 3009 3411 3091 simus,
3443 3028 3617 3097 pessi-

2028 3134 2225 3189 moque
2272 3119 2579 3173 animorum
2630 3127 2864 3190 tyranno
2912 3135 2976 3174 ac
3022 3119 3316 3175 homicidae
3364 3118 3614 3183 diabolo,

2028 3210 2211 3280 pravis
2265 3210 2462 3264 studiis
2511 3210 2803 3282 vestigales
2854 3225 2976 3266 esse
3024 3212 3429 3276 sustineamus,
3481 3212 3617 3279 quin

2028 3299 2179 3369 prius
2209 3300 2550 3370 nequissimo
2585 3300 2796 3356 inimici
2844 3316 3076 3372 prorsus
3121 3300 3443 3355 efficiamur.
3472 3300 3619 3355 Tan-

2025 3391 2120 3445 diu
2148 3391 2296 3447 enim
2328 3392 2423 3446 Dei
2455 3393 2640 3449 hostes
2666 3407 2856 3449 sumus
2885 3408 2949 3448 ac
2980 3392 3211 3459 inimici,
3242 3393 3454 3447 tametsi
3485 3392 3618 3448 fide-

2028 3483 2160 3537 lium
2204 3483 2365 3538 nobis
2405 3500 2607 3538 nomen
2651 3483 2988 3555 afﬁngimus,
3040 3485 3286 3554 quandiu
3330 3484 3618 3555 probrosis

2024 3572 2313 3629 affectibus
2341 3575 2551 3630 servire
2596 3575 2653 3629 in
2697 3575 2941 3629 animum
2972 3574 3330 3631 inducimus:
3358 3590 3461 3629 nec
3500 3574 3615 3645 jam

2024 3666 2185 3721 nobis
2215 3681 2284 3721 ex
2312 3666 2501 3721 mundi
2531 3682 2664 3738 pace
2698 3668 2923 3722 accedet
2950 3667 3159 3737 aliquid
3196 3666 3489 3733 commodi,
3516 3666 3613 3737 qui

2024 3760 2167 3814 male
2197 3760 2381 3815 animo
2413 3760 2595 3815 afl‘ecti
2643 3760 2837 3825 simus,
2871 3760 3275 3829 adversumque
3324 3761 3612 3830 proprium

2024 3860 2305 3907 auctorem
2356 3851 2719 3914 rebellemus,
2772 3866 2875 3906 nec
2925 3853 3045 3923 ejus
3088 3852 3332 3905 feramus
3383 3851 3615 3920 imperio

2025 3944 2222 4015 subjici
2263 3962 2277 3998 :
2321 3944 2628 3999 innumeris
2667 3944 2879 4000 scilicet
2908 3943 3209 3999 venundati
3244 3944 3402 3999 srevis
3432 3943 3613 3997 domi-

2024 4032 2240 4102 nis,°in
2288 4036 2487 4092 vitium
2535 4052 2601 4091 ac
2641 4036 2903 4091 malitiam
2938 4035 3415 4107 propellentibus,
3447 4042 3503 4089 ct
3544 4035 3615 4089 ad

2023 4130 2168 4183 viam
2194 4144 2317 4199 quae
2360 4127 2515 4184 ducit
2546 4128 2612 4183 ad
2652 4127 3040 4198 perditionem,
3070 4142 3183 4198 pra:
3212 4142 3277 4181 ea
3319 4141 3426 4196 qua
3467 4126 3618 4182 salus

2025 4230 2269 4290 paratur,
2293 4236 2482 4276 errore
2507 4219 2837 4291 eligendam,
2867 4218 3027 4274 nobis
3044 4216 3393 4272 auctoribus.

415 4372 528 4471 μϐ.
560 4401 655 4465 Εἰς
683 4372 843 4456 τοῦτο
879 4403 1028 4474 ἡμᾶς
1069 4405 1372 4475 πεποίηκεν
1399 4404 1429 4456 ό
1451 4405 1603 4473 Θεὸς,
1639 4408 1727 4463 ἴνα
1751 4410 1919 4478 γενώ-

2096 4398 2185 4455 42.
2234 4398 2296 4453 in
2345 4398 2453 4452 hoc
2497 4411 2600 4451 nos
2638 4396 2784 4450 Deus
2814 4394 3083 4459 condidit,
3117 4402 3177 4449 ut
3203 4392 3506 4449 efficiamur
3534 4392 3619 4448 di-

343 4489 492 4562 μεθα
523 4492 675 4557 θείας
713 4494 963 4548 κοινωνοὶ
993 4493 1234 4563 φύσεως,
1266 4497 1362 4549 καὶ
1409 4498 1507 4568 τῆς
1557 4499 1725 4553 αὑτοῦ
1756 4502 1923 4556 ὀιῐδιό⁴

336 4598 506 4653 τητος
547 4581 788 4653 μέτοχοι,
835 4582 930 4637 καὶ
960 4585 1221 4655 φανῶμεν
1253 4586 1402 4657 αὐτῷ
1440 4588 1617 4658 ὅμοιοι
1647 4592 1789 4646 κατὰ
1822 4594 1922 4662 τὴν

339 4673 411 4726 ὲκ
441 4673 664 4746 χάριτος
695 4674 914 4741 θέωσιν,
948 4676 1017 4729 δι’
1044 4678 1111 4749 ἦν
1142 4677 1296 4731 πᾶσά
1327 4694 1388 4731 τε
1416 4678 1526 4732 τῶν
1561 4680 1732 4734 ὄντων
1764 4685 1796 4753 ή
1826 4684 1922 4737 σύ-

342 4765 536 4829 στασις
566 4767 695 4820 ἐστι’
714 4767 812 4821 καὶ
836 4767 1090 4840 διαμονὴ,
1138 4769 1233 4825 καὶ
1258 4771 1292 4840 ή
1333 4769 1441 4824 τῶν
1469 4771 1544 4842 μὴ
1570 4771 1740 4828 όντων
1778 4792 1922 4848 παρ-

344 4857 543 4928 αγωγὴ
583 4858 676 4912 καὶ
710 4859 943 4928 γένεσις.

416 5041 492 5094 μγ
515 5068 529 5079 .
561 5025 623 5078 Εἰ
675 5025 767 5078 τοῦ
815 5024 951 5079 Θεοῦ
980 5025 1340 5097 ὀνομάζεσθαί
1369 5044 1428 5080 τε
1458 5027 1553 5081 καὶ
1598 5022 1738 5082 εἶναι
1774 5029 1916 5098 ἐφιέ-

345 5114 509 5186 μεθα,
544 5117 947 5189 ἀγωνισώμεθα
1005 5118 1081 5189 μὴ
1130 5118 1417 5191 προδοῦναι
1444 5122 1557 5184 τοῖς
1601 5120 1800 5175 πάθεσι
1829 5123 1921 5176 τὸν

341 5207 539 5275 Λόγον,
595 5208 738 5262 κατὰ
772 5208 862 5261 τὸν
893 5207 1129 5263 Ἰούδαν⁸
1165 5211 1198 5281 ἢ
1239 5210 1315 5281 μὴ
1372 5211 1736 5282 ἀρνήσασθαι,
1782 5216 1923 5269 κατά

341 5299 435 5352 τὸν
463 5300 689 5372 Πέτρον.
726 5303 993 5372 Ἀρνησις
1026 5302 1135 5372 γάρ
1182 5303 1301 5358 ἐστι
1351 5304 1447 5357 τού
1494 5305 1693 5374 Λόγου,
1740 5309 1773 5379 ή
1825 5309 1921 5364 τοῦ

340 5392 610 5463 πράττειν
654 5394 716 5447 τὸ
756 5393 960 5463 ἀγαθὸν
998 5394 1085 5448 διὰ
1119 5395 1286 5463 φόϐον
1321 5397 1683 5469 παραίτησιςο
1728 5402 1923 5472 προδο·

342 5482 437 5537 σία
486 5484 565 5551 δὲ,
603 5488 637 5557 ή
670 5486 796 5540 κατ’
841 5486 1125 5557 ἐνέργειαν
1154 5488 1495 5559 ὲμπρόθετος
1527 5491 1794 5563 ἁμαρτία,
1827 5496 1922 5551 καὶ

339 5578 376 5644 ἠ
408 5576 542 5647 πρὸς
569 5577 670 5649 τὴν
692 5579 972 5649 ἁμαρτίαν
1002 5580 1171 5649 ὁρμή.

2026 4492 2167 4546 vince
2197 4497 2483 4546 consortes
2525 4495 2735 4541 natura),
2765 4486 2830 4551 ‘7,
2866 4486 3095 4557 ejusque
3128 4484 3454 4539 aeternitatis
3494 4498 3620 4552 par-

2029 4584 2244 4655 ticipes,
2296 4588 2463 4651 atque
2502 4580 2580 4634 illi
2624 4578 2833 4633 similes
2870 4576 2912 4609 ¹⁸
2946 4590 3306 4647 appareamus
3341 4590 3438 4645 per
3462 4573 3618 4627 deifi-

2028 4675 2325 4739 cationem,
2358 4689 2480 4744 quae
2520 4690 2587 4728 cx
2628 4672 2803 4742 gratia
2831 4678 2916 4725 est
2948 4687 2960 4723 :
2991 4670 3063 4724 ob
3092 4683 3254 4738 quam
3283 4682 3466 4722 rerum
3497 4681 3616 4720 om—

2031 4767 2181 4821 nium
2214 4766 2379 4837 520
2422 4763 2746 4820 constitutio
2792 4770 2851 4818 et
2894 4761 3244 4832 percnnitas,
3276 4774 3612 4828 eorumque,

2029 4876 2152 4931 quae
2189 4859 2425 4914 necdum
2468 4857 2523 4911 in
2568 4870 2754 4911 rerum
2783 4870 2955 4909 censu
2998 4853 3293 4919 exsistunt,
3323 4852 3614 4923 productio

2025 4960 2078 5005 ει
2103 4960 2277 5006 οηιιε.

2105 5044 2187 5097 i3.
2226 5044 2282 5098 Si
2328 5042 2423 5097 Dei
2470 5057 2530 5096 re
2573 5048 2737 5110 atque
2782 5038 3005 5093 nomine
3048 5054 3168 5093 esse
3209 5035 3607 5098 desideramus,

2028 5136 2133 5189 hoc
2154 5135 2452 5198 enitamur,
2492 5148 2597 5189 nec
2626 5133 2681 5186 in
2711 5131 2867 5187 Iudae
2894 5146 3102 5186 morem
3128 5130 3371 5185 Verbum
3400 5142 3495 5183 seu
3526 5143 3611 5181 ra-

2028 5229 2232 5285 tionein
2268 5227 2560 5283 affectibus
2598 5225 2929 5296 prodamus;
2961 5238 3097 5278 neve
3129 5222 3300 5276 instar
3324 5220 3475 5276 Petri
3514 5220 3611 5273 ab-

2027 5336 2311 5390 negemus.
2339 5319 2508 5375 Verbi
2530 5319 2677 5374 enim
2713 5318 3052 5387 rationisque
3085 5315 3302 5386 negatio
3326 5323 3431 5379 est,
3462 5316 3609 5385 quod

2027 5414 2153 5485 quis
2180 5422 2362 5467 metus
2379 5426 2543 5466 causa
2575 5416 2793 5465 recuset
2816 5418 3077 5480 praestare
3101 5409 3344 5474 bonum;
3369 5408 3613 5478 proditio

2026 5518 2181 5569 vero,
2214 5517 2339 5558 cum
2364 5516 2431 5556 ex
2464 5499 2749 5570 proposito
2775 5508 3062 5570 peccatum
3089 5499 3146 5556 in
3173 5506 3299 5554 actu
3332 5504 3616 5566 perpetra-

2028 5608 2171 5660 mus,
2205 5593 2371 5663 inque
2400 5592 2537 5648 illud
2566 5594 2753 5650 animo
2779 5596 3094 5655 incitamur.

420 5687 464 5719 “
492 5688 513 5747 Ι
542 5690 700 5747 Joan.
732 5708 803 5755 IV,
829 5691 919 5747 20.
1000 5694 1043 5724 ’⁵
1075 5693 1235 5749 Joan.
1267 5712 1372 5761 xiv,
1404 5697 1455 5752 ϐ.
1534 5699 1576 5732 ¹⁶
1604 5700 1761 5757 Rom.
1812 5720 1883 5770 Vl,
1914 5717 1919 5751 ι

2046 5709 2086 5740 ¹⁷
2115 5708 2159 5762 ll
2189 5709 2335 5764 Pclr.
2367 5728 2403 5778 l,
2432 5714 2484 5767 4.
2566 5712 2607 5743 ’⁸
2636 5712 2656 5766 l
2689 5712 2844 5768 Joan.
2877 5731 2952 5781 ιιι,
2982 5716 3036 5770 2.

663 5791 931 5849 PATROL.
980 5792 1096 5852 Gn.
1158 5791 1286 5853 XC.

3156 5810 3235 5874 38
