4020 6380
330 292 461 359 1197

1032 299 1368 362 CAPITUM
1407 296 1831 373 QUINQUIES
1871 294 2390 357 CENTENORUM
2427 296 2817 358 CENTURIA
2856 298 2905 356 Ι.

3452 291 3587 361 1198

329 407 572 477 ναμὲνης
606 405 928 480 ταύτότητα.
961 412 1070 464 Καὶ
1109 413 1220 482 γὰρ
1247 412 1378 465 ἴδιον
1405 415 1502 483 τῆς
1527 412 1770 483 ἀγάπης,
1792 410 1903 464 τῶν

2036 416 2254 463 acatam
2284 407 2453 463 animi
2496 408 2769 464 sententia
2814 408 3157 463 identitatem
3201 412 3463 477 prtestare
3490 423 3583 461 va-

330 498 403 552 τὰ
429 499 551 551 κατ’
579 498 749 571 αὐτὴν
776 498 1107 572 ζητούντων,
1143 504 1273 573 μίαν
1311 503 1591 569 ἀποδεῖξαι
1625 503 1723 573 τὴν
1760 500 1903 570 γνώδ

328 607 461 661 μην·

408 768 518 840 μθ’.
578 769 644 823 Εί
685 768 846 839 φύσει
886 769 947 822 τὸ
995 769 1161 822 καλόν
1211 772 1358 823 ἐστιν
1392 771 1766 841 ἑνοποιητικὸν
1798 770 1904 822 τῶν

326 858 681 931 διῃρημένων
710 858 807 911 καὶ
841 859 1179 923 συνεκτικὸν,
1221 859 1283 911 τὸ
1323 860 1492 912 κακὸν
1519 859 1760 929 δηλονότι
1796 858 1906 912 τῶν

329 951 627 1021 ἡνωμένων
677 951 794 1001 ἐστὶ
833 950 1161 1019 διαιρετικόν
1194 968 1252 1003 τε
1308 952 1401 1003 καὶ
1444 950 1763 1021 φθαρτικόν.
1796 951 1908 1004 Καὶ

324 1043 439 1110 γὰρ
466 1040 625 1109 φύσει
658 1040 719 1092 τὸ
745 1041 914 1093 κακὸν
948 1040 1237 1094 σκεδαστὸν
1268 1042 1524 1115 ὑπάρχει,
1552 1043 1649 1097 καὶ
1675 1043 1906 1098 ἄστατον

328 1133 427 1186 καὶ
465 1132 816 1202 πολύμορφον
846 1131 942 1186 καὶ
969 1132 1316 1205 διαιρετικόν.

401 1314 463 1362 ν’.
497 1308 723 1361 Πάντων
779 1306 890 1361 τῶν
925 1307 1112 1362 κακῶν
1163 1308 1453 1380 ἀπαλλαγὴ
1503 1310 1597 1363 καὶ
1643 1309 1908 1377 σύντομος

329 1402 473 1470 πρὸς
497 1399 777 1470 σωτηρίαν
802 1400 942 1464 ὁδὸς,
975 1402 1008 1470 ἡ
1046 1400 1255 1472 ἀληθὴς
1296 1401 1390 1454 τοῦ
1445 1402 1581 1455 Θεοῦ
1619 1404 1745 1456 κατ’
1791 1402 1913 1455 ὲπί-

329 1505 537 1555 γνωσιν
565 1489 753 1560 ἀγάπη
787 1490 926 1554 ἐστὶ,
972 1490 1068 1544 καὶ
1093 1493 1125 1561 ἡ
1169 1490 1401 1544 καθόλου
1432 1494 1532 1562 τῆς
1562 1491 1704 1545 κατὰ
1732 1491 1910 1563 ψυχὴν

330 1578 473 1650 πρός
505 1595 565 1631 τε
611 1579 673 1631 τδ
734 1580 895 1650 σῶμα
939 1581 1036 1633 καὶ
1085 1580 1176 1634 τὸν
1208 1582 1414 1651 κόσμον
1445 1580 1633 1635 τοῦτον
1676 1584 1912 1654 στοργῆς

331 1666 647 1737 ὲξάρνησις,
683 1666 807 1721 καθ’
839 1669 925 1740 ἡν,
958 1668 1059 1740 τῆς
1108 1670 1207 1740 μὲν
1230 1670 1423 1743 ἡδονῆς
1456 1671 1774 1741 ἐπιθυμίαν,
1814 1671 1911 1742 τῆς

330 1758 529 1827 ὀδύνης
575 1758 634 1811 δὲ
684 1758 776 1813 τὸν
835 1760 999 1829 φόϐον
1056 1760 1506 1833 ἀποδαλλόμενοι,
1578 1765 1678 1835 τῆς
1735 1764 1911 1834 κακῆς
1943 1755 1985 1811 Β

334 1850 774 1922 ἐλευθερούμεθα
812 1852 1121 1922 φιλαυτίας,
1177 1855 1315 1925 πρὸς
1347 1856 1446 1927 τὴν
1488 1856 1690 1924 γνῶσιν
1722 1854 1915 1910 ἀναϐι-

334 1941 633 2006 ϐασθέντες
664 1943 759 1996 τοῦ
788 1943 1082 2008 Κτίσαντος
1104 1961 1118 1975 ⁸
1160 1947 1253 1999 καὶ
1286 1949 1529 2019 πονηρᾶς
1569 1946 1781 2018 ἀγαθὴν
1816 1948 1914 2002 ἀν-

336 2033 653 2096 τιλαϐόντες
680 2032 872 2106 νοερὰν
903 2035 1191 2103 φιλαυτίαν
1226 2039 1549 2107 σωματικῆς
1576 2035 1917 2108 κεχωρισμέ-

336 2142 437 2195 νην
474 2126 733 2197 στοργῆς,
760 2127 821 2180 of:
859 2127 1150 2199 παυόμεθα
1181 2129 1539 2199 λατρεύοντες
1570 2129 1649 2200 τῷ
1680 2129 1798 2201 Θεῷ
1830 2129 1919 2182 διὰ

337 2218 546 2286 ταύτης
584 2218 683 2288 τῆς
716 2218 890 2289 καλῆς
930 2219 1240 2287 φιλαυτίας,
1274 2222 1339 2273 ἐκ
1399 2220 1537 2274 Θεοῦ
1592 2220 1693 2291 τῆς
1739 2221 1918 2291 ψυχῆς

336 2309 431 2362 ἀεὶ
460 2308 748 2378 ζητοῦντες
785 2311 885 2380 τὴν
919 2309 1200 2365 σύστασιν.
1256 2312 1405 2383 Λύτη
1456 2314 1565 2386 γάρ
1611 2315 1756 2366 ἐστιν
1784 2315 1921 2386 ἁλη-

337 2401 443 2471 θὴς
469 2402 715 2471 λατρεία,
744 2401 839 2454 καὶ
869 2402 1040 2465 ὅντως
1072 2402 1391 2474 θεάρεστος,
1422 2406 1457 2475 ἡ
1488 2406 1583 2476 τῆς
1616 2405 1797 2477 ψυχῆς
1833 2406 1921 2461 διὰ

337 2492 453 2545 τῶν
479 2494 692 2562 ἀρετῶν
721 2492 958 2563 ἀκριϐὴς
989 2494 1298 2563 ἐπιμέλεια.

414 2592 517 2638 va’.
558 2586 616 2638 Ὀ
650 2586 972 2655 σωματικῆς
997 2584 1191 2654 ἡδονῆς
1222 2584 1296 2656 μὴ
1329 2585 1634 2656 ἐφιέμενος,
1668 2587 1764 2639 καὶ
1800 2585 1921 2639 ὀδύ-

343 2692 443 2746 νην
469 2675 754 2738 παντελῶς
787 2674 861 2746 μὴ
889 2674 1243 2745 φοϐούμενος,
1273 2675 1498 2744 γέγονεν
1522 2676 1763 2746 ἀπαθής.
1789 2674 1927 2729 Ταύ-

341 2783 466 2828 ταις
495 2766 601 2837 γὰρ
628 2766 766 2834 μετὰ
793 2769 890 2836 τῆς
914 2766 1177 2836 τεκούσης
1208 2766 1377 2830 αὑτὰς
1403 2767 1708 2836 φιλαυτίας,
1746 2767 1924 2821 πάντα

342 2857 417 2910 τὰ
452 2857 517 2909 δι’
552 2857 723 2920 αὐτάς
761 2874 821 2910 τε
850 2857 947 2909 καὶ
996 2856 1055 2921 ἐξ
1105 2858 1287 2910 αὐτῶν
1318 2858 1455 2928 μετὰ
1484 2857 1585 2928 τῆς
1611 2859 1926 2929 ἀρχηγικω·

342 2950 514 3020 τάτης
536 2948 645 3001 τῶν
674 2948 863 3002 κακῶν
894 2948 1139 3016 ἀγνοίας,
1163 2948 1507 3019 ὁμοθυμαδὸν
1540 2950 1926 3003 συναπέκτεινε

2006 496 2135 551 leat.
2163 496 2221 551 Id
2249 497 2395 552 enim
2425 496 2714 552 cbaritatis
2739 498 3041 567 proprium,
3071 505 3129 552 ut
3154 512 3366 562 eorum,
3399 496 3495 567 qui
3525 513 3589 552 ea

2007 604 2130 657 quae
2162 590 2282 659 ejus
2311 596 2439 644 sunt
2470 600 2743 659 qumrunt,
2772 583 2941 643 unum
2972 591 3217 644 animum
3249 604 3313 645 ac
3339 590 3592 646 volunta-

2011 689 2119 735 tem
2152 678 2369 735 efficiat.

2077 772 2166 826 49.
2198 771 2481 841 Siquidem
2512 788 2576 826 ea
2601 771 2730 826 boni
2758 779 2955 825 natura
2980 779 3062 825 est
3087 778 3249 841 atque
3275 771 3505 835 indoles,
3533 781 3593 826 ut

2009 877 2131 931 qua:
2160 861 2335 917 divisa
2368 871 2498 917 sunt
2531 863 2687 917 uniat
2720 870 2776 915 et
2806 861 3085 915 contineat
3115 878 3128 913 :
3159 861 3284 915 mali
3316 862 3473 930 plane
3503 878 3595 932 ge-

2010 951 2137 1005 nius
2168 952 2295 1016 erit,
2334 961 2396 1006 ut
2426 967 2548 1021 qua:
2583 957 2713 1005 sunt
2752 949 2903 1003 unita
2946 947 3158 1003 dividat
3187 962 3253 1001 ac
3296 947 3591 1000 interimat.

2011 1040 2212 1095 Malum
2242 1042 2391 1096 enim
2420 1051 2615 1095 natura
2649 1039 2975 1108 dissipatura
3000 1045 3084 1091 est
3111 1045 3168 1091 et
3200 1035 3482 1099 mutabile,
3515 1034 3598 1087 in-

2011 1136 2320 1206 stabileque
2355 1144 2413 1191 et
2457 1134 2829 1197 multiforme,
2862 1148 2926 1187 ac
2967 1131 3115 1202 quod
3145 1130 3473 1185 divisionem
3510 1128 3596 1182 in-

2014 1225 2197 1281 ducat.

2088 1319 2175 1374 50.
2216 1315 2496 1371 Liberatio
2530 1330 2560 1369 a
2594 1313 2753 1368 malis
2782 1312 3059 1373 omnibus,
3086 1309 3379 1379 brevisque
3412 1307 3479 1362 ad
3510 1323 3600 1361 sa-

2014 1414 2185 1469 lutem
2213 1412 2321 1476 via,
2353 1425 2482 1463 vera
2509 1415 2593 1462 est
2621 1422 2745 1461 cum
2776 1405 3055 1476 agnitione
3083 1403 3177 1458 Dei
3208 1402 3452 1465 dilectio,
3479 1416 3600 1455 om-

2015 1488 2212 1573 nisque
2270 1515 2399 1570 erga
2452 1513 2653 1568 corpus
2713 1496 3127 1565 mundumque,
3180 1492 3605 1562 indulgentioris

2016 1592 2188 1647 animi
2222 1590 2533 1653 abdicatio;
2579 1604 2707 1658 qua,
2757 1585 3056 1655 voluptatis
3101 1583 3399 1653 cupiditate
3443 1581 3602 1635 dolo-

2019 1686 2205 1754 risque
2249 1690 2398 1737 metu
2431 1680 2698 1744 excussis,
2731 1694 2761 1733 a
2793 1693 2963 1748 pravo
2997 1676 3091 1730 illo
3114 1691 3370 1744 caacoque
3400 1688 3602 1743 corpo-

2015 1777 2093 1831 ris
2117 1790 2305 1830 amore
2336 1773 2656 1836 liberamur,
2694 1769 2761 1824 ad
2785 1769 3044 1825 Auctoris
3075 1768 3444 1839 cognitionem
3466 1765 3600 1821 sub-

2013 1864 2197 1933 vecti;
2233 1867 2462 1938 ejusque
2512 1864 2634 1918 loco
2680 1863 2888 1919 bonum
2924 1862 3077 1916 illum
3108 1871 3271 1929 atque
3306 1861 3599 1914 honestum

2016 1956 2374 2029 intelligentis
2404 1956 2571 2011 animi
2606 1969 2872 2019 amorem,
2895 1952 3201 2023 corporalis
3228 1949 3601 2005 aﬂ‘ectuslabe

2017 2064 2216 2120 purum
2253 2047 2461 2117 adepti,
2505 2062 2573 2101 eo
2617 2045 2846 2115 obsequi
2880 2044 2993 2099 Deo
3023 2058 3133 2097 non
3160 2056 3460 2111 cessamus,
3507 2040 3602 2110 qui

2017 2142 2189 2197 animi
2232 2154 2450 2210 semper
2500 2137 2937 2193 incolumitatem
2988 2144 3055 2189 ex
3106 2133 3218 2188 Deo
3270 2146 3601 2202 quaeramus.

2020 2234 2122 2289 Hic
2163 2232 2310 2287 enim
2342 2244 2510 2286 verus
2542 2230 2745 2293 cultus,
2780 2241 3022 2297 vereque
3063 2227 3176 2281 Deo
3209 2231 3467 2293 acceptus
3498 2232 3604 2287 est,

2022 2334 2083 2379 ut
2115 2337 2313 2392 nempe
2354 2320 2675 2391 diligentem
2722 2318 2907 2373 animo
2935 2317 3202 2372 virtutum
3251 2312 3474 2371 solliciti
3507 2329 3605 2367 cu-

2024 2431 2141 2471 ram
2175 2412 2555 2469 adhibeamus.

2097 2594 2184 2647 5L
2213 2590 2318 2658 Qui
2344 2589 2682 2659 corporalem
2713 2588 3053 2656 voluptatem
3081 2599 3145 2640 ac
3182 2583 3466 2639 libidinem
3496 2598 3611 2639 non

2024 2681 2394 2750 concupiscit,
2436 2694 2540 2733 nec
2583 2678 2829 2733 dolorem
2873 2675 3101 2731 omnino
3137 2674 3365 2739 metuit,
3406 2674 3613 2745 imper-

2025 2774 2231 2829 turbati
2280 2772 2559 2841 solutique
2606 2769 2755 2824 vitiis
2806 2769 2974 2823 animi
3036 2767 3265 2823 exstitit.
3323 2766 3461 2820 Cum
3526 2765 3616 2820 his

2025 2866 2196 2929 enim,
2223 2878 2526 2933 eorumque
2552 2869 2800 2932 parente,
2832 2875 3004 2930 pravo
3032 2859 3125 2913 illo
3149 2873 3215 2913 ac
3245 2873 3391 2912 caeco
3414 2871 3615 2926 corpo-

2028 2956 2104 3010 ris
2138 2969 2347 3017 amore,
2378 2961 2609 3008 cunctos
2656 2951 2853 3005 borum
2901 2964 3089 3015 causa,
3122 2963 3297 3018 exque
3344 2945 3454 3002 illis
3486 2962 3618 3001 suc-

345 3041 521 3111 πάθη,
569 3041 663 3093 καὶ
691 3040 813 3104 ὅλος
850 3042 1042 3109 γέγονε
1089 3038 1187 3092 τοῦ
1239 3040 1475 3105 ἑστῶτος
1527 3041 1623 3094 καὶ
1671 3041 1926 3111 μένοντος

2036 3056 2342 3102 crescentes
2372 3044 2623 3111 aﬂ‘eetus,
2655 3058 2780 3098 eum
2817 3042 3079 3097 vitiorum
3118 3055 3331 3096 summe
3367 3038 3618 3109 principe

347 3134 442 3185 καὶ
474 3133 561 3186 ἀεὶ
594 3131 857 3195 ὡσαύτως
888 3131 1101 3202 ἔχοντος
1154 3131 1313 3202 φύσει
1346 3132 1536 3198 καλοῦ,
1574 3134 1925 3188 παντάπασιν

2036 3136 2319 3208 primaque
2351 3135 2586 3205 origine,
2615 3131 2948 3204 ignorantia,
2974 3146 3087 3185 uno
3109 3130 3263 3185 velut
3300 3129 3412 3183 ictu
3443 3129 3618 3182 inter-

346 3223 499 3294 αύτῷ
526 3222 897 3293 συνδιαμένων
928 3223 1206 3295 ἀκίνητος,
1259 3224 1354 3278 καὶ
1404 3224 1920 3296 ἀνακεκαλυμμένῳ

2036 3228 2205 3293 emit,
2253 3235 2511 3295 totusque
2546 3223 2730 3279 stabili
2782 3222 2861 3277 illi
2907 3231 2964 3277 et
3010 3222 3275 3285 manenti,
3313 3220 3622 3290 eodemque

347 3314 629 3387 προσώπῳ
657 3316 756 3385 τὴν
784 3314 940 3379 δόξαν
968 3314 1063 3367 τοῦ
1114 3314 1250 3369 Θεοῦ
1285 3314 1787 3387 κατοπτριζόμενος
1808 3332 1821 3346 ·
1860 3317 1927 3368 ἐκ

2036 3336 2092 3376 se
2123 3320 2287 3374 modo
2317 3333 2536 3389 semper
2562 3315 2812 3382 habenti,
2843 3330 2907 3370 ac
2939 3324 3136 3370 natura
3181 3314 3329 3369 bono
3354 3314 3622 3367 honesto-

345 3408 451 3476 τῆς
494 3408 553 3459 ἑν
600 3406 749 3477 αὐτῷ
797 3406 1121 3477 φωτοειδοῦς
1164 3407 1572 3479 λαμπρότητος,
1626 3408 1727 3480 τὴν
1774 3407 1928 3463 θείαν

2036 3428 2142 3484 que
2174 3400 2422 3475 adhaesit,
2456 3425 2581 3464 cum
2631 3409 2724 3463 illo
2755 3407 3053 3462 immobilis
3095 3419 3321 3477 prorsus
3367 3418 3626 3475 perseve-

346 3500 446 3553 καὶ¹
476 3501 770 3570 ἀπρόσιτον
810 3498 971 3564 δόξαν
1002 3498 1293 3570 θεώμενος.

2036 3514 2201 3566 rans,
2244 3515 2308 3556 ac
2337 3499 2578 3554 revelata
2623 3497 2760 3553 facie
2808 3497 2963 3567 quasi
3012 3497 3068 3551 in
3119 3496 3345 3566 speculo
3378 3494 3624 3549 divinam

346 3593 581 3665 gloriam
624 3595 1006 3665 contemplans
1036 3595 1113 3663 ’°;
1148 3610 1216 3651 ex
1247 3594 1434 3653 lucido
1474 3610 1645 3669 penes
1690 3597 1933 3671 seipsum
1969 3596 2285 3672 Splendore,
2309 3594 2551 3650 divinam
2583 3608 2647 3649 ac
2675 3591 3013 3649 inaccessam
3065 3591 3375 3648 claritatem
3436 3588 3624 3644 animo

344 3688 729 3744 considerans.

422 3778 527 3831 v6'.
559 3778 673 3847 Τὴν
707 3776 901 3848 ἡδονὴν
927 3775 1027 3845 τῆς
1062 3776 1345 3846 παρούσης
1385 3778 1530 3849 ζωῆς
1561 3778 1656 3833 καὶ
1685 3778 1783 3852 τὴν
1809 3779 1929 3834 ὀδύ-

348 3886 473 3941 νην,
502 3870 605 3938 ὅση
634 3869 887 3938 δύναμις,
942 3867 1331 3939 ἀρνησώμεθα,
1384 3870 1480 3924 καὶ
1532 3870 1931 3943 πάσηςπαθῶν

358 3959 607 4022 ἐπινοίας
638 3959 702 4029 (ί)
734 3960 833 4013 καὶ
855 3957 1247 4029 δαιμονιώδους
1289 3962 1629 4033 κακουργίας
1653 3961 1931 4027 παντελῶς

354 4050 877 4122 ἀπαλλαγησόμεθα.
934 4050 1033 4104 Διὰ
1080 4050 1188 4122 γὰρ
1236 4050 1336 4122 τὴν
1379 4052 1572 4125 ἡδονὴν
1627 4056 1931 4127 ἀγαπῶμεν

353 4142 427 4197 τὰ
456 4142 629 4213 πάθη,
661 4143 757 4198 καὶ
783 4141 872 4196 διὰ
910 4140 1009 4215 τὴν
1050 4141 1245 4214 ὀδύνην
1276 4143 1552 4215 φεύγομεν
1580 4146 1679 4216 τὴν
1708 4148 1931 4219 ἀρετήν.

437 4320 529 4390 ιγ’.
580 4319 799 4393 Ἐπειδὴ
838 4322 988 4375 πᾶσα
1018 4320 1187 4375 κακία
1227 4320 1441 4391 πέφυκε
1471 4323 1585 4385 τοῖς
1615 4320 1937 4376 συνιστῶσιν

2108 3777 2270 3849 522
2298 3774 2387 3832 52.
2412 3776 2549 3833 Vitae
2577 3774 2745 3846 hujus
2774 3773 3111 3844 voluptatem
3150 3781 3315 3843 atque
3351 3772 3620 3841 dolorem,

2038 3880 2244 3941 quanta
2291 3868 2522 3923 facultas
2565 3874 2670 3932 est,
2702 3866 3040 3930 abdicemus,
3074 3864 3334 3935 omnique
3360 3866 3620 3922 vitiorum

2037 3961 2223 4016 animo
2253 3959 2398 4025 labe,
2435 3959 2855 4029 daemonumque
2903 3958 3242 4029 malignitate
3286 3960 3510 4029 penitus
3551 3962 3620 4015 li-

2038 4049 2379 4105 berabimur.
2409 4048 2720 4118 Voluptatis
2754 4049 2900 4102 enim
2936 4048 3291 4118 libidinisque
3338 4050 3619 4117 illecebra,

2040 4141 2171 4195 vitia
2195 4141 2535 4209 affectusque
2560 4137 2870 4208 diligimus;
2899 4146 3159 4208 metuque
3182 4138 3410 4206 doloris,
3443 4141 3623 4195 virtu-

2043 4240 2150 4287 tem
2177 4232 2417 4300 fugimus
2438 4244 2501 4285 ac
2522 4244 2861 4284 aversamur.

2114 4323 2201 4379 55.
2237 4321 2373 4378 Cum
2420 4336 2589 4377 omne
2637 4321 2835 4376 vitium
2886 4337 2993 4377 una
3042 4336 3168 4376 cum
3224 4322 3405 4378 modis
3444 4323 3624 4392 ipsum

360 4413 540 4483 αὐτὴν
575 4412 1010 4484 συμφθείρεσθαι
1062 4412 1307 4486 τρόποις,
1357 4414 1628 4487 εὑρίσκων
1668 4414 1735 4468 δι’
1765 4414 1928 4485 αὐτῆς

2042 4412 2501 4486 promoventibus
2538 4428 2635 4468 seu
2681 4412 3048 4468 conﬂantibus
3079 4412 3325 4483 proclive
3357 4414 3623 4479 intereat;

358 4504 465 4570 τῆς
492 4502 689 4569 πείρας
721 4502 749 4555 ὁ
788 4502 1098 4574 ἄνθρωπος,
1135 4504 1315 4576 πάσης
1337 4503 1532 4576 ἡδονῆς
1562 4501 1703 4559 εἶναι
1725 4506 1939 4568 πάντως

360 4595 468 4663 τὴν
498 4594 690 4666 ὀδύνην
726 4594 991 4665 διάδοχον,
1021 4595 1158 4667 πρὸς
1194 4595 1292 4665 μὲν
1316 4595 1415 4665 τὴν
1447 4594 1662 4667 ἡδονὴν,
1693 4595 1793 4667 τὴν
1813 4595 1942 4666 ὅλην

367 4687 530 4756 ἔσχεν
566 4687 746 4757 ὁρμήν
768 4701 782 4716 ⁶
823 4687 958 4757 πρὸς
990 4686 1046 4739 δὲ
1075 4686 1172 4757 τὴν
1197 4686 1411 4758 ὀδύνην,
1441 4686 1700 4765 τὴνςδλην
1726 4688 1943 4756 ἀποφυ-

366 4778 475 4848 γὴν
493 4793 509 4808 ο
538 4781 637 4849 τῆς
670 4779 792 4848 μὲν,
834 4778 973 4833 κατὰ
1000 4780 1182 4832 πᾶσαν
1213 4762 1757 4850 ὑπεραγωνιζόμενος
1783 4777 1942 4833 δύνα-

371 4890 470 4945 μιν
490 4888 506 4903 ·
538 4874 637 4944 τῆς
666 4873 743 4937 δὲ,
772 4874 913 4927 κατὰ
942 4874 1127 4927 πᾶσαν
1152 4873 1387 4944 σπουδὴν
1413 4873 1942 4943 καταγωνιζόμενος,

364 4965 637 5036 οἰόμενος,
671 4966 808 5038 ὅπερ
832 4965 1115 5037 ἀμήχανον
1143 4961 1235 5036 ἦν,
1270 4965 1359 5019 διὰ
1384 4966 1483 5035 τῆς
1512 4964 1767 5033 τοιαύτης
1816 4964 1947 5035 μεθ-

362 5057 564 5125 οδείας,
584 5059 829 5129 ἀλλήλων
851 5058 1052 5122 ταύτας
1071 5057 1379 5128 διαστῆσαι,
1407 5058 1500 5109 καὶ
1522 5057 1659 5128 μόνῃ
1689 5057 1753 5126 τῇ
1780 5056 1942 5131 ἡδονῇ

440 5214 487 5248 ²⁰
515 5215 562 5271 ΙΙ
584 5213 710 5271 Cor.
738 5230 817 5280 ιιι,
849 5214 935 5268 12.

466 5364 504 5427 ι)
531 5359 741 5422 Πάσης
768 5351 974 5427 audam
988 5349 1282 5427 ἐπινοίας.
1314 5347 1426 5427 Ρτο
1440 5346 1703 5427 λογισμοῦ
1729 5348 1950 5427 videtur

371 5417 810 5497 usurpasse;_ut
836 5420 1107 5497 signiﬁcet
1140 5417 1565 5497 ipsu_mﬂvitium.
1595 5425 1652 5497 et
1689 5418 1947 5497 affectum

368 5486 555 5556 animo
605 5486 914 5550 haerentem
945 5493 1097 5558 juxta
1131 5486 1278 5558 quod
1308 5486 1495 5558 Varing.
1549 5487 1781 5558 ἐπίνοια,
1819 5490 1949 5542 ὅταν

368 5587 456 5631 τις
508 5569 571 5619 τὰ
613 5567 741 5618 ὄντα
768 5567 826 5617 ὲν
849 5565 915 5633 τῇ
945 5556 1165 5629 διανοίᾳξ
1196 5558 1398 5633 θεωρῇ.
1440 5556 1559 5633 Νρῐι
1609 5557 1744 5633 satis
1806 5560 1947 5633 bene

372 5627 533 5693 Picus
561 5637 672 5690 :Ab
694 5636 839 5693 omni
864 5627 1440 5702 difectuMppinione.
1479 5627 1738 5702 Possit_et
1773 5628 1949 5702 subtif

372 5709 481 5764 lem
500 5707 800 5777 cogitatum
820 5713 873 5760 et
900 5696 1339 5783 adinventio'nem
1358 5711 1576 5763 sonare,
1598 5696 1676 5752 uti
1697 5698 1948 5768 sequenti

2046 4514 2329 4576 comperto
2358 4504 2546 4569 homo,
2593 4504 2673 4558 rei
2723 4503 2841 4574 ipso
2867 4503 3135 4574 periculo,
3179 4501 3328 4558 omni
3357 4503 3624 4573 voluptati

2045 4598 2272 4665 omnino
2297 4594 2542 4651 dolorem
2573 4594 2830 4651 comitem
2855 4610 2977 4651 esse
3005 4612 3019 4649 :
3054 4595 3112 4650 in
3134 4595 3470 4663 voluptatem
3505 4595 3629 4664 qui-

2048 4688 2212 4754 dem,
2249 4688 2359 4743 vim
2394 4702 2613 4742 omnem
2667 4687 2976 4756 appetentis
3024 4687 3228 4747 animi.
3278 4688 3333 4742 in
3381 4688 3627 4743 dolorem

2048 4796 2203 4845 vero,
2228 4780 2407 4851 fugam
2434 4792 2653 4834 omnem
2690 4778 2995 4835 convertit:
3021 4778 3171 4834 illius
3190 4778 3410 4850 quidem
3438 4795 3626 4841 causa,

2051 4875 2182 4929 totis
2206 4874 2420 4929 viribus
2450 4872 2769 4937 decertans;
2800 4871 2948 4927 hunc
2979 4887 3133 4938 vero,
3162 4872 3313 4927 omni
3346 4872 3628 4942 diligentia

2050 4982 2408 5037 oppugnans;
2446 4980 2643 5035 nempe
2688 4971 2841 5019 ratus
2887 4963 3004 5020 fore
3056 4964 3223 5037 (quod
3270 4965 3497 5020 omnino
3528 4966 3630 5020 im-

2050 5059 2321 5129 possibile
2356 5058 2495 5127 erat)
2535 5065 2595 5111 ut
2634 5073 2696 5112 ea
2739 5057 2960 5112 solertia
3001 5065 3249 5129 arteque,
3280 5056 3511 5112 alterum
3557 5060 3629 5113 ab

2050 5350 2389 5430 statimfap.
2419 5348 2529 5430 Τὰς
2567 5347 3027 5430 ἀμυθὴτουςντῶν
3057 5349 3394 5430 φθοροποιῶν
3438 5351 3630 5430 παθῶν

2047 5418 2371 5495 ἐπινοοῦμεν
2400 5418 2665 5485 γενέσεις.
2706 5418 2776 5495 pl.
2810 5418 3086 5495 velit_fore
3114 5418 3325 5495 liberos
3366 5422 3514 5495 omni
3549 5422 3630 5477 vi—

2050 5489 2126 5543 tio
2152 5488 2465 5568 acoafl‘ectu,
2499 5496 2614 5568 tum
2646 5488 2993 5568 eu'jusrnobis
3024 5490 3129 5568 ipsi
3159 5498 3413 5568 auctores
3454 5491 3631 5548 simus

2048 5558 2289 5640 propria.
2327 5558 2747 5625 adinventione,
2812 5567 2927 5615 tum
2988 5558 3147 5634 cujus
3199 5560 3475 5619 daemones
3527 5576 3629 5618 sua

2047 5635 2422 5700 suggestione.
