4020 6426
462 270 597 337 1199

1627 273 1685 333 S.
1728 270 2016 334 MAXIM!
2057 268 2568 334 CONFESSORIS

3571 289 3682 364 1230

455 382 634 437 altero
679 381 1046 454 dispesceret;
1101 381 1315 452 solique
1363 381 1632 453 voluptati
1695 385 2029 456 conjunctuu

2156 387 2512 458 συνημμένην
2568 387 2666 461 τὴν
2715 387 3004 460 φιλαυτίαν
3053 389 3201 464 ἔχειν
3229 396 3492 465 παντελῶς
3525 403 3692 482 ὀδύνης

456 486 690 540 pravum
727 472 883 525 illum
923 485 1241 542 caecumque
1287 473 1537 543 corporis
1584 488 1852 540 amorem,
1898 474 2051 528 nullo

454 579 685 634 prorsus
729 563 940 621 doloris
989 563 1261 634 periculo,
1311 564 1573 633 haberet;
1610 565 1868 636 ignorans
1901 565 2051 621 scili-

451 665 544 712 cet
593 656 819 730 (aﬂ‘ectu
883 667 1020 729 puto
1081 674 1308 714 sensum
1365 658 1666 730 adimente)
1713 659 2048 730 voluptatem

455 750 629 820 ipsam
665 765 766 820 per
811 765 872 806 se
899 764 1150 806 seorsum
1187 766 1218 805 a
1270 751 1460 806 dolore
1489 766 1772 821 nunquam
1823 749 2050 804 omnino

451 853 615 908 posse
661 838 951 894 exsistere.
986 838 1086 893 Est
1119 839 1268 893 enim
1298 839 1626 894 commistus
1652 840 1922 910 voluptati
1952 839 2051 894 do—

451 930 588 987 loris
631 930 810 995 labor,
845 931 1066 986 tametsi
1108 930 1281 986 latere
1320 946 1418 987 eos
1459 930 1733 997 videatur,
1783 932 1879 1002 qui
1928 931 2049 1003 ejus

452 1029 737 1092 compotes
771 1029 920 1086 sunt,
951 1021 1022 1076 ob
1069 1031 1499 1092 exsuperantem
1547 1023 1761 1079 scilicet
1798 1023 2050 1094 volupta-

453 1113 525 1168 tis
554 1113 834 1170 aﬂ'ectum.
879 1113 1111 1184 Semper
1158 1113 1308 1169 enim
1353 1114 1501 1184 quod
1545 1115 1823 1185 praecipue
1872 1114 2050 1170 domi-

453 1215 618 1260 natur
652 1221 716 1262 ac
752 1206 920 1277 viget,
953 1214 1144 1261 natum
1178 1215 1264 1262 est
1305 1206 1548 1272 elucere,
1577 1207 1697 1278 ejus
1737 1206 2048 1278 obtegendo

450 1311 673 1352 sensum
710 1296 856 1367 quod
887 1296 967 1351 illi
1001 1298 1360 1369 conjunctum
1392 1305 1498 1353 est.
1533 1297 1696 1354 Pravi
1736 1297 1904 1370 igitur
1938 1313 2047 1353 ca:-

449 1388 613 1459 cique
643 1388 793 1444 illius
829 1389 1039 1445 amoris
1065 1389 1252 1446 studio
1278 1390 1615 1460 voluptatem
1649 1388 2044 1479 consectando,

450 1475 772 1532 innumeros
801 1477 1066 1534 exitiosos
1094 1477 1327 1534 aﬂ‘ectus
1351 1477 1596 1548 vitiaque
1635 1475 2045 1533 adinvenimu's.

517 1568 607 1624 54.
642 1568 833 1625 Nescit
864 1567 984 1641 ipso
1015 1571 1095 1626 rei
1132 1571 1384 1642 periculo
1413 1569 1712 1641 voluptatis
1740 1584 1806 1624 ac
1838 1568 2048 1624 doloris

2152 478 2471 570 άπείρατον,
2527 481 2806 554 ἀγνοήσας
2843 483 2950 536 ύπδ
2992 483 3092 538 τοῦ
3143 486 3367 552 πάθους,
3408 491 3479 557 ὡς
3517 478 3690 570 ἔοικεν,

2150 566 2226 630 ὡς
2256 567 2357 622 ούκ
2396 568 2674 640 ἐνδέχεταί
2701 588 2837 625 ποτε
2869 573 3038 643 χωρὶς
3071 573 3266 647 ὀδύνης
3295 573 3430 634 εἶναι
3461 582 3550 656 τὴν
3590 566 3696 659 ήδοξ

2151 659 2271 731 νήν.
2313 659 2681 734 Ἐγκέκραται
2720 663 2831 736 γὰρ
2883 668 2951 737 τῇ
2993 666 3158 740 ἡδονῇ
3193 669 3294 740 τῆς
3338 672 3521 748 ὀδύνης
3548 680 3574 732 ὁ
3610 684 3696 736 πό.

2150 767 2262 818 νος,
2290 751 2396 806 κᾶν
2428 753 2716 810 λανθάνειν
2747 757 2880 830 δοκῇ
2912 760 3040 824 τοὺς
3064 759 3309 831 ἔχοντας,
3344 765 3431 819 διὰ
3460 769 3552 841 τὴν
3573 765 3715 830 κατὶ

2149 843 2210 896 τδ
2262 843 2434 910 πάθος
2472 845 2574 916 τῆς
2616 848 2816 919 ἡδονῆς
2856 851 3224 922 ἐπικράτειαν
3250 869 3263 882 ·
3307 857 3487 930 ἐπειδὴ
3511 861 3567 914 τὸ
3588 864 3698 917 ἐπι.

2151 937 2412 1008 κρατοῦν,
2469 940 2560 995 ἀεὶ
2601 940 2981 1011 διαφαίνεσθαι
3041 945 3278 1015 πέφυκε,
3315 949 3577 1007 καλύπτον
3617 957 3700 1010 τοῦ

2151 1031 2565 1101 παρακειμένου
2626 1032 2726 1104 τὴν
2777 1035 3055 1108 αἴσθησιν.
3105 1038 3330 1112 Ἡδονῆς
3381 1038 3470 1098 οῦν
3496 1045 3578 1100 διὰ
3616 1049 3703 1121 τὴν

2152 1121 2442 1214 φιλαυτίαν
2473 1125 2938 1199 ἀντιποιούμενοι,
2972 1131 3068 1185 καὶ
3101 1132 3297 1204 ὀδύνην
3317 1135 3401 1190 διὰ
3431 1138 3523 1210 τήν
3555 1141 3705 1214 αύτὴν

2150 1212 2335 1267 αίτίαν
2364 1215 2527 1268 πάλιν
2562 1217 2786 1287 φεύγειν
2828 1223 3246 1290 σπουδάζοντες,
3281 1226 3377 1290 τὰς
3415 1212 3705 1301 anguem-3;

2149 1303 2262 1359 τῶν
2295 1306 2640 1378 φθοροποιῶν
2675 1311 2868 1367 παθῶν
2895 1314 3222 1389 ἐπινοοῦμεν
3250 1320 3511 1388 γενέσεις.

2219 1563 2314 1663 vi.
2351 1565 2567 1635 Ἀγνοεῖ
2615 1586 2704 1635 τις
2753 1571 2852 1645 τὴν
2894 1575 3018 1630 καθ’
3051 1577 3246 1652 ἡδονήν
3285 1584 3381 1636 καὶ
3413 1585 3596 1660 ὀδύνην
3624 1593 3709 1663 τῆς

449 1677 695 1729 sensum,
729 1662 826 1734 qui
876 1662 990 1718 Deo
1035 1677 1168 1718 vere
1215 1662 1563 1730 charissima,
1599 1661 1932 1732 amabilique
1982 1676 2029 1715 at

2149 1653 2711 1754 αἰσθήσεως-πεῖραν,
2751 1664 2884 1719 ὅταν
2911 1667 2990 1740 τῷ
3017 1669 3139 1742 Θεῷ
3163 1671 3242 1744 τῷ
3267 1673 3438 1740 ὅντως
3464 1653 3710 1754 ἀγάπητῶ

448 1753 784 1819 desiderato,
812 1755 1090 1826 corporali
1119 1755 1269 1810 omni
1303 1754 1508 1810 aﬂ‘ectu
1547 1769 1612 1810 ac
1639 1753 1876 1809 libidine
1908 1752 2029 1808 libe

2149 1748 2244 1847 καὶ
2273 1749 2610 1847 aggerem
2635 1757 2814 1831 ἐφετῷ
2843 1763 3147 1839 προσδήσῃ.
3181 1742 3386 1837 μᾶλλον
3411 1769 3468 1824 δὲ
3496 1742 3710 1847 iouis},

450 1861 595 1914 rum,
632 1845 967 1918 dejunxerit.
1015 1861 1116 1902 seu
1159 1847 1334 1919 magis
1384 1845 1870 1919 conglutinaverit,
1919 1844 2042 1901 ani-

448 1953 624 1993 mum.

518 2028 608 2082 55.
629 2026 1103 2094 Quemadmodum
1135 2027 1253 2085 ﬁeri
1282 2044 1392 2085 non
1420 2038 1622 2100 potest,
1649 2039 1710 2085 ut
1734 2030 1861 2101 quis
1881 2029 2044 2085 aliter

446 2134 645 2188 purum
676 2120 788 2176 Deo
815 2121 1028 2176 cultum
1058 2120 1346 2188 adhibeat,
1376 2121 1508 2191 quin
1547 2121 1770 2192 penitus
1793 2121 2038 2177 animum

445 2210 710 2266 emundet
739 2230 751 2265 :
780 2212 861 2268 sic
891 2228 995 2268 nec
1023 2222 1292 2270 creaturae
1327 2214 1538 2270 servire
1569 2221 1770 2285 potest,
1812 2215 1946 2285 quin
1980 2231 2040 2271 se

446 2303 665 2373 corpori
721 2304 1060 2376 diligentiori
1104 2323 1238 2362 cura
1285 2306 1569 2377 impendat
1616 2325 1629 2362 :
1681 2322 1794 2378 quo
1841 2323 2040 2378 nempe

445 2394 635 2460 homo,
668 2395 963 2451 exitiosum
987 2411 1219 2466 corpore
1248 2397 1458 2451 cultum
1492 2411 1784 2468 peragens,
1807 2399 2039 2469 ejusque

448 2485 659 2540 ratione
699 2486 786 2541 sui
825 2486 940 2556 ipse
974 2501 1040 2542 ac
1084 2485 1384 2541 carnaliter
1424 2501 1652 2552 amans,
1699 2486 2037 2557 voluptatem

437 2579 643 2650 jugitcr
697 2579 970 2650 vigentem
1021 2587 1188 2649 atque
1223 2579 1473 2635 dolorem
1524 2579 1798 2646 habebat,
1842 2580 2037 2636 inobe-

443 2668 666 2724 dientiae
712 2684 930 2740 semper
961 2669 1112 2741 ligno
1154 2684 1412 2736 vescens;
1455 2670 1601 2739 quod
1644 2670 1859 2726 scilicet
1904 2670 2037 2727 boni

441 2774 506 2815 ac
557 2761 688 2816 mali
742 2761 1088 2818 commistam
1142 2777 1361 2832 semper
1409 2778 1609 2819 sensus
1655 2763 2038 2833 experimento

439 2851 728 2907 scientiam
773 2852 1025 2910 haberet.
1077 2854 1192 2910 Nec
1237 2854 1380 2910 forte
1412 2869 1443 2908 a
1486 2869 1621 2909 vero
1653 2853 2034 2922 aberraverit,

439 2942 535 3012 qui
566 2943 735 3008 dicat,
766 2944 976 3015 lignum
1018 2944 1268 3000 scientias
1304 2943 1438 3000 boni
1465 2952 1522 2999 et
1549 2945 1680 3000 mali
1722 2954 2036 3002 creaturam

2146 1837 2240 1893 τὸν
2268 1840 2415 1908 νοῦν,
2446 1843 2550 1916 τῆς
2597 1851 2923 1924 σωματικῆς
2951 1837 3248 1927 γενόμενον
3283 1859 3568 1936 ἐλεύθερον
3601 1837 3711 1937 σᾷιέῖ

2148 1946 2310 1996 σεως.

2217 2031 2312 2122 us’.
2340 2027 2550 2122 ’ᾨσπερ
2599 2031 2660 2085 ού
2695 2031 2920 2089 δύναταί
2973 2055 3058 2104 τις
3091 2040 3267 2106 ἄλλως
3319 2043 3599 2118 λατρεύειν
3644 2053 3712 2122 τῷ

2145 2114 2267 2188 θεῷ
2302 2118 2584 2210 κῆιθαρῶς.
2619 2125 2694 2196 μὴ
2721 2125 2819 2198 τὴν
2846 2127 3025 2200 ψυχὴν
3054 2125 3224 2204 ἄρδην
3246 2114 3614 2210 ἐκκαθαίρων·
3637 2114 3716 2196 οὔ..

2144 2224 2254 2306 τως
2295 2208 2420 2263 οὔτε
2448 2214 2514 2283 τῇ
2544 2215 2721 2269 κτίσει
2751 2217 3060 2292 λατρεύειν,
3100 2224 3175 2297 μὴ
3207 2225 3268 2280 τὺ
3295 2228 3458 2299 σῶμα
3487 2208 3714 2306 περιποι-

2143 2301 2375 2372 ούμενος
2404 2305 2522 2378 (m)'
2565 2308 2688 2363 καθ’
2718 2311 2748 2364 δ
2785 2311 2948 2385 σῶμα
2975 2317 3075 2390 τήν
3106 2319 3438 2392 φθοροποιὸν
3471 2301 3716 2382 ἐπιτελῶν

2143 2392 2402 2466 λατρείαν
2429 2401 2457 2453 ὁ
2485 2399 2794 2474 ἄνθρωπος,
2831 2408 2925 2462 καὶ
2954 2413 3079 2464 κατ’
3105 2413 3238 2467 αὐτὸ
3275 2418 3572 2489 γενόμενος
3611 2423 3716 2491 φίλ-

2144 2503 2329 2586 αυτος,
2361 2491 2557 2564 ἡδονὴν
2588 2493 2735 2567 εἶχεν
2761 2501 3059 2568 ἀπαύστως
3105 2507 3198 2560 καὶ
3241 2509 3446 2583 ὀδύνην
3483 2517 3719 2586 ἐνεργοι-

2147 2582 2339 2670 μένην,
2369 2586 2567 2642 ἐσθίων
2601 2591 2690 2646 ἀεὶ
2719 2594 2784 2646 τὸ
2813 2595 2972 2662 ξύλον
2998 2601 3100 2670 τῆς
3129 2606 3450 2678 παρακοῆς,
3481 2608 3542 2662 τὸ
3569 2582 3717 2664 καλοῦ

2142 2691 2204 2774 τε
2237 2677 2333 2774 καὶ
2363 2681 2558 2774 κακοῦ,
2590 2685 2733 2739 κατὰ
2788 2690 2985 2744 ταύτὸν
3036 2677 3397 2769 μεμιγμένην
3450 2701 3590 2756 κατὰ
3633 2703 3721 2774 τήν

2142 2767 2400 2866 αίσθησιρι
2429 2771 2519 2829 διὰ
2551 2776 2650 2847 τῆς
2681 2780 2878 2851 πείρας
2904 2783 3027 2854 ἔχον
3059 2787 3157 2858 τὴν
3184 2767 3416 2857 γνῶσιν.
3454 2794 3564 2849 Καὶ
3589 2767 3720 2866 τάχά

2141 2861 2300 2958 ξύλον
2330 2861 2473 2920 εἶναι
2504 2871 2751 2938 γνωστὸν
2778 2873 2948 2929 καλοῦ
2985 2879 3081 2932 κα)⁸
3107 2879 3381 2953 πονηροῦ,
3422 2886 3523 2958 τὴν
3553 2861 3724 2956 mg-

2145 2955 2316 3051 μένην
2365 2961 2546 3015 κτίσιν
2600 2964 2772 3018 εἰπών
2823 2984 2930 3033 τις,
2990 2971 3092 3042 οὐχ
3125 2955 3580 3049 ,ἁμαρτήσει
3603 2981 3724 3051 ἀληο

438 3047 562 3088 csse
601 3034 778 3089 oculis
807 3034 1113 3104 subjectam
1137 3053 1152 3104 ;
1180 3035 1329 3105 quod
1355 3050 1555 3106 nempe
1581 3036 1673 3091 illa
1703 3035 1755 3090 vi
1781 3025 2029 3107 volupta-

439 3124 508 3150 οζιι
542 3131 705 3150 -.ι-..Α
748 3126 949 3150 ,ΙΑΙΑ-ζιι.
988 3124 1266 3150 Amano—:4-
1326 3125 1481 3150 lgna
1516 3141 1577 3150 ..Α
1614 3126 1755 3150 -..ΑΔ
1794 3129 2001 3150 ..Α--εΞ-2

2141 3025 2336 3150 θείαςμ·
2368 3052 2566 3150 ἡδονῆς
2589 3057 2700 3129 γὰρ
2734 3058 2831 3114 καί
3405 3025 3726 3142 ’ἐχξῗφῖξῖο

439 3124 512 3180 tis
539 3131 708 3194 atque
744 3126 952 3181 doloris
985 3124 1290 3192 eﬂ'ectrice,
1322 3125 1482 3198 523
1513 3141 1582 3182 eo
1609 3126 1758 3198 quod
1793 3129 2032 3200 percipi-

441 3226 562 3284 tur,
594 3227 790 3273 natura
823 3218 1050 3289 praedita
1083 3218 1176 3274 sit.

509 3309 598 3364 56.
633 3307 736 3364 Ubi
787 3325 897 3364 non
943 3311 1161 3367 obtinet
1193 3326 1257 3366 ac
1277 3311 1602 3368 dominatur
1633 3312 1797 3379 ratio,
1833 3327 2031 3368 sensus

436 3400 594 3472 vigor
641 3412 699 3457 et
747 3401 1044 3474 imperium
1099 3403 1193 3458 cui
1239 3404 1530 3459 commista
1572 3413 1740 3475 atque
1774 3414 2029 3460 conserta

434 3493 646 3564 peccati
681 3493 786 3559 vis,
817 3503 1021 3565 praesto
1046 3510 1171 3551 esse
1201 3496 1375 3563 solet;
1408 3495 1709 3568 voluptatis
1744 3495 2026 3563 illecebra,

433 3586 503 3641 ad
533 3587 714 3642 carnis
748 3603 856 3643 una
884 3588 1241 3644 subsistentis
1265 3605 1442 3661 eoque
1472 3588 1680 3654 aliinis,
1715 3589 2030 3645 miseratio-

434 3692 560 3732 nem
590 3679 836 3748 proclive
863 3680 1108 3735 anirnum
1149 3681 1375 3738 trahens
1412 3701 1424 3736 :
1458 3697 1560 3752 pro
1597 3682 1757 3753 cujus
1788 3683 2023 3749 ratione,

435 3775 694 3837 tanquam
729 3783 870 3839 opus
893 3769 944 3824 ei
972 3771 1245 3837 naturale,
1272 3771 1531 3828 vitiosam
1564 3786 1631 3827 ac
1653 3771 2024 3842 voluptariam

432 3873 530 3914 seu
563 3857 921 3915 libidinosam
948 3861 1133 3916 carnis
1160 3877 1350 3917 curam
1379 3878 1687 3932 assumens,
1722 3879 1752 3918 a
1775 3863 1888 3918 vita
1921 3879 2022 3918 na-

433 3950 593 4004 turali
644 3950 921 4018 abducit,
968 3961 1274 4024 auctorque
1319 3955 1400 4009 illi
1455 3963 1573 4022 est,
1633 3964 1696 4010 ut
1742 3955 1849 4011 sibi
1904 3957 2022 4026 ipse

429 4042 719 4110 pravitatis
751 4058 817 4098 ac
843 4043 1089 4112 malitia,
1115 4060 1240 4116 quae
1267 4062 1373 4104 nec
1424 4063 1554 4103 vere
1581 4055 1688 4114 est,
1717 4047 2022 4104 fabricator

428 4133 680 4188 exsistat.

500 4226 589 4282 57.
620 4229 804 4284 Animi
832 4217 1192 4302 intélligentis
1212 4231 1411 4286 vitium
1436 4231 1764 4302 acpravitas
1785 4242 1890 4299 est,
1916 4248 2019 4289 na-

428 4319 690 4374 turalium
719 4319 999 4375 bonorum
1026 4320 1256 4389 oblivio,
1281 4337 1350 4377 ex
1377 4322 1676 4378 libidinosa
1707 4323 1764 4378 in
1792 4337 2017 4379 carnem

2139 3141 2252 3207 κῶς
2274 3145 2374 3215 τὴν
2406 3148 2730 3221 μετάληψιν.

2204 3333 2311 3391 νς’.
2352 3329 2523 3384 Ἔνθα
2552 3331 2710 3402 λόγος
2735 3337 2798 3391 οὐ
2825 3339 3051 3410 κρατεῖ,
3113 3342 3175 3396 τὸ
3201 3345 3330 3396 κατ’
3347 3345 3612 3417 αἴσθησιν
3637 3348 3729 3400 πέ-
3827 3325 3830 3330 Ι

2132 3432 2305 3487 φυκεν
2347 3421 2691 3491 ἐπιγίνεσθαι
2736 3428 2940 3498 κράτος
2964 3471 2980 3494 ,
3041 3432 3099 3486 ἐν
3127 3427 3172 3502 ᾧ
3195 3436 3302 3507 τῆς
3326 3437 3608 3509 ἁμαρτίας
3637 3439 3730 3491 πέ-

2131 3510 2338 3580 φυρταί
2391 3530 2508 3576 πως
2541 3516 2573 3586 ή
2605 3515 2860 3588 δύναμις,
2924 3522 3064 3593 πρὸς
3088 3519 3272 3578 οἶκτον
3305 3527 3410 3598 τῆς
3439 3527 3730 3596 συγγενοῦς

2132 3601 2340 3673 σαρκὸς
2371 3604 2496 3659 καθ’
2519 3607 2818 3665 ὑπόστασιν
2838 3653 2853 3677 ,
2883 3612 2984 3684 τὴν
3008 3613 3188 3687 ψυχὴν
3211 3617 3282 3670 δι’
3305 3618 3510 3690 ἡδονῆς
3540 3619 3735 3674 ὑποσύ-

2129 3708 2301 3786 ρουσα
2321 3710 2336 3724 ·
2394 3698 2518 3750 καθ’
2541 3699 2608 3769 ἣν
2637 3698 2710 3764 ὡς
2739 3701 2902 3770 ἔργον
2930 3707 3069 3777 αὐτῇ
3105 3709 3341 3786 φυσικὸν
3370 3711 3729 3783 ἐγχειρίσασα

2126 3782 2229 3854 τὴν
2277 3785 2502 3857 ἐμπαθῆ
2548 3789 2644 3843 καὶ
2685 3791 2983 3863 καθήδονον
3013 3800 3112 3868 τῆς
3145 3784 3359 3872 σαρκδς
3388 3782 3730 3874 ἐπιμέλειαν,

2126 3875 2332 3946 ἀπάγει
2361 3879 2464 3950 τῆς
2488 3883 2629 3936 κατὰ
2659 3883 2822 3954 φύσιν
2851 3885 3019 3961 ζωῆς,
3053 3892 3148 3946 καὶ
3175 3893 3364 3949 πείθει
3398 3896 3505 3967 τῆς
3531 3899 3731 3951 tivum-

2127 3969 2324 4024 στάτου
2359 3971 2560 4037 κακίας
2591 3976 2849 4043 γενέσθαι
2877 3980 3086 4054 ταύτην
3110 3983 3487 4056 δημιουργόν.

2193 4232 2292 4299 νζν.
2347 4235 2534 4290 Κακία
2561 4238 2679 4293 ἐστὶ
2720 4239 2900 4312 ψυχῆς
2925 4242 3120 4314 νοερᾶς
3143 4284 3159 4310 ,
3210 4244 3244 4316 ἡ
3273 4245 3426 4318 λήθη
3459 4246 3573 4300 τῶν
3601 4247 3737 4301 κατὰ

2121 4324 2286 4396 φύσιν
2318 4327 2526 4395 καλῶν,
2559 4330 2684 4401 ἥτις
2717 4332 2783 4386 ἐκ
2808 4331 2911 4404 τῆς
2943 4335 3074 4407 περὶ
3096 4334 3194 4406 τὴν
3222 4337 3420 4409 σάρκα
3443 4355 3508 4394 τε
3539 4341 3638 4394 καὶ⁵
3657 4337 3738 4392 κό-

427 4408 810 4480 mundumque
834 4409 1130 4468 an‘ectione
1160 4412 1528 4483 proveniens;
1553 4427 1719 4483 quam
1735 4413 1883 4469 delet
1908 4414 2019 4485 spi-

2137 4433 2261 4488 πμον
2290 4459 2306 4485 ,
2361 4420 2648 4491 ἐμπαθοῦς
2682 4425 2992 4494 ἐπιγίνεται
3025 4425 3268 4498 σχέσεως
3379 4430 3454 4502 ἡν
3483 4430 3735 4500 ἀφανίζει

427 4503 576 4558 ritali
614 4503 849 4559 scientia
870 4503 1150 4574 imperans
1182 4518 1286 4574 pro
1319 4501 1479 4558 ducis
1504 4518 1730 4560 munere
1763 4505 1928 4570 ratio,
1950 4521 2015 4561 ac

425 4596 619 4656 mundi
656 4595 954 4667 carnisque
991 4604 1179 4650 ortum
1213 4604 1580 4666 naturamque
1617 4605 1894 4665 scrutans,
1925 4607 2011 4653 at-

425 4706 534 4761 que
577 4689 648 4746 ad
674 4689 916 4758 affinem,
955 4706 1148 4746 earum
1172 4707 1358 4747 rerum
1385 4708 1508 4762 quae
1535 4690 1654 4748 sola
1673 4699 1857 4748 mente
1888 4691 2016 4764 per-

423 4783 730 4854 cipiuntur,
792 4784 1076 4855 regionem
1129 4785 1443 4855 provehens
1479 4800 1545 4840 ac
1598 4786 1859 4851 minans,
1914 4786 2010 4842 ubi

424 4877 577 4932 nulla
608 4877 857 4932 excurrit
895 4886 994 4932 aut
1036 4879 1237 4933 transit
1278 4878 1492 4950 peccati
1539 4879 1657 4946 lex;
1702 4895 1868 4950 quam
1894 4881 2009 4952 jam

424 4986 623 5026 sensus
650 4969 894 5036 deﬁciat,
920 4971 1108 5041 pontis
1137 4971 1314 5028 instar
1339 4971 1409 5026 ad
1436 4980 1678 5027 mentem
1703 4987 1824 5027 eam
1853 4972 2010 5042 traji-

423 5065 605 5132 ciens;
637 5066 758 5137 ejus
785 5065 997 5122 scilicet
1023 5082 1148 5150 cum
1175 5067 1363 5122 animo
1391 5067 1503 5138 jam
1528 5068 1796 5124 dissoluta
1818 5083 2012 5125 neces-

423 5155 666 5211 situdine
689 5199 703 5223 ,
743 5158 974 5229 ipsoque
1013 5145 1313 5215 sensilibus
1345 5161 1674 5230 spectaculis
1711 5163 1960 5232 projecto
1991 5179 2004 5216 :

423 5263 660 5318 quorum
705 5266 861 5304 mens
903 5250 1223 5305 habitudine
1253 5261 1419 5321 atque
1465 5261 1658 5307 natura
1706 5255 2004 5324 superatis,

423 5354 494 5395 ne
523 5351 754 5411 prorsus
773 5342 997 5412 quidem
1035 5342 1228 5397 sentit.

491 5521 588 5593 (τη)
625 5521 722 5589 Μὴ
751 5521 1016 5597 τιὸ-σῶμα
1046 5525 1558 5597 περιποιούμενος.
1587 5525 1799 5597 Ubique
1826 5529 1880 5583 in
1918 5529 2003 5583 ni-

420 5591 593 5648 mium
616 5591 867 5664 corporis
899 5606 1164 5664 amorem,
1187 5591 1445 5664 illiusque
1470 5610 1658 5650 curam
1691 5591 1802 5652 non
1823 5614 1892 5654 ex
1914 5615 2004 5654 ra-

421 5664 573 5734 tione
605 5662 748 5734 (quaa
778 5662 867 5717 illa
892 5663 1085 5717 vitiosa
1112 5662 1371 5730 φιλαυτία
1403 5666 1508 5734 est)
1535 5667 1702 5721 refert
1735 5668 2003 5727 Maximus

427 5732 556 5786 vitia
595 5732 836 5800 reliqua;
867 5744 922 5789 et
954 5734 1063 5798 hic,
1107 5735 1252 5802 quod
1291 5735 1416 5806 quis
1449 5732 1716 5793 creaturas
1766 5741 1992 5796 serviat.

2123 4511 2448 4582 στρατηγῶν
2497 4513 2526 4565 ὁ
2577 4512 2738 4583 λόγος
2790 4516 2908 4570 κατ’
2946 4516 3261 4591 ἐπιστήμην
3318 4520 3735 4594 πνευματικὴν.

2121 4604 2222 4674 τήν
2241 4621 2299 4658 τε
2317 4603 2412 4658 τοῦ
2437 4604 2644 4677 κόσμου
2662 4607 2757 4661 καὶ
2777 4609 2878 4680 τῆς
2894 4611 3098 4682 σαρκὸς
3111 4612 3572 4687 διερευνώμενος
3592 4619 3737 4685 γένεο

2121 4699 2207 4750 σίν
2238 4713 2298 4750 τε
2332 4697 2428 4750 καὶ
2461 4697 2643 4768 φύσιν,
2680 4699 2774 4754 καὶ
2803 4701 2944 4773 πρὸς
2971 4703 3070 4775 τὴν
3099 4707 3347 4778 συγγενῆ
3384 4708 3504 4761 τῶν
3531 4706 3736 4780 νοητῶν

2119 4787 2306 4858 χώραν
2335 4787 2434 4860 τὴν
2459 4788 2641 4861 ψυχὴν
2665 4790 2926 4846 ἐλαύνωψ
2960 4794 3100 4865 πρὸς
3127 4795 3195 4867 ήν
3221 4797 3504 4868 οὐδεμίαν
3527 4799 3558 4851 ὁ
3581 4799 3738 4868 νόμος

2117 4879 2217 4950 τῆς
2246 4878 2524 4953 ἁμαρτίας
2551 4884 2792 4936 ποιεῖται
2817 4883 3068 4940 διάϐασιν
3087 4924 3104 4951 ,
3156 4887 3260 4939 οὐκ
3294 4887 3451 4960 ἔχων
3480 4889 3735 4958 καθάπερ

2119 4975 2368 5048 γέφυραν
2403 4978 2542 5048 πρὸς
2564 4977 2655 5031 τὸν
2682 4979 2808 5034 νοῦν
2838 4979 3264 5047 διαϐιϐάζουσαν
3294 4986 3479 5042 αὐτὸν
3518 4987 3602 5040 ἐτι
3643 4986 3736 5054 τὴν

2117 5070 2395 5141 αίσθησιν,
2443 5071 2785 5128 διαλυθεῖσαν
2808 5073 2914 5144 ἥδη
2945 5074 3081 5146 πρὸς
3112 5077 3209 5148 τὴν
3231 5075 3428 5150 ψυχὴν
3461 5080 3614 5133 κατὰ
3642 5077 3735 5149 τὴν

2118 5164 2326 5236 σχέσιν,
2359 5165 2454 5218 καὶ
2482 5167 2594 5229 τοῖς
2621 5165 2900 5238 αἰσθητοῖς
2927 5169 3409 5240 ἐναπορῤιφείσαν
3436 5172 3734 5242 θεάμασιν,

2113 5250 2190 5311 ὧν
2217 5255 2412 5321 διαϐὰς
2435 5255 2535 5327 τὴν
2564 5257 2751 5328 σχέσιν
2781 5257 2876 5312 καὶ
2902 5258 3002 5330 τήν
3024 5259 3187 5329 φύσιν
3211 5261 3238 5312 ὁ
3258 5261 3424 5327 νοῦς,
3452 5261 3737 5326 παντελῶς

2104 5351 2214 5405 ὀὐκ
2245 5350 2581 5406 αἰσθάνεται.

2107 5532 2243 5606 Male
2265 5545 2384 5585 rem
2427 5529 2590 5585 Picus
2616 5529 2897 5606 exprimit,
2924 5530 3500 5606 Creaturreinservire
3529 5537 3733 5606 nequit,

2106 5603 2210 5656 nisi
2242 5608 2547 5672 prwparato
2569 5602 2718 5672 prius
2744 5617 2980 5672 corpore.
3001 5601 3059 5655 In
3095 5603 3336 5670 reliquis
3371 5605 3552 5660 etiam
3590 5601 3739 5660 labo-

2107 5679 2193 5725 rat
2245 5671 2428 5734 Picus,
2479 5671 2769 5748 necaltos
2810 5671 3028 5726 Maximi
3062 5687 3260 5727 sensus
3309 5678 3554 5748 assequi
3602 5675 3728 5732 satis

2106 5749 2311 5812 potest,
2340 5749 2436 5796 aut
2469 5741 2726 5796 reddere.

3938 1535 3941 1724 l
