4020 6418
301 458 428 528 1201

1010 456 1348 521 CAPITUM
1384 460 1807 534 QUINQUIES
1840 456 2363 521 CENTENORUM
2403 453 2792 516 CENTURIA
2829 451 2880 511 Ι.

3421 438 3573 507 1202.

376 578 471 644 ιη’,
510 571 778 643 Καθάπερ
805 572 833 624 ὁ
858 570 1015 639 λόγος
1044 570 1261 642 κρατῶν
1291 569 1397 622 τῶν
1425 569 1647 635 παθῶν,
1685 570 1886 640 ἀρετῆς

2058 567 2146 623 58.
2201 563 2675 635 Quemadmodum
2728 562 2871 616 ratio
2912 557 3199 614 affectibus
3244 555 3555 622 dominans,

300 667 528 736 ὖργανον
573 667 808 717 ποιεῖται
849 662 949 726 τάς
977 663 1260 733 αἰσθήσεις
1285 679 1298 693 ·
1337 661 1478 715 οὓτω
1508 663 1604 716 καὶ
1632 662 1702 715 τὰ
1734 661 1881 732 πάθη

303 757 607 830 κρατοῦντα
638 755 733 809 τοῦ
765 756 957 824 λόγου,
1017 753 1283 826 μορφοῦσι
1312 753 1409 819 τὰς
1435 754 1713 826 αἰσθήσεις
1747 753 1884 823 πρὸς

301 848 597 917 ἁμαρτίαν.
658 846 763 900 Καὶ
810 846 915 916 χρὴ
966 845 1245 916 νηφόντως
1296 847 1516 899 σκοπεῖν
1551 861 1611 897 τε
1656 844 1749 897 καὶ
1787 860 1884 913 με-
1944 886 1951 894 .

300 939 459 1010 λετᾷν
486 980 500 1005 ,
558 937 675 1001 πῶς
722 940 754 1008 ἡ
802 936 947 1007 ψυχὴ
995 936 1093 1007 τὴν
1127 936 1299 1007 καλὴν
1341 936 1629 1007 ποιήσεται
1658 934 1885 1000 δεόντως

298 1030 684 1101 ἀντιστροφὴν,
715 1033 830 1091 τοίς
851 1029 917 1082 δι’
936 1022 1010 1081 ὧν
1033 1029 1092 1081 τὺ
1115 1029 1243 1099 πρὶν
1266 1029 1602 1099 ὲπλημμέλει
1626 1029 1883 1102 χρωμένη

302 1121 443 1194 πρὸς
469 1121 690 1191 γένεσιν
721 1120 933 1191 ἀρετῶν
966 1121 1061 1174 καὶ
1089 1120 1403 1175 ὑπόστασιν.

374 1297 473 1351 νϐ’.
507 1297 580 1350 Τὸ
609 1290 764 1365 ἅγιον
790 1296 1144 1365 Εὐαγγέλιον,
1174 1297 1443 1367 σαρκικῆς
1467 1297 1563 1367 μὲν
1586 1297 1887 1368 εἰσηγεῖται

300 1389 453 1459 ζωῆς
481 1390 729 1459 ἄρνησιν,
767 1388 1148 1459 πνευματικῆς
1170 1389 1225 1441 δὲ
1254 1388 1565 1458 ὁμολογίαν.
1602 1390 1737 1460 Περὶ
1763 1388 1887 1442 τού-

299 1499 413 1533 των
441 1480 497 1532 δὲ
522 1480 667 1546 λέγω
687 1518 704 1545 ,
765 1479 873 1531 τῶν
905 1478 993 1531 ἀεὶ
1023 1479 1124 1547 μὲν
1157 1480 1300 1532 κατὰ
1328 1479 1419 1532 τὸν
1439 1479 1728 1551 ἄνθρωπον
1746 1520 1761 1541 .
1794 1480 1888 1533 λέ-

301 1590 392 1641 γω
418 1572 476 1623 δὲ
506 1572 606 1641 τὴν
635 1570 985 1642 ἀνθρωπίνην
1015 1571 1071 1623 ὲν
1100 1575 1266 1642 σαρκὶ
1298 1571 1441 1625 κατά
1464 1571 1555 1624 τὸν
1578 1572 1750 1626 αἰῶνα
1770 1572 1893 1626 τοῦ·

300 1680 400 1715 τον
450 1663 622 1732 ζωὴν,
660 1662 1151 1732 ἀποθνησκόντων,
1206 1662 1423 1727 ζώντων
1465 1663 1521 1716 δὲ
1569 1664 1715 1718 κατὰ
1760 1663 1892 1718 Θεὸν

305 1754 460 1823 μόνῳ
500 1752 577 1823 τῷ
620 1752 898 1822 ιΙνεύματι
921 1795 936 1820 ,
994 1754 1135 1807 κατὰ
1160 1753 1252 1807 τὸν
1277 1753 1418 1807 θεῖον
1449 1755 1769 1809 Ἀπόστολον
1799 1757 1894 1809 καὶ

299 1846 438 1907 τοὺς
471 1846 606 1916 ἀμφ’
626 1844 790 1898 αὑτὸν
812 1842 888 1914 (η)
904 1886 917 1909 ,
972 1846 1099 1909 τοὺς
1123 1844 1331 1908 ζῶντας
1358 1847 1457 1917 μὲν
1481 1846 1731 1918 οὐδαμῶς
1756 1847 1894 1901 ἰδίαν

301 1943 459 2013 ζωὴν
482 1985 496 2009 ,
553 1942 733 2007 ζῶντα
758 1942 814 1995 δὲ
846 1942 937 1994 τὸν
964 1942 1196 2011 Χριστὸν
1227 1945 1283 1995 ἐν
1312 1944 1523 2007 ἑαυτοῖς
1551 1944 1690 1998 κατά
1724 1944 1894 2015 μόνην

300 2034 537 2101 ἔχοντας
587 2035 687 2103 τὴν
725 2032 925 2103 ψυχήν.
987 2033 1174 2099 Οὕτως
1217 2036 1267 2088 al
1310 2034 1398 2088 διὰ
1438 2034 1528 2088 τὸν
1559 2034 1693 2088 Θεὸν
1727 2037 1785 2089 ὲν
1816 2034 1895 2104 τῷ

300 2125 467 2178 αἰῶνι
501 2123 675 2194 τούτῳ
713 2126 899 2195 νεκροὶ
932 2128 1095 2195 σαρκὶ
1121 2166 1134 2188 ,
1193 2108 1471 2197 κρίνονται
1499 2166 1513 2190 ,
1566 2125 1773 2197 θλίψεις
1803 2125 1896 2180 καὶ

302 2215 583 2286 βασάνους
629 2215 830 2279 πολλὰς
870 2217 963 2269 καὶ
996 2218 1357 2288 στενοχωρίας
1400 2217 1633 2288 ἔχοντες,
1678 2218 1771 2272 καί
1815 2218 1896 2270 δι-

298 2309 556 2377 ωγμοὺς,
584 2309 676 2362 καὶ
696 2308 867 2378 μυρία
900 2310 1225 2380 πειρασμῶν
1252 2310 1367 2381 είδη
1399 2310 1538 2381 μετά
1558 2310 1735 2381 χαρᾶς
1764 2310 1897 2363 ὑπο-

305 2400 591 2468 μένοντες.

386 2493 449 2557 ξ’.
502 2495 618 2548 Πᾶν
652 2494 824 2558 πάθος
865 2494 1005 2548 κατά
1042 2494 1362 2565 συμπλοκὴν
1394 2492 1609 2557 πάντως
1639 2493 1898 2564 αἰσθητοῦ

301 2600 458 2647 τινος
490 2586 585 2637 καὶ
612 2586 917 2654 αἰσθήσεως
938 2628 952 2650 ,
1004 2586 1098 2638 καὶ
1133 2585 1367 2654 φυσικῆς
1394 2586 1694 2656 δυνάμεως,
1725 2586 1899 2656 θυμοῦ

302 2673 459 2741 λέγω
487 2676 647 2745 τυχὸν
672 2715 687 2738 ,
742 2676 774 2746 ἢ
802 2675 1098 2745 ἐπιθυμίας
1123 2718 1138 2741 ,
1193 2674 1225 2746 ἢ
1267 2674 1423 2743 λόγου
1450 2676 1901 2745 παρατραπὲντος

304 2764 412 2818 τοῦ
456 2768 596 2820 κατά
643 2766 826 2836 φύσιν,
888 2768 1222 2820 συνίσταται.
1271 2764 1396 2818 Ἐὰν
1424 2761 1517 2818 οὖν
1546 2764 1609 2817 τὸ
1638 2765 1774 2835 πρὸς
1803 2764 1899 2819 άλ-

308 2856 456 2924 ληλα
484 2857 625 2909 κατὰ
657 2857 908 2911 σύνθεσιν
932 2858 1083 2919 τέλος
1106 2896 1121 2918 ,
1169 2857 1265 2909 τοῦ
1298 2872 1354 2908 τε
1396 2854 1655 2925 αἰσθητοῦ
1682 2855 1775 2908 καί
1803 2855 1902 2926 τῆς

309 2945 649 3016 αἰσθήσεως,
681 2947 776 3000 καὶ
806 2948 905 3017 τῆς
933 2948 1021 2999 ἐπ’
1042 2948 1180 3017 αὐτῇ
1210 2945 1446 3016 φυσικῆς
1471 2946 1753 3015 δυνάμεως
1778 2944 1904 2998 θεωο

314 3036 497 3106 ρήσας
524 3038 553 3090 ό
581 3037 705 3100 νοῦς
724 3077 738 3101 ,
795 3037 998 3107 δυνηθῇ
1033 3036 1169 3108 πρὸς
1198 3036 1291 3088 τὸν
1312 3037 1511 3088 οἰκεῖον
1536 3034 1696 3103 φύσει
1722 3034 1902 3101 λόγον,

311 3125 529 3180 τούτων
582 3128 819 3181 ἕκαστον
865 3128 1152 3198 διακρίνας
1195 3127 1583 3194 ἐπαναγαγεῖν,
1641 3126 1737 3180 καὶ
1768 3124 1905 3179 θεω-

1985 658 2208 714 virtutis
2231 672 2497 729 organum
2514 668 2737 710 sensum
2762 650 2927 707 elIicit
2946 668 2962 704 :
2982 651 3063 705 sic
3079 663 3300 719 quoque
3327 646 3559 701 allectus

1986 750 2186 806 rationi
2217 749 2565 804 dominantes
2593 758 2790 801 sensus
2829 741 2897 796 ad
2923 748 3209 811 peceatum
3238 736 3558 792 informant.

1985 843 2165 913 Atque
2198 842 2336 897 adeo
2364 840 2549 897 sobria
2577 847 2759 894 mente
2786 832 3181 892 attendendum
3208 846 3271 885 ac
3303 828 3562 885 conside-
3624 894 3629 895 ί

1987 934 2243 999 randum,
2276 947 2515 1003 quonam
2543 930 2708 984 modo
2734 929 2953 983 animus
2994 922 3389 979 convenienter
3430 937 3565 975 con-o

1986 1026 2299 1080 versionem
2328 1020 2697 1086 facturussit;
2729 1018 2934 1089 quibus
2954 1015 3167 1087 pridem
3185 1011 3537 1081 delinquebat
3555 1040 3571 1065 ο

1986 1114 2103 1170 haec
2128 1115 2193 1169 ad
2221 1111 2496 1185 parandas
2518 1111 2754 1165 virtutes
2774 1120 2976 1177 easque
3002 1100 3390 1160 sustentandas
3410 1096 3565 1153 adhi-

1985 1208 2144 1263 bens.

2058 1301 2146 1357 59.
2182 1299 2446 1355 Sanctum
2492 1292 2875 1365 Evangelium,
2902 1288 3026 1344 vita
3068 1279 3568 1340 carnalisrabdica-

1989 1391 2219 1453 tionem,
2268 1403 2332 1442 ac
2360 1385 2625 1457 spiritalis
2653 1380 3054 1453 professionem
3095 1375 3277 1430 docet.
3312 1369 3472 1439 Quod
3500 1369 3570 1425 ad

1992 1484 2135 1547 illos,
2162 1483 2408 1550 inquam,
2441 1476 2659 1541 attinet,
2692 1474 2786 1545 qui
2811 1468 3114 1528 secundum
3141 1466 3423 1521 hominem
3445 1463 3574 1535 (hu-

1991 1588 2208 1629 manam
2248 1570 2460 1626 scilicet
2496 1569 2554 1622 in
2591 1580 2758 1622 carne
2788 1578 2888 1635 pro
2918 1562 3087 1633 hujus
3112 1557 3300 1614 saacuIi
3335 1571 3459 1619 usu,
3484 1554 3569 1607 vi-

1993 1663 2124 1736 tam)
2164 1677 2383 1732 semper
2430 1656 2833 1720 moriuntur",
2866 1653 3093 1722 soloque
3131 1647 3332 1719 spiritu
3376 1660 3576 1701 secun-

1995 1757 2126 1813 dum
2148 1756 2320 1810 Deum
2348 1753 2565 1816 vivunt,
2599 1747 2747 1804 haud
2766 1761 2928 1802 secus
2956 1758 3020 1798 ac
3039 1741 3260 1796 divinus
3278 1737 3576 1808 Apostolus

1996 1862 2061 1902 ac
2096 1845 2189 1916 qui
2221 1843 2411 1899 allines
2437 1841 2586 1896 illius
2614 1845 2771 1904 sunt;
2798 1836 2891 1907 qui
2922 1834 3130 1896 vivant,
3157 1846 3269 1886 non
3288 1830 3401 1901 jam
3440 1844 3574 1899 pro-

1926 1917 1964 1971 Β
1995 1939 2170 2011 priam
2206 1936 2407 1998 vitam,
2453 1931 2549 1986 sed
2604 1928 2881 1983 viventem
2929 1926 2983 1979 in
3036 1940 3093 1978 se
3123 1920 3404 1978 Christum
3458 1920 3577 1973 solo

1994 2030 2178 2085 animo
2204 2025 2518 2082 habeant".
2536 2022 2597 2077 In
2611 2036 2737 2076 eum
2763 2017 2987 2073 modum
3002 2015 3323 2087 judicantur
3336 2010 3575 2077 carne”,

1996 2118 2091 2190 qui
2136 2124 2364 2188 propter
2416 2113 2590 2167 Deum
2648 2110 2704 2163 in
2751 2108 2858 2162 hoc
2902 2105 3103 2161 saeculo
3162 2100 3368 2157 mortui
3422 2106 3573 2163 sunt,
3646 2104 3656 2114 ‘

1995 2224 2273 2266 aerumnas
2294 2206 2495 2260 multas
2521 2212 2578 2257 ct
2606 2199 2884 2257 cruciatus
2921 2213 2986 2251 ac
3028 2192 3447 2266 persecutiones
3476 2189 3576 2242 lia-

1998 2304 2234 2367 bentes,
2292 2298 2698 2364 innumeraque
2756 2288 3121 2346 tentationum
3182 2298 3383 2356 genera
3451 2294 3579 2335 cum

1997 2392 2198 2469 gaudio
2225 2391 2582 2446 sustinentes.

2072 2486 2162 2542 60.
2217 2483 2463 2539 Affectus
2509 2476 2729 2540 omnis,
2766 2488 2862 2530 seu
2914 2469 3098 2542 passio
3145 2475 3309 2537 atque
3363 2464 3580 2530 vitium,

2000 2578 2227 2634 omnino
2254 2592 2322 2630 ex
2354 2570 2640 2640 complexu
2676 2566 2752 2621 rei
2790 2563 3023 2634 alicujus
3044 2561 3099 2615 in
3124 2572 3345 2614 sensum
3379 2555 3582 2611 caden-

2004 2671 2095 2736 tis,
2143 2678 2477 2735 scnsusque,
2512 2676 2576 2715 ac
2630 2656 2792 2728 524
2829 2652 3097 2709 naturalis
3127 2648 3404 2705 facultatis
3450 2647 3587 2717 (ira:

2003 2766 2271 2835 putaaut
2311 2750 2649 2825 cupiditatis,
2682 2756 2777 2803 aut
2813 2744 3042 2801 rationis
3088 2742 3159 2797 ab
3200 2756 3265 2795 eo
3311 2752 3586 2809 perversa:

2004 2829 2157 2925 quod.
2178 2858 2348 2905 estex
2374 2841 2589 2915 natura)
2624 2838 2929 2908 consurgit.
2961 2834 3115 2889 Mens
3148 2832 3352 2904 igitur,
3384 2829 3584 2884 horum

2008 2945 2157 2999 inter
2206 2956 2263 2994 se
2319 2934 2622 2992 secundum
2679 2928 3130 2999 compositionem
3173 2924 3419 2993 dispecto
3480 2919 3589 2973 line

2010 3035 2149 3108 (tum
2194 3029 2407 3085 s'cilicet
2454 3025 2534 3079 rei
2564 3037 2687 3093 qum
2725 3033 2947 3074 sensum
2984 3022 3203 3077 movet,
3256 3019 3373 3066 tum
3417 3010 3592 3080 ipsius

2009 3099 2225 3185 sensus,
2248 3116 2616 3185 tumdenique
2645 3110 2909 3167 naturalis
2934 3109 2989 3163 in
3014 3122 3081 3162 eo
3111 3100 3434 3172 facultatis).
3459 3099 3592 3154 dum

316 3217 493 3287 ρῆσαι
527 3217 649 3270 καθ’
676 3219 838 3271 ἑαυτὸ
871 3219 932 3271 τὸ
960 3193 1216 3288 αίσθητὸν
1239 3259 1253 3283 ,
1310 3217 1442 3271 ἄνευ
1462 3193 1575 3287 τῆς
1609 3218 1744 3289 πρὸς
1774 3216 1909 3272 αὐτὸ

2013 3216 2224 3286 singula
2246 3211 2526 3267 subtiliter
2556 3206 2898 3267 discernens,
2929 3202 2985 3255 in
3023 3196 3301 3269 propriam
3335 3193 3594 3265 quodque

316 3308 428 3378 τῆς
474 3308 778 3379 αἰσθήσεως
822 3309 1092 3380 σχέσεως,
1140 3310 1236 3363 καὶ
1264 3311 1364 3381 τὴν
1388 3310 1640 3381 αἴσθησιν
1662 3309 1787 3381 δίχα
1812 3310 1912 3378 τῆς

317 3400 422 3453 τοῦ
454 3400 711 3471 αἰσθητοῦ
748 3402 885 3473 πρὸς
916 3403 1081 3472 αὐτὴν
1112 3404 1444 3473 οἰκειότητος
1470 3419 1483 3431 ·
1542 3403 1637 3457 καὶ
1666 3401 1764 3471 τὴν
1794 3401 1913 3452 ὲπι-

318 3493 531 3562 θυμίαν
581 3495 713 3565 φέρε
760 3496 934 3547 εἰπεῖν
956 3534 970 3559 ,
1033 3495 1066 3564 ἢ
1104 3494 1270 3567 ἀλλην
1301 3495 1424 3548 τινὰ
1452 3494 1560 3546 τῶν
1589 3493 1729 3547 κατά
1752 3491 1913 3561 φύσιν

316 3585 612 3654 δυνάμεων
663 3586 830 3655 χωρὶς
885 3587 983 3657 τῆς
1028 3586 1306 3656 ὲμπαθοῦς
1343 3584 1695 3654 ὲπάίσθήσει
1723 3601 1783 3636 τε
1819 3583 1914 3637 καὶ

316 3673 576 3743 αἰσθητῷ
620 3675 911 3737 διαθέσεως
936 3692 950 3706 ·
1014 3676 1089 3739 ὼς
1136 3677 1169 3745 ἠ
1216 3675 1309 3727 τοῦ
1343 3675 1547 3736 πάθους
1575 3673 1705 3725 ποιὰ
1736 3690 1914 3743 παρα-

320 3768 588 3831 σκευάζει
620 3768 717 3837 τὴν
749 3767 984 3838 θεωρίαν
1021 3766 1265 3836 γίνεσθαι
1297 3767 1508 3836 κίνησις
1532 3807 1546 3831 ,
1604 3766 1916 3819 διεσκέδασε

319 3859 427 3912 καὶ
478 3858 773 3924 ἑλέπτυνε,
830 3859 971 3913 κατὰ
1009 3858 1099 3911 τὸν
1127 3856 1294 3911 πάλαι
1323 3856 1417 3910 τοῦ
1448 3856 1663 3928 Ἰσραὴλ
1692 3855 1911 3925 μόσχον,

317 3949 426 4003 τοῦ
469 3950 780 4021 οίουδήποτε
829 3949 1215 4021 συμϐαίνοντος
1269 3947 1607 4019 πάθουςτὴν
1633 3945 1912 4011 σύστασιν,

323 4042 431 4095 καὶ
481 4041 586 4093 ὑπδ
630 4041 691 4094 τὸ
739 4040 884 4109 ὓδωρ
915 4041 1016 4110 τῆς
1044 4040 1295 4109 γνώσεως
1324 4040 1596 4110 ἔσπειρεν,
1650 4038 1918 4108 ἀφανίσας

323 4130 615 4196 παντελῶς
645 4130 738 4183 καὶ
755 4131 923 4202 αὐτὴν
945 4130 1053 4184 τῶν
1077 4130 1263 4183 παθῶν
1284 4132 1383 4200 τὴν
1403 4129 1564 4201 ψιλὴν
1589 4129 1916 4199 φαντασίαν,

325 4224 427 4280 διὰ
454 4228 551 4298 τῆς
569 4225 704 4296 πρὶς
734 4226 901 4279 ἐαυτά
928 4225 1038 4279 τῶν
1062 4223 1469 4280 ἀποτελούντων
1499 4224 1631 4279 αὐτὸ
1654 4223 1795 4278 κατά
1818 4221 1919 4292 φύ-

333 4332 425 4368 σιν
457 4315 794 4386 πραγμάτων
821 4312 1339 4377 ἀποκαταστάσεως.

410 4583 514 4650 ξα’.
559 4583 619 4636 '0
646 4581 862 4645 πολλοῖς
891 4580 998 4652 πλη
1008 4581 1329 4653 μμελήμασι
1362 4581 1471 4634 τῶν
1501 4582 1565 4634 ὲκ
1590 4580 1688 4651 τῆς
1718 4580 1919 4653 σαρκὸς
1949 4576 1999 4637 D

335 4679 683 4749 παθημάτων
715 4676 1147 4748 κεκηλιδωμένος
1177 4676 1291 4748 βίος
1316 4715 1330 4741 ,
1395 4675 1560 4747 χιτὼν
1588 4677 1738 4728 ἐστιν
1765 4678 1921 4729 ἐσπι-

334 4772 602 4841 λωμένος.
646 4772 735 4835 Ὠς
790 4770 852 4824 ἔκ
884 4788 1027 4834 τινος
1063 4770 1171 4840 γὰρ
1212 4768 1508 4839 ἐνδύματος
1535 4769 1633 4838 τῆς
1663 4768 1804 4821 κατὰ
1830 4766 1923 4819 τὸν

341 4864 459 4934 βίον
508 4865 895 4933 ἀναστροφῆς,
956 4864 1186 4925 ἕκαστος
1230 4861 1338 4914 τῶν
1373 4858 1676 4929 ἀνθρώπων
1707 4859 1922 4928 διαφαί-

338 4955 531 5009 νεσθαι
582 4956 846 5025 πέφυκεν,
898 4957 1006 5009 εἴτε
1056 4955 1283 5018 δίκαιος,
1322 4954 1429 5006 εἴτε
1461 4954 1679 5017 ἀδικοςο
1745 4956 1773 5007 ὀ
1802 4953 1920 5024 μὲν,

340 5046 549 5117 χιτῶνα
606 5047 845 5117 καθαρὸν
902 5047 1058 5117 ἔχων,
1121 5046 1211 5099 τὸν
1256 5045 1509 5115 ἐνάρετον
1558 5044 1709 5113 βίον*
1769 5043 1797 5095 ὀ
1841 5043 1921 5108 δὲ,

344 5140 605 5210 πονηροῖς
634 5139 1014 5208 ὲσπιλωμὲνην
1040 5138 1218 5208 ἔργοις
1246 5138 1345 5206 τὴν
1386 5134 1530 5206 ζωὴν
1563 5134 1920 5205 κεκτημένος.

346 5231 420 5283 "ll
453 5229 675 5299 μᾶλλον,
712 5230 1086 5300 ἐσπιλωμένος
1112 5229 1219 5283 ἀπὸ
1241 5231 1340 5298 τῆς
1366 5227 1563 5297 σαρκός
1590 5228 1705 5279 ἐστι
1729 5216 1920 5295 χιτὼν,

343 5322 379 5390 ἡ
416 5318 559 5372 κατά
610 5320 913 5383 συνείδησιν
960 5318 1243 5389 μορφοῦσα
1301 5315 1390 5369 διὰ
1425 5314 1527 5384 τῆς
1559 5316 1780 5386 μνήμης
1816 5314 1924 5367 τῶν

2014 3285 2208 3363 natura
2268 3304 2537 3358 rationem
2587 3297 2853 3353 reducere
2900 3290 3184 3363 potuerit:
3218 3302 3334 3342 rem
3383 3285 3597 3340 scilicet

2013 3413 2136 3468 qua;
2160 3408 2384 3450 sensum
2423 3396 2628 3452 movet,
2661 3385 2831 3456 ipsam
2866 3398 2963 3452 per
2991 3396 3049 3435 se
3078 3379 3285 3447 absque
3313 3389 3509 3429 sensus
3537 3372 3595 3426 in

2013 3504 2133 3544 eam
2181 3480 2625 3545 necessitudine;
2683 3491 2746 3531 ac
2779 3472 3164 3542 cupiditatem,
3191 3466 3346 3522 verbi
3382 3463 3553 3535 gratia
3577 3502 3594 3528 ,

2015 3592 2110 3631 seu
2139 3574 2301 3627 aliam
2325 3567 2616 3641 quamdam
2654 3559 2991 3616 naturalium
3024 3555 3344 3610 facultatum
3385 3551 3596 3620 absque

2014 3664 2310 3721 libidinosa
2367 3659 2423 3713 in
2470 3670 2690 3711 sensum
2742 3663 2967 3718 remque
3019 3658 3241 3700 sensum
3284 3650 3597 3696 moventem

2015 3756 2183 3812 animi
2210 3751 2503 3809 affectione
2547 3745 2784 3819 (qualem
2822 3741 2950 3796 talis
2987 3737 3234 3809 qumdam
3278 3733 3510 3789 affectus
3532 3748 3599 3787 ac

2015 3846 2263 3903 libidinis
2315 3841 2488 3897 m0tio
2558 3838 2698 3894 solet
2746 3841 3007 3905 praestare
3062 3824 3597 3893 considerationem)

2017 3941 2109 3995 hic
2138 3935 2425 4005 dissipavit
2463 3946 2526 3986 ac
2550 3923 2897 3987 comminuit,
2927 3922 3080 3976 velut
3114 3918 3352 3973 senioris
3380 3913 3601 3970 lsraelis

2017 4031 2252 4087 vitulum
2269 4004 2337 4091 ίδ,
2370 4024 2603 4079 affectus
2644 4015 2947 4089 cujuslibet
2975 4029 3070 4068 seu
3096 4010 3215 4065 vitii
3241 4024 3305 4064 ac
3326 4004 3601 4079 passionis

2016 4125 2197 4181 labem
2230 4127 2394 4190 atque
2430 4130 2570 4179 rem,
2613 4111 2826 4179 subque
2857 4105 3099 4162 sciontim
3123 4117 3262 4172 aqua
3285 4098 3598 4162 seminavit;

2019 4218 2136 4288 ipsa
2163 4226 2383 4285 quoque
2417 4206 2565 4263 nuda
2598 4216 2827 4275 prorsus
2854 4199 3150 4254 affectuum
3197 4191 3601 4259 libidinumque

2019 4284 2351 4380 cogitatione
2374 4298 2595 4365 abolita,
2622 4311 2685 4351 ea
2711 4293 2945 4355 ratione,
2964 4286 3112 4360 quod
3137 4284 3351 4356 singula
3370 4294 3603 4352 qumque

2020 4370 2139 4457 ha‘a'c
2165 4395 2476 4457 efﬁcientia,
2508 4386 2813 4446 secundum
2837 4390 3089 4438 naturam
3112 4377 3179 4433 ad
3198 4377 3376 4447 seipsa
3396 4370 3604 4427 fuerint

2023 4497 2280 4548 revocata
2305 4484 2524 4554 sibique
2555 4477 2791 4536 reddita.
2882 4514 2885 4515 ν

2094 4583 2185 4639 et.
2219 4579 2343 4636 Vita
2377 4553 2568 4630 multis
2617 4567 2838 4625 delictis
2880 4580 2947 4620 ex
3000 4558 3184 4617 carnis
3217 4553 3606 4614 aﬂ'ectionibus

2028 4692 2127 4732 seu
2154 4667 2506 4745 passionibus
2529 4659 2945 4721 commaculata,
2970 4652 3155 4707 tunica
3172 4658 3256 4704 est
3278 4646 3503 4703 sordida
3542 4658 3606 4697 ae

2028 4739 2314 4836 inqu—inata
2336 4761 2403 4814 ”.
2445 4756 2611 4813 Velut
2632 4752 2782 4807 enim
2806 4764 2873 4802 ex
2902 4742 3141 4815 quodam
3167 4739 3607 4797 indumento,-ex

2029 4860 2156 4913 vitae
2206 4849 2630 4910 conversatione
2686 4842 2923 4913 quisque.
2964 4833 3251 4890 hominum
3288 4839 3349 4883 ut
3389 4826 3609 4881 eluceat

2030 4950 2382 5016 comparatus
2412 4946 2517 5001 est,
2547 4934 2663 4989 sive
2688 4932 2893 5002 justus,
2922 4925 3037 4979 sive
3061 4920 3285 4988 iniquus
3314 4921 3399 4970 est
3427 4932 3441 4967 :
3468 4913 3607 4966 alter

2030 5001 2276 5109 quidem,
2308 5027 2568 5086 mundam
2599 5001 2841 5077 tunicam
2866 5014 3097 5074 habens,
3120 5009 3287 5063 vitam
3308 5001 3613 5058 virtutibus

2028 5097 2310 5189 ornatam;
2346 5122 2484 5176 alter
2522 5129 2686 5176 vero,
2721 5111 2891 5164 vitam
2939 5103 3124 5176 pravis
3170 5097 3431 5169 operibus
3478 5107 3611 5147 con-

2029 5182 2360 5289 spurcatam.
2390 5209 2487 5265 Vel
2510 5205 2717 5277 potius,
2747 5199 2931 5254 tunica
2951 5182 3615 5253 earnissordibusinqui-

2030 5274 2178 5375 n‘ata,
2205 5306 2433 5361 habitus
2461 5274 2545 5356 est
2568 5305 2828 5365 certaque
2855 5286 3169 5358 dispositio,
3206 5298 3272 5337 ex
3300 5274 3610 5335 carnalium

422 5475 467 5506 ²¹
496 5474 519 5529 l
546 5473 676 5530 Cor.
710 5488 800 5537 xv,
828 5471 916 5528 '51.
991 5470 1035 5503 ¹¹
1065 5468 1238 5525 Galat.
1270 5485 1328 5535 ιι,
1353 5468 1444 5523 20.
1520 5470 1567 5501 ⁸³
1599 5467 1621 5523 l
1654 5466 1800 5521 Petr.
1827 5480 1901 5530 tv,

2060 5460 2105 5491 "
2134 5458 2306 5514 Exod.
2333 5469 2499 5517 xxx",
2528 5450 2620 5506 ‘20.
2694 5447 2749 5479 "’
2772 5442 2926 5501 ludat
2947 5438 3037 5494 25.

425 5612 506 5686 (n)_
547 5612 720 5686 Ktttdt
745 5613 850 5686 ad):
897 5608 1465 5686 68707'_‘Aﬂt‘50't0:201f,
1492 5605 1591 5686 fati
1627 5603 1768 5686 τοῷς
1792 5602 1937 5686 ἀμῐᾷ

357 5671 564 5736 ηὺὶὸν.
605 5683 671 5735 Et
708 5682 796 5735 hic
826 5681 985 5749 longe
1027 5680 1278 5749 aberrat,
1313 5678 1444 5731 dum
1492 5677 1565 5730 ita
1613 5671 1939 5749 redditLEa:

358 5754 619 5805 sententia
665 5752 827 5805 divini
857 5741 1096 5818 Aﬁostoli
1143 5760 1191 5801 et
1236 5764 1298 5802 ea:
1337 5749 1449 5817 ejus
1484 5755 1770 5818 ρνίῑτςυριο.Δ
1802 5741 1938 5818 Cum

2034 5598 2199 5653 etiam
2226 5596 2293 5650 de
2319 5595 2438 5663 ipso
2468 5600 2523 5647 et
2551 5591 2606 5644 in
2640 5601 2735 5643 sua
2772 5594 3003 5663 persona
3044 5570 3207 5663 dlicta)
3234 5569 3457 5663 Iviriqne
3488 5580 3613 5648 cum

2037 5645 2440 5737 {imitamini
2465 5645 2529 5718 ac
2554 5660 2666 5714 divi
2704 5645 2906 5737 qujbus
2959 5648 3038 5702 sic
3066 5645 3474 5737 Cllltisl0§ﬂi=a
3514 5645 3607 5737 ξμς

2040 5714 2581 5808 rigéiréié'c'i'triéio
2605 5745 2694 5785 res
2721 5714 3015 5784 adnotare;
3047 5714 3141 5772 sed
3170 5714 3223 5765 in
3251 5714 3441 5764 vitium
3481 5714 3623 5763 vitio

363 5822 453 5880 sit.
485 5822 658 5875 Divini
693 5806 930 5890 Λροδιυίί
964 5830 1010 5873 ct
1059 5818 1313 5890 similium
1350 5806 1513 5878 ἦιονέ,
1548 5806 1696 5890 velut
1722 5814 1943 5868 divinus
2043 5806 2206 5878 cogor
2238 5806 2437 5862 alieno.

362 5893 666 5961 Apostolus
723 5886 900 5962 (cujus
940 5890 1142 5946 nedum
1192 5889 1305 5944 haec
1359 5897 1485 5942 sunt
1534 5886 1721 5950 verba,
1750 5898 1941 5939 verum
