  <div class='ocr_page' id='page_1' title='image "/cluster/home/n/w/nwhite01/storage/ocr_20150623/90:no.1/coo.31924054869940/617.png"; bbox 0 0 4020 6418; ppageno 0'>
   <div class='ocr_carea' id='block_1_1' title="bbox 475 389 614 454">
    <p class='ocr_par' dir='ltr' id='par_1_1' title="bbox 475 389 614 454">
     <span class='ocr_line' id='line_1_1' title="bbox 475 389 614 454; baseline 0 0"><span class='ocrx_word' id='word_1_1' title='bbox 475 389 614 454; x_wconf 73' lang='grc'><strong>1203</strong></span> 
     </span>
    </p>
   </div>
   <div class='ocr_carea' id='block_1_2' title="bbox 1645 385 2588 478">
    <p class='ocr_par' dir='ltr' id='par_1_2' title="bbox 1645 385 2588 478">
     <span class='ocr_line' id='line_1_2' title="bbox 1645 385 2588 478; baseline 0 -32"><span class='ocrx_word' id='word_1_2' title='bbox 1645 387 1706 446; x_wconf 83' lang='grc'><strong>8.</strong></span> <span class='ocrx_word' id='word_1_3' title='bbox 1749 386 2035 446; x_wconf 77' lang='grc' dir='ltr'><strong>ΜΛΧΙΜΙ</strong></span> <span class='ocrx_word' id='word_1_4' title='bbox 2075 385 2588 478; x_wconf 74' lang='lat' dir='ltr'><strong>CONFESSORIS</strong></span> 
     </span>
    </p>
   </div>
   <div class='ocr_carea' id='block_1_3' title="bbox 3585 384 3706 450">
    <p class='ocr_par' dir='ltr' id='par_1_3' title="bbox 3585 384 3706 450">
     <span class='ocr_line' id='line_1_3' title="bbox 3585 384 3706 450; baseline 0.025 -2"><span class='ocrx_word' id='word_1_5' title='bbox 3585 384 3706 450; x_wconf 64' lang='grc'><strong>1204</strong></span> 
     </span>
    </p>
   </div>
   <div class='ocr_carea' id='block_1_4' title="bbox 473 492 2062 578">
    <p class='ocr_par' dir='ltr' id='par_1_4' title="bbox 473 495 2050 578">
     <span class='ocr_line' id='line_1_4' title="bbox 473 495 2050 578; baseline -0.006 -20"><span class='ocrx_word' id='word_1_6' title='bbox 473 515 763 578; x_wconf 70' lang='grc' dir='ltr'>ιτενοιιιιη</span> <span class='ocrx_word' id='word_1_7' title='bbox 798 506 1047 554; x_wconf 78' lang='lat' dir='ltr'><strong>motuum</strong></span> <span class='ocrx_word' id='word_1_8' title='bbox 1096 505 1260 566; x_wconf 88' lang='lat' dir='ltr'><strong>atque</strong></span> <span class='ocrx_word' id='word_1_9' title='bbox 1313 511 1542 567; x_wconf 83' lang='lat' dir='ltr'><strong>operum</strong></span> <span class='ocrx_word' id='word_1_10' title='bbox 1596 496 1880 562; x_wconf 76' lang='lat' dir='ltr'><strong>memoria,</strong></span> <span class='ocrx_word' id='word_1_11' title='bbox 1929 495 2050 550; x_wconf 86' lang='lat' dir='ltr'><strong>ani-</strong></span> 
     </span>
    </p>
   </div>
   <div class='ocr_carea' id='block_1_5' title="bbox 2163 492 3708 578">
    <p class='ocr_par' dir='ltr' id='par_1_5' title="bbox 2163 492 3708 569">
     <span class='ocr_line' id='line_1_5' title="bbox 2163 492 3708 569; baseline -0.001 -20"><span class='ocrx_word' id='word_1_12' title='bbox 2163 497 2219 550; x_wconf 80' lang='grc' dir='ltr'>ὲκ</span> <span class='ocrx_word' id='word_1_13' title='bbox 2266 497 2366 567; x_wconf 81' lang='grc' dir='ltr'><strong>τῆς</strong></span> <span class='ocrx_word' id='word_1_14' title='bbox 2405 495 2605 568; x_wconf 82' lang='grc' dir='ltr'>σαρκὸς</span> <span class='ocrx_word' id='word_1_15' title='bbox 2653 493 2904 564; x_wconf 75' lang='grc' dir='ltr'><strong>πονηρῶν</strong></span> <span class='ocrx_word' id='word_1_16' title='bbox 2935 493 3254 566; x_wconf 76' lang='grc' dir='ltr'><strong>κινημάτων</strong></span> <span class='ocrx_word' id='word_1_17' title='bbox 3283 508 3341 546; x_wconf 87' lang='grc' dir='ltr'><strong>τε</strong></span> <span class='ocrx_word' id='word_1_18' title='bbox 3391 492 3481 547; x_wconf 72' lang='grc' dir='ltr'>καὶ</span> <span class='ocrx_word' id='word_1_19' title='bbox 3503 497 3708 569; x_wconf 75' lang='grc' dir='ltr'>ἐνεργη-</span> 
     </span>
    </p>
   </div>
   <div class='ocr_carea' id='block_1_6' title="bbox 471 587 2084 658">
    <p class='ocr_par' dir='ltr' id='par_1_6' title="bbox 471 587 2084 658">
     <span class='ocr_line' id='line_1_6' title="bbox 471 587 2084 658; baseline -0.004 -10"><span class='ocrx_word' id='word_1_20' title='bbox 471 609 619 648; x_wconf 86' lang='lat' dir='ltr'><strong>mum</strong></span> <span class='ocrx_word' id='word_1_21' title='bbox 666 589 973 646; x_wconf 86' lang='lat' dir='ltr'><strong>secundum</strong></span> <span class='ocrx_word' id='word_1_22' title='bbox 1004 588 1402 643; x_wconf 72' lang='lat' dir='ltr'><strong>conscientiam</strong></span> <span class='ocrx_word' id='word_1_23' title='bbox 1451 587 1725 654; x_wconf 75' lang='lat' dir='ltr'><strong>formans;</strong></span> <span class='ocrx_word' id='word_1_24' title='bbox 1775 603 1940 658; x_wconf 90' lang='lat' dir='ltr'><strong>quam</strong></span> <span class='ocrx_word' id='word_1_25' title='bbox 1998 587 2084 641; x_wconf 72' lang='lat' dir='ltr'><strong>is&#39;</strong></span> 
     </span>
    </p>
   </div>
   <div class='ocr_carea' id='block_1_7' title="bbox 467 679 2043 752">
    <p class='ocr_par' dir='ltr' id='par_1_7' title="bbox 467 679 2043 752">
     <span class='ocr_line' id='line_1_7' title="bbox 467 679 2043 752; baseline -0.005 -13"><span class='ocrx_word' id='word_1_26' title='bbox 467 686 621 741; x_wconf 91' lang='lat' dir='ltr'><strong>velut</strong></span> <span class='ocrx_word' id='word_1_27' title='bbox 665 684 908 738; x_wconf 91' lang='lat' dir='ltr'><strong>tunicam</strong></span> <span class='ocrx_word' id='word_1_28' title='bbox 955 682 1064 736; x_wconf 87' lang='lat' dir='ltr'><strong>sibi</strong></span> <span class='ocrx_word' id='word_1_29' title='bbox 1113 681 1454 752; x_wconf 89' lang='lat' dir='ltr'><strong>adjacentem</strong></span> <span class='ocrx_word' id='word_1_30' title='bbox 1506 679 1765 734; x_wconf 90' lang='lat' dir='ltr'><strong>continue</strong></span> <span class='ocrx_word' id='word_1_31' title='bbox 1828 679 2043 744; x_wconf 87' lang='lat' dir='ltr'><strong>videns,</strong></span> 
     </span>
    </p>
   </div>
   <div class='ocr_carea' id='block_1_8' title="bbox 466 770 2048 844">
    <p class='ocr_par' dir='ltr' id='par_1_8' title="bbox 466 770 2048 844">
     <span class='ocr_line' id='line_1_8' title="bbox 466 770 2048 844; baseline -0.004 -12"><span class='ocrx_word' id='word_1_32' title='bbox 466 778 726 832; x_wconf 80' lang='lat' dir='ltr'><strong>vitiorum</strong></span> <span class='ocrx_word' id='word_1_33' title='bbox 754 775 928 831; x_wconf 83' lang='lat' dir='ltr'><strong>fetore</strong></span> <span class='ocrx_word' id='word_1_34' title='bbox 962 773 1230 844; x_wconf 83' lang='lat' dir='ltr'><strong>repletur.</strong></span> <span class='ocrx_word' id='word_1_35' title='bbox 1264 771 1737 839; x_wconf 80' lang='lat' dir='ltr'><strong>Quemadmodum</strong></span> <span class='ocrx_word' id='word_1_36' title='bbox 1772 770 1923 826; x_wconf 85' lang='lat' dir='ltr'><strong>enim</strong></span> <span class='ocrx_word' id='word_1_37' title='bbox 1947 771 2048 826; x_wconf 88' lang='lat' dir='ltr'><strong>abs</strong></span> 
     </span>
    </p>
   </div>
   <div class='ocr_carea' id='block_1_9' title="bbox 467 857 2088 940">
    <p class='ocr_par' dir='ltr' id='par_1_9' title="bbox 467 857 2088 940">
     <span class='ocr_line' id='line_1_9' title="bbox 467 857 2088 940; baseline -0.006 -14"><span class='ocrx_word' id='word_1_38' title='bbox 467 868 689 940; x_wconf 79' lang='lat' dir='ltr'><strong>spiritu,</strong></span> <span class='ocrx_word' id='word_1_39' title='bbox 716 867 1018 924; x_wconf 82' lang='lat' dir='ltr'><strong>virtutibus</strong></span> <span class='ocrx_word' id='word_1_40' title='bbox 1066 865 1190 919; x_wconf 90' lang='lat' dir='ltr'><strong>aliis</strong></span> <span class='ocrx_word' id='word_1_41' title='bbox 1231 865 1354 919; x_wconf 91' lang='lat' dir='ltr'><strong>aliis</strong></span> <span class='ocrx_word' id='word_1_42' title='bbox 1393 880 1462 918; x_wconf 82' lang='lat' dir='ltr'><strong>ex</strong></span> <span class='ocrx_word' id='word_1_43' title='bbox 1505 864 1720 918; x_wconf 88' lang='lat' dir='ltr'><strong>ratione</strong></span> <span class='ocrx_word' id='word_1_44' title='bbox 1750 863 2044 930; x_wconf 78' lang='lat' dir='ltr'><strong>contextis,</strong></span> <span class='ocrx_word' id='word_1_45' title='bbox 2081 857 2088 864; x_wconf 76' lang='grc'><strong>’</strong></span> 
     </span>
    </p>
   </div>
   <div class='ocr_carea' id='block_1_10' title="bbox 468 952 2045 1028">
    <p class='ocr_par' dir='ltr' id='par_1_10' title="bbox 468 952 2045 1028">
     <span class='ocr_line' id='line_1_10' title="bbox 468 952 2045 1028; baseline -0.005 -14"><span class='ocrx_word' id='word_1_46' title='bbox 468 955 900 1028; x_wconf 85' lang='lat' dir='ltr'><strong>incorruptionis</strong></span> <span class='ocrx_word' id='word_1_47' title='bbox 916 954 1111 1010; x_wconf 67' lang='lat' dir='ltr'><strong>anima:</strong></span> <span class='ocrx_word' id='word_1_48' title='bbox 1135 953 1370 1009; x_wconf 89' lang='lat' dir='ltr'><strong>amictus</strong></span> <span class='ocrx_word' id='word_1_49' title='bbox 1389 952 1679 1020; x_wconf 90' lang='lat' dir='ltr'><strong>conllatur,</strong></span> <span class='ocrx_word' id='word_1_50' title='bbox 1701 969 1810 1024; x_wconf 90' lang='lat' dir='ltr'><strong>quo</strong></span> <span class='ocrx_word' id='word_1_51' title='bbox 1833 953 2045 1018; x_wconf 89' lang='lat' dir='ltr'><strong>induta,</strong></span> 
     </span>
    </p>
   </div>
   <div class='ocr_carea' id='block_1_11' title="bbox 468 1045 2049 1122">
    <p class='ocr_par' dir='ltr' id='par_1_11' title="bbox 468 1045 2049 1122">
     <span class='ocr_line' id='line_1_11' title="bbox 468 1045 2049 1122; baseline -0.002 -17"><span class='ocrx_word' id='word_1_52' title='bbox 468 1051 702 1122; x_wconf 85' lang='lat' dir='ltr'><strong>pulchra</strong></span> <span class='ocrx_word' id='word_1_53' title='bbox 751 1047 926 1104; x_wconf 89' lang='lat' dir='ltr'><strong>enitet</strong></span> <span class='ocrx_word' id='word_1_54' title='bbox 954 1063 1018 1103; x_wconf 92' lang='lat' dir='ltr'><strong>ac</strong></span> <span class='ocrx_word' id='word_1_55' title='bbox 1048 1045 1287 1118; x_wconf 80' lang='lat' dir='ltr'><strong>gloriosa</strong></span> <span class='ocrx_word' id='word_1_56' title='bbox 1318 1063 1331 1099; x_wconf 92' lang='lat'><strong>:</strong></span> <span class='ocrx_word' id='word_1_57' title='bbox 1369 1045 1451 1101; x_wconf 92' lang='lat' dir='ltr'><strong>sic</strong></span> <span class='ocrx_word' id='word_1_58' title='bbox 1491 1055 1549 1101; x_wconf 88' lang='lat' dir='ltr'><strong>et</strong></span> <span class='ocrx_word' id='word_1_59' title='bbox 1583 1061 1616 1102; x_wconf 86' lang='lat' dir='ltr'><strong>a</strong></span> <span class='ocrx_word' id='word_1_60' title='bbox 1665 1061 1852 1111; x_wconf 88' lang='lat' dir='ltr'><strong>carne,</strong></span> <span class='ocrx_word' id='word_1_61' title='bbox 1893 1045 2049 1102; x_wconf 79' lang='lat' dir='ltr'><strong>vitiis</strong></span> 
     </span>
    </p>
   </div>
   <div class='ocr_carea' id='block_1_12' title="bbox 467 1135 2050 1211">
    <p class='ocr_par' dir='ltr' id='par_1_12' title="bbox 467 1135 2050 1211">
     <span class='ocr_line' id='line_1_12' title="bbox 467 1135 2050 1211; baseline -0.002 -17"><span class='ocrx_word' id='word_1_62' title='bbox 467 1139 928 1211; x_wconf 90' lang='lat' dir='ltr'><strong>passionibusque</strong></span> <span class='ocrx_word' id='word_1_63' title='bbox 958 1136 1078 1192; x_wconf 91' lang='lat' dir='ltr'><strong>aliis</strong></span> <span class='ocrx_word' id='word_1_64' title='bbox 1109 1135 1342 1206; x_wconf 90' lang='lat' dir='ltr'><strong>aliisque</strong></span> <span class='ocrx_word' id='word_1_65' title='bbox 1373 1144 1522 1191; x_wconf 90' lang='lat' dir='ltr'><strong>certa</strong></span> <span class='ocrx_word' id='word_1_66' title='bbox 1563 1136 1923 1206; x_wconf 83' lang='lat' dir='ltr'><strong>proportione</strong></span> <span class='ocrx_word' id='word_1_67' title='bbox 1959 1136 2050 1191; x_wconf 84' lang='lat' dir='ltr'><strong>in-</strong></span> 
     </span>
    </p>
   </div>
   <div class='ocr_carea' id='block_1_13' title="bbox 469 1228 2048 1299">
    <p class='ocr_par' dir='ltr' id='par_1_13' title="bbox 469 1228 2048 1299">
     <span class='ocr_line' id='line_1_13' title="bbox 469 1228 2048 1299; baseline -0.002 -12"><span class='ocrx_word' id='word_1_68' title='bbox 469 1231 636 1288; x_wconf 80' lang='lat' dir='ltr'><strong>textis</strong></span> <span class='ocrx_word' id='word_1_69' title='bbox 659 1271 673 1297; x_wconf 94' lang='lat'><strong>,</strong></span> <span class='ocrx_word' id='word_1_70' title='bbox 716 1229 999 1285; x_wconf 88' lang='lat' dir='ltr'><strong>immunda</strong></span> <span class='ocrx_word' id='word_1_71' title='bbox 1029 1229 1279 1299; x_wconf 63' lang='lat' dir='ltr'><strong>quaedam</strong></span> <span class='ocrx_word' id='word_1_72' title='bbox 1306 1243 1370 1283; x_wconf 88' lang='lat' dir='ltr'><strong>ac</strong></span> <span class='ocrx_word' id='word_1_73' title='bbox 1395 1228 1666 1282; x_wconf 82' lang='lat' dir='ltr'><strong>maculata</strong></span> <span class='ocrx_word' id='word_1_74' title='bbox 1695 1228 1880 1284; x_wconf 88' lang='lat' dir='ltr'><strong>tunica</strong></span> <span class='ocrx_word' id='word_1_75' title='bbox 1913 1243 2048 1284; x_wconf 88' lang='lat' dir='ltr'><strong>eon-</strong></span> 
     </span>
    </p>
   </div>
   <div class='ocr_carea' id='block_1_14' title="bbox 468 1318 2049 1393">
    <p class='ocr_par' dir='ltr' id='par_1_14' title="bbox 468 1318 2049 1393">
     <span class='ocr_line' id='line_1_14' title="bbox 468 1318 2049 1393; baseline -0.002 -14"><span class='ocrx_word' id='word_1_76' title='bbox 468 1321 665 1393; x_wconf 85' lang='lat' dir='ltr'><strong>surgit,</strong></span> <span class='ocrx_word' id='word_1_77' title='bbox 707 1322 791 1375; x_wconf 78' lang='lat' dir='ltr'><strong>&#39;ex</strong></span> <span class='ocrx_word' id='word_1_78' title='bbox 838 1335 897 1376; x_wconf 90' lang='lat' dir='ltr'><strong>se</strong></span> <span class='ocrx_word' id='word_1_79' title='bbox 948 1321 1192 1374; x_wconf 90' lang='lat' dir='ltr'><strong>animum</strong></span> <span class='ocrx_word' id='word_1_80' title='bbox 1242 1318 1633 1384; x_wconf 80' lang='lat' dir='ltr'><strong>manifestans,</strong></span> <span class='ocrx_word' id='word_1_81' title='bbox 1686 1318 1962 1390; x_wconf 85' lang='lat' dir='ltr'><strong>aliamque</strong></span> <span class='ocrx_word' id='word_1_82' title='bbox 1996 1320 2049 1376; x_wconf 92' lang='lat' dir='ltr'><strong>ei</strong></span> 
     </span>
    </p>
   </div>
   <div class='ocr_carea' id='block_1_15' title="bbox 469 1407 1921 1483">
    <p class='ocr_par' dir='ltr' id='par_1_15' title="bbox 469 1407 1921 1483">
     <span class='ocr_line' id='line_1_15' title="bbox 469 1407 1921 1483; baseline -0.003 -14"><span class='ocrx_word' id='word_1_83' title='bbox 469 1413 702 1470; x_wconf 86' lang='lat' dir='ltr'><strong>formam</strong></span> <span class='ocrx_word' id='word_1_84' title='bbox 742 1428 808 1468; x_wconf 90' lang='lat' dir='ltr'><strong>ac</strong></span> <span class='ocrx_word' id='word_1_85' title='bbox 837 1411 1129 1483; x_wconf 81' lang='lat' dir='ltr'><strong>imaginem</strong></span> <span class='ocrx_word' id='word_1_86' title='bbox 1157 1420 1356 1483; x_wconf 68' lang='lat' dir='ltr'><strong>praeter</strong></span> <span class='ocrx_word' id='word_1_87' title='bbox 1379 1411 1621 1467; x_wconf 84' lang='lat' dir='ltr'><strong>divinam</strong></span> <span class='ocrx_word' id='word_1_88' title='bbox 1653 1407 1921 1466; x_wconf 83' lang='lat' dir='ltr'><strong>tribuens.</strong></span> 
     </span>
    </p>
   </div>
   <div class='ocr_carea' id='block_1_16' title="bbox 541 1501 2051 1572">
    <p class='ocr_par' dir='ltr' id='par_1_16' title="bbox 541 1501 2051 1572">
     <span class='ocr_line' id='line_1_16' title="bbox 541 1501 2051 1572; baseline -0.001 -14"><span class='ocrx_word' id='word_1_89' title='bbox 541 1503 629 1558; x_wconf 73' lang='lat'><strong>62.</strong></span> <span class='ocrx_word' id='word_1_90' title='bbox 671 1503 912 1558; x_wconf 84' lang='lat' dir='ltr'><strong>Firmam</strong></span> <span class='ocrx_word' id='word_1_91' title='bbox 942 1501 1344 1572; x_wconf 70' lang='lat' dir='ltr'><strong>consequendze</strong></span> <span class='ocrx_word' id='word_1_92' title='bbox 1381 1501 1745 1558; x_wconf 89' lang='lat' dir='ltr'><strong>deilicationis</strong></span> <span class='ocrx_word' id='word_1_93' title='bbox 1791 1501 2051 1557; x_wconf 85' lang='lat' dir='ltr'><strong>ﬁduciam</strong></span> 
     </span>
    </p>
   </div>
   <div class='ocr_carea' id='block_1_17' title="bbox 469 1592 2054 1665">
    <p class='ocr_par' dir='ltr' id='par_1_17' title="bbox 469 1592 2054 1665">
     <span class='ocr_line' id='line_1_17' title="bbox 469 1592 2054 1665; baseline 0.001 -17"><span class='ocrx_word' id='word_1_94' title='bbox 469 1593 682 1665; x_wconf 65' lang='lat' dir='ltr'><strong>praebet</strong></span> <span class='ocrx_word' id='word_1_95' title='bbox 716 1593 971 1649; x_wconf 72' lang='lat' dir='ltr'><strong>humanae</strong></span> <span class='ocrx_word' id='word_1_96' title='bbox 999 1601 1231 1658; x_wconf 69' lang='lat' dir='ltr'><strong>naturae,</strong></span> <span class='ocrx_word' id='word_1_97' title='bbox 1281 1592 1429 1664; x_wconf 91' lang='lat' dir='ltr'><strong>quod</strong></span> <span class='ocrx_word' id='word_1_98' title='bbox 1471 1593 1618 1648; x_wconf 91' lang='lat' dir='ltr'><strong>Deus</strong></span> <span class='ocrx_word' id='word_1_99' title='bbox 1660 1592 1829 1648; x_wconf 89' lang='lat' dir='ltr'><strong>homo</strong></span> <span class='ocrx_word' id='word_1_100' title='bbox 1873 1594 2054 1649; x_wconf 85' lang='lat' dir='ltr'><strong>factus</strong></span> 
     </span>
    </p>
   </div>
   <div class='ocr_carea' id='block_1_18' title="bbox 469 1671 2055 1756">
    <p class='ocr_par' dir='ltr' id='par_1_18' title="bbox 469 1671 2055 1756">
     <span class='ocr_line' id='line_1_18' title="bbox 469 1671 2055 1756; baseline 0.001 -15"><span class='ocrx_word' id='word_1_101' title='bbox 469 1694 588 1752; x_wconf 90' lang='lat' dir='ltr'><strong>est;</strong></span> <span class='ocrx_word' id='word_1_102' title='bbox 631 1693 843 1740; x_wconf 89' lang='lat' dir='ltr'><strong>tantum</strong></span> <span class='ocrx_word' id='word_1_103' title='bbox 884 1686 1004 1756; x_wconf 85' lang='lat' dir='ltr'><strong>ejus</strong></span> <span class='ocrx_word' id='word_1_104' title='bbox 1047 1671 1407 1741; x_wconf 81' lang='lat' dir='ltr'><strong>humanitatis</strong></span> <span class='ocrx_word' id='word_1_105' title='bbox 1437 1701 1602 1741; x_wconf 90' lang='lat' dir='ltr'><strong>causa</strong></span> <span class='ocrx_word' id='word_1_106' title='bbox 1635 1685 1802 1741; x_wconf 90' lang='lat' dir='ltr'><strong>deum</strong></span> <span class='ocrx_word' id='word_1_107' title='bbox 1844 1685 2055 1743; x_wconf 80' lang='lat' dir='ltr'><strong>faciens</strong></span> 
     </span>
    </p>
   </div>
   <div class='ocr_carea' id='block_1_19' title="bbox 473 1775 2053 1850">
    <p class='ocr_par' dir='ltr' id='par_1_19' title="bbox 473 1775 2053 1850">
     <span class='ocr_line' id='line_1_19' title="bbox 473 1775 2053 1850; baseline 0.003 -20"><span class='ocrx_word' id='word_1_108' title='bbox 473 1775 774 1839; x_wconf 87' lang='lat' dir='ltr'><strong>hominem,</strong></span> <span class='ocrx_word' id='word_1_109' title='bbox 815 1785 1083 1847; x_wconf 89' lang='lat' dir='ltr'><strong>quantum</strong></span> <span class='ocrx_word' id='word_1_110' title='bbox 1113 1777 1229 1846; x_wconf 90' lang='lat' dir='ltr'><strong>ipse</strong></span> <span class='ocrx_word' id='word_1_111' title='bbox 1263 1776 1431 1832; x_wconf 91' lang='lat' dir='ltr'><strong>homo</strong></span> <span class='ocrx_word' id='word_1_112' title='bbox 1457 1775 1636 1832; x_wconf 82' lang='lat' dir='ltr'><strong>factus</strong></span> <span class='ocrx_word' id='word_1_113' title='bbox 1663 1786 1770 1832; x_wconf 91' lang='lat' dir='ltr'><strong>est.</strong></span> <span class='ocrx_word' id='word_1_114' title='bbox 1797 1777 1934 1833; x_wconf 84' lang='lat' dir='ltr'><strong>Nam</strong></span> <span class='ocrx_word' id='word_1_115' title='bbox 1959 1779 2053 1850; x_wconf 90' lang='lat' dir='ltr'><strong>qui</strong></span> 
     </span>
    </p>
   </div>
   <div class='ocr_carea' id='block_1_20' title="bbox 471 1866 2055 1938">
    <p class='ocr_par' dir='ltr' id='par_1_20' title="bbox 471 1866 2055 1938">
     <span class='ocr_line' id='line_1_20' title="bbox 471 1866 2055 1938; baseline 0.003 -16"><span class='ocrx_word' id='word_1_116' title='bbox 471 1867 593 1922; x_wconf 88' lang='lat' dir='ltr'><strong>sine</strong></span> <span class='ocrx_word' id='word_1_117' title='bbox 635 1875 862 1938; x_wconf 84' lang='lat' dir='ltr'><strong>peccato</strong></span> <span class='ocrx_word' id='word_1_118' title='bbox 902 1866 1080 1922; x_wconf 85' lang='lat' dir='ltr'><strong>factus</strong></span> <span class='ocrx_word' id='word_1_119' title='bbox 1111 1876 1196 1922; x_wconf 92' lang='lat' dir='ltr'><strong>est</strong></span> <span class='ocrx_word' id='word_1_120' title='bbox 1221 1867 1409 1933; x_wconf 90' lang='lat' dir='ltr'><strong>homo,</strong></span> <span class='ocrx_word' id='word_1_121' title='bbox 1450 1867 1612 1938; x_wconf 72' lang='lat'><strong>525</strong></span> <span class='ocrx_word' id='word_1_122' title='bbox 1651 1869 1790 1924; x_wconf 92' lang='lat' dir='ltr'><strong>citra</strong></span> <span class='ocrx_word' id='word_1_123' title='bbox 1833 1885 2055 1926; x_wconf 89' lang='lat' dir='ltr'><strong>omnem</strong></span> 
     </span>
    </p>
   </div>
   <div class='ocr_carea' id='block_1_21' title="bbox 473 1959 2056 2033">
    <p class='ocr_par' dir='ltr' id='par_1_21' title="bbox 473 1959 2056 2033">
     <span class='ocr_line' id='line_1_21' title="bbox 473 1959 2056 2033; baseline 0.003 -19"><span class='ocrx_word' id='word_1_124' title='bbox 473 1960 834 2016; x_wconf 87' lang='lat' dir='ltr'><strong>mutationem</strong></span> <span class='ocrx_word' id='word_1_125' title='bbox 863 1959 921 2015; x_wconf 91' lang='lat' dir='ltr'><strong>in</strong></span> <span class='ocrx_word' id='word_1_126' title='bbox 947 1960 1232 2026; x_wconf 89' lang='lat' dir='ltr'><strong>deitatem,</strong></span> <span class='ocrx_word' id='word_1_127' title='bbox 1278 1969 1533 2016; x_wconf 88' lang='lat' dir='ltr'><strong>naturam</strong></span> <span class='ocrx_word' id='word_1_128' title='bbox 1569 1961 1847 2033; x_wconf 82' lang='lat' dir='ltr'><strong>deiﬁcabit</strong></span> <span class='ocrx_word' id='word_1_129' title='bbox 1885 1981 1898 2016; x_wconf 94' lang='lat'>:</span> <span class='ocrx_word' id='word_1_130' title='bbox 1933 1971 2056 2018; x_wconf 89' lang='lat' dir='ltr'><strong>tan-</strong></span> 
     </span>
    </p>
   </div>
   <div class='ocr_carea' id='block_1_22' title="bbox 472 2052 2059 2125">
    <p class='ocr_par' dir='ltr' id='par_1_22' title="bbox 472 2052 2059 2125">
     <span class='ocr_line' id='line_1_22' title="bbox 472 2052 2059 2125; baseline 0.001 -19"><span class='ocrx_word' id='word_1_131' title='bbox 472 2062 701 2123; x_wconf 89' lang='lat' dir='ltr'><strong>tumque</strong></span> <span class='ocrx_word' id='word_1_132' title='bbox 735 2061 960 2125; x_wconf 89' lang='lat' dir='ltr'><strong>propter</strong></span> <span class='ocrx_word' id='word_1_133' title='bbox 989 2069 1048 2108; x_wconf 91' lang='lat' dir='ltr'><strong>se</strong></span> <span class='ocrx_word' id='word_1_134' title='bbox 1071 2052 1359 2124; x_wconf 84' lang='lat' dir='ltr'><strong>provehet,</strong></span> <span class='ocrx_word' id='word_1_135' title='bbox 1390 2060 1658 2124; x_wconf 88' lang='lat' dir='ltr'><strong>quantum</strong></span> <span class='ocrx_word' id='word_1_136' title='bbox 1709 2070 1768 2110; x_wconf 91' lang='lat' dir='ltr'><strong>se</strong></span> <span class='ocrx_word' id='word_1_137' title='bbox 1812 2054 1929 2125; x_wconf 82' lang='lat' dir='ltr'><strong>ipse</strong></span> <span class='ocrx_word' id='word_1_138' title='bbox 1959 2055 2059 2108; x_wconf 87' lang='lat' dir='ltr'><strong>bo-</strong></span> 
     </span>
    </p>
   </div>
   <div class='ocr_carea' id='block_1_23' title="bbox 472 2143 2056 2215">
    <p class='ocr_par' dir='ltr' id='par_1_23' title="bbox 472 2143 2056 2215">
     <span class='ocr_line' id='line_1_23' title="bbox 472 2143 2056 2215; baseline 0.001 -17"><span class='ocrx_word' id='word_1_139' title='bbox 472 2143 637 2198; x_wconf 88' lang='lat' dir='ltr'><strong>minis</strong></span> <span class='ocrx_word' id='word_1_140' title='bbox 674 2143 848 2214; x_wconf 78' lang='lat' dir='ltr'><strong>gratia</strong></span> <span class='ocrx_word' id='word_1_141' title='bbox 899 2143 1143 2198; x_wconf 88' lang='lat' dir='ltr'><strong>demisit.</strong></span> <span class='ocrx_word' id='word_1_142' title='bbox 1195 2143 1365 2214; x_wconf 87' lang='lat' dir='ltr'><strong>quue</strong></span> <span class='ocrx_word' id='word_1_143' title='bbox 1411 2143 1641 2215; x_wconf 85' lang='lat' dir='ltr'><strong>mystice</strong></span> <span class='ocrx_word' id='word_1_144' title='bbox 1671 2144 1877 2200; x_wconf 85' lang='lat' dir='ltr'><strong>docens</strong></span> <span class='ocrx_word' id='word_1_145' title='bbox 1937 2160 2056 2200; x_wconf 84' lang='lat' dir='ltr'><strong>ma-</strong></span> 
     </span>
    </p>
   </div>
   <div class='ocr_carea' id='block_1_24' title="bbox 473 2233 2057 2305">
    <p class='ocr_par' dir='ltr' id='par_1_24' title="bbox 473 2233 2057 2305">
     <span class='ocr_line' id='line_1_24' title="bbox 473 2233 2057 2305; baseline 0 -16"><span class='ocrx_word' id='word_1_146' title='bbox 473 2249 616 2304; x_wconf 81' lang='lat' dir='ltr'><strong>gnus</strong></span> <span class='ocrx_word' id='word_1_147' title='bbox 646 2233 963 2304; x_wconf 84' lang='lat' dir='ltr'><strong>Apostolus,</strong></span> <span class='ocrx_word' id='word_1_148' title='bbox 1000 2234 1077 2288; x_wconf 90' lang='lat' dir='ltr'><strong>ait</strong></span> <span class='ocrx_word' id='word_1_149' title='bbox 1092 2234 1160 2298; x_wconf 81' lang='lat'><strong>“,</strong></span> <span class='ocrx_word' id='word_1_150' title='bbox 1193 2233 1248 2287; x_wconf 90' lang='lat' dir='ltr'><strong>in</strong></span> <span class='ocrx_word' id='word_1_151' title='bbox 1279 2234 1496 2289; x_wconf 80' lang='lat' dir='ltr'><strong>saeculis</strong></span> <span class='ocrx_word' id='word_1_152' title='bbox 1516 2234 2057 2305; x_wconf 83' lang='lat' dir='ltr'><strong>supervenientibus,</strong></span> 
     </span>
    </p>
   </div>
   <div class='ocr_carea' id='block_1_25' title="bbox 473 2324 2052 2395">
    <p class='ocr_par' dir='ltr' id='par_1_25' title="bbox 473 2324 2052 2395">
     <span class='ocr_line' id='line_1_25' title="bbox 473 2324 2052 2395; baseline 0 -15"><span class='ocrx_word' id='word_1_153' title='bbox 473 2325 909 2380; x_wconf 88' lang='lat' dir='ltr'><strong>manifestandas</strong></span> <span class='ocrx_word' id='word_1_154' title='bbox 957 2325 1013 2380; x_wconf 88' lang='lat' dir='ltr'><strong>in</strong></span> <span class='ocrx_word' id='word_1_155' title='bbox 1054 2324 1216 2380; x_wconf 87' lang='lat' dir='ltr'><strong>nobis</strong></span> <span class='ocrx_word' id='word_1_156' title='bbox 1246 2325 1733 2395; x_wconf 89' lang='lat' dir='ltr'><strong>supereminentes</strong></span> <span class='ocrx_word' id='word_1_157' title='bbox 1756 2325 1854 2382; x_wconf 88' lang='lat' dir='ltr'><strong>Dei</strong></span> <span class='ocrx_word' id='word_1_158' title='bbox 1893 2327 2052 2382; x_wconf 83' lang='lat' dir='ltr'><strong>boni-</strong></span> 
     </span>
    </p>
   </div>
   <div class='ocr_carea' id='block_1_26' title="bbox 475 2419 876 2476">
    <p class='ocr_par' dir='ltr' id='par_1_26' title="bbox 475 2419 876 2476">
     <span class='ocr_line' id='line_1_26' title="bbox 475 2419 876 2476; baseline 0 0"><span class='ocrx_word' id='word_1_159' title='bbox 475 2420 605 2476; x_wconf 84' lang='lat' dir='ltr'><strong>tatis</strong></span> <span class='ocrx_word' id='word_1_160' title='bbox 633 2419 876 2476; x_wconf 82' lang='lat' dir='ltr'><strong>divitias.</strong></span> 
     </span>
    </p>
   </div>
   <div class='ocr_carea' id='block_1_27' title="bbox 545 2497 2058 2584">
    <p class='ocr_par' dir='ltr' id='par_1_27' title="bbox 545 2497 2058 2584">
     <span class='ocr_line' id='line_1_27' title="bbox 545 2497 2058 2584; baseline -0.001 -14"><span class='ocrx_word' id='word_1_161' title='bbox 545 2513 635 2570; x_wconf 80' lang='grc'>65.</span> <span class='ocrx_word' id='word_1_162' title='bbox 673 2497 834 2567; x_wconf 81' lang='lat' dir='ltr'><strong>Ratio</strong></span> <span class='ocrx_word' id='word_1_163' title='bbox 865 2527 968 2582; x_wconf 90' lang='lat' dir='ltr'><strong>pro</strong></span> <span class='ocrx_word' id='word_1_164' title='bbox 1011 2511 1242 2582; x_wconf 85' lang='lat' dir='ltr'><strong>imperio</strong></span> <span class='ocrx_word' id='word_1_165' title='bbox 1271 2511 1408 2566; x_wconf 89' lang='lat' dir='ltr'><strong>iram</strong></span> <span class='ocrx_word' id='word_1_166' title='bbox 1455 2527 1654 2582; x_wconf 81' lang='lat' dir='ltr'><strong>regens</strong></span> <span class='ocrx_word' id='word_1_167' title='bbox 1684 2528 1750 2568; x_wconf 90' lang='lat' dir='ltr'><strong>ac</strong></span> <span class='ocrx_word' id='word_1_168' title='bbox 1781 2513 2058 2584; x_wconf 86' lang='lat' dir='ltr'><strong>cupidita-</strong></span> 
     </span>
    </p>
   </div>
   <div class='ocr_carea' id='block_1_28' title="bbox 473 2603 2056 2676">
    <p class='ocr_par' dir='ltr' id='par_1_28' title="bbox 473 2603 2056 2676">
     <span class='ocr_line' id='line_1_28' title="bbox 473 2603 2056 2676; baseline -0.002 -14"><span class='ocrx_word' id='word_1_169' title='bbox 473 2614 608 2672; x_wconf 89' lang='lat' dir='ltr'><strong>tem,</strong></span> <span class='ocrx_word' id='word_1_170' title='bbox 631 2605 866 2661; x_wconf 85' lang='lat' dir='ltr'><strong>virtutes</strong></span> <span class='ocrx_word' id='word_1_171' title='bbox 910 2603 1054 2674; x_wconf 90' lang='lat' dir='ltr'><strong>parit</strong></span> <span class='ocrx_word' id='word_1_172' title='bbox 1084 2621 1099 2658; x_wconf 87' lang='lat'><strong>:</strong></span> <span class='ocrx_word' id='word_1_173' title='bbox 1129 2619 1395 2674; x_wconf 87' lang='lat' dir='ltr'><strong>mensque</strong></span> <span class='ocrx_word' id='word_1_174' title='bbox 1441 2605 1684 2660; x_wconf 88' lang='lat' dir='ltr'><strong>rationes</strong></span> <span class='ocrx_word' id='word_1_175' title='bbox 1720 2605 2056 2676; x_wconf 84' lang='lat' dir='ltr'><strong>intelligens,</strong></span> 
     </span>
    </p>
   </div>
   <div class='ocr_carea' id='block_1_29' title="bbox 477 2693 2059 2767">
    <p class='ocr_par' dir='ltr' id='par_1_29' title="bbox 477 2693 2059 2767">
     <span class='ocr_line' id='line_1_29' title="bbox 477 2693 2059 2767; baseline -0.001 -13"><span class='ocrx_word' id='word_1_176' title='bbox 477 2713 661 2754; x_wconf 84' lang='lat' dir='ltr'><strong>rerum</strong></span> <span class='ocrx_word' id='word_1_177' title='bbox 698 2695 1044 2751; x_wconf 86' lang='lat' dir='ltr'><strong>conditarum</strong></span> <span class='ocrx_word' id='word_1_178' title='bbox 1087 2693 1290 2752; x_wconf 83' lang='lat' dir='ltr'><strong>certam</strong></span> <span class='ocrx_word' id='word_1_179' title='bbox 1327 2695 1696 2767; x_wconf 79' lang='lat' dir='ltr'><strong>cognitionem</strong></span> <span class='ocrx_word' id='word_1_180' title='bbox 1729 2697 1927 2767; x_wconf 87' lang='lat' dir='ltr'><strong>carpit.</strong></span> <span class='ocrx_word' id='word_1_181' title='bbox 1954 2697 2059 2754; x_wconf 89' lang='lat' dir='ltr'><strong>Ubi</strong></span> 
     </span>
    </p>
   </div>
   <div class='ocr_carea' id='block_1_30' title="bbox 473 2785 2060 2859">
    <p class='ocr_par' dir='ltr' id='par_1_30' title="bbox 473 2785 2060 2859">
     <span class='ocr_line' id='line_1_30' title="bbox 473 2785 2060 2859; baseline 0.001 -17"><span class='ocrx_word' id='word_1_182' title='bbox 473 2786 641 2859; x_wconf 86' lang='lat' dir='ltr'><strong>igitur</strong></span> <span class='ocrx_word' id='word_1_183' title='bbox 667 2787 830 2852; x_wconf 86' lang='lat' dir='ltr'><strong>ratio,</strong></span> <span class='ocrx_word' id='word_1_184' title='bbox 863 2787 1096 2858; x_wconf 86' lang='lat' dir='ltr'><strong>ahjectis</strong></span> <span class='ocrx_word' id='word_1_185' title='bbox 1137 2786 1453 2852; x_wconf 86' lang='lat' dir='ltr'><strong>contrariis,</strong></span> <span class='ocrx_word' id='word_1_186' title='bbox 1484 2785 1634 2858; x_wconf 79' lang='lat' dir='ltr'><strong>quod</strong></span> <span class='ocrx_word' id='word_1_187' title='bbox 1679 2797 1876 2843; x_wconf 87' lang='lat' dir='ltr'><strong>natura</strong></span> <span class='ocrx_word' id='word_1_188' title='bbox 1905 2803 2060 2843; x_wconf 77' lang='lat' dir='ltr'><strong>ama~</strong></span> 
     </span>
    </p>
   </div>
   <div class='ocr_carea' id='block_1_31' title="bbox 395 2877 2062 2949">
    <p class='ocr_par' dir='ltr' id='par_1_31' title="bbox 395 2877 2062 2949">
     <span class='ocr_line' id='line_1_31' title="bbox 395 2877 2062 2949; baseline -0.001 -14"><span class='ocrx_word' id='word_1_189' title='bbox 395 2943 400 2948; x_wconf 28' lang='grc' dir='ltr'>ι</span> <span class='ocrx_word' id='word_1_190' title='bbox 473 2879 585 2935; x_wconf 87' lang='lat' dir='ltr'><strong>bile</strong></span> <span class='ocrx_word' id='word_1_191' title='bbox 641 2887 758 2945; x_wconf 84' lang='lat' dir='ltr'><strong>est,</strong></span> <span class='ocrx_word' id='word_1_192' title='bbox 816 2878 1126 2945; x_wconf 87' lang='lat' dir='ltr'><strong>invenerit;</strong></span> <span class='ocrx_word' id='word_1_193' title='bbox 1164 2894 1429 2949; x_wconf 87' lang='lat' dir='ltr'><strong>mensque</strong></span> <span class='ocrx_word' id='word_1_194' title='bbox 1483 2877 1570 2932; x_wconf 91' lang='lat' dir='ltr'><strong>his</strong></span> <span class='ocrx_word' id='word_1_195' title='bbox 1625 2880 1899 2948; x_wconf 88' lang='lat' dir='ltr'><strong>superatis</strong></span> <span class='ocrx_word' id='word_1_196' title='bbox 1940 2895 2062 2948; x_wconf 73' lang='lat' dir='ltr'><strong>qua:</strong></span> 
     </span>
    </p>
   </div>
   <div class='ocr_carea' id='block_1_32' title="bbox 2151 583 3710 659">
    <p class='ocr_par' dir='ltr' id='par_1_32' title="bbox 2151 583 3710 659">
     <span class='ocr_line' id='line_1_32' title="bbox 2151 583 3710 659; baseline -0.001 -17"><span class='ocrx_word' id='word_1_197' title='bbox 2151 589 2338 659; x_wconf 86' lang='grc' dir='ltr'>μάτων</span> <span class='ocrx_word' id='word_1_198' title='bbox 2396 588 2497 659; x_wconf 83' lang='grc' dir='ltr'>τὴν</span> <span class='ocrx_word' id='word_1_199' title='bbox 2533 585 2714 656; x_wconf 76' lang='grc' dir='ltr'>ψυχὴν</span> <span class='ocrx_word' id='word_1_200' title='bbox 2737 626 2751 651; x_wconf 84' lang='grc'>,</span> <span class='ocrx_word' id='word_1_201' title='bbox 2803 584 2918 650; x_wconf 76' lang='grc' dir='ltr'>ἓξις</span> <span class='ocrx_word' id='word_1_202' title='bbox 2948 604 3007 640; x_wconf 87' lang='grc' dir='ltr'><strong>τε</strong></span> <span class='ocrx_word' id='word_1_203' title='bbox 3039 585 3134 638; x_wconf 77' lang='grc' dir='ltr'>καὶ</span> <span class='ocrx_word' id='word_1_204' title='bbox 3161 583 3420 650; x_wconf 84' lang='grc' dir='ltr'>διάθεσις,</span> <span class='ocrx_word' id='word_1_205' title='bbox 3455 585 3520 657; x_wconf 77' lang='grc' dir='ltr'>ἢν</span> <span class='ocrx_word' id='word_1_206' title='bbox 3542 588 3710 658; x_wconf 79' lang='grc' dir='ltr'>ὁρῶσα</span> 
     </span>
    </p>
   </div>
   <div class='ocr_carea' id='block_1_33' title="bbox 2146 677 3710 750">
    <p class='ocr_par' dir='ltr' id='par_1_33' title="bbox 2146 677 3710 750">
     <span class='ocr_line' id='line_1_33' title="bbox 2146 677 3710 750; baseline -0.006 -16"><span class='ocrx_word' id='word_1_207' title='bbox 2146 680 2438 744; x_wconf 74' lang='grc' dir='ltr'>διαπαντὸς</span> <span class='ocrx_word' id='word_1_208' title='bbox 2487 679 2738 750; x_wconf 87' lang='grc' dir='ltr'>καθάπερ</span> <span class='ocrx_word' id='word_1_209' title='bbox 2769 677 2976 748; x_wconf 89' lang='grc' dir='ltr'>χιτῶνά</span> <span class='ocrx_word' id='word_1_210' title='bbox 3002 695 3124 731; x_wconf 90' lang='grc' dir='ltr'>τινα</span> <span class='ocrx_word' id='word_1_211' title='bbox 3171 677 3301 747; x_wconf 79' lang='grc' dir='ltr'>περὶ</span> <span class='ocrx_word' id='word_1_212' title='bbox 3348 678 3558 749; x_wconf 71' lang='grc' dir='ltr'>ἑαυτὴν,</span> <span class='ocrx_word' id='word_1_213' title='bbox 3597 680 3710 736; x_wconf 82' lang='grc' dir='ltr'>δυσ-</span> 
     </span>
    </p>
   </div>
   <div class='ocr_carea' id='block_1_34' title="bbox 2146 767 3710 844">
    <p class='ocr_par' dir='ltr' id='par_1_34' title="bbox 2146 767 3710 844">
     <span class='ocr_line' id='line_1_34' title="bbox 2146 767 3710 844; baseline -0.002 -18"><span class='ocrx_word' id='word_1_214' title='bbox 2146 772 2314 836; x_wconf 84' lang='grc' dir='ltr'>ωδίας</span> <span class='ocrx_word' id='word_1_215' title='bbox 2337 770 2640 844; x_wconf 74' lang='grc' dir='ltr'><strong>πληροῦται</strong></span> <span class='ocrx_word' id='word_1_216' title='bbox 2667 771 2871 826; x_wconf 89' lang='grc' dir='ltr'>παθῶν.</span> <span class='ocrx_word' id='word_1_217' title='bbox 2903 770 2992 833; x_wconf 81' lang='grc' dir='ltr'>Ὠς</span> <span class='ocrx_word' id='word_1_218' title='bbox 3008 767 3116 840; x_wconf 81' lang='grc' dir='ltr'>γὰρ</span> <span class='ocrx_word' id='word_1_219' title='bbox 3145 768 3252 822; x_wconf 78' lang='grc' dir='ltr'>ἀπὸ</span> <span class='ocrx_word' id='word_1_220' title='bbox 3280 768 3374 822; x_wconf 87' lang='grc' dir='ltr'><strong>τοῦ</strong></span> <span class='ocrx_word' id='word_1_221' title='bbox 3401 768 3710 841; x_wconf 85' lang='grc' dir='ltr'>πνεύματος,</span> 
     </span>
    </p>
   </div>
   <div class='ocr_carea' id='block_1_35' title="bbox 2145 859 3705 934">
    <p class='ocr_par' dir='ltr' id='par_1_35' title="bbox 2145 859 3705 934">
     <span class='ocr_line' id='line_1_35' title="bbox 2145 859 3705 934; baseline -0.001 -18"><span class='ocrx_word' id='word_1_222' title='bbox 2145 861 2236 916; x_wconf 71' lang='grc' dir='ltr'><strong>διὰ</strong></span> <span class='ocrx_word' id='word_1_223' title='bbox 2254 861 2363 916; x_wconf 88' lang='grc' dir='ltr'><strong>τῶν</strong></span> <span class='ocrx_word' id='word_1_224' title='bbox 2378 861 2587 934; x_wconf 80' lang='grc' dir='ltr'>ἀρετῶν</span> <span class='ocrx_word' id='word_1_225' title='bbox 2602 861 2860 931; x_wconf 76' lang='grc' dir='ltr'><strong>ἀλλήλαις</strong></span> <span class='ocrx_word' id='word_1_226' title='bbox 2878 859 3018 915; x_wconf 79' lang='grc' dir='ltr'><strong>κατά</strong></span> <span class='ocrx_word' id='word_1_227' title='bbox 3043 859 3202 927; x_wconf 88' lang='grc' dir='ltr'>λόγον</span> <span class='ocrx_word' id='word_1_228' title='bbox 3231 859 3705 929; x_wconf 79' lang='grc' dir='ltr'>συνυφαινομένων,</span> 
     </span>
    </p>
   </div>
   <div class='ocr_carea' id='block_1_36' title="bbox 2148 950 3714 1026">
    <p class='ocr_par' dir='ltr' id='par_1_36' title="bbox 2148 950 3714 1026">
     <span class='ocr_line' id='line_1_36' title="bbox 2148 950 3714 1026; baseline -0.003 -17"><span class='ocrx_word' id='word_1_229' title='bbox 2148 954 2458 1026; x_wconf 76' lang='grc' dir='ltr'>ἀφθαρσίας</span> <span class='ocrx_word' id='word_1_230' title='bbox 2503 954 2713 1022; x_wconf 89' lang='grc' dir='ltr'>γίνεται</span> <span class='ocrx_word' id='word_1_231' title='bbox 2757 955 2826 1024; x_wconf 84' lang='grc' dir='ltr'><strong>τῇ</strong></span> <span class='ocrx_word' id='word_1_232' title='bbox 2852 953 2999 1023; x_wconf 77' lang='grc' dir='ltr'>ψυχῇ</span> <span class='ocrx_word' id='word_1_233' title='bbox 3049 950 3258 1022; x_wconf 81' lang='grc' dir='ltr'>χιτὼν,</span> <span class='ocrx_word' id='word_1_234' title='bbox 3308 951 3366 1004; x_wconf 80' lang='grc' dir='ltr'>ὃν</span> <span class='ocrx_word' id='word_1_235' title='bbox 3400 952 3714 1025; x_wconf 67' lang='grc' dir='ltr'>ἐνδυσαμένη</span> 
     </span>
    </p>
   </div>
   <div class='ocr_carea' id='block_1_37' title="bbox 2146 1041 3753 1117">
    <p class='ocr_par' dir='ltr' id='par_1_37' title="bbox 2146 1041 3753 1117">
     <span class='ocr_line' id='line_1_37' title="bbox 2146 1041 3753 1117; baseline 0 -20"><span class='ocrx_word' id='word_1_236' title='bbox 2146 1045 2358 1117; x_wconf 81' lang='grc' dir='ltr'>γίνεται</span> <span class='ocrx_word' id='word_1_237' title='bbox 2379 1044 2519 1117; x_wconf 84' lang='grc' dir='ltr'>καλὴ</span> <span class='ocrx_word' id='word_1_238' title='bbox 2557 1046 2649 1098; x_wconf 72' lang='grc' dir='ltr'>καὶ</span> <span class='ocrx_word' id='word_1_239' title='bbox 2672 1043 2934 1110; x_wconf 75' lang='grc' dir='ltr'>ἐπίδοξος·</span> <span class='ocrx_word' id='word_1_240' title='bbox 2965 1041 3109 1096; x_wconf 82' lang='grc' dir='ltr'>οὔτω</span> <span class='ocrx_word' id='word_1_241' title='bbox 3133 1041 3228 1096; x_wconf 67' lang='grc' dir='ltr'>καὶ</span> <span class='ocrx_word' id='word_1_242' title='bbox 3249 1041 3356 1096; x_wconf 77' lang='grc' dir='ltr'>ἀπὸ</span> <span class='ocrx_word' id='word_1_243' title='bbox 3383 1041 3480 1112; x_wconf 77' lang='grc' dir='ltr'>τῆς</span> <span class='ocrx_word' id='word_1_244' title='bbox 3510 1043 3716 1114; x_wconf 82' lang='grc' dir='ltr'>σαρκὸς,</span> <span class='ocrx_word' id='word_1_245' title='bbox 3750 1103 3753 1106; x_wconf 96' lang='lat'><em>_</em></span> 
     </span>
    </p>
   </div>
   <div class='ocr_carea' id='block_1_38' title="bbox 2147 1130 3755 1212">
    <p class='ocr_par' dir='ltr' id='par_1_38' title="bbox 2147 1130 3755 1212">
     <span class='ocr_line' id='line_1_38' title="bbox 2147 1130 3755 1212; baseline -0.003 -16"><span class='ocrx_word' id='word_1_246' title='bbox 2147 1141 2256 1196; x_wconf 87' lang='grc' dir='ltr'><strong>τῶν</strong></span> <span class='ocrx_word' id='word_1_247' title='bbox 2281 1141 2470 1197; x_wconf 87' lang='grc' dir='ltr'>παθῶν</span> <span class='ocrx_word' id='word_1_248' title='bbox 2491 1141 2743 1212; x_wconf 85' lang='grc' dir='ltr'>ἀλλήλοις</span> <span class='ocrx_word' id='word_1_249' title='bbox 2770 1139 2912 1193; x_wconf 82' lang='grc' dir='ltr'>κατὰ</span> <span class='ocrx_word' id='word_1_250' title='bbox 2927 1139 3218 1207; x_wconf 78' lang='grc' dir='ltr'>ἀναλογίαν</span> <span class='ocrx_word' id='word_1_251' title='bbox 3238 1139 3717 1208; x_wconf 77' lang='grc' dir='ltr'>συνυφαινομένων,</span> <span class='ocrx_word' id='word_1_252' title='bbox 3751 1130 3755 1133; x_wconf 34' lang='grc'><em>“</em></span> 
     </span>
    </p>
   </div>
   <div class='ocr_carea' id='block_1_39' title="bbox 2148 1232 3720 1306">
    <p class='ocr_par' dir='ltr' id='par_1_39' title="bbox 2148 1232 3720 1306">
     <span class='ocr_line' id='line_1_39' title="bbox 2148 1232 3720 1306; baseline -0.002 -18"><span class='ocrx_word' id='word_1_253' title='bbox 2148 1235 2356 1305; x_wconf 85' lang='grc' dir='ltr'>γίνεταί</span> <span class='ocrx_word' id='word_1_254' title='bbox 2411 1252 2498 1300; x_wconf 85' lang='grc' dir='ltr'><strong>τις</strong></span> <span class='ocrx_word' id='word_1_255' title='bbox 2542 1233 2706 1306; x_wconf 85' lang='grc' dir='ltr'>χιτὼν</span> <span class='ocrx_word' id='word_1_256' title='bbox 2764 1232 3073 1304; x_wconf 80' lang='grc' dir='ltr'><strong>ἀκάθαρτος</strong></span> <span class='ocrx_word' id='word_1_257' title='bbox 3101 1233 3194 1286; x_wconf 71' lang='grc' dir='ltr'>καὶ</span> <span class='ocrx_word' id='word_1_258' title='bbox 3233 1232 3616 1302; x_wconf 74' lang='grc' dir='ltr'>ἑσπιλωμένος,</span> <span class='ocrx_word' id='word_1_259' title='bbox 3667 1233 3720 1300; x_wconf 75' lang='grc' dir='ltr'><strong>ἐξ</strong></span> 
     </span>
    </p>
   </div>
   <div class='ocr_carea' id='block_1_40' title="bbox 2151 1322 3724 1397">
    <p class='ocr_par' dir='ltr' id='par_1_40' title="bbox 2151 1322 3724 1397">
     <span class='ocr_line' id='line_1_40' title="bbox 2151 1322 3724 1397; baseline 0 -17"><span class='ocrx_word' id='word_1_260' title='bbox 2151 1326 2344 1382; x_wconf 78' lang='grc' dir='ltr'>ἑαυτοῦ</span> <span class='ocrx_word' id='word_1_261' title='bbox 2366 1327 2577 1390; x_wconf 81' lang='grc' dir='ltr'>δεικνὺς</span> <span class='ocrx_word' id='word_1_262' title='bbox 2605 1325 2880 1397; x_wconf 80' lang='grc' dir='ltr'>γνώριμον</span> <span class='ocrx_word' id='word_1_263' title='bbox 2899 1325 3000 1395; x_wconf 81' lang='grc' dir='ltr'>τὴν</span> <span class='ocrx_word' id='word_1_264' title='bbox 3019 1323 3195 1395; x_wconf 80' lang='grc' dir='ltr'>ψυχὴν</span> <span class='ocrx_word' id='word_1_265' title='bbox 3222 1323 3317 1394; x_wconf 86' lang='lat' dir='ltr'><strong>(o),</strong></span> <span class='ocrx_word' id='word_1_266' title='bbox 3343 1322 3554 1395; x_wconf 84' lang='grc' dir='ltr'>μορφὴν</span> <span class='ocrx_word' id='word_1_267' title='bbox 3571 1324 3724 1396; x_wconf 79' lang='grc' dir='ltr'>ἀλλην</span> 
     </span>
    </p>
   </div>
   <div class='ocr_carea' id='block_1_41' title="bbox 2150 1415 3447 1492">
    <p class='ocr_par' dir='ltr' id='par_1_41' title="bbox 2150 1415 3447 1492">
     <span class='ocr_line' id='line_1_41' title="bbox 2150 1415 3447 1492; baseline -0.006 -16"><span class='ocrx_word' id='word_1_268' title='bbox 2150 1421 2289 1492; x_wconf 80' lang='grc' dir='ltr'>αὐτῇ</span> <span class='ocrx_word' id='word_1_269' title='bbox 2319 1421 2414 1474; x_wconf 76' lang='grc' dir='ltr'>καὶ</span> <span class='ocrx_word' id='word_1_270' title='bbox 2441 1419 2626 1475; x_wconf 78' lang='grc' dir='ltr'>εἰκόνα</span> <span class='ocrx_word' id='word_1_271' title='bbox 2657 1418 2808 1488; x_wconf 83' lang='grc' dir='ltr'><strong>παρά</strong></span> <span class='ocrx_word' id='word_1_272' title='bbox 2835 1416 2934 1488; x_wconf 84' lang='grc' dir='ltr'>τὴν</span> <span class='ocrx_word' id='word_1_273' title='bbox 2959 1416 3110 1470; x_wconf 88' lang='grc' dir='ltr'>θείαν</span> <span class='ocrx_word' id='word_1_274' title='bbox 3137 1415 3447 1485; x_wconf 71' lang='grc' dir='ltr'>ἐνθέμενος.</span> 
     </span>
    </p>
   </div>
   <div class='ocr_carea' id='block_1_42' title="bbox 2221 1506 3718 1584">
    <p class='ocr_par' dir='ltr' id='par_1_42' title="bbox 2221 1506 3718 1584">
     <span class='ocr_line' id='line_1_42' title="bbox 2221 1506 3718 1584; baseline -0.005 -15"><span class='ocrx_word' id='word_1_275' title='bbox 2221 1511 2324 1584; x_wconf 54' lang='grc' dir='ltr'><strong>ἒβη</strong></span> <span class='ocrx_word' id='word_1_276' title='bbox 2361 1511 2565 1566; x_wconf 87' lang='grc' dir='ltr'>Βεϐαία</span> <span class='ocrx_word' id='word_1_277' title='bbox 2595 1509 2779 1574; x_wconf 83' lang='grc' dir='ltr'>πίστις</span> <span class='ocrx_word' id='word_1_278' title='bbox 2805 1508 2924 1563; x_wconf 73' lang='grc' dir='ltr'>ὲστὶ</span> <span class='ocrx_word' id='word_1_279' title='bbox 2948 1507 3048 1577; x_wconf 86' lang='grc' dir='ltr'>τῆς</span> <span class='ocrx_word' id='word_1_280' title='bbox 3074 1506 3211 1578; x_wconf 77' lang='grc' dir='ltr'>πρὸς</span> <span class='ocrx_word' id='word_1_281' title='bbox 3234 1506 3498 1560; x_wconf 72' lang='grc' dir='ltr'>ἑκθέωσιν</span> <span class='ocrx_word' id='word_1_282' title='bbox 3521 1507 3718 1574; x_wconf 78' lang='grc' dir='ltr'>ἐλπίδος</span> 
     </span>
    </p>
   </div>
   <div class='ocr_carea' id='block_1_43' title="bbox 2150 1593 3721 1674">
    <p class='ocr_par' dir='ltr' id='par_1_43' title="bbox 2150 1593 3721 1674">
     <span class='ocr_line' id='line_1_43' title="bbox 2150 1593 3721 1674; baseline -0.004 -20"><span class='ocrx_word' id='word_1_283' title='bbox 2150 1605 2218 1674; x_wconf 70' lang='grc' dir='ltr'><strong>τῇ</strong></span> <span class='ocrx_word' id='word_1_284' title='bbox 2247 1600 2409 1672; x_wconf 78' lang='grc' dir='ltr'>φύσει.</span> <span class='ocrx_word' id='word_1_285' title='bbox 2437 1599 2546 1654; x_wconf 88' lang='grc' dir='ltr'><strong>τῶν</strong></span> <span class='ocrx_word' id='word_1_286' title='bbox 2571 1595 2908 1670; x_wconf 83' lang='grc' dir='ltr'>ἀνθρώπων,</span> <span class='ocrx_word' id='word_1_287' title='bbox 2963 1597 2998 1666; x_wconf 80' lang='grc' dir='ltr'><strong>ἡ</strong></span> <span class='ocrx_word' id='word_1_288' title='bbox 3025 1595 3121 1650; x_wconf 90' lang='grc' dir='ltr'><strong>τοῦ</strong></span> <span class='ocrx_word' id='word_1_289' title='bbox 3142 1594 3278 1649; x_wconf 91' lang='grc' dir='ltr'>Θεοῦ</span> <span class='ocrx_word' id='word_1_290' title='bbox 3307 1593 3721 1666; x_wconf 71' lang='grc' dir='ltr'>ἐνανθρὼπησις,</span> 
     </span>
    </p>
   </div>
   <div class='ocr_carea' id='block_1_44' title="bbox 2152 1687 3725 1761">
    <p class='ocr_par' dir='ltr' id='par_1_44' title="bbox 2152 1687 3725 1761">
     <span class='ocr_line' id='line_1_44' title="bbox 2152 1687 3725 1761; baseline -0.006 -12"><span class='ocrx_word' id='word_1_291' title='bbox 2152 1692 2407 1749; x_wconf 86' lang='grc' dir='ltr'>τοσοῦτον</span> <span class='ocrx_word' id='word_1_292' title='bbox 2431 1690 2554 1746; x_wconf 80' lang='grc' dir='ltr'>θεὸν</span> <span class='ocrx_word' id='word_1_293' title='bbox 2581 1691 2812 1746; x_wconf 88' lang='grc' dir='ltr'>ποιοῦσα</span> <span class='ocrx_word' id='word_1_294' title='bbox 2835 1689 2928 1743; x_wconf 79' lang='grc' dir='ltr'><strong>τὸν</strong></span> <span class='ocrx_word' id='word_1_295' title='bbox 2953 1688 3264 1761; x_wconf 72' lang='grc' dir='ltr'>ἄνθρωπον,</span> <span class='ocrx_word' id='word_1_296' title='bbox 3317 1688 3446 1742; x_wconf 84' lang='grc' dir='ltr'>ὅσον</span> <span class='ocrx_word' id='word_1_297' title='bbox 3465 1687 3622 1751; x_wconf 82' lang='grc' dir='ltr'>αὐτὸς</span> <span class='ocrx_word' id='word_1_298' title='bbox 3640 1688 3725 1757; x_wconf 84' lang='grc' dir='ltr'><strong>γέ-</strong></span> 
     </span>
    </p>
   </div>
   <div class='ocr_carea' id='block_1_45' title="bbox 2153 1779 3772 1856">
    <p class='ocr_par' dir='ltr' id='par_1_45' title="bbox 2153 1779 3772 1856">
     <span class='ocr_line' id='line_1_45' title="bbox 2153 1779 3772 1856; baseline -0.019 0"><span class='ocrx_word' id='word_1_299' title='bbox 2153 1803 2310 1856; x_wconf 83' lang='grc' dir='ltr'>γονεν</span> <span class='ocrx_word' id='word_1_300' title='bbox 2337 1783 2642 1856; x_wconf 78' lang='grc' dir='ltr'>ἄνθρωπος.</span> <span class='ocrx_word' id='word_1_301' title='bbox 2702 1782 2762 1835; x_wconf 87' lang='grc' dir='ltr'>Ὀ</span> <span class='ocrx_word' id='word_1_302' title='bbox 2795 1781 2904 1854; x_wconf 83' lang='grc' dir='ltr'>γὰρ</span> <span class='ocrx_word' id='word_1_303' title='bbox 2933 1781 3104 1852; x_wconf 77' lang='grc' dir='ltr'>χωρὶς</span> <span class='ocrx_word' id='word_1_304' title='bbox 3142 1779 3422 1850; x_wconf 80' lang='grc' dir='ltr'>ἁμαρτίας</span> <span class='ocrx_word' id='word_1_305' title='bbox 3455 1780 3725 1850; x_wconf 78' lang='grc' dir='ltr'>γενόμενος</span> <span class='ocrx_word' id='word_1_306' title='bbox 3769 1801 3772 1804; x_wconf 78' lang='lat'><strong><em>~</em></strong></span> 
     </span>
    </p>
   </div>
   <div class='ocr_carea' id='block_1_46' title="bbox 2155 1871 3722 1949">
    <p class='ocr_par' dir='ltr' id='par_1_46' title="bbox 2155 1871 3722 1949">
     <span class='ocr_line' id='line_1_46' title="bbox 2155 1871 3722 1949; baseline -0.005 -15"><span class='ocrx_word' id='word_1_307' title='bbox 2155 1878 2443 1949; x_wconf 77' lang='grc' dir='ltr'>ἄνθρωπος</span> <span class='ocrx_word' id='word_1_308' title='bbox 2466 1917 2480 1941; x_wconf 83' lang='grc'><strong><em>,</em></strong></span> <span class='ocrx_word' id='word_1_309' title='bbox 2524 1875 2682 1945; x_wconf 80' lang='grc' dir='ltr'>δῆλον</span> <span class='ocrx_word' id='word_1_310' title='bbox 2721 1875 2804 1929; x_wconf 81' lang='grc' dir='ltr'>ὅτι</span> <span class='ocrx_word' id='word_1_311' title='bbox 2835 1874 3004 1945; x_wconf 73' lang='grc' dir='ltr'>χωρὶς</span> <span class='ocrx_word' id='word_1_312' title='bbox 3047 1872 3148 1942; x_wconf 79' lang='grc' dir='ltr'>τῆς</span> <span class='ocrx_word' id='word_1_313' title='bbox 3200 1874 3282 1936; x_wconf 82' lang='grc' dir='ltr'><strong>είς</strong></span> <span class='ocrx_word' id='word_1_314' title='bbox 3313 1871 3544 1944; x_wconf 86' lang='grc' dir='ltr'>θεότητα</span> <span class='ocrx_word' id='word_1_315' title='bbox 3572 1888 3722 1942; x_wconf 87' lang='grc' dir='ltr'>μετα-</span> 
     </span>
    </p>
   </div>
   <div class='ocr_carea' id='block_1_47' title="bbox 2159 1964 3725 2040">
    <p class='ocr_par' dir='ltr' id='par_1_47' title="bbox 2159 1964 3725 2040">
     <span class='ocr_line' id='line_1_47' title="bbox 2159 1964 3725 2040; baseline -0.003 -18"><span class='ocrx_word' id='word_1_316' title='bbox 2159 1970 2324 2037; x_wconf 81' lang='grc' dir='ltr'>ϐολῆς</span> <span class='ocrx_word' id='word_1_317' title='bbox 2351 2010 2367 2034; x_wconf 85' lang='grc'><em>,</em></span> <span class='ocrx_word' id='word_1_318' title='bbox 2421 1969 2520 2040; x_wconf 80' lang='grc' dir='ltr'>τὴν</span> <span class='ocrx_word' id='word_1_319' title='bbox 2551 1967 2712 2037; x_wconf 84' lang='grc' dir='ltr'>φύσιν</span> <span class='ocrx_word' id='word_1_320' title='bbox 2741 1966 3053 2036; x_wconf 83' lang='grc' dir='ltr'>θεοποιήσει</span> <span class='ocrx_word' id='word_1_321' title='bbox 3075 1981 3091 1997; x_wconf 84' lang='grc'><strong>·</strong></span> <span class='ocrx_word' id='word_1_322' title='bbox 3146 1966 3242 2018; x_wconf 75' lang='grc' dir='ltr'>καὶ</span> <span class='ocrx_word' id='word_1_323' title='bbox 3270 1964 3527 2018; x_wconf 84' lang='grc' dir='ltr'>τοσοῦτον</span> <span class='ocrx_word' id='word_1_324' title='bbox 3552 1965 3725 2020; x_wconf 85' lang='grc' dir='ltr'>ἀναϐι-</span> 
     </span>
    </p>
   </div>
   <div class='ocr_carea' id='block_1_48' title="bbox 2157 2055 3725 2127">
    <p class='ocr_par' dir='ltr' id='par_1_48' title="bbox 2157 2055 3725 2127">
     <span class='ocr_line' id='line_1_48' title="bbox 2157 2055 3725 2127; baseline -0.004 -11"><span class='ocrx_word' id='word_1_325' title='bbox 2157 2061 2316 2116; x_wconf 90' lang='grc' dir='ltr'>ϐάσει</span> <span class='ocrx_word' id='word_1_326' title='bbox 2337 2060 2404 2115; x_wconf 76' lang='grc' dir='ltr'>δι’</span> <span class='ocrx_word' id='word_1_327' title='bbox 2426 2059 2639 2121; x_wconf 72' lang='grc' dir='ltr'>ἑαυτὸν,</span> <span class='ocrx_word' id='word_1_328' title='bbox 2670 2059 2795 2112; x_wconf 77' lang='grc' dir='ltr'>δσον</span> <span class='ocrx_word' id='word_1_329' title='bbox 2821 2057 2986 2120; x_wconf 79' lang='grc' dir='ltr'>αὐτὸς</span> <span class='ocrx_word' id='word_1_330' title='bbox 3012 2055 3102 2110; x_wconf 79' lang='grc' dir='ltr'><strong>διὰ</strong></span> <span class='ocrx_word' id='word_1_331' title='bbox 3125 2057 3215 2109; x_wconf 77' lang='grc' dir='ltr'>τὸν</span> <span class='ocrx_word' id='word_1_332' title='bbox 3237 2056 3529 2127; x_wconf 78' lang='grc' dir='ltr'>ἄνθρωπον</span> <span class='ocrx_word' id='word_1_333' title='bbox 3551 2058 3725 2110; x_wconf 77' lang='grc' dir='ltr'>ἑαυτὸν</span> 
     </span>
    </p>
   </div>
   <div class='ocr_carea' id='block_1_49' title="bbox 2167 2148 3726 2222">
    <p class='ocr_par' dir='ltr' id='par_1_49' title="bbox 2167 2148 3726 2222">
     <span class='ocr_line' id='line_1_49' title="bbox 2167 2148 3726 2222; baseline -0.004 -13"><span class='ocrx_word' id='word_1_334' title='bbox 2167 2153 2552 2209; x_wconf 81' lang='grc' dir='ltr'>κατεϐίϐασεν.</span> <span class='ocrx_word' id='word_1_335' title='bbox 2609 2151 2788 2222; x_wconf 84' lang='grc' dir='ltr'>Ὅπερ</span> <span class='ocrx_word' id='word_1_336' title='bbox 2859 2148 3135 2220; x_wconf 82' lang='grc' dir='ltr'><strong>μυστικῶς</strong></span> <span class='ocrx_word' id='word_1_337' title='bbox 3183 2148 3452 2202; x_wconf 73' lang='grc' dir='ltr'><strong>διδάσκων</strong></span> <span class='ocrx_word' id='word_1_338' title='bbox 3504 2149 3532 2202; x_wconf 84' lang='grc' dir='ltr'>ὁ</span> <span class='ocrx_word' id='word_1_339' title='bbox 3574 2149 3726 2219; x_wconf 75' lang='grc' dir='ltr'>μέγας</span> 
     </span>
    </p>
   </div>
   <div class='ocr_carea' id='block_1_50' title="bbox 2171 2246 3726 2319">
    <p class='ocr_par' dir='ltr' id='par_1_50' title="bbox 2171 2246 3726 2319">
     <span class='ocr_line' id='line_1_50' title="bbox 2171 2246 3726 2319; baseline 0 -19"><span class='ocrx_word' id='word_1_340' title='bbox 2171 2246 2512 2311; x_wconf 77' lang='grc' dir='ltr'>Ἀπόστολος.</span> <span class='ocrx_word' id='word_1_341' title='bbox 2544 2247 2743 2319; x_wconf 71' lang='grc' dir='ltr'>φησιν,</span> <span class='ocrx_word' id='word_1_342' title='bbox 2776 2249 2835 2302; x_wconf 79' lang='grc' dir='ltr'>ἐν</span> <span class='ocrx_word' id='word_1_343' title='bbox 2863 2249 2974 2313; x_wconf 88' lang='grc' dir='ltr'>τοῖς</span> <span class='ocrx_word' id='word_1_344' title='bbox 3001 2247 3162 2302; x_wconf 82' lang='grc' dir='ltr'>αίῶσι</span> <span class='ocrx_word' id='word_1_345' title='bbox 3189 2249 3302 2311; x_wconf 79' lang='grc' dir='ltr'>τοῖς</span> <span class='ocrx_word' id='word_1_346' title='bbox 3329 2247 3726 2318; x_wconf 77' lang='grc' dir='ltr'>ἐπερχομένοις,</span> 
     </span>
    </p>
   </div>
   <div class='ocr_carea' id='block_1_51' title="bbox 2156 2338 3728 2411">
    <p class='ocr_par' dir='ltr' id='par_1_51' title="bbox 2156 2338 3728 2411">
     <span class='ocr_line' id='line_1_51' title="bbox 2156 2338 3728 2411; baseline 0.001 -20"><span class='ocrx_word' id='word_1_347' title='bbox 2156 2339 2248 2393; x_wconf 69' lang='grc' dir='ltr'>τὸν</span> <span class='ocrx_word' id='word_1_348' title='bbox 2294 2340 2375 2404; x_wconf 89' lang='grc' dir='ltr'><strong>εἰς</strong></span> <span class='ocrx_word' id='word_1_349' title='bbox 2418 2341 2568 2410; x_wconf 77' lang='grc' dir='ltr'>ἡμᾶς</span> <span class='ocrx_word' id='word_1_350' title='bbox 2612 2339 3023 2411; x_wconf 85' lang='grc' dir='ltr'>ὑπερϐάλλοντα</span> <span class='ocrx_word' id='word_1_351' title='bbox 3070 2338 3300 2394; x_wconf 76' lang='grc' dir='ltr'>πλοῦτον</span> <span class='ocrx_word' id='word_1_352' title='bbox 3341 2339 3445 2410; x_wconf 80' lang='grc' dir='ltr'>τῆς</span> <span class='ocrx_word' id='word_1_353' title='bbox 3487 2338 3580 2392; x_wconf 87' lang='grc' dir='ltr'><strong>τοῦ</strong></span> <span class='ocrx_word' id='word_1_354' title='bbox 3608 2338 3728 2392; x_wconf 83' lang='grc' dir='ltr'>Θεοῦ</span> 
     </span>
    </p>
   </div>
   <div class='ocr_carea' id='block_1_52' title="bbox 2158 2428 2959 2502">
    <p class='ocr_par' dir='ltr' id='par_1_52' title="bbox 2158 2428 2959 2502">
     <span class='ocr_line' id='line_1_52' title="bbox 2158 2428 2959 2502; baseline 0.002 -20"><span class='ocrx_word' id='word_1_355' title='bbox 2158 2429 2528 2502; x_wconf 79' lang='grc' dir='ltr'>χρηστότητος</span> <span class='ocrx_word' id='word_1_356' title='bbox 2557 2428 2959 2500; x_wconf 85' lang='grc' dir='ltr'>δειχθήσεσθαι.</span> 
     </span>
    </p>
   </div>
   <div class='ocr_carea' id='block_1_53' title="bbox 2230 2517 3732 2592">
    <p class='ocr_par' dir='ltr' id='par_1_53' title="bbox 2230 2517 3732 2592">
     <span class='ocr_line' id='line_1_53' title="bbox 2230 2517 3732 2592; baseline -0.003 -16"><span class='ocrx_word' id='word_1_357' title='bbox 2230 2521 2331 2588; x_wconf 69' lang='grc' dir='ltr'>ξγθ.</span> <span class='ocrx_word' id='word_1_358' title='bbox 2379 2518 2485 2572; x_wconf 86' lang='grc' dir='ltr'>Τοῦ</span> <span class='ocrx_word' id='word_1_359' title='bbox 2522 2520 2624 2589; x_wconf 83' lang='grc' dir='ltr'>μὲν</span> <span class='ocrx_word' id='word_1_360' title='bbox 2653 2520 2826 2592; x_wconf 83' lang='grc' dir='ltr'>θυμοῦ</span> <span class='ocrx_word' id='word_1_361' title='bbox 2859 2522 2954 2575; x_wconf 76' lang='grc' dir='ltr'>καὶ</span> <span class='ocrx_word' id='word_1_362' title='bbox 2981 2523 3082 2592; x_wconf 80' lang='grc' dir='ltr'>τῆς</span> <span class='ocrx_word' id='word_1_363' title='bbox 3111 2517 3414 2590; x_wconf 79' lang='grc' dir='ltr'>ἐπιθυμίας</span> <span class='ocrx_word' id='word_1_364' title='bbox 3445 2519 3732 2573; x_wconf 73' lang='grc' dir='ltr'>ἐπιστατῶν</span> 
     </span>
    </p>
   </div>
   <div class='ocr_carea' id='block_1_54' title="bbox 2158 2610 3733 2681">
    <p class='ocr_par' dir='ltr' id='par_1_54' title="bbox 2158 2610 3733 2681">
     <span class='ocr_line' id='line_1_54' title="bbox 2158 2610 3733 2681; baseline -0.002 -14"><span class='ocrx_word' id='word_1_365' title='bbox 2158 2614 2187 2668; x_wconf 88' lang='grc' dir='ltr'><strong>ό</strong></span> <span class='ocrx_word' id='word_1_366' title='bbox 2214 2612 2395 2681; x_wconf 84' lang='grc' dir='ltr'>λόγος,</span> <span class='ocrx_word' id='word_1_367' title='bbox 2428 2614 2576 2664; x_wconf 75' lang='grc' dir='ltr'>ποιεί</span> <span class='ocrx_word' id='word_1_368' title='bbox 2605 2611 2705 2675; x_wconf 78' lang='grc' dir='ltr'><strong>τὰς</strong></span> <span class='ocrx_word' id='word_1_369' title='bbox 2735 2610 2958 2680; x_wconf 85' lang='grc' dir='ltr'>ἀρετάς·</span> <span class='ocrx_word' id='word_1_370' title='bbox 2995 2613 3024 2665; x_wconf 89' lang='grc' dir='ltr'><strong>ό</strong></span> <span class='ocrx_word' id='word_1_371' title='bbox 3047 2611 3105 2665; x_wconf 81' lang='grc' dir='ltr'>δὲ</span> <span class='ocrx_word' id='word_1_372' title='bbox 3132 2611 3258 2675; x_wconf 89' lang='grc' dir='ltr'>νοῦς</span> <span class='ocrx_word' id='word_1_373' title='bbox 3287 2614 3403 2677; x_wconf 80' lang='grc' dir='ltr'>τοῖς</span> <span class='ocrx_word' id='word_1_374' title='bbox 3424 2611 3600 2680; x_wconf 79' lang='grc' dir='ltr'>λόγοις</span> <span class='ocrx_word' id='word_1_375' title='bbox 3621 2611 3733 2664; x_wconf 82' lang='grc' dir='ltr'>ὲπι-</span> 
     </span>
    </p>
   </div>
   <div class='ocr_carea' id='block_1_55' title="bbox 2160 2703 3734 2775">
    <p class='ocr_par' dir='ltr' id='par_1_55' title="bbox 2160 2703 3734 2775">
     <span class='ocr_line' id='line_1_55' title="bbox 2160 2703 3734 2775; baseline -0.003 -16"><span class='ocrx_word' id='word_1_376' title='bbox 2160 2705 2374 2761; x_wconf 80' lang='grc' dir='ltr'>ϐάλλων</span> <span class='ocrx_word' id='word_1_377' title='bbox 2396 2745 2412 2770; x_wconf 83' lang='grc'>,</span> <span class='ocrx_word' id='word_1_378' title='bbox 2466 2703 2575 2757; x_wconf 85' lang='grc' dir='ltr'><strong>τῶν</strong></span> <span class='ocrx_word' id='word_1_379' title='bbox 2621 2704 2926 2772; x_wconf 82' lang='grc' dir='ltr'>γεγονότων</span> <span class='ocrx_word' id='word_1_380' title='bbox 2966 2703 3069 2775; x_wconf 77' lang='grc' dir='ltr'>τὴν</span> <span class='ocrx_word' id='word_1_381' title='bbox 3097 2703 3404 2758; x_wconf 76' lang='grc' dir='ltr'>ἄπταιστον</span> <span class='ocrx_word' id='word_1_382' title='bbox 3435 2703 3734 2771; x_wconf 84' lang='grc' dir='ltr'>συλλέγεται</span> 
     </span>
    </p>
   </div>
   <div class='ocr_carea' id='block_1_56' title="bbox 2159 2791 3734 2868">
    <p class='ocr_par' dir='ltr' id='par_1_56' title="bbox 2159 2791 3734 2868">
     <span class='ocr_line' id='line_1_56' title="bbox 2159 2791 3734 2868; baseline -0.003 -17"><span class='ocrx_word' id='word_1_383' title='bbox 2159 2799 2360 2868; x_wconf 80' lang='grc' dir='ltr'>γνῶσιν</span> <span class='ocrx_word' id='word_1_384' title='bbox 2385 2795 2479 2867; x_wconf 82' lang='grc' dir='ltr'>(ρ).</span> <span class='ocrx_word' id='word_1_385' title='bbox 2519 2797 2689 2849; x_wconf 87' lang='grc' dir='ltr'>Ὀταν</span> <span class='ocrx_word' id='word_1_386' title='bbox 2729 2791 2824 2849; x_wconf 81' lang='grc' dir='ltr'>οὖν</span> <span class='ocrx_word' id='word_1_387' title='bbox 2879 2797 2907 2850; x_wconf 91' lang='grc' dir='ltr'><strong>ό</strong></span> <span class='ocrx_word' id='word_1_388' title='bbox 2948 2795 3107 2865; x_wconf 85' lang='grc' dir='ltr'>λόγος</span> <span class='ocrx_word' id='word_1_389' title='bbox 3153 2795 3291 2865; x_wconf 87' lang='grc' dir='ltr'><strong>μετά</strong></span> <span class='ocrx_word' id='word_1_390' title='bbox 3321 2795 3427 2865; x_wconf 83' lang='grc' dir='ltr'>τὴν</span> <span class='ocrx_word' id='word_1_391' title='bbox 3471 2795 3578 2849; x_wconf 86' lang='grc' dir='ltr'><strong>τῶν</strong></span> <span class='ocrx_word' id='word_1_392' title='bbox 3603 2795 3734 2850; x_wconf 84' lang='grc' dir='ltr'>ἀντι-</span> 
     </span>
    </p>
   </div>
   <div class='ocr_carea' id='block_1_57' title="bbox 2161 2885 3735 2962">
    <p class='ocr_par' dir='ltr' id='par_1_57' title="bbox 2161 2885 3735 2962">
     <span class='ocr_line' id='line_1_57' title="bbox 2161 2885 3735 2962; baseline -0.005 -16"><span class='ocrx_word' id='word_1_393' title='bbox 2161 2891 2433 2962; x_wconf 80' lang='grc' dir='ltr'>κειμένων</span> <span class='ocrx_word' id='word_1_394' title='bbox 2479 2888 2752 2958; x_wconf 82' lang='grc' dir='ltr'>ἀποϐολὴν</span> <span class='ocrx_word' id='word_1_395' title='bbox 2774 2928 2790 2952; x_wconf 88' lang='grc'><em>,</em></span> <span class='ocrx_word' id='word_1_396' title='bbox 2845 2887 2983 2959; x_wconf 77' lang='grc' dir='ltr'>εὕρῃ</span> <span class='ocrx_word' id='word_1_397' title='bbox 3025 2887 3263 2942; x_wconf 77' lang='grc' dir='ltr'>τὺ-κατά</span> <span class='ocrx_word' id='word_1_398' title='bbox 3298 2887 3469 2958; x_wconf 79' lang='grc' dir='ltr'>φύσιν</span> <span class='ocrx_word' id='word_1_399' title='bbox 3502 2885 3735 2958; x_wconf 77' lang='grc' dir='ltr'>ὲραστδν,</span> 
     </span>
    </p>
   </div>
   <div class='ocr_carea' id='block_1_58' title="bbox 472 2969 2062 3051">
    <p class='ocr_par' dir='ltr' id='par_1_58' title="bbox 472 2969 2062 3040">
     <span class='ocr_line' id='line_1_58' title="bbox 472 2969 2062 3040; baseline -0.002 -11"><span class='ocrx_word' id='word_1_400' title='bbox 472 2971 708 3029; x_wconf 77' lang='lat' dir='ltr'><strong>scientia</strong></span> <span class='ocrx_word' id='word_1_401' title='bbox 758 2979 1106 3036; x_wconf 86' lang='lat' dir='ltr'><strong>noscuntur,</strong></span> <span class='ocrx_word' id='word_1_402' title='bbox 1153 2971 1332 3040; x_wconf 91' lang='lat' dir='ltr'><strong>ipsum</strong></span> <span class='ocrx_word' id='word_1_403' title='bbox 1373 2985 1559 3024; x_wconf 90' lang='lat' dir='ltr'><strong>rerum</strong></span> <span class='ocrx_word' id='word_1_404' title='bbox 1613 2969 1947 3034; x_wconf 89' lang='lat' dir='ltr'><strong>Auctorem,</strong></span> <span class='ocrx_word' id='word_1_405' title='bbox 1978 2986 2062 3026; x_wconf 84' lang='lat' dir='ltr'><strong>es-</strong></span> 
     </span>
    </p>
   </div>
   <div class='ocr_carea' id='block_1_59' title="bbox 2163 2969 3737 3051">
    <p class='ocr_par' dir='ltr' id='par_1_59' title="bbox 2164 2977 3737 3051">
     <span class='ocr_line' id='line_1_59' title="bbox 2164 2977 3737 3051; baseline -0.003 -14"><span class='ocrx_word' id='word_1_406' title='bbox 2164 2984 2257 3037; x_wconf 74' lang='grc' dir='ltr'>καὶ</span> <span class='ocrx_word' id='word_1_407' title='bbox 2285 2985 2314 3036; x_wconf 81' lang='grc' dir='ltr'><strong>ὁ</strong></span> <span class='ocrx_word' id='word_1_408' title='bbox 2340 2979 2463 3044; x_wconf 89' lang='grc' dir='ltr'>νοῦς</span> <span class='ocrx_word' id='word_1_409' title='bbox 2500 2979 2639 3050; x_wconf 87' lang='grc' dir='ltr'><strong>μετά</strong></span> <span class='ocrx_word' id='word_1_410' title='bbox 2663 2979 2763 3051; x_wconf 84' lang='grc' dir='ltr'><strong>τὴν</strong></span> <span class='ocrx_word' id='word_1_411' title='bbox 2791 2979 2902 3032; x_wconf 87' lang='grc' dir='ltr'><strong>τῶν</strong></span> <span class='ocrx_word' id='word_1_412' title='bbox 2930 2979 3351 3050; x_wconf 78' lang='grc' dir='ltr'>γινωσκομένων</span> <span class='ocrx_word' id='word_1_413' title='bbox 3384 2979 3630 3035; x_wconf 88' lang='grc' dir='ltr'>διάϐασιν</span> <span class='ocrx_word' id='word_1_414' title='bbox 3654 2977 3737 3032; x_wconf 75' lang='grc' dir='ltr'>λά-</span> 
     </span>
    </p>
   </div>
   <div class='ocr_carea' id='block_1_60' title="bbox 473 3061 2062 3144">
    <p class='ocr_par' dir='ltr' id='par_1_60' title="bbox 473 3061 2062 3130">
     <span class='ocr_line' id='line_1_60' title="bbox 473 3061 2062 3130; baseline -0.002 -11"><span class='ocrx_word' id='word_1_415' title='bbox 473 3063 710 3119; x_wconf 88' lang='lat' dir='ltr'><strong>sentiam</strong></span> <span class='ocrx_word' id='word_1_416' title='bbox 751 3078 971 3117; x_wconf 87' lang='lat' dir='ltr'><strong>omnem</strong></span> <span class='ocrx_word' id='word_1_417' title='bbox 1005 3077 1070 3116; x_wconf 92' lang='lat' dir='ltr'><strong>ac</strong></span> <span class='ocrx_word' id='word_1_418' title='bbox 1121 3061 1410 3116; x_wconf 87' lang='lat' dir='ltr'><strong>scientiam</strong></span> <span class='ocrx_word' id='word_1_419' title='bbox 1455 3061 1836 3125; x_wconf 85' lang='lat' dir='ltr'><strong>excedentem,</strong></span> <span class='ocrx_word' id='word_1_420' title='bbox 1869 3077 2062 3130; x_wconf 82' lang='lat' dir='ltr'><strong>appre-</strong></span> 
     </span>
    </p>
   </div>
   <div class='ocr_carea' id='block_1_61' title="bbox 2163 3061 3738 3144">
    <p class='ocr_par' dir='ltr' id='par_1_61' title="bbox 2165 3071 3738 3144">
     <span class='ocr_line' id='line_1_61' title="bbox 2165 3071 3738 3144; baseline -0.003 -16"><span class='ocrx_word' id='word_1_421' title='bbox 2165 3075 2326 3143; x_wconf 87' lang='grc' dir='ltr'>ϐηται</span> <span class='ocrx_word' id='word_1_422' title='bbox 2354 3075 2453 3144; x_wconf 78' lang='grc' dir='ltr'>τῆς</span> <span class='ocrx_word' id='word_1_423' title='bbox 2477 3073 2616 3143; x_wconf 77' lang='grc' dir='ltr'>ὑπὲρ</span> <span class='ocrx_word' id='word_1_424' title='bbox 2636 3071 2822 3125; x_wconf 82' lang='grc' dir='ltr'>οὐσίαν</span> <span class='ocrx_word' id='word_1_425' title='bbox 2863 3072 2955 3125; x_wconf 79' lang='grc' dir='ltr'>καὶ</span> <span class='ocrx_word' id='word_1_426' title='bbox 2979 3072 3178 3139; x_wconf 88' lang='grc' dir='ltr'>γνῶσιν</span> <span class='ocrx_word' id='word_1_427' title='bbox 3209 3072 3318 3125; x_wconf 90' lang='grc' dir='ltr'><strong>τῶν</strong></span> <span class='ocrx_word' id='word_1_428' title='bbox 3345 3073 3519 3126; x_wconf 76' lang='grc' dir='ltr'>ὄντων</span> <span class='ocrx_word' id='word_1_429' title='bbox 3544 3071 3738 3136; x_wconf 74' lang='grc' dir='ltr'>Αἰτίας,</span> 
     </span>
    </p>
   </div>
   <div class='ocr_carea' id='block_1_62' title="bbox 473 3151 2062 3236">
    <p class='ocr_par' dir='ltr' id='par_1_62' title="bbox 473 3151 2053 3222">
     <span class='ocr_line' id='line_1_62' title="bbox 473 3151 2053 3222; baseline -0.001 -13"><span class='ocrx_word' id='word_1_430' title='bbox 473 3153 762 3219; x_wconf 88' lang='lat' dir='ltr'><strong>henderit;</strong></span> <span class='ocrx_word' id='word_1_431' title='bbox 811 3160 944 3208; x_wconf 93' lang='lat' dir='ltr'><strong>tunc</strong></span> <span class='ocrx_word' id='word_1_432' title='bbox 998 3168 1099 3222; x_wconf 84' lang='lat' dir='ltr'><strong>per</strong></span> <span class='ocrx_word' id='word_1_433' title='bbox 1129 3151 1403 3222; x_wconf 77' lang='lat' dir='ltr'><strong>gratiam,</strong></span> <span class='ocrx_word' id='word_1_434' title='bbox 1458 3152 1634 3208; x_wconf 62' lang='lat' dir='ltr'><strong>beatae</strong></span> <span class='ocrx_word' id='word_1_435' title='bbox 1688 3151 2053 3207; x_wconf 82' lang='lat' dir='ltr'><strong>deificationis</strong></span> 
     </span>
    </p>
   </div>
   <div class='ocr_carea' id='block_1_63' title="bbox 2163 3151 3740 3236">
    <p class='ocr_par' dir='ltr' id='par_1_63' title="bbox 2163 3162 3740 3236">
     <span class='ocr_line' id='line_1_63' title="bbox 2163 3162 3740 3236; baseline 0 -17"><span class='ocrx_word' id='word_1_436' title='bbox 2163 3164 2458 3236; x_wconf 86' lang='grc' dir='ltr'>τηνικαῦτα</span> <span class='ocrx_word' id='word_1_437' title='bbox 2476 3164 2537 3216; x_wconf 83' lang='grc' dir='ltr'><strong>τὺ</strong></span> <span class='ocrx_word' id='word_1_438' title='bbox 2556 3165 2655 3232; x_wconf 82' lang='grc' dir='ltr'>τῆς</span> <span class='ocrx_word' id='word_1_439' title='bbox 2683 3162 2933 3227; x_wconf 85' lang='grc' dir='ltr'>θεώσεως</span> <span class='ocrx_word' id='word_1_440' title='bbox 2962 3163 3104 3217; x_wconf 89' lang='grc' dir='ltr'><strong>κατά</strong></span> <span class='ocrx_word' id='word_1_441' title='bbox 3133 3163 3292 3236; x_wconf 85' lang='grc' dir='ltr'>χάριν</span> <span class='ocrx_word' id='word_1_442' title='bbox 3319 3165 3621 3233; x_wconf 77' lang='grc' dir='ltr'>ἐπιγίνεται</span> <span class='ocrx_word' id='word_1_443' title='bbox 3645 3164 3740 3220; x_wconf 81' lang='grc' dir='ltr'>πά·</span> 
     </span>
    </p>
   </div>
   <div class='ocr_carea' id='block_1_64' title="bbox 474 3243 2062 3329">
    <p class='ocr_par' dir='ltr' id='par_1_64' title="bbox 474 3243 2058 3318">
     <span class='ocr_line' id='line_1_64' title="bbox 474 3243 2058 3318; baseline 0 -18"><span class='ocrx_word' id='word_1_444' title='bbox 474 3245 679 3318; x_wconf 90' lang='lat' dir='ltr'><strong>passio,</strong></span> <span class='ocrx_word' id='word_1_445' title='bbox 711 3260 743 3299; x_wconf 88' lang='lat' dir='ltr'><strong>a</strong></span> <span class='ocrx_word' id='word_1_446' title='bbox 791 3244 1028 3299; x_wconf 86' lang='lat' dir='ltr'><strong>naturali</strong></span> <span class='ocrx_word' id='word_1_447' title='bbox 1080 3243 1350 3300; x_wconf 88' lang='lat' dir='ltr'><strong>rationem</strong></span> <span class='ocrx_word' id='word_1_448' title='bbox 1401 3243 1734 3299; x_wconf 89' lang='lat' dir='ltr'><strong>discretione</strong></span> <span class='ocrx_word' id='word_1_449' title='bbox 1775 3244 2058 3300; x_wconf 89' lang='lat' dir='ltr'><strong>abducens</strong></span> 
     </span>
    </p>
   </div>
   <div class='ocr_carea' id='block_1_65' title="bbox 2163 3243 3735 3329">
    <p class='ocr_par' dir='ltr' id='par_1_65' title="bbox 2163 3255 3735 3329">
     <span class='ocr_line' id='line_1_65' title="bbox 2163 3255 3735 3329; baseline -0.001 -17"><span class='ocrx_word' id='word_1_450' title='bbox 2163 3259 2272 3322; x_wconf 84' lang='grc' dir='ltr'>θος,</span> <span class='ocrx_word' id='word_1_451' title='bbox 2307 3257 2402 3310; x_wconf 77' lang='grc' dir='ltr'><strong>τὸν</strong></span> <span class='ocrx_word' id='word_1_452' title='bbox 2430 3257 2530 3326; x_wconf 81' lang='grc' dir='ltr'>μὲν</span> <span class='ocrx_word' id='word_1_453' title='bbox 2563 3255 2720 3324; x_wconf 86' lang='grc' dir='ltr'>λόγον</span> <span class='ocrx_word' id='word_1_454' title='bbox 2753 3256 2968 3324; x_wconf 84' lang='grc' dir='ltr'>ἀπάγον</span> <span class='ocrx_word' id='word_1_455' title='bbox 3000 3256 3101 3324; x_wconf 73' lang='grc' dir='ltr'>τῆς</span> <span class='ocrx_word' id='word_1_456' title='bbox 3131 3257 3373 3326; x_wconf 77' lang='grc' dir='ltr'>φυσικῆς</span> <span class='ocrx_word' id='word_1_457' title='bbox 3403 3257 3735 3329; x_wconf 84' lang='grc' dir='ltr'>διακρίσεως,</span> 
     </span>
    </p>
   </div>
   <div class='ocr_carea' id='block_1_66' title="bbox 475 3333 2062 3418">
    <p class='ocr_par' dir='ltr' id='par_1_66' title="bbox 475 3333 2060 3408">
     <span class='ocr_line' id='line_1_66' title="bbox 475 3333 2060 3408; baseline 0 -16"><span class='ocrx_word' id='word_1_458' title='bbox 475 3337 597 3406; x_wconf 90' lang='lat' dir='ltr'><strong>(ubi</strong></span> <span class='ocrx_word' id='word_1_459' title='bbox 644 3353 754 3392; x_wconf 89' lang='lat' dir='ltr'><strong>non</strong></span> <span class='ocrx_word' id='word_1_460' title='bbox 779 3344 865 3392; x_wconf 89' lang='lat' dir='ltr'><strong>est</strong></span> <span class='ocrx_word' id='word_1_461' title='bbox 886 3335 1034 3407; x_wconf 78' lang='lat' dir='ltr'><strong>quod</strong></span> <span class='ocrx_word' id='word_1_462' title='bbox 1069 3333 1440 3407; x_wconf 86' lang='lat' dir='ltr'><strong>discernatur)</strong></span> <span class='ocrx_word' id='word_1_463' title='bbox 1471 3335 1721 3402; x_wconf 88' lang='lat' dir='ltr'><strong>accedit;</strong></span> <span class='ocrx_word' id='word_1_464' title='bbox 1773 3336 2060 3408; x_wconf 88' lang='lat' dir='ltr'><strong>mentique</strong></span> 
     </span>
    </p>
   </div>
   <div class='ocr_carea' id='block_1_67' title="bbox 2163 3333 3739 3418">
    <p class='ocr_par' dir='ltr' id='par_1_67' title="bbox 2163 3347 3739 3418">
     <span class='ocr_line' id='line_1_67' title="bbox 2163 3347 3739 3418; baseline -0.001 -14"><span class='ocrx_word' id='word_1_465' title='bbox 2163 3349 2288 3404; x_wconf 69' lang='grc' dir='ltr'>ἔνθα</span> <span class='ocrx_word' id='word_1_466' title='bbox 2321 3349 2383 3403; x_wconf 79' lang='grc' dir='ltr'>τὸ</span> <span class='ocrx_word' id='word_1_467' title='bbox 2426 3347 2840 3418; x_wconf 79' lang='grc' dir='ltr'>διακρινόμενον</span> <span class='ocrx_word' id='word_1_468' title='bbox 2869 3349 2969 3402; x_wconf 82' lang='grc' dir='ltr'>οὐκ</span> <span class='ocrx_word' id='word_1_469' title='bbox 2996 3348 3112 3402; x_wconf 74' lang='grc' dir='ltr'>ἔστι</span> <span class='ocrx_word' id='word_1_470' title='bbox 3132 3365 3147 3380; x_wconf 75' lang='grc' dir='ltr'><strong>ο</strong></span> <span class='ocrx_word' id='word_1_471' title='bbox 3211 3349 3302 3402; x_wconf 85' lang='grc' dir='ltr'>τὸν</span> <span class='ocrx_word' id='word_1_472' title='bbox 3334 3349 3393 3403; x_wconf 83' lang='grc' dir='ltr'>δὲ</span> <span class='ocrx_word' id='word_1_473' title='bbox 3429 3350 3553 3403; x_wconf 82' lang='grc' dir='ltr'>νοῦν</span> <span class='ocrx_word' id='word_1_474' title='bbox 3582 3366 3739 3404; x_wconf 79' lang='grc' dir='ltr'>καταο</span> 
     </span>
    </p>
   </div>
   <div class='ocr_carea' id='block_1_68' title="bbox 474 3425 2062 3513">
    <p class='ocr_par' dir='ltr' id='par_1_68' title="bbox 474 3425 2060 3499">
     <span class='ocr_line' id='line_1_68' title="bbox 474 3425 2060 3499; baseline 0.002 -18"><span class='ocrx_word' id='word_1_475' title='bbox 474 3425 842 3482; x_wconf 87' lang='lat' dir='ltr'><strong>cessationem</strong></span> <span class='ocrx_word' id='word_1_476' title='bbox 867 3441 900 3480; x_wconf 89' lang='lat' dir='ltr'><strong>a</strong></span> <span class='ocrx_word' id='word_1_477' title='bbox 926 3425 1166 3481; x_wconf 89' lang='lat' dir='ltr'><strong>naturali</strong></span> <span class='ocrx_word' id='word_1_478' title='bbox 1211 3426 1589 3482; x_wconf 89' lang='lat' dir='ltr'><strong>intellectione</strong></span> <span class='ocrx_word' id='word_1_479' title='bbox 1629 3442 1694 3482; x_wconf 89' lang='lat' dir='ltr'><strong>ac</strong></span> <span class='ocrx_word' id='word_1_480' title='bbox 1728 3427 2060 3499; x_wconf 83' lang='lat' dir='ltr'><strong>cogitatione</strong></span> 
     </span>
    </p>
   </div>
   <div class='ocr_carea' id='block_1_69' title="bbox 2163 3425 3742 3513">
    <p class='ocr_par' dir='ltr' id='par_1_69' title="bbox 2163 3439 3742 3513">
     <span class='ocr_line' id='line_1_69' title="bbox 2163 3439 3742 3513; baseline -0.001 -17"><span class='ocrx_word' id='word_1_481' title='bbox 2163 3442 2338 3496; x_wconf 70' lang='grc' dir='ltr'>παῦω</span> <span class='ocrx_word' id='word_1_482' title='bbox 2365 3442 2465 3512; x_wconf 81' lang='grc' dir='ltr'>τῆς</span> <span class='ocrx_word' id='word_1_483' title='bbox 2497 3442 2640 3496; x_wconf 82' lang='grc' dir='ltr'><strong>κατά</strong></span> <span class='ocrx_word' id='word_1_484' title='bbox 2672 3439 2833 3510; x_wconf 81' lang='grc' dir='ltr'>φύσιν</span> <span class='ocrx_word' id='word_1_485' title='bbox 2865 3440 3125 3510; x_wconf 80' lang='grc' dir='ltr'>νοήσεως,</span> <span class='ocrx_word' id='word_1_486' title='bbox 3159 3440 3287 3495; x_wconf 79' lang='grc' dir='ltr'>ἔνθα</span> <span class='ocrx_word' id='word_1_487' title='bbox 3323 3442 3398 3513; x_wconf 83' lang='grc' dir='ltr'>μὴ</span> <span class='ocrx_word' id='word_1_488' title='bbox 3429 3442 3544 3497; x_wconf 79' lang='grc' dir='ltr'>ἐστι</span> <span class='ocrx_word' id='word_1_489' title='bbox 3581 3441 3640 3495; x_wconf 77' lang='grc' dir='ltr'>τὸ</span> <span class='ocrx_word' id='word_1_490' title='bbox 3663 3457 3742 3510; x_wconf 81' lang='grc' dir='ltr'>γιο</span> 
     </span>
    </p>
   </div>
   <div class='ocr_carea' id='block_1_70' title="bbox 469 3517 3742 3606">
    <p class='ocr_par' dir='ltr' id='par_1_70' title="bbox 469 3517 3742 3606">
     <span class='ocr_line' id='line_1_70' title="bbox 469 3517 3742 3606; baseline -0.002 -16"><span class='ocrx_word' id='word_1_491' title='bbox 469 3517 596 3590; x_wconf 66' lang='grc' dir='ltr'><strong>,(υδί</strong></span> <span class='ocrx_word' id='word_1_492' title='bbox 651 3535 761 3574; x_wconf 74' lang='lat' dir='ltr'><strong>non</strong></span> <span class='ocrx_word' id='word_1_493' title='bbox 808 3526 894 3574; x_wconf 68' lang='grc' dir='ltr'><strong>εει</strong></span> <span class='ocrx_word' id='word_1_494' title='bbox 937 3517 1084 3588; x_wconf 53' lang='lat' dir='ltr'><strong>Qum!</strong></span> <span class='ocrx_word' id='word_1_495' title='bbox 1145 3518 1548 3588; x_wconf 64' lang='grc' dir='ltr'>εοειιοεωιιιτ)</span> <span class='ocrx_word' id='word_1_496' title='bbox 1610 3518 1858 3584; x_wconf 61' lang='lat' dir='ltr'><strong>induc“;</strong></span> <span class='ocrx_word' id='word_1_497' title='bbox 1894 3527 2060 3589; x_wconf 70' lang='grc' dir='ltr'>θιαιιο</span> <span class='ocrx_word' id='word_1_498' title='bbox 2159 3534 2523 3604; x_wconf 87' lang='grc' dir='ltr'>νωσκόμενον,</span> <span class='ocrx_word' id='word_1_499' title='bbox 2559 3533 2652 3586; x_wconf 76' lang='grc' dir='ltr'>καὶ</span> <span class='ocrx_word' id='word_1_500' title='bbox 2679 3531 2869 3585; x_wconf 89' lang='grc' dir='ltr'>ποιοῦν</span> <span class='ocrx_word' id='word_1_501' title='bbox 2885 3535 2950 3602; x_wconf 79' lang='grc' dir='ltr'>τῇ</span> <span class='ocrx_word' id='word_1_502' title='bbox 2969 3532 3109 3585; x_wconf 86' lang='grc' dir='ltr'><strong>κατά</strong></span> <span class='ocrx_word' id='word_1_503' title='bbox 3131 3531 3229 3602; x_wconf 84' lang='grc' dir='ltr'><strong>τὴν</strong></span> <span class='ocrx_word' id='word_1_504' title='bbox 3255 3533 3446 3587; x_wconf 83' lang='grc' dir='ltr'>στάσιν</span> <span class='ocrx_word' id='word_1_505' title='bbox 3471 3533 3742 3606; x_wconf 79' lang='grc' dir='ltr'>ταύτότητι</span> 
     </span>
    </p>
   </div>
   <div class='ocr_carea' id='block_1_71' title="bbox 474 3610 2066 3682">
    <p class='ocr_par' dir='ltr' id='par_1_71' title="bbox 474 3610 2066 3682">
     <span class='ocr_line' id='line_1_71' title="bbox 474 3610 2066 3682; baseline 0.002 -18"><span class='ocrx_word' id='word_1_506' title='bbox 474 3610 722 3682; x_wconf 86' lang='lat' dir='ltr'><strong>ejusdem</strong></span> <span class='ocrx_word' id='word_1_507' title='bbox 749 3611 957 3681; x_wconf 88' lang='lat' dir='ltr'><strong>quietis</strong></span> <span class='ocrx_word' id='word_1_508' title='bbox 977 3626 1039 3666; x_wconf 90' lang='lat' dir='ltr'><strong>ae</strong></span> <span class='ocrx_word' id='word_1_509' title='bbox 1063 3619 1238 3666; x_wconf 86' lang='lat' dir='ltr'><strong>status</strong></span> <span class='ocrx_word' id='word_1_510' title='bbox 1269 3610 1550 3670; x_wconf 83' lang='lat' dir='ltr'><strong>firmitate.</strong></span> <span class='ocrx_word' id='word_1_511' title='bbox 1580 3625 1730 3676; x_wconf 90' lang='lat' dir='ltr'><strong>eum,</strong></span> <span class='ocrx_word' id='word_1_512' title='bbox 1758 3611 1854 3682; x_wconf 91' lang='lat' dir='ltr'><strong>qui</strong></span> <span class='ocrx_word' id='word_1_513' title='bbox 1873 3610 2066 3667; x_wconf 82' lang='lat' dir='ltr'><strong>divino</strong></span> 
     </span>
    </p>
   </div>
   <div class='ocr_carea' id='block_1_72' title="bbox 476 3701 1687 3774">
    <p class='ocr_par' dir='ltr' id='par_1_72' title="bbox 476 3701 1687 3774">
     <span class='ocr_line' id='line_1_72' title="bbox 476 3701 1687 3774; baseline 0 -16"><span class='ocrx_word' id='word_1_514' title='bbox 476 3701 677 3774; x_wconf 80' lang='lat' dir='ltr'><strong>dignus</strong></span> <span class='ocrx_word' id='word_1_515' title='bbox 699 3703 979 3759; x_wconf 90' lang='lat' dir='ltr'><strong>consortio</strong></span> <span class='ocrx_word' id='word_1_516' title='bbox 1007 3702 1296 3768; x_wconf 86' lang='lat' dir='ltr'><strong>habeatur,</strong></span> <span class='ocrx_word' id='word_1_517' title='bbox 1331 3703 1497 3759; x_wconf 90' lang='lat' dir='ltr'><strong>deum</strong></span> <span class='ocrx_word' id='word_1_518' title='bbox 1533 3702 1687 3758; x_wconf 86' lang='lat' dir='ltr'><strong>facit.</strong></span> 
     </span>
    </p>
   </div>
   <div class='ocr_carea' id='block_1_73' title="bbox 549 3795 2066 3866">
    <p class='ocr_par' dir='ltr' id='par_1_73' title="bbox 549 3795 2066 3866">
     <span class='ocr_line' id='line_1_73' title="bbox 549 3795 2066 3866; baseline -0.001 -15"><span class='ocrx_word' id='word_1_519' title='bbox 549 3795 638 3852; x_wconf 71' lang='grc'><strong>64.</strong></span> <span class='ocrx_word' id='word_1_520' title='bbox 683 3795 947 3850; x_wconf 88' lang='lat' dir='ltr'><strong>Animum</strong></span> <span class='ocrx_word' id='word_1_521' title='bbox 992 3795 1338 3866; x_wconf 84' lang='lat' dir='ltr'><strong>voluptatum</strong></span> <span class='ocrx_word' id='word_1_522' title='bbox 1372 3795 1632 3852; x_wconf 91' lang='lat' dir='ltr'><strong>sordibus</strong></span> <span class='ocrx_word' id='word_1_523' title='bbox 1673 3804 1932 3866; x_wconf 89' lang='lat' dir='ltr'><strong>tanquam</strong></span> <span class='ocrx_word' id='word_1_524' title='bbox 1969 3813 2066 3851; x_wconf 89' lang='lat' dir='ltr'><strong>ru-</strong></span> 
     </span>
    </p>
   </div>
   <div class='ocr_carea' id='block_1_74' title="bbox 479 3887 2066 3960">
    <p class='ocr_par' dir='ltr' id='par_1_74' title="bbox 479 3887 2066 3960">
     <span class='ocr_line' id='line_1_74' title="bbox 479 3887 2066 3960; baseline -0.001 -17"><span class='ocrx_word' id='word_1_525' title='bbox 479 3887 661 3960; x_wconf 81' lang='lat' dir='ltr'><strong>bigine</strong></span> <span class='ocrx_word' id='word_1_526' title='bbox 699 3887 963 3944; x_wconf 90' lang='lat' dir='ltr'><strong>infectum</strong></span> <span class='ocrx_word' id='word_1_527' title='bbox 983 3928 998 3952; x_wconf 95' lang='lat'><strong>,</strong></span> <span class='ocrx_word' id='word_1_528' title='bbox 1052 3888 1315 3944; x_wconf 88' lang='lat' dir='ltr'><strong>emnndat</strong></span> <span class='ocrx_word' id='word_1_529' title='bbox 1345 3888 1502 3944; x_wconf 89' lang='lat' dir='ltr'><strong>labor</strong></span> <span class='ocrx_word' id='word_1_530' title='bbox 1525 3928 1540 3954; x_wconf 98' lang='lat'><strong>,</strong></span> <span class='ocrx_word' id='word_1_531' title='bbox 1600 3895 2066 3958; x_wconf 86' lang='lat' dir='ltr'><strong>terrenorumque</strong></span> 
     </span>
    </p>
   </div>
   <div class='ocr_carea' id='block_1_75' title="bbox 479 3978 2066 4052">
    <p class='ocr_par' dir='ltr' id='par_1_75' title="bbox 479 3978 2066 4052">
     <span class='ocr_line' id='line_1_75' title="bbox 479 3978 2066 4052; baseline 0.001 -18"><span class='ocrx_word' id='word_1_532' title='bbox 479 3994 710 4052; x_wconf 85' lang='lat' dir='ltr'><strong>prorsus</strong></span> <span class='ocrx_word' id='word_1_533' title='bbox 733 3979 801 4034; x_wconf 89' lang='lat' dir='ltr'><strong>ab</strong></span> <span class='ocrx_word' id='word_1_534' title='bbox 825 3995 892 4035; x_wconf 89' lang='lat' dir='ltr'><strong>eo</strong></span> <span class='ocrx_word' id='word_1_535' title='bbox 924 3978 1212 4035; x_wconf 87' lang='lat' dir='ltr'><strong>libidinem</strong></span> <span class='ocrx_word' id='word_1_536' title='bbox 1238 3979 1475 4044; x_wconf 89' lang='lat' dir='ltr'><strong>revellit,</strong></span> <span class='ocrx_word' id='word_1_537' title='bbox 1500 3979 1598 4034; x_wconf 86' lang='lat' dir='ltr'><strong>ubi</strong></span> <span class='ocrx_word' id='word_1_538' title='bbox 1633 3981 1701 4044; x_wconf 89' lang='lat' dir='ltr'><strong>is,</strong></span> <span class='ocrx_word' id='word_1_539' title='bbox 1727 3995 1838 4050; x_wconf 88' lang='lat' dir='ltr'><strong>quo</strong></span> <span class='ocrx_word' id='word_1_540' title='bbox 1864 3980 2066 4039; x_wconf 87' lang='lat' dir='ltr'><strong>damno</strong></span> 
     </span>
    </p>
   </div>
   <div class='ocr_carea' id='block_1_76' title="bbox 479 4069 2067 4141">
    <p class='ocr_par' dir='ltr' id='par_1_76' title="bbox 479 4069 2067 4141">
     <span class='ocr_line' id='line_1_76' title="bbox 479 4069 2067 4141; baseline 0.001 -16"><span class='ocrx_word' id='word_1_541' title='bbox 479 4069 677 4126; x_wconf 85' lang='lat' dir='ltr'><strong>alliciat</strong></span> <span class='ocrx_word' id='word_1_542' title='bbox 697 4086 888 4127; x_wconf 88' lang='lat' dir='ltr'><strong>eorum</strong></span> <span class='ocrx_word' id='word_1_543' title='bbox 913 4086 1088 4136; x_wconf 87' lang='lat' dir='ltr'><strong>amor,</strong></span> <span class='ocrx_word' id='word_1_544' title='bbox 1113 4071 1320 4126; x_wconf 91' lang='lat' dir='ltr'><strong>saniori</strong></span> <span class='ocrx_word' id='word_1_545' title='bbox 1343 4071 1576 4126; x_wconf 87' lang='lat' dir='ltr'><strong>consilio</strong></span> <span class='ocrx_word' id='word_1_546' title='bbox 1593 4071 1872 4126; x_wconf 87' lang='lat' dir='ltr'><strong>didicerit.</strong></span> <span class='ocrx_word' id='word_1_547' title='bbox 1895 4072 2067 4141; x_wconf 86' lang='lat' dir='ltr'><strong>quue</strong></span> 
     </span>
    </p>
   </div>
   <div class='ocr_carea' id='block_1_77' title="bbox 481 4162 2070 4236">
    <p class='ocr_par' dir='ltr' id='par_1_77' title="bbox 481 4162 2070 4236">
     <span class='ocr_line' id='line_1_77' title="bbox 481 4162 2070 4236; baseline 0 -18"><span class='ocrx_word' id='word_1_548' title='bbox 481 4162 539 4219; x_wconf 91' lang='lat' dir='ltr'><strong>in</strong></span> <span class='ocrx_word' id='word_1_549' title='bbox 573 4179 738 4219; x_wconf 87' lang='lat' dir='ltr'><strong>causa</strong></span> <span class='ocrx_word' id='word_1_550' title='bbox 769 4173 875 4228; x_wconf 89' lang='lat' dir='ltr'><strong>est,</strong></span> <span class='ocrx_word' id='word_1_551' title='bbox 906 4179 1007 4219; x_wconf 92' lang='lat' dir='ltr'><strong>cur</strong></span> <span class='ocrx_word' id='word_1_552' title='bbox 1035 4165 1182 4219; x_wconf 91' lang='lat' dir='ltr'><strong>Deus</strong></span> <span class='ocrx_word' id='word_1_553' title='bbox 1205 4164 1358 4236; x_wconf 85' lang='lat' dir='ltr'><strong>justo</strong></span> <span class='ocrx_word' id='word_1_554' title='bbox 1402 4163 1614 4236; x_wconf 88' lang='lat' dir='ltr'><strong>judicio</strong></span> <span class='ocrx_word' id='word_1_555' title='bbox 1645 4163 1899 4219; x_wconf 86' lang='lat' dir='ltr'><strong>homines</strong></span> <span class='ocrx_word' id='word_1_556' title='bbox 1921 4164 2070 4219; x_wconf 83' lang='lat' dir='ltr'><strong>sinat</strong></span> 
     </span>
    </p>
   </div>
   <div class='ocr_carea' id='block_1_78' title="bbox 481 4254 1054 4324">
    <p class='ocr_par' dir='ltr' id='par_1_78' title="bbox 481 4254 1054 4324">
     <span class='ocr_line' id='line_1_78' title="bbox 481 4254 1054 4324; baseline -0.005 -13"><span class='ocrx_word' id='word_1_557' title='bbox 481 4271 511 4318; x_wconf 69' lang='grc' dir='ltr'><strong>α</strong></span> <span class='ocrx_word' id='word_1_558' title='bbox 543 4254 762 4311; x_wconf 87' lang='lat' dir='ltr'><strong>diabolo</strong></span> <span class='ocrx_word' id='word_1_559' title='bbox 783 4255 1054 4324; x_wconf 86' lang='lat' dir='ltr'><strong>torqueri.</strong></span> 
     </span>
    </p>
   </div>
   <div class='ocr_carea' id='block_1_79' title="bbox 555 4345 2073 4416">
    <p class='ocr_par' dir='ltr' id='par_1_79' title="bbox 555 4345 2073 4416">
     <span class='ocr_line' id='line_1_79' title="bbox 555 4345 2073 4416; baseline 0 -14"><span class='ocrx_word' id='word_1_560' title='bbox 555 4345 644 4402; x_wconf 82' lang='lat'><strong>65.</strong></span> <span class='ocrx_word' id='word_1_561' title='bbox 671 4347 935 4416; x_wconf 78' lang='lat' dir='ltr'><strong>Voluptas</strong></span> <span class='ocrx_word' id='word_1_562' title='bbox 958 4353 1014 4400; x_wconf 90' lang='lat' dir='ltr'><strong>et</strong></span> <span class='ocrx_word' id='word_1_563' title='bbox 1035 4345 1211 4410; x_wconf 92' lang='lat' dir='ltr'><strong>dolor,</strong></span> <span class='ocrx_word' id='word_1_564' title='bbox 1244 4345 1518 4416; x_wconf 90' lang='lat' dir='ltr'><strong>cupiditas</strong></span> <span class='ocrx_word' id='word_1_565' title='bbox 1548 4353 1605 4400; x_wconf 90' lang='lat' dir='ltr'><strong>et</strong></span> <span class='ocrx_word' id='word_1_566' title='bbox 1629 4353 1827 4409; x_wconf 85' lang='lat' dir='ltr'><strong>metus,</strong></span> <span class='ocrx_word' id='word_1_567' title='bbox 1853 4360 1917 4400; x_wconf 89' lang='lat' dir='ltr'><strong>ac</strong></span> <span class='ocrx_word' id='word_1_568' title='bbox 1949 4359 2073 4415; x_wconf 68' lang='lat' dir='ltr'><strong>qum</strong></span> 
     </span>
    </p>
   </div>
   <div class='ocr_carea' id='block_1_80' title="bbox 486 4437 2070 4506">
    <p class='ocr_par' dir='ltr' id='par_1_80' title="bbox 486 4437 2070 4506">
     <span class='ocr_line' id='line_1_80' title="bbox 486 4437 2070 4506; baseline -0.001 -13"><span class='ocrx_word' id='word_1_569' title='bbox 486 4439 604 4494; x_wconf 61' lang='lat' dir='ltr'><strong>hac</strong></span> <span class='ocrx_word' id='word_1_570' title='bbox 627 4437 982 4503; x_wconf 89' lang='lat' dir='ltr'><strong>comitantur,</strong></span> <span class='ocrx_word' id='word_1_571' title='bbox 1025 4453 1136 4491; x_wconf 88' lang='lat' dir='ltr'><strong>non</strong></span> <span class='ocrx_word' id='word_1_572' title='bbox 1166 4437 1345 4506; x_wconf 89' lang='lat' dir='ltr'><strong>primo</strong></span> <span class='ocrx_word' id='word_1_573' title='bbox 1367 4454 1476 4493; x_wconf 84' lang='lat' dir='ltr'><strong>una</strong></span> <span class='ocrx_word' id='word_1_574' title='bbox 1502 4453 1627 4494; x_wconf 90' lang='lat' dir='ltr'><strong>cum</strong></span> <span class='ocrx_word' id='word_1_575' title='bbox 1657 4437 1942 4492; x_wconf 89' lang='lat' dir='ltr'><strong>hominum</strong></span> <span class='ocrx_word' id='word_1_576' title='bbox 1971 4454 2070 4492; x_wconf 78' lang='lat' dir='ltr'><strong>na-</strong></span> 
     </span>
    </p>
   </div>
   <div class='ocr_carea' id='block_1_81' title="bbox 2170 3621 3434 3694">
    <p class='ocr_par' dir='ltr' id='par_1_81' title="bbox 2170 3621 3434 3694">
     <span class='ocr_line' id='line_1_81' title="bbox 2170 3621 3434 3694; baseline 0 -16"><span class='ocrx_word' id='word_1_577' title='bbox 2170 3623 2314 3689; x_wconf 77' lang='grc' dir='ltr'>θεὸν,</span> <span class='ocrx_word' id='word_1_578' title='bbox 2349 3623 2440 3680; x_wconf 76' lang='grc' dir='ltr'>τὸν</span> <span class='ocrx_word' id='word_1_579' title='bbox 2475 3622 2798 3694; x_wconf 78' lang='grc' dir='ltr'>ἀξιούμενον</span> <span class='ocrx_word' id='word_1_580' title='bbox 2830 3622 2933 3692; x_wconf 80' lang='grc' dir='ltr'>τῆς</span> <span class='ocrx_word' id='word_1_581' title='bbox 2958 3621 3109 3684; x_wconf 83' lang='grc' dir='ltr'>θείας</span> <span class='ocrx_word' id='word_1_582' title='bbox 3137 3623 3434 3693; x_wconf 73' lang='grc' dir='ltr'>μεθέξεως.</span> 
     </span>
    </p>
   </div>
   <div class='ocr_carea' id='block_1_82' title="bbox 2237 3800 3742 3873">
    <p class='ocr_par' dir='ltr' id='par_1_82' title="bbox 2237 3800 3742 3873">
     <span class='ocr_line' id='line_1_82' title="bbox 2237 3800 3742 3873; baseline 0 -18"><span class='ocrx_word' id='word_1_583' title='bbox 2237 3801 2331 3866; x_wconf 80' lang='grc' dir='ltr'>ξδ’.</span> <span class='ocrx_word' id='word_1_584' title='bbox 2367 3800 2747 3854; x_wconf 80' lang='grc' dir='ltr'>Κατιωθεῖσαν</span> <span class='ocrx_word' id='word_1_585' title='bbox 2779 3800 2881 3872; x_wconf 83' lang='grc' dir='ltr'>τὴν</span> <span class='ocrx_word' id='word_1_586' title='bbox 2903 3800 3082 3872; x_wconf 79' lang='grc' dir='ltr'>ψυχὴν</span> <span class='ocrx_word' id='word_1_587' title='bbox 3111 3801 3189 3872; x_wconf 88' lang='grc' dir='ltr'>τῷ</span> <span class='ocrx_word' id='word_1_588' title='bbox 3221 3801 3382 3873; x_wconf 79' lang='grc' dir='ltr'>ῥύπῳ</span> <span class='ocrx_word' id='word_1_589' title='bbox 3415 3805 3514 3870; x_wconf 87' lang='grc' dir='ltr'>τῆς</span> <span class='ocrx_word' id='word_1_590' title='bbox 3540 3802 3742 3872; x_wconf 75' lang='grc' dir='ltr'>ἡδονῆς,</span> 
     </span>
    </p>
   </div>
   <div class='ocr_carea' id='block_1_83' title="bbox 2165 3891 3746 3963">
    <p class='ocr_par' dir='ltr' id='par_1_83' title="bbox 2165 3891 3746 3963">
     <span class='ocr_line' id='line_1_83' title="bbox 2165 3891 3746 3963; baseline -0.003 -15"><span class='ocrx_word' id='word_1_591' title='bbox 2165 3892 2538 3963; x_wconf 86' lang='grc' dir='ltr'>ἀποκαθαίρει</span> <span class='ocrx_word' id='word_1_592' title='bbox 2565 3891 2725 3954; x_wconf 82' lang='grc' dir='ltr'>πόνος</span> <span class='ocrx_word' id='word_1_593' title='bbox 2741 3931 2756 3957; x_wconf 85' lang='grc'><em>,</em></span> <span class='ocrx_word' id='word_1_594' title='bbox 2813 3893 2910 3945; x_wconf 63' lang='grc' dir='ltr'><strong>καὶ⁹</strong></span> <span class='ocrx_word' id='word_1_595' title='bbox 2938 3891 3138 3963; x_wconf 77' lang='grc' dir='ltr'>ἀφηλοί</span> <span class='ocrx_word' id='word_1_596' title='bbox 3161 3893 3445 3955; x_wconf 81' lang='grc' dir='ltr'>παντελῶς</span> <span class='ocrx_word' id='word_1_597' title='bbox 3467 3893 3632 3962; x_wconf 80' lang='grc' dir='ltr'>αὐτῆς</span> <span class='ocrx_word' id='word_1_598' title='bbox 3656 3893 3746 3962; x_wconf 80' lang='grc' dir='ltr'>τὴν</span> 
     </span>
    </p>
   </div>
   <div class='ocr_carea' id='block_1_84' title="bbox 2169 3983 3748 4057">
    <p class='ocr_par' dir='ltr' id='par_1_84' title="bbox 2169 3983 3748 4057">
     <span class='ocr_line' id='line_1_84' title="bbox 2169 3983 3748 4057; baseline -0.001 -19"><span class='ocrx_word' id='word_1_599' title='bbox 2169 3984 2352 4057; x_wconf 78' lang='grc' dir='ltr'>σχέσιν</span> <span class='ocrx_word' id='word_1_600' title='bbox 2377 3983 2486 4037; x_wconf 82' lang='grc' dir='ltr'><strong>τῶν</strong></span> <span class='ocrx_word' id='word_1_601' title='bbox 2509 3983 2730 4048; x_wconf 84' lang='grc' dir='ltr'>ὑλικῶν,</span> <span class='ocrx_word' id='word_1_602' title='bbox 2758 3983 2861 4054; x_wconf 82' lang='grc' dir='ltr'><strong>τῆς</strong></span> <span class='ocrx_word' id='word_1_603' title='bbox 2888 3983 3027 4055; x_wconf 78' lang='grc' dir='ltr'>πρὸς</span> <span class='ocrx_word' id='word_1_604' title='bbox 3051 3984 3189 4038; x_wconf 87' lang='grc' dir='ltr'><strong>αύτά</strong></span> <span class='ocrx_word' id='word_1_605' title='bbox 3215 3985 3400 4054; x_wconf 82' lang='grc' dir='ltr'>φιλίας</span> <span class='ocrx_word' id='word_1_606' title='bbox 3427 3985 3531 4054; x_wconf 80' lang='grc' dir='ltr'>τὴν</span> <span class='ocrx_word' id='word_1_607' title='bbox 3555 3983 3748 4054; x_wconf 76' lang='grc' dir='ltr'>ζημίαν</span> 
     </span>
    </p>
   </div>
   <div class='ocr_carea' id='block_1_85' title="bbox 2173 4073 3747 4148">
    <p class='ocr_par' dir='ltr' id='par_1_85' title="bbox 2173 4073 3747 4148">
     <span class='ocr_line' id='line_1_85' title="bbox 2173 4073 3747 4148; baseline -0.003 -18"><span class='ocrx_word' id='word_1_608' title='bbox 2173 4073 2597 4148; x_wconf 86' lang='grc' dir='ltr'>μεταμαθοῦσαν</span> <span class='ocrx_word' id='word_1_609' title='bbox 2644 4073 2754 4147; x_wconf 78' lang='grc' dir='ltr'>[αι.</span> <span class='ocrx_word' id='word_1_610' title='bbox 2791 4074 3297 4147; x_wconf 82' lang='grc' dir='ltr'>μεταμαθούσης]’</span> <span class='ocrx_word' id='word_1_611' title='bbox 3355 4076 3426 4130; x_wconf 89' lang='grc' dir='ltr'><strong>δι’</strong></span> <span class='ocrx_word' id='word_1_612' title='bbox 3470 4077 3536 4148; x_wconf 74' lang='grc' dir='ltr'>ἢν</span> <span class='ocrx_word' id='word_1_613' title='bbox 3581 4074 3747 4129; x_wconf 77' lang='grc' dir='ltr'>αἰτίαν</span> 
     </span>
    </p>
   </div>
   <div class='ocr_carea' id='block_1_86' title="bbox 2167 4164 3748 4238">
    <p class='ocr_par' dir='ltr' id='par_1_86' title="bbox 2167 4164 3748 4238">
     <span class='ocr_line' id='line_1_86' title="bbox 2167 4164 3748 4238; baseline -0.004 -16"><span class='ocrx_word' id='word_1_614' title='bbox 2167 4170 2198 4222; x_wconf 85' lang='grc' dir='ltr'><strong>ό</strong></span> <span class='ocrx_word' id='word_1_615' title='bbox 2236 4167 2370 4230; x_wconf 79' lang='grc' dir='ltr'>Θεὸς</span> <span class='ocrx_word' id='word_1_616' title='bbox 2415 4167 2692 4237; x_wconf 85' lang='grc' dir='ltr'>συγχωρεῖ</span> <span class='ocrx_word' id='word_1_617' title='bbox 2733 4164 2813 4234; x_wconf 83' lang='grc' dir='ltr'>τῷ</span> <span class='ocrx_word' id='word_1_618' title='bbox 2841 4165 3070 4234; x_wconf 84' lang='grc' dir='ltr'>διαϐόλῳ</span> <span class='ocrx_word' id='word_1_619' title='bbox 3097 4205 3112 4231; x_wconf 87' lang='grc'><em>,</em></span> <span class='ocrx_word' id='word_1_620' title='bbox 3164 4165 3308 4218; x_wconf 87' lang='grc' dir='ltr'><strong>κατά</strong></span> <span class='ocrx_word' id='word_1_621' title='bbox 3343 4166 3528 4238; x_wconf 82' lang='grc' dir='ltr'>κρίσιν</span> <span class='ocrx_word' id='word_1_622' title='bbox 3549 4164 3748 4220; x_wconf 82' lang='grc' dir='ltr'>δικαίαν</span> 
     </span>
    </p>
   </div>
   <div class='ocr_carea' id='block_1_87' title="bbox 2169 4257 3339 4329">
    <p class='ocr_par' dir='ltr' id='par_1_87' title="bbox 2169 4257 3339 4329">
     <span class='ocr_line' id='line_1_87' title="bbox 2169 4257 3339 4329; baseline -0.002 -15"><span class='ocrx_word' id='word_1_623' title='bbox 2169 4260 2299 4324; x_wconf 76' lang='grc' dir='ltr'>τοὺς</span> <span class='ocrx_word' id='word_1_624' title='bbox 2324 4257 2649 4329; x_wconf 86' lang='grc' dir='ltr'>ἀνθρώπους</span> <span class='ocrx_word' id='word_1_625' title='bbox 2680 4257 2934 4327; x_wconf 81' lang='grc' dir='ltr'>βασάνοις</span> <span class='ocrx_word' id='word_1_626' title='bbox 2964 4257 3339 4322; x_wconf 76' lang='grc' dir='ltr'>καταπιέζειν.</span> 
     </span>
    </p>
   </div>
   <div class='ocr_carea' id='block_1_88' title="bbox 2243 4347 3747 4419">
    <p class='ocr_par' dir='ltr' id='par_1_88' title="bbox 2243 4347 3747 4419">
     <span class='ocr_line' id='line_1_88' title="bbox 2243 4347 3747 4419; baseline -0.003 -17"><span class='ocrx_word' id='word_1_627' title='bbox 2243 4349 2337 4416; x_wconf 80' lang='grc' dir='ltr'>ξε’.</span> <span class='ocrx_word' id='word_1_628' title='bbox 2382 4347 2574 4419; x_wconf 79' lang='grc' dir='ltr'>Ἡδονὴ</span> <span class='ocrx_word' id='word_1_629' title='bbox 2627 4348 2722 4402; x_wconf 75' lang='grc' dir='ltr'>καὶ</span> <span class='ocrx_word' id='word_1_630' title='bbox 2752 4348 2898 4418; x_wconf 83' lang='grc' dir='ltr'>λύπη</span> <span class='ocrx_word' id='word_1_631' title='bbox 2924 4388 2939 4412; x_wconf 92' lang='grc'><em>,</em></span> <span class='ocrx_word' id='word_1_632' title='bbox 2995 4348 3264 4418; x_wconf 77' lang='grc' dir='ltr'>ἐπιθυμία</span> <span class='ocrx_word' id='word_1_633' title='bbox 3289 4347 3386 4400; x_wconf 70' lang='grc' dir='ltr'>καὶ</span> <span class='ocrx_word' id='word_1_634' title='bbox 3418 4348 3582 4416; x_wconf 82' lang='grc' dir='ltr'>φόϐος</span> <span class='ocrx_word' id='word_1_635' title='bbox 3604 4387 3619 4412; x_wconf 87' lang='grc'><strong><em>,</em></strong></span> <span class='ocrx_word' id='word_1_636' title='bbox 3665 4363 3747 4399; x_wconf 85' lang='grc' dir='ltr'><strong>κα.</strong></span> 
     </span>
    </p>
   </div>
   <div class='ocr_carea' id='block_1_89' title="bbox 2172 4438 3744 4511">
    <p class='ocr_par' dir='ltr' id='par_1_89' title="bbox 2172 4438 3744 4511">
     <span class='ocr_line' id='line_1_89' title="bbox 2172 4438 3744 4511; baseline -0.003 -16"><span class='ocrx_word' id='word_1_637' title='bbox 2172 4440 2243 4495; x_wconf 83' lang='grc' dir='ltr'><strong>τά</strong></span> <span class='ocrx_word' id='word_1_638' title='bbox 2283 4440 2498 4502; x_wconf 84' lang='grc' dir='ltr'>τούτοις</span> <span class='ocrx_word' id='word_1_639' title='bbox 2538 4440 2782 4511; x_wconf 75' lang='grc' dir='ltr'>ἑπόμενα</span> <span class='ocrx_word' id='word_1_640' title='bbox 2805 4478 2820 4503; x_wconf 86' lang='grc'>,</span> <span class='ocrx_word' id='word_1_641' title='bbox 2875 4443 2941 4510; x_wconf 79' lang='grc' dir='ltr'><strong>τῇ</strong></span> <span class='ocrx_word' id='word_1_642' title='bbox 2973 4438 3134 4508; x_wconf 83' lang='grc' dir='ltr'>φύσει</span> <span class='ocrx_word' id='word_1_643' title='bbox 3158 4438 3267 4492; x_wconf 84' lang='grc' dir='ltr'><strong>τῶν</strong></span> <span class='ocrx_word' id='word_1_644' title='bbox 3289 4439 3600 4510; x_wconf 84' lang='grc' dir='ltr'>ἀνθρώπων</span> <span class='ocrx_word' id='word_1_645' title='bbox 3625 4455 3744 4507; x_wconf 81' lang='grc' dir='ltr'>προ·</span> 
     </span>
    </p>
   </div>
   <div class='ocr_carea' id='block_1_90' title="bbox 488 4507 2062 4603">
    <p class='ocr_par' dir='ltr' id='par_1_90' title="bbox 488 4529 2062 4600">
     <span class='ocr_line' id='line_1_90' title="bbox 488 4529 2062 4600; baseline 0.001 -18"><span class='ocrx_word' id='word_1_646' title='bbox 488 4537 610 4585; x_wconf 85' lang='lat' dir='ltr'><strong>tura</strong></span> <span class='ocrx_word' id='word_1_647' title='bbox 635 4529 856 4584; x_wconf 87' lang='lat' dir='ltr'><strong>condita</strong></span> <span class='ocrx_word' id='word_1_648' title='bbox 880 4537 1046 4596; x_wconf 86' lang='lat' dir='ltr'><strong>sunt;</strong></span> <span class='ocrx_word' id='word_1_649' title='bbox 1075 4545 1200 4585; x_wconf 89' lang='lat' dir='ltr'><strong>nam</strong></span> <span class='ocrx_word' id='word_1_650' title='bbox 1229 4530 1434 4600; x_wconf 84' lang='lat' dir='ltr'><strong>alioqui</strong></span> <span class='ocrx_word' id='word_1_651' title='bbox 1454 4531 1522 4584; x_wconf 89' lang='lat' dir='ltr'><strong>ad</strong></span> <span class='ocrx_word' id='word_1_652' title='bbox 1551 4538 1759 4585; x_wconf 74' lang='lat' dir='ltr'><strong>natura:</strong></span> <span class='ocrx_word' id='word_1_653' title='bbox 1788 4529 2062 4586; x_wconf 85' lang='lat' dir='ltr'><strong>definitio-</strong></span> 
     </span>
    </p>
   </div>
   <div class='ocr_carea' id='block_1_91' title="bbox 2163 4507 3750 4603">
    <p class='ocr_par' dir='ltr' id='par_1_91' title="bbox 2175 4507 3750 4603">
     <span class='ocr_line' id='line_1_91' title="bbox 2175 4507 3750 4603; baseline -0.004 -17"><span class='ocrx_word' id='word_1_654' title='bbox 2175 4531 2496 4603; x_wconf 83' lang='grc' dir='ltr'>ηγουμένως</span> <span class='ocrx_word' id='word_1_655' title='bbox 2547 4530 2608 4585; x_wconf 85' lang='grc' dir='ltr'><strong>ού</strong></span> <span class='ocrx_word' id='word_1_656' title='bbox 2647 4507 3028 4600; x_wconf 53' lang='grc' dir='ltr'><strong>⁷συνεπείσθη⁹</strong></span> <span class='ocrx_word' id='word_1_657' title='bbox 3086 4531 3210 4584; x_wconf 72' lang='grc' dir='ltr'>ἐπεὶ</span> <span class='ocrx_word' id='word_1_658' title='bbox 3261 4531 3359 4584; x_wconf 81' lang='grc' dir='ltr'>καὶ</span> <span class='ocrx_word' id='word_1_659' title='bbox 3400 4507 3492 4595; x_wconf 72' lang='grc' dir='ltr'><strong>είς</strong></span> <span class='ocrx_word' id='word_1_660' title='bbox 3520 4529 3612 4583; x_wconf 79' lang='grc' dir='ltr'>τὸν</span> <span class='ocrx_word' id='word_1_661' title='bbox 3637 4529 3750 4600; x_wconf 84' lang='grc' dir='ltr'>ὅρον</span> 
     </span>
    </p>
   </div>
   <div class='ocr_carea' id='block_1_92' title="bbox 486 4617 2062 4694">
    <p class='ocr_par' dir='ltr' id='par_1_92' title="bbox 486 4621 2062 4692">
     <span class='ocr_line' id='line_1_92' title="bbox 486 4621 2062 4692; baseline 0.001 -16"><span class='ocrx_word' id='word_1_662' title='bbox 486 4636 612 4677; x_wconf 89' lang='lat' dir='ltr'><strong>nem</strong></span> <span class='ocrx_word' id='word_1_663' title='bbox 649 4630 984 4692; x_wconf 88' lang='lat' dir='ltr'><strong>spectarent.</strong></span> <span class='ocrx_word' id='word_1_664' title='bbox 1018 4621 1291 4690; x_wconf 84' lang='lat' dir='ltr'><strong>Quocirca</strong></span> <span class='ocrx_word' id='word_1_665' title='bbox 1320 4622 1466 4690; x_wconf 89' lang='lat' dir='ltr'><strong>dico,</strong></span> <span class='ocrx_word' id='word_1_666' title='bbox 1511 4629 1797 4678; x_wconf 84' lang='lat' dir='ltr'><strong>auctorem</strong></span> <span class='ocrx_word' id='word_1_667' title='bbox 1845 4630 2062 4678; x_wconf 78' lang='lat' dir='ltr'><strong>secutus</strong></span> 
     </span>
    </p>
   </div>
   <div class='ocr_carea' id='block_1_93' title="bbox 2163 4617 3748 4694">
    <p class='ocr_par' dir='ltr' id='par_1_93' title="bbox 2177 4617 3748 4694">
     <span class='ocr_line' id='line_1_93' title="bbox 2177 4617 3748 4694; baseline -0.003 -17"><span class='ocrx_word' id='word_1_668' title='bbox 2177 4622 2245 4678; x_wconf 82' lang='grc' dir='ltr'>ἂν</span> <span class='ocrx_word' id='word_1_669' title='bbox 2297 4621 2613 4677; x_wconf 78' lang='grc' dir='ltr'>συνετέλουν</span> <span class='ocrx_word' id='word_1_670' title='bbox 2661 4622 2760 4694; x_wconf 83' lang='grc' dir='ltr'>τῆς</span> <span class='ocrx_word' id='word_1_671' title='bbox 2801 4619 3015 4692; x_wconf 85' lang='grc' dir='ltr'>φύσεως</span> <span class='ocrx_word' id='word_1_672' title='bbox 3039 4617 3134 4693; x_wconf 85' lang='lat' dir='ltr'><strong>(q).</strong></span> <span class='ocrx_word' id='word_1_673' title='bbox 3190 4620 3349 4690; x_wconf 80' lang='grc' dir='ltr'><strong>Λέγω</strong></span> <span class='ocrx_word' id='word_1_674' title='bbox 3377 4620 3444 4692; x_wconf 84' lang='grc' dir='ltr'>δὴ</span> <span class='ocrx_word' id='word_1_675' title='bbox 3491 4620 3640 4691; x_wconf 87' lang='grc' dir='ltr'><strong>παρά</strong></span> <span class='ocrx_word' id='word_1_676' title='bbox 3665 4617 3748 4673; x_wconf 84' lang='grc' dir='ltr'><strong>τοῦ</strong></span> 
     </span>
    </p>
   </div>
   <div class='ocr_carea' id='block_1_94' title="bbox 559 4775 1013 4847">
    <p class='ocr_par' dir='ltr' id='par_1_94' title="bbox 559 4775 1013 4847">
     <span class='ocr_line' id='line_1_94' title="bbox 559 4775 1013 4847; baseline -0.002 -15"><span class='ocrx_word' id='word_1_677' title='bbox 559 4776 606 4809; x_wconf 76' lang='grc'>⁸⁸</span> <span class='ocrx_word' id='word_1_678' title='bbox 630 4775 832 4847; x_wconf 88' lang='lat' dir='ltr'><strong>Ephes.</strong></span> <span class='ocrx_word' id='word_1_679' title='bbox 863 4793 922 4843; x_wconf 88' lang='grc' dir='ltr'>ιι,</span> <span class='ocrx_word' id='word_1_680' title='bbox 961 4777 1013 4831; x_wconf 89' lang='grc'>7.</span> 
     </span>
    </p>
   </div>
   <div class='ocr_carea' id='block_1_95' title="bbox 562 4909 2065 4984">
    <p class='ocr_par' dir='ltr' id='par_1_95' title="bbox 562 4909 2065 4984">
     <span class='ocr_line' id='line_1_95' title="bbox 562 4909 2065 4984; baseline 0.003 -22"><span class='ocrx_word' id='word_1_681' title='bbox 562 4909 634 4984; x_wconf 79' lang='grc' dir='ltr'>(ο)</span> <span class='ocrx_word' id='word_1_682' title='bbox 682 4909 778 4974; x_wconf 78' lang='grc' dir='ltr'><strong>Ἐξ</strong></span> <span class='ocrx_word' id='word_1_683' title='bbox 802 4910 1019 4984; x_wconf 67' lang='grc' dir='ltr'>ἑαυτοῦ</span> <span class='ocrx_word' id='word_1_684' title='bbox 1049 4909 1627 4984; x_wconf 54' lang='grc' dir='ltr'>δεικνὺς-γνώριμον</span> <span class='ocrx_word' id='word_1_685' title='bbox 1674 4911 1789 4984; x_wconf 76' lang='grc' dir='ltr'><strong>τὴν</strong></span> <span class='ocrx_word' id='word_1_686' title='bbox 1838 4913 2065 4984; x_wconf 71' lang='grc' dir='ltr'>ψυχήν.</span> 
     </span>
    </p>
   </div>
   <div class='ocr_carea' id='block_1_96' title="bbox 488 4981 2072 5054">
    <p class='ocr_par' dir='ltr' id='par_1_96' title="bbox 488 4981 2072 5054">
     <span class='ocr_line' id='line_1_96' title="bbox 488 4981 2072 5054; baseline -0.001 -16"><span class='ocrx_word' id='word_1_687' title='bbox 488 4981 695 5054; x_wconf 73' lang='grc' dir='ltr'>ΕιἸιοο</span> <span class='ocrx_word' id='word_1_688' title='bbox 734 4989 842 5034; x_wconf 85' lang='lat' dir='ltr'><strong>tam</strong></span> <span class='ocrx_word' id='word_1_689' title='bbox 880 4981 1113 5054; x_wconf 79' lang='lat' dir='ltr'><strong>clarum,</strong></span> <span class='ocrx_word' id='word_1_690' title='bbox 1154 4983 1230 5036; x_wconf 87' lang='lat' dir='ltr'><strong>ita</strong></span> <span class='ocrx_word' id='word_1_691' title='bbox 1260 4981 1424 5054; x_wconf 77' lang='lat' dir='ltr'><strong>Picus</strong></span> <span class='ocrx_word' id='word_1_692' title='bbox 1455 4999 1466 5035; x_wconf 92' lang='lat'><strong>:</strong></span> <span class='ocrx_word' id='word_1_693' title='bbox 1493 4982 1795 5054; x_wconf 74' lang='lat' dir='ltr'><strong>Ex__scipso</strong></span> <span class='ocrx_word' id='word_1_694' title='bbox 1831 4983 2072 5054; x_wconf 60' lang='lat' dir='ltr'><strong>declarat</strong></span> 
     </span>
    </p>
   </div>
   <div class='ocr_carea' id='block_1_97' title="bbox 489 5049 2068 5123">
    <p class='ocr_par' dir='ltr' id='par_1_97' title="bbox 489 5049 2068 5123">
     <span class='ocr_line' id='line_1_97' title="bbox 489 5049 2068 5123; baseline 0 -19"><span class='ocrx_word' id='word_1_695' title='bbox 489 5049 807 5123; x_wconf 70' lang='lat' dir='ltr'><strong>prwcfaram</strong></span> <span class='ocrx_word' id='word_1_696' title='bbox 839 5050 1078 5123; x_wconf 79' lang='lat' dir='ltr'><strong>quidem_</strong></span> <span class='ocrx_word' id='word_1_697' title='bbox 1108 5068 1221 5106; x_wconf 79' lang='lat' dir='ltr'><strong>esse</strong></span> <span class='ocrx_word' id='word_1_698' title='bbox 1254 5053 1514 5123; x_wconf 76' lang='lat' dir='ltr'><strong>animant.</strong></span> <span class='ocrx_word' id='word_1_699' title='bbox 1572 5049 1771 5123; x_wconf 66' lang='lat' dir='ltr'><strong>Hancne</strong></span> <span class='ocrx_word' id='word_1_700' title='bbox 1825 5053 1929 5117; x_wconf 87' lang='lat' dir='ltr'><strong>vis,</strong></span> <span class='ocrx_word' id='word_1_701' title='bbox 1958 5051 2068 5123; x_wconf 70' lang='grc' dir='ltr'><strong>τοῦ</strong></span> 
     </span>
    </p>
   </div>
   <div class='ocr_carea' id='block_1_98' title="bbox 489 5121 2072 5191">
    <p class='ocr_par' dir='ltr' id='par_1_98' title="bbox 489 5121 2072 5191">
     <span class='ocr_line' id='line_1_98' title="bbox 489 5121 2072 5191; baseline -0.001 -14"><span class='ocrx_word' id='word_1_702' title='bbox 489 5121 797 5190; x_wconf 83' lang='grc' dir='ltr'>ἀκαθάρτου</span> <span class='ocrx_word' id='word_1_703' title='bbox 825 5123 918 5173; x_wconf 78' lang='grc' dir='ltr'>καὶ</span> <span class='ocrx_word' id='word_1_704' title='bbox 939 5121 1312 5190; x_wconf 82' lang='grc' dir='ltr'>ὲσπιλωμένου</span> <span class='ocrx_word' id='word_1_705' title='bbox 1345 5121 1573 5191; x_wconf 84' lang='grc' dir='ltr'>χιτῶνος</span> <span class='ocrx_word' id='word_1_706' title='bbox 1594 5135 1609 5152; x_wconf 76' lang='grc'><strong><em>⁸</em></strong></span> <span class='ocrx_word' id='word_1_707' title='bbox 1635 5122 1898 5176; x_wconf 75' lang='lat' dir='ltr'><strong>immundi</strong></span> <span class='ocrx_word' id='word_1_708' title='bbox 1924 5121 2072 5177; x_wconf 78' lang='lat' dir='ltr'><strong>illius</strong></span> 
     </span>
    </p>
   </div>
   <div class='ocr_carea' id='block_1_99' title="bbox 491 5191 2073 5263">
    <p class='ocr_par' dir='ltr' id='par_1_99' title="bbox 491 5191 2073 5263">
     <span class='ocr_line' id='line_1_99' title="bbox 491 5191 2073 5263; baseline 0.001 -18"><span class='ocrx_word' id='word_1_709' title='bbox 491 5200 541 5245; x_wconf 85' lang='lat' dir='ltr'><strong>et</strong></span> <span class='ocrx_word' id='word_1_710' title='bbox 576 5191 1219 5263; x_wconf 58' lang='lat' dir='ltr'><strong>conspurcatiinvalncri</strong></span> <span class='ocrx_word' id='word_1_711' title='bbox 1270 5209 1333 5246; x_wconf 86' lang='lat' dir='ltr'><strong>ac</strong></span> <span class='ocrx_word' id='word_1_712' title='bbox 1384 5191 1538 5263; x_wconf 64' lang='lat' dir='ltr'><strong>pallii</strong></span> <span class='ocrx_word' id='word_1_713' title='bbox 1559 5233 1595 5263; x_wconf 85' lang='lat'><strong>,_</strong></span> <span class='ocrx_word' id='word_1_714' title='bbox 1613 5191 1896 5248; x_wconf 88' lang='lat' dir='ltr'><strong>declarare</strong></span> <span class='ocrx_word' id='word_1_715' title='bbox 1946 5208 2073 5247; x_wconf 88' lang='lat' dir='ltr'><strong>esse</strong></span> 
     </span>
    </p>
   </div>
   <div class='ocr_carea' id='block_1_100' title="bbox 491 5260 2070 5332">
    <p class='ocr_par' dir='ltr' id='par_1_100' title="bbox 491 5260 2070 5332">
     <span class='ocr_line' id='line_1_100' title="bbox 491 5260 2070 5332; baseline 0.001 -18"><span class='ocrx_word' id='word_1_716' title='bbox 491 5260 812 5332; x_wconf 62' lang='lat' dir='ltr'><strong>praeclaram</strong></span> <span class='ocrx_word' id='word_1_717' title='bbox 855 5261 1147 5332; x_wconf 85' lang='lat' dir='ltr'><strong>animam?</strong></span> <span class='ocrx_word' id='word_1_718' title='bbox 1175 5260 1392 5332; x_wconf 36' lang='lat' dir='ltr'><strong>Nugae;</strong></span> <span class='ocrx_word' id='word_1_719' title='bbox 1425 5261 1738 5332; x_wconf 85' lang='lat' dir='ltr'><strong>Manifestat</strong></span> <span class='ocrx_word' id='word_1_720' title='bbox 1775 5278 1897 5318; x_wconf 88' lang='lat' dir='ltr'><strong>eam</strong></span> <span class='ocrx_word' id='word_1_721' title='bbox 1921 5304 1934 5327; x_wconf 95' lang='lat'><strong>,</strong></span> <span class='ocrx_word' id='word_1_722' title='bbox 1973 5278 2070 5317; x_wconf 92' lang='lat' dir='ltr'><strong>seu</strong></span> 
     </span>
    </p>
   </div>
   <div class='ocr_carea' id='block_1_101' title="bbox 493 5329 2069 5402">
    <p class='ocr_par' dir='ltr' id='par_1_101' title="bbox 493 5329 2069 5402">
     <span class='ocr_line' id='line_1_101' title="bbox 493 5329 2069 5402; baseline 0.001 -18"><span class='ocrx_word' id='word_1_723' title='bbox 493 5329 676 5386; x_wconf 89' lang='lat' dir='ltr'><strong>reddit</strong></span> <span class='ocrx_word' id='word_1_724' title='bbox 723 5331 1070 5402; x_wconf 82' lang='lat' dir='ltr'><strong>manifestam</strong></span> <span class='ocrx_word' id='word_1_725' title='bbox 1102 5347 1173 5386; x_wconf 87' lang='lat' dir='ltr'><strong>ex</strong></span> <span class='ocrx_word' id='word_1_726' title='bbox 1229 5329 1448 5400; x_wconf 78' lang='lat' dir='ltr'><strong>seipse;</strong></span> <span class='ocrx_word' id='word_1_727' title='bbox 1482 5331 1564 5385; x_wconf 90' lang='lat' dir='ltr'><strong>sic</strong></span> <span class='ocrx_word' id='word_1_728' title='bbox 1615 5347 1814 5402; x_wconf 85' lang='lat' dir='ltr'><strong>nempe</strong></span> <span class='ocrx_word' id='word_1_729' title='bbox 1869 5333 2069 5386; x_wconf 89' lang='lat' dir='ltr'><strong>factam</strong></span> 
     </span>
    </p>
   </div>
   <div class='ocr_carea' id='block_1_102' title="bbox 494 5401 2069 5472">
    <p class='ocr_par' dir='ltr' id='par_1_102' title="bbox 494 5401 2069 5472">
     <span class='ocr_line' id='line_1_102' title="bbox 494 5401 2069 5472; baseline 0.001 -17"><span class='ocrx_word' id='word_1_730' title='bbox 494 5401 832 5457; x_wconf 82' lang='lat' dir='ltr'><strong>immundam</strong></span> <span class='ocrx_word' id='word_1_731' title='bbox 865 5417 931 5456; x_wconf 89' lang='lat' dir='ltr'><strong>ac</strong></span> <span class='ocrx_word' id='word_1_732' title='bbox 995 5403 1376 5472; x_wconf 82' lang='lat' dir='ltr'><strong>inquinatam;</strong></span> <span class='ocrx_word' id='word_1_733' title='bbox 1423 5416 1545 5471; x_wconf 62' lang='lat' dir='ltr'><strong>quae</strong></span> <span class='ocrx_word' id='word_1_734' title='bbox 1596 5402 1702 5472; x_wconf 90' lang='lat' dir='ltr'><strong>sibi</strong></span> <span class='ocrx_word' id='word_1_735' title='bbox 1749 5401 1850 5472; x_wconf 86' lang='lat' dir='ltr'><strong>pro</strong></span> <span class='ocrx_word' id='word_1_736' title='bbox 1885 5402 2069 5456; x_wconf 90' lang='lat' dir='ltr'><strong>divina</strong></span> 
     </span>
    </p>
   </div>
   <div class='ocr_carea' id='block_1_103' title="bbox 493 5471 2070 5542">
    <p class='ocr_par' dir='ltr' id='par_1_103' title="bbox 493 5471 2070 5542">
     <span class='ocr_line' id='line_1_103' title="bbox 493 5471 2070 5542; baseline 0 -16"><span class='ocrx_word' id='word_1_737' title='bbox 493 5481 708 5542; x_wconf 89' lang='lat' dir='ltr'><strong>turpem</strong></span> <span class='ocrx_word' id='word_1_738' title='bbox 746 5473 894 5526; x_wconf 89' lang='lat' dir='ltr'><strong>illam</strong></span> <span class='ocrx_word' id='word_1_739' title='bbox 921 5471 1152 5526; x_wconf 84' lang='lat' dir='ltr'><strong>formam</strong></span> <span class='ocrx_word' id='word_1_740' title='bbox 1183 5472 1587 5541; x_wconf 88' lang='lat' dir='ltr'><strong>imagincmque</strong></span> <span class='ocrx_word' id='word_1_741' title='bbox 1613 5471 1916 5542; x_wconf 13' lang='lat' dir='ltr'><strong>iiﬁndiderit.</strong></span> <span class='ocrx_word' id='word_1_742' title='bbox 1957 5473 2070 5527; x_wconf 73' lang='lat' dir='ltr'><strong>bla-</strong></span> 
     </span>
    </p>
   </div>
   <div class='ocr_carea' id='block_1_104' title="bbox 494 5541 1848 5624">
    <p class='ocr_par' dir='ltr' id='par_1_104' title="bbox 494 5541 1848 5624">
     <span class='ocr_line' id='line_1_104' title="bbox 494 5541 1848 5624; baseline -0.001 -26"><span class='ocrx_word' id='word_1_743' title='bbox 494 5541 602 5624; x_wconf 32' lang='lat' dir='ltr'><strong>gni’</strong></span> <span class='ocrx_word' id='word_1_744' title='bbox 622 5542 828 5624; x_wconf 58' lang='lat' dir='ltr'><strong>ubique</strong></span> <span class='ocrx_word' id='word_1_745' title='bbox 849 5557 974 5596; x_wconf 89' lang='lat' dir='ltr'><strong>cum</strong></span> <span class='ocrx_word' id='word_1_746' title='bbox 1014 5543 1132 5624; x_wconf 79' lang='lat' dir='ltr'><strong>pari</strong></span> <span class='ocrx_word' id='word_1_747' title='bbox 1163 5542 1367 5624; x_wconf 73' lang='lat' dir='ltr'><strong>pietate</strong></span> <span class='ocrx_word' id='word_1_748' title='bbox 1390 5557 1586 5624; x_wconf 35' lang='lat' dir='ltr'><strong>sennsus</strong></span> <span class='ocrx_word' id='word_1_749' title='bbox 1610 5541 1848 5597; x_wconf 84' lang='lat' dir='ltr'><strong>Maximi.</strong></span> 
     </span>
    </p>
   </div>
   <div class='ocr_carea' id='block_1_105' title="bbox 567 5610 2067 5682">
    <p class='ocr_par' dir='ltr' id='par_1_105' title="bbox 567 5610 2067 5682">
     <span class='ocr_line' id='line_1_105' title="bbox 567 5610 2067 5682; baseline -0.001 -16"><span class='ocrx_word' id='word_1_750' title='bbox 567 5610 656 5682; x_wconf 70' lang='grc' dir='ltr'><strong>(ρ)</strong></span> <span class='ocrx_word' id='word_1_751' title='bbox 684 5610 809 5666; x_wconf 81' lang='grc' dir='ltr'><strong>Τῶν</strong></span> <span class='ocrx_word' id='word_1_752' title='bbox 856 5610 1186 5682; x_wconf 50' lang='lat' dir='ltr'><strong>gerendam?</strong></span> <span class='ocrx_word' id='word_1_753' title='bbox 1255 5610 1370 5682; x_wconf 76' lang='grc' dir='ltr'><strong>τὴν</strong></span> <span class='ocrx_word' id='word_1_754' title='bbox 1425 5611 1762 5682; x_wconf 76' lang='grc' dir='ltr'>ἄπταιστον·</span> <span class='ocrx_word' id='word_1_755' title='bbox 1821 5611 2067 5680; x_wconf 74' lang='grc' dir='ltr'>γνῶσιν.</span> 
     </span>
    </p>
   </div>
   <div class='ocr_carea' id='block_1_106' title="bbox 499 5681 2072 5752">
    <p class='ocr_par' dir='ltr' id='par_1_106' title="bbox 499 5681 2072 5752">
     <span class='ocr_line' id='line_1_106' title="bbox 499 5681 2072 5752; baseline 0 -16"><span class='ocrx_word' id='word_1_756' title='bbox 499 5681 662 5752; x_wconf 78' lang='lat' dir='ltr'><strong>Quasi</strong></span> <span class='ocrx_word' id='word_1_757' title='bbox 684 5682 906 5752; x_wconf 75' lang='lat' dir='ltr'><strong>absque</strong></span> <span class='ocrx_word' id='word_1_758' title='bbox 935 5681 1048 5736; x_wconf 92' lang='lat' dir='ltr'><strong>ullo</strong></span> <span class='ocrx_word' id='word_1_759' title='bbox 1074 5695 1287 5752; x_wconf 79' lang='lat' dir='ltr'><strong>errore,</strong></span> <span class='ocrx_word' id='word_1_760' title='bbox 1315 5681 1369 5734; x_wconf 89' lang='lat' dir='ltr'><strong>in</strong></span> <span class='ocrx_word' id='word_1_761' title='bbox 1402 5696 1509 5751; x_wconf 85' lang='lat' dir='ltr'><strong>qua</strong></span> <span class='ocrx_word' id='word_1_762' title='bbox 1534 5697 1645 5734; x_wconf 87' lang='lat' dir='ltr'><strong>non</strong></span> <span class='ocrx_word' id='word_1_763' title='bbox 1672 5681 1745 5737; x_wconf 91' lang='lat' dir='ltr'><strong>sit</strong></span> <span class='ocrx_word' id='word_1_764' title='bbox 1767 5683 2072 5752; x_wconf 89' lang='lat' dir='ltr'><strong>impingere</strong></span> 
     </span>
    </p>
   </div>
   <div class='ocr_carea' id='block_1_107' title="bbox 497 5750 2075 5823">
    <p class='ocr_par' dir='ltr' id='par_1_107' title="bbox 497 5750 2075 5823">
     <span class='ocr_line' id='line_1_107' title="bbox 497 5750 2075 5823; baseline 0.001 -19"><span class='ocrx_word' id='word_1_765' title='bbox 497 5761 556 5805; x_wconf 90' lang='lat' dir='ltr'><strong>et</strong></span> <span class='ocrx_word' id='word_1_766' title='bbox 583 5751 718 5804; x_wconf 89' lang='lat' dir='ltr'><strong>labi.</strong></span> <span class='ocrx_word' id='word_1_767' title='bbox 751 5750 938 5823; x_wconf 79' lang='lat' dir='ltr'><strong>Utitur</strong></span> <span class='ocrx_word' id='word_1_768' title='bbox 967 5765 1110 5819; x_wconf 61' lang='grc' dir='ltr'>δεῦρο</span> <span class='ocrx_word' id='word_1_769' title='bbox 1141 5750 1548 5823; x_wconf 69' lang='lat' dir='ltr'><strong>Maximuspro</strong></span> <span class='ocrx_word' id='word_1_770' title='bbox 1566 5759 1716 5805; x_wconf 85' lang='lat' dir='ltr'><strong>certa</strong></span> <span class='ocrx_word' id='word_1_771' title='bbox 1752 5750 1863 5823; x_wconf 80' lang='lat' dir='ltr'><strong>jam</strong></span> <span class='ocrx_word' id='word_1_772' title='bbox 1894 5750 2075 5822; x_wconf 79' lang='lat' dir='ltr'><strong>perfe-</strong></span> 
     </span>
    </p>
   </div>
   <div class='ocr_carea' id='block_1_108' title="bbox 501 5819 2070 5891">
    <p class='ocr_par' dir='ltr' id='par_1_108' title="bbox 501 5819 2070 5891">
     <span class='ocr_line' id='line_1_108' title="bbox 501 5819 2070 5891; baseline -0.002 -12"><span class='ocrx_word' id='word_1_773' title='bbox 501 5831 696 5890; x_wconf 78' lang='lat' dir='ltr'><strong>ctaque</strong></span> <span class='ocrx_word' id='word_1_774' title='bbox 731 5819 984 5887; x_wconf 88' lang='lat' dir='ltr'><strong>scicntia,</strong></span> <span class='ocrx_word' id='word_1_775' title='bbox 1029 5835 1138 5876; x_wconf 88' lang='lat' dir='ltr'><strong>non</strong></span> <span class='ocrx_word' id='word_1_776' title='bbox 1178 5819 1550 5886; x_wconf 40' lang='lat' dir='ltr'><strong>morum,’sed</strong></span> <span class='ocrx_word' id='word_1_777' title='bbox 1612 5819 2070 5891; x_wconf 81' lang='lat' dir='ltr'><strong>speculabilium;</strong></span> 
     </span>
    </p>
   </div>
   <div class='ocr_carea' id='block_1_109' title="bbox 2175 4910 3752 4980">
    <p class='ocr_par' dir='ltr' id='par_1_109' title="bbox 2175 4910 3752 4980">
     <span class='ocr_line' id='line_1_109' title="bbox 2175 4910 3752 4980; baseline -0.004 -10"><span class='ocrx_word' id='word_1_778' title='bbox 2175 4913 2256 4970; x_wconf 85' lang='lat' dir='ltr'><strong>uti</strong></span> <span class='ocrx_word' id='word_1_779' title='bbox 2282 4913 2372 4968; x_wconf 91' lang='lat' dir='ltr'><strong>hic</strong></span> <span class='ocrx_word' id='word_1_780' title='bbox 2394 4913 2584 4969; x_wconf 85' lang='lat' dir='ltr'><strong>etiam.</strong></span> <span class='ocrx_word' id='word_1_781' title='bbox 2613 4911 2672 4966; x_wconf 88' lang='lat' dir='ltr'><strong>ld</strong></span> <span class='ocrx_word' id='word_1_782' title='bbox 2693 4913 2841 4967; x_wconf 89' lang='lat' dir='ltr'><strong>enim</strong></span> <span class='ocrx_word' id='word_1_783' title='bbox 2863 4911 2974 4965; x_wconf 89' lang='grc' dir='ltr'><strong>τῶν</strong></span> <span class='ocrx_word' id='word_1_784' title='bbox 2991 4912 3293 4980; x_wconf 85' lang='grc' dir='ltr'>γεγονότων</span> <span class='ocrx_word' id='word_1_785' title='bbox 3311 4912 3519 4980; x_wconf 87' lang='grc' dir='ltr'>γνῶσις</span> <span class='ocrx_word' id='word_1_786' title='bbox 3543 4931 3557 4944; x_wconf 73' lang='grc' dir='ltr'><strong>ο</strong></span> <span class='ocrx_word' id='word_1_787' title='bbox 3584 4910 3752 4966; x_wconf 86' lang='lat' dir='ltr'><strong>Scien-</strong></span> 
     </span>
    </p>
   </div>
   <div class='ocr_carea' id='block_1_110' title="bbox 2176 4982 3750 5053">
    <p class='ocr_par' dir='ltr' id='par_1_110' title="bbox 2176 4982 3750 5053">
     <span class='ocr_line' id='line_1_110' title="bbox 2176 4982 3750 5053; baseline -0.004 -15"><span class='ocrx_word' id='word_1_788' title='bbox 2176 4985 2253 5038; x_wconf 87' lang='lat' dir='ltr'><strong>tia</strong></span> <span class='ocrx_word' id='word_1_789' title='bbox 2300 4999 2486 5038; x_wconf 86' lang='lat' dir='ltr'><strong>rerum</strong></span> <span class='ocrx_word' id='word_1_790' title='bbox 2521 4999 2550 5037; x_wconf 89' lang='lat' dir='ltr'><strong>a</strong></span> <span class='ocrx_word' id='word_1_791' title='bbox 2583 4983 2696 5038; x_wconf 86' lang='lat' dir='ltr'><strong>Deo</strong></span> <span class='ocrx_word' id='word_1_792' title='bbox 2722 4982 3108 5053; x_wconf 88' lang='lat' dir='ltr'><strong>conditarum;</strong></span> <span class='ocrx_word' id='word_1_793' title='bbox 3157 4983 3316 5053; x_wconf 86' lang='lat' dir='ltr'><strong>cujus</strong></span> <span class='ocrx_word' id='word_1_794' title='bbox 3341 4982 3614 5053; x_wconf 84' lang='lat' dir='ltr'><strong>perfectio</strong></span> <span class='ocrx_word' id='word_1_795' title='bbox 3644 4982 3750 5048; x_wconf 86' lang='lat' dir='ltr'><strong>ipsa</strong></span> 
     </span>
    </p>
   </div>
   <div class='ocr_carea' id='block_1_111' title="bbox 2173 5052 3754 5122">
    <p class='ocr_par' dir='ltr' id='par_1_111' title="bbox 2173 5052 3754 5122">
     <span class='ocr_line' id='line_1_111' title="bbox 2173 5052 3754 5122; baseline -0.003 -16"><span class='ocrx_word' id='word_1_796' title='bbox 2173 5054 2384 5108; x_wconf 87' lang='lat' dir='ltr'><strong>veritas</strong></span> <span class='ocrx_word' id='word_1_797' title='bbox 2409 5060 2465 5107; x_wconf 90' lang='lat' dir='ltr'><strong>et</strong></span> <span class='ocrx_word' id='word_1_798' title='bbox 2495 5052 2797 5106; x_wconf 88' lang='lat' dir='ltr'><strong>certitudo.</strong></span> <span class='ocrx_word' id='word_1_799' title='bbox 2825 5053 2945 5122; x_wconf 76' lang='lat' dir='ltr'><strong>Non</strong></span> <span class='ocrx_word' id='word_1_800' title='bbox 2969 5052 3112 5106; x_wconf 88' lang='lat' dir='ltr'><strong>bene</strong></span> <span class='ocrx_word' id='word_1_801' title='bbox 3132 5052 3319 5122; x_wconf 88' lang='lat' dir='ltr'><strong>itaque</strong></span> <span class='ocrx_word' id='word_1_802' title='bbox 3354 5052 3541 5116; x_wconf 84' lang='lat' dir='ltr'><strong>Picus,</strong></span> <span class='ocrx_word' id='word_1_803' title='bbox 3577 5053 3754 5122; x_wconf 64' lang='lat' dir='ltr'><strong>immrt-</strong></span> 
     </span>
    </p>
   </div>
   <div class='ocr_carea' id='block_1_112' title="bbox 2175 5120 3750 5193">
    <p class='ocr_par' dir='ltr' id='par_1_112' title="bbox 2175 5120 3750 5193">
     <span class='ocr_line' id='line_1_112' title="bbox 2175 5120 3750 5193; baseline -0.006 -16"><span class='ocrx_word' id='word_1_804' title='bbox 2175 5123 2413 5177; x_wconf 75' lang='lat' dir='ltr'><strong>culatam</strong></span> <span class='ocrx_word' id='word_1_805' title='bbox 2447 5123 2628 5178; x_wconf 86' lang='lat' dir='ltr'><strong>reddit</strong></span> <span class='ocrx_word' id='word_1_806' title='bbox 2662 5139 2678 5176; x_wconf 91' lang='lat'><strong><em>:</em></strong></span> <span class='ocrx_word' id='word_1_807' title='bbox 2721 5122 2863 5176; x_wconf 88' lang='lat' dir='ltr'><strong>forte</strong></span> <span class='ocrx_word' id='word_1_808' title='bbox 2903 5121 3137 5193; x_wconf 82' lang='lat' dir='ltr'><strong>llesych.</strong></span> <span class='ocrx_word' id='word_1_809' title='bbox 3181 5120 3401 5193; x_wconf 83' lang='lat' dir='ltr'><strong>fretus,</strong></span> <span class='ocrx_word' id='word_1_810' title='bbox 3449 5123 3540 5176; x_wconf 92' lang='lat' dir='ltr'><strong>cui</strong></span> <span class='ocrx_word' id='word_1_811' title='bbox 3572 5120 3750 5174; x_wconf 84' lang='grc' dir='ltr'>ἀπταί-</span> 
     </span>
    </p>
   </div>
   <div class='ocr_carea' id='block_1_113' title="bbox 2179 5192 3749 5261">
    <p class='ocr_par' dir='ltr' id='par_1_113' title="bbox 2179 5192 3749 5261">
     <span class='ocr_line' id='line_1_113' title="bbox 2179 5192 3749 5261; baseline -0.001 -16"><span class='ocrx_word' id='word_1_812' title='bbox 2179 5210 2340 5256; x_wconf 85' lang='grc' dir='ltr'>στως,</span> <span class='ocrx_word' id='word_1_813' title='bbox 2386 5193 2826 5260; x_wconf 85' lang='grc' dir='ltr'>ἀκαταγνώστως</span> <span class='ocrx_word' id='word_1_814' title='bbox 2864 5202 2970 5252; x_wconf 86' lang='lat' dir='ltr'><strong>est,</strong></span> <span class='ocrx_word' id='word_1_815' title='bbox 3019 5192 3305 5261; x_wconf 83' lang='lat' dir='ltr'><strong>refertque</strong></span> <span class='ocrx_word' id='word_1_816' title='bbox 3338 5192 3536 5246; x_wconf 81' lang='lat' dir='ltr'><strong>Varin.</strong></span> <span class='ocrx_word' id='word_1_817' title='bbox 3571 5201 3749 5261; x_wconf 73' lang='lat' dir='ltr'><strong>verum</strong></span> 
     </span>
    </p>
   </div>
   <div class='ocr_carea' id='block_1_114' title="bbox 2176 5258 3751 5318">
    <p class='ocr_par' dir='ltr' id='par_1_114' title="bbox 2176 5258 3751 5318">
     <span class='ocr_line' id='line_1_114' title="bbox 2176 5258 3751 5318; baseline -0.004 -1"><span class='ocrx_word' id='word_1_818' title='bbox 2176 5262 2232 5317; x_wconf 90' lang='lat' dir='ltr'><strong>id</strong></span> <span class='ocrx_word' id='word_1_819' title='bbox 2271 5277 2396 5316; x_wconf 89' lang='lat' dir='ltr'><strong>cum</strong></span> <span class='ocrx_word' id='word_1_820' title='bbox 2429 5263 2498 5318; x_wconf 90' lang='lat' dir='ltr'><strong>de</strong></span> <span class='ocrx_word' id='word_1_821' title='bbox 2535 5258 2754 5317; x_wconf 87' lang='lat' dir='ltr'><strong>morum</strong></span> <span class='ocrx_word' id='word_1_822' title='bbox 2788 5261 3001 5316; x_wconf 84' lang='lat' dir='ltr'><strong>offensa</strong></span> <span class='ocrx_word' id='word_1_823' title='bbox 3032 5258 3230 5317; x_wconf 53' lang='lat' dir='ltr'><strong>sermo&#39;</strong></span> <span class='ocrx_word' id='word_1_824' title='bbox 3261 5262 3352 5317; x_wconf 87' lang='lat' dir='ltr'><strong>sit.</strong></span> <span class='ocrx_word' id='word_1_825' title='bbox 3403 5261 3562 5317; x_wconf 89' lang='lat' dir='ltr'><strong>Suid.</strong></span> <span class='ocrx_word' id='word_1_826' title='bbox 3589 5258 3751 5314; x_wconf 78' lang='lat' dir='ltr'><strong>addu-</strong></span> 
     </span>
    </p>
   </div>
   <div class='ocr_carea' id='block_1_115' title="bbox 2177 5329 3750 5402">
    <p class='ocr_par' dir='ltr' id='par_1_115' title="bbox 2177 5329 3750 5402">
     <span class='ocr_line' id='line_1_115' title="bbox 2177 5329 3750 5402; baseline -0.004 -16"><span class='ocrx_word' id='word_1_827' title='bbox 2177 5341 2323 5387; x_wconf 90' lang='lat' dir='ltr'><strong>ctam</strong></span> <span class='ocrx_word' id='word_1_828' title='bbox 2369 5348 2562 5386; x_wconf 90' lang='lat' dir='ltr'><strong>vocem</strong></span> <span class='ocrx_word' id='word_1_829' title='bbox 2606 5348 2715 5386; x_wconf 88' lang='lat' dir='ltr'><strong>non</strong></span> <span class='ocrx_word' id='word_1_830' title='bbox 2746 5332 3020 5402; x_wconf 85' lang='lat' dir='ltr'><strong>exposuit,</strong></span> <span class='ocrx_word' id='word_1_831' title='bbox 3060 5331 3207 5400; x_wconf 86' lang='lat' dir='ltr'><strong>quod</strong></span> <span class='ocrx_word' id='word_1_832' title='bbox 3241 5347 3305 5385; x_wconf 85' lang='lat' dir='ltr'><strong>ex</strong></span> <span class='ocrx_word' id='word_1_833' title='bbox 3339 5331 3612 5402; x_wconf 83' lang='lat' dir='ltr'><strong>simplicis</strong></span> <span class='ocrx_word' id='word_1_834' title='bbox 3645 5329 3750 5397; x_wconf 89' lang='lat' dir='ltr'><strong>ipsa</strong></span> 
     </span>
    </p>
   </div>
   <div class='ocr_carea' id='block_1_116' title="bbox 2179 5401 3575 5472">
    <p class='ocr_par' dir='ltr' id='par_1_116' title="bbox 2179 5401 3575 5472">
     <span class='ocr_line' id='line_1_116' title="bbox 2179 5401 3575 5472; baseline -0.002 -15"><span class='ocrx_word' id='word_1_835' title='bbox 2179 5403 2416 5462; x_wconf 87' lang='lat' dir='ltr'><strong>ratione.</strong></span> <span class='ocrx_word' id='word_1_836' title='bbox 2457 5418 2556 5472; x_wconf 91' lang='lat' dir='ltr'><strong>pro</strong></span> <span class='ocrx_word' id='word_1_837' title='bbox 2583 5401 2833 5472; x_wconf 83' lang='lat' dir='ltr'><strong>subjecta</strong></span> <span class='ocrx_word' id='word_1_838' title='bbox 2865 5401 3098 5472; x_wconf 83' lang='lat' dir='ltr'><strong>materia</strong></span> <span class='ocrx_word' id='word_1_839' title='bbox 3121 5401 3452 5472; x_wconf 78' lang='lat' dir='ltr'><strong>exponenda</strong></span> <span class='ocrx_word' id='word_1_840' title='bbox 3484 5402 3575 5457; x_wconf 88' lang='lat' dir='ltr'><strong>sit.</strong></span> 
     </span>
    </p>
   </div>
   <div class='ocr_carea' id='block_1_117' title="bbox 2251 5467 3749 5542">
    <p class='ocr_par' dir='ltr' id='par_1_117' title="bbox 2251 5467 3749 5542">
     <span class='ocr_line' id='line_1_117' title="bbox 2251 5467 3749 5542; baseline -0.004 -14"><span class='ocrx_word' id='word_1_841' title='bbox 2251 5472 2326 5542; x_wconf 81' lang='lat' dir='ltr'><strong>(q)</strong></span> <span class='ocrx_word' id='word_1_842' title='bbox 2366 5467 2471 5538; x_wconf 77' lang='grc' dir='ltr'><strong>Εἰςῖ</strong></span> <span class='ocrx_word' id='word_1_843' title='bbox 2491 5473 2598 5524; x_wconf 83' lang='grc' dir='ltr'><strong>τὸν</strong></span> <span class='ocrx_word' id='word_1_844' title='bbox 2622 5467 2764 5539; x_wconf 65' lang='grc' dir='ltr'>ὅρον</span> <span class='ocrx_word' id='word_1_845' title='bbox 2793 5470 3168 5542; x_wconf 62' lang='grc' dir='ltr'>συνετέλουν</span> <span class='ocrx_word' id='word_1_846' title='bbox 3185 5467 3258 5538; x_wconf 62' lang='grc' dir='ltr'>τῆ</span> <span class='ocrx_word' id='word_1_847' title='bbox 3267 5492 3297 5536; x_wconf 89' lang='grc' dir='ltr'><strong>ς</strong></span> <span class='ocrx_word' id='word_1_848' title='bbox 3316 5473 3581 5538; x_wconf 68' lang='grc' dir='ltr'>φύσεως.</span> <span class='ocrx_word' id='word_1_849' title='bbox 3599 5467 3749 5542; x_wconf 71' lang='grc' dir='ltr'>ρυειξί</span> 
     </span>
    </p>
   </div>
   <div class='ocr_carea' id='block_1_118' title="bbox 2179 5535 3750 5611">
    <p class='ocr_par' dir='ltr' id='par_1_118' title="bbox 2179 5535 3750 5611">
     <span class='ocr_line' id='line_1_118' title="bbox 2179 5535 3750 5611; baseline -0.004 -15"><span class='ocrx_word' id='word_1_850' title='bbox 2179 5535 2664 5605; x_wconf 69' lang='lat' dir='ltr'><strong>contribuerentur,</strong></span> <span class='ocrx_word' id='word_1_851' title='bbox 2692 5541 2921 5610; x_wconf 86' lang='lat' dir='ltr'><strong>etquod</strong></span> <span class='ocrx_word' id='word_1_852' title='bbox 2947 5541 3226 5611; x_wconf 85' lang='lat' dir='ltr'><strong>vulgatius</strong></span> <span class='ocrx_word' id='word_1_853' title='bbox 3246 5535 3253 5538; x_wconf 67' lang='grc'><em>’</em></span> <span class='ocrx_word' id='word_1_854' title='bbox 3275 5535 3594 5611; x_wconf 61' lang='grc' dir='ltr'>διἀιίιιειιιιο</span> <span class='ocrx_word' id='word_1_855' title='bbox 3635 5535 3750 5591; x_wconf 81' lang='lat' dir='ltr'><strong>red-</strong></span> 
     </span>
    </p>
   </div>
   <div class='ocr_carea' id='block_1_119' title="bbox 2179 5609 3746 5682">
    <p class='ocr_par' dir='ltr' id='par_1_119' title="bbox 2179 5609 3746 5682">
     <span class='ocr_line' id='line_1_119' title="bbox 2179 5609 3746 5682; baseline -0.005 -16"><span class='ocrx_word' id='word_1_856' title='bbox 2179 5611 2320 5674; x_wconf 86' lang='lat' dir='ltr'><strong>didi,</strong></span> <span class='ocrx_word' id='word_1_857' title='bbox 2351 5621 2674 5682; x_wconf 82' lang='lat' dir='ltr'><strong>spectarent,</strong></span> <span class='ocrx_word' id='word_1_858' title='bbox 2710 5609 3036 5682; x_wconf 71' lang='lat' dir='ltr'><strong>pertinerent</strong></span> <span class='ocrx_word' id='word_1_859' title='bbox 3054 5609 3128 5682; x_wconf 60' lang='lat' dir='ltr'><strong>ad</strong></span> <span class='ocrx_word' id='word_1_860' title='bbox 3152 5621 3356 5682; x_wconf 76' lang='lat' dir='ltr'><strong>natura:</strong></span> <span class='ocrx_word' id='word_1_861' title='bbox 3386 5609 3746 5679; x_wconf 74' lang='lat' dir='ltr'><strong>deﬁnitionem.</strong></span> 
     </span>
    </p>
   </div>
   <div class='ocr_carea' id='block_1_120' title="bbox 2179 5681 3750 5751">
    <p class='ocr_par' dir='ltr' id='par_1_120' title="bbox 2179 5681 3750 5751">
     <span class='ocr_line' id='line_1_120' title="bbox 2179 5681 3750 5751; baseline -0.006 -15"><span class='ocrx_word' id='word_1_862' title='bbox 2179 5682 2330 5736; x_wconf 80' lang='lat' dir='ltr'><strong>Nihil</strong></span> <span class='ocrx_word' id='word_1_863' title='bbox 2373 5681 2512 5737; x_wconf 87' lang='lat' dir='ltr'><strong>bene</strong></span> <span class='ocrx_word' id='word_1_864' title='bbox 2547 5681 2756 5736; x_wconf 85' lang='lat' dir='ltr'><strong>Picus:</strong></span> <span class='ocrx_word' id='word_1_865' title='bbox 2799 5681 3112 5751; x_wconf 12' lang='lat' dir='ltr'><strong>Etenimgad</strong></span> <span class='ocrx_word' id='word_1_866' title='bbox 3141 5681 3320 5751; x_wconf 7' lang='lat' dir='ltr'><strong>ﬁnem,</strong></span> <span class='ocrx_word' id='word_1_867' title='bbox 3350 5696 3554 5751; x_wconf 73' lang='lat' dir='ltr'><strong>quoque</strong></span> <span class='ocrx_word' id='word_1_868' title='bbox 3586 5685 3750 5731; x_wconf 81' lang='lat' dir='ltr'><strong>contu-</strong></span> 
     </span>
    </p>
   </div>
   <div class='ocr_carea' id='block_1_121' title="bbox 2182 5749 3746 5820">
    <p class='ocr_par' dir='ltr' id='par_1_121' title="bbox 2182 5749 3746 5820">
     <span class='ocr_line' id='line_1_121' title="bbox 2182 5749 3746 5820; baseline -0.004 -15"><span class='ocrx_word' id='word_1_869' title='bbox 2182 5751 2382 5806; x_wconf 75' lang='lat' dir='ltr'><strong>lissent.</strong></span> <span class='ocrx_word' id='word_1_870' title='bbox 2425 5751 2588 5806; x_wconf 86' lang='lat' dir='ltr'><strong>Aliud</strong></span> <span class='ocrx_word' id='word_1_871' title='bbox 2620 5753 2765 5820; x_wconf 81' lang='grc' dir='ltr'>ὅρος,</span> <span class='ocrx_word' id='word_1_872' title='bbox 2811 5752 2955 5806; x_wconf 89' lang='lat' dir='ltr'><strong>alius</strong></span> <span class='ocrx_word' id='word_1_873' title='bbox 3005 5749 3179 5806; x_wconf 84' lang='lat' dir='ltr'><strong>linis:</strong></span> <span class='ocrx_word' id='word_1_874' title='bbox 3222 5749 3326 5806; x_wconf 90' lang='lat' dir='ltr'><strong>etsi</strong></span> <span class='ocrx_word' id='word_1_875' title='bbox 3360 5749 3746 5820; x_wconf 34' lang='grc' dir='ltr'>’ὅροςηιιυοιιυεδ</span> 
     </span>
    </p>
   </div>
   <div class='ocr_carea' id='block_1_122' title="bbox 2182 5809 3744 5894">
    <p class='ocr_par' dir='ltr' id='par_1_122' title="bbox 2182 5809 3744 5894">
     <span class='ocr_line' id='line_1_122' title="bbox 2182 5809 3744 5894; baseline -0.004 -18"><span class='ocrx_word' id='word_1_876' title='bbox 2182 5822 2436 5878; x_wconf 77' lang='lat' dir='ltr'><strong>terminus</strong></span> <span class='ocrx_word' id='word_1_877' title='bbox 2484 5809 2867 5891; x_wconf 50' lang='lat' dir='ltr'><strong>dicitu&#39;r,&quot;qui</strong></span> <span class='ocrx_word' id='word_1_878' title='bbox 2907 5821 3024 5894; x_wconf 88' lang='lat' dir='ltr'><strong>ipsa</strong></span> <span class='ocrx_word' id='word_1_879' title='bbox 3051 5820 3301 5877; x_wconf 80' lang='lat' dir='ltr'><strong>definitio</strong></span> <span class='ocrx_word' id='word_1_880' title='bbox 3337 5809 3446 5876; x_wconf 74' lang='lat' dir='ltr'><strong>est.</strong></span> <span class='ocrx_word' id='word_1_881' title='bbox 3481 5809 3744 5876; x_wconf 38' lang='lat' dir='ltr'><strong>Etiam—16</strong></span> 
     </span>
    </p>
   </div>
  </div>
