4020 6410
310 422 443 488 1205

1013 421 1351 485 CAPITUM
1388 420 1814 494 QUINOUIES
1848 420 2373 484 CENTENORUM
2412 423 2799 484 CENTURIA
2838 422 2880 484 Ι.

3431 415 3567 480 1206

302 530 561 594 Νυσαέως
611 531 850 602 μεγάλου
900 530 1207 602 Γρηγορίου
1260 530 1491 601 μαθὼν,
1547 533 1631 586 ὅτι
1666 529 1756 584 διὰ
1785 529 1882 603 τὴν

2010 551 2248 607 nagnum
2280 534 2608 605 Gregorium
2637 534 2945 603 Nyssenum
2979 530 3100 603 (lib.
3129 529 3202 585 De
3235 527 3446 599 opiﬁcio
3480 530 3577 583 ho-

299 624 399 694 τῆς
456 624 794 694 τελειότητος
841 624 1155 689 ἔκπτωσιν,
1215 624 1516 694 ἐπεισήχθη
1559 623 1757 683 ταῦτα,
1804 621 1883 693 τῷ

301 716 609 786 ἁλογοτέρῳ
657 715 816 786 μέρει
860 714 1209 785 προσφυέντα
1253 714 1352 783 τῆς
1387 714 1639 783 φύσεως·
1695 716 1762 769 δι’
1784 707 1880 779 ὧν,

300 808 421 860 ἀντὶ
467 809 569 878 τῆς
620 806 894 878 μακαρίας
948 806 1042 859 καὶ
1084 805 1235 869 θείας
1272 805 1519 870 εἰκόνος,
1577 806 1740 871 εὐθὺς
1766 808 1884 877 ἅμα

300 902 368 970 τῇ
395 899 728 968 παραϐάσει,
749 898 1015 969 διαφανὴς
1038 900 1132 953 καὶ
1158 897 1411 968 ἐπίδηλος
1432 900 1491 952 ὲν
1511 899 1590 970 τῷ
1611 899 1887 970 ἀνθρώπῳ

305 990 528 1059 γέγονεν
576 991 610 1059 ἡ
658 989 767 1042 τῶν
813 989 1027 1057 ἀλόγων
1068 987 1224 1052 ζώων
1271 990 1554 1060 ὁμοίωσις.
1594 992 1742 1045 Ἔδει
1780 991 1889 1063 γὰρ

303 1082 405 1153 τῆς
440 1081 602 1146 ἀξίας
643 1082 736 1136 τοῦ
767 1082 927 1150 λόγου
955 1082 1327 1153 καλυφθείσης
1351 1121 1367 1147 ,
1425 1084 1518 1153 ὑφ’
1538 1079 1613 1139 ὧν
1643 1086 1888 1140 ἐπεσπά-

306 1190 442 1226 σατο
473 1175 575 1242 τῆς
608 1173 835 1241 ἀλογίας
863 1174 1261 1243 γνωρισμάτων
1284 1216 1299 1239 ,
1354 1173 1578 1238 ἐνδίκως
1604 1175 1703 1245 τὴν
1728 1175 1891 1243 φύσιν

302 1265 417 1317 τῶν
472 1264 775 1336 ἀνθρώπων
821 1264 1178 1329 κολάζεσθαι·
1218 1266 1399 1333 σοφῶς
1427 1266 1507 1328 είς
1536 1266 1892 1337 συναίσθησιν

303 1354 411 1423 τῆς
461 1356 688 1424 λογικῆς
739 1357 1094 1427 μεγαλονοίας
1137 1356 1312 1411 ἐλθεῖν
1352 1357 1765 1429 οἱκονομοῦντος
1797 1356 1891 1411 τοῦ

303 1446 457 1501 Θεοῦ·
473 1449 567 1501 τὸν
591 1448 903 1519 ἄνθρωπον.

382 1625 491 1690 Eg’.
524 1623 683 1678 Καλά
705 1625 918 1693 γίνεται
946 1626 1041 1680 καὶ
1065 1625 1133 1679 τὰ
1157 1626 1304 1697 πάθη
1335 1628 1394 1681 ιν
1418 1628 1531 1690 τοῖς
1561 1626 1893 1695 σπουδαίοις,

302 1715 548 1784 ὁπηνίκα
582 1715 760 1785 σοφῶς
789 1716 929 1771 αύτά
954 1716 1064 1771 τῶν
1096 1718 1426 1789 σωματικῶν
1457 1718 1894 1788 ἀποστήσαντες,

304 1806 453 1877 πρὸς
501 1807 603 1877 τὴν
653 1808 764 1861 τῶν
815 1809 1083 1880 οὐρανίων
1130 1809 1640 1880 μεταχειριζὼμεθα
1678 1811 1893 1880 κτῆσιν·

1992 630 2195 699 minis),
2230 643 2299 684 eo
2328 626 2475 697 quod
2509 626 2707 680 amissa
2747 623 3012 694 perfectio
3045 631 3184 687 erat,
3209 620 3576 678 subintrodu-

1993 732 2082 778 cta
2118 722 2253 785 hac,
2288 720 2339 775 ei
2364 718 2533 774 animi
2570 718 2714 787 parti
2738 716 3094 780 cohaerentia,
3129 730 3251 785 qua:
3288 730 3319 769 a
3359 714 3577 769 ratione

1995 813 2264 869 remotior
2296 818 2382 867 est
2416 810 2678 880 :quibus,
2712 810 2834 863 loco
2886 808 3058 862 beatae
3086 808 3397 876 divinaeque
3441 807 3578 860 ima-

1996 905 2161 977 ginis,
2215 905 2400 959 statim
2434 917 2464 956 a
2516 901 2989 971 transgressione,
3027 898 3270 954 dilucida
3320 913 3384 954 ac
3426 899 3576 953 clara

1997 998 2291 1053 brutarum
2323 993 2687 1049 animantium
2718 991 3026 1047 similitudo
3052 991 3107 1044 in
3143 988 3367 1043 homine
3402 988 3577 1043 exsti-

1997 1091 2083 1145 tit.
2111 1088 2353 1144 Decebat
2382 1085 2530 1140 enim
2563 1083 2797 1140 rationis
2840 1081 3159 1154 praestantia
3193 1080 3248 1134 in
3276 1080 3577 1134 obscurum

1996 1185 2207 1243 coacta,
2261 1177 2460 1231 merito
2508 1175 2695 1246 puniri
2751 1174 3055 1229 humanum
3101 1187 3294 1242 genus,
3328 1170 3395 1224 iis
3444 1183 3580 1238 quas

1997 1267 2288 1330 asciverat,
2337 1272 2550 1320 natura:
2585 1262 2831 1318 carentis
2867 1261 3080 1316 ratione
3109 1261 3289 1325 notis;
3325 1260 3439 1313 Deo
3485 1273 3575 1311 sa-

1998 1357 2345 1428 pientissime
2400 1354 2751 1423 disponente,
2808 1360 2871 1405 ut
2902 1367 3004 1421 per
3044 1351 3195 1406 hunc
3238 1348 3487 1413 modum,
3520 1348 3578 1402 in

2000 1448 2290 1505 rationalis
2318 1445 2652 1518 praestantiae
2676 1443 2846 1499 animi
2875 1457 3100 1499 sensum
3145 1442 3311 1497 homo
3336 1440 3581 1496 adduce-

2000 1548 2181 1597 retur.

2072 1632 2162 1688 66.
2199 1631 2338 1701 Ipsae
2386 1643 2611 1699 quoque
2645 1627 2970 1698 passiones,
3026 1624 3370 1694 affectusque
3413 1622 3471 1677 in
3513 1623 3583 1677 iis

2000 1723 2099 1793 qui
2131 1721 2386 1785 studiosi,
2426 1718 2758 1789 honestique
2778 1718 3021 1773 cultores
3048 1722 3199 1781 sunt,
3222 1714 3354 1769 boni
3377 1729 3442 1769 ac
3465 1713 3585 1768 lau-

2002 1814 2217 1872 dabiles
2246 1813 2595 1877 redduntur;
2625 1825 2751 1866 cum
2782 1809 3066 1880 sapienter
3095 1824 3126 1862 a
3152 1807 3438 1877 corporeis
3457 1820 3586 1860 avo-

302 1895 445 1963 οἷον,
505 1900 593 1952 ὅτε
626 1900 725 1971 τὴν
754 1900 853 1971 μὲν
883 1901 1200 1972 ἐπιθυμίαν,
1250 1902 1348 1971 τῆς
1373 1903 1565 1973 νοερᾶς
1588 1903 1697 1955 τῶν
1727 1904 1889 1957 θείων

2010 1915 2187 1962 tantes
2212 1904 2280 1960 ad
2304 1901 2675 1973 comparanda
2694 1916 2818 1971 qua:
2850 1899 3096 1956 caelestia
3122 1907 3272 1960 sunt,
3303 1912 3401 1952 eos
3423 1913 3586 1952 usur—

303 1988 555 2058 ἐφέσεως
579 1991 871 2062 όρεκτικὴν
894 1992 1245 2062 ἐργασόμεθα
1274 1992 1519 2062 κίνησιν·
1572 1994 1673 2063 τὴν
1699 1993 1895 2065 ἡδονὴν

300 2080 372 2134 δὲ
397 2123 413 2142 ,
444 2084 544 2151 τῆς
573 2082 666 2135 ἐπὶ
693 2085 809 2145 τοῖς
837 2083 1003 2147 θείοις
1032 2083 1334 2155 χαρίσμασι
1366 2083 1460 2135 τοῦ
1485 2083 1575 2137 νοῦ
1606 2083 1899 2153 θελκτικῆς

302 2173 591 2241 ἐνεργείας
624 2173 965 2245 εὐφροσύνην
997 2176 1257 2245 ἀπήμονα
1281 2190 1296 2205 ·
1351 2176 1444 2229 τὸν
1475 2176 1532 2229 δὲ
1577 2176 1765 2244 φόϐον.
1797 2177 1898 2245 τῆς

303 2262 617 2334 μελλούσης
669 2264 763 2317 ἐπὶ
815 2265 1256 2335 πλημμελήμασι
1300 2267 1572 2337 τιμωρίας
1614 2266 1898 2337 προφυλα-

301 2355 509 2425 κτικὴν
538 2355 856 2425 ἐπιμέλειαν
877 2372 891 2388 ·
945 2359 1046 2429 τὴν
1072 2359 1129 2411 δὲ
1156 2359 1336 2429 λύπην
1354 2397 1370 2422 ,
1417 2358 1776 2429 διορθωτικην
1806 2358 1899 2411 ἐπὶ

300 2446 548 2518 παρόντι
588 2446 746 2517 κακῷ
784 2448 1171 2519 μεταμέλειαν.
1226 2450 1335 2503 Καὶ
1376 2450 1658 2520 συντόμως
1700 2450 1899 2515 εἰπεῖν,

301 2539 457 2591 κατά
505 2539 633 2603 τοὺς
677 2541 875 2607 σοφοὺς
917 2541 1028 2593 τῶν
1075 2541 1300 2612 ἰατρῶν,
1351 2540 1564 2612 σώματι
1593 2539 1898 2611 φθαρτικοῦ

302 2626 480 2697 θηρὸς
533 2628 631 2697 τῆς
674 2627 909 2699 ἐχίδνης,
936 2629 1034 2700 τὴν
1062 2627 1227 2683 οὖσαν
1253 2629 1286 2701 ἢ
1319 2629 1705 2701 μελετωμένην
1734 2630 1900 2698 ἀφαι-

306 2718 614 2789 ρουμένους
658 2718 921 2790 λώδησιν,
970 2723 1084 2785 τοῖς
1116 2720 1314 2773 πάθεσι
1344 2720 1556 2784 τούτοις
1582 2722 1718 2792 πρὸς
1745 2721 1899 2773 ἀναίο

307 2825 467 2880 ρεσιν
506 2808 778 2881 χρώμενοι
823 2811 1107 2883 παρούσης
1132 2812 1334 2875 κακίας
1363 2812 1395 2883 ἢ
1423 2811 1897 2884 προσδοκωμένης.

304 2900 412 2953 καὶ
445 2900 640 2971 κτῆσιν
678 2902 773 2954 καὶ
803 2901 1047 2973 φυλακὴν
1074 2901 1278 2971 ἀρετῆς
1303 2920 1365 2954 τε
1399 2902 1494 2955 καὶ
1518 2900 1793 2969 γνώσεως.

1995 2012 2225 2070 pamus;
2263 2003 2325 2050 ut
2376 2009 2528 2058 cum,
2570 1992 2724 2049 verbi
2760 1991 2959 2063 gratia,
2994 1990 3155 2060 526
3197 1988 3583 2059 cupiditatem,

1997 2089 2202 2145 mentis
2231 2095 2440 2143 motum
2458 2085 2773 2157 appetentis
2795 2084 2980 2138 divina
3006 2082 3272 2137 faciemus
3294 2098 3309 2145 ;
3332 2079 3586 2147 volupta-

1999 2188 2134 2245 tem,
2183 2179 2467 2233 innoxiam
2518 2178 2762 2232 animum
2798 2174 3096 2230 mulcentis
3148 2189 3213 2228 ac
3262 2171 3574 2234 illicientis,

1998 2270 2322 2327 divinorum
2351 2269 2622 2324 donorum
2646 2267 2922 2338 largitate,
2945 2265 3287 2337 operationis
3310 2262 3584 2327 laetitiam,

2005 2372 2235 2424 metum,
2260 2361 2434 2416 futuri
2463 2360 2798 2416 delictorum
2822 2373 2986 2414 causa
3012 2356 3291 2427 supplicii,
3314 2355 3389 2409 ob
3411 2368 3589 2423 eaque

2006 2453 2405 2523 impendentis,
2427 2460 2648 2507 cautam
2676 2450 3058 2520 diligentiam;
3083 2447 3362 2503 tristitiam
3386 2444 3590 2500 animi-

2005 2560 2115 2616 que
2145 2545 2416 2608 dolorem,
2452 2558 2561 2614 qua
2586 2558 2833 2614 prtesens
2860 2542 3063 2597 malum
3089 2540 3447 2597 emendemus
3471 2552 3591 2607 pm-

1998 2636 2316 2692 nitentiam.
2352 2636 2556 2706 Atque,
2592 2642 2651 2690 ut
2679 2635 2847 2690 semel
2874 2635 3074 2698 dicam,
3115 2648 3241 2688 cum
3276 2631 3592 2701 sapientum

1999 2728 2344 2783 medicorum
2379 2741 2554 2791 more,
2590 2727 2751 2797 cujus
2778 2726 2833 2779 in
2863 2725 2997 2779 feris
3018 2738 3265 2795 prmsens
3302 2734 3583 2797 venenum

1997 2826 2105 2878 est,
2134 2818 2339 2887 viperae
2391 2832 2649 2886 corpore,
2690 2824 3016 2886 prtcsentem
3063 2829 3161 2871 seu
3206 2813 3589 2869 imminentem

2000 2905 2287 2975 gibberem
2327 2904 2724 2975 depellentium
2747 2945 2761 2969 ,
2810 2904 2897 2959 his
2930 2905 3006 2959 ita
3035 2904 3328 2960 affectibus
3380 2903 3594 2958 utimur

306 2994 511 3049 utillis
532 3004 868 3064 praesentem
898 2995 1165 3050 malitiam
1190 2995 1304 3051 'aut
1332 2995 1713 3050 imminentem
1754 2994 2095 3066 perimamus
2152 3014 2219 3054 ac
2264 3007 2380 3054 tum
2414 2998 2678 3053 virtutem
2735 3006 2849 3051 tum
2892 2996 3179 3052 scientiam
3241 2995 3594 3067 acquiramus

304 3100 383 3139 ac
405 3084 807 3139 custodiamus.

391 3175 487 3241 EC".
536 3177 594 3229 '0
634 3175 735 3245 μὲν
781 3175 882 3246 τῆς
911 3173 1133 3246 πρώτης
1164 3175 1440 3246 Διαθήκης
1471 3175 1653 3245 νόμος,
1684 3173 1775 3228 διὰ
1798 3175 1900 3245 τῆς

2077 3177 2168 3232 67.
2190 3176 2400 3231 Prioris
2422 3175 2766 3231 Testamenti
2792 3176 2901 3238 lex,
2917 3190 3018 3245 per
3042 3190 3163 3229 eam
3188 3175 3593 3245 philosophiam

310 3267 630 3338 πρακτικῆς
659 3266 977 3335 φιλοσοφίας
999 3307 1014 3331 ,
1070 3268 1272 3330 παντὸς
1307 3266 1585 3337 μολυσμοῦ
1618 3268 1714 3338 τὴν
1742 3266 1904 3336 φύσιν

307 3357 706 3428 ἀποκαθαίρει.
749 3358 808 3410 '0
836 3358 893 3411 δὲ
922 3358 1024 3429 τῆς
1049 3358 1276 3428 Καινῆς,
1326 3358 1412 3411 διὰ
1437 3358 1537 3428 τῆς
1568 3359 1907 3431 θεωρητικῆς

316 3449 717 3520 μυσταγῳγίας
735 3490 750 3513 ,
786 3448 893 3503 ἀπὸ
918 3449 1027 3502 τῶν
1056 3449 1386 3519 σωματικῶν
1416 3450 1551 3519 πρὸς
1576 3452 1643 3504 τὰ
1670 3449 1904 3520 συγγενῆ

310 3543 431 3596 τῶν
478 3543 687 3613 νοητῶν
733 3541 984 3613 θεάματα
1009 3581 1025 3608 ,
1088 3540 1179 3594 τὸν
1220 3540 1345 3594 νοῦν
1382 3542 1697 3609 γνωστικῶς
1720 3542 1907 3595 ἀναϐιο

311 3632 505 3697 εάζει.
1095 3680 1102 3687 ,

398 3726 503 3797 ξη’.
552 3724 617 3778 Ἦ
650 3724 771 3778 θεία
804 3723 1028 3795 Γραφὴ,
1080 3722 1209 3787 τοὺς
1238 3723 1337 3793 μὲν
1366 3722 1775 3794 εἰσαγομένους,
1812 3724 1908 3778 καὶ

312 3818 421 3875 ἐπὶ
462 3818 533 3871 τὰ
571 3816 887 3889 προπύλαιά
918 3833 1027 3869 που
1049 3815 1419 3885 τυγχάνοντας
1447 3817 1547 3885 τῆς
1568 3815 1717 3879 θείας
1738 3816 1908 3885 αὐλῆς

314 3908 433 3963 τῶν
456 3908 686 3981 ἀρετῶν,
721 3906 1134 3977 φοϐουμένους
1164 3905 1319 3960 καλεῖ
1338 3912 1350 3924 ⁸
1387 3907 1514 3970 τοὺς
1541 3906 1599 3959 δὲ
1628 3907 1909 3977 κτησαμέ-

316 4021 451 4068 νους
499 4003 811 4074 σύμμετρον
852 4002 967 4067 ἕξιν
1006 4001 1115 4056 τῶν
1156 4003 1277 4056 κατ’
1300 4004 1502 4076 ἀρετὴν
1528 4003 1699 4073 λόγων
1724 4022 1783 4058 τε
1814 4005 1908 4058 καὶ

316 4096 547 4168 τρόπων
572 4136 589 4162 ,
638 4092 779 4149 οἶδεν
830 4094 1116 4166 ὀνομάζειν
1163 4098 1650 4164 προκόπτοντας’
1708 4098 1834 4160 τοὺς
1853 4097 1911 4150 δὲ

319 4188 450 4243 κατ’
476 4188 645 4259 αὐτὴν
698 4188 1014 4257 γνωστικῶς
1064 4188 1165 4259 ἤδη
1213 4189 1613 4258 γεγενημένους
1660 4189 1758 4259 τῆς
1802 4188 1909 4242 τῶν

320 4279 539 4351 ἀρετῶν
573 4279 906 4346 ὲκφαντικῆς
934 4278 1190 4348 ἀληθείας
1222 4278 1318 4349 τὴν
1348 4280 1612 4350 κορυφὴν,
1646 4297 1912 4351 προσαγο-

328 4363 480 4436 ρεύει
509 4365 795 4431 τελείους.
816 4366 872 4418 Ὀ
893 4365 1070 4418 τοίνυν
1083 4367 1182 4437 τὴν
1214 4368 1270 4419 ὲν
1295 4368 1406 4428 τοίς
1424 4367 1655 4421 πάθεσιν
1677 4368 1911 4438 ἀρχαίαν

326 4458 677 4527 ἀναστροφὴν
728 4458 1122 4529 ἀποστραφεὶς,
1173 4460 1267 4512 καὶ
1321 4460 1502 4513 πᾶσαν
1555 4459 1748 4512 ἑαυτοῦ
1812 4458 1910 4529 τὴν

326 4549 573 4602 διάθεσιν
596 4549 685 4603 διὰ
713 4551 803 4603 τὸν
828 4551 991 4619 φόϐον
1038 4549 1350 4613 ἐκδεδωκὼς
1388 4553 1498 4614 τοῖς
1538 4551 1702 4615 θείοις
1743 4568 1908 4622 προσ-

327 4640 630 4710 τάγμασιν,
663 4642 872 4704 οὐδενὸς
894 4642 1058 4695 καλοῦ
1074 4643 1182 4695 τῶν
1210 4642 1582 4710 εἰσαγομένοις
1600 4643 1917 4714 πρεπόντων

330 4730 681 4802 καθυστερεῖο
716 4731 817 4785 κᾶν
846 4732 999 4785 οὔπω
1031 4732 1128 4796 τὴν
1159 4734 1219 4785 ὲν
1242 4733 1463 4803 ἀρεταῖς
1490 4731 1602 4796 ἕξιν
1624 4734 1915 4801 ἐκτήσατο,

336 4822 433 4873 καὶ
477 4821 576 4892 τῆς
628 4823 687 4874 ὲν
728 4825 842 4885 τοῖς
880 4823 1105 4887 τελείοις
1133 4822 1469 4893 λαλουμένης
1508 4822 1699 4893 σοφίας
1728 4823 1920 4890 γέγονε

338 4913 590 4984 μέτοχος.
638 4913 779 4967 Ἀλλ’
811 4914 933 4968 οὐδὲ
983 4915 1011 4967 ὁ
1054 4914 1378 4985 προκόπτων
1405 4955 1421 4981 ,
1478 4914 1584 4968 τῶν
1634 4914 1923 4984 ἐπιϐεϐλη-

409 5026 454 5058 ¹⁷
488 5024 510 5080 I
541 5025 669 5081 Cor.
705 5042 764 5091 ιι,
796 5027 847 5082 6.

340 5137 771 5210 προηγουμένως
804 5154 817 5189 :
848 5152 960 5191 non
978 5138 1133 5210 bene
1154 5139 1218 5193 ab
1244 5140 1395 5210 initio
1428 5155 1447 5210 ς
1481 5147 1586 5203 est,
1620 5140 1790 5210 primo
1820 5155 1918 5195 seu

340 5208 634 5273 primario;
676 5207 852 5278 prima
913 5208 1128 5278 scilicet
1177 5208 1549 5264 destinatione
1578 5250 1591 5272 ,
1621 5207 1691 5263 ac
1760 5211 1919 5278 quasi

342 5278 487 5332 Deus
516 5277 753 5331 creando
781 5277 1085 5342 hominem,
1120 5279 1209 5332 his
1233 5279 1389 5333 illum
1425 5280 1633 5347 stipare
1667 5277 1921 5335 intende-

341 5349 437 5419 rit.
476 5347 947 5419 NegatuMaximus
974 5364 1099 5402 cum
1149 5349 1429 5419 Nysseno;
1465 5364 1529 5403 ac
1560 5365 1753 5403 verum
1802 5366 1923 5403 om-

340 5418 476 5471 nino
505 5417 573 5471 de
606 5417 898 5471 atl‘ectibus
935 5426 995 5472 nt
1034 5428 1163 5472 sunt
1187 5417 1318 5473 vere
1385 5419 1530 5487 πάθη
1569 5435 1663 5473 seu
1698 5428 1919 5487 pertur-

342 5488 615 5558 bationes,
651 5487 959 5557 vitiumque
992 5488 1162 5553 olent,
1201 5504 1305 5543 nec
1338 5488 1580 5558 perfecte
1612 5489 1920 5558 subjiciun-

346 5569 441 5628 tur
470 5557 692 5628 rationi.
730 5558 950 5625 Alioqui
998 5567 1147 5613 certe
1190 5557 1356 5613 etiam
1393 5558 1498 5628 ipsi
1550 5558 1617 5612 ad
1673 5557 1923 5615 heminis

342 5625 719 5683 deﬁnitionem
745 5636 1015 5698 spectant,
1056 5644 1169 5683 non
1198 5625 1429 5698 quidem
1453 5628 1555 5683 sub
1579 5628 1795 5684 formati
1827 5646 1918 5684 ra-

345 5698 495 5751 tione
546 5696 806 5762 hominis,
832 5697 929 5752 sed
964 5707 1023 5752 ut
1061 5696 1231 5753 etiam
1276 5699 1477 5753 animal
1517 5698 1768 5761 exsistit;
1813 5715 1918 5755 nec

342 5767 493 5839 enim
528 5766 696 5821 homo
743 5783 917 5839 purus
951 5770 1168 5823 animus
1202 5784 1266 5824 ac
1304 5785 1459 5823 mens
1501 5776 1617 5832 est,
1652 5768 1707 5821 ni
1739 5768 1932 5839 Orige-

346 5837 507 5892 niane
529 5839 738 5893 sentire
773 5837 1027 5895 velimus.
1058 5838 1378 5910 Passimquc
1419 5839 1685 5895 Maximus
1711 5837 1914 5908 aliique

2007 3284 2132 3339 qua:
2157 3266 2364 3323 actioni
2403 3267 2613 3330 studet,
2650 3267 2720 3321 ab
2752 3266 2902 3321 omni
2929 3265 3094 3320 sorde
3116 3276 3367 3320 naturam
3395 3281 3596 3319 cmun-

2006 3361 2120 3416 dat.
2174 3359 2315 3414 Novi
2367 3375 2501 3414 vero
2536 3357 2875 3414 Testamenti
2926 3358 3052 3421 lex,
3111 3357 3597 3427 contemplationis

2007 3452 2322 3507 initiatione
2351 3450 2809 3519 abstrusioreque
2843 3448 3120 3513 doctrina,
3146 3464 3175 3501 a
3209 3450 3492 3519 corporeis
3526 3450 3594 3504 ad

2007 3541 2189 3597 atlinia
2220 3540 2658 3613 intelligibilium
2700 3538 3041 3609 spectacula,
3079 3546 3319 3593 mentem
3367 3538 3597 3615 mystice

2008 3642 2320 3704 promovet.
3418 3620 3421 3623 ⁷

2082 3726 2171 3781 68.
2210 3726 2408 3782 Divina
2438 3723 2746 3794 Scriptura,
2768 3738 2864 3779 eos
2888 3724 2983 3794 qui
3006 3723 3367 3789 inducuntur,
3389 3723 3598 3794 quique

2010 3819 2064 3873 in
2091 3817 2382 3873 vestibulis
2410 3816 2614 3871 divinae
2645 3814 2915 3871 virtutum
2960 3816 3099 3872 aulae
3145 3816 3299 3871 velut
3342 3831 3592 3870 commo-

2009 3918 2224 3974 rantur,
2254 3910 2495 3963 timentes
2528 3915 2713 3973 vocat;
2738 3906 2831 3976 qui
2854 3922 2989 3962 vero
3007 3916 3371 3976 temperatum
3397 3907 3591 3961 saltem

2008 4000 2235 4055 virtutis
2262 4000 2539 4054 rationum
2564 3998 2967 4067 modorumque
2997 3997 3245 4052 habitum
3273 3999 3417 4053 nacti
3439 4007 3592 4060 sunt,

2011 4092 2342 4164 proﬁcientes
2386 4092 2528 4147 solet
2556 4092 2882 4161 appellare:
2921 4090 3016 4160 qui
3044 4090 3284 4159 denique
3314 4090 3380 4145 ad
3413 4090 3601 4159 ipsum

2009 4187 2116 4257 iam
2154 4184 2404 4239 veritatis
2432 4183 2669 4237 virtutes
2700 4182 3049 4252 explanantis
3082 4183 3349 4237 verticem
3372 4224 3384 4246 ,
3412 4183 3592 4237 scien-

2014 4274 2104 4328 tiae
2122 4273 2278 4327 cultu
2315 4287 2381 4327 ac
2412 4271 2902 4341 contemplationis
2928 4281 3319 4341 provexerunt,
3345 4272 3596 4343 perfectos

2012 4374 2319 4434 nuncupat.
2367 4364 2472 4431 Qui
2502 4365 2671 4436 igitur
2707 4373 2978 4429 veterem,
3013 4380 3121 4434 qua
3160 4366 3313 4419 vitiis
3356 4365 3600 4419 haerebat

2016 4473 2081 4512 ac
2108 4457 2400 4512 affectibus
2421 4457 2756 4528 iactabatur,
2789 4458 3263 4512 conversationem
3294 4465 3597 4519 aversatus,

2018 4563 2242 4602 omnem
2262 4548 2434 4602 animi
2461 4548 2748 4613 allectum,
2781 4564 2893 4617 quo
2930 4549 3127 4603 timore
3162 4550 3365 4619 agitur,
3398 4548 3602 4603 divinis

2012 4640 2304 4709 praeceptis
2334 4638 2579 4706 addixit;
2618 4640 2685 4704 is,
2723 4640 2881 4693 nullo
2910 4639 3040 4693 boni
3076 4656 3301 4709 genere,
3330 4640 3478 4708 quod
3505 4655 3601 4692 eos

2015 4733 2213 4787 deceat
2234 4732 2330 4802 qui
2360 4732 2754 4794 instituuntur,
2793 4731 3076 4795 deficitur;
3108 4731 3323 4785 tametsi
3364 4730 3605 4784 necdum

2020 4822 2239 4877 ﬁrmum
2269 4823 2326 4877 in
2350 4824 2656 4877 virtutibus
2683 4822 2935 4876 habitum
2982 4830 3179 4877 nactus
3213 4832 3314 4886 est,
3340 4837 3442 4876 nec
3481 4822 3601 4891 ejus

2020 4914 2306 4986 sapientiae
2332 4929 2499 4984 quam
2525 4914 2832 4984 loquuntur
2854 4913 3001 4969 inter
3025 4913 3300 4984 perfectos
3319 4912 3386 4976 ³⁷,
3420 4911 3602 4966 factus

2020 5138 2211 5194 Patres
2264 5139 2462 5194 horum
2519 5138 2803 5208 ἐνέργειαν
2856 5138 2911 5193 in
2951 5138 3175 5193 Christo
3231 5139 3602 5193 necessariam

2019 5209 2384 5269 contendunt,
2429 5218 2490 5263 ut
2512 5213 2716 5264 veritas
2744 5210 2799 5263 in
2825 5226 2892 5264 eo
2915 5218 3122 5263 naturae
3150 5209 3404 5263 humanae
3443 5225 3603 5263 mon-

2021 5287 2317 5340 straretur,
2358 5279 2511 5334 Sicut
2542 5295 2674 5347 ergo
2696 5289 2857 5334 erant
2896 5279 2951 5332 in
2982 5280 3194 5333 Adamo
3222 5292 3277 5334 ct
3311 5281 3445 5343 Eva,
3475 5282 3601 5349 qui-

2021 5349 2126 5403 bus
2154 5366 2255 5404 nos
2278 5349 2442 5403 nudis
2473 5349 2874 5411 erubescimus,
2901 5349 3016 5418 ipsa
3048 5350 3218 5411 nuda,
3250 5360 3306 5403 et
3333 5366 3442 5403 non
3476 5366 3601 5404 eru-

2020 5418 2345 5483 bescebant,
2375 5420 2503 5488 quia
2534 5420 2591 5473 in
2626 5420 2709 5473 eis
2733 5420 2947 5473 nullum
2998 5421 3357 5475 rebellantem
3391 5428 3601 5473 motum

2020 5490 2361 5555 sentiebant;
2382 5490 2548 5559 inque
2581 5505 2705 5543 eum
2721 5490 2941 5543 modum
2958 5506 3150 5543 eorum
3172 5505 3400 5557 corpora
3418 5490 3601 5559 etiam

2025 5557 2694 5629 προηγουμένωςοοιιάἰιίι
2717 5559 2934 5613 fuerant
2958 5577 2971 5613 :
3004 5561 3083 5614 sic
3106 5568 3162 5613 et
3184 5559 3351 5625 πάθη,
3371 5557 3603 5613 affectus

2023 5628 2227 5683 virium
2248 5629 2605 5684 sentientium
2631 5638 2687 5700 et
2712 5630 3006 5700 ἐνέργειαι,
3038 5640 3201 5697 prout
3226 5644 3457 5700 qumque
3477 5644 3606 5697 pro.

2023 5713 2195 5769 pensa
2252 5708 2369 5754 erat
2425 5714 2586 5752 suum
2644 5698 2817 5753 tinent
2855 5709 2911 5753 et
2958 5699 3268 5769 objectum;
3325 5698 3417 5751 scd
3475 5714 3602 5752 cum

2023 5785 2239 5892 suillum:
2275 5770 2668 5840 tranquillitate
2693 5809 2706 5836 ,
2759 5769 3017 5838 nullaque
3056 5768 3475 5838 perturbatione
3512 5778 3617 5823 aut)

2024 5855 2114 5892 ιιιυ
2139 5856 2199 5892 es
2229 5856 2299 5892 ia.

2024 5855 2299 5894 ιιιυιεδιιιι.
