4020 6424
517 404 651 469 1207

1691 407 1752 466 S.
1796 404 2083 466 MAXIMI
2122 402 2633 466 CONFESSORIS

3621 408 3737 474 1208

511 527 599 573 est
647 516 941 587 particeps.
991 514 1059 569 At
1101 531 1282 585 neque
1313 516 1408 585 qui
1459 514 1705 587 prolicit,
1747 517 1857 571 ulla
1894 532 2083 572 eorum

2197 517 2374 589 μένων
2412 515 2580 569 αὐτοῦ
2608 514 2686 585 τῷ
2725 518 2742 537 ·
2771 513 2964 585 βαθμῷ
2993 513 3174 569 καλῶν
3198 531 3343 579 τινος
3372 515 3604 588 ὑστερεῖ·
3647 525 3739 576 xiv

513 609 785 664 bonorum
834 614 989 676 parte
1024 605 1371 673 destituitur,
1406 624 1528 677 qua:
1573 607 1642 662 ad
1690 610 1809 676 ejus
1856 606 2087 678 gradum

510 698 770 761 attinent,
802 712 1119 767 quanquam
1162 698 1403 752 necdum
1429 699 1679 753 eamdem
1713 709 1881 768 atque
1904 699 2089 768 perfe-

508 789 582 843 cti
616 788 978 843 excellentem
1020 787 1338 843 divinorum
1380 790 1666 845 scientiam
1699 790 1933 859 adeptus
1981 798 2085 845 est.

508 877 744 933 Perfecti
788 878 962 941 enim,
1001 878 1512 946 contemplatricem
1539 879 1652 948 jam
1689 877 1917 948 mystice
1952 877 2089 932 ade—

507 967 589 1039 pti
623 968 976 1039 theologiam,
1013 968 1311 1037 animoque
1344 983 1376 1022 a
1407 975 1630 1023 terreno
1652 969 1804 1023 omni
1843 970 2089 1039 cogilatu

508 1076 787 1130 sensuque
824 1066 1080 1131 purgato,
1112 1074 1236 1129 quas
1274 1058 1448 1114 divini
1486 1059 1708 1115 decoris
1731 1068 1904 1116 totam
1934 1061 2089 1116 nullo

506 1150 823 1205 desiderato
886 1164 1206 1220 expressam
1272 1150 1565 1222 imaginem
1623 1166 1687 1205 ac
1732 1152 2087 1207 simulacrum

508 1240 691 1305 ferat,
742 1239 989 1295 divinam
1042 1238 1370 1313 cbaritatem
1408 1240 1537 1296 sinu
1573 1256 1676 1296 suo
1727 1241 2087 1312 intimiusque

506 1333 781 1403 complexi
813 1332 1098 1391 videntur.

576 1441 665 1497 69.
695 1442 907 1512 Duplex
954 1450 1040 1497 est
1075 1440 1275 1507 timor;
1325 1439 1469 1495 alius
1502 1447 1720 1506 castus,
1773 1439 1916 1495 alius
1975 1455 2085 1494 non

506 1543 713 1591 castus.
745 1534 851 1602 Qui
886 1535 1035 1589 enim
1066 1534 1401 1590 delictorum
1430 1549 1617 1601 causa,
1644 1534 1928 1604 suspensis
1958 1549 2089 1605 sup-

505 1628 659 1699 plicii
691 1639 840 1684 metu
877 1626 1079 1683 animis
1117 1626 1280 1697 527
1320 1626 1486 1681 timor
1515 1625 1818 1691 conflatur,
1858 1641 1985 1680 cum
2020 1642 2089 1681 ex

506 1728 737 1790 peccato
777 1721 945 1775 ducat
972 1719 1264 1789 originem,
1310 1734 1376 1775 ac
1403 1719 1549 1789 quod
1598 1719 1797 1784 oritur,
1851 1719 1907 1773 in
1950 1718 2085 1773 illud

505 1826 730 1866 causam
772 1809 999 1876 referat,
1030 1819 1216 1865 castus
1258 1824 1369 1864 non
1398 1817 1518 1875 est;
1560 1824 1666 1864 nec
1690 1808 1801 1863 erit
1843 1823 2082 1879 semper,

2191 610 2291 678 τὴν
2320 608 2492 679 αὐτὴν
2522 608 2675 662 οὔπω
2698 609 2812 671 τοῖς
2830 606 3057 669 τελείοις
3078 605 3450 678 ὑπερέχουσαν
3471 609 3579 664 τῶν
3597 608 3740 667 θείων

2190 700 2462 771 ἐκτήσατο
2503 697 2725 767 γνῶσιν.
2790 700 2853 750 Ol
2891 696 3000 766 γὰρ
3039 696 3258 757 τέλειοι,
3303 697 3402 766 τῆς
3429 696 3740 774 θεωρητικῆς

2190 792 2292 862 ἤδη
2329 790 2610 860 μυστικῶς
2640 788 2959 854 ἀξιωθέντες
2987 787 3283 856 θεολογίας,
3319 791 3413 843 καὶ
3441 791 3613 863 πάσης
3631 813 3743 862 φαν.

2188 882 2386 945 τασίας
2419 882 2610 951 ὑλικῆς
2636 880 2729 934 τὸν
2758 880 2883 934 νοῦν
2910 880 3151 950 καθαρὸν
3181 882 3632 949 καταστήσαντες,
3659 888 3742 940 καὶ

2189 974 2397 1037 είκόνος
2447 974 2545 1043 τῆς
2585 972 2739 1035 θείας
2783 971 3119 1041 ὡραιότητος
3160 971 3292 1041 ὃλην
3330 971 3622 1038 summa;
3655 978 3742 1046 φέ..

2192 1084 2391 1139 ρουσαν
2421 1065 2518 1137 τὴν
2544 1064 2875 1135 ἐκμίμησιν,
2912 1063 3011 1134 τὴν
3040 1062 3192 1116 θείαν
3221 1062 3442 1133 ἀγάπην
3471 1066 3527 1117 ὲν
3549 1066 3741 1132 ἑαυτοῖς

2189 1157 2665 1228 ὲνστερνισάμενοι
2695 1155 2994 1224 φαίνονται.

2262 1440 2359 1508 ξθ’.
2414 1437 2599 1501 Διττός
2628 1437 2779 1490 ἐστιν
2807 1437 2835 1489 ὁ
2861 1434 3044 1505 φόϐος·
3079 1436 3109 1489 ό
3137 1435 3237 1501 μὲν
3279 1435 3464 1504 άγνός⁸
3497 1437 3523 1490 ό
3564 1435 3617 1490 δὲ
3661 1438 3745 1510 οὐχ

2190 1535 2374 1603 ἁγνός.
2422 1533 2480 1588 '0
2514 1531 2613 1603 μὲν
2644 1530 2753 1601 γὰρ
2799 1528 2892 1583 ἐπὶ
2923 1528 3362 1599 πλημμελήμασι
3396 1530 3516 1582 κατ’
3545 1530 3745 1601 ἐκδοχὴν

2188 1621 2467 1682 κολάσεως
2498 1619 2891 1689 συνιστάμενος
2935 1617 3121 1685 φόϐος,
3154 1617 3337 1671 αἰτίαν
3387 1616 3523 1688 ἔχων
3545 1618 3636 1689 τῆς
3679 1622 3743 1673 οι.

2189 1713 2346 1776 κείας
2366 1711 2637 1780 γενέσεως
2669 1710 2768 1781 τὴν
2796 1710 3093 1781 ἁμαρτίαν,
3126 1710 3224 1780 οὐχ
3254 1709 3439 1778 ἁγνὸς,
3475 1710 3591 1763 οὐδὲ
3613 1710 3744 1764 ἔσται

2187 1804 2502 1872 διαπαντὸς,
2537 1807 2604 1875 τῇ
2635 1804 2884 1874 ἁμαρτίᾳ
2913 1803 3003 1857 διὰ
3030 1804 3131 1873 τῆς
3162 1802 3454 1872 μετανοίας
3480 1819 3745 1869 συνιιφανι⁸

503 1901 601 1971 qui
629 1917 737 1957 una
781 1917 907 1958 cum
950 1909 1178 1971 peccato
1225 1916 1325 1971 per
1362 1898 1743 1970 pmnitentiam
1777 1875 2083 1955 aboleatur.

2187 1899 2413 1969 ζόμενος
2439 1898 2533 1969 (r).
2569 1899 2629 1950 '0
2657 1897 2715 1951 δὲ
2742 1896 2868 1966 δίχα
2890 1894 2993 1964 τῆς
3017 1895 3111 1947 ἐπὶ
3137 1894 3569 1965 πλημμελήμασι
3592 1894 3745 1966 λύπης

502 1992 608 2059 Qui
640 2000 826 2049 autem
856 1992 1068 2063 absque
1098 1992 1313 2057 dolore,
1362 1991 1459 2062 qui
1498 2007 1565 2047 ex
1592 1990 1813 2046 delictis
1838 1991 2086 2061 concipi-

502 2093 617 2151 tur,
644 2084 762 2154 ipse
789 2099 1015 2154 semper
1052 2083 1248 2138 ﬁrmus
1275 2091 1519 2154 perstat,
1563 2082 1655 2137 hic
1697 2083 1864 2136 timor
1900 2091 2088 2137 castus

499 2181 609 2239 est,
633 2189 737 2229 nec
767 2188 1009 2243 unquam
1036 2172 1254 2228 desinet
1289 2190 1302 2226 :
1327 2172 1476 2243 quod
1493 2188 1689 2241 nempe
1715 2172 1869 2227 velut
1899 2186 2088 2227 essen-

503 2264 713 2321 tialiter
749 2266 864 2320 Deo
894 2281 1021 2336 erga
1057 2273 1371 2321 creaturam
1404 2264 1607 2320 insitus
1629 2274 1733 2327 est,
1769 2263 1890 2333 ejus
1919 2278 2087 2334 supra

502 2371 668 2411 omne
692 2371 922 2426 regnum
949 2371 1016 2411 ac
1044 2365 1392 2427 potestatem,
1430 2356 1740 2411 naturalem
1772 2356 2089 2412 eminentia:

502 2447 847 2518 majestatem
874 2450 1095 2519 cunctis
1118 2447 1466 2504 manifestam
1510 2448 1771 2503 reddens.

575 2559 665 2615 70.
690 2559 796 2627 Qui
828 2560 1003 2616 Deum
1033 2576 1145 2616 non
1175 2569 1237 2616 ut
1256 2561 1500 2633 iudicem
1524 2554 1700 2626 timet,
1727 2561 1825 2618 sed
1859 2570 2088 2633 propter

500 2652 761 2709 eximiam
790 2651 1021 2711 inﬁnitae
1049 2652 1272 2709 virtutis
1295 2653 1677 2708 excellentiam
1707 2670 1835 2709 eum
1869 2668 2089 2709 revere-

500 2752 613 2810 tur,
631 2743 726 2799 hic
755 2742 954 2799 merito
976 2745 1126 2800 nulla
1156 2744 1369 2801 laborat
1396 2745 1581 2816 inopia
1598 2746 1666 2812 ²⁹,
1690 2745 1784 2816 qui
1809 2745 2088 2816 perfectus

500 2838 577 2893 sit
605 2836 663 2892 in
710 2836 1011 2904 cbarilate;
1048 2837 1219 2893 Deum
1264 2837 1478 2893 scilicet
1506 2852 1633 2892 cum
1670 2837 1982 2892 reverentia
2023 2853 2089 2893 ac

500 2928 722 2985 decenti
746 2929 951 2998 pietate
968 2928 1224 2999 diligens.
1251 2928 1463 2998 Hicque
1483 2929 1622 2984 adeo
1641 2937 1745 2993 est,
1766 2929 1859 2999 qui
1890 2930 2088 2985 timore

499 3017 598 3074 illo
616 3019 884 3091 praeditus
903 3028 1009 3083 est,
1029 3020 1123 3090 qui
1140 3028 1424 3091 permanet
1454 3021 1511 3074 in
1537 3021 1796 3075 saeculum
1829 3021 2084 3087 seculi",

499 3118 560 3167 et
591 3110 682 3167 cui
716 3110 868 3166 nulla
896 3124 1128 3181 prorsus
1160 3110 1344 3181 inopia
1370 3121 1477 3166 est.

573 3312 660 3367 71.
689 3312 770 3367 Ex
816 3312 1008 3374 rebus.
1075 3329 1261 3369 rerum
1312 3313 1611 3370 Auctorem
1668 3316 2081 3387 cognoscimus;

498 3419 678 3475 exque
724 3420 911 3460 rerum
960 3405 1255 3471 varietate,
1288 3406 1409 3477 ejus
1434 3406 1529 3476 qui
1568 3415 1653 3463 est
1691 3408 2083 3464 subsistentem

499 3492 768 3548 docemur
821 3494 1149 3564 sapientiam
1184 3511 1327 3551 :nee
1358 3512 1469 3551 non
1510 3512 1574 3551 ex
1621 3513 1808 3553 rerum
1844 3501 2083 3555 naturali

500 3589 690 3649 motu,
731 3584 851 3653 ejus
894 3583 987 3655 qui
1036 3593 1121 3640 est
1164 3585 1559 3661 subsistentem
1600 3589 1767 3644 vitam
1811 3591 2085 3647 condisci-

498 3689 659 3740 mus;
703 3673 814 3728 vim
848 3676 1061 3731 scilicet
1097 3691 1160 3731 ac
1192 3677 1495 3745 potentiam
1533 3694 1720 3734 rerum
1759 3678 2082 3736 vivificatri-

497 3780 643 3833 cem,
681 3765 947 3837 Spiritum
983 3777 1259 3822 sanctum.

568 3904 657 3958 72.
693 3902 932 3971 Spiritus
962 3911 1186 3957 sanctus
1207 3918 1236 3956 a
1256 3902 1407 3956 nulla
1446 3910 1698 3958 creatura
1730 3904 1907 3971 abest,
1938 3921 2081 3977 prae-

499 3988 693 4045 sertim
723 3988 769 4044 si
801 3989 1119 4060 aliqualiter
1147 3990 1377 4045 rationis
1400 3990 1473 4045 sit
1499 3991 1796 4062 particeps.
1820 3993 2083 4051 Continet

494 4078 646 4134 enim
668 4094 734 4135 ac
746 4088 1037 4136 conservat
1056 4080 1491 4151 uniuscujusque
1507 4082 1817 4150 scientiam,
1835 4100 1904 4140 eo
1932 4087 2081 4155 quod

495 4169 645 4224 Deus
675 4185 741 4225 ac
796 4169 894 4226 Dei
954 4169 1216 4240 Spiritus,
1255 4186 1364 4241 qua
1416 4172 1625 4228 virtute
1675 4174 1942 4243 praeditus
1972 4187 2079 4242 est,

497 4260 870 4317 Providentia:
916 4261 1230 4317 rationibus
1274 4262 1461 4317 omnia
1497 4278 1811 4333 permeans,
1861 4280 1928 4321 ac
1959 4281 2082 4336 quae

497 4348 805 4419 unicuique
860 4358 1058 4404 natura
1116 4350 1280 4414 inest,
1332 4368 1561 4407 movens
1616 4354 1925 4420 rationem;
1980 4371 2081 4426 per

496 4456 686 4512 quam,
729 4457 856 4497 eum
889 4441 983 4511 qui
1017 4457 1181 4498 sensu
1210 4444 1321 4497 ullo
1354 4444 1621 4513 praeditus
1663 4446 1754 4512 sit,
1779 4448 1847 4501 ad
1881 4464 2077 4503 eorum

2186 1992 2279 2047 ἀεὶ
2309 1990 2599 2055 συνεστὼς,
2649 1984 2805 2052 οὗτος
2835 1988 2998 2058 φόϐος
3022 1986 3207 2056 άγνδςξ
3251 1987 3348 2040 καὶ
3377 1987 3476 2040 οὐκ
3499 1987 3742 2058 άπογενη-

2188 2083 2343 2136 σεταί
2388 2100 2519 2136 ποτε
2545 2098 2558 2112 ·
2598 2080 2867 2151 ,διότιπερ
2912 2078 3186 2142 οὐσιωδῶς
3226 2076 3515 2149 ἐμπέφυκέ
3546 2096 3655 2142 πως
3680 2078 3744 2149 τῷ

2186 2174 2305 2247 Θεῷ
2357 2175 2496 2243 πρὸς
2543 2175 2643 2244 τὴν
2690 2173 2869 2226 κτίσιν
2894 2213 2907 2231 .
2973 2170 3297 2241 ποιούμενος
3342 2170 3565 2241 ἔκδηλον
3603 2171 3742 2225 αὐτοῦ

2188 2266 2325 2317 πᾶσι
2378 2264 2476 2334 τὴν
2521 2263 2757 2332 φυσικὴν
2803 2262 3226 2330 αίδεσιμότητα,
3291 2260 3393 2331 τῆς
3427 2260 3561 2331 ὑπὲρ
3591 2263 3744 2314 πᾶσαν

2190 2356 2467 2428 βασιλείαν
2495 2356 2589 2409 καὶ
2618 2355 2847 2424 δύναμιν
2879 2355 3175 2425 ὑπεροχῆς.

2257 2548 2317 2606 ο’.
2368 2549 2426 2604 ’0
2463 2550 2538 2622 μὴ
2591 2548 2925 2619 φοϐούμενος
2969 2548 3059 2602 τὸν
3110 2548 3242 2602 Θεὸν
3285 2548 3363 2611 ὠς
3412 2546 3618 2620 κριτὴν,
3650 2541 3744 2596 ἀλλ’

2186 2644 2507 2714 αἰδούμενος
2543 2630 2705 2696 αὑτὸν
2738 2641 2823 2695 διὰ
2857 2642 2953 2707 τὴν
2992 2640 3445 2713 ὑπερϐάλλουσαν
3484 2638 3579 2707 τῆς
3614 2634 3746 2690 ἀπεί⁴

2190 2755 2286 2807 ρου
2309 2736 2592 2806 δυνάμεως
2618 2733 2915 2807 ὑπεροχὴν,
2934 2735 3034 2788 οὐκ
3056 2735 3170 2804 ἔχει
3208 2733 3438 2797 δικαίως
3465 2729 3744 2800 ὑστέρημα,

2185 2828 2391 2891 τέλειος
2454 2828 2715 2900 ὑπάρχων
2760 2828 2818 2879 ὲν
2852 2830 2916 2899 τῇ
2946 2828 3153 2900 ἀγάπῃ,
3184 2827 3301 2896 μετ’
3331 2823 3517 2887 αἰδοῦς
3549 2821 3636 2875 καὶ
3664 2818 3749 2889 τῆς

2188 2920 2510 2992 πρεπούσης
2576 2918 3007 2990 σεϐασμιότητος
3064 2916 3298 2986 ἀγαπῶν
3337 2916 3436 2969 τὸν
3476 2914 3603 2966 Θεόν
3627 2930 3639 2944 ·
3672 2909 3749 2964 καὶ

2186 3005 2342 3073 οὗτός
2370 3014 2517 3065 ἐστιν
2538 3013 2566 3066 ό
2601 3010 2945 3081 κτησάμενος
2986 3009 3076 3063 τὸν
3121 3008 3450 3080 διαμένοντα
3482 3003 3635 3073 φόϐον
3682 3002 3749 3064 είς

2185 3105 2358 3159 αἰῶνα
2386 3103 2599 3169 αξῶνος,
2630 3103 2724 3157 καὶ
2740 3103 2841 3156 οὐκ
2870 3094 3021 3156 ἔστιν
3049 3100 3195 3171 αὑτῷ
3218 3100 3506 3171 ὑστέρημα
3535 3093 3749 3167 τοπαρά·

2115 3212 2157 3270 (ς
2193 3215 2301 3253 παν
2326 3196 2503 3252 οὐδέν.

2257 3309 2359 3367 οα’.
2391 3312 2489 3367 Ἐκ
2516 3310 2623 3364 τῶν
2647 3310 2838 3374 ὄντων,
2870 3309 2961 3363 τὸν
2989 3308 3099 3362 τῶν
3133 3309 3302 3362 όντων
3324 3308 3658 3377 γινώσκομεν
3678 3302 3750 3359 αῖ-

2187 3422 2301 3460 τιον
2325 3422 2339 3436 ο
2369 3405 2462 3458 καλ⁸
2485 3406 2547 3458 ὲκ
2576 3403 2678 3472 τῆς
2698 3402 2962 3473 διαφορᾶς
2991 3401 3098 3455 τῶν
3128 3401 3319 3465 όντων,
3351 3402 3452 3470 τὴν
3473 3398 3749 3453 ἔνυπόστα-

2186 3514 2276 3551 τον
2301 3497 2394 3550 τοῦ
2419 3496 2568 3558 ὄντος
2590 3494 2952 3566 διδασκόμεθα
2968 3493 3183 3562 σοφίαν·
3209 3494 3303 3546 καὶ
3325 3495 3391 3547 ἐκ
3421 3492 3517 3562 τῆς
3545 3492 3645 3544 τῶν
3671 3489 3750 3542 όν-

2186 3609 2294 3644 των
2325 3590 2561 3660 φυσικῆς
2594 3589 2883 3660 κινήσεως,
2918 3586 3018 3657 τὴν
3056 3585 3424 3639 ὲνυπόστατον
3471 3583 3564 3638 τοῦ
3614 3582 3752 3642 ὄντος

2198 3683 2545 3753 μανθάνομεν
2579 3680 2745 3752 ζωὴν,
2777 3679 2878 3750 τὴν
2911 3679 3018 3732 τῶν
3042 3678 3213 3732 όντων
3239 3676 3502 3743 ζωοποιδν
3519 3676 3748 3745 δύναμιν,

2188 3777 2245 3830 τὸ
2278 3774 2505 3845 Πνεῦμα
2527 3772 2589 3827 τὸ
2619 3773 2794 3841 ἆγιον.

2254 3904 2354 3975 οβ’.
2395 3906 2469 3958 Τὸ
2498 3904 2721 3976 Πνεῦμα
2751 3905 2813 3959 τὺ
2852 3906 3007 3974 ἅγιον
3060 3904 3272 3967 οὐδενὸς
3315 3906 3514 3961 ἄπεστι
3547 3903 3648 3956 τῶν
3676 3900 3752 3953 live

2184 4012 2314 4059 των,
2345 3996 2440 4050 καὶ
2495 3996 2732 4065 μάλιστα
2784 3996 2892 4050 τῶν
2939 3996 3099 4065 λόγου
3148 3996 3272 4050 καθ’
3301 3981 3483 4051 ότιοῦν
3532 3992 3752 4065 μετειλη-

2185 4089 2383 4157 φότων.
2419 4088 2745 4143 Συνεκτικδν
2778 4089 2887 4161 γὰρ
2920 4089 3171 4160 ὑπάρχει
3211 4089 3314 4158 τῆς
3356 4088 3586 4142 ἑκάστου
3628 4082 3753 4154 γνώ-

2185 4199 2345 4248 σεως,
2371 4182 2453 4234 δτι
2497 4181 2630 4245 Θεὸς
2677 4181 2771 4235 καὶ
2792 4180 2929 4235 Θεοῦ
2957 4180 3203 4250 Πνεῦμα,
3226 4181 3369 4234 κατὰ
3389 4179 3615 4249 δύναμιν
3630 4192 3750 4245 προ-

2184 4272 2451 4345 νοητικῶς
2500 4274 2587 4327 διὰ
2638 4275 2857 4328 πάντων
2896 4271 3143 4345 χωροῦν,
3174 4271 3398 4326 καὶτὸν
3446 4272 3506 4325 ὲν
3555 4269 3750 4335 ἑκάστῳ

2182 4368 2341 4437 λόγον
2387 4368 2531 4421 κατὰ
2578 4366 2742 4435 φύσιν
2791 4366 3102 4433 ἀνακινοῦν,
3144 4366 3238 4419 καὶ
3294 4365 3362 4418 δι’
3409 4361 3574 4418 αὐτοῦ
3627 4359 3748 4429 πρὸς

2186 4460 2538 4531 συναίσθησιν
2575 4460 2682 4513 τῶν
2720 4457 3059 4530 πλημμελῶς
3098 4457 3247 4529 παρὰ
3301 4456 3395 4509 τὸν
3440 4454 3634 4524 θεσμὸν
3660 4452 3745 4517 τῆς

495 4548 619 4601 qua:
652 4530 854 4587 delicto
877 4531 1154 4587 commisit
1206 4541 1399 4588 contra
1432 4534 1609 4604 legem
1656 4544 1871 4591 natura:
1894 4578 1909 4603 ,
1949 4552 2079 4592 sen-

2188 4554 2405 4624 φύσεως
2434 4553 2864 4626 πεπραγμένων,
2893 4552 3022 4620 ἄγον
3075 4551 3169 4604 τὸν
3208 4548 3599 4618 αἰσθανόμενον
3622 4561 3635 4576 ⁸
3666 4539 3746 4595 καὶ

495 4637 619 4677 sum
656 4622 971 4688 adducens;
1001 4638 1067 4678 ac
1096 4625 1254 4694 cujus
1283 4623 1449 4694 paulo
1486 4623 1703 4681 facilior
1736 4626 1992 4683 voluntas
2020 4637 2081 4684 ut

493 4729 707 4770 morem
735 4722 909 4784 gerat,
939 4714 1007 4768 ad
1045 4725 1224 4770 rectas
1256 4730 1322 4769 ex
1345 4723 1540 4769 natura
1565 4717 1929 4788 cogitationes
1954 4735 2083 4789 pro-

493 4806 636 4861 clive
685 4806 1068 4877 suscipiendas
1130 4807 1440 4877 impellens.
1493 4805 1863 4873 Quamobrem
1908 4811 2079 4865 etiam

493 4900 700 4956 multos
723 4900 1056 4964 invenimus,
1096 4915 1290 4956 eorum
1333 4900 1500 4955 etiam
1530 4901 1624 4971 qui
1648 4902 1806 4961 valde
1858 4903 2079 4958 barbari

492 5001 624 5048 sunt
664 5008 728 5048 ac
757 4993 1054 5047 nomadum
1086 4994 1256 5048 vitam
1276 5000 1466 5064 agunt,
1497 4994 1831 5063 probitatem
1864 5011 2077 5050 morum

493 5095 859 5153 consectatus,
892 5086 1167 5141 belluinas
1198 5084 1484 5141 abdicasse
1514 5085 1684 5156 leges,
1719 5102 1856 5157 quas
1895 5103 1923 5141 a
1960 5103 2077 5144 ηια-

490 5179 711 5251 joribus
739 5181 871 5236 olim
904 5187 1222 5235 tenuerant.

571 5322 616 5356 ’³
640 5322 785 5378 Psal.
818 5336 1003 5386 χχχιιι,
1035 5318 1121 5373 10.
1198 5319 1245 5351 ²⁹
1278 5318 1421 5373 Psal.
1450 5335 1604 5385 xvur,
1638 5319 1725 5375 l0.

564 5444 583 5465 '
610 5440 747 5497 Male
771 5438 941 5505 edita,
971 5433 1110 5491 εἶναι
1135 5436 1235 5508 τῷ,
1267 5436 1414 5506 quod
1438 5437 1692 5507 sequitur
1712 5437 1896 5492 Picus.

566 5561 639 5634 (r)
670 5559 826 5634 Οὐδὲ
852 5559 1026 5613 ἔσται
1056 5558 1404 5634 διαπαντὸς,
1431 5555 1518 5634 .ζῇ
1546 5556 1802 5634 ἁμαρτίᾳ
1839 5554 1938 5634 διά
1966 5555 2075 5634 τῆς

492 5626 811 5702 μετανοίας
830 5627 1402 5702 συναφανιζόμενος.
1425 5627 1555 5702 ligec
1589 5635 1697 5680 tam
1720 5626 1888 5687 clara,
1909 5626 1975 5679 de
2008 5626 2075 5679 ti-

498 5697 651 5757 more
677 5702 772 5755 illo
800 5697 1208 5778 incipientium,
1238 5699 1333 5767 qui
1357 5697 1627 5778 originem
1660 5705 1816 5750 actus
1844 5711 1911 5750 ex
1943 5712 2075 5765 pee-

500 5781 624 5825 eato
649 5810 664 5835 ,
704 5779 889 5825 castus
915 5767 1040 5823 'non
1078 5767 1170 5831 sit,
1202 5778 1258 5822 et
1303 5767 1397 5835 qui
1434 5782 1543 5820 non
1575 5780 1795 5833 semper
1830 5776 2068 5829 maneat,

500 5841 597 5900 sed
645 5856 755 5896 una
789 5854 915 5894 cum
959 5846 1186 5912 peccato
1217 5837 1503 5894 aboleatur
1537 5852 1634 5905 per
1687 5837 2069 5906 paenitentiam

2185 4647 2287 4714 τὴν
2348 4645 2674 4716 προαίρεσιν
2725 4643 2971 4697 εῦεικτον
3027 4642 3236 4713 ἔχοντα,
3304 4641 3443 4710 πρὸς
3498 4633 3746 4702 ὑποδοχὴν

2185 4738 2297 4791 τῶν
2353 4739 2417 4790 ὲκ
2464 4736 2681 4806 φύσεως
2726 4736 2905 4807 ὀρθῶν
2926 4733 3227 4805 λογισμῶν.
3271 4733 3362 4786 Διὸ
3400 4732 3496 4785 καὶ
3544 4726 3747 4782 πολλοὺς

2189 4829 2523 4899 εὑρίσκομεν
2554 4828 2650 4881 καὶ
2674 4826 2785 4880 τῶν
2814 4827 2951 4895 ἄγαν
2976 4825 3268 4896 βαρϐάρων
3291 4823 3385 4876 καὶ
3410 4820 3650 4891 νομάδων
3668 4817 3746 4868 ἀν·

2189 4917 2451 4988 θρώπων,
2487 4914 2896 4985 καλοκαγαθίας
2938 4914 3436 4985 μεταποιουμένους
3458 4951 3473 4973 ,
3504 4908 3595 4962 καὶ
3639 4902 3748 4961 τοὺς

2189 5008 2458 5063 ἀνέκαθεν
2489 5008 2872 5078 κρατήσαντας
2898 5008 2955 5060 ὲν
2980 5006 3164 5069 αὐτοῖς
3216 5003 3501 5075 θηριώδεις
3521 4992 3748 5053 ἀθετοῦν-

2185 5120 2283 5166 τας
2320 5102 2537 5172 νόμους.

2182 5556 2477 5623 (charitate
2502 5555 2718 5610 scilicet
2748 5552 2992 5623 perfecta
3018 5567 3141 5606 eum
3167 5550 3620 5623 forasmittcntej,
3643 5551 3740 5623 not]

2180 5620 2414 5681 ferendo
2453 5641 2645 5681 errore
2676 5620 2839 5679 Picus
2861 5665 2875 5687 ,
2908 5623 3235 5677 adversante
3263 5620 3548 5690 Scriptura
3577 5621 3737 5669 omms

2178 5714 2285 5767 que
2327 5698 2624 5767 theologia,
2654 5695 2763 5750 Nec
2812 5711 3052 5766 unquam
3102 5690 3362 5747 delabitur
3389 5706 3505 5743 cum
3548 5696 3736 5758 peccato

2176 5786 2270 5839 per
2288 5767 2677 5839 paenitentiam.
