4020 6400
362 393 387 459 1
398 394 501 458 209

1064 405 1397 467 CAPITUM
1434 408 1857 481 QUINQUIES
1891 412 2411 472 CENTENORUM
2450 411 2839 472 CENTURIA
2881 411 2928 470 Ι.

3476 406 3613 471 1210

429 499 533 571 ογ⁹.
566 503 721 559 Ἐστι
785 507 883 577 μὲν
929 508 989 563 ἐν
1046 512 1210 566 πᾶσιν
1255 515 1442 580 ἁπλῶς
1495 517 1558 570 τὸ
1608 518 1834 588 Πνεῦμα
1874 519 1935 571 τὸ

2110 521 2197 573 73.
2241 519 2480 588 Spiritus
2520 526 2742 574 sanctus
2773 519 2829 572 in
2862 518 3119 572 omnibus
3144 515 3470 587 simpliciter
3505 525 3612 580 est,

360 592 538 662 ἅγιον,
564 597 701 651 καθὸ
734 600 952 655 πάντων
977 604 1096 655 ἐστὶ
1135 608 1452 660 συνεκτικὸν
1504 610 1599 661 καὶ⁸
1644 626 1935 681 προνοητι-

361 685 459 738 κὸν
482 725 498 752 ,
560 688 657 740 καὶ
727 690 836 744 τῶν
909 694 1152 762 φυσικῶν
1224 699 1555 768 σπερμάτων
1624 700 1939 771 ἀνακινητι-

2035 628 2099 666 ea
2148 613 2359 666 ratione
2390 628 2498 681 qua
2529 612 2710 664 omnia
2754 609 2998 665 continet
3024 619 3081 663 et
3117 616 3430 675 conservat,
3481 623 3614 679 pro-

2035 703 2300 772 videtque
2362 702 2640 756 universis
2669 745 2682 766 ,
2737 707 2793 754 et
2834 699 3107 753 naturalia
3156 700 3362 753 semina
3409 705 3615 752 movet.

363 775 481 833 κόν.
534 780 1062 853 Προσδιωρισμένως
1087 787 1165 849 δὲ,
1211 792 1305 842 καὶ⁸
1330 792 1387 842 ὲν
1426 794 1565 845 πᾶσι
1598 794 1711 855 τοῖς
1750 795 1808 846 ὲν
1849 792 1937 845 νό-

2050 794 2201 851 Certa
2232 803 2416 850 autem
2445 795 2659 849 ratione
2683 793 2849 847 etiam
2890 792 2945 843 in
2984 790 3242 845 omnibus
3271 792 3367 860 qui
3410 791 3467 844 in
3496 791 3618 860 lege

366 885 474 936 μῳ,
505 870 697 926 καθότι
717 875 818 943 τῆς
846 877 955 929 τῶν
984 879 1211 956 ἐντολῶν
1240 881 1390 935 ἐστιν
1421 884 1800 939 ὑποδεικτικὸν
1821 903 1930 939 πα-

365 960 672 1029 ραόάσεως,
713 965 810 1019 καὶ
860 970 960 1039 τῆς
990 971 1134 1025 κατὰ
1171 974 1408 1044 Χριστὸν
1436 977 1939 1047 προαγορευθείσης

362 1050 737 1120 ἐπαγγελίας,
791 1060 1119 1123 φωτιστικόν
1147 1075 1162 1089 ·
1214 1063 1274 1115 ἐν
1318 1063 1376 1116 δὲ
1427 1066 1563 1118 πᾶσι
1624 1068 1739 1130 τοῖς
1794 1066 1938 1121 κατὰ

363 1136 605 1205 Χριστὸν
649 1140 789 1211 πρὸς
836 1147 949 1209 τοῖς
988 1149 1324 1219 εἰρημένοις,
1356 1153 1451 1205 καὶ
1501 1154 1578 1217 ὡς
1617 1156 1937 1212 υίοθετικόν.

377 1225 468 1291 Ὠς
494 1228 552 1283 δὲ
582 1232 777 1301 σοφίας
829 1240 1129 1309 ποιητικὸν,
1154 1244 1212 1296 ὲν
1257 1244 1433 1297 οὐδενὶ
1470 1245 1580 1299 τῶν
1635 1248 1943 1318 εἰρημένων

366 1318 517 1374 ἐστὶν
568 1322 774 1389 ἁπλῶς,
819 1327 959 1399 πλὴν
1006 1331 1116 1384 τῶν
1145 1335 1463 1400 συνιέντων,
1495 1337 1588 1390 καὶ
1609 1339 1836 1402 ἑαυτοὺς
1855 1340 1943 1394 διὰ

363 1412 466 1481 τῆς
490 1414 677 1467 ἐνθέου
708 1418 987 1484 πολιτείας
1013 1422 1199 1488 ἀξίους
1229 1429 1619 1497 ποιησαμένων
1648 1429 1751 1499 τῆς
1774 1430 1939 1485 αὐτοῦ

369 1501 641 1576 θεωτικῆς
690 1509 1039 1582 ἐνοικήσεως.
1086 1516 1201 1579 Πᾶς
1232 1516 1347 1588 γάρ
1391 1518 1466 1589 μὴ
1521 1520 1691 1573 ποιῶν
1728 1521 1797 1574 τὰ
1825 1521 1944 1576 θεῖα

366 1597 672 1668 θελήματα,
697 1602 804 1657 κᾶν
834 1607 1028 1670 πιστὸς
1061 1604 1120 1681 ᾖ,
1145 1609 1402 1664 ἀσύνετον
1432 1613 1541 1683 ἔχει
1569 1614 1668 1685 τὴν
1691 1615 1940 1686 καρδίαν,

363 1688 444 1752 ὡς
477 1692 731 1763 πονηρῶν
764 1694 1045 1767 λογισμῶν
1112 1701 1498 1773 ἐργαστήριον,
1531 1705 1626 1759 καὶ
1671 1706 1734 1759 τὸ
1784 1707 1943 1776 σῶμα

260 1834 273 1839 -
366 1784 689 1856 κατάχρεων
718 1788 1037 1859 ἁμαρτίαις,
1076 1790 1152 1856 ὡς
1176 1794 1470 1860 διαπαντὸς
1493 1798 1792 1870 μολυσμοῖς
1840 1817 1946 1852 πα-

366 1872 477 1930 θῶν
512 1876 852 1949 ἐνεχόμενον.

436 2152 533 2212 06'.
579 2154 641 2212 '0
664 2158 769 2230 τῆς
794 2162 1070 2233 σωτηρίας
1106 2164 1434 2237 ὀρεγόμενος
1478 2169 1698 2223 πάντων
1731 2170 1945 2242 ἀνθρώ-

363 2262 489 2301 πων
507 2247 658 2316 Θεὸς,
695 2252 790 2306 καὶ
819 2255 1023 2307 πεινῶν
1054 2256 1234 2311 αὐτῶν
1259 2258 1357 2329 τὴν
1386 2260 1671 2325 ὲκθέωσιν,
1701 2262 1801 2331 τὴν
1820 2263 1945 2316 τού-

363 2358 479 2395 των
502 2342 680 2414 οτησιν
703 2345 779 2409 ὡς
806 2347 907 2418 τὴν
934 2347 1186 2419 ἄκαρπον
1218 2351 1606 2422 καταρώμενος
1640 2353 1945 2426 ἀποξηραί-

360 2449 449 2487 vet
502 2436 695 2507 συκῆν,
731 2438 880 2501 ὅπως
930 2438 1026 2492 τοῦ
1060 2440 1238 2495 δοκεῖν
1271 2438 1410 2496 εἶναι
1444 2443 1665 2510 δίκαιοι,
1700 2445 1760 2497 τὸ
1803 2439 1942 2499 εἶναι

368 2526 573 2598 μᾶλλον
603 2530 1019 2603 προκρίναντες,
1068 2533 1160 2589 τὸν
1204 2535 1303 2606 μὲν
1357 2535 1481 2589 καθ’
1514 2535 1804 2604 ὑπόκρισιν
1844 2539 1946 2608 τῆς

366 2617 571 2690 ἠθικῆς
599 2621 915 2685 ἐπιδείξεως
944 2623 1305 2694 ὲκδυσάμενοι
1354 2624 1587 2696 χιτῶνα,
1619 2626 1712 2680 τὸν
1759 2627 1945 2699 ἐνάρε-

360 2727 458 2765 τον
486 2713 572 2776 δὲ,
608 2713 792 2778 καθὼς
836 2716 865 2767 6
918 2714 1059 2780 θεῖος
1114 2716 1363 2786 βούλεται
1416 2717 1594 2786 λόγος,
1643 2718 1945 2783 ἀνοθεύτως

371 2803 727 2874 μετελθόντες
771 2805 911 2877 βίον,
947 2808 1188 2872 εὐσεϐῶς
1231 2808 1332 2879 τὴν
1382 2808 1527 2879 ζωὴν
1588 2810 1941 2879 διενέγκωσι,

364 2892 489 2964 Θεῷ
544 2894 747 2965 μᾶλλον
800 2897 899 2968 τῆς
945 2897 1123 2968 ψυχῆς
1166 2898 1266 2969 τὴν
1317 2898 1635 2972 διάθεσιν,ἢ
1687 2904 1801 2965 τοῖς
1851 2902 1946 2954 ἀν-

368 2984 611 3055 θρώποις
670 2988 762 3041 τὸν
832 2989 991 3053 ἐκτὸς
1040 2990 1478 3061 ἐπιδεικνύμενοι
1525 2993 1766 3063 περὶτὰ
1837 2992 1941 3065 ἤθη

366 3076 773 3147 σχηματισμόν.

2039 895 2189 952 sunt,
2232 896 2507 957 quatenus
2555 884 2938 940 mandatorum
2968 882 3457 951 transgressionem
3486 881 3619 934 sul)-

2042 988 2348 1043 monstrat,
2386 987 2442 1032 et
2470 977 2539 1032 ad
2584 977 2793 1033 Christi
2828 975 3151 1046 praedictam
3192 972 3618 1043 promissionem

2042 1072 2477 1142 cognoscendam
2504 1110 2518 1134 ,
2565 1070 2747 1125 lucem
2796 1069 3024 1139 praebet.
3059 1068 3264 1123 Praeter
3298 1065 3400 1120 hos
3438 1072 3619 1118 autem

2041 1164 2236 1219 modos
2265 1204 2280 1228 ,
2341 1164 2398 1217 in
2449 1163 2710 1217 omnibus
2757 1170 2843 1217 est
2887 1161 2982 1231 qui
3043 1158 3360 1215 Christiano
3396 1156 3623 1211 nomine

2042 1263 2361 1320 censentur,
2390 1254 2557 1310 etiam
2612 1264 2674 1310 ut
2721 1253 3033 1324 adoptionis
3082 1258 3292 1306 auctor.
3345 1249 3510 1319 528
3552 1247 3624 1304 Ut

2043 1357 2226 1403 autem
2258 1356 2451 1403 auctor
2484 1345 2788 1416 sapientiae,
2816 1345 2871 1399 in
2901 1345 3053 1398 nullo
3079 1358 3293 1405 eorum,
3324 1356 3463 1411 quos
3484 1338 3625 1394 dixi-

2046 1456 2187 1505 mus,
2224 1439 2552 1510 simpliciter
2584 1447 2690 1503 est,
2728 1428 3095 1507 praeterquam
3142 1435 3197 1488 in
3229 1434 3337 1487 illis
3365 1432 3459 1502 qui
3490 1447 3624 1500 pru—

2044 1514 2228 1585 (lentia
2256 1543 2321 1583 ac
2346 1526 2709 1598 intelligentia
2748 1523 2964 1595 prtediti
3002 1532 3151 1586 sunt,
3182 1522 3388 1591 quique
3415 1536 3516 1589 per
3544 1519 3626 1573 vi-

2045 1631 2156 1676 tam
2210 1620 2414 1675 divinis
2444 1618 2693 1674 moribus
2742 1617 3072 1680 institutam,
3129 1615 3251 1685 ejus
3314 1610 3626 1668 deiﬁeantis

2045 1712 2464 1769 inhabitationis
2492 1727 2551 1766 se
2577 1710 2771 1781 dignos
2794 1709 3165 1779 prazbuerunt.
3194 1705 3456 1775 Quisquis
3473 1704 3623 1759 enim

2046 1806 2261 1861 divinas
2283 1806 2594 1860 voluntates
2622 1818 2735 1857 non
2764 1801 2914 1865 facit,
2943 1799 3045 1855 etsi
3072 1798 3247 1853 ﬁdelis
3280 1805 3382 1861 est,
3418 1811 3514 1851 cor
3535 1795 3622 1849 in-

2044 1897 2251 1968 sipiens
2276 1888 2463 1961 habet,
2496 1907 2753 1965 tanquam
2788 1893 3057 1947 malorum
3085 1889 3477 1960 cogitationum
3508 1885 3627 1942 olli-

2044 1991 2248 2055 cinam,
2279 2004 2343 2044 ac
2369 2004 2574 2059 corpus
2604 1986 2905 2042 obnoxium
2933 1983 3196 2054 peccatis,
3224 1989 3287 2034 ut
3319 1978 3468 2049 quod
3485 1993 3626 2032 sem-

2044 2097 2144 2152 per
2174 2081 2435 2136 vitiorum
2464 2095 2529 2135 ac
2571 2078 2868 2133 libidinum
2905 2071 3338 2144 inquinamentis
3380 2069 3624 2124 sordeat.

2114 2175 2205 2230 74.
2232 2175 2338 2242 Qui
2366 2174 2614 2229 omnium
2643 2173 2874 2227 salutem
2902 2169 3110 2239 expetit
3130 2168 3297 2230 Deus,
3320 2177 3627 2233 eorumque

2045 2266 2222 2322 esurit
2237 2264 2663 2327 deificationem,
2682 2263 2904 2316 illorum
2924 2258 3093 2312 animi
3115 2257 3313 2311 fastum
3337 2269 3401 2308 ac
3416 2253 3625 2323 jactan-

2048 2356 2203 2421 tiam,
2251 2356 2402 2410 velut
2441 2352 2838 2408 infructuosam
2882 2348 3045 2403 ﬁcum
3076 2344 3393 2401 maledictio
3445 2342 3626 2396 arefa-

2047 2445 2124 2499 cit
2145 2446 2224 2511 ³⁰;
2253 2453 2331 2508 ιιι,
2361 2459 2474 2514 pra:
2507 2458 2575 2497 eo
2599 2440 2746 2510 quod
2775 2450 2861 2494 est
2890 2439 3068 2508 justos
3095 2434 3302 2498 videri,
3335 2432 3507 2502 pluris
3545 2431 3628 2484 fa—

2047 2536 2259 2592 cientes
2288 2542 2349 2589 ut
2373 2533 2506 2605 justi
2532 2533 2713 2602 reipsa
2739 2530 2872 2592 sint,
2908 2524 3259 2582 simulatione
3285 2530 3630 2577 constantem

2047 2642 2262 2682 morum
2299 2622 2683 2693 ostentationis
2725 2620 2964 2675 tunicam
2998 2623 3286 2678 exuentcs,
3338 2612 3632 2666 virtutum-

2045 2715 2154 2789 que
2186 2719 2308 2772 luce
2342 2717 2611 2771 nitentem
2644 2729 2709 2768 ac
2746 2711 3069 2773 studiosam,
3101 2716 3161 2761 ut
3186 2706 3369 2759 divina
3416 2703 3503 2757 lex
3542 2702 3632 2779 jug

2045 2808 2159 2873 bet,
2188 2808 2402 2862 sincere
2432 2804 2599 2858 vitam
2626 2797 3028 2861 consectantes,
3054 2795 3141 2866 pie
3172 2793 3316 2864 quod
3344 2800 3428 2845 est
3462 2791 3632 2859 hujus

2046 2900 2310 2969 temporis
2338 2896 2676 2965 transigant;
2702 2892 2777 2946 ita
2805 2890 3068 2944 nimirum
3094 2895 3156 2941 ut
3182 2888 3291 2941 Deo
3317 2882 3501 2954 potius
3516 2880 3632 2935 ani-

2047 3007 2199 3046 mum
2225 2988 2541 3051 exhibeant,
2587 3000 2753 3055 quam
2783 2981 3027 3037 exterius
3068 2979 3380 3035 simulatam
3415 2990 3632 3029 morum

2049 3086 2289 3158 speciem
2310 3081 2634 3138 hominibus
2654 3085 2954 3134 ostentent.

438 3168 529 3225 σε’.
559 3170 787 3240 Ἕτερός
824 3171 973 3224 ἐστιν
1005 3172 1032 3225 6
1063 3170 1157 3226 τοῦ
1189 3175 1383 3238 ποιεῖν,
1414 3173 1507 3228 καὶ
1561 3174 1748 3245 ἕτερος
1782 3175 1810 3227 6
1848 3175 1943 3228 τοῦ

2120 3179 2209 3233 75.
2241 3176 2362 3231 Alia
2382 3182 2467 3230 est
2498 3172 2695 3243 agendi
2715 3169 2879 3235 ratio,
2902 3168 3009 3222 alia
3039 3163 3306 3237 patiendi.
3341 3164 3418 3218 Ac
3439 3162 3635 3233 agendi

363 3263 600 3336 πάσχειν
622 3265 780 3333 λόγος
807 3282 820 3295 ·
860 3266 955 3319 καὶ
1000 3267 1027 3319 6
1068 3267 1169 3337 μὲν
1207 3268 1301 3321 τοῦ
1344 3272 1519 3322 ποιεῖν
1573 3268 1733 3338 λόγος
1774 3270 1943 3334 ἐστὶν,

364 3357 403 3429 ἡ
428 3360 631 3429 φυσικὴ
680 3359 817 3430 πρὸς
856 3359 1068 3430 ἀρετῶν
1106 3360 1388 3432 ἐνέργειαν
1420 3362 1652 3433 δύναμις
1684 3362 1752 3431 (ε)
1781 3377 1797 3393 ο
1832 3364 1860 3415 6
1891 3362 1948 3415 δὲ

363 3449 460 3505 τοῦ
490 3451 720 3522 πάσχειν
744 3493 759 3518 ,
793 3451 825 3522 ἢ
876 3452 1035 3524 χάρις
1058 3452 1165 3506 τῶν
1213 3453 1353 3524 ὑπὲρ
1403 3453 1641 3526 φύσιν,ἢ
1677 3453 1949 3525 σύμϐασις

365 3544 477 3596 τῶν
527 3543 681 3614 παρὰ
733 3544 915 3612 φύσιν.
955 3546 1045 3610 Ὠς
1084 3547 1194 3616 γάρ
1242 3546 1338 3600 τοῦ
1373 3547 1668 3618 ὑπερόντος
1709 3547 1948 3618 φυσικὴν

363 3634 471 3687 οὐκ
508 3633 705 3704 ἔχομεν
724 3634 975 3706 δύναμιν,
1009 3635 1182 3699 οὕτως
1209 3634 1334 3689 οὔτε
1374 3634 1467 3689 τοῦ
1514 3635 1588 3706 μὴ
1626 3635 1779 3699 ὄντος
1823 3636 1945 3707 έχο-

368 3742 473 3796 μεν
511 3725 669 3794 φύσει
698 3725 798 3797 τὴν
823 3726 1070 3798 δύναμιν.
1095 3727 1383 3798 Πάσχομεν
1420 3722 1515 3781 οὖν
1564 3728 1639 3792 ὡς
1671 3728 1811 3799 ὑπὲρ
1843 3729 1946 3798 φύ-

368 3834 456 3873 σιν
484 3812 650 3872 οὖσαν
672 3817 815 3871 κατὰ
844 3818 1026 3889 χάριν,
1055 3817 1168 3871 ἀλλ’
1191 3818 1251 3872 ού
1283 3818 1547 3888 ποιοῦμεν
1583 3820 1683 3889 τὴν
1713 3819 1942 3873 θέωσιν·

363 3909 430 3963 ού
462 3909 570 3980 γὰρ
603 3909 799 3979 ἔχομεν
826 3909 985 3979 φύσει
1007 3909 1263 3979 δεκτικὴν
1291 3910 1391 3980 τῆς
1425 3909 1673 3973 θεώσεως
1695 3910 1945 3981 δύναμιν.

365 3999 483 4053 Καὶ
528 4002 812 4070 πάσχομεν
863 3999 1027 4053 πάλιν
1073 4000 1149 4064 ὡς
1192 4000 1343 4070 παρὰ
1370 3998 1532 4069 φύσιν
1556 4040 1571 4066 ,
1593 3999 1788 4074 γνώμῃ
1809 4002 1949 4056 κατὰ

368 4090 646 4162 σύμϐασιν
672 4092 771 4164 τὴν
798 4092 999 4146 κακίαν
1023 4109 1039 4124 ο
1075 4092 1135 4145 ού
1172 4092 1280 4162 γὰρ
1308 4091 1503 4164 ἔχομεν
1551 4091 1688 4164 πρὸς
1734 4094 1949 4162 γένεσιν

367 4183 571 4247 κακίας
609 4184 842 4255 φυσικὴν
870 4183 1113 4254 δύναμιν.
1152 4182 1421 4254 Ποιοῦμεν
1445 4178 1538 4238 οὖν
1584 4184 1816 4239 ἐνταῦθα
1847 4185 1949 4255 φύ-

370 4292 458 4329 σει
484 4275 636 4341 ὅντες
670 4275 768 4340 τὰς
790 4276 1013 4346 ἀρετὰς,
1049 4275 1183 4346 πρὸς
1220 4275 1281 4329 τὸ
1303 4275 1504 4339 ταύτας
1536 4278 1710 4329 ποιεῖν
1736 4277 1949 4347 ἔχοντες

369 4367 607 4436 φυσικὴν
639 4366 739 4438 τὴν
769 4365 1000 4437 δύναμιν
1027 4382 1040 4397 ο
1080 4367 1361 4436 πάσχομεν
1393 4364 1450 4418 δὲ
1490 4368 1630 4420 κατὰ
1659 4368 1719 4420 τὸ
1756 4368 1949 4439 μέλλον

367 4458 471 4530 τὴν
506 4458 700 4513 θέωσιν
727 4499 741 4523 ,
777 4459 877 4528 τὴν
909 4458 1045 4528 πρὸς
1079 4457 1140 4511 τὸ
1178 4457 1373 4511 παθεῖν
1419 4457 1623 4530 ταύτην
1666 4461 1808 4516 κατὰ
1847 4461 1949 4515 δωο

374 4553 505 4620 ρεᾶς
537 4552 697 4622 χάριν
724 4551 1025 4621 δεχόμενοι.

2048 3270 2273 3342 quidem
2299 3268 2461 3331 ratio,
2490 3262 2759 3320 naturalis
2788 3258 3020 3315 facultas
3051 3265 3137 3313 est
3160 3255 3498 3326 operationis
3517 3253 3636 3307 vir-

2047 3370 2262 3424 tutum;
2300 3355 2545 3429 patiendi
2595 3368 2729 3408 vero
2763 3351 2935 3415 ratio,
2984 3349 3070 3403 vel
3102 3363 3293 3402 eorum
3337 3346 3511 3417 gratia
3546 3352 3636 3399 est

2046 3466 2167 3521 qua?
2191 3458 2445 3503 naturam
2476 3450 2761 3515 superant,
2778 3442 2864 3496 vel
2891 3455 3081 3495 eorum
3115 3454 3275 3493 casus
3295 3453 3357 3491 ac
3377 3443 3630 3500 eventus,

2047 3556 2169 3611 qua:
2207 3547 2337 3595 sunt
2384 3544 2585 3607 praeter
2640 3545 2916 3589 naturam.
2949 3529 3425 3598 Quemadmodum
3480 3526 3630 3581 enim

2046 3631 2166 3701 ejus
2191 3626 2339 3698 quod
2372 3624 2539 3680 rebus
2571 3622 2827 3693 superius
2863 3632 2967 3684 est,
2994 3617 3419 3687 haudquaquam
3465 3620 3631 3668 natu~

2047 3725 2219 3780 ralem
2262 3721 2577 3777 facultatem
2613 3717 2904 3781 habemus,
2950 3713 3025 3767 ita
3062 3727 3165 3765 nec
3189 3711 3307 3779 ejus
3354 3709 3498 3778 quod
3529 3722 3632 3761 nec

2047 3826 2134 3873 est
2158 3816 2215 3870 in
2256 3815 2445 3877 rebus,
2472 3828 2568 3867 seu
2586 3810 2723 3865 nihil
2750 3816 2857 3875 est,
2894 3805 3156 3861 facultate
3181 3809 3379 3855 natura
3412 3799 3631 3869 praediti

2048 3924 2258 3966 sumus.
2303 3905 2551 3963 Patimur
2580 3917 2733 3973 ergo,
2789 3908 2851 3954 ut
2882 3896 3029 3968 quod
3063 3904 3316 3949 naturam
3368 3895 3630 3959 superet,

2048 4016 2159 4056 non
2193 4013 2327 4054 vero
2368 3996 2619 4059 facimus,
2662 3992 2820 4063 cujus
2864 3988 3029 4043 nobis
3072 3991 3265 4040 auctor
3297 3982 3494 4053 gratia,
3524 3979 3632 4034 hoc

2048 4090 2196 4163 quod
2225 4088 2585 4151 deiﬁcamur;
2622 4083 2825 4154 quippe
2870 4080 2965 4150 qui
3006 4079 3125 4149 ejus
3147 4090 3402 4144 capacem
3432 4084 3633 4126 natura

2048 4184 2366 4240 facultatem
2420 4177 2625 4233 nullam
2662 4175 2983 4229 habeamus.
3033 4170 3246 4224 Rursus
3289 4180 3421 4219 vero
3480 4163 3637 4217 mali-

2050 4275 2183 4347 tiam
2208 4284 2374 4342 atqne
2405 4270 2625 4331 vitium,
2647 4265 2794 4337 quod
2824 4272 3017 4318 contra
3044 4269 3320 4323 naturam,
3351 4255 3635 4309 voluntate

2051 4367 2332 4437 animique
2364 4364 2652 4422 sententia
2679 4359 2915 4423 accidat,
2939 4355 3211 4427 patimur;
3248 4350 3452 4420 quippe
3480 4347 3639 4416 cujus

2051 4460 2282 4533 originis
2325 4458 2478 4513 nulla
2530 4455 2588 4510 in
2618 4452 2781 4509 nobis
2822 4447 3094 4505 naturalis
3118 4443 3352 4498 facultas
3389 4438 3635 4494 exsistat.

1985 4548 2027 4603 ῐ)
2056 4528 2423 4623 Quamobrem
2455 4550 2587 4604 dum
2625 4543 2883 4617 praesenti
2903 4556 3019 4597 aevo
3045 4538 3277 4608 agimus.
3310 4540 3508 4587 natura
3528 4528 3641 4582 vir-

368 4655 521 4702 tutes
549 4663 861 4718 operamur,
892 4648 958 4702 ad
990 4663 1126 4718 quas
1154 4647 1450 4721 praestandi
1476 4649 1713 4705 naturali
1746 4649 2004 4705 instructi
2065 4650 2323 4706 facultate
2350 4662 2539 4702 sumus
2566 4662 2580 4699 :
2617 4644 2673 4697 in
2739 4640 2929 4695 futuro
2985 4642 3167 4689 autem
3232 4626 3639 4683 deiﬁcationcm

364 4737 631 4809 patimur,
662 4740 822 4809 cujus
849 4738 1120 4808 patiendae
1145 4739 1377 4808 gratiam
1408 4754 1471 4793 ac
1504 4754 1707 4793 munus
1740 4754 1771 4793 a
1808 4739 1918 4794 Deo
1959 4754 2388 4809 consequamur.

440 4837 547 4896 σις’.
574 4830 841 4899 Ποιοῦμεν
871 4831 1050 4899 ἡμεῖς,
1088 4830 1173 4899 ἐφ’
1202 4831 1324 4884 ὅσον
1362 4832 1462 4900 τήν
1494 4848 1553 4883 τε
1600 4830 1709 4883 τῶν
1739 4829 1950 4901 ἀρετῶν

367 4922 660 4995 ποιητικὴν
687 4921 847 4992 φύσει
876 4921 1100 4993 λογικὴν
1123 4920 1321 4993 ἔχομεν
1358 4922 1584 4991 δύναμιν
1620 4921 1952 4992 ἐνεργουμέ-

368 5031 470 5085 νην
505 5030 519 5043 ·
550 5017 646 5070 καὶ
669 5016 768 5086 τὴν
800 5015 980 5085 πάσης
1008 5013 1263 5083 γνώσεως
1296 5015 1550 5086 δεκτικὴν
1577 5014 1771 5084 γοερὰν
1795 5014 1957 5085 ἀσχέ-

450 5180 495 5212 ⁸⁰
528 5177 717 5233 Matth.
753 5194 864 5242 χχι,
905 5175 992 5232 i9-

444 5309 515 5384 (ες)
570 5313 633 5367 Ἠ
668 5311 900 5384 φυσικὴ
929 5310 1653 5384 πρὸςρρετώνὲνέρπειᾳν
1676 5311 1951 5384 dura/ue.

372 5379 466 5440 Sic
499 5379 784 5455 Maximus,
812 5382 919 5455 hoc
950 5379 1099 5449 quod
1129 5388 1215 5434 est
1244 5379 1956 5455 agere‘definitpNatgralis

373 5453 604 5525 facultas
632 5453 907 5525 operandj,
938 5465 1031 5525 seu
1052 5451 1342 5525 praestandi
1372 5450 1606 5525 virtutes:
1644 5451 1958 5525 Ac‘ubique

373 5521 434 5576 τὸ
466 5523 626 5593 φύσει
666 5521 905 5591 Opponit
928 5521 1026 5593 τῷ,
1064 5521 1215 5593 παρᾲ
1250 5521 1430 5593 φύσιν.
1474 5521 1742 5593 Sicloquj
1770 5521 1961 5593 docuit

374 5589 601 5655 Paulus,
639 5589 799 5646 Rom.
849 5608 907 5645 ll.
940 5592 1109 5644 Ὅταν
1154 5589 1283 5659 ἔθνη
1320 5590 1480 5655 φύσει
1523 5591 1593 5643 τὰ
1635 5589 1729 5643 τοῦ
1784 5591 1954 5661 νόμου

378 5666 509 5733 ποιῇ
547 5680 561 5694 ·
602 5663 757 5730 quasi
781 5678 844 5716 ex
860 5661 1020 5714 ductu
1038 5669 1195 5733 atque
1222 5662 1473 5714 instinctu
1505 5668 1739 5733 naturw,
1764 5661 1957 5729 illique

374 5730 782 5795 conéentancc;
839 5739 971 5786 tunc
1029 5730 1194 5784 etiam
1229 5745 1354 5784 cum
1418 5732 1588 5800 gratia
1627 5732 1952 5795 excitamur,

378 5812 537 5867 extra
558 5817 721 5873 quam
754 5802 809 5855 in
849 5811 1047 5856 natura
1081 5810 1361 5870 corrupta,
1383 5816 1493 5856 non
1520 5801 1680 5871 φύσει
1717 5803 1951 5872 agimus,

2128 4808 2215 4885 i6.
2244 4830 2469 4898 Agimus
2500 4840 2623 4888 nos,
2656 4832 2931 4893 quatenus
2959 4814 3213 4887 rationali
3234 4812 3493 4867 facultate
3519 4808 3637 4863 vir—

2064 4930 2245 4977 tutum
2271 4918 2551 4976 effectrice
2578 4924 2774 4972 natura
2795 4911 3011 4984 prazditi
3043 4923 3254 4972 sumus,
3285 4904 3639 4972 scientiaeque

2063 5012 2243 5067 omnis
2276 5025 2474 5080 capace
2523 5007 2774 5063 absolute
2804 5004 3005 5059 mentis
3042 5000 3330 5063 facultate,
3383 5009 3639 5050 omnem-

2065 5310 2161 5365 sed
2188 5308 2341 5379 παρὰ
2372 5306 2534 5379 φύσιν
2556 5322 2570 5336 ·
2597 5305 2701 5379 etsi
2726 5303 2993 5359 Maximus
3020 5302 3160 5358 nihil
3183 5302 3275 5357 hic
3303 5301 3643 5379 peculiarius

2066 5380 2134 5434 de
2160 5372 2333 5450 gratia
2365 5372 2625 5450 explicat,
2653 5377 2771 5450 sine
2793 5390 2899 5444 qua
2932 5382 3153 5450 certum
3180 5384 3265 5428 est
3296 5388 3397 5427 nos
3413 5387 3533 5450 non
3555 5372 3641 5425 di-

2066 5441 2202 5519 gnos
2246 5447 2386 5502 effici
2439 5441 2627 5519 beata_
2660 5447 2753 5500 illa
2794 5441 3087 5519 passione,
3123 5460 3245 5519 quae
3278 5450 3363 5496 est
3409 5441 3639 5519 θέωσις,

2066 5510 2420 5589 perfectaque
2445 5532 2571 5589 cum
2600 5517 2713 5589 Deo
2762 5510 3070 5589 similitudo
3122 5510 3354 5584 erSque
3397 5510 3638 5589 adeptio.

2067 5580 2294 5644 omnino
2323 5580 2599 5642 excedens
2622 5586 2733 5640 vim
2770 5594 2826 5639 et
2861 5580 3177 5640 facultatem
3216 5580 3425 5636 naturae
3451 5580 3641 5649 (etiam

2065 5660 2245 5728 quoad
2282 5656 2527 5725 modum)
2553 5658 2705 5728 omni
2748 5657 3132 5728 proprioractu
3168 5653 3323 5728 in_ca
3366 5659 3642 5728 cessante,

2064 5719 2176 5785 Deo
2215 5730 2319 5784 sibi
2364 5719 2585 5796 penitus
2612 5719 2867 5781 animum
2883 5726 3211 5796 subjiciente
3241 5723 3404 5777 beato
3433 5719 3527 5775 illo
3562 5719 3642 5775 si-

2060 5801 2254 5866 lentio,
2303 5792 2531 5869 ejusque
2556 5796 2777 5854 fruendi
2802 5795 2950 5855 felici
2982 5792 3333 5851 necessitate.
