4020 6408
315 405 461 473 1213

1025 407 1361 467 CAPITUM
1400 406 1823 479 QUINQUIES
1860 405 2383 466 CENTENORUM
2415 407 2805 469 CENTURIA
2839 410 2890 470 Ι.

3450 406 3585 471 12H

388 526 467 577 π’.
532 520 593 575 ’0
631 518 878 582 διάϐολος
939 520 1034 573 καὶ
1074 521 1268 591 ἐχθρός
1310 521 1433 573 ἐστι
1486 520 1581 573 τοῦ
1612 519 1773 585 Θεοῦ,
1809 519 1903 571 καὶ

2079 519 2242 589 530
2285 519 2373 575 80.
2414 520 2699 586 Diabolus,
2735 522 2831 576 Dei
2870 530 2927 577 et
2974 522 3151 577 hostis
3194 530 3250 578 et
3294 521 3444 575 ultor
3487 532 3592 578 est.

313 613 639 684 ἐκδικητής·
682 611 876 682 ἐχθρὸς
904 610 1024 682 μὲν,
1061 612 1192 666 ὅταν
1239 611 1316 674 ὡς
1371 612 1546 682 μισῶν
1582 613 1745 673 αὑτὸν
1768 652 1782 674 ,
1817 612 1906 665 δο-

314 708 405 762 κεῖ
432 722 553 769 πως
576 704 677 774 τὴν
708 703 952 774 ὀλέθριον
981 703 1283 774 κεκτῆσθαι
1314 704 1452 773 πρὸς
1480 704 1630 774 ἡμᾶς
1658 705 1785 766 τοὺς
1813 705 1908 756 ἀν-

318 796 574 870 θρώπους
598 796 841 865 ἀγάπην,
867 797 977 857 τοῖς
1007 794 1117 848 τῶν
1150 796 1413 848 ἑκουσίων
1443 795 1634 847 παθῶν
1663 794 1906 865 τρόποις,

315 889 407 943 διὰ
442 888 544 957 τῆς
600 886 792 956 ἡδονῆς
828 884 1030 939 πείθων
1075 886 1234 957 ἡμῶν
1280 886 1380 956 τὴν
1431 886 1752 957 προαίρεσιν
1800 884 1909 937 τῶν

318 980 562 1037 αἰωνίων
613 977 858 1046 ἀγαθῶν,
889 976 1205 1047 προκρίνειν
1243 975 1314 1030 τὰ
1352 976 1669 1047 πρόσκαιρα
1690 992 1703 1007 '
1733 977 1801 1029 δι’
1832 969 1909 1029 ὧν

318 1073 575 1130 κλέπτων
605 1071 735 1141 ὃλην
762 1072 863 1142 τῆς
885 1069 1065 1141 ψυχῆς
1095 1070 1194 1140 τὴν
1228 1068 1435 1138 ἔφεσιν,
1456 1071 1557 1139 τῆς
1591 1068 1740 1132 θείας
1771 1084 1910 1121 παν-

319 1161 496 1225 τελῶς
536 1160 760 1230 ἀγάπης
812 1161 959 1231 ἡμᾶς
993 1144 1316 1228 ἀφίστησιν,
1352 1159 1636 1222 ἑκουσίους
1681 1160 1911 1230 ἐχθροὺς

322 1253 498 1308 ποιῶν
525 1246 621 1305 τοῦ
661 1252 987 1322 ποιήσαντος
1011 1268 1024 1281 ο
1066 1249 1356 1321 ὲκδικητὴς
1378 1250 1435 1303 δὲ
1462 1292 1475 1314 ,
1510 1251 1640 1304 ὅταν
1688 1250 1911 1321 γυμνώ-

324 1362 428 1405 σας
454 1343 516 1397 τὺ
560 1342 697 1414 πρὸς
744 1343 895 1412 ἡμᾶς
927 1344 1117 1413 μῖσος,
1152 1341 1228 1404 ὡς
1257 1342 1357 1412 ήδη
1390 1342 1717 1411 γενομένους
1763 1342 1913 1412 αὑτῷ

322 1432 417 1486 διὰ
473 1430 573 1503 τὴν
617 1430 896 1500 ἁμαρτίαν
942 1429 1289 1500 ὑποχειρίους
1313 1469 1328 1495 ,
1356 1430 1635 1501 ὲξαιτῆται
1663 1432 1763 1501 τὴν
1790 1432 1912 1485 καθ’

324 1520 487 1592 ἡμῶν
508 1519 801 1592 τιμωρίαν.
830 1520 999 1574 Οὑδὲν
1027 1521 1138 1589 γὰρ
1186 1521 1330 1574 οὑτω
1378 1522 1531 1591 φίλον
1564 1522 1643 1593 τῷ
1681 1522 1915 1593 διαϐόλῳ

325 1611 707 1683 καθέστηκεν,
738 1612 815 1675 ὼς
856 1611 1143 1682 ἄνθρωπος
1186 1612 1613 1682 τιμωρούμενος.
1642 1613 1813 1666 Τοῦτο
1858 1614 1915 1668 δὲ

328 1688 733 1777 συγχωρηθεὶς,
768 1703 869 1769 τάς
896 1704 1232 1775 ἐπαλλήλους
1261 1705 1491 1758 ἐπινοῶν
1515 1706 1623 1759 τῶν
1647 1706 1916 1760 ἀκουσίων

327 1796 523 1851 παθῶν
548 1796 866 1865 ἐπαγωγὰς,
906 1795 1174 1859 λαίλαπος
1202 1795 1360 1866 δίκην
1388 1796 1612 1867 ἀπηνῶς
1651 1797 1911 1869 ἐπιφέρε-

326 1904 429 1942 ται
458 1889 572 1950 τοῖς
618 1885 740 1941 καθ’
765 1879 841 1941 ὧν
874 1887 1171 1957 ἐκομίσατο
1222 1889 1568 1958 συγχωρήσει
1626 1887 1763 1941 Θεοῦ
1813 1889 1913 1960 τὴν
1947 1871 1987 1925 Β

329 1978 627 2049 ἐξουσίαν’
671 1982 733 2037 οὑ
789 1980 851 2035 τὸ
900 1982 1231 2053 πρόσταγμα
1266 1981 1327 2034 τὸ
1361 1982 1504 2035 θεῖον
1559 1982 1914 2053 ἐκπληρῶσαι

332 2074 695 2145 βουλόμενος,
726 2072 862 2128 ἀλλά
902 2072 962 2127 τὸ
1002 2074 1201 2127 οίκείον
1228 2073 1323 2127 τοῦ
1357 2074 1481 2126 καθ’
1513 2073 1672 2143 ἡμῶν
1722 2075 1915 2145 μίσους

325 2165 622 2236 διαθρέψαι
661 2164 834 2228 πάθος
854 2163 1138 2235 ἐπιθυμῶν
1160 2182 1174 2196 ο
1208 2165 1297 2218 ῐνα
1322 2165 1400 2235 τῷ
1424 2166 1605 2235 πολλῷ
1632 2166 1786 2237 βάρει
1808 2166 1917 2219 τῶν

326 2256 607 2328 ὀδυνηρῶν
642 2255 961 2328 συμφορῶν,
994 2258 1028 2327 ἡ
1061 2256 1208 2327 ψυχὴ
1234 2257 1302 2309 δι’
1336 2256 1556 2311 ἀτονίαν
1597 2257 1913 2320 ὀκλάσασα,

324 2351 432 2422 τῆς
465 2350 616 2414 θείας
643 2350 855 2412 ἐλπίδος
881 2350 1081 2418 ἑαυτῆς
1115 2350 1386 2423 περικόψῃ
1418 2350 1516 2421 τὴν
1544 2349 1790 2418 δύναμιν,
1823 2349 1917 2401 ἀν-

326 2446 387 2496 τὶ
411 2442 716 2505 νουθεσίας,
747 2443 938 2506 ἀθεῒας
962 2442 1145 2495 αίτίαν
1186 2442 1484 2513 ποιουμένη
1522 2443 1623 2511 τὴν
1651 2441 1761 2495 τῶν
1805 2441 1919 2494 άλ-

328 2535 533 2603 γεινῶς
562 2535 971 2606 συμϐαινόντων
997 2536 1315 2607 ὲπαγωγήν.

412 2717 524 2772 πα’.
561 2719 729 2773 Ὅταν
755 2718 804 2772 oi
834 2717 933 2788 τὴν
967 2716 1279 2790 πρακτικὴν
1313 2715 1447 2780 ἕξιν,
1472 2714 1564 2767 καὶ
1594 2714 1691 2784 τὴν
1717 2713 1920 2786 θεωρη-

332 2809 497 2882 τικὴν
531 2810 841 2881 δπιστήμην
874 2807 1263 2878 ἀπειληφότες,
1291 2807 1427 2877 πρὸς
1457 2806 1555 2877 τὴν
1578 2805 1685 2857 τῶν
1704 2805 1918 2875 ἀνθρώ-

333 2920 457 2957 πων
516 2902 721 2964 ταύτας
774 2901 1147 2972 μετέρχωνται
1187 2900 1379 2965 δόξαν,
1406 2899 1511 2970 ἤθη
1559 2898 1659 2966 μὲν
1708 2898 1921 2968 ἀρετῶν

331 2995 417 3065 τῷ
449 2993 763 3065 φαινομένῳ
808 2994 995 3063 τρόπῳ
1060 2989 1526 3061 σκιαγραφοῦντες
1556 3005 1571 3020 ·
1614 2988 1809 3058 λόγους
1864 2988 1923 3042 δὲ

337 3088 535 3155 σοφίας
564 3086 660 3141 καὶ
700 3083 956 3153 γνώσεως
983 3084 1146 3153 μόνον
1171 3081 1479 3144 λαλοῦντες,
1503 3080 1625 3150 δίχα
1645 3080 1753 3133 τῶν
1781 3079 1925 3133 κατά

335 3177 685 3249 δικαιοσύνην
718 3176 914 3249 ἔργων·
947 3176 1041 3229 καὶ
1070 3175 1160 3228 τὸν
1187 3174 1261 3237 ὼς
1304 3174 1390 3225 ἐπ’
1413 3174 1581 3244 ἀρετῇ
1607 3173 1701 3225 καὶ
1724 3170 1923 3239 γνώσει

334 3272 453 3332 τοῖς
478 3268 661 3330 ἄλλοις
716 3267 1121 3320 ἐπιδείκνυνται
1160 3266 1348 3333 τὺφον,
1382 3265 1607 3327 είκότως
1651 3265 1924 3335 πρέπουσι

338 3360 725 3431 παραδίδονται
752 3358 956 3423 πόνοις,
991 3358 1081 3412 διὰ
1142 3357 1236 3410 τοῦ
1294 3358 1527 3425 πάσχειν
1581 3356 1679 3425 τὴν
1724 3358 1925 3424 ἀγνοη-

339 3444 529 3505 Oetam
559 3449 745 3511 αὑτοῖς
778 3451 841 3502 ἐκ
868 3450 968 3518 τῆς
1005 3447 1243 3519 ματαίας
1292 3449 1523 3517 οἰήσεως
1568 3462 1926 3516 ταπεινοφρο-

338 3542 513 3615 utiqu
553 3542 1080 3615 μεταμανθάνοντες.

416 3727 531 3797 πβ’.
570 3727 844 3788 Ἕκαστος
876 3724 983 3779 τῶν
1012 3723 1282 3794 δαιμόνων
1317 3720 1459 3775 κατὰ
1485 3720 1584 3790 τὴν
1607 3716 1928 3779 ὲνδιαθέτως

340 3819 719 3890 ὑποκειμένην
738 3818 1182 3890 ἐπιτηδειότητα,
1224 3815 1362 3887 πρὸς
1387 3813 1547 3883 τήνδε
1577 3812 1610 3882 ἢ
1634 3810 1789 3883 τήνδε
1821 3809 1931 3861 τῶν

343 3909 668 3981 πειρασμῶν
702 3909 800 3980 τὴν
825 3906 1120 3979 ἐπαγωγὴν
1154 3904 1413 3975 τυγχάνει
1460 3900 1812 3973 λειτουργῶν·
1838 3900 1932 3955 άλ-

341 4003 437 4065 λος
461 4001 568 4072 γὰρ
601 4000 767 4069 ἄλλης
798 4000 912 4052 ἐστὶ
933 3997 1215 4067 ποιητικὸς
1233 3996 1452 4059 κακίας.
1471 3996 1565 4049 καὶ¹
1583 3994 1741 4058 ἄλλος
1770 3993 1930 4048 ἄλλου

348 4093 539 4161 σαφῶς
573 4093 689 4144 ἐστι
718 4089 1090 4161 μιαρώτερος,
1121 4088 1393 4158 καὶπρὸς
1430 4088 1547 4141 τόδε
1586 4085 1784 4158 μᾶλλον
1831 4086 1932 4155 τῆς

346 4184 549 4247 κακίας
568 4184 629 4238 τὸ
658 4180 797 4246 εἶδος
826 4181 1281 4252 ἐπιτηδειότερος.

422 4273 534 4345 πγ⁹.
568 4277 731 4328 Ἀνευ
764 4276 863 4344 τῆς
894 4274 1045 4338 θείας
1092 4273 1516 4343 συγχωρήσεως,
1541 4270 1661 4325 οὐδὲ
1687 4270 1841 4326 αὑτοὶ
1874 4272 1934 4349 ὀί

344 4366 606 4436 δαίμονες
637 4365 755 4418 κατ’
782 4365 934 4417 οὐδὲν
955 4364 1249 4433 ὑπουργεῖν
1275 4360 1533 4414 δύνανται
1558 4360 1637 4429 τῷ
1670 4360 1929 4430 διαϐόλῳ.

344 4453 479 4512 υἷδε
509 4456 618 4528 γὰρ
645 4456 807 4518 αὑτὸς
835 4456 863 4507 ό
890 4455 1024 4517 Θεὸς
1056 4454 1206 4516 ὅπως
1243 4452 1383 4523 μετά
1432 4452 1531 4521 τῆς
1571 4451 1799 4522 δεούσης
1843 4469 1933 4519 φι-

2014 610 2201 665 Hostis
2238 612 2487 680 quidem,
2530 612 2661 665 dum
2700 620 2956 681 tanquam
3000 614 3128 667 odio
3160 615 3213 668 in
3241 630 3366 668 eum
3402 615 3593 668 incita-

2011 711 2121 768 tus,
2166 703 2456 759 exitiosam
2502 719 2631 774 erga
2680 720 2782 759 nos
2826 706 3077 759 homines
3119 707 3321 761 habere
3375 708 3597 761 videtur

2011 794 2388 867 dilectionem,
2420 812 2613 851 eorum
2647 798 2946 852 affectuum
2982 798 3159 850 modis
3186 800 3279 867 qui
3307 815 3371 851 ex
3403 801 3601 852 voluna

2010 894 2123 941 tate
2150 897 2299 953 sunt,
2332 889 2676 958 voluptatum
2730 889 2990 943 illecebra
3022 897 3217 942 auctor
3259 890 3467 945 scilicet
3502 908 3602 945 no-

2013 984 2146 1031 stra:
2182 979 2452 1032 voluntati
2479 980 2772 1043 exsistens,
2815 987 2876 1031 ut
2908 978 3129 1032 aeternis
3177 979 3338 1033 bonis
3377 990 3604 1050 antepo-

2012 1076 2109 1121 nat
2147 1077 2541 1139 temporanea:
2582 1071 2785 1140 quibus
2826 1079 2995 1125 totam
3027 1072 3198 1125 animi
3241 1072 3600 1141 cupiditatem

2014 1169 2135 1217 astu
2165 1162 2407 1232 rapiens,
2439 1178 2469 1217 a
2508 1163 2694 1217 divina
2720 1178 2823 1218 nos
2854 1178 3081 1233 prorsus
3120 1165 3408 1229 charitate,
3443 1165 3606 1220 Crea-

2014 1253 2151 1308 toris
2173 1261 2369 1323 sponte
2403 1253 2593 1307 hostes
2619 1255 2986 1320 constituens,
3024 1255 3293 1326 abjungit.
3324 1256 3480 1311 Ultor
3509 1275 3608 1312 au-

2016 1352 2150 1409 tem,
2175 1360 2302 1399 eum
2334 1345 2565 1410 nudato,
2591 1360 2705 1415 quo
2741 1362 2843 1401 nos
2869 1348 3247 1417 prosequitur,
3282 1349 3429 1412 odio,
3455 1350 3607 1405 velut

2011 1438 2122 1509 jam
2162 1437 2213 1491 ei
2260 1453 2363 1508 per
2406 1447 2697 1507 peccatum
2741 1438 2917 1493 factos
2964 1438 3256 1505 obnoxios,
3290 1441 3355 1495 ad
3389 1458 3607 1511 poenam

2016 1528 2287 1599 deposcit.
2318 1530 2479 1585 Nulla
2506 1530 2653 1585 enim
2695 1546 2754 1586 re
2791 1542 2947 1601 aeque
2979 1530 3283 1586 delectatur
3328 1534 3604 1597 diabolus,

2018 1634 2083 1674 ac
2120 1620 2362 1677 hominis
2394 1623 2687 1692 supplicio.
2716 1623 2821 1679 Ubi
2857 1633 3041 1679 autem
3072 1625 3126 1679 id
3165 1626 3240 1679 illi
3282 1641 3607 1679 concessum

2018 1715 2208 1778 fuerit,
2242 1713 2350 1767 alia
2389 1713 2512 1767 aliis
2545 1712 2906 1769 succedentia
2942 1715 3108 1781 mala,
3140 1732 3261 1785 qua:
3291 1716 3481 1770 invitis
3510 1717 3611 1770 du-

2020 1822 2117 1861 rus
2142 1814 2365 1861 exactor
2405 1804 2636 1876 inﬂigat,
2667 1806 3004 1876 excogitans,
3036 1808 3272 1861 turbinis
3309 1808 3361 1861 in
3400 1824 3607 1862 morem

2020 1899 2130 1954 illis
2175 1898 2494 1953 immaniter
2540 1874 2777 1968 ingruit;
2814 1896 2870 1951 in
2919 1912 3058 1966 quos
3103 1899 3199 1951 Dei
3246 1900 3609 1969 permistione

2021 1991 2234 2061 accepit
2269 1997 2598 2060 potestatem
2632 2008 2646 2043 :
2690 2006 2799 2045 non
2840 1990 2985 2060 quod
3023 1991 3117 2045 Dei
3151 1993 3471 2046 mandatum
3506 1995 3611 2046 im-

2020 2084 2172 2159 plere
2201 2082 2355 2146 velit,
2397 2082 2494 2136 sed
2539 2082 2646 2137 hoc
2688 2082 2853 2137 etiam
2907 2092 3070 2152 atque
3119 2083 3283 2137 etiam
3334 2094 3607 2155 satagens,

2024 2182 2086 2227 ut
2136 2175 2218 2228 sui
2274 2175 2327 2227 in
2370 2189 2473 2229 nos
2513 2173 2625 2227 odii
2656 2174 2767 2228 alat
2799 2174 2987 2240 virus;
3023 2190 3131 2245 quo
3168 2192 3366 2245 nempe
3404 2176 3610 2247 ingenti

2023 2282 2397 2321 aerumnarum
2446 2266 2815 2336 dolorumque
2867 2267 3109 2337 pondere
3160 2285 3270 2337 prae
3329 2268 3615 2324 debilitate

2025 2359 2291 2416 fatiscens
2331 2359 2549 2414 animus
2582 2360 2783 2415 divina:
2827 2359 2925 2414 abs
2962 2375 3021 2413 se
3069 2359 3187 2429 spei
3227 2361 3490 2415 virtutem
3522 2361 3621 2414 ab—

2026 2450 2274 2517 scindat;
2322 2451 2416 2521 qui
2446 2452 2708 2507 videlicet
2752 2452 3128 2520 corruptionis
3172 2451 3299 2506 loco
3343 2469 3406 2507 ac
3448 2452 3617 2507 disci-

2026 2540 2211 2609 plinae,
2249 2557 2372 2611 qua:
2406 2543 2637 2598 molesta
2667 2543 2935 2598 eveniunt
2960 2559 3025 2599 ac
3055 2544 3391 2609 inferuntur,
3426 2544 3481 2596 in
3518 2542 3622 2596 im-

2026 2631 2248 2699 pietatis
2281 2641 2667 2702 argumentum
2702 2643 2901 2689 vertat.

2098 2721 2186 2774 81.
2235 2719 2370 2775 Cum
2418 2721 2479 2786 ii,
2527 2721 2620 2790 qui
2665 2723 2898 2775 actionis
2938 2721 3210 2789 habitum,
3264 2740 3328 2778 ac
3372 2731 3622 2777 contem-

2027 2811 2215 2880 plandi
2244 2812 2531 2867 scientiam
2573 2814 2719 2867 nacti
2753 2825 2903 2878 sunt,
2948 2814 3015 2868 ad
3056 2815 3380 2884 captandam
3417 2831 3482 2868 ex
3521 2815 3623 2868 ho-

2028 2901 2276 2956 minibus
2333 2901 2568 2971 gloriam
2629 2902 2746 2957 hazc
2799 2903 3017 2968 colunt;
3082 2920 3280 2973 nempe
3350 2904 3620 2957 virtutum

2028 2992 2225 3047 modos
2256 2993 2560 3063 conspicuo
2587 3003 2743 3063 gestu
2785 3002 2950 3062 atque
2976 2994 3167 3048 habitu
3204 2995 3621 3061 adumbrantes,

2029 3084 2423 3155 sapientiaeque
2447 3099 2511 3137 ac
2537 3085 2782 3140 scientiae
2802 3086 3072 3141 duntaxat
3105 3102 3389 3140 sermones
3415 3086 3624 3157 absque

2030 3190 2260 3244 operum
2310 3174 2525 3245 justitia
2572 3176 2895 3244 loquentes;
2952 3177 3214 3246 velutque
3267 3176 3494 3231 virtutis
3561 3192 3626 3231 ac

2027 3265 2274 3320 scientiae
2310 3268 2556 3328 nomine,
2585 3282 2695 3336 quo
2723 3276 2938 3321 tument
2975 3266 3141 3330 fastu,
3189 3267 3311 3321 aliis
3341 3276 3625 3321 ostentau-

2028 3364 2143 3423 tes;
2201 3358 2657 3412 convenientibus
2700 3359 2899 3413 merito
2940 3359 3230 3414 laboribus
3284 3360 3623 3415 traduntur:

2027 3454 2091 3498 ut
2131 3460 2231 3514 per
2264 3454 2539 3500 tormenta
2578 3461 2641 3499 ac
2671 3447 2835 3510 mala,
2876 3462 3038 3515 quam
3069 3463 3134 3500 ex
3176 3446 3324 3500 inani
3355 3447 3624 3516 jactantia

2028 3535 2305 3604 stultaque
2336 3537 2423 3590 sui
2463 3535 2724 3605 opinione
2766 3536 3138 3601 nesciverant,
3189 3552 3386 3591 sensus
3430 3534 3624 3590 mode-

2030 3626 2190 3680 stiam
2219 3626 2296 3697 (id
2319 3635 2427 3691 est,
2458 3626 2851 3695 humilitatem)
2888 3628 2971 3681 vel
2998 3642 3123 3681 sero
3162 3627 3469 3681 addiscant.

2103 3718 2191 3771 82.
2233 3718 2480 3787 Quisque
2522 3718 2834 3772 daemonum
2872 3734 2972 3788 pro
3018 3719 3266 3790 subjecta
3310 3718 3415 3773 sibi
3459 3726 3626 3788 atque

2032 3808 2206 3863 indita
2235 3809 2557 3873 idoneitate,
2586 3810 2651 3864 ad
2683 3811 2826 3864 hanc
2861 3811 3079 3865 illamve
3122 3810 3461 3865 inferendam
3506 3818 3625 3864 ten-

2034 3901 2303 3955 tationem
2341 3902 2641 3957 ministrat.
2681 3902 2839 3957 Alius
2879 3903 3026 3956 enim
3072 3903 3223 3956 aliud
3264 3902 3507 3956 incendit
3541 3903 3624 3956 vi-

2036 3990 2196 4056 tium,
2234 3991 2485 4060 aliusque
2521 3992 2629 4045 alio
2662 3992 2839 4061 palam
2865 3992 3187 4046 sceleratior
3220 4004 3324 4058 est,
3364 4000 3529 4063 atque
3554 3993 3623 4046 ad

2036 4083 2141 4139 hoc
2166 4084 2371 4139 illudve
2396 4084 2518 4138 vitii
2552 4100 2726 4154 genus
2764 4085 2939 4155 magis
2972 4084 3227 4139 idoneus.

2108 4270 2197 4324 83.
2238 4269 2317 4324 Ne
2363 4269 2465 4339 ipsi
2505 4268 2728 4339 quidem
2777 4268 3075 4333 dtemones,
3116 4268 3277 4323 aliter
3316 4283 3479 4336 quam
3527 4266 3625 4324 Dei

2038 4362 2426 4433 permissione,
2450 4362 2564 4415 ullo
2590 4361 2754 4415 modo
2773 4361 2995 4415 diabolo
3027 4361 3341 4414 ministrare
3369 4367 3625 4428 possunt.

2037 4453 2205 4508 Novit
2237 4453 2384 4507 enim
2417 4453 2562 4506 Deus
2588 4467 2696 4520 qua
2730 4452 2967 4516 ratione,
3003 4467 3110 4520 qua
3138 4468 3237 4520 par
3265 4459 3349 4504 est
3387 4452 3631 4504 clemen~

348 4547 675 4620 λανθρώπου
706 4548 799 4600 καὶ
830 4546 1043 4615 ἀγαθῆς
1080 4545 1337 4616 προνοίας
1380 4546 1654 4614 συγχωρεί
1694 4542 1769 4613 τῷ
1819 4543 1924 4595 δια⁴

2042 4545 2115 4598 tia
2148 4543 2657 4613 benignissimaque
2688 4543 3040 4613 providentia
3073 4542 3294 4595 diabolo
3322 4543 3626 4609 permittat,

351 4641 499 4712 δόλῳ
529 4640 616 4694 διὰ
641 4640 749 4692 τῶν
774 4638 937 4691 αὑτοῦ
963 4636 1255 4708 ὑπουργῶν
1275 4676 1289 4699 ,
1326 4635 1425 4697 τὰς
1458 4636 1542 4703 ἐφ’
1573 4630 1655 4697 οἷς
1692 4634 1937 4705 ἡμάρτο-

354 4749 479 4804 μεν,
508 4730 798 4800 διαφόρους
832 4728 1104 4781 ποιεῖσθαι
1134 4726 1406 4798 τιμωρίας
1436 4743 1448 4757 ο
1486 4726 1580 4777 καὶ
1600 4725 1752 4794 δηλοῖ
1777 4725 1936 4778 τοῦτο

358 4826 571 4893 σαφῶς,
604 4825 637 4894 ἡ
670 4822 797 4895 περὶ
822 4820 917 4873 τοῦ
945 4819 1067 4873 Ἰὼϐ
1117 4818 1408 4888 συγγραφὴ
1440 4818 1513 4887 μὴ
1541 4817 1837 4887 δυνάμενον
1860 4816 1939 4886 τῷ

366 4914 489 4969 Ἰὼϐ
519 4913 803 4975 παντελῶς
833 4909 1208 4980 προσπελάσαι
1234 4908 1325 4962 τὸν
1351 4909 1595 4963 διάϐολον
1622 4910 1940 4978 ἀναγραφο-

356 5008 521 5079 μένη,
553 5007 678 5078 δίχα
696 5004 791 5059 τοῦ
816 5004 959 5059 θείου
997 5002 1362 5073 βουλήματος.

431 5178 535 5233 τπδ’.
579 5179 977 5242 Ἐνυπόστατος
1034 5178 1221 5241 πίστις
1280 5177 1512 5247 ὲστὶν,ὴ
1566 5175 1796 5247 ἐνεργὴς
1851 5174 1947 5227 καὶ

358 5273 701 5345 ιμπρακτος,
726 5272 850 5326 καθ’
890 5274 956 5344 ἢν
986 5274 1013 5325 ὁ
1042 5271 1137 5325 τοῦ
1169 5270 1305 5324 Θεοῦ
1329 5271 1485 5339 λόγος
1534 5271 1592 5322 ὲν
1635 5271 1751 5331 τοϊς
1808 5284 1949 5338 πρα-

358 5367 570 5429 κτικοῖς
607 5367 684 5436 (u)
724 5364 1021 5426 δείκνυται,
1049 5364 1171 5426 ταῖς
1205 5362 1448 5426 ἐντολαῖς
1498 5360 1943 5430 σωματούμενος,

437 5506 481 5539 ³¹
504 5507 606 5563 Job
635 5524 673 5574 ι,
702 5507 786 5561 19..

437 5620 456 5641 ⁶
482 5618 566 5675 Cf.
602 5636 695 5690 qu.
726 5618 818 5672 26.
857 5616 926 5671 ad
953 5616 1200 5672 Thalass.

440 5735 518 5805 (τι)
560 5736 656 5788 Ἐν
682 5736 804 5801 τοῖς
816 5731 1452 5805 πρακτικοῖςεῡίείῇῃοιί
1473 5730 1679 5805 ubique
1708 5744 1939 5805 πρα-κτιτ

364 5796 455 5861 κοΐ
482 5796 673 5861 contra
697 5796 1083 5877 θεώρῆτικοὺς,
1107 5796 1201 5873 qui
1232 5802 1445 5859 scilicet
1471 5796 1695 5858 student
1723 5796 1949 5862 actioni,

2040 4642 2099 4687 ut
2156 4648 2256 4701 per
2304 4648 2435 4687 suos
2497 4633 2801 4696 ministros,
2867 4648 3058 4686 eorum
3115 4647 3236 4699 quae
3278 4630 3629 4699 peccavimus

2038 4726 2220 4795 exigat
2263 4740 2473 4794 pmnas.
2516 4725 2593 4778 Ac
2645 4724 2934 4792 perspicue
2989 4722 3144 4791 531
3190 4720 3454 4783 declarat,
3509 4736 3630 4789 qua:

2042 4819 2362 4887 conscripta
2418 4816 2596 4871 exstat
2664 4816 2788 4870 ,Ιοὺί
2860 4814 3121 4877 historia;
3179 4828 3285 4882 qua
3350 4811 3630 4866 memoria)

2043 4907 2329 4977 proditum
2389 4914 2497 4970 est,
2556 4920 2665 4958 non
2730 4904 2976 4973 potuisse
3029 4902 3309 4956 diabolum
3378 4901 3626 4965 omnino,

2044 5007 2409 5066 praeterquam
2471 4994 2567 5048 Dei
2628 5001 2787 5057 nutu,
2837 4990 3037 5045 Jobum
3093 4988 3334 5058 aggredi,
3394 4996 3491 5040 aut
3547 4987 3628 5041 illi

2039 5089 2415 5158 propinquare
2453 5086 2524 5138 ³¹.

2112 5181 2203 5235 8-4.
2252 5179 2416 5234 Fides
2456 5178 2571 5247 ipsa
2611 5192 2741 5230 vere
2780 5173 3074 5241 exsistens,
3110 5171 3302 5227 efﬁcax
3338 5177 3503 5225 estet
3535 5185 3629 5224 ac-

2042 5279 2232 5335 tuosa;
2262 5284 2371 5338 qua
2403 5266 2498 5321 Dei
2525 5280 2726 5327 sermo,
2761 5263 2817 5315 in
2854 5261 2941 5315 his
2971 5260 3065 5330 qui
3109 5260 3383 5314 actionem
3418 5257 3625 5318 colunt,

2042 5361 2317 5415 mandatis
2350 5364 2679 5426 corporatus
2714 5352 2948 5424 patescit
2982 5368 2994 5403 :
3040 5366 3140 5421 per
3187 5364 3309 5421 quze
3349 5357 3410 5401 ut
3449 5358 3632 5401 sermo

2046 5736 2102 5781 et
2125 5724 2219 5795 qui
2250 5717 2728 5795 contemplatipni.
2778 5717 2929 5795 Mhi]
2964 5712 3329 5795 beneficus,
3378 5710 3514 5795 Dum
3547 5723 3636 5765 res

2058 5781 2338 5866 gcfuntur,
2373 5781 2579 5865 patéﬁt.
2608 5789 2745 5857 11110,
2778 5788 2843 5843 In
2876 5786 3002 5858 ipsis
3028 5785 3120 5854 qui
3150 5781 3327 5838 colunt
3352 5782 3634 5847 uetiam,
