4020 6442
451 402 592 466 1215

1613 397 1674 458 S.
1715 396 2005 458 MAXIM!
2042 392 2553 460 CONFESSORIS

3591 395 3718 466 1216

449 521 514 561 ac
543 508 810 574 Verbum,
840 507 1066 565 eosdem
1097 509 1334 564 actionis
1388 509 1632 567 cultores
1681 511 1750 567 ad
1798 491 2039 576 Patrem,

2162 515 2213 568 it'
2250 507 2327 567 ὧν
2352 514 2430 578 ὡς
2463 514 2634 583 Λόγος
2662 511 2801 584 πρὸς
2845 511 2938 566 τὸν
2977 513 3037 566 ἐν
3078 504 3126 580 ᾧ
3181 510 3331 566 κατὰ
3359 509 3526 584 φύσιν
3559 515 3717 583 ἐστὶν,

449 603 506 658 in
535 615 646 670 quo
679 615 778 670 per
810 607 1064 654 naturam
1084 608 1190 665 est,
1220 614 1440 656 sursum
1471 601 1716 658 adducit.

523 690 611 746 85.
648 689 786 745 Vitae
813 691 1236 747 conversionem
1271 692 1593 763 cultumque
1616 695 1947 765 angelicum,
1973 709 2040 751 ac

453 790 822 852 spontaneum
872 783 1045 836 animi
1088 798 1216 838 cum
1249 799 1480 853 corpore
1517 784 1844 847 divortium,
1890 786 2038 841 divi-

459 887 648 942 nzeque
685 871 741 926 in
801 871 998 941 spiritu
1049 873 1464 928 instaurationis
1513 883 1720 938 ortum,
1758 875 1898 929 Novi
1937 875 2042 930 Te—

455 963 719 1020 stamenti
774 964 1068 1033 proﬁtetur
1125 965 1466 1036 mysterium.
1510 963 1818 1035 Spiritalem
1874 981 2041 1036 porro

459 1049 942 1104 circumcisionem
969 1065 1169 1105 vocare
1197 1051 1367 1106 moris
1389 1061 1477 1106 est
1491 1051 1692 1107 divinae
1718 1052 2039 1124 Scriptum,

461 1141 608 1210 quod
658 1141 955 1198 libidinosa
1002 1143 1173 1197 animi
1220 1142 1289 1197 ad
1339 1158 1544 1213 corpus
1593 1143 1812 1200 affectio
1847 1159 2043 1214 ampu-

462 1239 631 1287 tatur.

533 1325 622 1379 86.
653 1325 804 1380 Deus
835 1337 962 1382 cum
1003 1325 1183 1382 bonus
1219 1342 1285 1384 ac
1319 1327 1594 1398 benignus
1616 1325 1709 1393 sit,
1740 1327 1981 1398 malique
2011 1342 2044 1384 ι

463 1413 628 1469 nobis
683 1424 850 1484 atque
894 1415 1018 1470 vitii
1059 1431 1250 1471 semen
1292 1432 1523 1486 prorsus
1565 1417 1874 1487 exstirpare
1911 1416 2046 1472 velit

467 1505 825 1576 (voluptatem
873 1507 1086 1562 scilicet
1132 1523 1197 1562 ac
1243 1507 1553 1574 libidinem,
1603 1524 1727 1580 qua:
1777 1524 1810 1564 a
1859 1509 2046 1565 divina

465 1595 735 1651 charitate
772 1597 1018 1652 animum
1069 1598 1376 1667 subduxit),
1421 1599 1666 1665 diabolo,
1722 1607 1785 1654 ut
1825 1600 2046 1656 labores

467 1686 631 1741 nobis
657 1697 713 1742 et
744 1689 1011 1758 supplicia
1047 1689 1269 1754 inferat,
1293 1691 1598 1761 permittit;
1637 1703 1750 1762 quo
1779 1691 2046 1748 nimirum

467 1780 630 1834 simul
657 1797 721 1834 ac
751 1782 940 1846 semel,
983 1791 1096 1837 tum
1139 1783 1258 1854 ejus
1290 1798 1413 1852 quae
1441 1785 1758 1850 antecessit,
1792 1785 2046 1856 volupta-

468 1869 541 1923 tis
579 1869 732 1924 virus
773 1886 873 1941 per
929 1849 1381 1928 labores'animo
1415 1873 1716 1944 abstergat,
1746 1849 1872 1928 tum
1916 1849 2048 1930 vero
2079 1849 2121 1904 Β

468 1959 761 2016 adversum
792 1962 958 2032 hujus
982 1963 1233 2028 aevi'res,
1267 1979 1330 2018 ac
1372 1979 1496 2032 quae
1531 1963 1638 2019 soli
1671 1965 1862 2019 sensui
1893 1964 2051 2019 blan-

468 2053 714 2118 diantur,
767 2052 957 2108 odium
1015 2052 1178 2108 nobis
1233 2055 1646 2124 perfectamque
1702 2055 2052 2110 abhorrentis

469 2141 641 2195 animi
693 2141 1122 2211 displicentiam,
1183 2142 1427 2212 ingerat;
1482 2152 1543 2197 ut
1597 2157 1832 2212 quarum
1894 2158 2050 2205 usus,

469 2241 668 2303 praeter
709 2248 951 2303 pcenam,
1000 2234 1225 2304 majoris
1267 2233 1404 2288 nihil
1452 2234 1728 2289 commodi
1787 2234 1987 2292 habeat
2035 2251 2050 2288 :

471 2322 641 2391 idque
686 2321 906 2375 demum
939 2337 1134 2392 agens,
1167 2333 1226 2376 ut
1256 2322 1406 2376 illius
1436 2322 1626 2388 ultrix,
1659 2322 2054 2392 hominumque

472 2409 803 2480 propensior
851 2410 978 2466 odio
1035 2412 1303 2481 potentia,
1355 2412 1494 2482 ipsa,
1546 2413 1688 2467 mala
1734 2412 2052 2484 intligcndo,

470 2502 540 2557 ad
574 2503 856 2567 virtutem,
893 2518 990 2557 eos
1026 2502 1120 2572 qui
1163 2511 1358 2574 sponte
1409 2504 1478 2559 ab
1522 2519 1587 2560 ea
1631 2505 1875 2575 prolapsi
1921 2505 2052 2570 sint,

472 2601 632 2663 cogat
659 2602 716 2646 et
753 2593 1000 2648 reducat.
1367 2661 1370 2664 γ

545 2685 634 2740 87.
671 2684 882 2741 Decens
920 2687 1081 2756 plane
1111 2701 1444 2758 aequumque
1488 2696 1594 2752 est,
1635 2696 1698 2742 ut
1733 2687 1826 2758 qui
1861 2703 2058 2757 pravas

474 2773 679 2829 diaboli
708 2777 1110 2847 suggestiones,
1151 2787 1214 2833 ut
1244 2788 1442 2848 sponte
1479 2788 1793 2849 peccarent,
1821 2779 2058 2835 libentes

473 2867 660 2920 animo
690 2878 1079 2936 susceperunt,
1121 2869 1190 2922 ab
1221 2885 1289 2924 eo
1327 2872 1651 2940 puniantur.
1694 2871 1912 2926 Etenim
1943 2872 2061 2927 dia-

476 2957 639 3012 bolus
679 2967 794 3011 tum
841 2974 942 3028 per
987 2960 1337 3016 voluntarios
1390 2961 1620 3033 aﬂ‘ectus
1663 2979 1728 3018 ac
1774 2964 2060 3032 passiones

473 3050 776 3120 voluptatis
804 3058 954 3104 sator
998 3060 1104 3116 est,
1145 3059 1261 3106 tum
1303 3053 1513 3108 doloris
1541 3069 1607 3108 ac
1655 3053 1934 3109 cruciatus
1958 3071 2060 3125 per

477 3141 884 3198 involuntarios
916 3142 1162 3198 inflictor
1195 3156 1251 3199 et
1276 3155 1451 3200 actor.

551 3235 640 3291 88.
679 3235 833 3292 Mens
869 3238 1326 3307 contemplationi
1367 3238 1552 3293 dedita
1603 3248 1769 3310 atque
1816 3242 2060 3312 sapiens,

479 3327 690 3384 idcirco
731 3329 877 3385 haud
923 3345 1050 3384 raro
1084 3330 1380 3400 plectenda
1419 3331 1640 3386 diabolo
1678 3333 1934 3399 traditur,
1967 3335 2064 3405 qui

473 3415 623 3486 juste
671 3417 724 3471 ei
769 3416 991 3472 labores
1023 3432 1412 3488 aerumnasque
1457 3435 1555 3474 seu
1592 3420 1777 3476 clades
1814 3421 2063 3487 inducat,

479 3515 544 3559 ut
573 3506 750 3576 discat
784 3509 956 3579 magis
989 3523 1089 3578 per
1127 3508 1292 3574 mala,
1337 3525 1460 3579 qua:
1502 3511 1734 3580 patitur,
1784 3513 2066 3582 patienter

478 3597 708 3652 ferendo
752 3614 816 3652 ac
862 3599 1191 3654 sustinendo
1233 3600 1634 3672 philosophari,
1671 3619 1838 3674 quam
1882 3613 1945 3660 ut
1975 3622 2070 3661 su-

481 3687 717 3757 perﬂue,
775 3690 868 3758 iis,
915 3706 1039 3761 quae
1074 3707 1187 3746 non
1227 3701 1378 3759 sunt,
1420 3695 1814 3764 superbiendo,
1861 3713 2067 3754 evane-

478 3787 618 3833 seat.

551 3870 641 3925 89.
694 3869 799 3938 Qui
853 3873 925 3928 ob
977 3873 1160 3928 lmsam
1210 3874 1309 3929 Dei
1354 3875 1588 3946 gratiam
1649 3877 1881 3948 patitur,
1914 3879 2067 3935 dum

479 3961 729 4017 sanantis
755 3977 884 4017 eum
913 3963 1117 4019 divina:
1139 3965 1506 4034 providentiae
1531 3968 1806 4024 rationem
1829 3985 2062 4041 agnove-

481 4052 578 4118 rit,
604 4060 720 4106 tum
752 4053 900 4107 illata
928 4055 1070 4108 mala
1103 4055 1309 4126 gratias
1337 4057 1551 4127 agendo
1577 4059 1778 4129 gaudio
1811 4060 2065 4130 suscipit,

484 4152 600 4198 tum
628 4146 790 4216 cujus
815 4145 975 4216 532
1011 4147 1187 4217 gratia
1217 4147 1472 4216 punitur,
1506 4149 1774 4205 delictum
1813 4151 2064 4221 corrigit.

481 4232 587 4298 Qui
620 4248 753 4299 vero
781 4235 904 4305 ejus
935 4233 1226 4297 medicinae
1258 4250 1481 4291 sensum
1518 4253 1628 4295 non
1660 4237 1915 4308 percipit,
1949 4247 2067 4294 tum

483 4339 516 4378 a
548 4337 812 4380 concessa
839 4326 1018 4395 gratia
1045 4327 1194 4396 juste
1224 4336 1565 4394 removetur,
1608 4337 1727 4383 tum
1766 4329 2067 4386 libidinum

481 4429 551 4486 ac
587 4413 852 4470 vitiorum
897 4415 1216 4471 confusioni
1255 4417 1516 4485 traditur,
1566 4417 1623 4473 in
1666 4419 1773 4475 hoc
1815 4421 2070 4476 desertus

2136 604 2327 673 ἀνάγει
2356 605 2578 675 Πατέρα
2601 605 2730 669 τοὺς
2759 604 3119 675 πράττοντας.

2210 703 2314 750 πε’.
2343 697 2498 768 Ζωῆς
2525 697 2816 768 μετάθεσιν
2850 697 2947 750 καὶ
2981 696 3240 767 λατρείαν
3271 694 3597 767 ἀγγελικὴν,
3628 698 3720 752 κα)⁵

2143 788 2283 859 πρδς
2307 788 2468 858 σῶμα
2491 789 2670 860 ψυχῆς
2701 788 2948 842 ἑκούσιον
2979 788 3366 860 ἀλλοτρίωσιν,
3400 789 3498 842 καὶ
3540 788 3640 859 τῆς
3666 791 3720 842 ἐν

2141 879 2411 951 πνεύματι
2440 880 2592 944 θείας
2621 882 3037 952 μεταποιήσεως
3083 880 3322 949 γένεσιν,
3353 881 3418 934 τὸ
3459 881 3562 952 τῆς
3582 883 3722 949 Νέας

2148 971 2429 1044 Διαθήκης
2467 973 2824 1043 καταγγέλλει
2876 974 3199 1046 μυστήριον.
3248 975 3639 1045 Πνευματικὴν
3671 975 3723 1029 δὲ

2142 1061 2447 1134 περιτομὴν
2501 1066 2530 1119 ό
2576 1065 2736 1135 λόγος
2783 1060 2892 1119 οἵδε
2949 1065 3156 1130 καλεῖν,
3223 1064 3326 1135 τὴν
3390 1065 3492 1135 τῆς
3554 1068 3724 1136 ἐμπα-

2143 1152 2270 1218 θοῦς
2298 1155 2538 1225 σχέσεως
2575 1156 2715 1228 πρὸς
2752 1155 2914 1225 σῶμα
2949 1156 3052 1227 τῆς
3082 1155 3260 1226 ψυχῆς
3285 1157 3556 1226 ὲκτομήν.

2214 1323 2331 1390 πς’.
2379 1323 2610 1392 Ἀγαθδς
2643 1323 2908 1394 ὑπάρχων
2931 1323 2962 1376 ό
3000 1321 3168 1386 Θεὸς,
3204 1321 3305 1375 καὶ
3350 1321 3524 1374 θέλων
3578 1320 3727 1392 ἡμῶν

2145 1414 2356 1469 ἐκτῐλαι
2384 1414 2671 1479 παντελῶς
2701 1414 2764 1468 τὸ
2803 1417 2904 1485 τῆς
2949 1414 3152 1478 κακίας
3189 1415 3424 1484 σπέρμα
3485 1413 3586 1485 τὴν
3613 1413 3727 1484 ἡδο-

2145 1507 2263 1577 νὴν,
2300 1505 2399 1578 τὴν
2427 1506 2520 1559 τὸν
2542 1506 2668 1561 νοῦν
2693 1506 2796 1577 τῆς
2827 1505 2979 1571 θείας
3009 1506 3445 1576 άποσυλήσασαν
3475 1505 3693 1576 ἀγάπης
3711 1546 3726 1570 ,

2147 1599 2423 1669 συγχωρεῖ
2445 1596 2525 1668 τῷ
2553 1596 2787 1668 διαϐόλῳ
2811 1597 3007 1661 πόνους
3039 1598 3175 1668 ἡμῖν
3201 1597 3301 1652 καὶ
3337 1597 3608 1667 τιμωρίας
3646 1598 3730 1651 ἐπ-

2147 1688 2396 1756 αγαγεῖν·
2443 1685 2586 1740 κατὰ
2619 1685 2814 1740 ταύτὸν
2854 1687 2949 1740 καὶ
2979 1687 3080 1757 τῆς
3119 1686 3513 1758 προλαϐούσης
3547 1686 3728 1758 ἡδονῆς

2147 1777 2238 1832 τὸν
2297 1777 2396 1840 ίδν,
2435 1775 2526 1830 διὰ
2569 1775 2680 1830 τῶν
2741 1775 2922 1829 πόνων
2970 1775 3072 1847 τῆς
3102 1775 3289 1846 ψυχῆς
3331 1775 3584 1843 ἀποξέων
3603 1815 3617 1841 ,
3641 1777 3729 1829 καὶ

2150 1869 2286 1940 πρὸς
2315 1868 2385 1923 τά
2412 1869 2657 1938 παρόντα
2685 1867 2779 1921 καὶ
2811 1867 2982 1938 μόνην
3009 1867 3110 1938 τὴν
3161 1867 3424 1939 αἴσθησιν
3468 1867 3724 1930 σαίνοντα,

2154 1964 2309 2033 μῖσος
2332 1962 2465 2031 ἡμῖν
2488 1959 2583 2015 καὶ
2611 1959 2824 2014 τελείαν
2847 1958 3222 2022 ἀποδιάθεσιν,
3257 1960 3340 2024 ὼς
3373 1959 3546 2030 μηδὲν
3573 1977 3726 2029 τιμω-

2155 2052 2277 2124 ρίας
2303 2050 2467 2104 πλέον
2488 2050 2568 2114 είς
2599 2049 2790 2120 κέρδος
2827 2050 3145 2120 κεκτημένα
3191 2049 3341 2104 κατὰ
3380 2050 3483 2121 τὴν
3520 2053 3723 2122 χρῆσιν,

2151 2144 2449 2216 ἐμποιῆσαι
2475 2142 2819 2214 βουλόμενος,
2843 2142 2940 2197 καὶ
2979 2141 3078 2213 τὴν
3109 2141 3328 2196 ἐκείνου
3370 2143 3615 2213 τιμωρὸν
3643 2142 3724 2194 δύο

2151 2253 2318 2306 ναμιν
2349 2235 2446 2288 καὶ
2482 2235 2888 2306 μισάνθρωπον,
2913 2234 3013 2305 τῆς
3045 2233 3183 2303 πρὸς
3214 2233 3424 2305 ἀρετὴν
3451 2235 3723 2301 ἐπαναγω-

2152 2326 2258 2396 γῆς
2326 2324 2718 2396 περιστατικὴν
2777 2327 2959 2379 αἰτίαν
3022 2323 3367 2395 ποιήσασθαι
3415 2323 3527 2378 τῶν
3573 2323 3726 2393 αὐτῆς

2155 2416 2418 2480 ἑκουσίως
2451 2415 2952 2486 ἁπολισθησάντων.

2225 2697 2334 2762 πρ.
2365 2697 2585 2768 Πρέπον
2608 2696 2725 2750 ἐστὶ
2750 2697 2846 2750 καὶ
2879 2695 3088 2750 δίκαιον
3112 2695 3219 2749 ὑπὸ
3241 2694 3343 2750 τοῦ
3373 2695 3618 2748 διαϐόλου
3645 2710 3727 2746 κο-

2156 2788 2432 2852 λάζεσθαι,
2463 2789 2589 2852 τοὺς
2650 2787 2747 2852 τὰς
2795 2787 2962 2841 αὐτοῦ
3011 2787 3259 2858 πονηρὰς
3311 2785 3595 2856 ὑποθήκας
3629 2783 3726 2838 τῶν

2159 2880 2421 2933 ἑκουσίων
2459 2879 2878 2952 ἁμαρτημάτων
2903 2879 3075 2948 ἡδέως
3103 2877 3458 2948 δεξαμένους.
3492 2877 3599 2929 Καὶ
3629 2876 3726 2944 γὰρ

2159 2972 2253 3024 καὶ
2283 2971 2474 3040 ἡδονῆς
2508 2972 2623 3023 ἐστι
2648 2969 2738 3023 διὰ
2779 2970 2888 3023 τῶν
2917 2970 3184 3023 ἐκουσίων
3213 2969 3413 3026 παθῶν
3447 2967 3671 3038 σπορεὺς
3701 2965 3728 3017 ό

2159 3057 2402 3120 διάϐολος
2428 3098 2444 3124 ,
2493 3057 2590 3110 καὶ
2646 3056 2839 3128 ὀδύνης
2903 3057 2996 3112 διὰ
3044 3058 3154 3113 τῶν
3199 3058 3478 3113 ἀκουσίων
3523 3059 3726 3125 ἐπαγω-

2087 3180 2130 3237 C
2161 3148 2313 3216 γεύς.

2237 3241 2351 3304 πη’.
2392 3235 2449 3288 Ὀ
2482 3233 2817 3306 θεωρητικὸς
2854 3235 2978 3299 νοῦς
3014 3235 3108 3289 καὶ
3139 3235 3469 3303 γνωστικδς,
3498 3232 3628 3304 πρὸς
3652 3249 3729 3285 τι·-

2169 3324 2383 3395 μωρίαν
2435 3323 2700 3377 ἐκδίδοται
2737 3323 2829 3377 διὰ
2872 3323 3031 3377 τοῦτο
3067 3324 3334 3388 πολλάκις
3376 3323 3457 3393 τῷ
3481 3320 3726 3390 διαϐόλῳ,

2167 3417 2366 3479 πόνους
2410 3413 2560 3485 αὺτῷ
2614 3415 2839 3478 δικαίως
2871 3415 3131 3483 ἐπάγοντι
3171 3416 3268 3469 καὶ
3325 3414 3625 3485 συμφορὰς,
3651 3411 3729 3464 ίνα

2171 3508 2316 3578 μάθῃ
2369 3506 2594 3576 πάσχων
2650 3505 2780 3576 περὶ
2833 3505 3128 3576 καρτερίας
3179 3506 3386 3577 μᾶλλον
3430 3505 3524 3559 καὶ
3567 3503 3732 3556 πόνων

2168 3598 2447 3669 ὑπομονῆς
2508 3597 2900 3666 φιλοσοφεῖν,ἢ
2956 3596 3211 3668 διακενῆς
3272 3599 3389 3661 τοῖς
3451 3595 3551 3649 οὐκ
3592 3588 3732 3648 οὖσιν

2169 3689 2534 3760 ὑπερηφάνως
2562 3689 2981 3759 ἐμματαιάζειν.

2153 3898 2165 3908 .
2240 3856 2349 3911 πθ’.
2395 3855 2456 3910 Ὀ
2499 3856 2728 3927 πάσχων
2773 3855 2915 3927 ὑπὲρ
2965 3855 3188 3928 χάριτος
3220 3853 3373 3927 [Ῑονι.
3409 3853 3548 3924 ὑπὲρ
3593 3849 3732 3911 θείας

2169 3948 2407 4022 ἐντολῆς]
2436 3948 2571 4002 Θεοῦ
2601 3947 3034 4020 παραϐαθείσης,
3067 3947 3164 4001 ἐὰν
3209 3946 3423 4018 ἐπιγνῷ
3449 3946 3544 4015 τῆς
3577 3940 3728 4011 ίωμέ-

2167 4061 2266 4112 νης
2293 4040 2456 4096 αὑτὸν
2479 4039 2626 4102 θείας
2652 4037 2907 4110 προνοίας
2935 4037 3026 4092 τὸν
3053 4037 3210 4106 λόγον
3238 4037 3353 4109 τήν
3370 4054 3430 4091 τε
3462 4028 3735 4104 συμφορὰν

2170 4133 2508 4205 εὐχαρίστως
2568 4131 2781 4201 δέχεται
2834 4128 3063 4200 χαίρων,
3101 4129 3200 4182 καὶ
3223 4128 3327 4200 τὴν
3356 4128 3496 4198 ὑπὲρ
3519 4120 3584 4198 ἦς
3613 4138 3735 4175 παι--

2168 4225 2380 4281 δεύεται
2421 4221 2731 4295 διορθοῦται
2765 4221 3143 4292 πλημμέλειαν
3168 4237 3183 4252 ·
3227 4221 3255 4272 ό
3281 4221 3342 4274 δὲ
3370 4218 3573 4286 ταύτης
3595 4214 3727 4267 avet-

2171 4319 2382 4388 σθητῶν
2412 4317 2511 4386 τῆς
2544 4312 2808 4386 ἰατρείας,
2836 4313 2935 4384 τῆς
2969 4330 3031 4366 τε
3075 4312 3326 4380 δοθείσης
3371 4309 3590 4369 ἐνδίκως
3630 4304 3726 4357 ἀπ·

2170 4409 2360 4478 άγεται
2376 4405 2599 4476 χάριτος
2623 4405 2717 4457 καὶ
2737 4405 2804 4473 τῇ
2832 4402 3098 4473 συγχύσει
3123 4402 3234 4456 τῶν
3253 4401 3444 4456 παθῶν
3466 4391 3728 4478 παραδίδρ-

482 4515 549 4561 ιιι
593 4506 716 4578 ipso
764 4516 947 4579 patret
985 4523 1177 4580 opere,
1219 4525 1455 4580 quorum
1501 4511 1686 4568 animo
1732 4511 2059 4568 desiderium

2171 4476 2282 4566 ται,
2317 4498 2456 4572 πρὸς
2503 4499 2604 4570 τὴν
2643 4495 2844 4567 πρᾶξιν
2867 4495 3044 4550 ἐλθεῖν
3067 4494 3634 4566 καταλιμπανόμενος,
3658 4476 3726 4539 ὧν

483 4595 744 4654 habebat.

554 4690 642 4745 90.
677 4690 962 4762 Quisquis,
1011 4707 1208 4748 eorum
1250 4709 1372 4764 quas
1414 4694 1492 4748 illi
1532 4694 1734 4750 delicta
1780 4697 2072 4753 commissa

483 4788 634 4846 sunt,
667 4783 1168 4850 sensuadductus,
1201 4792 1418 4854 sponte,
1446 4800 1556 4854 qua
1582 4784 1743 4840 decet
1767 4787 2071 4858 gratiarum

483 4873 723 4940 actione,
764 4875 1026 4930 aerumnis
1081 4892 1276 4946 graves
1328 4877 1664 4931 tentationes
1710 4893 1832 4948 quae
1869 4878 2074 4934 invitos

483 4965 791 5034 excipiunt,
825 4975 886 5020 ut
911 4968 1196 5036 suscipiat,
1233 4969 1288 5022 in
1327 4969 1573 5024 animum
1611 4968 1844 5033 inducit,
1893 4971 2070 5024 virtu-

485 5056 557 5111 tis
585 5057 779 5112 habitu
815 5067 982 5128 atque
1016 5059 1191 5129 gratia
1218 5075 1329 5114 non
1367 5060 1619 5130 ejicitur;
1649 5067 1712 5114 ut
1740 5061 1834 5131 qui
1873 5070 2070 5130 sponte

484 5148 630 5218 regis
678 5148 971 5221 Babylonis
993 5152 1185 5222 jugum
1231 5152 1492 5217 subierit,
1555 5168 1619 5208 ac
1663 5153 1818 5208 velut
1863 5153 2068 5207 delicto

488 5240 739 5295 facturus
778 5242 913 5296 satis
959 5230 1292 5314 poeniamque
1326 5244 1506 5309 luens,
1543 5260 1654 5298 non
1691 5245 1918 5311 abnuat,
1947 5261 2070 5314 qua:

486 5328 568 5384 illi
614 5345 792 5400 poenae
831 5331 1147 5386 inferuntur
1191 5350 1206 5387 :
1251 5333 1348 5388 sed
1404 5333 1460 5387 in
1503 5334 1610 5389 illis
1656 5349 1905 5397 manens,
1953 5334 2069 5404 regi

484 5421 712 5494 quidem
758 5422 1054 5494 Babylonis
1111 5424 1320 5479 tributo
1364 5425 1526 5480 solvit
1573 5425 1639 5490 3’,
1689 5425 1960 5479 violentos
2001 5441 2068 5480 ex

557 5535 605 5568 “
629 5535 835 5592 Jerem.
869 5548 1035 5600 xxvn,
1072 5533 1104 5588 6
1131 5549 1286 5605 seqq.

487 5669 630 5730 quos
647 5655 856 5730 statim.
877 5654 1008 5730 τοὺς
1042 5653 1380 5730 πράττοντας
1409 5659 1588 5707 vocat.
1630 5649 1784 5730 Alibi
1797 5647 2063 5730 pluribus

487 5724 726 5788 explicat
754 5724 1040 5788 Maximus,
1076 5721 1198 5778 esse
1219 5723 1512 5785 actionem,
1536 5736 1601 5775 ac
1618 5721 1843 5774 virtutis
1870 5733 2059 5787 opera,

493 5738 555 5775 ex
599 5738 726 5778 neat
754 5738 1040 5788 maximus,
1076 5739 1198 5778 esse
1219 5738 1512 5785 actionem,
1536 5738 1601 5775 ac
1618 5738 1843 5774 vmuus
1870 5738 2059 5787 opera,

493 5738 646 5848 νεῖαι
663 5809 867 5864 corpus
909 5793 1151 5851 hominis
1174 5791 1465 5864 spiritalis;
1508 5790 1687 5861 ipsum
1717 5789 2061 5847 intellectum

2168 4594 2495 4656 ἐνδιαθέτως
2529 4588 2644 4663 εἶχε
2667 4589 2765 4660 τὴν
2795 4588 3003 4660 ἔφεσιν.

2240 4685 2313 4754 ὶί.
2345 4687 2462 4749 Πᾶς
2516 4683 2847 4754 ἀνεχόμενος
2912 4680 3177 4744 ἑκουσίως
3221 4681 3287 4734 ἐκ
3336 4680 3434 4750 τῆς
3461 4675 3564 4730 τῶν
3591 4665 3728 4736 αὐτῷ

2169 4777 2577 4851 πεπραγμένων
2602 4773 3028 4843 συναισθήσεως,
3054 4771 3312 4836 δέξασθαι
3330 4771 3429 4833 τὰς
3456 4763 3722 4862 ἐπιπόνοιξς

2167 4871 2275 4928 τῶν
2308 4870 2580 4924 ἀκουσίων
2615 4863 2884 4936 ἐπιφορὰς
2932 4861 3278 4933 πειρασμῶν,
3309 4861 3447 4932 μετὰ
3469 4858 3562 4926 τῆς
3587 4855 3721 4906 δεούο

2175 4981 2274 5032 σης
2315 4958 2688 5031 εὐχαριστίας,
2719 4957 2819 5010 οὐκ
2866 4954 3191 5019 ἐξοικίζεται
3249 4957 3350 5025 τῆς
3393 4951 3511 5005 κατ’
3545 4940 3720 5016 ἀρετὴν

2174 5055 2340 5124 ἐξεὼς
2363 5072 2423 5108 τε
2457 5054 2549 5107 καὶ
2576 5053 2818 5123 χάριτος,
2848 5050 2923 5112 ὡς
2950 5048 3199 5102 ὑπελθὼν
3228 5048 3488 5107 ἑκουσίως
3531 5042 3614 5094 τὸν
3637 5037 3718 5141 ςυ-

2174 5145 2269 5215 γδν
2292 5143 2555 5215 βασιλέως
2595 5139 2942 5204 Βαϐυλῶνος,
2974 5140 3069 5193 καὶ
3094 5139 3170 5203 ὡς
3209 5141 3371 5211 χρέος
3433 5138 3714 5189 ἀποτιννῡςν

2173 5237 2274 5299 τὰς
2310 5235 2418 5288 τῶν
2455 5233 2702 5304 βασάνων
2727 5229 3000 5301 ἐπιφορὰς
3032 5231 3461 5301 καταδεχόμενος
3491 5242 3505 5256 ·
3535 5219 3640 5276 ἀλλ’
3667 5217 3717 5267 ἐν

2175 5328 2365 5390 αὐταῖς
2392 5326 2588 5396 μένων,
2617 5322 2762 5376 τελεῖ
2788 5321 2865 5392 τῷ
2890 5320 2988 5391 μὲν
3017 5321 3228 5392 βασιλεῖ
3253 5304 3714 5410 Βαϐυλῶνοςςτοξθς

2175 5427 2240 5478 ἐκ
2261 5424 2355 5477 τοῦ
2380 5417 2624 5488 παθητοῦ
2648 5419 2746 5489 τῆς
2780 5417 2998 5488 φύσεως
3030 5417 3238 5488 βιαίους
3273 5417 3462 5478 πόνους
3479 5451 3493 5476 ,
3523 5405 3607 5462 καὶ
3629 5405 3713 5466 τὴν

2167 5660 2223 5704 et
2245 5644 2786 5716 contemplationem,
2813 5645 2966 5716 velut
2994 5643 3272 5711 animam,
3309 5655 3426 5714 qua:
3451 5652 3506 5694 sc
3541 5637 3708 5687 mutuo

2169 5719 2238 5775 ad
2265 5719 2385 5791 ejus
2417 5714 2812 5788 perfectionem
2840 5714 3145 5788 indigeant.
