4020 6398
296 304 437 370 1217

1007 298 1342 360 CAPITUM
1383 297 1808 370 QUINQUIES
1848 296 2368 359 CENTENORUM
2407 298 2795 362 CENTURIA
2834 300 2885 361 Ι.

3437 298 3573 363 1213

290 422 377 477 ἐπ’
403 420 588 481 αὐτοῖς
618 416 759 471 κατά
782 416 1023 470 διάνοιαν
1055 417 1130 480 ὡς
1152 414 1443 485 ὀφειλέτης
1470 415 1650 470 αὐτῶν
1673 415 1759 467 διὰ
1778 412 1878 477 τὰς

2004 424 2182 470 natura
2214 416 2425 485 patibili
2459 430 2525 470 ac
2572 417 2834 482 obnoxia,
2868 417 3110 481 labores,
3153 416 3469 488 mentisque
3515 419 3573 472 in

287 506 670 581 προλαϐοῦσας
729 505 1125 579 πλημμελείας,
1165 506 1566 573 συγκατάθεσιν
1602 523 1615 535 ·
1682 505 1759 576 τῷ
1819 505 1877 559 δὲ

286 600 431 670 Θεῷ,
468 598 795 672 προσφέρων
834 598 921 652 διὰ
946 597 1203 669 λατρείας
1243 598 1523 669 ἀληθινῆς,
1559 597 1659 668 τῆς
1693 615 1878 653 ταπει-

286 692 386 762 νῆς
412 691 557 759 λέγω
592 690 908 756 διαθέσεως,
929 689 1028 761 τὴν
1072 690 1183 744 τῶν
1218 689 1696 761 παρημελημένων
1734 689 1879 761 διόρ-

289 781 481 835 θωσιν.

364 970 477 1040 ιμ’.
512 973 571 1026 '0
592 973 692 1044 τὴν
723 972 867 1026 κατὰ
894 971 1248 1041 συγχώρησιν
1268 971 1405 1024 Θεοῦ
1433 972 1568 1041 πρὸς
1590 972 1880 1042 διόρθωσιν

288 1063 641 1134 ἐπαγομένην
666 1061 815 1132 αὑτῷ
843 1061 930 1115 διά
958 1061 1067 1113 τῶν
1090 1060 1360 1113 ἀκουσίων
1389 1060 1713 1131 πειρασμῶν
1740 1077 1881 1128 συμ-

291 1154 494 1227 φορὰν,
524 1154 867 1225 εὐχαρίστως
926 1152 1001 1222 μὴ
1058 1151 1492 1221 καταδεχόμενος
1525 1152 1621 1204 καὶ
1662 1150 1760 1220 τὴν
1787 1150 1882 1202 ἐπὶ

288 1248 373 1318 τῷ
394 1248 571 1301 δοκεῖν
598 1244 806 1308 δίκαιος
832 1239 992 1309 εἶναι,
1030 1244 1355 1313 μεταγνοὺς,
1375 1244 1475 1296 οὐκ
1493 1242 1882 1312 ἀποτιθέμενος

290 1340 493 1409 οἴησιν,
521 1336 598 1399 ὡς
642 1338 758 1399 τοῖς
792 1334 959 1397 θείοις
987 1335 1095 1387 τῶν
1138 1334 1366 1388 δικαίων
1418 1335 1705 1404 κριμάτων
1735 1334 1884 1386 ἀντι-

293 1429 511 1484 πίπτων
540 1425 900 1497 θεσπίσμασι.
932 1425 1028 1478 καὶ
1053 1425 1127 1497 μὴ
1160 1425 1594 1495 καταδεχόμενος
1618 1424 1885 1488 ἑκουσίως

293 1516 403 1571 ὑπὸ
422 1515 512 1569 τὸν
535 1514 697 1581 ζυγὸν
713 1514 964 1583 γενέσθαι
992 1513 1086 1567 τοῦ
1112 1513 1378 1585 βασιλέως
1409 1512 1729 1576 Βαϐυλῶνος
1744 1513 1885 1566 κατὰ

292 1608 396 1679 τὴν
417 1591 568 1661 θείαν
589 1606 875 1677 διαταγὴν,
899 1608 979 1670 εἰς
996 1606 1377 1677 αἰχμαλωσίαν
1402 1607 1774 1677 παραδίδοται·
1793 1606 1886 1659 καὶ

292 1699 515 1763 κλοιοὺς
538 1699 631 1752 καὶ
655 1698 832 1769 δεσμά
855 1700 950 1751 καί⁵
975 1698 1163 1769 λοιμὸν
1196 1699 1292 1752 καὶ
1319 1686 1548 1753 θάνατον
1571 1698 1665 1751 καί
1688 1700 1887 1768 μάχαι-

1986 520 2082 561 eos
2114 519 2466 571 consensum,
2502 514 2766 576 tanquam
2812 522 3009 562 eorum
3046 522 3196 572 reus,
3229 506 3302 562 ob
3331 522 3420 568 ea.
3450 521 3576 573 quas

1980 597 2096 667 jam
2136 597 2215 651 iiIi
2241 597 2446 653 delicta
2473 597 2769 651 commissa
2800 605 2949 661 sunt,
2983 599 3095 652 Deo
3136 606 3322 652 autem
3352 612 3454 667 per
3475 612 3575 652 ve-

1986 705 2109 743 rum
2139 689 2352 743 cultum
2397 698 2455 744 et
2480 688 2809 759 obsequium
2845 688 3133 757 (humilem
3165 688 3377 743 scilicet
3405 687 3577 743 animi

1986 799 2210 839 sensum
2238 794 2295 839 et
2335 782 2712 851 affectionem)
2749 783 3085 838 delictorum
3123 783 3287 839 oﬂert
3315 783 3579 839 emenda-

1990 876 2216 931 tionem.

2058 969 2147 1023 9!.
2209 968 2316 1035 Qui
2370 968 2677 1022 secundum
2737 966 2837 1021 Dei
2889 966 3289 1036 indulgentiam
3346 966 3577 1036 ejusque

1988 1060 2287 1129 permissu,
2343 1074 2466 1129 qua:
2528 1058 2874 1113 inducuntur
2927 1056 3334 1113 emendationis
3391 1071 3576 1119 causa,

1988 1152 2360 1207 tentationum
2411 1152 2615 1205 invitos
2662 1149 3063 1220 excipientium
3115 1148 3365 1210 incursu,
3410 1148 3576 1213 mala,

1988 1245 2289 1323 gratiarum
2338 1244 2555 1299 actione
2600 1260 2711 1298 non
2764 1244 3028 1313 suscipit,
3079 1258 3203 1305 nec,
3253 1241 3580 1311 paenitentia

1990 1337 2211 1401 ductus,
2244 1338 2464 1390 inanem
2484 1337 2807 1406 jactantiam
2831 1336 3029 1404 suique
3060 1334 3401 1403 opinionem,
3429 1330 3579 1401 quod

1990 1429 2096 1484 sibi
2123 1431 2312 1500 justus
2337 1429 2610 1491 videatur,
2648 1427 2900 1497 deponit,
2942 1435 3201 1495 tanquam
3246 1425 3340 1495 qui
3374 1422 3581 1477 divinis

1985 1521 2263 1592 justorum
2294 1520 2633 1591 judiciorum
2666 1520 2910 1575 decretis
2949 1518 3219 1584 obsistat;
3248 1533 3351 1573 nec
3380 1524 3580 1586 sponte

1992 1613 2049 1667 in
2079 1613 2324 1667 animum
2361 1612 2607 1676 inducat,
2643 1620 2707 1665 ut
2730 1612 2884 1681 juxta
2912 1610 3011 1665 Dei
3051 1609 3395 1674 mandatum,
3433 1607 3581 1677 regis

1993 1704 2290 1775 Babylonis
2323 1720 2382 1759 se
2404 1705 2536 1775 jugo
2563 1704 2843 1774 subjiciat,
2883 1702 2940 1756 in
2988 1702 3363 1772 captivitatem
3403 1699 3581 1753 tradi—

296 1807 425 1861 ραν,
449 1790 542 1842 καὶ
574 1790 673 1860 τῆς
703 1790 840 1854 ἰδίας
868 1789 1151 1853 παντελῶς
1174 1790 1521 1855 ἀποικίξεται
1552 1790 1676 1860 γῆς.
1704 1791 1888 1843 Πάντα

2004 1808 2105 1857 tur.
2131 1797 2453 1866 catenisque
2476 1804 2533 1851 et
2556 1795 2797 1851 vinculis
2813 1794 3016 1849 etfami
3050 1803 3106 1848 et
3126 1793 3249 1847 neci
3284 1791 3579 1862 gladioque

292 1884 410 1954 γὰρ
446 1881 643 1959 ταῦτα,
667 1882 762 1936 καί⁹
798 1883 1005 1937 τούτων
1051 1882 1271 1937 πλείονα
1292 1922 1308 1948 ,
1342 1884 1370 1936 ὁ
1401 1883 1502 1952 τῆς
1533 1885 1652 1936 κατ’
1679 1883 1884 1954 ἀρετὴν

294 1977 397 2029 καὶ
413 1975 613 2055 γνῶσιν
646 1975 721 2038 ὡς
748 1973 883 2037 ἰδίας
904 1975 1007 2045 γῆς
1033 1975 1434 2046 έξοικιζόμενος
1454 1975 1624 2041 ἕξεως
1654 1977 1878 2045 πάσχει⁶

294 2068 391 2120 διά
414 2068 476 2120 τὸ
503 2067 577 2140 μὴ
603 2068 776 2121 θέλειν
800 2067 963 2122 αὐτὸν
998 2069 1058 2131 ἐξ
1083 2068 1464 2138 ὑπερηφανίας
1513 2069 1610 2123 καὶ
1648 2069 1884 2139 ματαίας

296 2159 535 2230 οἰήσεως
570 2158 671 2220 τὰς
703 2159 790 2227 ἐφ’
813 2155 895 2223 οἷς
933 2158 1362 2229 ἐπλημμέλησεν
1401 2159 1649 2222 ἑκτιννὺς
1706 2159 1885 2223 δίκας,

298 2252 365 2303 ἐν
397 2249 641 2319 θλίψεσιν
688 2249 983 2319 εὐδοκῆσαι
1034 2252 1128 2304 καὶ
1172 2252 1441 2320 ἀνάγκαις
1486 2250 1581 2304 καὶ⁵
1625 2268 1895 2320 στενοχωο

303 2342 453 2414 ρίαις
489 2340 634 2395 κατά
657 2341 750 2393 τὸν
786 2340 930 2394 θεῖον
974 2341 1320 2397 ’Δπόστολον.
1348 2343 1502 2413 ’ᾙδει
1524 2341 1633 2412 γάρ
1658 2342 1687 2394 ό
1719 2344 1895 2412 μέγας

314 2430 662 2495 Ἀπόστολος,
684 2429 1024 2501 φυλακτικὴν
1040 2430 1149 2483 τῶν
1174 2432 1333 2484 θείων
1350 2432 1488 2485 κατὰ
1504 2431 1680 2502 ψυχὴν
1693 2432 1896 2503 θησαυ-

304 2522 419 2593 ρῶν
437 2522 683 2590 ὑπάρχου
691 2538 807 2586 σαν,
825 2524 923 2593 τὴν
940 2523 1095 2587 ἐκτὸς
1109 2541 1175 2577 πε
1183 2524 1238 2594 pl.
1252 2524 1313 2576 τὸ
1325 2523 1485 2594 σῶμα
1498 2520 1897 2595 συνισταμένην

301 2612 397 2665 διὰ
414 2610 523 2663 τῶν
550 2611 729 2664 πόνων
753 2612 1107 2665 ταπείνωσιν·
1136 2614 1230 2664 καί
1246 2611 1335 2664 διά
1351 2610 1509 2664 τοῦτο
1532 2612 1777 2681 στέργων
1798 2612 1897 2663 ὑπ-

304 2702 492 2773 έμενε,
514 2704 606 2756 καὶ
627 2703 713 2756 διά
732 2703 944 2768 ἑαυτὸν,
964 2701 1057 2755 καὶ
1078 2702 1204 2766 τοὺς
1225 2697 1306 2766 οἷς
1327 2704 1526 2773 ἀρετῆς
1544 2703 1636 2756 καὶ
1661 2701 1897 2765 πίστεως

306 2794 597 2864 προέκειτο
630 2795 817 2858 τύπος’
844 2795 928 2848 ἶνα
943 2794 1048 2848 κᾶν
1076 2794 1151 2857 ὡς
1169 2794 1461 2848 ὑπεύθυνοι
1482 2795 1733 2863 πάσχωσι
1756 2793 1899 2847 κατά

306 2890 402 2943 τὸν
450 2889 845 2960 ἐπιτιμηθέντα
895 2887 1202 2959 Κορίνθιον,
1261 2889 1339 2951 εἰς
1369 2886 1712 2958 παρηγορίαν
1734 2886 1899 2956 έχωσι

308 2983 407 3037 καὶ
458 2982 735 3052 ὑπομονῆς
768 2981 1001 3050 μίμησιν
1029 2980 1119 3033 τὸν
1148 2979 1455 3043 ἀνευθύνως
1492 2981 1793 3050 πάσχοντα.

1992 1888 2290 1951 addicitur,
2347 1895 2513 1958 atque
2564 1887 2793 1942 omnino
2853 1887 3029 1957 patria
3080 1884 3415 1954 sedibusque
3464 1883 3581 1937 suis

1992 1980 2233 2051 ejicitur.
2258 1977 2385 2034 Haac
2418 1979 2567 2033 enim
2592 1979 2800 2044 omnia,
2836 1987 3003 2046 atque
3035 1975 3121 2030 his
3151 1975 3308 2045 plura
3344 1974 3580 2043 patitur,

1992 2072 2087 2141 qui
2118 2071 2272 2126 velut
2288 2077 2432 2124 terra
2456 2085 2575 2133 sua,
2594 2067 2821 2123 virtutis
2836 2066 3191 2135 scientizeque
3213 2064 3405 2118 habitu
3430 2063 3583 2117 able.

1991 2170 2187 2231 gatur;
2218 2159 2364 2230 quod
2390 2159 2652 2213 nimirum
2679 2172 2795 2228 prae
2819 2155 3100 2227 superbia,
3142 2153 3405 2222 inanique
3437 2151 3576 2205 fastu

1993 2268 2056 2308 ac
2096 2253 2384 2325 jactantia,
2415 2258 2774 2321 peccatorum
2822 2251 2985 2303 luens
3036 2261 3248 2317 pcenas,
3294 2246 3432 2300 nolit
3476 2244 3585 2299 sibi

1989 2346 2147 2416 juxta
2182 2344 2431 2405 divinum
2477 2342 2806 2412 Apostolum
2856 2340 2901 2371 ³³
2950 2339 3006 2391 in
3042 2334 3496 2391 tribulationibus
3529 2341 3587 2386 et

1995 2436 2425 2492 necessitatibus
2471 2441 2528 2487 et
2572 2431 2840 2502 angustiis
2896 2429 3139 2499 placere,
3191 2441 3290 2480 seu
3347 2423 3479 2477 boni
3528 2428 3588 2475 et

1995 2528 2139 2598 {equi
2180 2528 2300 2581 haec
2324 2527 2549 2580 ducere.
2574 2524 2689 2579 Nec
2721 2522 2871 2576 enim
2920 2521 3127 2574 latebat
3151 2530 3410 2586 magnum
3440 2513 3586 2581 Apo-

1998 2618 2233 2677 stolum,
2261 2630 2384 2685 quae
2423 2613 2672 2668 exterius
2700 2612 2848 2665 circa
2882 2621 3084 2678 corpus
3116 2609 3217 2677 per
3238 2605 3456 2659 labores
3484 2603 3589 2657 hu—

1998 2707 2207 2761 militas
2244 2703 2537 2766 conflatur,
2576 2698 2853 2771 ejusmodi
2892 2712 3035 2762 esse,
3071 2705 3130 2749 ut
3165 2710 3266 2764 per
3288 2707 3410 2747 eam
3440 2690 3587 2745 divi—

1999 2798 2087 2853 nis
2121 2797 2177 2851 in
2212 2796 2398 2850 animo
2454 2790 2732 2847 thesauris
2776 2788 2952 2859 probe
3004 2793 3289 2841 caveatur.
3338 2784 3589 2851 Eamque

2001 2888 2073 2942 ob
2102 2902 2217 2941 rem
2246 2885 2423 2939 libens
2453 2880 2786 2943 sustinebat,
2821 2888 2937 2933 tum
2966 2878 3050 2931 sui
3097 2877 3214 2945 ipse
3248 2874 3444 2943 gratia,
3470 2882 3588 2927 tum

2003 2991 2198 3031 eorum
2242 2973 2449 3044 quibus
2495 2970 2723 3024 virtutis
2770 2983 2832 3022 ac
2872 2966 3001 3021 ﬁdei
3033 2980 3229 3019 norma
3272 2962 3593 3033 propositus
3680 3026 3683 3033 ι

307 3080 466 3139 erat;
501 3082 562 3128 ut
588 3074 675 3129 vel
712 3089 938 3129 reorum
979 3088 1131 3127 more
1161 3073 1457 3143 patientes,
1482 3073 1634 3127 velut
1667 3071 1760 3125 ille
1788 3069 2112 3126 Corinthius
2172 3066 2218 3098 “
2282 3065 2470 3120 multa:
2533 3062 2793 3116 addictus
2829 3066 2997 3128 atque
3043 3056 3294 3126 punitus,
3334 3053 3593 3108 consola-

310 3171 483 3226 tionis
501 3177 826 3240 argumento
852 3166 1286 3237 :emulandaque
1318 3166 1600 3238 patientiae
1633 3179 1762 3221 eum
1794 3163 2086 3224 haberent,
2114 3159 2273 3230 533
2304 3157 2401 3227 qui
2426 3164 2482 3211 et
2501 3155 2693 3209 insons
2726 3151 3065 3222 patiebatur.

387 3264 492 3334 ἰσ,β¹.
636 3263 712 3334 μὴ
754 3266 869 3328 τοῖς
895 3269 1140 3336 σχήμασι
1173 3268 1283 3321 τῶν
1310 3262 1522 3334 ὁρατῶν
1549 3259 1897 3328 ὲναπομένων

2076 3254 2164 3310 92.
2196 3252 2301 3319 Qui
2327 3264 2525 3306 sensus
2564 3246 2816 3309 libidine,
2843 3258 3032 3299 rerum
3060 3241 3365 3297 visibilium
3402 3238 3597 3309 ﬁguris

310 3358 402 3410 διὰ
425 3356 525 3427 τὴν
564 3355 841 3426 αίσθησιν,
872 3356 1011 3409 ἀλλά
1039 3354 1180 3409 κατὰ
1200 3355 1327 3409 νοῦν
1356 3353 1482 3416 τοὺς
1510 3352 1703 3421 λόγους
1724 3346 1904 3403 αὐτῶν

313 3447 623 3518 ἀναζητῶν,
651 3446 727 3511 ὡς
756 3446 961 3517 νοητῶν
989 3446 1195 3509 τύπους
1225 3446 1295 3516 (υ)
1328 3445 1361 3515 ἢ
1392 3443 1585 3511 λόγους
1629 3438 1904 3509 αἰσθητῶν

313 3539 593 3613 θεώμενος
639 3540 977 3609 κτισμάτων,
1034 3538 1187 3592 οὐδὲν
1242 3537 1556 3607 ἀκάθαρτον
1608 3529 1751 3587 εῖναι
1795 3531 1906 3585 τῶν

312 3631 615 3704 ὁρωμένων
643 3631 957 3709 διδάσκεται
983 3645 1001 3662 ⁸
1038 3631 1217 3684 πάντα
1250 3628 1361 3699 γὰρ
1391 3626 1552 3697 φύσει
1599 3624 1739 3679 καλά
1785 3624 1905 3677 λίαν

314 3727 678 3797 καθέστηκεν.

391 3821 502 3890 la’.
538 3823 558 3844 "
596 3820 655 3873 '0
676 3820 743 3891 τῇ
768 3821 983 3893 κινήσει
1010 3814 1120 3873 τῶν
1144 3815 1420 3888 αἰσθητῶν
1452 3816 1528 3887 μὴ
1563 3812 1906 3869 συναλλοιού-

322 3929 507 3983 μενος,
538 3910 830 3980 ἀκίῦδηλον
849 3911 947 3982 τὴν
966 3910 1078 3964 τῶν
1104 3906 1315 3978 ἀρετῶν
1340 3907 1663 3978 μετέρχεται
1685 3905 1904 3976 πρᾶξιν.

330 4003 395 4059 Ὀ
422 4004 481 4057 δὲ
502 4006 615 4066 τοῖς
648 4003 828 4058 αὐτῶν
866 4003 1111 4073 σχήμασι
1146 3999 1222 4071 μὴ
1264 4000 1611 4060 διατυπώσας
1639 3997 1728 4049 τὸν
1757 3995 1903 4060 νοῦν,

319 4098 424 4170 τὴν
469 4097 645 4168 ἀληθῆ
697 4097 809 4150 τῶν
866 4097 1035 4150 ὄντων
1087 4094 1359 4164 ἀπείληφε
1400 4092 1580 4158 δόξαν.
1633 4092 1699 4145 ’0
1725 4091 1783 4144 δὲ
1815 4091 1908 4143 καὶ.

321 4190 497 4259 αὐτὴν
528 4189 626 4260 τὴν
651 4188 841 4242 οὐσίαν
861 4185 972 4240 τῶν
990 4187 1161 4240 ὄντων
1179 4186 1247 4256 τῇ
1273 4182 1484 4254 διανοίᾳ
1506 4178 1907 4252 παραδραμὼν,

321 4284 402 4344 ὡς
457 4281 680 4352 ἄριστος
730 4280 999 4349 θεολόγος,
1055 4277 1197 4350 μετά
1249 4274 1454 4346 ταύτην
1502 4272 1795 4344 ἀγνώστως
1840 4275 1907 4344 τῇ

326 4373 519 4445 μονάδι
539 4372 868 4445 προσέϐαλε.

399 4552 503 4619 κδ’.
539 4552 578 4572 ’⁸
611 4551 1088 4623 Πᾶς-θεωρητικὸς
1119 4547 1264 4612 νοῦς,
1299 4546 1440 4617 ἔχων
1483 4544 1583 4615 τὴν
1636 4543 1913 4614 μάχαιραν

2007 3361 2119 3400 non
2150 3344 2501 3405 immoratur,
2543 3338 2641 3394 sed
2682 3350 2876 3391 earum
2912 3341 3099 3388 mente
3128 3332 3373 3387 rationes
3400 3346 3595 3400 exqui-

2007 3436 2101 3499 rit,
2144 3444 2407 3503 tanquam
2454 3430 2550 3501 qui
2586 3425 2992 3482 intellectilium
3027 3423 3252 3486 formas,
3294 3430 3391 3477 aut
3417 3422 3597 3476 sensi-

2005 3528 2140 3581 lium
2170 3532 2485 3581 creatorum
2516 3519 2761 3574 rationes
2791 3522 3143 3576 contueatur,
3189 3513 3331 3567 nihil
3371 3512 3426 3565 in
3481 3510 3595 3566 illis

2006 3634 2129 3689 qua:
2162 3617 2342 3673 oculis
2389 3624 2743 3682 usurpamus,
2788 3606 3135 3661 immundum
3183 3618 3307 3659 esse
3339 3603 3591 3659 docetur.

2005 3710 2218 3766 Cuncta
2245 3708 2396 3763 enim
2428 3712 2629 3759 natura
2656 3700 2817 3754 valde
2845 3698 2991 3753 bona
3021 3695 3300 3752 exsistunt
3332 3695 3398 3749 ³⁵.

2076 3802 2169 3857 95.
2199 3798 2304 3865 Qui
2325 3813 2435 3852 una
2460 3811 2585 3851 cum
2618 3807 2804 3847 rerum
2830 3789 3119 3846 sensilium
3152 3797 3304 3841 motu
3328 3799 3441 3840 non
3467 3799 3593 3839 mu-

2008 3901 2177 3958 tatur,
2212 3875 2423 3946 aliusve
2464 3903 2535 3942 ex
2581 3884 2689 3941 alio
2729 3882 2992 3946 efﬁcitur,
3028 3881 3075 3936 is
3098 3894 3287 3935 veram
3321 3878 3594 3933 virtutum

2008 3983 2287 4038 actionem
2333 3978 2489 4033 colit.
2524 3974 2630 4041 Qui
2660 3987 2794 4027 vero
2824 3986 3017 4027 eorum
3053 3969 3243 4040 ﬁguris
3272 3968 3456 4022 animo
3478 3984 3592 4022 non

2008 4077 2297 4141 formatur,
2327 4086 2518 4128 veram
2561 4069 2630 4125 de
2668 4067 2836 4122 rebus
2873 4074 3072 4119 nactus
3117 4071 3203 4118 est
3250 4062 3592 4131 Opinionem.

2009 4169 2113 4238 Qui
2154 4177 2338 4224 autem
2373 4167 2777 4236 ipsam'rerum
2817 4157 3113 4214 essentiam
3154 4154 3344 4211 subtili
3391 4154 3595 4210 intelli-

2010 4264 2195 4337 gentia
2214 4268 2640 4333 praztergressus
2674 4263 2782 4321 est,
2814 4262 3078 4320 tanquam
3101 4248 3345 4318 optimus
3376 4245 3595 4309 theolo-

2011 4372 2133 4429 gus,
2172 4356 2355 4427 ignota
2394 4352 2609 4408 ratione
2651 4348 2743 4403 illa
2789 4350 3074 4415 superata,
3103 4342 3348 4397 animum
3393 4337 3594 4394 unitati

2013 4448 2233 4519 adjecit.

2070 4543 2175 4598 ‘94.
2215 4540 2370 4596 Mens
2415 4538 2600 4593 omnis
2643 4532 3111 4605 contemplatione
3157 4534 3437 4599 provecta,
3479 4523 3601 4593 gla-

322 4603 584 4698 “53.9....
593 4603 782 4714 ματος,
815 4644 843 4696 δ
867 4603 992 4695 2.}...
1019 4603 1086 4713 ρῆ
1095 4657 1171 4712 μα
1201 4603 1362 4702 ὀὲοῡῖ
1382 4641 1439 4691 ὲν
1460 4603 1648 4708 ἐαυτῷ.
1661 4603 1760 4706 τήξ
1781 4603 1897 4704 φάι-

2017 4636 2174 4692 dium
2208 4633 2442 4704 spiritus
2464 4630 2700 4692 habens,
2738 4603 2886 4698 quod
2923 4633 3007 4681 est
3036 4621 3270 4677 verbum
3301 4617 3401 4673 Dei
3437 4616 3502 4679 ",
3540 4615 3597 4668 in

324 4736 566 4807 νομένης
603 4734 835 4799 κτίσεως
882 4734 1211 4796 ἀποκτείνας
1258 4732 1357 4804 τὴν
1411 4730 1647 4802 κίνησιν,
1692 4726 1913 4796 κατώρ-

328 4831 509 4885 θωσεν
541 4828 744 4900 ἀρετήν
773 4842 789 4859 ⁶
831 4827 927 4881 καὶ
950 4825 1062 4879 τῶν
1093 4823 1369 4895 αἰσθητῶν
1396 4821 1694 4893 σχημάτων
1715 4817 1912 4873 ἑαυτοῦ

327 4924 432 4995 τὴν
479 4919 784 4992 φαντασίαν
828 4916 1141 4989 ἀποτεμὼν,
1186 4915 1287 4987 τὴν
1338 4915 1398 4968 ὲν
1441 4915 1555 4977 τοῖς
1602 4911 1781 4981 λόγοις
1803 4910 1913 4963 τῶν

2015 4742 2074 4782 se
2109 4726 2228 4796 ipsa
2260 4730 2550 4795 perempto
2577 4728 2847 4776 creatura:
2868 4716 3048 4771 oculis
3078 4711 3392 4780 conspicua:
3418 4716 3595 4768 motu,

2014 4818 2280 4873 virtutem
2316 4805 2513 4882 adepta
2548 4820 2669 4876 est;
2715 4808 3113 4877 sensiliumque
3146 4806 3447 4876 ﬁgurarum
3473 4816 3504 4855 a
3536 4816 3598 4855 se

2018 4908 2261 4965 abscissa
2300 4904 2658 4977 cogitatione,
2704 4902 2759 4956 in
2804 4914 2991 4955 rerum
3025 4897 3334 4953 rationibus
3361 4892 3598 4965 positam

405 5076 529 5132 ".11
555 5075 682 5131 Cor.
717 5039 882 5139 πίῃ-4.
958 5072 1003 5103 ³⁸
1055 5069 1229 5126 lCor.
1264 5086 1317 5136 ν,
1347 5071 1399 5125 5.
1479 5068 1523 5102 ³⁸
1556 5067 1692 5124 Gen.
1724 5084 1762 5133 ι,
1793 5066 1882 5120 51.

2004 5082 2005 5090 ‘
2036 5064 2237 5133 Ephes.
2263 5078 2336 5125 γι,
2362 5062 2451 5115 l7.

400 5219 419 5236 ε
448 5212 530 5269 cr.
564 5213 647 5267 Ad
687 5212 843 5266 Thal.
875 5228 929 5282 q.
964 5211 1057 5275 9.8,

407 5353 479 5425 (υ)
515 5352 920 5425 Τοὺς-λόγους
972 5349 1169 5408 αὐτῶν
1198 5347 1525 5425 ἀνίαζητῷν,
1577 5348 1658 5412 ὡς
1684 5345 1915 5425 ηοητῶιν

2154 5200 2358 5256 Eadem
2397 5199 2616 5253 iterum.

2020 5353 2078 5419 ut
2106 5338 2548 5419 intellectualium
2590 5338 2746 5419 typis.
2774 5332 3222 5419 Intellectualiuin
3251 5331 3598 5419 xogpc‘iw‘e'slt,

337 5400 579 5488 τύῖἱξηῖςῖ
596 5400 1143 5475 ῖἘὸίἷιὶτὶίῆιεῆἰὲέἒέ
1175 5400 1597 5481 υἷι-ἱῖἶὶιιίοηέε,
1622 5400 1678 5470 {.2
1709 5400 1920 5471 intelte-
2020 5416 2139 5469 sive
2184 5411 2473 5472 mentium,
2499 5400 2704 5480 νοηαῖῶν
2724 5446 2737 5466 ,
2774 5423 2953 5461 eorum
2983 5421 3101 5477 qua:
3135 5403 3201 5458 ab
3244 5402 3351 5484 illis
3397 5400 3599 5482 intellio

340 5493 599 5544 ctibilium
637 5492 851 5544 formas.
891 5492 969 5544 Ex
1005 5438 1298 5544 sensﬁibus
1340 5489 1511 5544 enim.
1547 5489 1628 5543 sic
1658 5487 1916 5544 sniritali-
2021 5490 2240 5544 nuntur,
2296 5495 2362 5535 ac
2412 5479 2565 5534 velut
2609 5494 2802 5533 eorum
2849 5478 3007 5533 cibus
3041 5483 3203 5540 sunt,
3260 5481 3345 5544 uti
3373 5479 3599 5544 exponit

340 5487 599 5551 ctibilium
635 5492 851 5561 formas.
891 5492 969 5545 Ex
1005 5487 1298 5545 sensilibus
1340 5489 1511 5561 enim,
1547 5489 1628 5543 sic
1658 5487 1916 5561 spiritali-

347 5574 434 5620 ter
456 5562 618 5618 lectis
635 5556 835 5616 eorum
877 5561 1207 5623 rationibus,
1258 5558 1599 5629 assurgimus
1628 5556 1703 5613 ad
1725 5556 1909 5629 νοητὰ,

343 5650 430 5689 res
473 5631 741 5704 spiritales
786 5640 834 5685 et
864 5632 1000 5704 quia
1021 5630 1136 5684 sola
1172 5638 1344 5704 mente
1371 5627 1758 5704 intelliguntur.
1788 5627 1917 5681 Hasc

345 5699 512 5763 Picus
536 5714 762 5775 ptorsus
786 5699 1144 5771 ἀφιλοσόφως.
1176 5699 1279 5756 Sed
1314 5716 1419 5769 qua
1449 5700 1510 5753 de
1532 5700 1611 5753 his
1634 5700 1917 5764 dicuntur,

2021 5490 2240 5553 guntur,
2285 5495 2362 5553 _a_c
2412 5471 2802 5553 velut'eorum
2849 5471 3007 5553 cibus
3041 5483 3203 5540 sunt,
3260 5473 3349 5553 uti
3373 5471 3601 5553 exponit

2018 5542 2244 5623 Dionys.
2279 5550 2372 5606 Sic
2404 5557 2587 5604 tamen
2630 5549 2830 5623 passim
2861 5542 3599 5623 int_e_rprete§_c0nfund_unt:

2022 5616 2315 5694 superiora
2344 5634 2511 5683 vero,
2543 5616 2708 5673 nemo
2742 5618 2818 5694 ita
2849 5616 3043 5676 reddat
3068 5625 3126 5671 ut
3156 5616 3339 5679 Picus,
3366 5616 3462 5681 qui
3494 5625 3600 5665 nec

2022 5690 2274 5751 errorem
2301 5706 2416 5762 seq.
2455 5705 2573 5760 cap.
2605 5690 2857 5746 mutavit.
