4020 6418
533 282 672 350 1219

1727 288 1787 348 8.
1823 285 2110 348 MAXIMI
2152 286 2660 356 CONFESSORIS

3629 323 3738 396 19m

529 401 818 454 veritatem
876 399 1116 466 invenit;
1169 417 1279 471 qua
1334 402 1608 458 naturalis
1663 405 1968 474 speculatio
2015 420 2092 460 sel

2220 406 2394 505 δντων
2427 405 2587 481 εὗρεν
2608 414 2889 485 ἀλήθειαν,
2917 418 3039 472 καθ’
3070 422 3138 492 ἢν
3167 422 3201 494 ἡ
3228 427 3423 500 φυσικὴ
3443 429 3622 505 θεωρία
3644 455 3740 496 συν-

528 491 922 561 contemplatio
967 494 1225 548 consistit
1268 511 1282 547 :
1332 509 1520 548 rerum
1571 495 1833 565 denique
1859 506 2119 566 superata

527 580 863 645 substantia,
889 580 1093 635 divinae
1133 598 1196 637 ac
1223 583 1612 653 insuperabilis
1639 585 1872 640 unitatis
1904 585 2118 641 lumine

525 673 907 734 collustratur,
963 673 1020 726 in
1080 688 1193 742 quo
1249 689 1392 729 verre
1446 674 1736 746 theologis
1791 675 2118 746 mysterium

523 765 892 818 constitutum
923 775 1033 818 est.

594 855 684 908 95.
718 855 1027 925 Unicuique
1051 857 1218 920 Deus,
1249 873 1352 927 pro
1379 858 1630 929 subjecta
1653 859 1732 913 illi
1754 859 1823 913 de
1856 861 1972 915 Deo
1997 860 2118 931 Opi-

526 944 692 998 nione
726 947 1134 1000 manifestatur.
1158 949 1230 1002 lis
1259 949 1482 1018 quidem
1507 949 1602 1019 qui
1627 950 1906 1006 desiderio
1937 961 2114 1007 terre-

527 1053 654 1090 nam
684 1050 1091 1107 superaverunt
1136 1042 1618 1111 compositionem,
1651 1044 1906 1113 viresque
1939 1045 2114 1099 animi

528 1131 646 1197 pari
683 1131 829 1185 inter
861 1147 920 1188 se
946 1133 1176 1197 virtute,
1212 1135 1516 1189 secundum
1549 1153 1713 1190 unam
1749 1137 2114 1208 eamdemque

521 1221 670 1290 jngis
706 1231 888 1278 motus
937 1223 1087 1278 circa
1132 1225 1305 1278 Deum
1353 1227 1710 1296 agitationem
1757 1229 1906 1284 nacti
1957 1238 2110 1295 sunt,

527 1320 788 1381 tanquam
843 1315 1028 1369 unitas
1078 1325 1245 1386 atque
1291 1317 1537 1372 Trinitas
1593 1329 1843 1389 apparet.
1893 1335 2006 1390 quo
2052 1329 2113 1376 et

527 1405 807 1472 propriam
848 1406 1227 1462 exsistentiam
1269 1411 1548 1474 ostendat,
1586 1419 1646 1464 et
1692 1411 1841 1466 illius
1885 1412 2109 1467 modum

526 1495 756 1564 mystice
784 1496 999 1552 doceat.
1036 1498 1250 1564 Quibus
1283 1511 1466 1555 autem
1499 1502 1798 1571 appetendi
1843 1503 1927 1558 vis
1957 1504 2109 1561 circa

527 1593 806 1642 terrenam
847 1589 1192 1645 solummodo
1225 1592 1685 1662 compositionem
1717 1601 1992 1659 versatur,
2019 1595 2108 1650 vi-

528 1692 724 1746 resque
757 1679 925 1732 animi
951 1697 1063 1735 non
1083 1681 1219 1737 alias
1247 1683 1373 1737 aliis
1406 1682 1694 1739 devinctas
1717 1683 1954 1750 habent;
1992 1701 2092 1740 non

2209 1711 2313 1780 τῆς
2600 1679 2863 1783 δυνάμεις

2229 500 2427 572 έστηκε
2451 507 2594 600 ’-καὶ
2623 508 2724 600 τῆς
2749 510 2938 574 οὐσίας
2961 512 3070 565 τῶν
3128 514 3296 570 ὄντων
3343 500 3575 594 ὑπεράνω
3616 538 3739 600 γενό.

2227 609 2412 664 μενος,
2442 595 2536 692 τὸν
2573 597 2672 692 τῆς
2703 599 2855 692 θείας
2901 601 2997 658 καὶ
3051 603 3266 677 ἀμάχου
3320 614 3527 681 μονάδος
3563 595 3742 692 δέχεται

2224 687 2527 785 φωτισμὸν,
2568 689 2694 742 καθ’
2728 691 2788 744 ὃν
2820 694 2920 764 τῆς
2939 695 3174 767 ἀληθοῦς
3203 699 3468 770 θεολογίας
3491 687 3742 785 συνέστηκε

2221 779 2282 830 τὸ
2307 783 2626 850 μυστήριον.
3389 824 3392 828 .

2293 875 2396 970 Lf’.
2439 873 2690 946 Ἐκάστῳ
2718 879 2860 933 κατά
2907 878 3006 951 τὴν
3050 881 3413 956 ὑποκειμένην
3461 891 3595 961 αὗτῷ
3637 899 3744 970 περὶ

2220 964 2358 1018 Θεοῦ
2385 967 2567 1034 δόξαν,
2598 971 2628 1022 ὁ
2666 969 2800 1033 Θεὸς
2825 973 3190 1042 ἐμφανίζεται
3215 995 3230 1009 ο
3261 981 3371 1041 τοῖς
3393 983 3487 1050 μὲν
3515 989 3623 1038 κατ’
3642 964 3746 1057 εφὲ-

2222 1077 2306 1112 σιν
2338 1060 2438 1130 τὴν
2462 1062 2655 1131 ὑλικὴν
2683 1065 2960 1135 περάσασι
2984 1065 3253 1134 σύνθεσιν,
3287 1071 3378 1124 καὶ
3406 1073 3499 1137 τὰς
3525 1075 3746 1147 δυνάμεις

2217 1152 2319 1220 τῆς
2339 1151 2518 1224 ψυχῆς
2545 1154 2759 1208 ίσοδυνα
2767 1155 2976 1227 μούσας
2997 1159 3256 1230 ἀλλήλαις
3277 1166 3613 1234 κεκτημένοις
3629 1174 3746 1227 κατὰ

2221 1245 2350 1314 μίαν
2385 1247 2479 1300 καὶ
2507 1246 2605 1318 τὴν
2625 1247 2796 1320 αὐτὴν
2815 1249 3160 1321 ἀεικινησίαν
3178 1253 3308 1322 περὶ
3339 1253 3484 1316 Θεὸν.
3510 1256 3579 1320 ὡς
3605 1261 3744 1329 μονὰς

2217 1337 2656 1406 ἑκφαίνεταικαῐ
2674 1338 2864 1410 Τριὰς,
2901 1340 2989 1394 ῐνα
3023 1344 3119 1397 καὶ
3169 1344 3272 1415 τὴν
3319 1345 3516 1400 οἰκείαν
3544 1348 3746 1421 ὓπαρξιν

2215 1430 2586 1500 παραδείξειε,
2619 1433 2714 1486 καὶ
2735 1433 2828 1485 τὴν
2855 1432 3029 1504 αὐτῆς
3047 1435 3252 1505 τρόπον
3275 1438 3542 1506 μυστικῶς
3562 1441 3744 1495 ἐκδιδά-

2215 1521 2346 1586 ξειε.
2386 1508 2594 1586 Τοτξδὲ
2626 1525 2756 1595 περὶ
2779 1525 2951 1594 μόνην
2975 1526 3077 1599 τὴν
3105 1526 3301 1599 ὕλικὴν
3329 1528 3565 1583 σύνθεσιν
3593 1531 3745 1602 ἔχουσι

2213 1617 2546 1688 κινουμένην
2567 1617 2671 1688 τὴν
2698 1616 2907 1687 ἔφεσιν,
2939 1619 3035 1672 καὶ
3061 1619 3324 1692 ἀλλήλαις
3349 1622 3647 1687 ἀσυνδέτους
3665 1625 3746 1687 τὶς

2909 1714 3294 1785 κεκτημένοις,
3341 1713 3443 1784 οὐχ
3481 1713 3550 1778 ὡς
3589 1713 3743 1776 ἐστιν,

525 1767 636 1821 illis
655 1780 882 1838 apparet
917 1782 976 1826 ut
1015 1771 1130 1841 ipse
1157 1782 1263 1838 est,
1294 1774 1394 1830 sed
1427 1785 1488 1829 ut
1531 1775 1610 1830 illi
1638 1791 1700 1830 se
1733 1775 1980 1843 habent;
2011 1792 2092 1833 os-

2209 1760 2327 1857 ἀλλ’
2355 1760 2602 1867 ιῖδςζίσὶν
2628 1760 3012 1876 ἑμφένίξεται,
3067 1760 3294 1870 gub:
3329 1760 3548 1876 61:17};
3577 1760 3744 1875 ὑλικῆς

524 1860 758 1914 tendens
787 1862 1059 1918 ambabus
1090 1865 1348 1920 manibus
1379 1874 1664 1921 terrenum
1696 1867 1985 1937 amplexos
2017 1867 2108 1923 bi-

520 1951 772 2018 narium;
804 1969 917 2023 quo
945 1955 1187 2011 mundus
1221 1971 1548 2027 corporeus,
1574 1959 1733 2014 velut
1760 1973 1831 2016 ex
1873 1960 2110 2016 materia

517 2047 575 2091 et
599 2038 777 2096 forma
806 2053 1129 2111 concretus,
1155 2047 1434 2102 consistit.
1980 2074 1984 2078 '

592 2132 680 2189 96.
720 2135 950 2191 Divinos
978 2136 1298 2207 Apostolus,
1325 2139 1462 2195 alias
1501 2140 1750 2212 aliasque
1780 2140 1948 2196 unius
1976 2140 2108 2212 Spi-

517 2227 662 2280 ritus
712 2227 887 2282 sancti
935 2230 1290 2297 operationes
1336 2246 1435 2285 seu
1481 2231 1717 2297 alllatus,
1777 2232 1882 2286 alia
1937 2242 2108 2302 atque

515 2319 622 2372 alia
658 2328 819 2372 vocat
863 2319 1029 2384 dona,
1083 2337 1208 2391 qua:
1256 2338 1402 2378 unus
1442 2333 1609 2393 atque
1655 2323 1801 2379 idem
1843 2331 2108 2394 operetur

517 2409 760 2480 Spiritus
806 2411 872 2463 ³⁷.
911 2411 1194 2480 Siquidem
1230 2413 1400 2483 igitur
1429 2415 1586 2485 juxta
1611 2429 1930 2469 mensuram
1972 2414 2103 2470 ﬁdei

519 2502 576 2554 in
620 2518 957 2572 unoquoque
1005 2504 1170 2558 datur
1206 2505 1577 2560 manifestatio
1607 2506 1869 2577 Spiritus,
1913 2522 1981 2562 ea
2015 2522 2105 2562 ra-

515 2593 664 2646 tione
698 2609 807 2662 qua
839 2593 968 2646 doni
999 2594 1149 2648 illius
1190 2595 1545 2666 participatio
1570 2605 1898 2666 praestatur:
1932 2597 2103 2652 nimio

516 2700 638 2738 rum
689 2686 893 2755 singuli
926 2685 1118 2740 ﬁdeles
1156 2702 1259 2756 pro
1291 2685 1418 2740 ﬁdei
1455 2687 1704 2753 modulo,
1739 2689 2101 2760 subjectaque

513 2775 624 2829 illis
643 2776 810 2828 animi
833 2775 1218 2846 dispositione,
1240 2775 1402 2848 535
1419 2792 1791 2832 commensam
1823 2778 2102 2847 recipiunt

512 2865 755 2936 Spiritus
789 2867 1174 2936 operationem
1219 2867 1597 2938 adlatumque,
1645 2869 1985 2924 tribuentem
2014 2868 2100 2925 eis

510 2959 936 3014 convenientem
982 2959 1256 3025 habitum,
1291 2960 1359 3014 ad
1393 2959 1562 3031 hujus
1597 2960 1816 3016 illiusve
1847 2961 2112 3032 mandati,

509 3050 950 3104 exsecutionem.

582 3144 672 3198 97.
714 3143 1192 3210 Quemadmodum
1236 3145 1376 3202 alius
1413 3145 1617 3216 accipit
1657 3160 1969 3202 sermonem
2003 3161 2092 3202 sa-

511 3235 755 3305 pientiae,
783 3235 926 3290 alius
947 3251 1084 3290 vero
1107 3251 1419 3292 sermonem
1451 3234 1716 3299 scientiae,
1741 3236 1884 3291 alius
1905 3247 2090 3292 autem

511 3323 639 3380 ﬁdei
669 3343 684 3379 :
718 3327 972 3396 aliusque
997 3327 1148 3381 aliud
1193 3327 1327 3396 quid
1373 3342 1570 3381 eorum
1610 3327 1885 3382 donorum
1913 3326 2092 3398 Spiri-

511 3429 623 3485 tus,
657 3435 781 3490 qua:
827 3434 1024 3489 magno
1063 3418 1646 3489 Apostolmrecensita
1703 3427 1836 3476 sunt
1861 3420 1912 3456 ⁸⁸
1944 3439 1959 3478 :
2007 3423 2092 3478 sic

508 3511 651 3566 alius
683 3511 906 3582 quidem
929 3527 1029 3581 per
1057 3510 1346 3581 Spiritum,
1371 3511 1578 3567 donum
1605 3511 1808 3584 accipit
1829 3513 2090 3583 perfch

507 3618 573 3658 ac
618 3603 950 3657 immediatm
992 3602 1051 3656 in
1095 3602 1271 3658 Deum
1307 3603 1599 3659 charitatis
1631 3604 1882 3675 nihilque
1914 3613 2090 3660 terre-

507 3711 640 3750 num
680 3695 956 3758 habentis,
1003 3695 1307 3751 secundum
1351 3702 1557 3750 certam
1600 3694 1728 3750 ﬁdei
1778 3696 2086 3763 rationem;

507 3789 649 3843 alius
676 3802 808 3842 vero
833 3802 934 3856 per
964 3783 1224 3842 eumdem
1254 3786 1544 3857 Spiritum,
1576 3786 1784 3841 donum
1826 3786 2086 3857 perfecte

505 3896 635 3953 erga
688 3881 997 3950 proximum
1042 3879 1392 3946 dilectionis,
1445 3879 1700 3948 aliusque
1745 3878 1895 3934 aliud
1949 3878 2086 3950 quid

501 3969 808 4027 secundum
843 3970 1102 4025 eumdem
1129 3969 1422 4040 Spiritum,
1458 3970 1538 4024 uti
1569 3970 1858 4037 dicebam;
1879 3970 1961 4025 sic
1990 3969 2082 4025 ni-

503 4064 707 4118 mirum
753 4071 815 4118 ut
859 4061 1060 4134 singuli
1100 4060 1384 4132 proprium
1417 4061 1474 4134 in
1511 4071 1637 4118 actu
1668 4078 1732 4118 ac
1773 4064 2082 4120 exercitum

503 4155 745 4210 habeant
769 4153 1000 4209 donum.
1039 4152 1272 4208 Omnem
1307 4153 1455 4208 enim
1493 4153 1737 4210 mandati
1780 4154 1838 4209 in
1865 4163 1996 4211 actu
2015 4169 2084 4211 ac

499 4247 806 4300 exercitum
839 4244 1114 4307 habitum,
1151 4243 1394 4313 Spiritus
1417 4243 1554 4298 dicit
1581 4260 1706 4300 esse
1740 4244 1972 4301 donum.

569 4336 658 4392 98.
691 4336 910 4390 Domini
937 4335 1214 4404 baptisma
1241 4341 1347 4399 est,
1375 4335 1683 4392 voluntatis
1714 4346 1922 4392 nostrae
1947 4353 2079 4408 erga

2207 1895 2401 1959 δυάδος
2428 1895 2636 1966 ἀμφοῖν
2661 1896 2991 1951 ἐπελάϐοντο
3037 1899 3162 1952 ταῖν
3210 1901 3393 1970 χεροῖν
3414 1914 3432 1932 ο
3475 1898 3588 1954 καθ’
3633 1901 3692 1970 ἦν
3721 1900 3746 1952 δ

2209 1985 2545 2056 σωματικδς,
2576 1985 2653 2050 ὡς
2680 1986 2741 2054 ἐξ
2764 1986 2898 2059 ὖλης
2913 1987 3008 2041 καὶ
3028 1987 3225 2052 εεδους,
3250 1988 3540 2060 συνέστηκε
3553 1987 3744 2058 κόσμος.

2277 2161 2396 2225 ις’.
2429 2161 2448 2179 ⁸
2488 2158 2548 2212 '0
2607 2157 2752 2226 θεῖος
2809 2158 3154 2225 ’Δπόστολος,
3185 2157 3288 2222 τὰς
3331 2157 3606 2228 διαφόρους
3622 2157 3746 2227 {vep-

2204 2252 2362 2321 γείας
2389 2251 2485 2305 τοῦ
2525 2251 2642 2316 ἑνὸς
2677 2252 2837 2320 ἁγίου
2885 2251 3224 2323 Πνεῦματος,
3259 2252 3576 2324 ’χαρίσματα
3622 2249 3746 2318 λέγει

2203 2341 2460 2413 διάφορα,
2495 2343 2585 2412 ὑφ’
2611 2343 2728 2406 ἑνὸς
2747 2342 2991 2413 δηλονότι
3027 2343 3123 2396 καὶ
3165 2341 3262 2396 τοῦ
3312 2342 3476 2398 αὐτοῦ
3522 2340 3746 2412 ἐνεργού-

2207 2449 2348 2502 μενα
2375 2433 2714 2503 Πνεύματος.
2745 2434 2809 2485 El
2832 2432 3014 2487 τοίνυν
3039 2433 3182 2486 κατά
3210 2433 3275 2485 τὸ
3333 2432 3524 2503 μέτρον
3568 2431 3658 2500 τῆς
3698 2431 3744 2483 ἐν

2202 2521 2419 2591 ἑκάστῳ
2451 2519 2684 2585 πίστεως
2715 2520 2916 2573 δίδοται
2939 2521 2974 2591 ἡ
3006 2521 3316 2591 φανέρωσις
3343 2520 3438 2572 τοῦ
3467 2517 3746 2587 Πνεύματος

2201 2615 2261 2667 ὲν
2282 2615 2350 2683 τῇ
2403 2615 2606 2685 μετοχῇ
2646 2611 2743 2666 τοῦ
2785 2612 2993 2666 τοιοῦδε
3019 2612 3384 2684 χαρίσματος,
3419 2611 3633 2674 ἕκαστος
3654 2609 3743 2661 τῶν

2201 2703 2411 2757 πιστῶν
2443 2703 2686 2774 δηλονότι
2718 2703 2862 2757 κατά
2889 2703 2988 2774 τὴν
3031 2702 3326 2772 ἀναλογίαν
3373 2706 3474 2775 τῆς
3519 2702 3742 2764 πίστεως,

2198 2792 2421 2862 καὶτῆς
2447 2791 2820 2863 ὑποκειμένης
2860 2791 3010 2861 αὑτῷ
3048 2791 3193 2846 κατὰ
3235 2791 3416 2863 ψυχὴν
3467 2789 3743 2851 διαθέσεως,

2198 2884 2744 2956 συμμεμετρημένην
2780 2884 2996 2956 δέχεται
3023 2883 3120 2938 τοῦ
3148 2883 3466 2954 Πνεύματος
3492 2882 3586 2956 τὴν
3614 2880 3746 2946 ὲνέρ·

2196 2993 2374 3045 γειαν,
2431 2976 2801 3048 χαριζομένην
2844 2975 2995 3048 αὐτῷ
3031 2976 3195 3046 τῆσδε
3255 2976 3294 3048 ἢ
3349 2977 3508 3047 τῆσδε
3533 2975 3628 3046 τῆς
3670 2976 3744 3026 ὲν·

2197 3068 2362 3139 τολῆς
2388 3069 2490 3140 τὴν
2513 3069 2864 3139 ἁρμόζουσαν
2890 3069 3028 3143 πρὸς
3047 3069 3338 3142 ἀνέργειαν
3362 3072 3494 3138 ἕξιν.

2265 3160 2370 3228 HC.
2408 3161 2623 3236 Ὠσπερ
2659 3163 2690 3218 ὁ
2725 3162 2826 3235 μὶν
2864 3162 3134 3235 λαμϐάνει
3179 3164 3344 3233 λόγον
3392 3163 3600 3234 σοφίας,
3639 3160 3666 3212 ὁ
3695 3157 3744 3211 δὲ

2191 3253 2350 3327 λόγον
2374 3253 2651 3326 γνώσεως,
2693 3257 2881 3328 Ξτερος
2907 3257 2987 3322 δὲ,
3019 3255 3280 3322 πίστεως,
3329 3257 3424 3312 καὶ
3456 3255 3608 3316 ἄλλος
3635 3250 3745 3306 ἄλλο

2190 3367 2245 3403 τι
2269 3348 2380 3402 τῶν
2415 3349 2704 3422 ἀπηριθμη
2714 3349 2891 3420 μένων
2918 3349 2997 3421 τῷ
3049 3349 3278 3422 μεγάλῳ
3328 3347 3626 3416 ’Δποστόλῳ
3659 3360 3744 3415 χα-

2191 3440 2476 3512 ρισμάτων
2521 3439 2616 3493 τοῦ
2658 3438 2977 3510 Πνεύματος
3005 3455 3023 3474 ο
3054 3438 3233 3502 οὕτως
3257 3440 3291 3494 ὁ
3315 3438 3414 3510 μὲν
3447 3436 3648 3507 δέχεται
3670 3433 3745 3486 διὰ

2186 3529 2285 3584 τοῦ
2341 3529 2662 3602 Πνεύματος
2710 3530 2959 3602 χάρισμα
3001 3531 3105 3600 τῆς
3160 3529 3382 3594 τελείας
3426 3529 3518 3582 καὶ
3558 3525 3743 3597 ἀμέσου

2187 3622 2326 3694 πρὸς
2360 3622 2497 3676 Θεὸν
2539 3624 2630 3677 καὶ
2662 3623 2830 3695 μηδὲν
2855 3621 3087 3694 ἐχούσης
3113 3621 3304 3691 ὑλικὸν
3336 3622 3576 3690 ἀγάπης,
3622 3615 3747 3670 κατὰ

2184 3711 2287 3782 τὴν
2306 3711 2601 3782 ἀναλογίαν
2629 3713 2728 3783 τῆς
2760 3713 3000 3776 πίστεως
3027 3729 3040 3743 ·
3070 3711 3260 3784 ἔτερος
3290 3711 3350 3766 δὲ
3378 3710 3466 3765 διά
3485 3708 3577 3764 τοῦ
3595 3704 3742 3761 αὑτοῦ

2185 3803 2529 3874 Πνεύματος,
2559 3804 2662 3874 τῆς
2685 3803 2900 3867 τελείας
2935 3803 3158 3876 ἀγάπης
3205 3803 3350 3874 πρὸς
3401 3801 3495 3856 τὸν
3540 3797 3745 3870 πλησίον

2186 3895 2432 3966 Χάρισμα
2459 3911 2474 3927 ⁸
2511 3894 2670 3958 ἀλλος
2709 3895 2767 3948 δὲ
2797 3895 2926 3951 ἀλλο
2961 3911 3039 3961 τι,
3061 3888 3235 3951 ’κατὰ
3255 3895 3322 3950 τὺ
3353 3881 3489 3950 αὐτὸ
3520 3893 3742 3961 Πνεῦμα,

2182 3985 2258 4051 ὡς
2278 3986 2436 4057 ἔφην.
2485 3984 2702 4057 ἔχοντος
2751 3986 2984 4040 ἑκάστου
3023 3985 3423 4056 ὲνεργούμενον
3473 3984 3534 4038 τὺ
3567 3983 3745 4038 οἰκεῖον

2182 4078 2454 4150 χάρισμα.
2501 4079 2692 4132 Πᾶσαν
2738 4077 2850 4149 γάρ
2893 4078 3116 4150 ἐντολῆς
3169 4078 3287 4146 ῑξιν
3339 4074 3740 4150 ἐνεργουμένην.

2182 4165 2498 4239 Πνεῦματος
2525 4161 2667 4221 είναι
2689 4167 2935 4239 χάρισμα
2966 4166 3136 4237 λέγει.

2253 4351 2364 4418 ιιηα
2392 4348 2468 4400 Τὸ
2491 4345 2588 4400 τοῦ
2617 4345 2824 4418 Κυρίου
2853 4345 3140 4417 βάπτισμά
3185 4348 3360 4416 ἔστιν,
3415 4350 3450 4421 ἠ
3492 4345 3741 4415 παντελὴς

501 4425 769 4480 mundum
809 4425 960 4479 hunc
998 4425 1254 4479 sensibus
1295 4417 1576 4496 obiectum
1603 4439 1671 4480 ex
1705 4433 1820 4481 toto
1860 4428 2074 4484 exstin-

2192 4442 2327 4514 πρὸς
2352 4439 2445 4494 τὸν
2477 4437 2733 4510 αίσθητὺν
2763 4437 2968 4507 κόσμον
3017 4437 3118 4508 τῆς
3171 4417 3551 4510 προαιρέσεως
3600 4438 3738 4509 ἡμῶν

495 4520 609 4574 ctio
641 4537 654 4574 :
687 4518 829 4574 calix
850 4532 1008 4582 vero,
1046 4517 1222 4588 ipsius
1239 4533 1462 4589 quoque
1486 4519 1778 4590 presentis
1806 4520 1934 4576 vitae
1977 4539 2077 4578 nov

493 4619 620 4666 stne
649 4609 901 4666 veritatis
931 4624 1094 4664 causa
1114 4609 1433 4664 abdicatior

567 4702 657 4758 99.
710 4701 930 4756 Domini
977 4700 1270 4770 baptisma,
1333 4701 1586 4756 laborum
1633 4702 1856 4760 virtutis
1904 4719 2075 4762 causa

489 4806 687 4870 Sponte
731 4794 902 4850 animi
948 4793 1235 4864 proposito
1287 4801 1694 4864 susceptorum;
1737 4795 1910 4867 ﬁgura
1951 4805 2067 4865 est;

485 4904 724 4961 quorum
753 4903 858 4958 ope
886 4885 1080 4942 dilutis
1108 4884 1462 4940 conscientiae
1501 4886 1782 4952 sordibus,
1833 4897 2062 4958 sponta-

483 5000 644 5040 ncam
670 4996 800 5054 erga
829 4995 917 5036 res
940 4978 1117 5034 oculis
1140 4977 1415 5049 subiectas
1445 4987 1676 5034 mortem
1694 4979 2058 5050 suscipimus:

481 5079 625 5133 calix
651 5093 805 5141 vero,
831 5091 1022 5132 earum
1064 5087 1187 5142 quae
1225 5072 1462 5130 adverso
1497 5073 1682 5143 aliquo
1719 5088 1850 5130 casu
1888 5075 2060 5132 invita

480 5169 785 5233 voluntate,
841 5166 1094 5224 veritatis
1147 5178 1314 5220 causa
1372 5164 1708 5222 tentationes
1766 5176 2055 5238 appetunt,

475 5275 672 5333 typum
713 5260 968 5330 praefert;
1011 5274 1110 5329 per
1133 5273 1292 5329 quas,
1326 5258 1432 5328 ipsi
1479 5273 1704 5331 quoque
1746 5261 1875 5317 vita:
1908 5262 2052 5318 divi-

550 5375 593 5406 ιτ
619 5374 640 5428 1
665 5373 794 5429 Cor.
822 5389 916 5441 ιιι,
943 5375 998 5429 ι.
1073 5373 1118 5405 ιη
1155 5372 1288 5429 ibid.
1323 5373 1474 5428 8-12.
1696 5356 1702 5363 '

542 5491 566 5518 ο
590 5493 674 5550 Ad
701 5491 856 5548 Thal.
885 5508 940 5563 q.
975 5491 1062 5548 29.

543 5615 621 5688 (ac)
670 5610 793 5666 Τῶν
818 5609 886 5663 ἐκ
913 5606 1313 5691 ξεριςζάαεως
1338 5609 1830 5691 maximam
1857 5612 2040 5691 ἀκου-

467 5677 621 5738 «ab?
665 5677 1027 5748 πειρασμῶν.
1075 5677 1223 5732 Nihil
1273 5679 1416 5734 bene
1451 5677 1648 5746 Picus,
1682 5682 1886 5736 ratione
1927 5684 2038 5736 cir-

468 5752 946 5816 cunutantiarum;
982 5756 1041 5802 ut
1090 5749 1325 5817 etquod
1404 5749 1588 5804 statim
1637 5753 1911 5822 sequitur,
1944 5753 2036 5806 τὸν

2178 4533 2480 4604 νέκρωσις·
2531 4529 2593 4582 τὸ
2642 4527 2704 4582 δὲ
2749 4529 3030 4599 ποτήριον,
3087 4528 3186 4582 καὶ
3230 4529 3410 4600 αὐτῆς
3451 4529 3607 4602 ἡμῶν
3649 4529 3737 4592 τῆς

2173 4622 2456 4696 παρούσης
2487 4621 2635 4692 ζωῆς
2663 4621 2804 4691 ὑπὲρ
2837 4619 3098 4691 ἀληθείας
3130 4621 3478 4694 καθέστηκεν
3504 4621 3733 4692 ἄρνησις.

2239 4714 2347 4782 ἥθ’.
2378 4712 2452 4766 Τὸ
2484 4712 2581 4766 τοῦ
2607 4711 2814 4778 Κυρίου
2847 4709 3152 4782 βάπτισμα,
3197 4711 3307 4766 τῶν
3357 4713 3502 4785 ὑπὲρ
3549 4709 3734 4783 ἀρετῆς

2168 4804 2312 4860 κατὰ
2337 4805 2595 4876 πρόθεσιν
2619 4803 2885 4857 ἑκουσίων
2916 4801 3013 4857 καὶ
3040 4801 3329 4875 ἡμετέρων
3355 4803 3558 4868 πόνων,
3581 4800 3734 4861 τύπος

2167 4896 2404 4966 ὑπάρχει
2436 4911 2451 4926 ’
2479 4893 2549 4948 δι’
2577 4885 2654 4947 ὧν
2674 4893 2771 4958 τὰς
2803 4891 2948 4947 κατά
2971 4891 3280 4964 συνείδησιν
3298 4891 3730 4965 ἀπορρύπτοντες

2166 4989 2412 5060 κηλῖδας,
2463 4988 2556 5042 τὸν
2603 4987 2740 5058 πρὸς
2766 4987 2836 5040 τά
2867 4986 3170 5057 φαινόμενα
3211 4987 3313 5057 τῆς
3368 4984 3729 5058 προαιρέσεως

2164 5081 2412 5136 ἑκούσιον
2459 5079 2870 5152 καταδεχόμεθα
2912 5077 3145 5134 θάνατον
3177 5095 3193 5111 ο
3238 5080 3302 5134 τὸ
3350 5079 3412 5135 δὲ
3466 5077 3729 5150 ποτήριον,

2162 5177 2272 5230 τῶν
2315 5177 2381 5230 ὲκ
2415 5174 2792 5244 περιστάσεως
2819 5172 2972 5244 παρὰ
3011 5173 3334 5246 προαίρεσιν
3373 5165 3726 5238 ἐπανισταμέ-

2161 5285 2270 5322 νων
2305 5267 2438 5336 ἠμῖν
2457 5266 2599 5334 ὑπὲρ
2622 5264 2722 5334 τῆς
2745 5263 3004 5336 ἀληθείας
3024 5263 3295 5320 ἀκουσίων
3317 5257 3640 5336 πειρασμῶν
3655 5255 3725 5329 (ε)

2145 5612 2531 5686 περιστατικδν
2554 5611 2652 5686 si];
2676 5609 2889 5686 φύσεως
2907 5609 3158 5686 θάνατον,
3183 5613 3612 5686 circumstante»:
3635 5622 3722 5660 na-

2145 5680 2282 5738 tura:
2312 5693 2552 5756 mortem.
2589 5681 2686 5756 Est
2732 5680 3266 5756 enimnmptgutgtg
3289 5682 3402 5738 hoc
3434 5683 3574 5756 loco,
3619 5691 3716 5756 non

2145 5753 2566 5818 circumstantia,
2584 5751 2679 5806 scd
2705 5751 2852 5821 quod
2885 5749 3120 5823 Hesj'ch.
3140 5752 3330 5842 yariii.
3355 5762 3412 5808 et
3441 5752 3533 5805 alii
3553 5749 3713 5811 expli-
