4020 6420
248 294 365 363 1221

947 292 1279 353 CAPITUM
1319 291 1742 364 QUINQUIES
1780 290 2300 354 CENTENORUM
2336 292 2721 354 CENTURIA
2764 293 2849 355 II.

3374 288 3513 358 1292

240 413 394 474 τύπος
462 404 625 459 ἔστι*
677 404 747 457 δι’
801 394 876 457 ὧν
919 406 1012 458 καὶ
1070 405 1243 474 αὐτῆς
1293 404 1681 476 προκρίνοντες
1734 407 1819 461 τὸν

1933 421 2063 459 nnm
2108 419 2353 460 amorem
2416 407 2798 475 praeferentes,
2852 411 3051 476 sponte
3100 405 3153 459 in
3202 405 3330 461 vita:
3376 406 3508 461 mali

245 508 375 560 θεῖον
433 498 600 552 πάθον
644 498 745 568 τῆς
782 497 1018 567 φύσεως.
1062 496 1279 559 ἑκόντες
1316 497 1407 549 τὸν
1439 497 1825 569 περιστατικὸν

243 586 595 663 ύπερχόμεθα
630 586 728 657 τῆς
761 585 976 656 φύσεως
1006 584 1254 640 θάνατον.

320 686 384 752 ρ’.
416 677 641 748 Ταύτην
666 675 779 746 ἔχει
804 676 903 747 τὴν
928 675 1190 747 διαφορὰν
1238 675 1299 729 τὸ
1355 674 1637 745 βάπτισμα
1686 676 1820 747 πρὸς

256 774 314 828 τὸ
362 770 657 838 ποτήριον·
699 770 780 821 ὅτι
830 768 892 820 τὸ
944 766 1043 838 μὲν
1080 766 1383 837 βάπτισμα,
1427 767 1571 838 ὑπὲρ
1617 768 1820 838 ἀρετῆς

256 864 385 937 πρὸς
413 862 479 914 τὰ
510 861 643 931 ἡδέα
673 859 768 913 τοῦ
802 859 919 929 βίου
947 859 1149 929 νεκρὰν
1181 857 1476 929 ἐργάζεται
1506 858 1605 929 τὴν
1630 859 1821 929 προαί-

255 973 399 1028 ρεσιν
429 969 443 984 ⁸
482 954 543 1007 τὸ
606 953 664 1006 δὲ
721 953 1010 1023 ποτήριον,
1058 952 1158 1022 τὴν
1204 952 1461 1021 ἀλήθειαν
1504 952 1601 1006 καὶ
1653 952 1822 1021 αὐτῆς

258 1046 557 1118 προκρίνειν
587 1046 763 1097 πείθει
793 1045 893 1113 τῆς
919 1044 1133 1114 φύσεως
1159 1045 1281 1107 τεὺς
1311 1043 1576 1107 εὐσεϐεῖς.

613 1271 759 1323 EKA
771 1271 1050 1324 ΤΟΝΤΑΣ
1077 1271 1433 1325 ΔΕΥΤΕΡΑ.

317 1383 384 1440 α’.
422 1382 695 1453 Πρότερον
730 1382 822 1434 τοῦ
860 1360 1233 1454 βαπτίσματος
1260 1384 1413 1439 ἔθετο
1441 1385 1501 1438 τὸ
1543 1387 1821 1457 ποτήριον,

1930 500 2288 569 adversisque
2320 498 2555 570 positam
2583 506 2794 553 natura;
2816 508 3049 555 mortem
3079 499 3435 555 sustinemus.

2003 678 2125 733 100.
2154 678 2433 747 Baptisma
2464 678 2609 733 inter
2647 686 2704 732 et
2745 679 2970 733 calicem
3004 680 3110 733 hoc
3138 680 3326 746 refert,
3359 680 3509 749 quod

1929 769 2221 838 baptisma,
2254 768 2478 822 virtutis
2500 784 2688 835 causa,
2724 768 2791 821 ad
2825 769 3177 822 delcctabilia
3216 769 3342 827 vitae
3359 769 3511 838 quod

1928 862 2147 925 attinet,
2184 861 2526 915 voluntatem
2569 871 2880 915 emortuam
2925 861 3146 915 reddit:
3184 862 3327 915 calix
3358 877 3510 924 vero,

1931 961 1991 1006 ut
2014 952 2111 1005 Dei
2142 952 2386 1006 cultores
2417 952 2518 1022 ipsi
2547 968 2771 1022 quoque
2802 961 3018 1009 natura:
3050 952 3341 1007 veritatem
3370 967 3513 1021 pra:-

1929 1045 2129 1113 ferant,
2170 1054 2364 1100 auctor
2390 1045 2625 1101 exsistit.

2323 1276 2823 1333 CENTENARIUS
2872 1276 3119 1332 ALTER.

2001 1393 2052 1446 l.
2085 1391 2332 1447 Priorem
2374 1391 2708 1460 baptismate
2756 1390 2986 1445 calicem
3036 1390 3222 1461 posuit
3266 1389 3333 1455 ”,
3366 1390 3514 1460 quod

244 1482 323 1534 ὅτι
357 1475 445 1529 διὰ
474 1475 574 1545 τὴν
600 1474 860 1545 ἀλήθειάν
899 1477 1048 1529 ἐστιν
1076 1477 1111 1545 ὴ
1147 1476 1339 1547 ἀρετὴ,
1379 1477 1493 1530 ἀλλ’
1516 1477 1578 1531 ού
1608 1477 1694 1531 διὰ
1725 1478 1819 1546 τὴν

1933 1484 2195 1537 nimirum
2225 1484 2407 1537 virtus
2436 1493 2661 1552 propter
2694 1483 3009 1546 veritatem,
3045 1492 3101 1537 at
3135 1499 3245 1537 non
3290 1495 3517 1554 propter

243 1568 439 1642 ἀρετὴν
477 1568 511 1637 ή
538 1565 785 1635 ἀλήθεια.
823 1566 990 1619 Ὀθεν
1038 1568 1068 1621 6
1107 1568 1194 1621 διὰ
1232 1569 1330 1639 τὴν
1362 1568 1620 1639 ἀλήθειαν
1650 1568 1819 1639 πράτ-

1933 1575 2193 1631 virtutem
2244 1576 2452 1631 veritas
2512 1576 2605 1629 sit.
2663 1574 2767 1641 Qui
2822 1575 2991 1645 igitur
3043 1576 3294 1631 veritatis
3346 1590 3516 1631 causa

243 1679 348 1717 των
372 1662 469 1730 τὴν
492 1659 719 1731 ἀρετὴν,
747 1657 1054 1723 κενοδοξίας
1079 1660 1141 1711 ού
1167 1660 1533 1731 τιτρώσκεται
1567 1661 1777 1731 βέλεσιν
1802 1676 1817 1692 ⁶

1933 1670 2132 1725 virtute
2162 1668 2435 1738 fungitur,
2470 1665 2657 1721 inanis
2693 1666 2880 1736 gloriae
2918 1667 3121 1737 jaculis
3167 1682 3277 1721 non
3314 1668 3518 1722 vulne-

240 1756 268 1807 6
286 1753 343 1806 δὲ
363 1751 462 1823 τὴν
486 1749 745 1821 ἀλήθειαν
769 1748 973 1819 ἀρετῆς
1003 1750 1190 1803 ἕνεκεν
1224 1751 1581 1823 ἐπιτηδεύων,
1638 1751 1818 1805 σύνοι-

244 1862 332 1900 κον
364 1844 477 1915 ἔχει
497 1842 597 1912 τῆς
620 1840 927 1906 κενοδοξίας
949 1841 1049 1913 τὴν
1076 1841 1275 1914 οῐησιν.

309 2042 373 2113 β’.
431 2040 724 2112 Ἀλήθειαν
760 2037 862 2105 μὲν
901 2033 1040 2093 εῖναι
1068 2038 1239 2107 λέγει,
1271 2038 1349 2111 (g)
1376 2038 1477 2110 τὴν
1499 2037 1650 2094 θείαν
1679 2036 1822 2107 γνῶ-

241 2151 323 2187 σιν
352 2148 367 2162 ο
404 2132 615 2204 ἀρετὴν
643 2132 723 2198 δὲ,
762 2132 888 2195 τοὺς
923 2131 1065 2201 ὑπὲρ
1090 2130 1347 2201 ἀληθείας
1378 2131 1486 2185 τῶν
1518 2129 1821 2199 ἐφιεμένων

239 2227 403 2297 αὐτῆς
456 2225 699 2292 ἀγῶνας.
749 2224 808 2278 '0
848 2224 1028 2278 τοίνυν
1067 2224 1323 2292 γνώσεως
1360 2224 1571 2287 ἕνεκεν,
1615 2223 1821 2296 ἀρετῆς

240 2317 526 2384 ὑπομένων
566 2316 783 2383 πόνους,
817 2316 879 2369 οὐ
914 2316 1199 2381 κενοδοξεῖ,
1229 2315 1515 2385 γινώσκων
1546 2317 1821 2387 ἀπερίλη-

244 2426 364 2461 πτον
409 2402 557 2460 εἶναι
610 2406 771 2476 φύσει
806 2408 924 2468 τοῖς
983 2406 1166 2469 πόνοις
1207 2406 1306 2475 τὴν
1363 2405 1661 2476 ἀλήθειαν·
1707 2408 1821 2469 τοῖς

237 2499 508 2571 δευτέροις
561 2499 668 2569 γὰρ
724 2498 786 2551 ού
823 2497 1230 2567 περιγράφεται
1265 2496 1427 2565 φύσει
1469 2496 1529 2549 τὸ
1578 2496 1816 2566 πρῶτον.

247 2592 304 2645 ὐ
329 2592 386 2644 δὲ
420 2592 524 2662 τὴν
555 2591 759 2655 γνῶσιν
791 2590 880 2643 διὰ
907 2591 1034 2652 τοὺς
1066 2590 1203 2660 ὑπὲρ
1236 2589 1408 2658 αὐτῆς
1442 2589 1664 2656 ἀγῶνας
1698 2589 1817 2640 ἐπι-

238 2682 492 2757 τηδεύων,
532 2684 754 2746 πάντως
782 2682 1059 2749 κενόδοξος
1083 2682 1157 2745 ὡς
1182 2681 1463 2751 είληφέναι
1487 2680 1659 2734 δοκῶν
1694 2681 1821 2743 τοὺς

239 2773 532 2841 στεφάνους
572 2773 679 2844 πρὸ
721 2773 830 2826 τῶν
880 2771 1138 2844 ἱδρώτωνο
1168 2772 1267 2825 οὐκ
1292 2772 1446 2834 εἰδὼς
1471 2772 1551 2824 ὅτι
1579 2771 1666 2825 διὰ
1693 2771 1819 2834 τοὺς

240 2864 532 2939 στεφάνους
564 2865 615 2917 οί
655 2864 829 2931 πόνοι,
860 2864 975 2916 ἀλλ’
1004 2863 1065 2916 ού
1105 2862 1194 2916 διὰ
1222 2864 1349 2925 τοὺς
1386 2864 1582 2926 πόνους
1608 2864 1658 2915 οί
1694 2862 1817 2921 στέ-

242 2970 391 3023 φανοι
414 2972 428 2987 ·
465 2954 761 3027 φύσειγάρ
796 2954 1131 3026 ἀμελέτητος
1170 2956 1320 3007 πᾶσα
1355 2953 1661 3023 καθέστηκε
1691 2952 1820 3023 μέθ-

1930 1768 2087 1812 ratur
2121 1775 2134 1811 :
2173 1758 2267 1826 qui
2308 1766 2495 1812 autem
2536 1756 2764 1810 virtutis
2807 1770 2974 1810 causa
3018 1756 3309 1811 veritatem
3360 1758 3515 1821 colit,

1929 1848 2113 1905 inanis
2145 1848 2331 1920 gloriae
2367 1847 2825 1902 contubernalem
2870 1846 3043 1901 animi
3072 1848 3369 1903 elationem
3413 1850 3516 1904 ha-

1926 1943 2020 1998 bet
2050 1943 2246 2013 suique
2268 1958 2464 1997 vanam
2492 1940 2981 1997 existimationem.

1996 2034 2051 2089 2.
2086 2034 2392 2090 Veritatem
2439 2032 2684 2102 quidem,
2734 2032 2978 2087 divinam
3019 2031 3306 2088 scientiam
3354 2031 3520 2102 535

1927 2142 2049 2183 esse
2097 2127 2233 2182 dicit
2284 2143 2297 2179 :
2351 2126 2618 2179 virtutem
2663 2139 2828 2188 vero,
2882 2139 3074 2179 eorum
3128 2140 3229 2194 pro
3281 2123 3519 2179 veritate

1927 2217 2252 2279 certamina,
2285 2216 2382 2286 qui
2422 2216 2548 2285 ejus
2578 2214 2860 2269 desiderio
2887 2222 3170 2269 tenentur.
3202 2213 3305 2280 Qui
3348 2214 3522 2283 igitur

1928 2309 2177 2365 scientiae
2209 2322 2376 2362 causa
2415 2307 2637 2361 virtutis
2676 2305 2902 2359 labores
2932 2305 3191 2369 sustinet,
3225 2319 3337 2359 non
3366 2304 3521 2359 labo-

1927 2410 2012 2455 rat
2044 2400 2192 2455 inani
2216 2398 2414 2470 gloria,
2445 2397 2540 2467 qui
2572 2407 2773 2451 natura
2798 2395 3194 2465 comprehendi
3222 2410 3333 2449 non
3358 2410 3519 2464 posse

1924 2492 2219 2548 veritatem
2263 2490 2549 2545 laboribus
2598 2490 2756 2543 sciat.
2789 2486 2951 2555 Quod
2982 2487 3134 2542 enim
3178 2497 3376 2540 natura
3405 2486 3523 2556 pri-

1926 2600 2076 2638 mum
2111 2592 2217 2645 est,
2251 2583 2340 2636 his
2383 2597 2505 2652 quae
2541 2580 2785 2635 secunda
2834 2588 2985 2644 sunt,
3017 2593 3128 2632 non
3161 2577 3519 2632 circumscri-

1925 2677 2097 2730 bitur.
2128 2673 2229 2741 Qui
2263 2689 2394 2728 vero
2427 2672 2719 2728 scientiam
2760 2673 2829 2726 ob
2862 2671 3083 2725 labores
3105 2684 3207 2740 pro
3235 2685 3299 2723 ea
3326 2677 3521 2722 exant—
3612 2740 3615 2741 ν

1924 2768 2119 2823 landos
2152 2775 2419 2831 sectatur,
2462 2765 2691 2819 omnino
2716 2762 2895 2819 inanis
2924 2761 3111 2835 gloriae
3138 2761 3334 2816 morbo
3362 2769 3516 2815 tem:-

1927 2871 2037 2925 tur,
2066 2859 2162 2929 qui
2192 2868 2321 2914 ante
2363 2856 2622 2923 sudores,
2658 2866 2881 2911 nactum
2913 2872 2972 2911 se
3000 2870 3237 2911 coronas
3275 2853 3522 2908 arbitre-

1926 2963 2017 3009 tur
2051 2971 2064 3007 :
2109 2967 2311 3021 nempe
2357 2952 2621 3021 ignorans
2657 2964 2781 3004 esse
2830 2948 3072 3013 labores,
3102 2956 3164 3001 ut
3202 2942 3521 3015 assequaris

238 3044 367 3110 οδος,
409 3046 503 3100 τοῦ
544 3044 616 3100 δι’
678 3046 708 3099 6
735 3046 979 3116 πέρυκεν
1007 3044 1414 3111 ὲξανυσθέντος,
1447 3044 1481 3115 ἢ
1516 3044 1815 3115 ἀνυσθῆναι

1933 3061 2187 3110 :oronas;
2215 3054 2271 3097 at
2299 3058 2410 3096 non
2436 3041 2509 3095 ita
2540 3056 2774 3096 coronas
2796 3048 3026 3110 propter
3051 3040 3292 3094 labores.
3324 3036 3519 3093 Cessat

235 3138 495 3205 δόξαντος.

1920 3137 2071 3191 enim
2113 3141 2308 3203 suopte
2334 3132 2498 3203 genio
2526 3131 2710 3186 omnis
2739 3130 3035 3186 methodus
3072 3130 3317 3201 artisque
3352 3129 3518 3197 ratio,

236 3246 301 3288 eo
348 3242 583 3303 peracto
619 3232 779 3303 cujus
822 3230 994 3302 gratia
1032 3238 1176 3296 erat,
1219 3237 1316 3285 aut
1354 3228 1503 3299 quod
1538 3239 1825 3299 peractum
1853 3243 1976 3283 esse
2006 3226 2376 3281 existimetur.

301 3331 367 3393 γ’.
412 3326 469 3378 ’0
516 3324 691 3396 μόνην
750 3323 851 3392 τῆς
902 3321 1155 3393 γνώσεως
1224 3322 1324 3392 τὴν
1374 3322 1610 3391 μορφὴν,
1678 3320 1818 3391 ὅπερ

237 3413 376 3467 ἐστὶν
418 3415 447 3467 6
493 3412 657 3485 ψιλὸς
699 3412 854 3482 λόγος
886 3429 902 3444 ⁸
935 3414 1029 3467 καὶ
1054 3414 1083 3465 6
1125 3412 1225 3483 τὴν
1250 3410 1438 3465 εἰκόνα
1460 3410 1560 3480 τῆς
1591 3410 1815 3481 ἀρετῆς,

236 3505 364 3576 ὅπερ
397 3506 516 3559 ἐστὶ
542 3504 610 3557 τὸ
642 3504 796 3574 ψιλὸν
820 3500 973 3577 ἦθος,
1002 3503 1358 3572 ἐπιτηδεύων,
1404 3501 1655 3565 Ἰουδαῖός
1700 3502 1819 3555 ἐστι

237 3598 326 3649 καὶ
348 3597 533 3663 αὐτὸς,
568 3595 831 3666 ἀληθείας
854 3594 1046 3659 τύποις
1076 3593 1456 3665 φυσιούμενος.

301 3770 363 3825 δ’.
416 3771 475 3824 '0
504 3771 692 3822 πᾶσαν
717 3768 814 3839 τὴν
864 3766 1197 3839 φαινομένην
1219 3765 1313 3819 τοῦ
1367 3765 1534 3836 νόμου
1560 3764 1821 3837 λατρείαν

242 3862 311 3933 μὴ
369 3862 491 3915 κατ’
526 3860 783 3929 αἴσθησιν
813 3859 975 3931 ὁρῶν,
1010 3858 1148 3912 ἀλλὰ
1196 3859 1315 3920 ταῖς
1375 3857 1518 3911 κατά
1562 3856 1689 3910 νοῦν
1721 3858 1820 3924 ἐφ-

238 3952 369 4017 όδοις
388 3953 627 4007 ἕκαστον
653 3950 760 4005 τῶν
778 3950 1071 4023 ὁρωμένων
1099 3949 1382 4020 συμϐόλων
1412 3942 1821 4019 διασκοπήσας,

237 4045 324 4098 τὸν
362 4048 421 4099 ὲν
468 4048 691 4117 ἑκάστῳ
732 4043 1116 4115 κεκρυμμένον
1171 4041 1394 4111 θεοτελῆ
1452 4042 1623 4109 Λόγον
1670 4038 1819 4093 ὲκδι-

238 4135 593 4208 δασκόμενος,
643 4137 702 4189 ὲν
732 4134 810 4206 τῷ
837 4135 988 4205 νόμῳ
1014 4134 1104 4187 τὸν
1134 4131 1268 4185 Θεὸν
1324 4130 1597 4203 εὑρίσκει,
1638 4129 1820 4192 καλῶς

236 4229 497 4299 ψηλαφῶν
518 4230 611 4282 διὰ
634 4228 734 4298 τῆς
763 4228 958 4298 νοερᾶς
983 4226 1285 4297 δυνάμεως,
1343 4223 1420 4289 ὡς
1474 4224 1532 4277 ὲν
1576 4211 1817 4295 φορυτῷ,

235 4322 300 4390 τῇ
331 4319 430 4391 ὕλῃ
464 4320 580 4374 τῶν
605 4319 846 4390 νομικῶν
883 4316 1199 4382 διατάξεων,
1220 4316 1283 4387 εί
1304 4333 1407 4369 που
1434 4316 1819 4387 κεκρυμμένον

1982 3318 2035 3374 5.
2078 3316 2182 3383 Qui
2229 3316 2402 3371 solam
2464 3314 2715 3369 scientiae
2754 3312 2992 3369 formam
3034 3321 3306 3379 sectatur,
3363 3312 3514 3383 quod

1911 3417 1999 3465 est
2051 3408 2238 3464 nudus
2294 3423 2516 3473 sermo;
2573 3422 2638 3461 ac
2695 3406 2955 3462 veritatis
3010 3406 3327 3477 imaginem,
3385 3421 3515 3474 qua:

1914 3510 2001 3557 est
2050 3500 2283 3570 simplex
2325 3514 2543 3553 morum
2589 3499 2867 3563 honestas,
2930 3501 3057 3573 ipse
3095 3509 3319 3566 quoque
3367 3495 3516 3547 veri-

1916 3594 2047 3650 tatis
2097 3591 2287 3663 figuris
2334 3590 2520 3646 animo
2567 3599 2811 3655 tumens,
2867 3588 3085 3657 sibique
3138 3585 3383 3657 placens,
3410 3584 3512 3639 Ju-

1922 3685 2075 3741 dasus
2114 3683 2353 3739 exsistit.

1990 3776 2045 3830 4.
2085 3775 2189 3842 Qui
2220 3772 2579 3842 conspicuum
2611 3785 2829 3826 omnem
2858 3768 3091 3840 legalem
3131 3767 3360 3833 cultum,
3399 3784 3511 3825 non

1919 3884 1988 3924 cx
2022 3884 2219 3923 sensus
2246 3867 2463 3921 ratione
2491 3864 2686 3931 videt;
2722 3863 2820 3919 sed
2866 3863 3070 3919 mentis
3100 3862 3513 3918 intentionibus

1917 3960 2158 4016 visibilia
2210 3974 2442 4030 quaeque
2507 3956 2753 4030 symbola
2806 3956 3143 4021 considerat,
3189 3955 3283 4026 qui
3336 3955 3390 4010 in
3426 3956 3511 4011 eis

1920 4050 2157 4121 singulis
2207 4051 2487 4104 occultum
2526 4049 2640 4102 Deo
2681 4046 2988 4119 perfectum
3024 4046 3267 4101 Verbum
3306 4046 3509 4102 docea-

1922 4152 2033 4205 tur,
2070 4141 2241 4196 Deum
2266 4141 2319 4194 iu
2346 4141 2464 4211 lege
2488 4139 2733 4206 invenit;
2759 4139 2989 4209 pulchre
3014 4137 3217 4193 mentis
3253 4138 3512 4193 facultate

1921 4234 2167 4305 palpans,
2218 4249 2351 4288 num
2388 4248 2640 4303 usquam,
2692 4247 2795 4287 ceu
2827 4231 2884 4285 in
2937 4230 3195 4300 congerie
3229 4230 3511 4301 (legalium

1920 4325 2135 4379 scilicet
2207 4324 2670 4378 constitutionem
2740 4320 2993 4389 materia)
3039 4321 3095 4374 in
3155 4320 3292 4391 legis
3342 4335 3516 4375 carne

234 4410 379 4483 εὖροι
402 4416 469 4483 τῇ
499 4412 671 4484 σαρκὶ
699 4412 793 4464 τοῦ
829 4410 1016 4481 νόμου,
1057 4410 1148 4464 τὸν
1187 4409 1285 4480 τὴν
1315 4408 1565 4480 αἴσθησιν
1596 4407 1818 4478 διαφεύ-

1933 4414 2174 4469 ahditum
2220 4414 2465 4469 nancisci
2514 4423 2700 4485 queat,
2740 4415 2835 4484 qui
2890 4429 3089 4469 sensus
3135 4412 3247 4468 vim
3291 4413 3517 4484 penitus

234 4516 395 4569 γοντα
424 4501 709 4564 παντελῶς
734 4501 1078 4572 μαργαρίτην
1107 4501 1299 4569 Λόγον.

299 4600 359 4649 ε’.
387 4594 503 4649 Καὶ
531 4597 560 4649 ὁ
585 4593 684 4665 τὴν
715 4594 876 4664 φύσιν
903 4594 960 4648 δὲ
984 4594 1093 4647 τῶν
1113 4593 1410 4666 ὁρωμένων
1441 4592 1518 4666 μὴ
1533 4595 1600 4665 τῇ
1626 4592 1817 4665 αἰσθή-

233 4699 314 4737 σει
368 4686 508 4763 μόνῃ
546 4687 933 4759 περιγράφων,
974 4687 1111 4741 ἀλλὰ
1165 4687 1303 4740 κατὰ
1332 4685 1457 4741 νοῦν
1506 4687 1687 4756 σοφῶς
1723 4686 1817 4740 τὸν

300 4841 341 4874 ³⁹
373 4845 547 4903 Marc.
584 4862 639 4913 x,
670 4846 759 4901 58.

232 4978 630 5061 ςεηῇθλῖιίίις,
686 4977 1223 5061 ἀνάγκηηημέριμνα
1252 4993 1266 5008 -
1317 4974 1465 5061 quod
1515 4983 1572 5029 et
1620 4975 1822 5045 szepius

233 5051 483 5104 redditur
528 5048 639 5105 illa
679 5065 818 5113 vox,
877 5048 1132 5113 Aﬁlictio,
1198 5048 1500 5109 necessitas,
1555 5061 1820 5111 a’rumna,

232 5120 447 5200 amictus
471 5138 657 5200 rerum
681 5136 855 5200 castra.
888 5115 1013 5173 Haec
1040 5119 1187 5200 enim
1217 5126 1366 5200 sunt,
1385 5132 1507 5200 quae
1528 5115 1823 5200 illum_eﬂi-

231 5187 384 5244 ciunt
409 5193 670 5254 calicem,
692 5192 788 5259 qui
818 5206 926 5243 non
950 5197 1140 5243 nostra
1174 5188 1462 5242 voluntate
1495 5187 1819 5259 assumitur,

230 5259 324 5313 sed
344 5262 600 5315 exterius
622 5256 735 5315 Deo
755 5269 1001 5325 auctore,
1018 5259 1104 5314 vel
1128 5259 1344 5321 saltem,
1360 5273 1428 5312 eo
1442 5256 1820 5327 permittente,

232 5329 572 5386 adhibetur:
612 5346 775 5401 quem
796 5332 974 5401 ipsum
1010 5338 1190 5385 tamen
1211 5329 1459 5401 oblatum
1496 5335 1692 5397 sponte
1727 5341 1823 5381 ac—

232 5411 452 5471 ceptare
472 5399 767 5465 debemus,
787 5399 955 5471 inque
988 5416 1115 5456 eum
1132 5399 1379 5471 modum,
1401 5399 1494 5451 τὸν
1508 5414 1826 5471 «epigram-

234 5468 327 5522 κὸν
359 5468 1231 5543 φύσεωςθάνατον’ύπέρχεσθαι
1264 5487 1279 5523 :
1313 5476 1548 5543 mortem
1582 5468 1819 5543 Scilicet,

235 5553 343 5607 qua
372 5538 457 5597 sic
500 5542 668 5597 malis
702 5550 867 5611 atque
911 5538 1176 5598 aerumnis
1211 5548 1422 5595 natura:
1456 5538 1570 5593 vita
1602 5538 1820 5593 exStin-

234 5619 452 5679 guatur,
492 5613 595 5667 Dei
624 5612 897 5668 desiderio
921 5613 1096 5668 obire.

307 5681 381 5753 (ῃ)
425 5683 749 5750 Ἀλήθειαν
807 5684 961 5738 εἶναι
1004 5682 1188 5752 λέγει.
1243 5679 1365 5737 Non
1415 5695 1523 5737 uno
1564 5679 1691 5736 loco
1736 5678 1818 5733 sic

1924 4506 2085 4577 fugit,
2136 4506 2434 4572 unionem;
2484 4506 2591 4561 hoc
2632 4514 2738 4572 est,
2792 4505 3061 4562 Verbum.

1994 4597 2047 4651 5.
2091 4596 2234 4663 Quin
2288 4598 2335 4653 is
2373 4613 2597 4669 quoque
2655 4599 2751 4668 qui
2802 4605 3058 4654 naturam
3096 4611 3283 4652 rerum
3335 4596 3517 4651 oculis

1923 4688 2303 4761 subjectarum
2366 4706 2481 4745 non
2534 4690 2654 4745 solo
2713 4688 2909 4744 definit
2985 4702 3186 4755 sensu;
3238 4686 3335 4741 sed
3389 4701 3516 4757 qua:

1924 4975 2477 5049 loquituriMaximus,
2500 4992 2565 5032 ac
2584 4976 2629 5033 si
2646 4993 2757 5033 non
2777 4978 2898 5049 ejus
2920 4984 3125 5049 essent,
3144 4990 3267 5044 qua:
3283 4974 3515 5032 adhibet

1926 5049 2083 5116 quasi
2118 5048 2349 5111 scholia,
2394 5048 2488 5102 ubi
2532 5048 2665 5118 quid
2709 5048 3003 5104 obseurius
3042 5048 3260 5118 locutus
3286 5055 3394 5111 est,
3448 5057 3510 5118 ut

1926 5118 2075 5198 quod
2101 5118 2193 5173 hic
2222 5118 2448 5198 exponit
2480 5117 2799 5198 praecedens
2838 5126 3023 5198 caput.
3058 5117 3137 5197 Eo
3172 5117 3510 5198 autenrcol-

1925 5187 2134 5257 lineare
2180 5187 2425 5253 videtur,
2469 5187 2530 5242 ut
2563 5188 2749 5244 divina
2798 5187 3061 5254 scientia,
3117 5187 3230 5257 ipsa
3266 5187 3454 5255 potius
3480 5203 3513 5242 a

1924 5256 2038 5312 Deo
2063 5258 2333 5328 speranda
2366 5259 2437 5314 sit
2473 5273 2540 5314 ac
2584 5258 2913 5329 expetenda,
2945 5256 3202 5329 adquam
3227 5272 3339 5311 non
3362 5259 3515 5312 suﬂi-

1925 5341 2055 5381 cere
2085 5337 2308 5383 nostros
2346 5344 2410 5388 ac
2437 5328 2669 5385 virtutis
2694 5330 2914 5384 labores
2952 5328 3376 5393 existimemus;
3416 5336 3513 5382 aut

1932 5412 2182 5470 unquam,
2213 5415 2317 5455 nos
2343 5399 2868 5470 comprehendisse;
2897 5399 3046 5470 quod
3082 5399 3311 5470 sentire,
3338 5412 3515 5468 quan-

1929 5467 2107 5541 diu’in
2134 5469 2224 5524 via
2248 5485 2443 5525 sumus
2466 5467 2487 5535 ξ
2512 5472 2742 5541 οἰήσεως
2767 5478 2853 5525 est
2872 5510 2887 5535 ,
2915 5467 3094 5525 'toties
3135 5467 3372 5541 Maximo
3417 5483 3513 5541 ex-

1929 5540 2178 5612 agitata;
2209 5540 2293 5594 δαί
2329 5536 2597 5612 ορίηἰρηὶέ
2628 5557 2692 5596 ac
2707 5541 3025 5612 jactantitz;
3057 5538 3229 5596 animi
3249 5536 3358 5595 sibi
3389 5538 3515 5609 pla-

1927 5610 2104 5666 centis
2135 5619 2301 5681 atque
2325 5610 2570 5682 superbi.
