4020 6422
474 275 614 344 19.23

1667 270 1730 329 S.
1769 267 2060 329 MAXIMI
2096 266 2611 340 CONFESSOBIS
2684 325 2689 330 .

3593 269 3709 342 1224

473 389 710 462 singulis
735 386 938 445 creatis
964 383 1130 452 inest,
1156 383 1430 441 rationem
1455 387 1738 454 sapienter
1762 390 2064 448 scrutatur,

2188 399 2230 436 εν
2271 382 2490 454 ἑκάστῳ
2517 377 2780 453 κτίτματι
2825 379 2986 448 λόγον
3044 377 3429 450 ἐρευνώμενος,
3493 381 3714 456 εΰρὶσκει

471 484 650 541 Deum
699 479 931 546 invenit,
971 478 1069 550 qui
1123 495 1192 533 ex
1247 477 1534 549 proposita
1586 491 1774 532 rerum
1812 471 2068 546 magniﬁ-

473 576 677 639 centia,
725 588 916 628 earum
976 579 1260 626 auctorem
1304 571 1477 625 Deum
1528 569 1794 625 doceatur
1823 567 1889 621 ‘°.

543 668 598 722 6.
638 664 779 732 Quia
803 663 973 734 igitur
1004 662 1360 718 attrectantis
1388 660 1614 731 propria
1654 657 1920 714 discretio
1944 663 2067 724 est;

471 759 568 830 qui
615 757 811 829 legalis
856 755 1109 827 symbola
1163 755 1446 824 sapienter
1507 753 1715 822 legens,
1771 761 2072 818 rerumque

473 851 832 922 conspicuam
863 856 1118 904 naturam
1143 848 1378 903 solerter
1403 854 1696 909 contuens,
1726 841 2070 912 Scripturam

474 953 532 999 et
586 951 900 998 creaturam
956 956 1022 995 ac
1071 939 1318 1009 seipsum
1367 937 1641 994 discernit
1683 951 1782 991 seu
1820 933 2068 1000 dirimit;

477 1033 822 1102 Scripturam
856 1028 1107 1101 quidem,
1136 1027 1192 1082 in
1221 1028 1461 1082 litteram
1487 1035 1544 1082 et
1569 1025 1828 1097 spiritum
1859 1042 1873 1090 ;
1910 1040 2072 1080 crea-

477 1135 657 1178 turam
704 1137 858 1186 vero,
892 1119 958 1176 in
1005 1119 1278 1175 rationem
1316 1128 1374 1174 et
1406 1117 1799 1188 superﬁciem;
1826 1117 2072 1186 seipsum

478 1225 690 1277 autem,
734 1213 791 1266 in
840 1219 1083 1267 mentem
1137 1217 1195 1266 et
1257 1224 1482 1266 sensum
1520 1227 1533 1263 :
1572 1224 1638 1264 ac
1678 1224 1746 1262 ex
1787 1206 2074 1276 Scriptura

476 1306 726 1376 quidem,
781 1304 1075 1374 spiritum;
1125 1317 1194 1358 ex
1258 1309 1514 1357 creatura
1565 1316 1720 1366 vero,
1779 1301 2071 1364 rationem,

475 1410 545 1448 ex
590 1409 650 1449 se
701 1393 820 1463 ipso
858 1401 1042 1448 autem
1103 1401 1346 1448 mentem
1408 1390 1791 1462 assumpserit,
1845 1391 2074 1461 haecque

480 1486 586 1540 alia
617 1484 742 1540 aliis
783 1485 1067 1540 insolubili
1095 1500 1241 1540 nexu
1266 1482 1597 1549 devinxerit,
1621 1483 1796 1537 Deum
1831 1481 2072 1547 invenit;

478 1577 686 1646 quippe
731 1577 827 1646 qui
877 1578 1052 1632 Deum
1081 1577 1137 1630 in
1169 1576 1350 1632 Mente
1382 1583 1439 1630 et
1466 1575 1699 1629 Ratione
1725 1574 1844 1646 (seu
1868 1567 2072 1644 Verbo)

477 1676 535 1721 et
584 1667 795 1738 Spiritu
836 1665 1219 1731 exsistentem,
1277 1665 1359 1720 uti
1398 1664 1559 1719 decet
1615 1678 1681 1718 ac
1708 1679 1809 1735 per
1839 1662 2074 1718 faculta-

478 1767 590 1813 tem
641 1759 791 1823 licet,
853 1757 1161 1830 agnoverit,
1215 1759 1434 1814 cunctis
1472 1758 1742 1813 liberatus
1789 1772 1912 1828 qua:
1944 1766 2076 1811 sunt
2109 1741 2146 1794 Β

477 1852 820 1917 seducendo,
855 1852 1024 1922 inque
1062 1853 1386 1908 innumeras
1418 1867 1612 1908 errore
1641 1849 1935 1921 opiniones
1965 1858 2076 1905 tra-

477 1947 640 2012 hunt,
698 1945 963 2000 nimirum
1004 1961 1034 2000 a
1075 1945 1286 2011 littera,
1340 1943 1636 2015 superﬁcie
1682 1952 1740 1998 et
1772 1931 1962 2007 sensu,
2019 1945 2075 1997 in

476 2037 684 2108 quibus
715 2036 935 2092 diversa
963 2037 1247 2108 quantitas
1285 2037 1450 2108 536
1478 2043 1564 2090 est
1597 2051 1662 2091 ac
1695 2035 1894 2091 unitati
1941 2051 2077 2090 cnn-

479 2130 668 2184 traria.
713 2125 811 2185 Sin
855 2138 1042 2184 autem
1106 2129 1234 2199 quis
1301 2128 1438 2199 legis
1480 2127 1746 2192 litteram,
1780 2142 2079 2198 rerumque

478 2221 660 2276 oculis
720 2221 1097 2292 subiectarum
1157 2219 1515 2290 superﬁciem
1558 2229 1726 2289 atque
1792 2219 2080 2288 proprium

480 2327 710 2367 sensum
753 2312 860 2365 alia
918 2310 1046 2366 aliis
1093 2309 1372 2365 nectendo
1422 2308 1732 2373 miscuerit,
1769 2322 1948 2362 caecus
1997 2316 2084 2362 est

481 2419 651 2458 manu
688 2403 834 2458 viam
882 2410 1138 2468 tentans;
1175 2415 1364 2460 rerum
1398 2399 1614 2457 scilicet
1639 2397 1900 2455 Auctoris
1929 2397 2085 2470 igno-

482 2495 665 2549 rantia
711 2495 992 2551 laborans.

555 2611 608 2663 7.
673 2609 906 2664 Divinus
976 2623 1320 2680 magnusque
1395 2607 1695 2678 Apostolus
1763 2604 2080 2662 deﬁniendo

481 2697 749 2768 quidnam
805 2697 880 2752 sit
927 2696 1087 2763 tides,
1121 2697 1200 2752 ait
1246 2714 1260 2750 :
1295 2696 1450 2751 Fides
1479 2705 1555 2750 est
1591 2713 1776 2750 eorum
1813 2711 1931 2760 qua:
1957 2712 2079 2766 spe-

484 2794 682 2841 rantur
739 2787 1078 2852 substantia,
1135 2802 1420 2858 rerumque
1469 2801 1588 2858 que:
1645 2803 1752 2841 non
1799 2787 2080 2853 videntur,

484 2879 671 2934 evictio
707 2877 773 2932 δ’.
815 2877 911 2932 Sin
941 2885 1128 2933 autem
1163 2877 1290 2948 quis
1322 2877 1489 2932 etiam
1522 2876 1771 2943 deﬁniat,
1823 2893 1946 2934 esse
1978 2878 2081 2934 bo-

488 2987 622 3027 num
674 2970 959 3025 internum
1013 2971 1312 3040 animoque
1371 2969 1703 3040 repositum,
1741 2979 1838 3025 aut
1890 2986 2080 3026 veram

2171 474 2329 543 Θεὸν,
2368 475 2478 528 ἀπὸ
2507 474 2610 546 τῆς
2633 472 3089 546 προϐεϐλημένης
3121 471 3231 524 τῶν
3260 471 3422 526 ὄντων
3451 477 3714 551 μεγαλουρ-

2171 565 2318 636 γίας,
2338 565 2439 639 τὴν
2462 566 2642 621 αὐτῶν
2661 565 2771 619 τῶν
2802 564 2974 618 ὄντων
2995 563 3383 634 διδασκόμενος
3410 568 3593 624 αἰτίαν.

2247 668 2322 728 ς’.
2361 661 2582 734 Ἐπειδὴ
2631 659 2816 714 τοίνυν
2856 657 2993 712 ῐδιον
3036 658 3134 711 τοῦ
3179 657 3527 728 ψηλαφῶν-τος
3557 664 3588 732 ἡ
3617 662 3717 718 διά.

2173 755 2358 828 κρισίς
2389 755 2568 808 ἐστιν·
2601 755 2631 808 6
2654 752 2725 807 τὰ
2749 751 2953 823 νομικὰ
2978 751 3228 822 σύμϐολα
3249 745 3555 819 ’γνωστικῶς
3580 757 3724 827 ἔπερ-

2173 847 2428 919 χόμενος,
2455 845 2554 900 καὶ
2586 843 2686 916 τὴν
2718 843 3058 914 φαινομένην
3087 842 3196 896 τῶν
3221 842 3389 897 ὄντων
3425 843 3575 913 φύσιν
3615 848 3723 902 ἔπι-

2175 936 2521 1010 στημονικῶς
2541 936 2836 1007 θεώμενος,
2864 934 3164 1006 διακρίνων
3179 934 3280 1006 τὴν
3306 935 3620 1006 Γραφὴννκαὶ
3640 940 3727 1010 τὴν

2173 1027 2353 1083 κτίσιν
2380 1027 2476 1082 καὶ⁵
2503 1027 2718 1092 ἑαυτὸν,
2737 1026 2839 1099 τὴν
2871 1027 2971 1098 μὲν
3004 1025 3247 1098 Γραφην,
3298 1026 3378 1090 είς
3407 1028 3626 1100 γράμμα
3647 1030 3730 1084 καὶ

2174 1119 2398 1191 πνεῦμα
2427 1137 2442 1151 ο
2473 1119 2574 1190 τὴν
2635 1118 2693 1174 δὲ
2742 1119 2942 1182 κτίσιν,
2983 1120 3064 1182 είς
3087 1117 3245 1186 λόγον
3278 1118 3372 1172 καὶ
3401 1119 3728 1188 ὲπιφάνειανο

2175 1213 2370 1267 ἑαυτὸν
2401 1211 2479 1276 δὲ,
2511 1213 2593 1275 είς
2630 1210 2756 1266 νοῦν
2783 1211 2880 1265 καὶ
2901 1209 3158 1282 αἴσθησιν
3184 1227 3199 1242 ο
3231 1211 3324 1264 καὶ
3349 1211 3447 1282 τῆς
3485 1210 3577 1282 μὲν
3604 1213 3732 1284 Γρα-

2177 1305 2306 1376 φῆς,
2339 1304 2401 1358 τὸ
2427 1303 2646 1375 πνεῦμα
2671 1319 2686 1334 ο
2713 1303 2814 1374 τῆς
2856 1301 2913 1356 δὲ
2941 1303 3194 1370 κτίσεως,
3225 1301 3318 1356 τὸν
3345 1302 3525 1372 λόγον’
3561 1305 3733 1360 ἑαυτοῦ

2175 1395 2253 1460 δὲ,
2287 1394 2380 1448 τὲν
2427 1395 2555 1448 νοῦν
2608 1392 2814 1459 λαϐὼν,
2862 1394 2958 1448 καὶ
3001 1393 3502 1464 ἀλλήλοις-ἀλύτως
3531 1382 3734 1463 ἐνώμας,

2177 1481 2304 1558 εὗρε
2328 1485 2498 1539 Θεόν·
2556 1484 2632 1548 ὡς
2688 1485 2945 1554 ἐπιγνοὺς
3003 1483 3186 1550 καθὼς
3242 1486 3345 1550 δεῖ,
3388 1486 3482 1540 καὶ
3537 1487 3738 1544 δυνατόν

2179 1579 2317 1642 ἐστι,
2338 1579 2430 1632 τὸν
2458 1577 2614 1644 Θεὸν,
2645 1579 2736 1632 τὸν
2785 1579 2843 1632 ὲν
2880 1577 2979 1650 Νῷ
3009 1578 3104 1633 καὶ
3132 1579 3292 1650 Λόγῳ
3316 1581 3410 1634 καὶ
3443 1580 3701 1652 Πνεύματι
3722 1601 3736 1616 ·

2180 1671 2403 1725 πάντων
2441 1672 2552 1725 τῶν
2578 1669 2910 1725 πλανώντων
2934 1671 3030 1724 καὶ
3058 1672 3138 1746 είς
3176 1672 3381 1743 μυρίας
3409 1674 3561 1739 δόξας
3591 1693 3740 1730 κατα-

2181 1762 2456 1834 συρόντων
2488 1763 2852 1831 ἀπαλλαγεὶς,
2875 1761 3021 1831 λέγω
3054 1763 3111 1816 δὲ
3141 1763 3471 1835 γράμματος
3501 1765 3589 1818 καὶ
3635 1768 3742 1820 ὲπι-

2179 1853 2406 1922 φανείας
2427 1854 2524 1908 καὶ
2548 1853 2879 1926 αἰσθήσεως,
2925 1855 2984 1906 ὲν
3011 1848 3091 1918 οἷς
3139 1857 3173 1926 ὴ
3226 1855 3483 1928 διάφορος
3531 1857 3744 1930 ὑπάρχει

2182 1946 2440 2016 ποσότης,
2499 1945 2596 2025 κα).
2643 1946 2747 2017 τῆς
2811 1946 3041 2018 μονάδος
3095 1947 3398 2012 ἀντίθετος.
3477 1949 3540 2003 Ei
3593 1951 3646 2005 δὲ
3693 1951 3746 2007 τὸ

2181 2037 2420 2108 γράμμα
2458 2035 2570 2093 ’τοῦ
2631 2038 2823 2110 νόμου,
2876 2039 2970 2092 καὶ
3001 2039 3101 2110 τὴν
3152 2039 3264 2093 τῶν
3305 2042 3596 2113 ὁρωμένων
3640 2043 3744 2098 ἑπι-

2182 2127 2415 2197 φάνειαν
2471 2127 2567 2182 καὶ
2625 2127 2726 2200 τὴν
2777 2128 2990 2183 οἰκείαν
3056 2128 3316 2200 αἴσθησιν
3385 2130 3630 2202 ἀλλήλοις
3677 2149 3748 2196 τις

2184 2218 2532 2290 προσπλέξας
2588 2219 2872 2294 συμφύρῃ,
2904 2219 3105 2290 τυφλός
3133 2222 3253 2275 ὲστι
3289 2222 3617 2291 μυωπάζων,
3663 2223 3747 2294 τὴν

2183 2309 2285 2379 τῆς
2308 2309 2499 2374 Attia;
2523 2310 2632 2364 τῶν
2659 2310 2829 2365 ὄντων
2858 2311 3134 2380 ἀγνωσίαν
3163 2312 3362 2369 νοσῶν.

2257 2582 2326 2647 ζ’.
2354 2583 2374 2602 ⁶
2423 2581 2484 2635 Ὀ
2507 2579 2650 2645 θεῖος
2675 2580 2771 2634 καὶ
2799 2578 2975 2650 μέγας
3006 2579 3357 2645 Ἀπόστολος,
3385 2581 3440 2635 τί
3461 2583 3576 2636 ἐστι
3597 2583 3754 2648 πίστις

2185 2671 2406 2746 ὁρίζων,
2432 2673 2588 2744 φησί’
2621 2673 2834 2740 Πίστις
2857 2671 3051 2737 ἐστίν,
3078 2671 3490 2742 ἐλπιζομένων
3517 2676 3760 2730 ὑπόσταο

2183 2779 2308 2832 σις,
2363 2763 2463 2820 καὶ
2517 2763 2876 2835 πραγμάτων
2931 2763 3185 2834 ἔλεγχος
3227 2766 3305 2820 οὐ
3360 2764 3757 2834 βλεπομένων.

2185 2860 2250 2914 Et
2280 2858 2339 2912 δέ
2361 2875 2445 2920 τις
2481 2858 2576 2912 καὶ
2622 2855 2928 2911 ἐνδιάθετον
2968 2856 3140 2928 αὐτὴν
3188 2856 3404 2925 ἀγαθὸν
3453 2855 3762 2929 ὁρίσαιτο,ἣ

2185 2951 2390 3022 γνῶσιν
2421 2950 2597 3022 ἀληθῆ
2636 2949 2746 3004 τῶν
2793 2951 3122 3023 ἀπορρήτων
3179 2950 3415 3021 ἀγαθῶν
3474 2952 3763 3006 ἀποδεικτι-

487 3063 744 3118 notitiam
799 3078 1001 3117 arcana
1047 3062 1143 3117 illa
1189 3062 1336 3117 bona
1381 3061 1892 3130 demonstrantem,
1943 3063 2082 3118 nihil

2189 3044 2314 3118 κὴν,
2337 3044 2436 3115 τῆς
2471 3042 2730 3114 ἀληθείας
2761 3042 2824 3096 οὐ
2852 3042 3174 3116 διήμαρτεν.

491 3171 523 3208 a
571 3170 709 3210 vero
750 3154 1116 3209 aberraverit.

562 3248 615 3302 8.
658 3246 824 3302 Fides
859 3246 944 3302 vis
990 3255 1098 3311 est,
1146 3255 1207 3300 ut
1257 3245 1340 3302 sic
1389 3247 1605 3318 loquar,
1643 3247 1934 3314 aﬂ'ectiva,
1985 3263 2084 3304 seu

487 3339 713 3394 all‘cctio
759 3354 826 3393 ac
875 3339 1168 3403 habitudo,
1215 3356 1323 3410 qua
1376 3339 1697 3395 immediata
1727 3355 1894 3411 supra
1926 3349 2088 3396 natu-

489 3447 606 3484 ram
653 3429 934 3486 credentis
977 3446 1104 3485 eum
1153 3432 1287 3497 Deo,
1337 3430 1426 3486 cui
1459 3431 1708 3487 creditur
1735 3447 1802 3488 ac
1831 3432 1929 3504 qui
1963 3447 2088 3489 cre-

489 3521 678 3585 datur,
737 3520 979 3590 perfecta
1027 3519 1162 3576 unio
1206 3528 1522 3592 praestetur.

561 3610 616 3666 9.
656 3611 798 3678 Quia
827 3610 998 3682 igitur
1033 3613 1204 3669 homo
1248 3629 1318 3669 ex
1355 3613 1535 3668 anlma
1562 3613 1838 3674 exsistens
1878 3629 1936 3676 et
1961 3635 2087 3676 cor-

493 3718 653 3772 pore,
695 3702 913 3758 duabus
952 3705 1200 3776 jactatur
1253 3704 1472 3776 legibus
1511 3703 1719 3776 (carnis
1769 3709 1984 3767 scilicet
2033 3721 2090 3766 ct

494 3795 744 3866 spiritus)
789 3811 857 3852 ac
895 3797 1124 3866 quidem
1170 3797 1354 3852 carnis
1410 3798 1521 3864 lex,
1583 3799 1642 3854 in
1689 3815 1854 3856 sensu
1902 3804 2087 3875 viget;

491 3891 582 3944 lex
613 3897 799 3944 autem
850 3888 1102 3958 spiritus,
1155 3887 1211 3942 in
1243 3897 1428 3944 mente
1461 3909 1474 3945 :
1514 3889 1713 3961 lexque
1740 3892 1878 3948 adeo
1906 3895 2091 3951 carnis

494 3981 552 4034 in
588 3996 753 4035 sensu
783 3979 995 4051 vigens,
1035 3981 1274 4036 terrenis
1321 3979 1582 4038 addicere
1609 3982 1811 4052 habet;
1845 3986 1934 4040 lex
1959 4003 2090 4043 vero

494 4069 746 4140 spiritus,
790 4069 908 4139 ipsa
937 4069 992 4124 in
1024 4077 1210 4124 mente
1239 4071 1451 4142 vigens,
1481 4071 1799 4128 immediate
1825 4060 1952 4130 cum
1976 4076 2090 4130 Deo

493 4160 750 4230 copulat;
799 4159 1043 4215 merito:
1074 4159 1177 4226 Qui
1213 4176 1320 4214 non
1351 4161 1614 4216 discretus
1652 4163 1814 4233 fuerit
1848 4164 1906 4218 in
1936 4165 2092 4219 corde

492 4266 592 4303 suo
617 4250 698 4315 “;
733 4249 841 4305 hoc
869 4258 979 4315 est,
1007 4265 1119 4304 non
1164 4250 1492 4307 discreverit
1527 4251 1582 4306 in
1614 4263 1800 4310 mente
1826 4270 1960 4321 sua;
1992 4271 2090 4312 seu

495 4340 870 4397 immediatam
895 4357 1020 4396 cum
1051 4341 1166 4396 Deo
1194 4340 1475 4408 unionem,
1504 4357 1628 4414 quae
1658 4349 1744 4400 est
1779 4360 1879 4415 per
1903 4345 2090 4413 ﬁdem,

2256 3233 2329 3296 η’.
2379 3228 2444 3280 Ἦ
2507 3228 2740 3294 πίστις,¹
2773 3227 3004 3299 δύναμίς
3054 3229 3171 3283 ἐστι
3224 3229 3486 3300 σχετικὴ,
3539 3227 3772 3299 ἣσχέσις

2187 3319 2458 3392 δραστικὴ
2532 3320 2634 3391 τῆς
2672 3319 2813 3393 ὑπὲρ
2879 3320 3045 3391 φύσιν
3102 3320 3317 3392 ἀμέσου
3355 3321 3453 3377 τοῦ
3502 3319 3773 3376 πιστεύον-

2187 3431 2279 3476 τος
2329 3413 2467 3483 πρὸς
2524 3412 2618 3467 τὸν
2698 3415 3096 3486 πιστευόμενον
3147 3414 3308 3484 Θεδν,
3386 3414 3605 3480 τελείας
3655 3412 3776 3470 ἑνώ-

2192 3523 2349 3569 σεως.

2265 3597 2354 3668 θ’..
2376 3597 2595 3671 Ἐπειδὴ
2625 3597 2804 3652 τοίνυν
2839 3599 2868 3652 6
2899 3599 3186 3672 ἄνθρωπος
3219 3601 3289 3655 ὲκ
3316 3600 3504 3674 ψυχῆς
3531 3600 3780 3674 ὑπάρχων

2191 3691 2286 3743 καὶ
2313 3692 2586 3761 σώματος,
2606 3691 2730 3745 δυσὶ
2781 3691 3067 3746 σαλεύεται
3110 3694 3326 3764 νόμοις,
3388 3694 3596 3766 σαρκὸς
3649 3693 3778 3763 λέγω

2192 3781 2288 3834 καὶ
2328 3781 2676 3852 πνεύματος
2711 3783 2808 3836 καὶ
2835 3785 2864 3836 6
2895 3783 2994 3854 μὲν
3019 3783 3120 3854 τῆς
3165 3784 3379 3856 σαρκὸς
3432 3785 3620 3857 νόμος,
3653 3782 3782 3838 κατὰ

2190 3875 2292 3948 τὴν
2343 3874 2632 3949 αἴσθησιν·
2666 3876 2696 3929 6
2741 3876 2799 3929 δὲ
2848 3873 2943 3929 τοῦ
2991 3876 3336 3947 πνεύματος,
3376 3877 3522 3931 κατὰ
3551 3876 3641 3930 τὸν
3668 3873 3781 3928 νοῦν

2192 3968 2460 4040 κέκτηται
2484 3969 2583 4040 τὴν
2617 3968 2896 4040 ἐνέργειαν
2920 3984 2935 4000 ·
2972 3967 3068 4022 καὶ
3097 3969 3128 4022 6
3163 3968 3263 4040 μὲν
3295 3969 3400 4041 τῆς
3464 3970 3667 4043 σαρκδς
3692 3965 3785 4039 ὕλη

2195 4058 2406 4113 συνδεῖν
2464 4057 2697 4128 πέφυκε,
2773 4058 2915 4137 κατὰ
2966 4060 3067 4130 τὴν
3132 4060 3399 4131 αἴσθησιν
3463 4059 3782 4130 ἐνεργούμε-

2193 4167 2282 4215 νος
2311 4151 2386 4222 (z)
2414 4167 2428 4180 ο
2467 4152 2497 4204 6
2523 4150 2579 4204 δὲ
2619 4150 2716 4205 τοῦ
2755 4151 3086 4222 πνεύματος,
3114 4151 3256 4205 κατὰ
3303 4151 3438 4205 νοῦν
3471 4150 3786 4225 ἐνεργούμε-

2193 4259 2304 4307 νος,
2336 4242 2474 4314 πρὸς
2495 4241 2588 4295 τὸν
2617 4241 2751 4296 Θεὸν
2777 4243 3000 4313 ἀμέσως
3025 4245 3262 4297 ποιεῖται
3307 4245 3419 4317 τὴν
3449 4243 3650 4298 ⁸ἐνωειιν
3668 4259 3683 4273 ο
3715 4243 3784 4294 si-

2195 4333 2371 4397 κὸτως
2421 4334 2486 4388 '0
2528 4333 2617 4405 μὴ
2672 4335 2997 4404 διακριθεὶς
3047 4336 3118 4391 ἐν
3164 4334 3241 4405 τῇ
3300 4337 3534 4408 καρδίᾳ
3579 4332 3784 4390 αὐτοῦ’

496 4449 611 4489 non
667 4431 943 4498 diviserit,
999 4441 1263 4504 tanquam
1331 4433 1430 4505 qui
1478 4435 1872 4506 imperturbati
1918 4439 2082 4493 animi

2197 4427 2512 4492 τουτέστιν,
2545 4427 2604 4480 έν
2633 4425 2712 4498 τῷ
2757 4425 2838 4480 νοτ
2891 4426 2967 4499 μὴ
3021 4427 3332 4498 διακρίνας,
3402 4428 3580 4499 ἧγουν
3627 4426 3787 4479 διατεθ

497 4527 655 4598 (quin
691 4533 751 4582 et
798 4527 909 4596 iam
966 4525 1105 4582 deus
1150 4541 1250 4597 per
1295 4524 1485 4599 ﬁdem)
1532 4529 1741 4583 unione
1779 4527 1962 4585 factus
1995 4531 2090 4596 sit,

495 4623 633 4675 dicet
676 4619 842 4674 monti
869 4620 1026 4674 huic:
1058 4617 1270 4691 transi,
1301 4626 1351 4674 et
1385 4619 1703 4674 transibit"
1737 4636 1750 4674 :
1788 4635 1900 4690 quo
1929 4621 2095 4677 modo

495 4712 783 4783 loquendi,
845 4711 1000 4768 velut
1047 4712 1230 4784 ipsum
1277 4711 1449 4784 digito
1501 4726 1728 4768 sensum
1793 4728 1858 4770 ac
1913 4714 2095 4786 legem

496 4803 682 4860 carnis
722 4803 988 4870 ostendit,
1038 4818 1263 4875 gravem
1319 4803 1472 4859 illam
1527 4819 1594 4859 ac
1640 4803 1865 4860 diliicile
1917 4806 2097 4862 mobi-

2197 4519 2318 4591 μὼν
2347 4518 2447 4590 τὴν
2491 4518 2580 4574 διὰ
2608 4518 2708 4590 τῆς
2737 4519 2976 4582 πίστεως
3031 4519 3168 4591 πρὸς
3221 4520 3320 4574 τὸν
3377 4519 3519 4574 Θεὸν
3575 4532 3784 4589 γεγενη·

2197 4613 2370 4684 μένην
2418 4613 2623 4683 ἄμεσον
2692 4612 2889 4668 ἕνωσιν
2917 4653 2932 4678 ,
2997 4613 3074 4677 ὡς
3138 4609 3390 4685 ἀπαθὴς,
3457 4613 3663 4684 μᾶλλον
3738 4608 3787 4662 δὲ

2195 4705 2317 4769 θεὸς
2346 4705 2448 4776 ἤδη
2503 4704 2594 4759 διὰ
2634 4704 2732 4776 τῆς
2766 4705 3003 4768 πίστεως
3041 4707 3104 4776 τῇ
3160 4703 3365 4759 ἐνώσει
3404 4703 3787 4776 γεγενημένος,

2193 4797 2314 4868 ἐρεῖ
2345 4796 2426 4863 τῷ
2445 4797 2568 4865 ὄρει
2597 4797 2787 4863 τούτῳ
2825 4795 3179 4866 μεταϐῆναι,
3210 4797 3318 4852 καί
3349 4797 3785 4868 μεταϐήσεταν

564 4939 612 4972 ⁸⁸
643 4937 770 5010 Sap.
802 4955 917 5006 xm,
949 4939 1004 4994 5.
1080 4939 1125 4975 “
1157 4938 1326 4995 Hebr.
1357 4954 1432 5005 ιι,
1475 4939 1529 4993 1.
1607 4940 1652 4971 δ’
1676 4938 1842 4996 Marc.
1874 4957 1934 5008 ιι,
1964 4940 2055 4996 25.
2133 4940 2178 4974 ⁸³
2211 4937 2346 4994 ibid.

563 5076 582 5138 ‘_
611 5073 769 5131 Conf.
799 5073 868 5129 ad
895 5073 1053 5129 Thal.
1082 5089 1138 5146 q.
1171 5073 1261 5131 55.

573 5213 838 5286 (ιλξίατὰ
883 5213 998 5282 τὴν
1039 5214 1334 5284 αἴσθησιν
1365 5213 1813 5286 ἐνεργούμενος.
1850 5215 2088 5286 Exponit

492 5283 913 5356 ipseMaximus
939 5300 1062 5340 eam
1081 5299 1281 5356 vocem
1307 5283 1521 5348 active,
1558 5283 1657 5355 per
1685 5286 1789 5340 hoc
1816 5283 1966 5356 quod
1999 5285 2086 5340 di-

492 5354 572 5427 cit
611 5354 806 5427 auara
854 5355 951 5427 τὴν
993 5355 1246 5427 αἴσθησιν
1270 5395 1286 5420 ,
1315 5356 1475 5427 ,κατὰ
1510 5354 1760 5427 τδνηνοῦν
1822 5354 2088 5427 κέκτηται

493 5426 597 5498 τὴν
638 5424 956 5498 avenam};
991 5424 1180 5495 sicque
1212 5425 1421 5498 optime
1459 5425 1789 5498 intelligitur
1827 5424 2092 5498 quod_de

500 5494 773 5568 charitat'e
814 5494 991 5552 Galat.
1034 5494 1106 5552 νζ
1143 5498 1222 5550 Δι’
1250 5494 1491 5568 ῖάγάπης
1538 5494 1948 5568 ἐνεργουμένῃγξ
1983 5495 2092 5568 Βετ-

502 5565 819 5620 charitatem
849 5581 1097 5636 operam,
1126 5574 1191 5621 ut
1221 5564 1333 5621 non
1379 5564 1523 5622 male
1564 5564 1783 5622 EraSm.
1813 5565 1952 5621 nihil
1981 5564 2094 5620 dis-

505 5642 770 5710 scntauee
800 5637 955 5710 vulg.
984 5653 1101 5710 qua
1130 5653 1225 5708 per
1251 5640 1567 5710 charitatem
1597 5644 1852 5710 operatur
1889 5653 2091 5710 :quem

511 5718 614 5758 nec
654 5705 729 5758 ita
756 5705 1005 5766 barbare
1021 5705 1260 5765 locutum
1286 5705 1736 5773 existimandum,
1772 5717 1831 5761 ut
1875 5705 2092 5777 passiva

2195 5211 2596 5287 significatione
2628 5232 2748 5272 eam
2785 5229 2971 5272 vocem
3003 5212 3306 5287 acceperit,
3347 5211 3788 5287 quidquidvelle

2195 5282 2450 5344 videatur
2489 5287 2639 5342 Hier.
2669 5287 2789 5357 Ipsa
2824 5301 2956 5357 sane
2990 5282 3263 5348 ﬁdes—est,
3293 5282 3408 5357 cui
3439 5282 3693 5357 operatio
3721 5282 3794 5357 viv

2199 5367 2362 5429 taque
2394 5354 2716 5421 ascribitur,
2757 5357 2863 5412 etsi
2905 5356 2986 5429 illi
3020 5354 3348 5429 necessaria
3393 5354 3793 5426 aid—perfectio-

2188 5425 2315 5484 nein
2356 5445 2546 5484 comes
2567 5429 2808 5482 charitas
2836 5443 2932 5482 seu
2956 5426 3202 5489 dilectio,
3243 5425 3378 5480 sine
3401 5425 3524 5496 qua.
3546 5441 3686 5482 vana
3718 5431 3795 5478 est

2189 5510 2355 5570 atque
2387 5509 2605 5570 mortua
2629 5539 2645 5563 ,
2674 5499 3009 5570 nongvalens
3048 5496 3262 5570 scilicet
3295 5511 3438 5552 vera
3481 5497 3612 5570 vitae
3640 5509 3799 5570 opera

2189 5566 2376 5634 cdere,
2407 5570 2514 5624 nisi
2541 5569 2683 5624 forte
2707 5569 3058 5623 inchoatione
3084 5582 3146 5621 ac
3176 5566 3547 5636 disponendo
3588 5567 3653 5622 ad
3677 5579 3793 5637 per-

2191 5641 2390 5697 fectam
2417 5641 2690 5712 justitiam
2715 5656 2784 5696 ex
2818 5639 3061 5695 motione
3091 5638 3305 5709 gratia}.
