4020 6396
310 309 446 377 1Ε5

943 319 1278 380 CAPITUM
1319 315 1740 388 QUINQUIES
1779 315 2300 377 CENTENORUM
2338 317 2726 381 CENTURIA
2769 321 2855 384 Il.

3441 317 3577 385 1226

303 425 592 490 δεικτικῶς
626 426 712 480 διὰ
754 428 850 482 τοῦ
881 429 1038 483 τοῦτο
1061 431 1250 497 φάναι,
1284 430 1346 484 τὸ
1375 431 1632 502 φρόνημα
1675 428 1888 484 καὶ-τὸν

2003 426 2134 491 lem;
2184 429 2443 498 quodque
2482 431 2682 486 attinet
2739 433 2807 487 ad
2871 434 3192 490 facultatem
3244 435 3576 498 naturalem,

310 515 477 586 νόμον
508 516 686 587 δηλῶν
714 519 814 589 τῆς
841 521 1065 591 σαρκὸς,
1093 523 1184 574 τὸν
1213 522 1384 592 βαρὺν
1415 521 1584 586 ὅντως
1627 523 1724 576 καὶ
1759 521 1889 574 δυσ-

310 606 706 678 μιτακίνητον,
767 611 864 664 καὶ
935 613 1059 665 ὅσον
1130 613 1267 684 πρὸς
1329 600 1558 686 δύναμιν
1615 611 1889 684 φυσικὴν,

308 698 589 762 παντελῶς
609 699 870 771 ἀκίνητον
899 703 993 757 καὶ
1027 705 1340 759 ἀσάλευτον.

381 787 435 844 ι’.
466 792 736 846 Τοσοῦτον
769 795 1068 866 ἐρρίζωται
1113 801 1178 869 τῇ
1221 799 1382 867 φύσει
1432 797 1542 851 τῶν
1591 798 1893 869 ἀνθρώπων

308 883 401 937 διὰ
443 885 542 954 τῆς
591 887 898 956 αἰσθήσεως
949 890 1113 960 ήτῆς
1151 891 1374 959 ἀλογίας
1441 891 1691 962 δύναμις,
1752 890 1892 944 ὥστε

307 975 436 1038 τοὺς
466 976 695 1040 πολλοὺς
729 979 852 1048 μηδ’
893 979 1021 1032 ἄλλο
1036 998 1089 1032 τι
1127 981 1372 1050 νομίζειν
1399 979 1536 1034 εἶναι
1562 982 1653 1034 τὸν
1685 980 1894 1050 ἄνθρω-

309 1081 434 1128 πον,
459 1065 491 1135 ἢ
512 1066 712 1134 σάρκα,
740 1068 974 1139 δύναμιν
996 1072 1130 1140 πρὶς
1155 1071 1457 1123 ἀπόλαυσιν
1485 1071 1587 1140 τῆς
1613 1070 1893 1144 παρούσης

308 1155 456 1226 ζωῆς
479 1157 577 1226 τὴν
613 1158 865 1228 αἴσθησιν
901 1161 1148 1230 ἔλουσαν.

383 1253 476 1300 ια’.
509 1249 734 1313 Πάντα,
783 1253 938 1320 φησὶ,
976 1253 1204 1306 δυνατὰ
1242 1253 1324 1318 τῷ
1383 1255 1752 1320 πιστεύοντι,
1795 1256 1891 1309 καὶ

304 1333 393 1404 μὴ
442 1334 898 1406 διακριι-ομένῳ,
984 1342 1230 1394 τουτέστι
1275 1343 1348 1412 μὴ
1403 1344 1770 1415 διαιρουμένῳ
1799 1344 1896 1414 τῆς

310 1428 456 1480 κατά
483 1430 608 1482 νοῦν
641 1430 731 1483 διὰ
771 1433 1008 1496 πίστεως
1041 1435 1412 1504 γεγενημένης
1448 1435 1596 1503 αὐτῷ
1634 1436 1771 1506 πρὸς
1803 1438 1895 1489 τὸν

307 1512 445 1566 Θεὸν
483 1515 754 1580 ἑνώσεως.
814 1520 902 1572 διὰ
948 1523 1046 1591 τὴν
1075 1522 1210 1591 πρὸς
1250 1522 1311 1574 τὸ
1353 1521 1513 1592 σῶμα
1564 1525 1665 1594 τῆς
1717 1525 1898 1596 ψυχῆς

309 1605 456 1658 κατά
480 1607 580 1676 τὴν
607 1609 860 1678 αἴσθησιν
904 1613 1088 1680 σχέσιν
1109 1631 1122 1642 ·
1161 1615 1260 1666 ὅσα
1308 1615 1516 1685 κόσμου
1547 1619 1642 1670 καὶ
1691 1620 1896 1690 σαρκὸς

308 1696 404 1749 τὸν
434 1696 557 1750 νοῦν
598 1699 896 1771 ἀλλοτριοῖο
942 1703 1061 1773 Θεῷ
1076 1704 1132 1757 δὲ
1165 1711 1516 1776 προσοικειοῖ,
1544 1710 1897 1780 τετελειωμέ-

1992 534 2222 587 prorsus
2272 520 2611 575 immobilem
2652 538 2716 576 ac
2767 523 3170 580 inconcussam.

2066 778 2153 833 10.
2194 779 2285 835 Sic
2311 782 2468 846 altas,
2501 797 2698 838 sensus
2746 798 2934 853 opera,
2961 784 3178 838 radices
3209 784 3263 837 in
3290 784 3577 838 hominum

1996 882 2191 926 natura
2240 876 2353 944 egit
2399 875 2734 931 irrationalis
2799 876 3051 939 facultas,
3104 884 3166 930 ut
3215 877 3362 945 vulgi
3417 877 3579 946 longe

1995 981 2124 1034 pars
2155 967 2394 1022 maxima
2429 969 2568 1022 nihil
2607 970 2889 1026 hominem
2939 985 3062 1024 esse
3102 967 3441 1028 existiment,
3470 967 3580 1020 nisi

1996 1075 2218 1115 carnem
2272 1078 2437 1118 sensu
2476 1064 2784 1134 praeditam,
2841 1079 2950 1133 qua
3011 1062 3272 1118 facultate
3326 1061 3580 1130 praasenti

1997 1153 2107 1207 vita
2153 1154 2390 1208 fruatur.

2070 1246 2158 1298 11.
2227 1245 2443 1309 Omnia,
2499 1247 2699 1316 inquit,
2747 1245 3015 1317 possibilia
3062 1253 3183 1299 sunt
3222 1243 3474 1307 credenti,
3523 1259 3584 1294 ar

1997 1337 2064 1399 ei,
2103 1338 2193 1406 qui
2239 1355 2343 1391 non
2383 1337 2698 1392 discernitur
2739 1338 2822 1402 δι,
2878 1338 2974 1408 qui
3019 1336 3230 1392 scilicet
3277 1350 3389 1389 non
3439 1332 3582 1388 divi-

1997 1427 2150 1482 ditur
2195 1445 2224 1482 a
2275 1431 2477 1484 mentis
2527 1447 2653 1484 cum
2703 1431 2817 1484 Deo
2861 1445 2962 1500 per
3016 1428 3180 1482 ﬁdem
3231 1428 3456 1490 unione,
3510 1424 3582 1478 ob

1998 1520 2168 1573 animi
2226 1537 2350 1574 cum
2411 1537 2642 1592 corpore
2681 1537 2780 1591 per
2829 1537 3027 1576 sensus
3092 1518 3578 1575 necessitudinem.

1997 1610 2350 1680 Quzecunquc
2407 1612 2671 1666 nimirum
2724 1629 2751 1666 a
2781 1613 2989 1667 mundo
3024 1627 3086 1667 ac
3129 1627 3293 1668 carne
3342 1618 3579 1664 mentem

1999 1711 2251 1766 avocant,
2299 1705 2521 1773 Deoque
2554 1705 2856 1760 virtutibus
2910 1705 3214 1775 perlectum
3261 1702 3579 1758 conciliant.

307 1804 400 1840 vov
447 1791 561 1851 τοῖς
605 1793 1018 1864 κατορθώμασι.
1102 1797 1269 1850 Τοῦτο
1325 1799 1434 1866 γὰρ
1511 1817 1893 1869 προσυπακου-

2003 1793 2056 1846 ld
2102 1795 2247 1848 enim
2301 1796 2743 1850 subaudiendum
2788 1797 2844 1851 in
2883 1773 2950 1852 eo
2994 1797 3142 1866 quod
3197 1795 3423 1860 dicitur,
3458 1792 3580 1848 0m-

309 1879 471 1932 στέον
496 1880 593 1951 τῷ,
629 1884 832 1936 Πάντα
863 1886 1092 1940 δυνατὰ
1131 1888 1211 1953 τῷ
1245 1893 1610 1948 πιστεύοντι.

392 1972 478 2038 ιβ’.
533 1973 595 2026 Ἡ
625 1975 806 2038 πίστις
859 1978 1248 2044 ἀναπόδεικτος
1281 1985 1478 2050 γνῶσίς
1531 1989 1695 2040 ἐστιν.
1747 1990 1809 2041 Εί
1841 1991 1897 2043 δὲ

307 2062 516 2131 γνῶσίς
544 2067 694 2119 ἐστιν
722 2069 1132 2135 ἀναπόδεικτος,
1167 2075 1274 2145 ἄρα
1330 2079 1512 2148 σχέσις
1558 2082 1706 2134 ἐστὶν
1756 2083 1896 2152 ὑπὲρ

309 2155 527 2226 φύσινῆ
559 2159 762 2222 πίστις,
793 2160 861 2212 δι’
882 2158 951 2233 ἧς
976 2163 1289 2230 ἀγνώστως,
1321 2169 1435 2222 ἀλλ’
1471 2173 1570 2224 οὐκ
1597 2173 1896 2228 ἀποδεικτι-

309 2247 429 2311 κῶς
479 2249 750 2320 ὲνούμεθα
807 2253 886 2324 τῷ
952 2255 1072 2326 Θεῷ
1136 2259 1274 2311 κατά
1341 2262 1440 2332 τὴν
1511 2264 1654 2334 ὑπὲρ
1711 2266 1896 2334 νόησιν

307 2340 532 2397 ἕνωσιν.

388 2530 478 2590 ιγ’.
533 2523 643 2594 Τὴν
693 2525 897 2594 ἄμεσον
930 2529 1110 2582 λαϐὼν
1158 2532 1351 2586 ἕνωσιν
1392 2534 1527 2604 πρὸς
1581 2536 1672 2589 τὸν
1703 2537 1834 2590 Θεὸν
1869 2544 1896 2591 ό

312 2611 464 2677 νοῦς,
499 2615 599 2682 τὴν
636 2617 732 2668 τοῦ
764 2621 903 2670 νοεῖν
933 2622 1025 2672 καὶ
1053 2622 1288 2677 νοεῖσθαι
1343 2627 1622 2691 παντελῶς
1665 2627 1895 2700 δύναμιν

309 2702 430 2772 ἔχει
454 2704 824 2773 σχολάζουσαν
863 2711 962 2778 (α).
1010 2711 1278 2783 Ὀπηνέκα
1325 2715 1455 2783 γοῦν
1493 2716 1696 2788 ταύτην
1720 2719 1891 2786 λύσει,

307 2797 516 2865 νοήσας
567 2815 621 2850 τι
660 2800 770 2852 τῶν
831 2803 969 2871 μετά
1029 2803 1184 2870 Θεὸν,
1240 2807 1511 2880 διεκρίθη,
1560 2810 1744 2879 τεμὼν
1797 2813 1894 2883 τὴν

309 2888 457 2958 ὑπὲρ
486 2890 670 2959 νόησιν
701 2892 914 2955 ἕνωσιν,
943 2895 1066 2947 καθ’
1091 2897 1158 2967 ἢν
1189 2897 1293 2960 ἓως
1314 2899 1429 2950 ἐστὶ
1450 2900 1527 2970 τῷ
1545 2901 1662 2972 Θεῷ
1691 2920 1895 2974 συνημ-

311 2977 498 3047 μένος,
531 2980 606 3044 ὡς
644 2983 784 3053 ὑπὲρ
821 2984 984 3052 φύσιν
1031 2987 1122 3040 καὶ
1154 2990 1216 3060 τῇ
1255 2989 1471 3058 μεθέξει
1503 2992 1635 3056 Θεὸς
1665 3011 1894 3065 γεγενης

311 3069 497 3138 μένος,
521 3073 773 3146 καθάπερ
802 3075 926 3146 ὅρος
953 3077 1232 3147 ἀκίνητον,
1271 3081 1467 3134 ἑαυτοῦ
1523 3084 1614 3136 τὸν
1645 3084 1748 3155 τῆς
1796 3088 1894 3156 φύ-

346 3177 449 3224 sto;
473 3166 794 3236 μετατίθησι
833 3168 1018 3237 νόμον.

385 3337 468 3392 ιδ’.
508 3338 566 3390 ’0
594 3339 731 3409 πρὸς
752 3341 1035 3397 εὐσέϐειαν
1076 3347 1448 3415 εἰσαγόμενος,
1487 3350 1752 3418 περὶτῶν
1801 3353 1891 3422 ἔρ-

307 3445 424 3496 γων
452 3429 839 3501 διδασκόμενος
887 3434 986 3502 τῆς
1031 3435 1399 3508 δικαιοσύνης,
1437 3443 1536 3510 τὴν
1568 3442 1763 3510 πρᾶξιν
1795 3445 1890 3513 μό-

306 3539 411 3591 νην
479 3525 738 3590 ἐπιτελεῖ,
793 3526 933 3596 μετά
988 3528 1171 3599 πάσης
1214 3531 1461 3602 ὑπακοῆς
1507 3535 1598 3586 καὶ
1637 3535 1889 3597 πίστεως,

307 3617 563 3709 καθάπερ
597 3619 806 3690 σάρκας
837 3619 1034 3674 ἐσθίων
1065 3621 1172 3674 τῶν
1219 3623 1430 3693 ἀρετῶν
1474 3625 1544 3677 τὰ
1570 3627 1889 3696 φαινόμενα,

306 3710 410 3780 τὴν
436 3709 634 3780 ἠθικὴν
657 3710 900 3780 δηλονότι
939 3713 1344 3780 παιδαγωγίαν·
1385 3716 1512 3778 τοὺς
1561 3715 1616 3768 δὲ
1647 3716 1756 3769 τῶν
1806 3719 1892 3768 ὲν-

305 3805 482 3858 τολῶν
505 3803 720 3872 λόγους,
745 3805 804 3856 ὲν
845 3798 926 3867 οἷς
951 3806 988 3874 η
1013 3803 1122 3856 τῶν
1143 3805 1364 3857 τελείων
1398 3806 1636 3876 ὑπάρχει
1668 3807 1891 3875 γνῶσις,

309 3897 392 3967 τῷ
440 3895 560 3966 Θεῷ
625 3899 952 3968 παραχωρεῖ
991 3897 1078 3950 διὰ
1140 3897 1239 3966 τῆς
1293 3897 1552 3961 πίστεως,
1617 3901 1690 3972 μὴ
1737 3900 1894 3954 δυνά-

312 4004 476 4059 μενος
549 3989 1021 4055 συνεπεκταθῆναι
1064 3989 1201 4051 τέως
1260 3989 1340 4058 τῷ
1393 3992 1552 4061 μήκει
1609 3993 1709 4061 τῆς
1751 3993 1894 4059 γνώς

309 4096 474 4143 σεως.

381 4176 462 4224 ιε’.
509 4169 568 4223 '0
619 4169 849 4234 τέλειος,
904 4172 963 4223 ού
1012 4173 1174 4239 μόνον
1229 4173 1328 4242 τὴν
1359 4173 1469 4226 τῶν
1523 4176 1893 4247 εἰσαγομένων

306 4262 486 4326 τάξιν,
525 4261 661 4314 ἀλλὰ
686 4263 780 4315 καὶ
812 4263 912 4333 τὴν
953 4263 1062 4315 τῶν
1102 4265 1522 4334 προκοπτόντων
1555 4267 1888 4338 διαδραμὼν,

304 4355 409 4405 οὐκ
449 4355 636 4419 ἀγνοεῖ
683 4355 790 4407 τῶν
839 4355 928 4407 ὑπ’
957 4355 1120 4409 αὑτοῦ
1163 4357 1286 4410 κατ’
1340 4359 1558 4429 ἐντολὴν
1592 4362 1893 4431 γινομένων

1999 1884 2088 1936 nia
2125 1885 2395 1953 possibilia
2447 1893 2571 1938 sunt
2603 1886 2855 1940 credenti.

2071 1974 2158 2027 12.
2223 1975 2408 2039 Fides,
2465 1975 2712 2047 cognitio
2759 1984 2846 2031 est
2895 1974 3428 2030 indemonstrabilis.
3485 1972 3579 2028 Sin

1996 2075 2180 2120 autem
2237 2067 2314 2120 ita
2363 2082 2422 2121 se
2458 2083 2549 2122 rcs
2581 2069 2769 2132 habet,
2803 2083 2934 2138 ergo
2995 2067 3131 2122 ﬁdes
3181 2065 3447 2120 habitudo
3480 2079 3579 2117 na-

1997 2169 2120 2213 tura
2166 2159 2420 2227 superior
2460 2168 2578 2226 est;
2625 2176 2725 2230 per
2773 2175 2937 2230 quam
2971 2159 3154 2227 ignota
3201 2157 3436 2220 ratione,
3469 2171 3579 2209 non

1997 2267 2120 2322 quae
2159 2253 2634 2306 demonstratione
2678 2252 2838 2322 537
2889 2251 3122 2314 nitatur,
3181 2251 3294 2303 Deo
3336 2249 3581 2311 unimur,

1997 2326 2118 2413 eius
2167 2345 2386 2414 generis
2440 2343 2649 2398 unione
2682 2358 2805 2413 quae
2835 2342 3068 2398 excedat
3124 2343 3328 2396 mentis
3357 2357 3580 2396 omnem

1998 2437 2323 2506 cogitatum.

2070 2529 2154 2581 t3.
2198 2529 2431 2582 Animus
2458 2527 2831 2583 immediatam
2875 2542 3001 2582 cum
3050 2527 3165 2581 Deo
3193 2527 3454 2580 unionem
3487 2541 3555 2578 na

1996 2627 2140 2679 ctus,
2177 2619 2285 2671 vim
2339 2635 2446 2687 qua
2481 2617 2739 2688 intelligit
2773 2632 2838 2672 ac
2861 2617 3201 2686 intelligatur
3234 2631 3460 2686 prorsus
3486 2632 3580 2668 va-

1995 2718 2213 2764 cantem
2246 2705 2431 2765 habet.
2464 2711 2563 2767 Ubi
2594 2710 2764 2780 igitur
2783 2710 2927 2763 hanc
2957 2709 3207 2772 solverit,
3236 2723 3429 2762 eorum
3461 2723 3583 2777 qua:

1995 2816 2024 2853 a
2070 2801 2182 2854 Deo
2221 2800 2460 2854 secunda
2507 2809 2637 2855 sunt
2674 2799 2880 2869 aliquid
2924 2798 3263 2868 intelligens,
3305 2797 3582 2853 discretus

1995 2902 2098 2957 cst,
2151 2891 2388 2949 dissecta
2430 2895 2522 2949 illa
2572 2894 2776 2947 unione
2823 2909 2947 2962 quae
2974 2892 3124 2946 omni
3173 2892 3377 2946 mentis
3417 2891 3580 2945 intei~

1995 2983 2217 3053 ligentia
2267 2983 2524 3053 superior
2556 2996 2679 3037 est:
2718 2998 2844 3052 qua,
2885 2981 3130 3052 quandiu
3175 2980 3415 3035 eohazret
3447 2981 3582 3043 Deo,

1999 3085 2258 3144 tanquam
2305 3085 2502 3129 natura
2561 3073 2818 3144 superior
2865 3074 3115 3143 deusque
3171 3071 3360 3127 divino
3409 3072 3584 3127 factus

1949 3161 1966 3180 ⁸
2002 3169 2356 3231 commercio,
2390 3169 2540 3221 velut.
2565 3174 2813 3222 montem
2845 3165 3210 3231 immobilem,
3235 3181 3263 3220 a
3285 3180 3342 3220 se
3376 3173 3586 3220 natura:

2001 3261 2176 3330 legem
2229 3258 2508 3313 transfert.

2075 3350 2159 3403 11.
2202 3348 2304 3415 Qui
2343 3347 2408 3401 ad
2445 3347 2708 3416 pietatem
2743 3344 3139 3407 introducitur,
3189 3344 3243 3398 in
3287 3359 3462 3413 eaque
3490 3360 3581 3397 ru—

2001 3439 2364 3494 dimentarius
2414 3446 2518 3499 est,
2554 3450 2679 3490 cum
2715 3435 2980 3490 doceatur
3005 3433 3234 3503 iustitia:
3274 3449 3464 3502 opera,
3499 3450 3584 3488 so-

2000 3531 2106 3584 lam
2170 3529 2444 3582 actionem
2492 3532 2733 3594 praestat,
2788 3522 2884 3592 qui
2929 3523 3192 3576 nimirum
3255 3537 3383 3575 cum
3433 3526 3582 3576 omni

2001 3620 2314 3674 obcdientia
2375 3625 2430 3669 et
2483 3617 2611 3678 ﬁde,
2659 3615 2831 3668 veluti
2885 3628 3101 3676 carnes,
3147 3628 3269 3682 quae
3314 3613 3580 3666 virtutum

2002 3715 2296 3782 conspicua
2356 3719 2485 3764 sunt
2536 3709 2827 3778 (moralem
2882 3707 3094 3763 scilicet
3152 3707 3581 3775 institutionem)

2001 3805 2269 3861 comedat.
2330 3803 2711 3857 Mandatorum
2765 3809 2949 3854 autem
2993 3800 3258 3862 rationes,
3286 3799 3344 3853 in
3382 3800 3585 3869 quibus

2001 3897 2369 3967 perfectorum
2414 3894 2590 3963 posita
2621 3893 2850 3948 scientia
2882 3901 2989 3956 est,
3036 3893 3148 3947 Deo
3184 3890 3454 3961 permittit
3488 3907 3584 3961 per

2002 3988 2199 4050 ﬁdem;
2249 3985 2396 4054 quod
2463 3981 2734 4039 hactenus
2795 3991 3000 4053 quanta
3051 3982 3281 4038 scientia
3336 3991 3444 4047 est,
3492 3998 3586 4036 ex~

2003 4079 2152 4160 tendi
2205 4094 2314 4132 non
2361 4085 2562 4146 potest.

2076 4184 2162 4237 15.
2203 4181 2510 4244 Perfectus,
2552 4182 2645 4251 qui
2688 4180 2892 4234 nedum
2954 4196 3146 4235 eorum
3189 4179 3282 4249 qui
3335 4179 3586 4234 introdu—

2002 4283 2224 4335 cuntur,
2263 4271 2361 4326 sed
2387 4280 2443 4326 et
2486 4271 2893 4341 proﬁcientium
2935 4270 3188 4324 ordinent
3219 4283 3584 4338 percucurre—

2002 4365 2094 4430 rit,
2123 4379 2316 4418 eorum
2341 4378 2463 4432 quae
2491 4362 2558 4416 ab
2585 4361 2705 4431 ipso
2745 4361 2820 4414 illi
2848 4371 3122 4430 prmeepta
3155 4359 3315 4424 ﬁunt,
3343 4359 3586 4416 rationes

304 4447 435 4508 τοὺς
487 4445 699 4512 λόγους,
757 4445 874 4498 ἀλλ’
936 4446 1180 4508 ἐκείνους
1210 4447 1482 4517 πνεύματι
1527 4451 1741 4519 πρῶτον
1776 4452 1892 4505 δια-

2003 4473 2112 4511 non
2149 4456 2358 4519 nescit;
2415 4454 2511 4509 sed
2556 4453 2664 4508 illis
2701 4455 2940 4524 primum
2987 4453 3182 4522 spiritu
3227 4452 3582 4514 interbibitis,

304 4537 468 4599 πιὼν,
509 4539 687 4590 πᾶσαν
722 4538 888 4590 ἐσθίει
923 4538 1010 4591 διὰ
1061 4540 1170 4591 τῶν
1208 4539 1389 4608 ἔργων
1428 4541 1526 4609 τὴν
1560 4541 1737 4612 σάρκα
1770 4545 1881 4598 τῶν

375 4652 425 4687 ⁸⁵
450 4651 614 4709 Marc.
649 4670 722 4718 ix,
749 4655 854 4710 22.”

377 4767 456 4838 (η)
488 4767 604 4833 Τὴν
629 4769 730 4822 τοῦ
761 4769 922 4838 νοεῖν
947 4767 1045 4821 καί
1075 4767 1336 4821 νοεῖσθαι
1369 4768 1682 4836 παντελῶς
1713 4772 1897 4828 δύνα-

297 4837 551 4912 μιιξὲχει
573 4837 1000 4912 σχολάζουσαν
1054 4838 1360 4912 Vocantem,
1383 4841 1637 4912 orientem
1658 4841 1758 4910 (uti
1775 4843 1897 4912 jam

304 4908 451 4977 ὑπὲρ
496 4909 700 4977 νόησιν,
762 4911 950 4962 mentis
999 4911 1230 4978 cogitatu
1277 4910 1555 4978 superior)
1605 4908 1899 4966 habet'uim

304 4979 501 5054 quinti,
520 4995 626 5047 qua
653 4995 727 5054 se_,
750 4978 831 5033 vel
853 4978 1001 5054 aliud
1027 4979 1230 5054 quidvis
1262 4981 1449 5049 cogitet
1475 4988 1568 5054 aut
1588 4981 1895 5054 intelliget;

303 5049 560 5103 divinum
596 5049 1018 5172 potiusipatiens
1043 5050 1318 5117 illapsum,
1353 5050 1588 5118 quojam
1620 5049 1781 5106 deus'
1804 5053 1898 5108 ﬁat

303 5129 474 5172 atque
500 5119 786 5172 exsrstatJ
819 5120 868 5172 ic
895 5120 1092 5172 planus
1109 5120 1324 5172 Maximi
1353 5136 1567 5172 sensus.
1589 5121 1897 5172 innumeris

301 5129 474 5185 atque
500 5119 746 5173 exsistat.
768 5119 868 5173 llic
895 5120 1092 5188 planus
1109 5120 1324 5173 Maximi
1353 5136 1567 5183 sensus,
1589 5121 1897 5177 innumeris

304 5189 389 5243 Illi
419 5188 914 5260 loeigetpressus,
952 5190 1277 5260 cunctisque
1320 5190 1567 5260 mysticis
1589 5191 1898 5248 familiaris-

301 5261 502 5312 simus.
537 5255 878 5327 Hocinempe
925 5259 1073 5329 quod
1101 5255 1202 5323 ait,
1244 5255 1502 5328 ὑπεράνω
1557 5260 1658 5328 τῆς
1707 5264 1897 5326 οὐσίας

300 5329 416 5380 τῶν
459 5329 656 5401 ὸντῳν,
694 5330 1005 5401 γενόμενον,
1052 5334 1142 5381 τδιν
1186 5331 1284 5398 τῆς
1334 5331 1484 5401 θείας
1543 5334 1636 5383 καὶ
1674 5333 1894 5401 ἀμάχου

304 5398 539 5470 μονάδος
568 5399 819 5470 δέχεσθαι
857 5401 1160 5468 φωτισμὸν,
1200 5409 1395 5470 utcap.
1427 5400 1496 5454 93
1529 5398 1895 5470 praecellentis

298 5467 644 5521 Centcnarii.
695 5467 1182 5523 Picus'contrario
1235 5467 1430 5533 sensu,
1499 5467 1638 5524 Totis
1701 5473 1894 5527 viribus

298 5539 357 5590 in
392 5538 446 5610 id
475 5538 729 5610 incumbit
760 5547 814 5590 ut
846 5539 1112 5609 intelligat
1147 5549 1193 5592 et
1228 5539 1595 5606 intelligatur;
1627 5543 1777 5610 quod
1807 5559 1894 5597 cs-

298 5608 840 5679 set_dtcxoltti§ouaav,
873 5608 1209 5679 prorsusque
1233 5611 1514 5664 abhorret.
1551 5608 1752 5665 Verum
1780 5629 1889 5666 non

296 5677 442 5750 satis
483 5677 595 5731 Pici
624 5687 884 5750 provecta
929 5695 1084 5750 mens
1121 5677 1228 5750 pro
1277 5681 1632 5750 mysticorum
1667 5682 1890 5735 silentio

296 5747 400 5802 illo
434 5756 598 5816 atque
647 5747 760 5800 otio
805 5764 868 5802 ac
901 5747 1153 5816 caligine,
1205 5751 1288 5801 cui
1321 5747 1553 5802 multum
1609 5752 1674 5802 sit
1715 5761 1771 5802 ut.
1803 5753 1888 5805 in-

668 5843 936 5899 l’A'rnmu
984 5847 1095 5900 (in.
1151 5845 1268 5900 ΧΗ.

1991 4551 2260 4603 virtutum
2308 4563 2526 4601 omnem
2565 4562 2810 4608 carnem,
2863 4561 3093 4614 operum
3152 4546 3265 4614 ipsa
3301 4545 3582 4599 iunctione

2006 4779 2230 4833 cumbal
2251 4781 2454 4849 φυσικῇ
2477 4776 2813 4849 (iacio-famen
2836 4776 2894 4849 in
2933 4776 3103 4828 Deum
3155 4790 3282 4849 vere
3318 4775 3583 4849 spiritalis

2005 4831 2454 4914 έὲέὲξιέιῖρυοᾶ
2496 4831 2765 4900 Maitinius
2792 4846 2882 4898 hic
2906 4857 2963 4899 et
2995 4861 3116 4913 cap.
3157 4845 3297 4896 Ητδ
3328 4831 3578 4915 διακριθῇ

2005 4919 2232 4988 exponit
2265 4919 2461 4972 divisus
2506 4917 2682 4987 fuerit,
2722 4917 2880 4985 longe
2902 4926 3047 4988 esta
3078 4914 3356 4988 communi
3409 4914 3583 4988 expli-

1999 4985 2414 5059 eatione.Vu!g.
2435 4985 2838 5059 enim,Eras_m.
2858 4986 3047 5059 et_alii,
3075 4985 3268 5059 καὶ-μὴ
3300 4986 3576 5059 διακριθῇ,

2000 5059 2070 5113 Et
2099 5075 2203 5113 non
2234 5056 2557 5112 dubitaverit
2579 5073 2596 5110 :
2622 5056 2769 5127 quod
2821 5064 2882 5127 ut
2917 5056 2990 5110 ita
3053 5056 3370 5127 redderent,
3406 5057 3581 5109 suasit

2000 5129 2151 5197 quod
2187 5129 2463 5198 sequitur,
2492 5124 2941 5198 ἀλλά“πιστεύσῃ.
2962 5142 3098 5198 quae
3128 5134 3212 5180 est
3248 5124 3580 5198 ﬁdesmira-

2001 5195 2388 5263 culorum—cui
2419 5199 2718 5268 opponitur
2738 5195 3011 5268 haesitatio
3041 5197 3130 5250 illa
3165 5205 3221 5251 et
3253 5195 3577 5268 difﬁdentia.

2002 5269 2143 5324 Hinc
2161 5269 2318 5324 Suid.
2344 5267 2706 5337 διακρίνεται.
2749 5267 3103 5336 ἀμφιϐάλλει,
3144 5269 3382 5320 ἀπιστεῖ.
3421 5267 3580 5322 Ρτίον

1998 5339 2330 5409 signiﬁcatio
2376 5339 2553 5409 magis
2599 5337 2788 5394 arrisit
2841 5337 3100 5399 Maximo,
3142 5337 3289 5409 quod
3337 5337 3412 5391 illi
3461 5339 3575 5409 visa

1997 5407 2198 5490 aptior,
2237 5410 2294 5492 in
2328 5426 2442 5492 ‘qua
2477 5407 3348 5492 sensum"mysticumlundaret.
3386 5407 3490 5492 sed
3522 5421 3574 5460 τι

1997 5476 2052 5532 in
2095 5476 2483 5535 incredulitate
2528 5489 2585 5534 et
2626 5476 2954 5544 ditlide‘ntia,
3013 5478 3302 5532 divisionis
3354 5476 3574 5547 quidam

1995 5563 2194 5621 sensus
2217 5559 2323 5615 est,
2358 5567 2426 5606 ex
2457 5566 2564 5621 qua
2589 5549 3012 5621 etiamillirest,
3057 5556 3117 5602 ut
3167 5548 3452 5621 obstaculo
3473 5617 3484 5621 _
3507 5550 3575 5602 sit.

1994 5618 2197 5674 divina;
2242 5616 2621 5685 virtutifdum
2655 5619 2734 5674 sic
2771 5619 3033 5674 haesitans
3060 5635 3174 5672 non
3203 5618 3278 5670 illi
3344 5616 3578 5671 ﬁrmiter

1994 5689 2258 5754 adbrerct,
2293 5691 2387 5745 sed
2419 5689 2852 5760 cogitationibus
2875 5689 3166 5742 dividitur.

3133 5841 3212 5900 3t}
