4020 6404
490 302 623 369 1⁸227

1683 301 1747 361 s-
1784 299 2073 360 ΜΛΧΙΜΙ
2113 253 2624 361 οοΝΡΕεεοιιΙέ

3619 300 3743 365 1228

486 418 750 481 comedit,
796 430 989 472 eorum
1027 423 1238 471 motum
1272 430 1397 485 qua:
1443 426 1605 470 sensu
1662 414 1862 468 comite
1907 411 2069 477 ﬁunt,

2186 412 2410 483 ἱρετῶν,
2435 412 2573 484 πρὸς
2603 410 2702 483 τὴν
2717 411 2859 466 κατὰ
2876 411 3001 466 νοῦν
3039 412 3239 482 γνῶσιν
3262 412 3633 480 ἀναῦιϐάζων,
3659 417 3745 487 τῂν

486 510 555 565 ad
596 509 880 564 scientiam
931 507 1131 562 mentis
1181 506 1514 578 provcbcns.

555 598 641 654 16.
681 598 819 654 Cum
856 599 1120 653 Dominus
1153 598 1231 653 ait
1262 615 1275 651 :
1318 595 1550 663 Quarrite
1582 597 1813 668 primum
1848 610 2072 664 regnum

486 689 603 754 Dei,
642 699 690 743 ct
731 690 1004 760 justitiam
1053 690 1167 759 ejus
1211 688 1290 753 ";
1351 689 1458 743 hoc
1496 697 1602 753 est,
1661 687 1902 757 primum
1950 700 2073 738 om-

463 779 638 836 .nium
684 780 971 834 scientiam
1008 780 1279 843 veritatis,
1310 788 1538 848 tumque
1576 787 1638 833 ut
1677 778 2073 834 convenientes

484 871 680 925 modos
725 872 1021 936 excolatis;
1063 872 1240 941 palam
1273 870 1518 925 ostendit
1569 869 1812 924 divinam
1862 869 2071 923 solum-

485 964 650 1018 modo
691 963 977 1018 scientiam
1012 962 1267 1018 ﬁdelibus
1300 958 1650 1032 quaerendam
1687 977 1830 1026 esse,
1865 969 1923 1015 et
1948 974 2071 1028 quae

485 1052 564 1107 illi
624 1070 723 1125 per
780 1069 947 1123 opera
997 1061 1323 1108 ornamento
1371 1061 1477 1116 est,
1526 1054 1809 1106 virtutem.

558 1235 643 1288 17.
704 1233 843 1288 Cum
920 1232 1090 1286 multa
1162 1231 1420 1285 ﬁdelibus
1473 1227 1769 1298 qurerenda
1828 1226 1941 1280 sint
1999 1225 2066 1278 ad

485 1323 774 1379 scientiam
807 1338 871 1376 ac
906 1321 1164 1375 virtutem
1200 1319 1541 1390 spectantia;
1573 1316 1882 1388 cujusmodi
1914 1326 2065 1380 sunt,

483 1415 707 1470 liberari
747 1415 816 1469 ab
867 1413 1157 1469 affectibus
1210 1429 1307 1467 seu
1355 1411 1524 1474 vitiis,
1566 1409 1930 1465 tentationum
1980 1417 2067 1462 to-

483 1508 739 1572 lerantia,
790 1507 1057 1561 virtutum
1114 1505 1376 1566 rationes,
1431 1500 1817 1572 Operationum
1896 1499 2064 1564 modi,

483 1614 812 1670 propensam
858 1597 1025 1652 animi
1071 1597 1138 1650 ad
1195 1610 1416 1649 carnem
1462 1592 1808 1647 affectionem
1835 1589 2067 1644 revelle-
2106 1573 2117 1585 ’

485 1706 568 1754 re,
605 1705 826 1745 sensum
878 1705 907 1742 a
949 1684 1357 1741 necessitudine
1396 1682 1464 1737 ad
1499 1681 1723 1735 sensilia
1764 1694 2066 1749 eorumque

2175 504 2285 557 τῶν
2322 505 2629 571 γινομένων
2661 505 2783 557 κατ’
2803 504 3056 576 αἴσθησιν
3094 505 3329 577 κίνησιν.

2249 597 2368 658 ις¹.⁶
2419 592 2479 649 '0
2506 594 2708 666 Κύριος
2725 594 2921 662 εἰπὼν,
2958 595 3199 665 Ζητεῖτε
3228 594 3464 665 πρῶτον
3509 597 3745 665 τὴνβα-

2173 685 2414 739 adsim»
2448 685 2554 739 τοῦ
2586 684 2758 751 Θεοῦ,
2793 685 2894 740 καὶ
2935 686 3053 754 τὴν
3091 686 3495 754 δικαιοσύνην
3522 687 3708 744 αὑτοῦ
3732 701 3744 718 ·

2172 777 2439 843 τουτέστι,
2461 779 2569 849 πρὸ
2618 778 2837 833 πάντων
2862 778 2962 849 τὴν
2984 779 3284 848 ἐπίγνωσιν
3320 780 3420 851 τῆς
3471 780 3745 852 ἀληθείας,

2174 867 2268 919 καὶ
2301 864 2443 919 οὕτω
2493 867 2593 935 τὴν
2629 867 2737 919 τῶν
2765 867 3117 938 καθηκόντων
3157 868 3382 940 τρόπων
3421 867 3747 939 ἐξάσκησιν⁶

2174 956 2362 1024 σαφῶς
2408 956 2597 1021 ἔδειξε,
2653 958 2781 1027 περὶ
2817 959 2984 1027 μόνης
3021 958 3124 1028 τῆς
3150 956 3303 1020 θείας
3340 957 3605 1028 γνώσεως
3648 958 3752 1011 δεῖν

2172 1048 2357 1118 ζητεῖν
2384 1048 2512 1110 τοὺς
2545 1048 2922 1113 πιστεύοντας,
2979 1051 3074 1104 καὶ
3110 1049 3209 1120 τῆς
3235 1047 3408 1119 αὐτὴν
3446 1048 3755 1120 κοσμούσης

2170 1139 2257 1193 διὰ
2284 1140 2391 1192 τῶν
2415 1141 2593 1211 ἔργων
2627 1142 2848 1212 ἀρετῆς.

2245 1230 2331 1295 ιζ’.
2411 1231 2631 1302 Ἐπειδὴ
2688 1231 2858 1284 πολλὰ
2911 1232 3173 1302 τυγχάνει
3233 1232 3305 1287 τὰ
3360 1233 3502 1303 πρὸς
3557 1233 3756 1302 γνῶσιν

2170 1324 2306 1377 Θεοῦ
2341 1324 2434 1377 καὶ
2464 1324 2667 1395 ἀρετὴν
2688 1323 3000 1394 ζητούμενα
3025 1325 3141 1387 τοῖς
3171 1322 3555 1388 πιστεύουσιν,
3588 1324 3753 1378 ἀπαλο

2168 1414 2312 1485 λαγὴ
2367 1414 2580 1479 παθῶν,
2629 1415 2877 1486 ὑπομονὴ
2934 1415 3278 1486 πειρασμῶν,
3315 1414 3527 1488 ἀρετῶν
3593 1416 3755 1485 λόγοι,

2168 1506 2361 1577 τρόποι
2401 1506 2695 1576 ἐνεργειῶν
2716 1508 2775 1570 “,
2838 1506 3103 1576 ἐξηλωσις
3136 1506 3238 1577 τῆς
3271 1505 3409 1577 πρὸς
3455 1507 3638 1578 σάρκα
3661 1506 3757 1578 τῆς

2169 1596 2349 1667 ψυχῆς
2370 1596 2688 1661 διαθέσεως,
2722 1595 3065 1662 ἀποξένωσις
3086 1595 3190 1665 τῆς
3235 1596 3376 1667 πρὸς
3413 1596 3484 1651 τὰ
3528 1596 3758 1668 αἰσθητὰ

2170 1688 2271 1758 τῆς
2328 1686 2640 1759 αἰσθήσεως
2713 1687 2974 1758 σχέσεως,
3042 1685 3138 1741 τοῦ
3187 1686 3280 1741 νοῦ
3329 1687 3605 1760 παντελὴς
3655 1678 3760 1743 ἀπὺ

483 1779 717 1835 libidine
749 1793 1004 1843 avocare,
1041 1793 1069 1829 a
1105 1773 1307 1829 creatis
1336 1771 1597 1826 omnibus
1627 1774 1813 1823 mente
1843 1782 2072 1837 prorsus

2186 1753 2396 1833 παντων
2448 1753 2561 1833 τῶν
2622 1753 2926 1848 γεγονότων
2977 1777 3349 1851 ἀναχώρησις.
3410 1780 3525 1833 Καὶ
3560 1753 3759 1845 ’ἁπλῶς

483 1873 764 1928 secedere.
816 1871 905 1933 Et,
965 1876 1025 1923 ut
1087 1882 1301 1921 summa
1342 1866 1546 1926 dicam,
1599 1860 1707 1915 alia
1755 1861 2068 1923 innumera,

482 1964 738 2033 quibusa
769 1960 978 2015 malitia
1025 1968 1082 2012 et
1125 1956 1435 2027 ignorantia
1489 1954 1851 2017 abstinemus,
1888 1950 2072 2005 scien-

482 2057 728 2125 tiamque
801 2069 867 2107 ac
939 2051 1203 2105 virtutem
1271 2056 1627 2118 praestamus;
1679 2042 1881 2099 merito
1937 2039 2074 2094 dicit

482 2146 751 2202 Dominus
798 2161 812 2197 :
865 2140 1061 2196 Omnia
1112 2153 1435 2210 quwcunque
1476 2134 1731 2207 petieritis
1780 2130 2071 2193 credentes,

484 2235 752 2304 accipietis
797 2230 868 2283 ⁸⁸.
908 2228 1106 2284 Omnia
1165 2240 1412 2297 prorsus,
1458 2223 1683 2293 solaque
1729 2238 1793 2276 ea
1840 2234 1964 2290 quae
2005 2217 2074 2272 ad

483 2328 586 2384 Dei
628 2312 965 2397 agnitionem
1004 2336 1069 2376 ac
1093 2320 1356 2376 virtutem
1394 2316 1729 2381 conducant,
1753 2314 1988 2369 solerter
2012 2326 2076 2366 ac

484 2416 595 2471 ﬁde
634 2415 797 2485 538
834 2409 1133 2482 quaerenda
1163 2417 1328 2477 atque
1366 2405 1604 2478 petenda
1635 2404 1733 2459 Dei
1765 2401 2076 2459 cultoribus

484 2512 696 2567 dicens.
731 2508 859 2563 Haec
899 2504 1048 2560 enim
1079 2501 1264 2557 omnia
1310 2501 1366 2555 in
1396 2509 1616 2554 nostras
1662 2496 1954 2552 conferunt
1986 2510 2076 2549 ra-

484 2605 685 2667 tiones,
732 2598 1072 2667 omninoque
1121 2593 1442 2665 petentibus
1476 2589 1740 2646 Dominus
1780 2581 2001 2669 tribuit.

560 2696 644 2750 18.
684 2692 787 2760 Qui
815 2691 983 2762 igitur
1010 2698 1236 2759 promer
1263 2686 1439 2741 solam
1474 2683 1633 2738 ﬁdem
1679 2680 2075 2754 (immediatam

484 2789 698 2844 scilicet
736 2799 863 2840 cum
896 2783 1006 2838 Deo
1030 2778 1318 2848 unionem)
1351 2777 1534 2833 omnia
1563 2775 1632 2830 ad
1666 2790 1786 2829 eam
1818 2784 2075 2844 spectan-

485 2881 584 2945 tia,
616 2889 673 2934 et
717 2893 840 2948 quae
881 2876 995 2931 sint
1042 2874 1125 2928 illi
1160 2870 1543 2937 cenciliandte,
1579 2869 1799 2940 quaerit,
1849 2867 2077 2922 omnino

485 2969 743 3038 accipiet.
798 2965 905 3032 Qui
965 2971 1151 3019 autem
1189 2961 1329 3016 citra
1383 2960 1528 3015 hanc
1579 2975 1801 3015 causam
1853 2958 2075 3027 alioque

488 3064 616 3121 ﬁne.
645 3063 763 3117 sive
807 3061 935 3122 alia,
967 3058 1084 3112 sive
1118 3055 1237 3109 haec
1271 3052 1392 3122 ipsa
1425 3067 1549 3121 qua:
1577 3050 1721 3105 dicta
1766 3058 1897 3104 sunt
1922 3064 2074 3118 quar-
2103 3092 2147 3150 ϐ

487 3152 664 3215 sierit,
706 3165 816 3204 non
845 3146 1099 3215 accipiet.
1130 3143 1249 3198 Non
1269 3143 1417 3196 enim
1452 3140 1651 3206 credit,
1679 3141 1776 3194 sed
1815 3148 2072 3208 tanquam

487 3243 731 3298 inﬁdelis
763 3257 830 3294 ex
882 3238 1085 3294 divinis
1140 3234 1243 3291 sibi
1300 3232 1529 3305 gloriam
1575 3231 1792 3287 asserit.

561 3340 645 3393 i9.
687 3335 791 3402 Qui
841 3344 871 3388 a‘
915 3330 1125 3403 peccati
1157 3328 1279 3383 labe
1314 3342 1380 3382 ac
1427 3324 1787 3395 corruptione
1814 3318 2076 3376 immunis

486 3438 593 3496 est,
632 3442 827 3484 eorum
884 3421 1324 3492 corruptionem,
1362 3417 1567 3487 quibus
1608 3429 1844 3486 pronum
1872 3420 1969 3468 .est
2018 3419 2077 3464 ut

487 3529 866 3591 corrumpant,
899 3513 1228 3583 corrumpit.
1264 3509 1449 3565 Animi
1482 3509 1632 3563 enim
1682 3522 1746 3561 ac
1776 3501 2078 3559 voluntatis

487 3612 853 3682 incorruptio,
931 3617 1143 3662 naturae
1188 3602 1603 3672 corruptionem
1669 3599 2073 3666 incorruptam,

488 3708 733 3779 Spiritus
770 3704 931 3758 inea
981 3697 1177 3770 gratia,
1233 3711 1332 3766 per
1370 3691 1797 3764 providentiam,
1850 3702 2075 3743 servare

487 3799 809 3859 consuevit,
865 3810 975 3849 non
1020 3794 1209 3847 sinens
1255 3804 1355 3858 per
1408 3783 1715 3841 contrarias
1758 3781 2072 3852 qualitates,

488 3892 746 3948 interitus
797 3886 874 3942 illi
930 3887 1113 3951 labem
1169 3878 1380 3935 aﬁ'crri.

557 3986 648 4040 :20.
688 3983 826 4037 Cum
871 3992 985 4032 non
1033 3991 1143 4030 una
1186 3973 1491 4041 eademque
1547 3977 1760 4023 naturae
1784 3981 1849 4021 ac
1886 3963 2077 4036 gratia:

487 4079 630 4134 ratio
682 4076 775 4140 sit,
826 4071 975 4128 haud
1002 4069 1161 4124 anxie
1198 4063 1614 4136 ambigendum,
1642 4061 1920 4115 undenam
1951 4074 2077 4113 san-

487 4177 729 4229 ctorum,
759 4161 1007 4233 quidam,
1037 4156 1202 4213 modo
1244 4155 1403 4209 malis
1430 4152 1721 4221 noxiisque
1759 4148 2078 4219 superiores

488 4258 840 4320 exsisterent,
883 4251 1047 4306 modo
1086 4248 1195 4303 illis
1239 4246 1414 4317 magis
1446 4242 1908 4306 succumberent;
1948 4254 2074 4293 cum

489 4365 604 4406 non
630 4351 821 4410 lateat,
848 4343 1177 4399 miraculum
1207 4339 1431 4410 quidem
1452 4336 1518 4391 ad
1545 4335 1777 4407 gratiam
1800 4335 2073 4402 spectare,

488 4441 698 4497 malum
752 4445 935 4493 autem
984 4443 1040 4489 et
1084 4432 1265 4487 labem
1314 4430 1384 4486 ad
1438 4437 1714 4483 naturam.

559 4533 653 4589 21.
694 4527 798 4597 Qui
840 4527 1094 4583 imitandi
1147 4524 1463 4586 sedulitate,
1513 4521 1792 4591 vigentem
1840 4533 2072 4574 conver-

414 4670 426 4680 .
489 4621 741 4679 sationis
796 4628 1114 4674 sanctorum
1180 4615 1351 4669 habet
1408 4611 1758 4675 memoriam;
1815 4610 2079 4664 vitiorum

489 4712 897 4778 aﬂ‘cctuumque
943 4706 1123 4776 posita
1174 4702 1623 4765 mortiﬁcatione,
1663 4700 1933 4754 virtutum
1956 4714 2080 4755 sus-

491 4804 627 4874 cipit
675 4803 855 4855 vitam.

557 4897 646 4950 22.
688 4897 856 4959 Deus,
907 4893 998 4962 qui
1049 4904 1116 4944 eo
1162 4888 1327 4943 modo
1380 4901 1490 4957 quo
1547 4884 1773 4955 placuit,
1822 4890 1950 4939 ante
1975 4898 2080 4939 sae-

493 4989 618 5044 cula
646 4989 917 5058 cujusque
952 4981 1219 5036 discrevit
1249 4978 1442 5042 vitam,
1473 4976 1540 5032 ad
1569 4974 1857 5046 proprium
1890 4988 2084 5045 quem-

495 5096 611 5165 que
639 5078 767 5133 vitae
798 5076 987 5140 ﬁnem,
1029 5073 1146 5128 sive
1201 5073 1435 5143 justum,
1464 5069 1580 5124 sive
1609 5068 1875 5138 iniustum
1908 5066 2081 5122 ducit.

566 5253 656 5307 23.
697 5251 816 5317 Qua
851 5244 1054 5305 Paulus
1085 5254 1346 5316 acceptus
1396 5241 1696 5314 caliginOsa
1756 5247 2081 5311 tempestate

494 5345 683 5411 est",
770 5344 1142 5399 violentarum
1218 5337 1607 5393 tentationum.
1658 5333 1875 5403 pondus
1956 5348 2078 5389 esse

499 5437 735 5508 conjioio
806 5435 1078 5496 insulam,
1153 5430 1374 5484 ﬁrmum
1428 5442 1493 5482 ac
1544 5426 1935 5482 inconcussum
1996 5427 2081 5482 di-

2180 1868 2349 1942 μυρία
2380 1869 2518 1924 ἄλλα
2572 1871 2702 1932 εἰσί,
2736 1871 2807 1923 τὰ
2851 1869 2988 1941 πρὸς
3034 1870 3247 1940 ἀποχὴν
3290 1871 3391 1940 μὲν
3439 1871 3642 1935 κακίας
3669 1872 3762 1926 καὶ

2176 1959 2455 2027 ἀγνωσίας
2487 1998 2503 2024 ,
2562 1958 2904 2030 κατόρθωσιν
2948 1958 3013 2013 ,δὲ
3059 1958 3317 2027 γνώσεως
3374 1959 3471 2013 καὶ
3516 1960 3757 2032 ἀρετῆς·

2176 2051 2403 2116 εἰκότως
2440 2052 2469 2104 6
2505 2050 2711 2123 Κύριος
2737 2051 2959 2123 ἔφησεν,
2996 2049 3201 2105 Πάντα
3242 2050 3359 2104 ὅσα
3387 2050 3466 2105 ἂν
3513 2050 3761 2122 αἰτῆσθε

2176 2143 2591 2208 πιστεύοντες,
2648 2142 2928 2210 ,λήψεσθε
2955 2156 2969 2172 ·
3014 2141 3192 2195 πάντα
3249 2142 3460 2207 ἁπλῶς,
3512 2143 3585 2197 τὰ
3628 2143 3761 2215 πρὸς

2177 2233 2473 2300 ἐπίγνωσιν
2512 2231 2650 2286 Θεοῦ
2706 2233 2802 2285 καὶ
2847 2231 3049 2303 ἀρετὴν
3082 2232 3429 2288 συντείνοντα
3474 2233 3617 2303 μόνα
3670 2236 3761 2287 καὶ

2177 2322 2361 2396 ζητεῖν
2392 2325 2488 2378 καὶ
2514 2326 2688 2378 αἰτεῖν
2719 2324 2837 2395 μετ’
2883 2326 3198 2395 ἐπιστήμης
3246 2326 3343 2380 καὶ
3387 2324 3630 2390 πίστεως
3655 2325 3761 2379 δεῖν

2177 2416 2349 2471 εἰπὼν
2394 2417 2522 2481 τοὺς
2569 2417 2834 2483 εὐσεϐεῖς.
2872 2418 3060 2473 Ταῦτα
3111 2420 3222 2487 γὰρ
3247 2420 3426 2473 πάντα
3470 2418 3760 2490 συμφέρει,

2177 2507 2273 2560 καὶ
2328 2509 2546 2571 πάντως
2620 2508 2837 2563 δίδωσιν
2905 2509 3047 2564 αὐτὰ
3108 2510 3223 2573 τοῖς
3281 2506 3528 2563 αἰτοῦσιν
3573 2510 3603 2563 6
3648 2509 3762 2563 Κύ-

2178 2617 2314 2671 ριος.

2254 2700 2343 2763 ιη’.
2392 2695 2450 2747 Ὀ
2473 2692 2652 2745 τοίνυν
2684 2691 2773 2745 διὰ
2834 2691 3005 2762 μόνην
3054 2691 3158 2761 τὴν
3211 2692 3417 2759 πίστιν,
3465 2692 3637 2764 ἤγουν
3666 2691 3764 2762 τὴν

2178 2786 2317 2858 πρὸς
2373 2784 2505 2839 Θεὸν
2543 2786 2749 2856 ἅμεσον
2806 2786 3025 2851 ἕνωσιν,
3084 2784 3265 2838 πάντα
3299 2784 3480 2854 ζητῶν
3510 2785 3581 2839 τὰ
3628 2786 3765 2855 πρὸς

2177 2879 2276 2948 τὴν
2302 2877 2517 2942 ἕνωσιν,
2554 2877 2769 2942 πάντως
2796 2876 3028 2948 λήψεται
3059 2892 3074 2907 ⁸
3105 2878 3135 2930 6
3161 2876 3219 2930 δὲ
3246 2876 3451 2947 ταύτης
3498 2876 3624 2948 δίχα
3667 2877 3766 2946 τῆς

2178 2968 2381 3032 αἰτίας,
2424 2967 2528 3022 κᾶν
2589 2967 2746 3031 ἄλλα,
2783 2969 2887 3022 κᾶν
2938 2967 3007 3022 τὰ
3060 2968 3438 3039 προειρημένα
3490 2967 3652 3040 ζητῇ,
3705 2968 3767 3022 οὐ

2179 3059 2429 3132 λήψεται.
2471 3059 2545 3112 Οὐ
2601 3059 2709 3130 γὰρ
2746 3059 3019 3120 πιστεύει,
3076 3058 3194 3112 ἀλλ’
3255 3059 3467 3113 οἰκείαν
3517 3059 3597 3124 ὡς
3636 3059 3770 3115 ἄπι-

2181 3164 2304 3211 στος
2331 3146 2419 3200 διὰ
2448 3148 2560 3201 τῶν
2597 3147 2760 3203 θείων
2785 3148 3237 3220 πραγματεύεται
3261 3147 3443 3215 δόξαν.

2252 3328 2336 3381 ιϐ’.
2383 3327 2444 3380 '0
2496 3325 2691 3400 γνώμῃ
2761 3328 2866 3398 τῆς
2900 3327 3053 3382 καθ’
3107 3329 3387 3399 ἁμαρτίαν
3427 3328 3766 3401 καθαρεύων

2178 3420 2407 3490 φθορᾶς,
2460 3419 2675 3488 φθείρει
2700 3422 2800 3490 τὴν
2849 3419 2958 3474 τῶν
2998 3420 3245 3491 φθείρειν
3274 3421 3603 3489 πεφυκότων
3638 3419 3767 3490 φθο-

2182 3511 2303 3580 ράν.
2342 3511 2407 3564 Ἡ
2459 3510 2571 3583 γὰρ
2598 3510 2884 3582 ἀφθαρσία
2920 3510 3020 3581 τῆς
3060 3512 3463 3582 προαιρέσεως,
3496 3510 3601 3582 τὴν
3630 3510 3767 3579 φθο-

2182 3601 2280 3672 ρὰν
2340 3604 2629 3674 συντηρεῖν
2692 3603 2794 3671 τῆς
2855 3597 3072 3669 φύσεως
3130 3600 3380 3667 πέφυκεν
3460 3601 3767 3673 ἄφθαρτον,

2179 3691 2324 3745 κατὰ
2347 3692 2626 3760 πρόνοιαν,
2652 3691 2741 3745 διὰ
2765 3693 2864 3761 τῆς
2885 3692 2943 3744 ἐν
2962 3691 3102 3760 αὐτῇ
3133 3691 3229 3744 τοῦ
3251 3691 3574 3763 Πνεύματος
3604 3692 3768 3764 χαρί-

2176 3799 2291 3845 τος,
2327 3782 2401 3853 μὴ
2433 3782 2793 3853 συγχωροῦσα
2820 3784 2943 3844 ταῖς
2978 3782 3248 3845 ἐναντίαις
3280 3790 3566 3856 ποιότησιν
3592 3786 3769 3856 αὐτὴν

2178 3872 2610 3945 διαφθείρεσθαι.

2249 3973 2320 4021 κ’.
2370 3966 2587 4039 Ἐπειδὴ
2609 3967 2826 4037 φύσεως
2855 3970 2951 4025 καὶ
3002 3971 3228 4039 χάριτος
3277 3966 3359 4035 εἷς
3388 3970 3487 4024 καὶ
3519 3971 3549 4024 6
3608 3970 3776 4032 αὐτὸς

2178 4058 2279 4111 οὐκ
2306 4057 2420 4112 ἐστι
2446 4058 2625 4128 λόγος,
2649 4061 2748 4113 οὐκ
2775 4060 2925 4116 ἐστιν
2972 4062 3211 4133 ἀπορίας
3247 4061 3423 4129 ἄξιον,
3452 4059 3574 4125 πῶς
3612 4078 3775 4124 τινες

2176 4150 2286 4203 τῶν
2344 4151 2536 4220 ἁγίων,
2593 4152 2724 4205 ποτὲ
2783 4150 2886 4223 μὲν
2940 4151 3131 4205 παθῶν
3179 4152 3493 4224 ὑπερεῖχον,
3545 4151 3684 4205 ποτὲ
3716 4152 3777 4204 δὲ

2183 4243 2386 4313 μᾶλλον
2440 4245 2746 4299 ὑπέπιπτον
2815 4246 3049 4311 πάθεσι³
3135 4246 3521 4315 γινωσκόντων
3583 4243 3775 4315 ἡμῶν.

2178 4337 2261 4390 ὅτι
2287 4336 2348 4390 τὸ
2381 4336 2483 4407 μὲν
2513 4337 2717 4407 θαῦμα,
2750 4338 2851 4409 τῆς
2879 4339 3102 4411 χάριτος
3120 4333 3187 4409 ἦν
3213 4355 3228 4369 ·
3260 4337 3323 4390 τὸ
3348 4337 3407 4391 δὲ
3431 4330 3649 4399 πάθος.
3674 4335 3778 4405 τῆς

2111 4449 2152 4502 D
2182 4428 2419 4499 φύσεως.

2252 4518 2358 4574 κα⁹.
2396 4520 2454 4574 '0
2488 4520 2578 4575 διὰ
2612 4523 2896 4592 μιμήσεως
2928 4519 3027 4588 τὴν
3073 4520 3296 4591 μνήμην
3340 4518 3483 4587 ἔχων
3510 4518 3612 4588 τῆς
3665 4516 3783 4571 τιῖιν

2178 4610 2352 4679 ἁγίων
2392 4612 2763 4683 ἀναστροφῆς,
2812 4614 2911 4682 τὴν
2975 4613 3073 4681 μὲν
3110 4608 3223 4664 τῶν
3274 4609 3464 4665 παθῶν
3518 4606 3785 4667 ἀποτίθε-

2177 4719 2271 4755 ται
2327 4702 2631 4775 νέκρωσιν·
2689 4703 2790 4774 τὴν
2836 4702 2894 4756 δὲ
2936 4701 3047 4756 τῶν
3104 4701 3318 4772 ἀρετῶν
3369 4701 3517 4773 ζωὴν
3580 4692 3785 4755 ὐποδέ-

2217 4808 2358 4846 erat.

2217 4809 2358 4846 εται.

2179 4809 2214 4863 κ
2255 4883 2358 4954 κβθ.
2405 4880 2478 4955 ’ᾨ
2525 4886 2715 4957 τρόπῳ
2754 4885 3005 4958 βούλεται
3043 4886 3073 4939 6
3107 4885 3207 4954 τὴν
3238 4882 3475 4938 ἑκάστου
3526 4883 3785 4956 διορίσας

2182 4976 2330 5050 ζωὴν
2388 4977 2496 5049 πρὸ
2561 4977 2671 5032 τῶν
2727 4978 2941 5033 αἰώνων
3016 4980 3173 5043 Θεὸς,
3235 4979 3470 5033 ἕκαστον
3512 4977 3659 5049 πρὸς
3719 4977 3786 5028 τὸ

2181 5069 2379 5123 οἰκεῖον
2408 5069 2511 5139 τῆς
2533 5068 2679 5141 ζωῆς
2720 5071 2844 5141 ἄγει
2874 5070 3048 5137 τέλος,
3091 5071 3202 5125 εἴτε
3230 5069 3465 5134 δίκαιον,
3516 5068 3631 5122 εἴτε
3664 5066 3787 5122 ἄδι-

2182 5177 2299 5216 κον.

2258 5258 2367 5321 κγ’.
2397 5255 2417 5276 ’⁵
2447 5253 2552 5307 Τὸν
2588 5252 2667 5325 τῷ
2700 5255 2957 5326 μακαρίῳ
2989 5254 3189 5327 Παύλῳ
3218 5251 3504 5324 συμϐάντα
3538 5250 3789 5323 ζοφερὸν

2186 5343 2456 5415 χειμῶνα,
2483 5344 2545 5397 τὸ
2599 5343 2765 5417 βάρος
2809 5342 2950 5400 εἶναι
2986 5345 3098 5399 τῶν
3147 5344 3421 5401 ἀκουσίων
3451 5342 3791 5414 πειρασμῶν

2183 5436 2556 5508 τεκμαίρομαι
2586 5453 2601 5471 ο
2666 5437 2765 5508 τὴν
2803 5437 2859 5491 δέ
2907 5437 3094 5510 νῆσον,
3122 5437 3225 5508 τὴν
3272 5434 3480 5505 πωγίαν
3525 5432 3645 5501 ἕξιν
3685 5434 3789 5502 τῆς

570 5577 618 5609 ιδ’
644 5574 835 5631 Matth.
868 5590 941 5638 vi,
972 5570 1059 5623 '55.
1137 5569 1183 5599 “
1219 5568 1407 5660 Matth.
1441 5583 1549 5632 xxx,
1573 5565 1663 5620 22.
1740 5567 1783 5598 ⁸⁷
1816 5566 1937 5622 Act.
1971 5583 2156 5641 xxvnt,
2182 5571 2237 5641 2,
2273 5574 2325 5628 7.

568 5694 586 5715 "
612 5690 699 5746 Cf.
724 5691 792 5744 ad
824 5688 1082 5757 'l'halass.
1103 5703 1158 5757 q.
1205 5687 1292 5742 54.

573 5762 611 5785 "
636 5760 697 5815 lu
740 5776 831 5829 qq.
860 5760 924 5814 ad
954 5754 1173 5812 Thales.
1200 5773 1256 5828 q.
1280 5757 1375 5813 ’54.
1407 5757 1606 5828 τρόπον
1639 5758 1931 5832 ἐνέργειαι.

2252 5697 2271 5719 ’
2298 5694 2381 5751 Cf.
2411 5696 2498 5751 ad.
2529 5694 2780 5752 Thalass.
2808 5711 2864 5767 q.
2898 5694 2981 5749 '57.
