4020 6416
336 320 461 382 122)

330 527 424 592 τῆς
469 523 758 591 γνὼσεως’
820 522 887 575 τὰ
934 521 991 574 δὲ
1022 521 1296 591 φρύγανα,
1336 520 1436 590 τὴν
1463 520 1570 572 τῶν
1618 520 1913 590 ὁρωμένων

332 618 522 685 φύσιν
554 617 621 686 ἢν
656 616 988 685 συνέστρεφε
1010 614 1106 683 μὲν
1125 616 1191 683 τῇ
1219 614 1384 684 χειρὶ,
1413 616 1479 682 τῇ
1503 614 1647 665 κατὰ
1680 612 1914 683 θεωρίαν

331 709 469 775 λέγω
514 708 870 778 ψηλαφητικῇ
903 705 994 758 τοῦ
1047 704 1139 759 νοῦ
1177 704 1427 774 δυνάμει,
1472 704 1776 774 διατρέφων
1804 705 1915 764 τοῖς

330 801 387 867 ἐξ
410 799 581 866 αὐτῆς
621 799 856 867 νοήμασι
902 796 1001 867 τὴν
1039 796 1154 862 ἕξιν
1194 797 1295 866 τῆς
1322 797 1595 865 γνώσεως,
1627 795 1726 864 τὴν
1749 795 1912 866 θερα-

332 891 599 944 πεύουσαν
646 890 747 960 τὴν
816 892 880 942 ἐκ
933 889 1027 942 τοῦ
1079 888 1346 959 χειμῶνος
1408 887 1517 940 τῶν
1586 884 1914 955 πειρασμῶν

332 981 755 1051 προστριόεῖσαν
777 983 841 1050 τῇ
873 980 1084 1050 διανοίᾳ
1114 980 1449 1048 κατήφειαν·
1474 978 1572 1047 τὴν
1597 976 1654 1029 δὲ
1679 976 1913 1045 ἔχιδναν,

330 1076 425 1142 τὴν
443 1072 815 1133 λανθανόντως
845 1070 1305 1140 ὲγκεκρυμμένην
1346 1070 1412 1139 τῇ
1473 1069 1631 1138 φύσει
1673 1068 1781 1120 τῶν
1828 1068 1915 1119 αἰ-

333 1164 546 1234 σθητῶν
573 1163 820 1232 πονηρὰν
841 1162 935 1214 καὶ
978 1161 1221 1231 ὀλέθριον
1251 1160 1481 1229 δύναμιν
1506 1177 1521 1191 ·
1551 1159 1788 1229 δήξασαν
1819 1159 1917 1228 μὲν

330 1258 426 1328 τὴν
450 1260 631 1327 χεῖρα,
686 1255 959 1317 τουτέστι,
1006 1254 1107 1324 τὴν
1173 1254 1314 1307 κατὰ
1371 1252 1497 1306 νοῦν
1532 1251 1918 1322 ψηλαφητικὴν

329 1351 428 1419 τῆς
464 1349 701 1419 θεωρίας
744 1349 1029 1419 ἐνέργειαν
1055 1363 1069 1376 ·
1112 1346 1172 1399 οὐ
1199 1346 1478 1416 βλάψασαν
1508 1345 1565 1398 δὲ
1593 1346 1685 1398 τὸν
1721 1345 1917 1414 διορα-

329 1443 479 1497 τικὸν
510 1442 655 1505 νοῦν,
702 1439 782 1511 τῷ
839 1442 980 1508 φωτὶ
1016 1441 1119 1503 τῆς
1156 1438 1411 1508 γνώσεως
1459 1436 1627 1508 αὐτὴν
1656 1437 1818 1500 εὐθὺς
1843 1437 1919 1500 ὼς

330 1536 389 1587 ὲν
418 1534 554 1605 πυρὶ
592 1532 1007 1603 διαφθείραντα,
1057 1532 1158 1602 τὴν
1199 1531 1277 1602 τῷ
1311 1530 1600 1602 πρακτικῷ
1658 1532 1920 1599 κινήματι

329 1626 424 1679 τοῦ
466 1626 581 1690 νοῦ,
613 1625 1025 1697 προσαφθεῖσαν
1055 1626 1118 1677 ἐκ
1149 1623 1250 1693 τῆς
1312 1623 1422 1677 τῶν
1480 1622 1756 1693 αἰσθητῶν
1795 1622 1923 1675 θεω-

334 1719 477 1790 ρίας,
511 1718 756 1789 ὀλέθριον
795 1717 1046 1787 δύναμιν.

1012 318 1343 397 ΕΑΡΙΤΗΜ
1382 315 1805 389 QUINQUIES
1842 315 2360 376 CENTENORUM
2401 318 2788 379 CENTURIA
2825 318 2908 379 II.

331 436 474 496 θείας
504 431 718 496 ἐλπίδος
767 432 859 485 καὶ
886 430 1136 486 ἄσειστον
1165 447 1177 459 ·
1212 430 1314 499 τὴν
1336 430 1392 483 δὲ
1439 430 1640 499 πυρὰν,
1671 430 1769 500 τὴν
1795 429 1907 492 ’έξιν

2036 431 2152 484 time
2217 432 2332 501 spei
2380 433 2659 500 habitum;

3472 321 3607 386 1230

2741 448 2957 504 rogum,
3018 434 3267 491 scientiae
3313 436 3445 490 item
3509 440 3603 495 ha-

2699 540 2887 578 rerum
2948 525 3249 580 visibilium
3323 535 3597 597 naturam,

2016 627 2179 680 quam
2226 612 2271 665 is
2297 628 2461 665 manu
2488 614 2747 667 versabat
2778 612 3179 684 (contrectante
3232 616 3446 672 scilicet
3476 633 3607 687 spe-

2015 704 2255 757 culando
2304 704 2505 759 mentis
2554 704 2839 775 facultate)
2897 707 2963 759 ad
3020 707 3277 761 alendum
3325 708 3448 779 ejus
3493 725 3608 763 me-

2016 794 2383 850 ditationibus
2432 795 2720 863 sensisque
2769 795 3014 850 scientize
3076 796 3363 865 habitum;
3398 814 3509 868 quo
3558 800 3607 853 is

2017 886 2294 941 incussam
2321 903 2387 941 ex
2411 889 2777 941 tentationum
2804 888 3023 941 turbine
3046 890 3230 943 animo
3259 890 3608 945 maestitiam-

2016 979 2215 1048 quovis
2257 978 2422 1032 modo
2474 981 2721 1044 levaret;
2773 980 3043 1050 viperam,
3078 982 3394 1036 clanculum
3431 983 3608 1037 later-

2019 1077 2129 1124 tem
2177 1070 2232 1124 in
2282 1087 2467 1125 rerum
2515 1074 2802 1127 sensilium
2864 1084 3061 1129 natura
3106 1074 3503 1145 nequissimam
3546 1090 3611 1130 ac

2016 1162 2295 1217 exitialem
2339 1164 2644 1228 virtutem;
2698 1181 2821 1233 qua:
2872 1180 3117 1219 morsum
3162 1164 3392 1236 quidem
3423 1164 3612 1220 manui

2020 1253 2265 1308 inﬁxerit
2326 1255 2720 1325 (contrectanti
2770 1256 2987 1313 scilicet
3038 1256 3377 1327 speculando
3407 1256 3610 1312 mentis

2018 1344 2355 1414 operationi)
2406 1362 2511 1401 nec
2566 1355 2751 1402 tamen
2799 1348 3331 1418 perspicacissimam
3368 1356 3611 1403 mentem

2019 1438 2321 1507 quidquam
2346 1438 2556 1493 laeserit
2592 1456 2605 1492 :
2634 1455 2756 1509 qua:
2779 1440 2953 1509 ipsam
2983 1440 3166 1495 statim
3193 1440 3441 1497 scientiae
3467 1440 3611 1500 lucc.

2019 1530 2172 1584 velut
2206 1530 2262 1583 in
2300 1530 2446 1600 igne,
2492 1531 2793 1586 haarentem
2832 1531 2995 1603 539
3046 1549 3115 1587 ex
3148 1533 3439 1588 sensilium
3486 1549 3609 1604 spe-

2021 1623 2298 1677 culatione
2354 1624 2475 1693 ejus
2510 1624 2685 1677 motui
2731 1625 3006 1679 actionem
3052 1627 3282 1697 regenti,
3334 1627 3613 1682 exitialem

2023 1730 2145 1769 eam
2189 1714 2452 1769 virtutem
2499 1716 2818 1784 peremerit.

2016 522 2193 575 bitum
2220 540 2234 585 ;
2317 532 2591 577 sarmenta
2609 564 2624 585 ,

565 1776 739 1878 ὐσμὴ
771 1804 838 1878 ἦν
877 1776 986 1861 ἀπὸ
1018 1807 1165 1877 ζωῆς
1209 1808 1287 1870 είς
1318 1804 1464 1875 ζωὴν
1494 1806 1522 1857 ὁ
1574 1802 1914 1866 Ἀπόστολος,

2094 1805 2183 1859 2t.
2226 1805 2356 1859 Erat
2394 1776 2692 1874 Apostolus
2713 1805 2852 1860 odor
2888 1821 2916 1859 a
2941 1806 3054 1860 vita
3088 1805 3156 1860 ad
3194 1806 3363 1860 vitam
3402 1806 3469 1870 ⁸⁸,
3504 1808 3609 1859 vel-

328 1899 405 1963 ὡς
432 1900 567 1963 τοὺς
602 1901 834 1962 πιστοὺς
886 1899 965 1968 τῷ
1014 1898 1137 1952 καθ’
1170 1896 1366 1952 ἑαυτὸν
1412 1895 1798 1967 ὑποδείγματι,
1832 1894 1920 1947 διὰ

331 1994 588 2064 πράξεως
628 1995 765 2065 πρὸς
808 1994 907 2064 τὴν
939 1994 1169 2047 εὐωδίαν
1220 1992 1331 2046 τῶν
1383 1992 1596 2063 ἀρετῶν
1629 1990 1919 2054 κινεῖσθαι,

329 2086 812 2158 παρασκευάζων
857 2088 890 2157 ἢ
928 2088 1055 2149 τοὺς
1102 2085 1461 2157 πειθομένους
1513 2084 1592 2155 τῷ
1634 2084 1776 2154 λόγῳ
1823 2082 1921 2148 τῆς

329 2182 577 2251 χάριτος,
612 2180 688 2243 ὼς
730 2178 907 2250 κήρυξ
939 2179 1047 2232 ἀπὸ
1074 2182 1173 2251 τῆς
1201 2179 1323 2255 κατ’
1352 2178 1606 2248 αἴσθησιν
1636 2176 1804 2246 ζωῆς,
1844 2177 1922 2237 είς

326 2280 430 2343 τὴν
482 2274 538 2325 ὲν
568 2272 841 2343 πνεύματι
875 2273 1131 2343 μετάγων
1162 2271 1331 2341 ζωήν.
1385 2270 1560 2339 Ὀσμὴ
1593 2269 1649 2322 δὲ
1692 2269 1921 2323 Θανάτου

326 2368 409 2431 εἱς
445 2366 697 2430 θάνατον,
731 2368 845 2430 τοῖς
879 2367 989 2419 ἀπὸ
1023 2364 1116 2419 τοῦ
1163 2366 1395 2419 θανάτου
1444 2367 1543 2435 τῆς
1574 2361 1798 2431 ἀγνοίας
1843 2364 1922 2423 είς

328 2458 421 2511 τὸν
452 2459 553 2529 τῆς
583 2459 841 2521 ἀπιστίας
865 2458 1091 2511 ὲλάσασι
1121 2456 1371 2521 θάνατον,
1407 2455 1588 2518 διδοὺς
1618 2455 1798 2516 αὐτοῖς
1844 2454 1922 2505 αί-

329 2550 531 2620 σθησιν
565 2551 664 2619 τῆς
698 2550 969 2622 μενούσης
999 2551 1195 2612 αὐτοὺς
1224 2548 1629 2619 κατακρίσεως.
1662 2547 1732 2600 Ἦ
1762 2547 1924 2600 πάλιν

327 2643 479 2713 ὀσμὴ
505 2643 612 2695 ἀπὸ
636 2642 785 2713 ζωῆς
814 2645 894 2706 είς
921 2642 1088 2712 ζωὴν,
1121 2644 1234 2705 τοῖς
1261 2642 1371 2695 ἀπὸ
1398 2638 1651 2712 πράξεως
1680 2640 1761 2702 είς
1789 2638 1921 2690 θεω-

328 2736 458 2800 ρίαν
483 2735 874 2805 ἀναγομένοιςο
900 2731 1045 2802 ὀσμὴ
1075 2732 1132 2785 δὲ
1164 2731 1394 2785 θανάτου
1426 2733 1506 2793 είς
1538 2730 1787 2788 θάνατον,
1812 2730 1923 2789 τοῖς

326 2827 439 2880 ἀπὸ
491 2826 585 2878 τοῦ
622 2825 897 2895 νεκρῶσαι
930 2824 1004 2896 (b)
1052 2825 1117 2893 τῇ
1169 2822 1293 2874 καθ’
1334 2820 1610 2892 ἁμαρτίαν
1648 2820 1815 2889 ἀργίᾳ
1856 2818 1925 2871 τὰ

332 2918 479 2988 μέλη
506 2918 573 2969 τὰ
606 2919 698 2972 ἐπὶ
727 2918 827 2986 τῆς
860 2916 985 2985 γῆς,
1020 2916 1099 2977 εἰς
1132 2914 1230 2982 τὴν
1259 2914 1368 2965 τῶν
1410 2910 1674 2982 ὲμπαθῶν
1714 2911 1923 2980 νοημά-

326 3028 439 3063 των
486 3025 543 3062 τε
575 3010 669 3062 καὶ
715 3005 1029 3076 φαντασιῶν
1080 3003 1485 3076 ἐπαινουμένην
1538 3001 1924 3073 μεταϐαίνουσι

328 3103 632 3175 νέκρωσιν.

401 3374 511 3424 κε’.
552 3366 715 3435 Τρεῖς
758 3366 896 3419 εἰσιν
948 3365 1007 3417 αἱ
1051 3364 1151 3434 τῆς
1185 3364 1363 3435 ψυχῆς
1402 3363 1693 3433 δυνάμεις,
1751 3364 1929 3432 λόγος,

328 3458 537 3530 θυμὸς,
576 3458 671 3510 καὶ
717 3454 999 3526 ἐπιθυμία.
1038 3455 1129 3524 Τῷ
1180 3456 1278 3526 μὲν
1308 3455 1475 3525 λόγῳ,
1519 3455 1791 3525 ζητοῦμεν
1817 3472 1828 3483 ·
1863 3458 1931 3525 τῇ

329 3552 613 3622 ἐπιθυμίᾳ
658 3552 735 3615 δὲ,
793 3549 1067 3619 ποθοῦμεν
1109 3549 1170 3600 τὸ
1219 3548 1455 3617 ζητηθὲν
1488 3548 1719 3617 ἀγαθόν’
1760 3548 1837 3619 τῷ
1875 3549 1933 3601 δὲ

327 3645 525 3716 θυμῷ,
558 3640 1108 3715 ὑπεραγωνιζόμεθα.
1143 3642 1298 3695 Κατὰ
1327 3641 1526 3704 ταύτας
1556 3641 1619 3710 δὴ
1648 3641 1748 3704 τὰς
1777 3642 1936 3695 δυνά-

330 3756 465 3808 μεις
505 3736 902 3807 προσμένοντες
929 3737 977 3788 οἱ
1009 3736 1099 3787 τδν
1126 3736 1259 3788 Θεὸν
1291 3734 1633 3803 ἀγαπῶντες,
1681 3733 1760 3804 τῷ
1804 3733 1934 3804 θείῳ

327 3830 486 3902 λόγῳ
522 3830 621 3899 τῆς
642 3828 844 3899 ἀρετῆς
875 3827 969 3879 καὶ
1001 3830 1100 3898 τῆς
1130 3826 1381 3891 γνώσεως
1405 3842 1419 3856 ·
1454 3829 1521 3897 τῇ
1556 3826 1675 3896 μὲν,
1707 3826 1933 3899 ζητοῦν-

325 3940 425 3986 τες
452 3939 470 3955 ·
514 3923 579 3991 τῇ
630 3920 708 3979 δὲ,
753 3918 1076 3981 ποθοῦντεςο
1121 3921 1187 3988 τῇ
1237 3918 1316 3979 δὲ,
1372 3917 1933 3987 ὑπεραγωνιζόμενοι,

323 4013 592 4083 δέχονται
624 4010 829 4082 τροφὴν
864 4010 1162 4081 ἄφθαρτον,
1205 4012 1299 4064 καὶ
1334 4009 1422 4062 τὸν
1452 4009 1577 4063 νοῦν
1612 4010 1933 4063 πιαίνουσαν

324 4107 434 4176 τὴν
473 4102 682 4173 γνῶσιν
713 4103 823 4156 τῶν
868 4103 1187 4171 γεγονότων.

407 4265 535 4348 χέ’.
578 4282 688 4353 Τὴν
720 4282 1049 4336 κενωθεῖσαν
1070 4282 1168 4352 τῆς
1191 4282 1436 4352 δοθείσης
1466 4279 1720 4349 γνώσεως
1748 4280 1932 4350 φύσιν,

325 4382 641 4448 γενόμενος
672 4375 958 4446 ἄνθρωπος
993 4377 1021 4428 ὁ
1047 4373 1139 4427 νοῦ
1166 4374 1302 4427 Θεοῦ
1346 4374 1538 4441 Λόγος,
1576 4372 1737 4426 πάλιν
1772 4371 1937 4441 ἐπλήο

2025 1904 2082 1949 ut
2133 1897 2228 1966 qui
2286 1897 2479 1952 ﬁdeles
2519 1897 2777 1967 exemplo
2817 1913 2939 1962 suo,
2974 1906 3036 1952 ut
3076 1898 3147 1953 ad
3184 1900 3458 1953 virtutum
3509 1898 3609 1952 fra-

2023 1988 2291 2058 grantiam
2342 2004 2441 2058 per
2482 1988 2758 2045 actionem
2808 1998 3191 2054 moverentur,
3222 2001 3617 2059 componeret,

2024 2092 2119 2137 aut
2147 2093 2409 2154 tanquam
2445 2084 2793 2153 prasdicator,
2826 2100 2923 2139 eos
2962 2085 3056 2155 qui
3096 2085 3365 2140 doctrina:
3393 2098 3458 2139 ac
3497 2099 3610 2139 ser-

2025 2176 2177 2231 moni
2222 2177 2412 2247 gratiae
2459 2176 2922 2247 obsequerentur,
2955 2193 2986 2232 a
3015 2178 3130 2232 vita
3167 2194 3235 2232 ex
3279 2192 3481 2232 sensus
3528 2193 3607 2231 ra-

2027 2269 2196 2331 tione,
2250 2269 2317 2321 ad
2366 2269 2534 2323 vitam
2588 2285 2711 2338 quae
2750 2285 2816 2323 ex
2867 2270 3099 2339 spiritus
3145 2269 3460 2324 rationibus
3515 2277 3621 2331 est,

2030 2360 2378 2415 transferret.
2422 2359 2572 2414 Odor
2619 2369 2803 2414 autem
2845 2361 3041 2415 mortis
3092 2362 3148 2415 in
3209 2370 3468 2426 mortem,
3514 2360 3621 2423 his,

2027 2453 2121 2521 qui
2153 2453 2221 2506 ab
2272 2453 2596 2523 ignorantia:
2631 2462 2807 2507 morte
2844 2453 2910 2507 ad
2944 2453 3349 2508 incredulitatis
3386 2464 3622 2507 mortem

2028 2549 2339 2605 evaserant,
2392 2558 2629 2611 quorum
2670 2543 2871 2597 animis
2913 2543 3189 2597 manentis
3231 2558 3329 2597 eos
3356 2543 3623 2597 condem-

2028 2631 2270 2685 nationis
2321 2648 2544 2686 sensum
2598 2633 2943 2688 immitteret.
2999 2634 3110 2689 Aut
3159 2651 3353 2689 rursus
3398 2635 3538 2690 odor
3594 2650 3623 2688 a

2028 2721 2139 2775 vita
2185 2722 2251 2774 ad
2302 2723 2491 2786 vitam,
2535 2723 2641 2787 his,
2695 2725 2789 2793 qui
2850 2725 2920 2778 ab
2983 2725 3200 2779 actione
3247 2725 3315 2778 ad
3369 2734 3619 2779 contem-

2028 2814 2325 2883 plationem
2408 2816 2816 2884 proveherent;
2872 2816 3011 2870 odor
3062 2826 3249 2872 autem
3309 2817 3507 2871 mortis
3564 2816 3621 2870 in

2029 2913 2284 2968 mortem,
2350 2907 2453 2968 his,
2504 2906 2599 2976 qui
2656 2907 2726 2961 ab
2770 2924 2836 2961 eo
2891 2910 3038 2978 quod
3078 2910 3388 2965 cessatione
3424 2925 3453 2964 a
3483 2924 3622 2979 pec-

2022 3006 2176 3063 ‘cato,
2224 3000 2453 3069 ejusque
2481 3000 2585 3053 sibi
2613 3000 2818 3054 indicta
2847 3002 3159 3066 vacatione,
3196 3003 3443 3056 membra
3477 3018 3627 3057 mor-

1956 3113 1997 3169 c
2034 3087 2386 3153 tifieaverint,
2428 3106 2549 3159 qua:
2579 3100 2709 3143 sunt
2750 3106 2917 3160 super
2963 3100 3168 3146 terram
3204 3092 3271 3155 ",
3317 3095 3382 3146 ad
3435 3093 3626 3147 lauda-

2034 3180 2201 3234 bilem
2244 3181 2571 3236 vitiosarum
2609 3198 2706 3236 seu
2758 3183 3185 3238 libidinosarum
3224 3185 3625 3255 cogitationum

2032 3287 2437 3342 sensorumque
2470 3274 2638 3327 animi
2684 3274 3167 3329 mortificationem
3207 3285 3516 3332 transeunt.

2101 3361 2191 3416 25.
2234 3363 2373 3417 Tres
2424 3373 2554 3417 sunt
2604 3364 2802 3417 animae
2855 3364 3166 3428 facultates,
3221 3368 3384 3431 ratio,
3440 3366 3520 3421 ira
3571 3376 3629 3423 et

2032 3453 2326 3522 cupiditas.
2365 3454 2443 3507 Ac
2481 3453 2690 3507 ratione
2716 3452 2964 3522 quidem,
3021 3454 3350 3524 quaerimus;
3406 3456 3626 3526 cupidi-

2034 3554 2166 3610 tate,
2201 3546 2347 3616 quod
2395 3545 2688 3616 quzesitum
2720 3546 2926 3600 bonum
2955 3555 3038 3600 est
3071 3547 3483 3614 desideramus;
3522 3548 3625 3614 ira,

2034 3641 2155 3710 ejus
2196 3638 2386 3692 tuendi
2434 3653 2602 3692 causa
2631 3647 3041 3695 concertamus.
3094 3640 3174 3694 Ex
3208 3641 3406 3695 barum
3436 3643 3621 3714 itaque

2030 3730 2359 3785 facultatum
2388 3728 2626 3793 ratione,
2658 3730 2752 3800 qui
2787 3730 2974 3785 divina
3017 3731 3289 3787 charitate
3341 3733 3490 3798 fulti,
3542 3736 3628 3791 di-

2035 3821 2177 3875 vina:
2219 3819 2441 3874 virtutis
2482 3836 2548 3875 ac
2603 3822 2852 3877 scientia
2908 3824 3109 3878 rationi
3171 3834 3337 3895 atque
3381 3831 3625 3883 sermoni

2036 3913 2257 3967 assidue
2320 3922 2525 3967 navant
2567 3911 2831 3984 operam;
2863 3932 2926 3971 ac
2955 3918 3153 3987 partim
3192 3930 3468 3988 quaerunt,
3497 3936 3627 3990 par-

2040 4004 2138 4059 tim
2168 4004 2508 4070 desiderant,
2534 4006 2847 4076 partimque
2880 4008 3071 4062 tuendi
3092 4008 3290 4065 ardore
3314 4010 3625 4076 decertant,

2038 4096 2520 4166 incorruptibilem
2571 4114 2753 4153 escam
2810 4100 3212 4155 nanciscuntur
3258 4117 3323 4157 ac
3384 4111 3626 4159 mentem

2040 4186 2501 4259 impinguantem,
2558 4197 2871 4244 creatarum
2920 4207 3105 4245 rerum
3145 4192 3457 4249 scientiam.

2109 4280 2198 4334 26.
2235 4280 2525 4346 Naturam,
2558 4296 2822 4338 concessa
2881 4284 2986 4338 sibi
3021 4285 3253 4341 scientia
3282 4298 3628 4353 evacuatam,

2042 4373 2137 4427 Dei
2193 4373 2435 4427 Verbum
2485 4374 2693 4429 factum
2740 4376 2926 4442 homo,
2960 4378 3191 4433 scientia
3237 4380 3421 4436 denuo
3453 4382 3629 4437 adim-

328 4488 491 4543 ρωσε
545 4466 834 4535 γνώσεως’
873 4466 965 4518 καὶ
1012 4463 1301 4534 στομώσας
1340 4463 1476 4534 πρὸς
1528 4461 1829 4533 ἀτρεψίαν,
1875 4460 1927 4513 of.

2043 4464 2247 4534 plevit;
2288 4465 2607 4536 duransque
2640 4476 2700 4521 ut
2746 4470 2881 4523 nulli
2926 4468 3190 4541 deinceps
3235 4471 3474 4527 obnoxia
3508 4489 3633 4527 mu-

328 4562 544 4633 φύσει,
593 4560 838 4630 ποιότητι
895 4559 974 4623 δὲ,
1042 4558 1246 4630 ταύτην
1302 4558 1568 4610 ὲθέωσεν⁶
1629 4554 1961 4617 ἁνελλιπῶς.

327 4653 522 4723 αὐτὴν
551 4650 628 4721 τῷ
656 4652 842 4720 οἰκείῳ
870 4650 1285 4722 χαρακτηρίσας
1319 4647 1597 4716 Πνεύματι
1619 4661 1633 4676 ⁸
1685 4645 1938 4714 καθάπερ

278 4756 283 4761 ”
329 4746 520 4815 ὕδωρ,
556 4744 699 4796 οἴνου
732 4744 980 4813 ποιότητι
1027 4742 1166 4813 πρὸς
1208 4741 1359 4818 τρνον
1393 4737 1793 4810 μετακεράσας.
1842 4736 1940 4789 Διά

328 4838 512 4891 τοῦτο
544 4836 654 4906 γὰρ
686 4835 779 4887 καὶ
812 4833 1021 4900 γίνεται
1054 4830 1176 4884 κατ’
1222 4831 1480 4903 ἀλήθειαν
1508 4829 1818 4899 ἄνθρωπος,
1856 4828 1943 4879 ἵνα

329 4931 495 4988 κατὰ
525 4930 684 5001 χάριν
716 4929 862 4997 ἡμᾶς
890 4926 1206 4996 καταστήσῃ
1238 4924 1414 4987 θεούς.

410 5025 532 5090 κζ’.
587 5023 644 5077 '0
684 5022 782 5093 τὴν
829 5020 991 5089 φύσιν
1023 5018 1132 5071 τῶν
1180 5017 1485 5089 ἀνθρώπων
1526 5016 1937 5086 δημιουργήσας

328 5117 510 5179 Θεὸς,
554 5114 670 5184 ἅμα
706 5113 956 5183 βουλήσει
998 5112 1059 5164 τὸ
1094 5106 1234 5163 εἶναι
1267 5110 1403 5181 αὐτῇ
1450 5108 1702 5172 δέδωκεν,
1740 5108 1940 5177 συνήρ-

332 5225 526 5282 μοσεν
573 5208 709 5277 αὐτῇ
762 5205 857 5258 καὶ
909 5202 1137 5273 δύναμιν
1179 5201 1289 5254 τῶν
1327 5202 1678 5273 καθηκόντων
1727 5216 1941 5269 ποιητι-

328 5303 453 5372 κήν
478 5315 496 5331 ·
535 5298 761 5369 δύναμιν
791 5297 848 5351 δὲ
887 5296 1051 5366 λέγω,
1076 5297 1176 5366 τὴν
1202 5295 1476 5357 οὐσιωδῶς
1504 5294 1604 5366 μὲν
1634 5308 1947 5361 κατεσπαρ-

2044 4557 2239 4611 talioni
2274 4557 2367 4622 sit,
2419 4575 2532 4613 non
2583 4567 2803 4625 natura,
2854 4560 2949 4615 sed
3000 4562 3267 4631 qualitate
3314 4579 3434 4617 eam
3474 4564 3630 4619 deiﬁ-

2043 4649 2222 4714 cavit;
2250 4649 2330 4703 sic
2361 4664 2463 4704 suo
2494 4651 2797 4721 obsignans
2838 4650 3074 4721 Spiritu,
3104 4662 3163 4707 ut
3200 4653 3338 4707 nihil
3373 4654 3426 4708 ei
3453 4654 3633 4719 desit;

2046 4757 2110 4795 ac
2183 4741 2227 4795 si
2282 4757 2423 4812 aqua
2480 4742 2595 4796 vini
2650 4743 2917 4812 qualitate
2984 4745 3307 4811 misceatur,
3374 4754 3436 4799 ut
3488 4746 3636 4802 illius

2046 4833 2293 4902 vigorem
2321 4831 2633 4887 contrahat.
2678 4832 2893 4887 Idcirco
2927 4834 3076 4888 enim
3111 4835 3277 4890 etiam
3313 4852 3438 4891 vere
3468 4838 3637 4892 homo

2048 4920 2228 4977 factus
2261 4930 2367 4985 est,
2417 4930 2478 4975 ut
2524 4938 2625 4977 nos
2673 4938 2772 4992 per
2809 4923 3043 4993 gratiam
3072 4924 3214 4981 deos
3256 4936 3564 4995 przestaret.

2121 5012 2210 5067 27.
2254 5014 2401 5067 Deus
2454 5013 2749 5067 condendo
2818 5015 3114 5069 humanam
3181 5026 3458 5082 naturam,
3512 5033 3639 5072 mox

2050 5121 2117 5161 ac
2170 5104 2249 5158 illi
2292 5114 2354 5159 ut
2405 5114 2555 5161 esset
2598 5104 2883 5159 voluntate
2940 5108 3199 5172 contulit,
3251 5108 3362 5161 vim
3419 5126 3641 5180 quoque

2053 5198 2235 5253 eidem
2273 5196 2508 5251 faciendi
2540 5214 2661 5267 quae
2689 5198 2918 5253 honesta
2950 5199 3062 5253 sint
3102 5210 3160 5255 et
3193 5200 3379 5267 oﬂicii,
3409 5204 3642 5274 aptavit.

2056 5291 2176 5347 Vim
2216 5296 2401 5343 autem
2441 5288 2568 5343 dico
2612 5304 2710 5343 seu
2739 5287 3085 5355 facultatem,
3137 5308 3266 5346 eum
3298 5304 3509 5349 motum
3541 5294 3640 5364 qui

412 5463 468 5496 ⁸⁸
494 5462 548 5518 ΙΙ
573 5461 698 5517 Cor.
728 5478 785 5525 ιι,
823 5460 910 5523 l6,
942 5458 1035 5513 ubi
1066 5467 1247 5512 tamen
1276 5456 1433 5511 deest
1464 5457 1524 5509 τὸ
1550 5455 1675 5508 ἀπό.
1708 5453 1851 5508 Odor
1878 5454 1927 5506 vi

2036 5454 2086 5506 in
2114 5452 2300 5506 vitam.
2379 5450 2423 5480 ⁶⁹
2455 5449 2665 5504 Coloss.
2696 5467 2775 5515 Ill,
2806 5452 2857 5505 5.

416 5602 504 5679 (b)
558 5603 698 5657 Ἀπὸ
727 5604 831 5681 rei!
861 5595 1810 5681 rexpdwauﬂuidquidhic-Picus,
1866 5594 1944 5681 sic

330 5664 605 5733 alienum
656 5690 687 5729 a
734 5664 1011 5743 theologia
1064 5664 1388 5741 motumque
1417 5668 1692 5743 scientia,
1749 5674 1809 5718 ut
1857 5664 1941 5743 vel

328 5760 536 5806 unum
574 5744 624 5799 id
641 5746 893 5815 exemplo
912 5735 1029 5799 Esse
1056 5752 1243 5813 queat,
1271 5735 1380 5795 non
1409 5740 1566 5794 facile
1587 5735 1943 5805 irrumpenda

2052 5606 2206 5664 sacra
2242 5590 2425 5664 adyta.
2462 5587 2683 5664 ei,__qui
2720 5590 2967 5664 ἀμιξητος
3003 5589 3117 5664 sit._
3145 5590 3286 5664 Quid
3323 5593 3470 5646 enim
3526 5612 3647 5664 por.

2052 5663 2156 5783 riui
2193 5658 2456 5719 socordia,
2503 5658 2722 5729 aliaque
2764 5658 2866 5714 hic
2896 5660 2946 5713 ei
3002 5661 3208 5731 posita?
3268 5661 3387 5737 Ipsa
3424 5658 3643 5725 Maium

2052 5747 2080 5783 c
2107 5748 2219 5783 ara.

2052 5747 2219 5784 clara.
