4020 6412
338 390 470 454 12⁸33

1005 395 1342 458 (ᾺΡΙἸὋΜ
1383 397 1809 470 QUINQUIES
1848 395 2372 460 CENTENORUM
2417 402 2810 464 CENTURIA
2851 402 2929 463 II.

3490 401 3620 462 1231

331 503 395 578 ἦς
445 508 590 562 κατά
637 508 736 581 τὴν
777 512 994 583 πεῖραν,
1032 514 1106 584 μὴ
1163 513 1404 583 ἅψασθαι
1451 515 1518 568 δι’
1558 515 1839 586 ἐνεργείας
1892 515 1922 565 ὁ

2053 517 2243 570 nomini
2297 518 2657 575 interdictum
2706 529 2874 587 esset,
2909 536 2977 576 ne
3017 521 3357 592 experiendo
3392 524 3618 592 attinge-

329 599 612 670 ανθρωπος
660 603 761 670 τὴν
792 602 944 657 θείαν
988 603 1171 659 λαϐὼν
1211 609 1452 677 ἐντολὴν,
1485 608 1588 661 οὑκ
1631 606 1918 676 ἐφύλαξεν.

397 691 498 757 λγ’.
555 692 868 766 Ἀμφότερα
904 695 972 748 τά
1002 696 1132 761 ξύλα
1164 700 1304 752 κατά
1337 699 1437 769 τὴν
1469 698 1715 771 Γραφὴν,
1759 697 1922 754 τινῶν

329 784 432 836 είσι
465 781 803 856 διακριτικὰ,
852 788 1022 858 ῆγουν
1053 791 1080 842 ὁ
1109 789 1234 852 νοῦς
1273 793 1367 846 καὶ
1399 793 1432 862 ἡ
1469 790 1721 863 αἴσθησις
1741 807 1754 821 ·
1787 777 1920 855 οἷον,

331 881 358 932 ὁ
394 877 494 947 μὲν
525 879 670 941 νοῦς,
722 879 836 950 ἔχει
883 881 1113 953 δύναμιν
1161 883 1529 954 διακριτικὴν,
1575 881 1784 952 νοητῶν
1829 882 1925 936 καὶ

330 969 625 1040 αἰσθητῶν,
657 972 1011 1043 προσκαίρων
1055 975 1150 1027 καὶ
1189 975 1456 1029 αἰωνίων·
1495 975 1698 1045 μᾶλλον
1729 974 1786 1028 δὲ
1817 973 1922 1044 ψυ-

331 1065 430 1135 χῆς
469 1064 730 1135 ὑπάρχων
775 1065 1010 1136 δύναμις
1057 1067 1395 1138 διακριτικὴ,
1435 1067 1546 1120 τῶν
1582 1067 1704 1137 μὲν,
1753 1067 1927 1138 αὐτὴν

331 1155 654 1226 ἀντέχεσθαι
704 1156 912 1210 πείθει·
955 1157 1066 1211 τῶν
1114 1159 1194 1225 δὲ,
1263 1160 1685 1232 ὑπεραίρεσθαι.
1747 1161 1811 1213 Ἠ
1867 1161 1926 1214 δὲ

330 1248 585 1320 αἴσθησις
631 1248 744 1319 ἔχει
784 1249 1016 1321 δύναμιν
1047 1251 1393 1323 διακριτικὴν
1424 1252 1619 1322 ἡδονῆς
1658 1253 1928 1322 σωμάτων

332 1342 426 1394 καὶ
451 1340 647 1409 ὀδύνης
666 1357 680 1370 ·
717 1341 920 1411 μᾶλλον
947 1342 1003 1395 δέ
1042 1341 1272 1412 δύναμις
1296 1342 1620 1413 ὑπάρχουσα
1669 1343 1929 1413 ἐμψύχων

331 1432 425 1485 καὶ
462 1432 800 1502 αἰσθητικῶν
845 1434 1141 1503 σωμάτων,
1173 1434 1271 1505 τὴν
1312 1435 1410 1504 μὲν
1457 1433 1654 1505 ἡδονὴν
1693 1435 1930 1488 ἐπισπᾶ-

334 1523 458 1579 σθαι
489 1525 689 1590 πείθει,
720 1524 820 1596 τὴν
853 1525 912 1580 δὲ
943 1526 1136 1598 ὀδύνην
1167 1527 1618 1599 ἀποπέμπεσθαι.

402 1788 499 1844 λδ’.
545 1790 604 1844 '0
637 1789 946 1861 ἄνθρωπος,
982 1793 1078 1846 ἐὰν
1112 1794 1210 1863 μὲν
1239 1793 1407 1864 μόνης
1452 1794 1551 1864 τῆς
1579 1795 1702 1848 καθ’
1733 1795 1931 1866 ἡδονὴν

335 1882 429 1934 καὶ
464 1879 658 1952 ὀδύνην
684 1881 1008 1954 αἰσθητικῆς
1040 1883 1148 1938 τῶν
1172 1885 1442 1954 σωμάτιον
1465 1885 1692 1956 γένηται
1719 1885 1932 1956 διακρί·
1964 1869 2007 1924 Β

337 1991 499 2038 σεως,
549 1976 649 2046 τὴν
685 1976 835 2028 θείαν
871 1977 1128 2049 παραϐὰς
1178 1977 1418 2047 ἐντολὴν,
1457 1978 1626 2032 ἐσθίει
1668 1979 1730 2032 τὸ
1777 1977 1932 2042 ξύλον

336 2068 396 2118 τξ
433 2066 676 2134 γνωστὸν
715 2067 882 2120 καλοῦ
916 2069 1010 2121 καὶ
1043 2071 1316 2140 πονηροῦ·
1353 2071 1622 2134 τουτέστι,
1667 2073 1766 2142 τὴν
1811 2072 1931 2125 κατ’

336 2157 595 2228 αἴσθησιν
643 2160 898 2227 ἀλογίαν·
937 2161 1076 2232 ἔχων
1124 2164 1291 2234 μόνην
1321 2165 1419 2236 τὴν
1467 2165 1798 2235 συστατικὴν
1827 2165 1936 2218 τῶν

339 2252 614 2320 σωμάτων
661 2252 972 2324 διάκρισιν,
1024 2255 1146 2308 καθ’
1195 2257 1284 2326 ἣν,
1331 2257 1406 2320 ὼς
1460 2255 1557 2327 μὲν
1601 2257 1794 2319 καλοῦ,
1836 2257 1934 2327 τῆς

338 2343 535 2414 ἡδονῆς
569 2345 887 2415 ἀντέχεται·
927 2348 1000 2410 ὡς
1043 2348 1096 2399 δὲ
1133 2348 1327 2413 κακοῦ,
1368 2350 1468 2419 τῆς
1493 2349 1688 2416 ὀδύνης
1723 2351 1938 2420 ἀπέχε-

273 2429 283 2436 ’
336 2455 451 2491 ται.
502 2438 630 2492 Ἐὰν
671 2439 729 2491 δὲ
781 2438 950 2508 μόνης
973 2442 1072 2508 τῆς
1113 2441 1224 2493 τῶν
1275 2442 1509 2495 αἰωνίων
1553 2442 1938 2514 διακρινούσης

337 2529 408 2582 τὰ
454 2529 769 2599 πρόσκαιρα
813 2531 879 2583 δι’
911 2532 1038 2584 ὅλου
1079 2533 1305 2603 γένηται
1354 2537 1547 2602 νοερᾶς
1591 2536 1936 2605 διακρίσεως,

338 2621 440 2691 τὴν
466 2620 618 2674 θείαν
642 2621 882 2689 φυλάξας
909 2623 1155 2692 ἐντολὴν,
1185 2624 1357 2677 ἐσθίει
1383 2625 1439 2678 τὸ
1461 2624 1616 2691 ξύλον
1638 2627 1734 2694 τῆς
1759 2627 1901 2694 ζωῆς
1922 2644 1935 2658 ·

339 2713 440 2783 τὴν
493 2713 635 2767 κατά
673 2713 800 2767 νοῦν
851 2712 996 2782 λέγω
1050 2717 1449 2786 συνισταμένην
1499 2718 1722 2784 σοφίαν·
1771 2719 1940 2789 μόνην

339 2805 485 2873 ἔχων
517 2805 612 2874 τὴν
643 2807 978 2875 συστατικὴν
1015 2809 1114 2874 τῆς
1144 2807 1323 2878 ψυχῆς
1354 2807 1661 2879 διάκρισιν·
1698 2809 1822 2862 καθ’
1853 2811 1939 2880 ἣν,

337 2894 411 2958 ὡς
471 2895 568 2965 μὲν
620 2897 813 2957 καλοῦ,
861 2899 958 2968 τῆς
994 2899 1104 2951 τῶν
1145 2901 1384 2953 αἰωνίων
1424 2901 1710 2971 ἀντέχεται
1744 2902 1936 2972 δόξης·

337 2991 415 3053 ὡς
498 2991 554 3044 δὲ
623 2993 794 3046 κακοῦ
820 3035 834 3054 ,

339 3083 577 3152 φθορᾶς.

411 3175 511 3228 λε’.
570 3176 680 3228 Νοῠ
735 3177 832 3244 μὲν
886 3176 1050 3230 καλόν
1112 3179 1295 3242 ἐστιν,
1343 3180 1376 3249 ἡ
1423 3178 1642 3249 ἀπαθὴς
1699 3179 1837 3248 πρὸς
1883 3179 1944 3233 τὺ

339 3266 567 3335 πνεῦμα
603 3268 875 3332 διάθεσις·
931 3270 1099 3322 κακὸν
1149 3270 1226 3335 δὲ,
1269 3273 1300 3342 ἡ
1353 3271 1608 3343 ἐμπαθὴς
1656 3271 1794 3342 πρὸς
1843 3270 1943 3343 τὴν

338 3357 600 3429 αίσθησιν
630 3360 850 3430 σχέσις·
887 3361 1198 3432 αἰσθήσεως
1238 3362 1293 3414 δὲ
1326 3363 1491 3416 καλόν
1533 3365 1702 3427 ἐστιν,
1749 3365 1782 3435 ἡ
1821 3362 1944 3417 καθ’

338 3449 544 3520 ἡδονὴν
577 3451 833 3522 ἐμπαθὴς
867 3452 1004 3522 πρὸς
1059 3453 1221 3522 σῶμα
1265 3455 1516 3526 κίνησις·
1570 3456 1742 3509 κακὸν
1794 3457 1872 3521 δὲ,
1911 3458 1944 3525 ἡ

340 3543 492 3597 κατὰ
522 3545 778 3616 στέρησιν
811 3545 1011 3614 ταύτης
1046 3547 1401 3617 ἐπιγινομένη
1435 3546 1696 3612 διάθεσις.

913 2995 1012 3062 τῆς
1073 2995 1183 3049 τῶν
1263 2996 1614 3068 προσκαίρων
1677 2997 1942 3066 ἀπέχεται

415 3811 535 3877 λς’.
593 3811 651 3864 Ὁ
708 3813 902 3878 πείσας
933 3816 1025 3868 ’τὸ
1095 3814 1340 3878 συνειδὸς
1388 3814 1465 3878 ὡς
1518 3817 1678 3886 φύσει
1745 3819 1946 3881 καλὸν,

341 3905 736 3978 πραττόμενον
769 3906 916 3976 ἔχειν
944 3909 1006 3960 τὸ
1048 3909 1334 3974 κάκιστον,
1378 3905 1535 3973 οὗτος
1579 3913 1763 3984 χειρὸς
1791 3912 1948 3983 δίκην

341 3998 605 4061 ἐκτείνας
633 4000 695 4051 τὸ
743 4001 1069 4070 πρακτικὸν,
1103 4002 1262 4054 ἔλαϐε
1291 4003 1509 4074 ψεκτῶς
1541 4003 1634 4058 τοῦ
1664 4003 1820 4069 ξύλου
1848 4005 1948 4075 τῆς

342 4088 536 4160 ζωῆς,
591 4091 862 4144 ἀθάνατον
917 4095 1265 4164 ἡγησάμενος
1320 4096 1480 4165 φύσει
1543 4097 1604 4149 τὸ
1665 4097 1946 4152 κάκιστον.

341 4185 559 4255 Διόπερ
590 4183 690 4255 τὴν
719 4186 860 4238 κατά
888 4187 950 4238 τὸ
983 4188 1218 4251 συνειδὸς
1248 4189 1341 4242 τοῦ
1379 4190 1550 4244 κακοῦ
1584 4190 1839 4261 διαϐολὴν
1873 4192 1951 4262 τῷ

344 4275 635 4348 ἀνθρώπῳ
665 4277 915 4346 φυσικῶς
966 4278 1258 4350 ἐνθέμενος
1297 4283 1324 4334 ὁ
1368 4282 1521 4347 Θεὸς,
1551 4284 1822 4355 διέκρινεν
1862 4287 1952 4339 αὑ-

343 4369 443 4423 τὸν
469 4369 578 4439 τῆς
618 4370 795 4439 ζωῆς,
844 4371 1017 4425 κακὸν
1064 4375 1129 4444 τῇ
1181 4374 1501 4445 προαιρέσει
1550 4377 1948 4448 γεγενημένον·

345 4461 440 4514 ἵνα
508 4461 585 4532 μὴ
636 4464 698 4515 τὸ
755 4465 925 4517 κακὸν
977 4465 1271 4536 πράττων,
1325 4467 1548 4540 δύνηται
1614 4472 1798 4524 πεῖσαι
1853 4473 1952 4544 τὴν

2028 616 2132 669 ret,
2183 609 2504 663 mamlatum
2554 625 2664 664 non
2713 613 2976 666 servavit.

2097 694 2253 766 541
2306 697 2394 752 55.
2449 698 2757 768 Utrumque
2807 699 3017 770 lignum
3073 699 3263 770 (mens
3309 701 3524 756 scilicet
3570 711 3628 756 et

2025 789 2240 857 sensus)
2273 788 2428 858 juxta
2464 789 2828 860 Scripturam,
2861 789 2973 843 vim
3006 791 3373 860 quorumdam
3411 791 3624 844 discer-

2025 876 2338 930 nendorum
2370 878 2600 944 habent,
2626 879 2780 934 verbi
2813 879 2988 950 gratia
3021 896 3196 944 mens,
3225 897 3288 935 ea
3316 881 3369 934 vi
3400 881 3627 951 praedita

2027 983 2149 1034 est,
2187 988 2293 1042 qua
2329 973 2612 1028 discernat
2645 991 2768 1044 quae
2809 977 2913 1031 sub
2952 977 3295 1030 intellectum
3337 978 3539 1030 cadunt
3574 985 3630 1030 et

2028 1077 2152 1132 quae
2195 1064 2299 1118 sub
2341 1081 2587 1131 sensum,
2615 1082 2737 1136 qua:
2778 1076 3130 1136 temporanea
3167 1078 3223 1120 et
3262 1083 3384 1137 qua:
3424 1078 3631 1121 aeterna

2029 1163 2178 1207 sunt.
2214 1154 2350 1219 lmo,
2384 1171 2509 1209 cum
2552 1157 2668 1226 ipsa
2711 1158 2984 1228 ejusmodi
3028 1158 3262 1211 facultas
3301 1157 3500 1210 anima:
3538 1157 3630 1220 sit,

2029 1245 2121 1298 cui
2175 1246 2318 1300 inest
2360 1249 2444 1302 vis
2488 1249 2874 1311 discernendi,
2911 1261 3105 1304 auctor
3151 1250 3227 1304 illi
3276 1258 3393 1315 est,
3427 1259 3485 1303 ut
3528 1250 3632 1304 alia

2031 1340 2429 1409 amplectatur,
2466 1341 2572 1396 alia
2619 1351 2845 1412 superet
2893 1357 2958 1396 ac
3002 1341 3380 1396 transcendat.
3427 1341 3635 1396 Sensus

2031 1442 2215 1485 autem
2258 1432 2366 1484 vim
2402 1431 2570 1486 habet
2604 1431 2986 1487 discernenda:
3048 1446 3346 1500 corporum
3379 1429 3630 1496 volupta-

2035 1521 2104 1574 tis
2148 1529 2314 1591 atque
2355 1521 2565 1575 doloris
2607 1539 2618 1574 :
2663 1521 2917 1590 quinimo
2959 1536 3084 1574 cum
3131 1520 3248 1587 ipse
3289 1517 3522 1571 facultas
3563 1515 3634 1568 sit

2035 1627 2326 1681 corporum
2356 1614 2535 1668 anima
2571 1629 2848 1683 sensuque
2880 1612 3265 1682 praeditorum,
3292 1611 3632 1679 voluptatem

2036 1703 2259 1772 quidem
2296 1704 2566 1759 asciscere
2602 1704 2828 1768 suadet,
2858 1704 3106 1758 dolorem
3137 1719 3267 1757 vero
3301 1701 3629 1772 propellere.

2109 1795 2198 1860 54.
2232 1795 2427 1861 llomo,
2457 1797 2731 1866 siquidem
2768 1797 2868 1852 soli
2906 1796 3252 1860 discretioni,
3283 1810 3404 1864 qua:
3437 1808 3635 1848 sensus

2034 1895 2140 1953 est,
2179 1887 2477 1957 voluptatis
2523 1903 2822 1958 corporum
2870 1896 3037 1958 atque
3076 1886 3308 1949 doloris,
3352 1886 3635 1955 impensus

2036 1978 2142 2041 sit,
2193 1977 2366 2031 divini
2427 1978 2706 2044 mandati;
2766 1977 3217 2048 transgressionis
3271 1992 3433 2039 reus,
3486 1975 3635 2044 ligno

2036 2071 2280 2126 vescitur
2321 2071 2568 2125 scicntia:
2614 2071 2744 2125 boni
2795 2080 2852 2125 et
2906 2071 3033 2125 mali
3093 2071 3321 2140 (sensus
3367 2069 3634 2122 nimirum

2035 2173 2262 2234 experte
2297 2165 2528 2227 rationis
2561 2164 2735 2233 metu)
2770 2181 2880 2218 una
2921 2164 3134 2232 pollens
3168 2179 3231 2216 ea
3265 2161 3633 2223 discretione,

2038 2271 2161 2324 quae
2195 2255 2261 2309 ad
2300 2271 2597 2324 corporum
2634 2256 3072 2326 incolumitatem
3108 2255 3268 2318 facit;
3307 2270 3444 2323 qua,
3475 2253 3634 2308 volu-

2039 2355 2248 2418 ptatem
2297 2347 2521 2416 quidem
2573 2358 2632 2401 ut
2680 2349 2888 2401 bonum
2942 2347 3336 2415 amplectitur;
3391 2346 3636 2400 dolorem

2040 2455 2172 2493 vero
2210 2439 2348 2507 fugit
2415 2447 2476 2492 ut
2515 2439 2738 2492 malum.
2771 2438 2864 2492 Sin
2904 2448 3089 2492 autem
3131 2439 3334 2492 mentis
3374 2438 3639 2491 duntaxat

2041 2530 2364 2584 discretioni
2419 2547 2648 2600 prorsus
2696 2531 2953 2595 studeat,
3000 2548 3120 2600 qua:
3166 2541 3521 2599 temporanea
3571 2529 3639 2582 ab

2039 2625 2262 2678 mternis
2309 2623 2618 2684 discernat,
2665 2623 2839 2676 divini
2892 2624 3138 2677 mandati
3191 2632 3383 2681 tenax,
3427 2623 3634 2691 lignum

2042 2714 2167 2769 vita:
2203 2715 2553 2784 (sapientiam
2590 2715 2859 2768 nimirum
2896 2715 2949 2768 in
2989 2722 3174 2769 mente
3211 2714 3636 2783 consistentem)

2042 2810 2318 2875 comedit;
2363 2826 2469 2864 una
2506 2810 2774 2863 duntaxat
2810 2811 3074 2880 pra-ditus
3111 2810 3481 2873 discretione,
3515 2824 3638 2878 qum

2044 2900 2111 2955 ad
2143 2901 2310 2954 animi
2343 2901 2575 2956 salutem
2608 2903 2768 2966 facit;
2802 2919 2930 2971 qua,
2961 2911 3293 2956 aeternorum
3329 2902 3636 2967 claritatem

2045 3003 2108 3047 ut
2133 2993 2338 3046 bonum
2372 2995 2716 3064 complexus,
2746 3011 2775 3049 a
2808 3004 3152 3049 tcrrenorum
3191 2994 3550 3063 corruptione
3582 3001 3636 3047 ut

2047 3098 2077 3137 a
2107 3085 2252 3138 malo
2284 3085 2623 3155 abjungitur.

2117 3173 2206 3226 55.
2239 3175 2434 3228 Mentis
2471 3174 2678 3228 bonum
2717 3183 2879 3243 atque
2915 3174 3107 3238 animi,
3137 3175 3432 3244 tranquilla
3467 3181 3550 3229 est
3581 3190 3642 3228 ac

2048 3265 2345 3319 all'eetihus
2372 3282 2576 3320 vacans
2605 3251 2706 3319 seu!
2736 3265 3034 3319 libidinosa
3073 3267 3193 3336 ejus
3226 3283 3354 3336 erga
3389 3267 3641 3336 spiritum

2047 3356 2298 3422 allectio;
2335 3359 2538 3411 malum
2566 3375 2718 3420 vero,
2747 3358 3040 3412 libidinosa
3077 3369 3132 3410 et
3158 3375 3280 3412 cum
3313 3359 3514 3413 aﬂ'ectu
3546 3376 3640 3414 seu

2047 3447 2467 3515 perturbatione
2515 3464 2640 3518 erga
2687 3465 2911 3504 sensum
2963 3449 3231 3502 habitudo
3284 3465 3347 3502 ac
3399 3450 3640 3503 affectio.

2051 3539 2261 3594 Sensus
2285 3550 2467 3593 autem
2495 3541 2723 3603 bonum,
2746 3558 2958 3611 pronus
2980 3550 3064 3595 est
3087 3541 3386 3610 voluptatis
3411 3541 3642 3594 libidine

2049 3629 2106 3682 in
2141 3643 2344 3700 corpus
2382 3638 2596 3694 motus;
2635 3631 2838 3684 malum
2876 3647 3038 3692 vero,
3068 3646 3190 3698 qum
3225 3644 3320 3699 per
3355 3628 3505 3682 illius
3536 3630 3644 3698 pri-

2049 3720 2327 3774 vationem
2357 3722 2648 3791 dispositio
2678 3739 2739 3776 ac
2769 3723 2988 3777 affectio
3021 3722 3252 3776 accedit.

2119 3812 2211 3866 56.
2242 3813 2344 3880 Qui
2393 3825 2588 3869 auctor
2626 3815 2980 3869 conscientia:
3021 3823 3126 3878 est,
3162 3825 3223 3869 ut
3261 3815 3411 3868 velut
3453 3823 3644 3867 natura

2049 3903 2294 3966 bonum,
2361 3905 2509 3974 quod
2579 3914 2666 3959 est
2732 3906 3037 3974 pessimum
3107 3919 3277 3973 Opere
3340 3904 3645 3958 exercitum

2051 3996 2278 4063 habeat;
2317 3997 2393 4062 is,
2421 3999 2581 4068 quasi
2623 4013 2844 4052 manum
2885 3997 3102 4067 (agendi
3142 3996 3272 4067 vim)
3310 4000 3643 4056 extendens.

2050 4088 2120 4143 de
2155 4089 2306 4160 ligno
2338 4091 2496 4154 vitaz,
2531 4089 2846 4144 damnando
2884 4089 3132 4145 facinore
3168 4090 3407 4160 accepit;
3453 4099 3646 4143 natura

2052 4191 2205 4236 ratus
2244 4182 2588 4243 immortale.
2619 4183 2764 4252 quod
2806 4183 2858 4236 in
2897 4182 3155 4252 pessimis
3191 4182 3508 4236 habendum
3543 4192 3644 4237 est.

2052 4273 2197 4328 Deus
2234 4273 2440 4343 itaque,
2470 4275 2564 4344 qui
2600 4284 2796 4328 natura
2831 4274 3043 4328 homini
3082 4273 3378 4338 indiderat,
3409 4282 3486 4338 ut,
3521 4291 3652 4327 con-

2053 4365 2282 4420 scientia
2331 4367 2537 4438 judice,
2573 4368 2777 4422 malum
2824 4367 3198 4437 vituperaret,
3245 4368 3502 4422 eumdem
3553 4383 3651 4420 sua

2055 4458 2234 4529 ipsum
2259 4460 2544 4514 voluntate
2575 4475 2638 4515 ac
2663 4459 2900 4514 arbitrio
2932 4461 3138 4514 malum
3175 4459 3458 4522 eﬂ‘ectum,
3486 4476 3514 4513 a
3542 4459 3650 4513 vita

349 4553 499 4606 ἰδίαν
533 4555 863 4624 συνείδησιν,
913 4557 997 4611 ὅτι
1052 4557 1212 4628 φύσει
1262 4559 1426 4614 καλὸν
1467 4561 1705 4636 ὑπάρχει
1741 4563 1802 4616 τὸ
1852 4565 1940 4619 κάς

2053 4551 2365 4620 segregavit
2402 4567 2415 4603 :
2454 4567 2522 4606 ne
2559 4551 2691 4605 dum
2727 4551 2931 4604 malum
2973 4549 3115 4621 agit,
3152 4550 3508 4604 conscientiae
3541 4565 3653 4602 su:e

347 4660 570 4698 κιστον.

424 4809 511 4875 λζ’
587 4810 653 4863 Ἥ
687 4811 952 4881 ἄμπελος,
989 4809 1133 4865 οἶνον
1183 4816 1357 4868 ποιεῖ’
1390 4815 1418 4868 ὁ
1449 4813 1612 4878 οἶνος,
1663 4817 1836 4890 μέθην
1860 4836 1872 4849 ·
1917 4822 1951 4889 ἡ

353 4899 532 4970 μέθη,
560 4899 838 4955 ἔκστασιν.
871 4904 1081 4958 Οὐκοῦν
1105 4907 1133 4958 ὁ
1155 4907 1382 4976 ἐνεργὴς
1409 4907 1586 4975 λόγος,
1627 4910 1766 4981 ὅπερ
1806 4913 1956 4966 ἐστὶν

351 4993 386 5061 ὴ
437 4991 708 5060 ἄμπελος,
766 4993 1180 5066 γεωργούμενος
1208 4998 1331 5058 ταῖς
1380 4996 1624 5068 ἀρεταῖς,
1665 5001 1830 5073 γεννᾷ
1859 5005 1957 5074 τὴν

351 5083 566 5152 γνῶσιν
586 5101 599 5115 ·
628 5085 660 5154 ἡ
693 5083 750 5137 δὲ
777 5085 1000 5154 γνῶσις,
1036 5089 1199 5159 γεννᾷ
1221 5088 1321 5160 τὴν
1350 5089 1522 5161 καλὴν
1551 5089 1826 5157 ἔκστασιν,
1859 5094 1958 5166 τὴν

349 5174 452 5228 τὸν
489 5172 613 5228 νοῦν
650 5176 751 5246 τῆς
785 5178 904 5230 κατ’
941 5179 1196 5250 αἴσθησιν
1231 5181 1468 5249 σχέσεως
1509 5181 1829 5248 ἐξιστῶσαν.

430 5268 541 5338 λη’.
581 5269 709 5333 Τοῖς
742 5270 851 5322 τῶν
889 5270 1166 5342 αἰσθητῶν
1207 5273 1482 5344 νοήμασιν
1519 5277 1675 5329 εἴωθε
1716 5278 1955 5352 κακούρη

351 5373 478 5424 γως
517 5358 546 5410 ὁ
595 5359 826 5430 πονηρὸς
863 5361 1192 5430 συμϐάλλειν
1242 5363 1311 5415 τὰ
1356 5364 1466 5417 τῶν
1517 5366 1794 5436 αἰσθητῶν
1839 5372 1955 5443 εἴδη

349 5451 459 5503 καὶ
495 5454 770 5522 σχήματα,
799 5452 866 5505 δι’
895 5446 969 5507 ὧν
1001 5454 1210 5522 πέφυκε
1239 5454 1307 5508 τὰ
1338 5457 1483 5528 πάθη
1503 5457 1956 5530 δημιουργεῖσθαι

355 5541 499 5612 περὶ
527 5543 622 5607 τὰς
657 5545 982 5614 ἐπιφανείας
1016 5546 1124 5598 τῶν
1156 5548 1388 5617 ὁρατῶν,
1428 5551 1616 5603 στάσιν
1655 5553 1958 5624 λαμϐανού-

348 5651 460 5704 σης
497 5636 574 5707 (ε)
609 5635 698 5690 διὰ
731 5637 827 5706 τῆς
859 5637 1030 5708 μέσης
1066 5639 1372 5711 αἰσθήσεως
1411 5641 1508 5710 τῆς
1547 5643 1763 5712 περὶτὰ
1791 5648 1959 5718 νοητά

2057 4641 2392 4711 persuadere
2429 4643 2628 4712 possit,
2659 4642 2864 4696 bonum
2899 4652 3094 4694 natura
3129 4655 3273 4702 esse,
3299 4639 3444 4709 quod
3482 4639 3654 4709 pessi-

2059 4750 2209 4788 mum
2241 4743 2346 4789 est.

2129 4824 2219 4879 57.
2277 4825 2451 4890 Vitis,
2502 4826 2691 4881 vinum
2759 4827 2936 4897 parit;
3005 4828 3232 4893 vinum,
3287 4825 3648 4887 ebrietatem;

2061 4912 2222 4984 542
2279 4915 2550 4977 ebrietas,
2597 4917 2800 4971 mentis
2853 4932 3164 4972 excessum.
3214 4914 3413 4970 Ellicax
3469 4913 3653 4982 itaque

2064 5006 2206 5060 ratio
2255 5007 2452 5078 (quam
2503 5008 2606 5062 rite
2651 5008 2820 5063 vitem
2861 5006 3304 5078 nuncupaveris)
3352 5003 3654 5059 virtutibus

2062 5098 2303 5162 exculta,
2327 5099 2616 5153 scientiam
2641 5099 2945 5170 progignit;
2969 5099 3221 5162 scientia,
3241 5098 3448 5152 bonum
3466 5111 3656 5150 exces-

2071 5205 2216 5255 sum,
2237 5206 2348 5259 quo
2366 5205 2522 5244 mens
2538 5205 2568 5244 a
2585 5191 2790 5245 carnali
2822 5207 3128 5262 sensusque
3157 5190 3384 5245 libidine
3415 5187 3652 5242 excedit.

2133 5285 2222 5339 38.
2252 5285 2454 5338 Rerum
2482 5284 2536 5338 in
2566 5300 2787 5339 sensum
2819 5285 3135 5340 cadentium
3167 5283 3451 5354 conceptis
3475 5283 3653 5337 animo

2065 5374 2394 5438 rationibus,
2421 5373 2740 5427 earumdem
2779 5372 2983 5429 formas
3017 5385 3180 5443 atque
3216 5374 3416 5443 figuras
3450 5379 3511 5424 ut
3537 5387 3660 5424 ver-

2066 5475 2188 5520 sute
2219 5474 2496 5528 conserat,
2523 5482 2588 5519 ex
2615 5465 2940 5535 nequissimi
2971 5466 3134 5536 genio
3159 5473 3274 5531 est;
3303 5464 3506 5534 quibus
3531 5478 3660 5531 pro-

2067 5558 2209 5612 clive
2249 5558 2399 5612 circa
2437 5573 2627 5611 earum
2671 5573 2858 5612 rerum
2900 5567 3279 5628 conspectum,
3312 5571 3450 5626 quas
3484 5554 3660 5608 oculis

2068 5666 2422 5721 usurpamus,
2445 5649 2676 5704 atl'ectus
2703 5661 3066 5720 procreantur
3089 5665 3154 5704 ac
3176 5648 3438 5704 libidines
3459 5663 3474 5710 ;
3495 5647 3665 5700 ratio-

438 5813 518 5891 (ε)
559 5815 784 5871 Στάσιν
833 5820 1302 5891 .1:(}l€tﬂ'0t"(7t)('
1358 5824 1820 5897 Interquiesrmtle.
1891 5847 1940 5883 ac

2054 5841 2293 5892 essantc;
2355 5847 2422 5887 ne
2483 5846 2649 5885 sensu
2702 5827 2883 5884 medio
2927 5827 2993 5882 ad
3046 5825 3315 5897 spiritalia
3375 5831 3658 5887 transeat;
