4020 6460
368 372 505 441 12⁸ἲῦ

1533 381 1594 443 S.
1634 383 1923 443 MAXIMI
1960 383 2468 449 CONFESSORIS

3492 396 3613 461 19.36

361 490 485 545 nali,
508 491 772 547 nimirum
808 489 866 548 in
903 493 1069 551 nobis
1098 492 1359 550 facultate
1392 503 1548 550 motu
1584 496 1850 563 inhibita,
1875 514 1945 554 ne

2068 499 2373 568 ῖιαῦάσεως,
2412 504 2516 574 τῆς
2548 506 2606 559 ὲν
2636 507 2769 576 ἡμῖν
2801 506 3047 582 λογικῆς,
3070 508 3369 580 ἐνεργείας.
3413 510 3503 564 At?)
3530 515 3615 566 καὶ

360 581 691 639 intermedio
725 599 891 639 sensu
923 585 992 640 ad
1026 585 1296 655 spiritalia
1332 593 1603 654 transeat,
1636 597 1693 643 et
1722 604 1788 643 ea
1823 604 1946 663 quae

359 672 476 727 sola
505 683 688 728 mente
719 673 1127 746 intelliguntur.
1155 674 1407 746 Iliaeque
1441 676 1581 732 adeo
1608 687 1691 732 est
1720 686 1781 732 ut
1809 694 1947 748 prae-

357 764 534 820 valeat
582 765 651 820 ad
698 766 1072 836 diripiendum
1113 767 1387 832 animum,
1428 776 1486 823 et
1532 769 1601 824 ad
1649 769 1945 825 libidinum

358 856 737 928 vitiorumque
767 857 1152 914 confusionem
1179 859 1601 915 detrahendum.

430 946 519 1003 59.
557 947 655 1002 Dei
691 948 968 1013 Verbum,
1004 950 1170 1005 simul
1212 958 1270 1005 et
1312 951 1482 1005 semel
1524 959 1580 1006 et
1621 951 1849 1007 lucerna
1891 960 1950 1007 et

360 1038 549 1094 lumen
602 1049 687 1095 est
719 1041 787 1107 ⁸³,
833 1051 949 1096 ιιιιιι
998 1057 1106 1112 qua
1154 1041 1395 1097 ﬁdelium
1447 1043 1726 1097 naturales
1775 1042 1948 1097 animi

362 1132 607 1187 rationes
632 1132 967 1196 illuminans,
992 1142 1109 1188 tum
1134 1149 1243 1204 qua
1269 1149 1362 1189 eas
1387 1134 1647 1199 adurens,
1673 1149 1794 1205 qua:
1818 1143 1951 1190 sunt

365 1231 567 1292 praeter
607 1233 885 1280 naturam.
912 1225 992 1281 ‘Ut
1036 1226 1164 1280 item
1210 1225 1337 1281 vitae
1379 1241 1448 1280 ex
1492 1241 1689 1282 sensus
1739 1226 1950 1281 ratione

367 1310 632 1370 instituta:
674 1316 965 1386 caliginem
1003 1315 1072 1371 iis
1112 1317 1359 1382 solvens,
1396 1316 1493 1386 qui
1539 1317 1797 1372 mandata
1843 1317 1949 1371 im—

365 1402 569 1472 plendo
589 1444 604 1469 ,
637 1404 705 1459 ad
738 1405 907 1460 vitam
946 1406 1291 1461 contendunt
1325 1407 1381 1460 in
1414 1422 1511 1477 spe
1545 1407 1705 1463 nobis
1737 1408 1953 1478 reposi-

371 1502 511 1562 tam;
548 1510 611 1550 ac
642 1494 882 1566 denique
914 1505 975 1550 ut
1004 1496 1199 1567 judicii
1233 1496 1432 1551 ardore
1465 1512 1531 1553 ac
1566 1497 1825 1553 incendio
1856 1513 1954 1553 eos

369 1587 634 1655 puniens,
669 1603 809 1657 quos
843 1588 1150 1643 tenebrosae
1183 1588 1348 1658 hujus
1380 1590 1508 1644 vitae
1540 1606 1642 1646 nos
1673 1607 1741 1645 ex
1772 1592 1955 1646 carnis

368 1679 625 1745 libidine,
649 1681 835 1735 animo
858 1679 1146 1735 devinctos
1175 1679 1535 1751 addictosque
1567 1690 1740 1736 tenet.

436 1772 528 1826 60.
560 1769 680 1825 Nisi
712 1771 839 1841 quis
871 1770 1028 1840 prius
1060 1770 1129 1824 ad
1166 1770 1408 1840 seipsum
1445 1773 1763 1837 emerserit,
1798 1772 1959 1827 inna-

2048 593 2338 663 κατισχύει
2377 595 2599 667 πορθεῖν
2632 598 2732 668 τὴν
2767 596 2967 669 ψυχὴν,
2997 599 3091 653 καὶ
3133 600 3215 664 είς
3248 598 3350 669 τὴν
3383 601 3493 655 τῶν
3527 620 3618 657 πα·

2047 683 2157 740 θῶν
2190 686 2453 756 σύγχυσιν
2482 687 2835 760 κατασύρειν.

2121 973 2222 1025 λθ¹.
2264 972 2470 1043 Λύχνος
2513 974 2651 1040 ἐστι,
2688 974 2831 1028 κατά
2875 972 3074 1028 ταυτὸν
3106 975 3242 1045 ὁμοῦ
3279 977 3376 1027 καὶ
3417 975 3551 1045 φῶς,
3596 980 3623 1031 ό

2048 1065 2144 1118 τοῦ
2191 1064 2327 1117 Θεοῦ
2373 1065 2552 1132 λόγος.
2588 1067 2681 1119 καὶ
2715 1065 2791 1129 ὡς
2836 1066 3087 1136 φωτίζων
3134 1066 3265 1131 τοὺς
3295 1067 3439 1120 κατά
3472 1068 3625 1137 φύσιν

2049 1157 2343 1227 λογισμοὺς
2389 1157 2497 1211 τῶν
2541 1157 2770 1221 πιστῶν,
2817 1159 2911 1211 καὶ
2958 1158 3035 1222 ὡς
3087 1159 3261 1213 καίων
3307 1159 3437 1219 τοὺς
3481 1160 3626 1230 παρὰ

2052 1252 2251 1320 φύσιν
2292 1251 2389 1303 καὶ
2420 1251 2496 1314 ὡς
2536 1250 2681 1303 λύων
2713 1251 2805 1303 τὸν
2852 1251 3017 1321 ζόφον
3056 1251 3158 1322 τῆς
3205 1254 3327 1305 κατ’
3384 1252 3626 1323 αἴσθησιν

2052 1343 2219 1413 ζωῆς,
2268 1345 2382 1406 τοῖς
2425 1343 2514 1395 διὰ
2558 1343 2666 1396 τῶν
2701 1342 2930 1398 ἐντολῶν
2968 1345 3107 1414 πρὸς
3135 1344 3232 1416 τὴν
3274 1344 3625 1416 ἐλπιζομένην

2051 1436 2427 1506 ἐπειγομένοις
2461 1436 2628 1507 ζωὴν,
2660 1435 2754 1490 καὶ
2784 1435 2861 1499 ὡς
2910 1435 3156 1500 κολάζων
3199 1439 3263 1507 τῇ
3312 1434 3507 1489 καύσει
3537 1436 3629 1505 τῆς

2052 1530 2288 1601 κρίσεως
2320 1530 2447 1593 τοὺς
2476 1529 2687 1600 ταύτης
2723 1527 2823 1597 τῆς
2855 1529 3136 1598 σκοτεινῆς
3168 1526 3263 1580 τοῦ
3303 1527 3417 1597 βίου
3446 1529 3629 1592 νυκτὸς

2053 1622 2195 1675 κατά
2232 1621 2460 1692 γνώμην
2503 1619 2592 1674 διὰ
2624 1620 2809 1690 φιλίαν
2834 1620 3037 1691 σαρκὸς
3068 1618 3486 1690 ἀντεχομένους.

2129 1799 2204 1871 μ’.
2255 1799 2316 1852 Ὀ
2353 1797 2427 1867 μὴ
2458 1797 2595 1867 πρὸς
2633 1796 2847 1859 ἑαυτὸν,
2879 1795 3032 1866 φησι,
3066 1796 3334 1865 πρότερον
3365 1792 3635 1864 ἀναχθεὶς,

370 1863 642 1918 turalibus
671 1863 833 1934 longe
866 1860 1095 1933 abjectis
1127 1862 1449 1928 aﬁ‘ectibus,
1482 1873 1543 1918 ut
1573 1863 1642 1918 ad
1672 1872 1953 1920 auctorem

2068 1848 2267 1958 aliis;
2283 1848 2592 1956 ἀποθοῆγέ
2758 1848 2909 1954 παρά
2942 1848 3353 1952 ’φύυσινιπαθῶῆ
3392 1848 3526 1951 πρδς

368 1971 531 2013 suum
577 1972 641 2012 ac
681 1971 903 2011 causam
948 1957 1149 2027 (Deum
1189 1956 1435 2028 scilicet)
1483 1959 1771 2024 ascendat,
1812 1975 1958 2013 nun-

368 2063 533 2117 quam
566 2046 694 2115 ﬁat;
727 2063 791 2103 ea
824 2064 924 2118 per
956 2049 1188 2119 gratiam
1224 2049 1597 2119 comparando
1629 2050 1806 2114 bona,
1837 2066 1961 2121 quae

369 2146 580 2194 natum
605 2139 717 2193 vim
746 2155 968 2195 omnem
994 2148 1278 2210 superant.
1300 2139 1500 2195 Aninio
1522 2141 1670 2196 enim
1697 2157 1726 2195 a
1756 2142 1962 2197 creatis

368 2234 594 2306 abjungi
624 2249 853 2290 necesse
884 2243 1003 2299 est,
1032 2235 1127 2303 qui
1165 2235 1427 2303 in,Deum
1455 2249 1585 2289 vere
1620 2235 1964 2305 colligendus

369 2327 464 2381 sit.
1596 2378 1603 2381 ι

440 2417 532 2473 41.
560 2417 721 2489 Legis
754 2417 972 2487 scripta:
1001 2431 1141 2488 opus
1169 2427 1275 2484 est,
1302 2417 1593 2473 aﬂ'ectibus
1622 2427 1787 2488 atque
1815 2418 1966 2475 vitiis

2061 1979 2198 2034 ιδίαν
2230 1977 2433 2041 αἰτίαν,
2461 1977 2630 2046 ιἤγουν
2656 1975 2750 2028 τὸν
2790 1974 2942 2036 Θεὸν,
2971 1973 3058 2026 διά
3089 1972 3191 2041 τῆς
3223 1972 3283 2024 ὲν
3326 1969 3509 2041 χάριτι
3536 1968 3638 2023 τῶν

2059 2071 2202 2142 ὑπὲρ
2251 2069 2415 2138 φύσιν
2445 2067 2663 2136 ἀγαθῶν
2686 2067 3070 2135 ξὲπικτήσεως,
3115 2062 3217 2116 οὐκ
3248 2060 3636 2133 ἀναχθήσεται.

2060 2159 2184 2212 Τῶν
2205 2157 2316 2228 γάρ
2343 2155 2732 2224 πεποιημένων
2755 2152 3094 2225 χωρισθῆναι
3119 2152 3202 2206 δεῖ
3224 2150 3370 2205 κατά
3387 2150 3638 2214 διάνοιαν,

2060 2251 2152 2304 τὸν
2182 2248 2319 2319 πρὸς
2344 2248 2479 2300 Θεὸν
2510 2244 2728 2317 ἀληθῶς
2759 2245 3152 2315 συναγόμενον.

2138 2427 2245 2490 μα’.
2287 2417 2394 2471 Τοῦ
2433 2418 2532 2488 μὲν
2579 2413 2827 2489 γραπτοῦ
2864 2414 3031 2485 νόμου
3064 2413 3226 2485 ἔργον
3262 2411 3437 2479 ἐστὶν,
3466 2412 3501 2482 ἡ
3542 2408 3644 2463 τῶν

374 2510 603 2565 liberari
635 2527 648 2562 :
685 2508 954 2564 naturalis
982 2524 1114 2564 vero
1139 2507 1299 2579 legis,
1326 2523 1483 2577 aequa
1508 2508 1745 2579 quadam
1773 2507 1964 2563 distri-

2068 2511 2257 2567 παθῶν
2293 2511 2580 2581 ἀπαλλαγή
2602 2526 2616 2539 ο
2660 2507 2892 2578 φυσικοῦ
2924 2507 2983 2561 δὲ
3028 2507 3218 2577 νόμου,
3257 2506 3293 2576 ἡ
3328 2506 3454 2559 κατ’
3482 2505 3643 2558 laevo-

373 2601 605 2657 butione
629 2615 795 2672 pares
816 2601 1032 2655 cunctis
1054 2599 1283 2655 honoris
1306 2607 1492 2670 partes
1515 2599 1781 2655 tribuere.
1803 2599 1967 2670 Legis

2069 2607 2199 2675 μίαν
2228 2604 2365 2675 πρὸς
2385 2603 2593 2664 πάντας
2613 2599 2712 2655 ἀνθ
2722 2599 2938 2670 ρώπους
2969 2598 3209 2668 ἰσοτιμία
3228 2614 3243 2628 ·
3269 2592 3644 2667 πνευματικοῦ

374 2692 615 2762 denique
641 2690 906 2762 spiritalis
929 2689 1215 2761 perfectio,
1240 2698 1445 2760 quanta
1468 2689 1679 2745 homini
1703 2704 1966 2747 concessa

2068 2695 2122 2748 δὲ
2152 2694 2317 2763 νόμου
2344 2691 2645 2754 τελείωσις,
2678 2692 2712 2761 ἡ
2755 2689 2893 2761 πρὸς
2934 2688 3025 2743 τὸν
3068 2686 3223 2753 Θεδν,
3256 2686 3337 2751 ὡς
3367 2685 3514 2740 ἔστιν
3554 2685 3645 2739 ἀν-

376 2793 484 2852 cst,
509 2793 765 2839 accurata
791 2798 919 2840 cum
946 2784 1061 2838 Deo
1089 2782 1416 2838 similitudo.

443 2875 534 2932 42.
559 2875 867 2946 Corporum
899 2864 1198 2945 rerumque
1223 2873 1676 2944 incorporearum
1709 2872 1829 2945 (seu
1855 2873 1969 2944 spi-

372 2965 608 3035 rituum)
634 2950 883 3021 scientiae
909 2979 1082 3034 capax
1110 2971 1306 3019 natura
1334 2972 1439 3029 est,
1467 2963 1669 3018 mentis
1690 2962 1923 3019 facultas
1950 2980 1963 3017 :
2016 2966 2019 2969 ‘

377 3066 584 3114 sanctae
620 3065 808 3112 autem
843 3054 1129 3110 Trinitatis
1173 3055 1291 3109 solo
1325 3054 1513 3124 gratiae
1553 3054 1724 3109 ductu
1763 3054 1965 3109 indicia

375 3148 528 3220 capit
551 3163 616 3204 ac
643 3146 1191 3218 repraesentationes;
1222 3145 1371 3216 quod
1401 3145 1747 3202 solummodo
1778 3144 1967 3201 credat
1993 3178 2041 3242 ο

377 3242 532 3298 illam
583 3254 738 3304 esse,
788 3254 900 3293 non
951 3237 1084 3310 quid
1141 3237 1359 3292 tandem
1417 3252 1516 3307 per
1560 3237 1855 3292 essentiam
1903 3252 1969 3292 ac

374 3339 576 3388 natura
605 3331 699 3395 sit,
724 3328 982 3400 superbia
1010 3328 1298 3398 prmsumit
1316 3369 1331 3393 ,
1363 3337 1424 3383 ut
1450 3343 1607 3383 mens
1631 3327 1837 3382 divina.
1863 3326 1968 3394 Qui

282 3460 286 3463 -
374 3422 528 3478 enim
560 3437 762 3493 expers
795 3419 1042 3476 scientiae
1074 3427 1193 3484 est,
1225 3418 1450 3474 virtutis
1482 3417 1710 3473 modum
1743 3418 1968 3499 elqendi

379 3515 641 3573 \itiorum
673 3511 896 3579 sordes,
922 3509 1349 3581 haudquaquam
1376 3509 1551 3565 novit.

448 3606 540 3661 45.
569 3604 675 3672 Qui
708 3603 1060 3659 mendacium
1094 3601 1294 3672 diligit,
1324 3601 1403 3658 illi
1433 3601 1503 3656 ad
1536 3601 1823 3657 interitum
1854 3612 1970 3657 tra~

379 3698 565 3763 ditur;
604 3703 665 3751 ut
694 3694 899 3766 quibus
927 3694 1087 3749 malis
1119 3691 1279 3764 5&3
1309 3689 1566 3758 afﬁcitur,
1594 3692 1702 3747 hoc
1729 3694 1967 3761 noverit,

378 3786 530 3858 quod
582 3792 779 3856 sponte
828 3783 1037 3850 coluit;
1088 3798 1266 3853 exque
1319 3798 1507 3838 rerum
1556 3782 1676 3853 ipso
1720 3784 1971 3854 periculo

379 3880 578 3944 discat,
600 3893 703 3949 pro
725 3877 860 3943 vita,
880 3883 1118 3932 mortem
1141 3891 1201 3930 se
1226 3874 1632 3945 imprudentem
1656 3876 1974 3947 complexu-

380 3986 504 4026 rum
534 3984 679 4025 esse.

450 4061 541 4117 44.
576 4060 744 4125 Deus,
773 4057 906 4114 boni
941 4056 1207 4112 duntaxat
1236 4057 1526 4115 scientiam
1562 4057 1751 4126 habet,
1784 4068 1846 4115 ut
1874 4058 1972 4131 qui

380 4152 690 4211 secundum
721 4149 1043 4214 essentiam,
1067 4149 1199 4204 boni
1228 4156 1343 4203 tum
1370 4157 1572 4204 natura
1599 4157 1716 4204 tum
1740 4150 1970 4207 scientia

379 4251 469 4299 est
499 4261 513 4296 :
543 4240 675 4297 mali
703 4247 891 4295 autem
922 4238 1090 4293 habet
1118 4237 1513 4309 ignorantiam,
1541 4246 1602 4292 ut
1630 4240 1787 4311 cujus
1820 4241 1970 4297 nulla

381 4333 504 4405 ejus
531 4331 765 4388 facultas
793 4336 1090 4400 competat.
1116 4329 1362 4395 Quorum
1391 4329 1541 4385 enim
1571 4339 1768 4385 natura
1797 4331 1971 4388 facul-

385 4435 554 4482 tatem
585 4424 776 4488 habet,
800 4434 998 4478 eorum
1029 4427 1087 4476 et
1110 4421 1342 4477 scientia
1370 4438 1472 4493 per
1496 4422 1795 4478 essentiam
1827 4440 1969 4495 prae-

385 4516 538 4573 ditus
566 4524 673 4573 est.

457 4614 548 4669 45.
581 4611 737 4680 Quod
777 4611 832 4665 in
864 4609 1115 4666 Levitico
1150 4608 1534 4679 pectusculum
1568 4617 1680 4677 est,
1710 4619 1978 4680 praestan-

454 4729 501 4763 ⁸⁸
533 4730 674 4785 Psal.
703 4744 882 4793 cxvnl,
914 4726 1051 4788 105;
1077 4726 1238 4780 Prov.
1264 4741 1337 4789 γι,
1363 4724 1452 4778 25.

461 4851 477 4868 ⁵
503 4849 587 4906 Cf.
624 4850 694 4904 ad
729 4848 979 4903 Thalass.
1020 4862 1076 4916 q.
1106 4845 1176 4900 «55
1208 4852 1265 4898 et
1289 4844 1357 4899 46
1388 4842 1528 4897 infra
1559 4859 1710 4898 num.
1741 4847 1830 4901 47.

389 4984 525 5041 qua,
559 4967 777 5041 scilicet
819 4962 1145 5041 conspectis
1168 4959 1370 5041 i_rel)us
1396 4958 1672 5041 "libidine
1704 4962 1973 5041 adhaeret,

389 5029 494 5095 nec
515 5040 664 5109 ipsas
699 5038 756 5092 in
784 5034 867 5109 eis
889 5029 1072 5104 legere
1098 5031 1363 5094 rationes,
1395 5029 1574 5099 iisque
1607 5030 1674 5084 ad
1705 5029 1973 5101 spiritalia

389 5105 929 5196 ειεξιιέιεξθειυάειι
977 5173 1037 5196 ..
1617 5171 1644 5196 ,.
1763 5170 1769 5175 -

461 5179 527 5254 (f)
552 5171 635 5232 Ἦ
662 5177 771 5231 τοῦ
820 5173 1243 5254 νοῦ-ξύναμις.
1310 5172 1425 5254 εἰς,
1446 5171 1700 5254 emend.“
1724 5171 1793 5226 ex
1840 5186 1970 5253 mss.

390 5242 519 5304 cod.
553 5262 679 5302 cum
726 5253 892 5309 esset,
939 5243 1005 5295 Ἠ
1042 5242 1135 5296 τοῦ
1169 5243 1338 5313 νόμου
1368 5242 1619 5313 δύναμις.
1660 5242 1786 5313 Ηῲο
1824 5242 1971 5295 enim

393 5317 593 5374 mentis
621 5316 834 5387 objecta
867 5323 1021 5387 sunt,
1052 5329 1163 5387 non
1187 5312 1357 5387 legis:
1387 5312 1685 5387 corporum
1710 5312 1972 5381 incorva

394 5382 896 5455 reorumque(seu
943 5382 1285 5455 spirituum)
1328 5382 1570 5455 notitia:
1627 5396 1738 5436 non
1792 5392 1973 5455 tamen

321 5503 333 5514 .
393 5459 569 5541 ipsius
594 5452 902 5541 Trinitatis,
934 5452 1116 5541 quoad
1138 5452 1451 5541 quodquid
1473 5453 1973 5541 .estAesseLcogjni:

328 5580 345 5591 ,
395 5522 492 5584 tio.
515 5527 696 5585 Unum
741 5526 850 5581 hoc
887 5522 1071 5580 credit
1098 5523 1193 5594 pia
1237 5537 1425 5594 mens,
1471 5522 1647 5594 ipsam
1679 5536 1803 5594 esse
1831 5526 1890 5573 οῠ
1918 5522 1972 5573 τι

334 5596 343 5603 ’
395 5615 526 5651 ποτε
547 5597 670 5651 κατ’
701 5596 889 5649 οὐσίαν
920 5595 1066 5647 ἐστὶν
1099 5591 1542 5662 αὐθαδιζομένηλ·
1584 5593 1682 5646 sibi
1727 5593 1844 5662 ipsa
1878 5606 1973 5660 per

394 5668 693 5738 superbiam
713 5682 823 5738 non
844 5680 1126 5738 qrrogjam,
1154 5664 1366 5738 ut_sciat
1394 5661 1520 5738 quid
1547 5662 1643 5738 illa
1670 5663 1738 5715 sit
1768 5676 1861 5738 per
1893 5676 1974 5713 es-

395 5731 623 5791 sentiam
649 5754 668 5801 ,°
696 5736 771 5797 ὡς
799 5737 827 5788 ὁ
852 5731 1128 5805 δαιμόνιος
1157 5731 1332 5805 yogggj
1343 5731 1510 5805 quasi
1540 5732 1662 5805 ‘hoc
1710 5731 1967 5805 unj_p_ro-

400 5807 581 5876 prium
615 5798 763 5862 dicat
783 5798 985 5862 divina:
1000 5802 1192 5859 menti.
1212 5798 1515 5856 Nihil'boni
1540 5801 1699 5856 Picus
1729 5821 1739 5854 :
1773 5798 1966 5856 anla-

2067 2784 2274 2856 θρώπῳ
2305 2784 2530 2836 δυνατὸν
2567 2780 2907 2851 ἐξομοίωσις.
3010 2806 3015 2812 ι
3134 2851 3137 2854 ἠ

2142 2873 2255 2945 μβ⁹.
2295 2875 2408 2944 Τῆς
2441 2874 2539 2944 μὲν
2572 2872 2683 2926 τῶν
2715 2872 2984 2942 σωμάτων
3031 2871 3127 2925 καί¹
3175 2869 3487 2939 ἀσωμάτων
3512 2864 3646 2936 γνὼ-

2071 2985 2228 3031 σεως,
2279 2965 2503 3037 δεκτικὴ
2552 2964 2694 3019 κατὰ
2747 2963 2909 3032 φύσιν
2954 2963 3102 3016 ἐστὶν
3150 2963 3183 3033 ή
3223 2962 3320 3015 τοῦ
3369 2960 3461 3014 νοῦ
3497 2959 3649 3013 δύνα-

2075 3078 2166 3131 μις
2200 3062 2267 3129 (Ῑ)
2293 3074 2307 3086 ⁸
2337 3061 2436 3128 τῆς
2468 3057 2528 3110 δὲ
2565 3059 2664 3127 τῆς
2694 3055 2856 3125 ἁγίας
2901 3055 3152 3125 Τριάδος,
3184 3054 3328 3107 κατά
3368 3054 3533 3123 μόνην
3557 3050 3650 3120 τὴν

2071 3152 2232 3221 χάριν
2258 3149 2474 3219 δέχεται
2500 3148 2598 3210 τάς
2627 3147 2895 3216 ἐμφάσεις
2915 3161 2928 3175 ⁸
2958 3146 3040 3199 ὅτι
3082 3144 3200 3198 ἐστὶ
3239 3143 3406 3212 μόνον
3436 3139 3649 3196 πιστεύ-

2073 3260 2230 3308 ουσα,
2265 3242 2382 3296 ἀλλ’
2418 3241 2480 3294 οὐ
2524 3240 2575 3292 τί
2615 3256 2749 3292 ποτε
2795 3239 2916 3292 κατ’
2958 3237 3147 3290 οὐσίαν
3179 3235 3330 3290 ἐστὶν
3372 3230 3650 3296 αὐθαδιζο-

2079 3339 2236 3408 μένη,
2258 3336 2334 3399 ὡς
2362 3337 2391 3389 ό
2416 3334 2692 3405 δαιμόνιος
2718 3332 2860 3394 νοῦς.
2899 3331 2959 3385 '0
2986 3330 3095 3399 γὰρ
3121 3328 3384 3399 γνώσεως
3410 3328 3648 3398 ἄμοιρος,

2075 3427 2164 3480 τὸν
2208 3426 2328 3480 κατ’
2356 3424 2559 3497 ἀρετὴν
2598 3422 2859 3494 ῥυπτικὸν
2885 3422 2984 3501 τῆς
3011 3419 3212 3483 κακίας
3250 3417 3504 3489 οὐδαμῶς
3533 3413 3651 3468 ἐπί-

2078 3535 2270 3571 σταται
2299 3519 2520 3589 τρόπον.

2152 3616 2261 3681 μγ’.
2314 3610 2374 3662 '0
2425 3607 2486 3661 τὸ
2536 3606 2733 3677 ψεῦδος
2780 3604 3047 3674 ἀγαπῶν,
3099 3602 3253 3673 αὐτῷ
3305 3600 3652 3674 παραδίδοται

2077 3703 2215 3774 πρὸς
2255 3698 2554 3762 ἀπώλειαν,
2609 3698 2697 3751 ἴνα
2742 3695 2855 3766 γνῷ
2909 3694 3136 3764 πάσχων
3186 3693 3326 3764 ὅπερ
3375 3690 3516 3745 ἑκὼν
3557 3704 3651 3742 πε-

2079 3797 2276 3866 ριεῖπε,
2319 3792 2416 3855 καὶ
2470 3789 2617 3861 μάθῃ
2672 3788 2815 3842 κατά
2855 3786 2955 3857 τὴν
2991 3788 3185 3855 πεῖραν
3232 3785 3547 3852 γενόμενος,
3581 3778 3653 3841 ὡς

2075 3884 2368 3940 ἐλάνθανεν
2394 3882 2515 3938 ἀντὶ
2542 3881 2699 3952 ζωῆς
2727 3876 3232 3950 περιπτυσσόμενος
3261 3874 3517 3929 θάνατον.

2153 4061 2257 4133 μδ’.
2290 4058 2477 4130 Μόνην
2529 4057 2644 4128 εχει
2682 4053 2777 4109 τοῦ
2826 4052 2994 4108 καλοῦ
3033 4050 3134 4121 τὴν
3183 4047 3393 4118 γνῶσιν
3441 4046 3470 4099 ό
3504 4043 3652 4108 Θεὸς,

2038 4196 2045 4203 .
2075 4155 2152 4218 ὡς
2181 4154 2305 4208 κατ’
2338 4151 2528 4206 οὐσίαν
2553 4146 2648 4203 τοῦ
2670 4145 2838 4201 καλοῦ
2868 4144 3030 4214 φύσις
3046 4146 3106 4196 τε
3132 4140 3229 4195 καὶ
3250 4139 3458 4209 γνῶσις
3485 4135 3654 4206 ὑπάρο

2077 4266 2189 4320 χων
2206 4262 2220 4278 ο
2262 4243 2359 4299 τοῦ
2391 4244 2449 4298 δὲ
2477 4241 2675 4305 κακοῦ,
2705 4239 2805 4311 τὴν
2827 4238 3068 4306 ἄγνοιαν,
3096 4235 3172 4299 ὡς
3204 4232 3305 4304 τὴν
3331 4231 3501 4287 αὐτοῦ
3521 4228 3655 4320 ῑχων

2076 4319 2382 4409 ἀδυναμίαν
2400 4355 2415 4368 ο
2463 4328 2537 4388 ὧν
2576 4335 2685 4404 γὰρ
2708 4332 2825 4403 ἔχει
2849 4331 2951 4402 τὴν
2987 4328 3217 4400 δύναμιν
3242 4325 3514 4398 φυσικῶς,
3534 4319 3654 4377 τούο

2075 4449 2186 4488 των
2217 4428 2492 4493 οὐσιωδῶς
2521 4426 2789 4497 κέκτηται
2817 4424 2918 4493 τὴν
2947 4421 3172 4491 γνῶσιν.

2160 4612 2260 4684 με’.
2298 4614 2315 4629 ⁶
2362 4607 2437 4663 To
2476 4609 2534 4662 ὲν
2568 4606 2646 4678 τῷ
2682 4601 2953 4672 Λευῖτικῷ
2984 4600 3291 4671 στηθύνιον,
3322 4598 3424 4667 τὴν
3456 4593 3654 4665 ἀμείνω

2080 4968 2230 5013 tenus
2278 4953 2566 5010 secundum
2615 4951 2971 5007 substantiam
3020 4955 3095 5001 est
3143 4952 3455 5013 contumax,
3505 4941 3652 4996 veluti

2079 5008 2533 5091 ἓὶίῖέιὶωήάὴίηιυε.
2558 5023 2636 5077 De
2674 5034 2809 5075 voce
2860 5018 3157 5091 δαιμόνιος,
3194 5016 3368 5091 multa
3420 5008 3553 5068 Bud.
3601 5020 3653 5066 ct

2079 5084 2194 5151 alii.
2228 5097 2432 5151 Planus
2460 5093 2552 5147 hic
2569 5105 2785 5155 sensus,
2811 5096 2870 5143 ut
2894 5084 2967 5142 sit
2998 5087 3182 5141 divina
3208 5101 3273 5139 ac
3295 5084 3455 5155 beata
3484 5097 3648 5155 mens,

2080 5168 2200 5237 ipse
2228 5163 2524 5237 Deus,_qni
2555 5163 2637 5217 sic
2659 5152 2795 5237 _a_se
2812 5159 2959 5213 nihil
2989 5166 3303 5237 arrogatam
3357 5154 3521 5237 habet
3571 5152 3647 5206 sui

2080 5227 2180 5308 per
2208 5227 2519 5308 essentiam
2556 5231 2812 5308 notitiam
2848 5247 2861 5283 :
2902 5227 3049 5308 quo'd
3099 5234 3306 5308 tamen2
3332 5231 3394 5308 _et
3421 5237 3649 5308 sequen:

2086 5295 2158 5360 'tia
2186 5308 2307 5377 ejus
2328 5320 2469 5377 cap.
2489 5301 2811 5377 desiderant
2858 5295 3155 5377 tres__Regi_i
3203 5295 3367 5377 codd:
3423 5305 3647 5377 quorum

2082 5362 2834 5466 copiafuit'.;Si§q_uisntatnlen
2862 5369 2930 5466 ad
2953 5362 3647 5466 diabqlﬂmntrqb‘etj‘enxlell‘iit;
3678 5406 3691 5421 κ

2080 5436 2174 5516 qui
2208 5446 2288 5501 sic
2320 5436 2980 5516 queasttacﬁardicatur,
3012 5447 3073 5493 ut
3098 5444 3184 5492 est
3212 5436 3360 5516 illius
3381 5449 3413 5488 a
3432 5439 3647 5516 peccato

2076 5506 2240 5578 ὄίνους
2271 5517 2299 5568 ὁ
2330 5506 2604 5583 λόγοςζει
2657 5511 2765 5583 alia
2820 5525 2942 5580 qua:
3001 5506 3362 5583 prosequitur
3430 5506 3642 5583 Pionys.

2077 5602 2190 5640 non
2221 5574 2676 5656 ⁷ιιιιειιόςιδοιιεει
2700 5580 2793 5636 ille
2834 5574 3144 5635 temeritate
3171 5574 3333 5647 adyta
3362 5574 3498 5630 velle
3526 5587 3647 5643 per-

2077 5652 2346 5725 rumpere
2371 5663 2429 5709 et
2456 5652 2780 5725 inconcessa
2816 5659 3029 5705 tentare
3058 5664 3071 5703 :
3097 5657 3155 5703 at
3183 5663 3294 5702 non
3324 5660 3454 5702 sana
3475 5656 3643 5707 mens,

2075 5742 2140 5781 ac
2169 5722 2293 5796 quae
2325 5725 2537 5779 nitatur
2569 5722 2693 5777 ﬁde.
