4020 6400
364 352 499 414 1237

1004 357 1343 419 CAPITUM
1379 358 1805 430 QUINQUIE‘S
1843 358 2367 421 CENTENORUM
2406 363 2798 422 CENTUBIA
2842 365 2922 424 II.

3500 364 3636 426 1938

364 467 456 522 καὶ
500 467 712 539 ὑψηλὴν
745 447 984 540 θεωρίαν
1017 469 1202 540 δηλοῖ·
1238 471 1266 522 ὁ
1296 471 1351 523 δὲ
1383 469 1646 541 βραχίων,
1669 472 1768 542 τὴν
1809 472 1952 540 πρᾶ-

2067 471 2260 526 ιίοτοιιι
2314 487 2377 525 ac
2431 472 2725 526 sublimem
2777 474 3300 543 contemplationem
3353 473 3646 543 significat.

362 561 468 626 ξιν,
503 561 673 631 ἤγουν
707 562 802 615 τοῦ
861 561 1208 632 διανοητικοῦ
1253 563 1354 632 τὴν
1408 563 1522 626 ἕξιν
1547 565 1643 616 καὶ¹
1668 566 1768 633 τὴν
1803 564 1956 633 ὲνέρ-

360 669 540 720 γειαν,
577 652 610 723 ἢ
649 652 746 723 τὴν
771 653 976 722 γνῶσιν
1021 653 1116 706 καὶ
1168 652 1266 723 τὴν
1313 654 1544 723 ἀρετήν·
1582 654 1661 716 ὡς
1699 655 1798 724 τῆς
1857 656 1956 724 μὲν

360 743 641 812 γνώσεως,
681 744 832 815 αὐτῷ
869 744 1253 816 προσαγούσης
1293 746 1514 816 ἀμέσως
1568 746 1662 798 τὸν
1715 746 1839 798 νοῦν
1880 747 1959 817 τῷ

361 836 483 907 Θεῷ
507 854 518 866 ο
555 837 654 905 τῆς
691 837 896 908 ἀρετῆς
926 837 1002 900 δὲ,
1037 836 1178 890 κατὰ
1205 837 1302 906 τὴν
1336 838 1534 907 πρᾶξιν
1571 839 1753 908 πάσης
1793 840 1958 906 ἀφαι-

365 930 641 1001 ρουμένης
673 930 837 982 αὑτὸν
867 933 967 1000 τῆς
990 929 1097 982 τῶν
1123 929 1294 981 όντων
1321 932 1589 997 γενέσεως
1611 935 1627 954 ⁶
1658 948 1670 960 ·
1712 931 1857 1002 ἆπερ
1887 932 1958 984 le-

363 1023 554 1093 ρεῦσιν
577 1023 860 1090 ἀφώρισεν
909 1026 936 1075 ὀ
987 1023 1167 1090 λόγος,
1202 1026 1314 1085 τοῖς
1349 1023 1511 1093 μόνον
1560 1023 1653 1076 τὸν
1686 1023 1821 1076 Θεὸν
1869 1023 1958 1092 διὰ

362 1113 584 1166 πάντων
605 1114 982 1183 κτησαμένοις
1009 1113 1400 1183 κληρονομίαν,
1436 1115 1530 1166 καὶ
1563 1114 1731 1185 μηδὲν
1770 1113 1955 1168 τοσύν-

361 1206 483 1258 ολον
509 1207 872 1277 κεκτημένοις
897 1208 1164 1275 ἐπίγειον.
1721 1253 1726 1257 .

439 1305 557 1368 μςό
599 1300 817 1370 Ἐπειδὴ
870 1300 969 1362 τὰς
1007 1300 1181 1356 ἄλλων
1233 1303 1462 1374 καρδίας
1524 1300 1612 1354 διὰ
1651 1297 1742 1352 τοῦ
1795 1299 1956 1366 λόγου

361 1392 461 1458 τῆς
487 1388 859 1453 διδασκαλίας,
894 1392 940 1441 οἱ
977 1389 1181 1458 γνώσει
1213 1392 1308 1444 καὶ
1341 1391 1513 1460 ἀρετῇ
1544 1388 1608 1439 δι’
1631 1387 1752 1439 ὅλου
1793 1403 1957 1437 ποιω-

363 1479 550 1543 θέντες
573 1479 652 1548 τῷ
683 1480 982 1548 πνεύματι,
1019 1481 1307 1544 εὐσεϐείας
1339 1482 1432 1533 καὶ
1475 1478 1712 1540 πίστεως
1742 1476 1958 1529 ποιοῦν-

360 1588 452 1624 ται
485 1569 765 1634 δεκτικὰς,
793 1571 888 1622 καὶ
912 1571 1013 1641 τὴν
1044 1570 1362 1640 πρακτικὴν
1397 1569 1578 1622 αὐτῶν
1601 1569 1715 1634 ἕξιν
1751 1568 1842 1619 καὶ
1876 1564 1959 1618 δύ-

363 1681 534 1734 ναμιν
563 1663 989 1733 ἀφαιρούμενοι,
1016 1663 1126 1716 τῶν
1155 1663 1248 1714 ἐπὶ
1273 1665 1339 1732 τῇ
1373 1662 1587 1731 φθαρτῇ
1611 1659 1772 1729 φύσει
1799 1676 1958 1712 σπου-

361 1756 686 1826 δασμάτων,
723 1755 858 1826 πρὸς
893 1755 994 1825 τὴν
1025 1754 1133 1806 τῶν
1167 1755 1307 1826 ὑπὲρ
1334 1755 1496 1823 φύσιν
1535 1753 1833 1822 ἀφθάρτων
1868 1754 1955 1803 ὲν-

363 1848 589 1916 έργειαν
617 1845 840 1914 ἀγαθῶν
885 1845 1324 1917 μεταφέρουσιν·
1371 1846 1599 1908 εἰκότως
1633 1843 1742 1897 τῶν
1784 1861 1954 1913 προσ-

363 1939 652 2008 αγομένων
686 1940 768 2001 εἰς
811 1938 1003 1991 Θυσίαν
1033 1938 1190 2002 Θεοῦ,
1232 1938 1294 1990 τὸ
1323 1936 1612 2007 στηθύνιον
1643 1935 1736 1988 τοῦ
1768 1935 1956 1988 ἐπιθέ-

366 2047 540 2096 ματος
572 2029 669 2098 (9)·
717 2029 990 2090 τουτέστι,
1041 2029 1150 2082 τῶν
1186 2028 1619 2098 προσαγομένων
1670 2026 1770 2096 τὴν
1821 2043 1957 2095 καρ-

362 2123 520 2176 δίαν·
563 2123 658 2177 καὶ
704 2122 796 2174 τὸν
846 2122 1130 2191 βραχίονα,
1183 2121 1291 2174 τῶν
1340 2120 1523 2174 αὐτῶν
1571 2119 1814 2188 δηλονότι
1858 2119 1957 2188 τὴν

363 2212 606 2283 πρᾶξιν·
661 2213 1000 2284 προσέταξεν
1048 2211 1410 2281 ἀφιεροῦσοαι
1465 2212 1580 2272 τοῖς
1643 2207 1880 2281 ἱερεῦσιν
1930 2211 1958 2261 ό

363 2307 562 2373 Λόγος.

441 2394 549 2464 μς.
584 2395 740 2447 Πᾶσα
795 2395 828 2464 ἠ
887 2393 1123 2446 ἐνταῦθα
1178 2391 1499 2462 δικαιοσύνη
1552 2391 1955 2461 συγκρινομένη

365 2484 505 2554 πρὸς
556 2483 657 2554 τὴν
692 2482 1021 2554 μέλλουσαν,
1064 2483 1335 2552 ἐσόπτρου
1387 2483 1548 2550 λόγον
1603 2483 1814 2554 ἐπέχει,
1859 2481 1958 2553 τὴν

364 2577 473 2630 τῶν
505 2574 836 2648 ἁρχετύπων
865 2576 1212 2645 πραγμάτων
1244 2575 1450 2638 εἰκόνα,
1490 2576 1590 2628 οὐκ
1627 2575 1766 2628 αὐτὰ
1793 2575 1850 2628 δὲ
1887 2573 1956 2628 τὰ

365 2669 670 2738 πράγματα
701 2668 824 2721 κατ’
845 2664 988 2729 εἶδος
1027 2666 1378 2734 ὑφιστάμενα
1404 2667 1601 2736 ἔχουσα
1624 2684 1636 2696 °
1673 2669 1766 2720 καί
1813 2667 1956 2719 πᾶσα

361 2759 568 2830 γνῶσις
601 2759 836 2812 ἐνταῦθα
864 2761 973 2812 τῶν
996 2760 1229 2831 ὑψηλῶν.
1253 2760 1657 2831 συγκρινομένη
1690 2760 1827 2830 πρὸς
1856 2759 1955 2830 τὴν

369 2851 694 2922 μέλλουσαν,
748 2850 981 2922 αἴνιγμά
1011 2854 1183 2914 ἐστιν,
1237 2851 1478 2922 ἔμφασιν
1529 2853 1629 2922 τῆς
1671 2852 1952 2924 ἀληθείας,

365 2944 485 3000 ἀλλ’
523 2946 622 2999 οὐκ
648 2947 818 3016 αὐτὴν
855 2946 1236 3018 ὑφισταμένην
1262 2945 1461 3016 ἔχουσα
1489 2945 1597 3018 τὴν.
1618 2946 1954 3017 φανήσεσθαι

368 3040 672 3110 μέλλουσαν
709 3040 992 3110 ἀλήθειαν.

442 3131 554 3202 μη’.
597 3131 817 3202 Ἐπειδὴ
844 3134 1014 3203 ἀρετῇ
1051 3133 1146 3185 καὶ
1172 3132 1371 3200 γνώσει
1397 3134 1467 3188 τά
1494 3133 1615 3186 θεῖα
1650 3133 1954 3204 συνέχεται,

368 3222 477 3276 τῶν
516 3223 636 3276 κατ’
664 3223 866 3294 ἀρετὴν
915 3223 1297 3294 πρωτοτύπων
1346 3225 1498 3277 ἐστὶν
1530 3225 1864 3278 ἐνδεικτικὸν
1897 3224 1960 3279 τὸ

369 3316 655 3388 ἔσοπτρον,
685 3317 781 3369 καὶ
810 3315 921 3369 τῶν
951 3317 1095 3370 κατὰ
1127 3315 1332 3385 γνῶσιν
1381 3316 1709 3387 ἀρχετύπων
1760 3318 1962 3387 ἐκφαν-

367 3409 520 3463 τικὺν
561 3409 801 3479 ὑπάρχει
837 3409 898 3461 τὸ
932 3407 1190 3478 αἴνιγμα.

443 3503 552 3574 μθ’.
589 3502 646 3556 ὐ
689 3502 778 3555 διὰ
835 3501 1094 3573 πράξεως
1149 3503 1527 3572 εὐαρεστήσας
1574 3502 1652 3572 τῷ
1695 3503 1837 3573 Θεῷ,
1871 3502 1960 3557 διὰ

338 3590 342 3595 ⁷
367 3592 607 3664 Θεωρίας
636 3592 774 3664 πρὸς
802 3591 900 3663 τὴν
931 3591 1040 3645 τῶν
1089 3593 1300 3664 νοητῶν
1327 3592 1535 3664 χώραν,
1578 3594 1669 3647 τὸν
1711 3594 1836 3649 νοῦν
1861 3596 1958 3666 δη-

367 3687 504 3758 λαδὴ
539 3686 934 3758 μετατίθησιν
967 3686 1054 3740 ἵνα
1088 3685 1160 3757 μὴ
1203 3686 1290 3740 διὰ
1338 3687 1641 3755 φαντασίας
1689 3688 1834 3751 τινὸς
1868 3689 1960 3742 τὸν

369 3778 428 3830 ὲν
461 3779 574 3840 τοῖς
606 3776 802 3831 πάθεσι
835 3775 1098 3847 θεάσηται
1129 3775 1358 3830 θάνατον
1387 3777 1531 3830 κατὰ
1548 3780 1649 3848 τὴν
1679 3778 1956 3849 αἴσθησιν,

369 3867 445 3930 ὡς
474 3867 580 3920 ὑπὸ
617 3867 841 3945 μηδενὸς
886 3867 993 3922 τῶν
1021 3867 1163 3921 ἑλεῖν
1195 3867 1542 3939 βουλομένων
1576 3868 1651 3940 (Ιι)
1679 3869 1961 3935 παντελῶς

367 3959 784 4030 εὑρισκόμενος.

442 4057 508 4104 ν’.
545 4051 604 4103 Ὀ
633 4049 862 4121 καθαρῷ
914 4051 1152 4114 πίστεως
1201 4050 1467 4121 ὀφθαλμῷ
1515 4052 1626 4106 τῶν
1653 4055 1960 4125 μελλόντων

368 4143 594 4212 ἀγαθῶν
644 4143 768 4197 ἰδὼν
821 4144 920 4215 τὴν
981 4143 1345 4214 εὐπρέπειαν,
1397 4145 1662 4200 ὑπακούει
1708 4151 1811 4219 γῆς
1869 4151 1962 4204 καὶ

369 4237 694 4306 συγγενείας
731 4238 824 4290 καὶ
855 4236 1008 4290 οἴκου
1044 4237 1320 4308 πατρικοῦ
1368 4239 1668 4310 προθύμως
1698 4242 1959 4310 ἐξελθεῖν,

369 4328 688 4383 καταλιπὼν
711 4329 809 4399 τὴν
840 4328 977 4398 πρὸς
996 4329 1175 4401 σάρκα
1206 4331 1299 4384 καὶ
1322 4330 1577 4400 αἴσθησιν
1609 4333 1706 4385 καὶ
1729 4335 1964 4405 αἰσθητὰ

372 4421 562 4492 σχέσιν
589 4440 647 4476 τε
689 4424 782 4476 καὶ
835 4422 1246 4493 προσπάθειαν·
1303 4423 1399 4478 καὶ
1438 4424 1655 4493 φύσεως
1691 4429 1748 4479 ἐν
1783 4428 1961 4500 καιρῷ

2061 565 2262 618 Armus
2307 573 2515 629 autem,
2553 564 2854 626 actionem,
2903 565 2957 619 id
3000 574 3103 629 est,
3140 564 3434 635 cogitantis
3478 565 3648 618 animi

2062 654 2314 708 habitum
2340 663 2398 708 et
2423 655 2828 724 operationem,
2851 656 2934 710 vel
2963 656 3250 710 scientiam
3275 663 3329 708 et
3352 655 3647 720 virtutem;

2061 746 2266 815 quippe
2296 763 2419 799 cum
2452 746 2682 800 scicntia
2719 756 2957 800 mentem
2981 747 3092 801 Deo
3121 746 3436 800 immediate
3463 746 3651 800 admo-

2061 848 2217 904 veat;
2260 839 2440 893 virtus
2484 855 2647 902 vero,
2694 855 2801 908 qua
2852 841 3125 893 actionem
3176 838 3335 901 colit,
3378 838 3448 892 ab
3497 839 3646 893 oumi

2062 945 2247 985 rerum
2279 930 2571 985 affectione
2599 938 2835 1000 ortuque
2865 941 3144 984 removcat
3172 948 3185 984 :
3214 949 3336 1001 qua:
3364 929 3650 999 Scriptura

2060 1022 2443 1077 sacerdotibus
2492 1023 2827 1093 segregavit,
2881 1022 2975 1092 qui
3032 1024 3210 1077 solum
3269 1024 3444 1076 Deum
3505 1021 3650 1075 nacti

2062 1115 2469 1180 haereditatem,
2509 1116 2645 1170 nihil
2695 1131 2922 1186 prorsus
2965 1131 3151 1171 rerum
3195 1124 3546 1170 terrenarum
3595 1115 3650 1168 in

2060 1199 2230 1258 censu
2263 1204 2523 1258 habeant.

2131 1294 2220 1348 46.
2252 1293 2387 1348 Cum
2419 1295 2528 1360 his,
2555 1295 2648 1364 qui
2685 1297 2917 1350 scientia
2945 1304 3000 1350 et
3029 1297 3232 1351 virtute
3263 1313 3364 1367 per
3395 1297 3649 1367 spiritum

2062 1393 2177 1439 toto
2219 1385 2407 1440 animo
2454 1386 2649 1441 imbuti
2693 1396 2851 1452 sunt,
2884 1389 3106 1457 pietatis
3146 1388 3382 1459 fideique
3424 1405 3652 1458 capaces

2061 1477 2294 1530 aliorum
2339 1486 2552 1532 mentes
2592 1478 2841 1533 doctrina
2885 1488 3051 1548 atque
3091 1496 3346 1534 sermone
3389 1480 3647 1543 cﬂiciant,

2059 1582 2364 1636 eorumque
2397 1567 2632 1621 actionis
2663 1567 2913 1620 habitum
2949 1583 3013 1622 ac
3043 1568 3355 1622 facultatem
3392 1568 3650 1621 auferen-

2061 1667 2166 1721 tcs,
2195 1674 2262 1712 ne
2299 1674 2400 1727 pro
2433 1667 2645 1713 naturze
2675 1667 2950 1728 corruptae
2976 1659 3097 1712 labe
3127 1659 3327 1713 studiis
3353 1660 3647 1723 dedantur,

2061 1748 2126 1803 ad
2154 1749 2474 1818 incorrupta
2503 1750 2645 1803 bona
2676 1751 2785 1803 vim
2817 1766 3036 1804 omnem
3070 1761 3279 1804 natura:
3309 1751 3648 1820 superantia,

2061 1858 2226 1912 opere
2258 1843 2570 1911 praestanda
2601 1844 2968 1906 transferant;
3002 1844 3200 1898 merito
3228 1860 3420 1898 eorum
3448 1861 3568 1912 qua:
3594 1846 3650 1898 in

2061 1934 2155 1987 Dei
2210 1935 2480 1989 sacrificio
2529 1935 2842 1989 offeruntur
2889 1936 3271 2004 pccttisculum
3323 1936 3652 1990 elevationis

2063 2025 2274 2096 (corum
2309 2027 2520 2081 scilicet
2547 2027 2638 2096 qui
2671 2027 3036 2081 admoventur
3069 2043 3164 2081 cor
3188 2036 3351 2097 atque
3382 2026 3649 2096 animum)

2059 2132 2385 2186 armumque
2414 2118 2756 2182 (corumdem
2787 2119 2998 2172 scilicet
3022 2119 3317 2186 actionem)
3352 2118 3652 2172 sacerdoti-

2060 2207 2165 2262 bus
2195 2207 2500 2261 addicenda
2533 2209 2796 2278 praecepit
2824 2208 3048 2263 divinus
3079 2207 3293 2261 Sermo.

2132 2411 2220 2463 47.
2270 2409 2464 2465 Omnis
2508 2410 2634 2464 vitae
2685 2409 2850 2480 hujus
2893 2410 3144 2481 iustitia,
3189 2410 3235 2463 si
3285 2425 3409 2463 cum
3468 2409 3650 2462 futura

2061 2501 2346 2568 conferas,
2384 2503 2594 2572 speculi
2645 2504 2917 2557 rationem
2962 2502 3210 2572 praefert,
3248 2501 3651 2571 primitivarum

2063 2610 2250 2650 rerum
2282 2594 2602 2665 imaginem,
2637 2612 2748 2650 non
2780 2611 2871 2651 res
2903 2596 3048 2665 ipsas
3080 2595 3381 2649 secundum
3413 2592 3651 2662 speciem

2059 2703 2188 2742 vere
2222 2689 2578 2752 exsistentes,
2611 2687 2823 2744 habens
2857 2705 2869 2740 :
2909 2687 3199 2755 omnisque
3220 2685 3518 2755 "praesentis
3549 2685 3652 2739 aevi

2059 2780 2384 2834 sublimium
2429 2795 2615 2833 rerum
2665 2779 2934 2842 scientia,
2979 2779 3022 2832 si
3073 2793 3198 2831 cum
3249 2791 3314 2830 ea
3360 2775 3649 2838 conferas,

2057 2889 2180 2943 qua:
2211 2873 2399 2927 futura
2433 2881 2806 2942 exspectatur,
2839 2872 3070 2941 amigma
3103 2880 3208 2935 cst,
3232 2871 3484 2926 veritatis
3511 2869 3654 2925 exile

2059 2963 2445 3024 simulacrum,
2476 2978 2587 3016 non
2627 2962 2801 3031 ipsam
2830 2978 2958 3030 qua:
2985 2961 3383 3015 tnanifcstanda
3414 2969 3504 3015 est
3529 2976 3655 3015 vere

2059 3054 2418 3108 exsistentem
2448 3062 2504 3108 ct
2530 3053 2705 3122 ipsam
2729 3054 3020 3108 veritatem
3050 3052 3279 3106 habens.

1989 3166 2032 3225 ο
2134 3145 2222 3200 48.
2254 3145 2393 3200 Cum
2432 3161 2520 3200 res
2555 3145 2776 3209 divinae,
2804 3145 3012 3200 virtute
3047 3152 3105 3199 ct
3137 3143 3368 3199 scicntia
3402 3158 3654 3212 compre-

2066 3238 2417 3302 hendantur,
2454 3238 2774 3308 speculum,
2809 3238 3030 3295 virtutis
3073 3237 3352 3308 primitiva
3397 3244 3456 3290 ut
3498 3236 3652 3290 exhi-

2062 3331 2212 3394 heat,
2240 3340 2621 3400 comparatum
2650 3331 2846 3396 habet;
2876 3330 3107 3401 :enigma
3138 3345 3292 3394 vero,
3323 3339 3382 3384 ut
3413 3328 3658 3384 scicntia:

2061 3422 2345 3493 principes
2368 3423 2574 3477 formas
2601 3438 2664 3477 ac
2691 3423 3028 3492 exemplaria
3061 3430 3442 3491 repraesentet.

2132 3515 2221 3569 49.
2249 3514 2352 3581 Qui
2387 3531 2487 3586 per
2513 3515 2787 3569 actionem
2817 3514 2931 3568 Deo
2963 3530 3188 3583 operam
3219 3513 3495 3582 probavit,
3525 3528 3657 3566 con-

2061 3607 2436 3677 tcmplationis
2470 3607 2624 3661 cultu
2655 3606 2723 3660 ad
2755 3621 2950 3661 eorum
2977 3621 3098 3675 qua:
3124 3612 3306 3659 mente
3337 3605 3649 3673 intelligun-

2062 3707 2152 3752 tur
2193 3698 2504 3768 regionem,
2543 3698 2734 3767 utique
2779 3697 3024 3751 animum
3073 3697 3400 3761 traducit”,
3438 3712 3508 3750 ne
3547 3710 3654 3764 qua

2063 3789 2417 3862 544-546
2442 3789 2797 3860 cogitatione,
2823 3797 3055 3844 mortem
3087 3789 3140 3842 in
3170 3788 3456 3844 aﬂectihus
3479 3787 3658 3842 vitiis—
3719 3862 3721 3864 _

2061 3899 2170 3952 que
2198 3883 2457 3953 positam,
2483 3898 2650 3938 sensu
2677 3882 2863 3937 videat
2889 3900 2902 3936 :
2932 3898 3095 3953 quem
3126 3882 3411 3946 nimirum,
3437 3896 3653 3945 eorum,

2061 3987 2182 4041 quae
2213 3972 2528 4040 mancipare
2555 3972 2757 4034 velint,
2780 3973 2932 4027 nulla
2961 3970 3264 4025 inveniant.

2132 4062 2220 4117 50.
2259 4062 2364 4128 Qui
2405 4063 2614 4118 mundo
2655 4063 2783 4118 ﬁdei
2827 4063 2991 4118 oculo
3029 4063 3342 4117 futurorum
3384 4061 3654 4116 bonorum

2061 4154 2392 4226 elegantiam
2421 4155 2656 4225 aspexit,
2680 4165 2743 4211 ut
2763 4154 2921 4226 quasi
2952 4155 3020 4210 de
3051 4165 3195 4210 terra
3222 4167 3278 4210 et
3309 4153 3654 4224 cognatione,

2063 4248 2244 4318 deque
2293 4257 2524 4318 paterna
2573 4249 2736 4303 domo
2782 4249 3034 4311 exeat",
3073 4255 3328 4317 prompto
3378 4245 3658 4314 alacrique

2065 4341 2252 4395 animo
2285 4340 2546 4406 obaudit;
2583 4341 2734 4394 omni
2769 4341 2834 4394 ad
2873 4356 3097 4395 carnem
3133 4352 3467 4408 sensumque
3502 4352 3567 4391 ac
3595 4353 3658 4391 ea

2065 4446 2188 4499 quae
2224 4447 2451 4485 sensum
2487 4438 2732 4496 movent,
2762 4430 3056 4485 affectione
3087 4447 3150 4484 ac
3180 4429 3408 4485 libidine
3434 4427 3654 4492 relicta;

369 4513 686 4583 πειρασμοῦ
717 4513 812 4565 καὶ
846 4511 1076 4582 ἀγώνων
1101 4513 1438 4585 ὑψηλότερος
1470 4514 1566 4578 ὢν,
1605 4520 1956 4590 προτιμήσας

2067 4532 2408 4593 naturaque,
2443 4523 2667 4579 interim
2708 4524 2837 4579 dum
2881 4525 3216 4578 tentationcs
3257 4539 3321 4577 ac
3357 4521 3655 4576 certamina

445 4669 493 4701 ⁸⁸
515 4671 653 4726 Gen.
687 4687 742 4736 v,
773 4670 878 4735 ‘24;
916 4669 1086 4724 Hebr.
1118 4686 1190 4734 XI,
1223 4669 1273 4724 5.
1355 4671 1399 4701 "
1434 4669 1571 4724 Gen.
1598 4687 1692 4736 xu,
1733 4674 1780 4726 l.

445 4810 480 4826 θ’
511 4804 690 4867 Edita,
717 4803 994 4870 γνώσεως.
1026 4803 1206 4857 Malim
1241 4780 1502 4871 σχέσεως.

447 4880 461 4894 ⁸
492 4875 573 4930 Cf.
611 4876 680 4931 ad
729 4875 978 4930 Thalass.
1009 4891 1064 4944 q.
1115 4875 1204 4938 47,
1256 4873 1351 4927 ubi
1400 4873 1514 4928 fere
1548 4889 1664 4944 seq.
1705 4877 1792 4930 ad.
1844 4894 1964 4950 cap.
2009 4897 2182 4954 usque
2219 4883 2306 4938 49.

439 5018 524 5144 39)
591 5016 661 5070 Τὸ
710 5016 1044 5081 στηθύνιον
1102 5016 1208 5070 τοῦ
1247 5013 1622 5082 ἐπιθέματος.
1665 5018 1825 5090 Vulg.
1877 5022 1956 5074 uti

477 5088 742 5144 didimus.
776 5085 1146 5140 Pectusculum
1173 5085 1498 5139 elevationis.
1536 5086 1688 5144 vat.
1722 5091 1956 5144 interm.

372 5085 742 5160 reddidimus,
776 5085 1146 5160 Pectusculum
1173 5085 1498 5160 deuotionis.
1536 5086 1688 5160 Syxt.
1722 5085 1956 5160 interpr.

372 5159 747 5227 impositionis,
797 5157 946 5227 quod
981 5172 1094 5210 non
1129 5157 1202 5210 ita
1234 5155 1455 5209 videtur
1499 5155 1833 5227 exprimere.
1871 5155 1957 5216 'lbi

374 5227 566 5285 Schol.
604 5229 810 5282 Ταυτόν
865 5231 1012 5299 ἐστιν
1053 5227 1471 5299 ἀφαίρεμαμκαζ
1520 5228 1804 5299 άφῦρισμα
1867 5233 1960 5284 καὶ

375 5300 615 5366 ἐπίθεμα
648 5301 744 5370 καὶ
791 5297 1146 5369 καρπώματα
1173 5296 1280 5370 άπὸ
1311 5296 1419 5370 τῶν
1444 5296 1655 5370 θυσιῶν
1699 5296 1960 5370 ἀφοριζὸ-

379 5388 517 5440 μενα
545 5365 690 5439 Θεῷ,
726 5365 1106 5440 ἄπεργίνεται
1140 5369 1279 5440 μέρη
1316 5365 1410 5419 τοῦ
1441 5367 1649 5440 ἱερέως.
1678 5365 1820 5424 Non
1840 5387 1960 5425 ma-

378 5436 428 5496 le
463 5436 694 5496 forsitan
722 5436 1067 5511 appositionis
1090 5455 1107 5503 ;
1135 5436 1250 5511 sive
1277 5436 1963 5511 pectusculumrappositum

378 5531 442 5565 nc
464 5509 804 5581 suppositum
826 5511 1028 5564 divinas
1057 5509 1277 5581 hosti-.e,
1310 5522 1373 5581 ac
1403 5509 1545 5581 parti
1587 5510 1667 5564 illi
1696 5509 1824 5580 quae
1860 5528 1958 5580 pe-

379 5578 648 5636 culi-arias
676 5582 730 5634 in
756 5582 849 5636 Dei
879 5581 1146 5634 honorem
1182 5578 1434 5640 cedebat,
1472 5578 1661 5648 illique
1696 5578 1961 5637 incende-

382 5652 564 5707 batur.
599 5653 728 5706 Eam
761 5661 1000 5706 mentem
1037 5649 1209 5703 nostri
1239 5649 1353 5704 Jac.
1388 5647 1456 5702 de
1489 5647 1664 5704 Janua
1714 5651 1961 5707 Catholi-

381 5738 485 5776 con
521 5723 839 5776 insinuavit.
879 5723 957 5778 Eo
983 5721 1125 5776 forte
1153 5719 1471 5774 Graecorum
1503 5719 1643 5775 ritus
1671 5723 1953 5785 collincat,

383 5807 511 5846 cum
569 5809 760 5848 massae
821 5793 998 5864 panis,
1048 5807 1115 5847 ex
1171 5805 1277 5860 qua
1349 5788 1694 5846 Dominicum
1754 5809 1954 5864 corpus

2068 5023 2394 5086 conficiunt,
2451 5021 2764 5090 cmnplnres
2819 5018 2992 5072 micas
3030 5015 3383 5090 offerentium
3428 5016 3654 5072 nomine

2068 5105 2376 5164 apponunt,
2433 5093 2548 5164 sive
2581 5087 2976 5164 supponunt,
3035 5103 3175 5164 quas
3232 5087 3506 5164 incertum
3585 5105 3656 5141 an

2069 5156 2402 5219 sacrificent.
2436 5163 2554 5217 Non
2598 5156 2784 5215 tamen
2813 5159 2867 5212 in
2909 5159 3172 5212 omnibus
3203 5156 3439 5228 quadrat
3465 5173 3655 5214 exem-

2107 5235 2239 5287 lum.

2067 5250 2370 5376 pullilTJW
2397 5302 2561 5376 ἑλεῖν
2591 5299 3012 5376 βουλομένων.
3051 5299 3261 5376 Sepsus
3292 5299 3407 5376 ipse
3437 5299 3652 5376 planus.

2070 5369 2437 5429 Securitatem
2479 5374 2595 5427 haec
2625 5379 2847 5432 sonant,
2875 5372 3016 5440 ejus,
3051 5371 3145 5439 qui
3175 5369 3404 5424 scicntia
3438 5385 3502 5422 ac
3548 5369 3656 5420 vir—

2078 5453 2194 5500 tute
2226 5446 2388 5512 longe
2420 5451 2717 5513 provectus
2756 5443 2847 5504 sit,
2892 5457 2998 5513 nec
3028 5441 3186 5513 facile
3220 5457 3285 5495 ex
3311 5440 3654 5513 senstieiits-
3717 5497 3726 5502 ,

2073 5531 2180 5584 que
2209 5510 2440 5569 libidine
2472 5513 2670 5568 tentari
2703 5520 2798 5567 aut
2829 5511 2954 5584 laedi
2978 5512 3182 5584 possit;
3239 5527 3344 5579 qua
3387 5510 3656 5584 sollicitu-

2071 5579 2201 5640 dine
2233 5585 2484 5640 moribus
2530 5584 2803 5646 excultus,
2845 5579 3052 5636 divinis
3096 5583 3341 5635 animum
3396 5579 3653 5633 intendit.

2069 5655 2233 5710 Picus
2259 5655 2436 5708 ἐλθεῖν
2473 5654 2705 5720 habuit,
2737 5669 2804 5707 ex
2850 5667 2962 5722 quo
3014 5650 3152 5704 nihil
3199 5651 3416 5722 probati
3459 5665 3660 5706 sensus

2065 5727 2270 5781 elicere
2295 5725 2497 5796 potuit.
