4020 6420
472 300 606 367 1239
950 354 953 359 ς
1638 310 1700 369 s.
1745 312 2034 374 MAXIMI
2074 315 2584 381 CONFESSORIS
2686 298 2693 304 ’
3595 331 3713 399 1240

468 415 760 486 ingruunt,
805 413 985 471 factus
1041 414 1297 486 superior
1373 434 1385 469 :
1443 418 1648 489 quippe
1701 423 2055 491 quinaturau

2125 498 2134 520 ι
2161 431 2261 501 τὴν
2287 433 2468 485 αίτίαν
2498 434 2597 504 τῆς
2639 431 2884 504 φύσεως,
2916 435 2992 501 ὡς
3035 437 3133 491 τοῦ
3172 437 3382 500 Ἰσαάκ,
3413 440 3499 496 τδν
3528 443 3712 513 Θεὸν,9

463 512 763 562 Auctorem
795 507 1129 577 praetulerit;
1164 508 1316 564 velut
1351 524 1581 580 magnus
1613 512 1914 582 Abraham,
1946 534 2050 588 pra:

1061 508 1129 573 it;
1164 508 1316 564 velut
1351 524 1581 580 magnus
1613 512 1914 582 Abraham,
1946 534 2059 588 pra:
2089 507 2134 521 ’⁸
2166 522 2342 594 μέγας
2375 523 2646 596 Ἀϐραάμ.

464 596 651 650 lsaaco
675 596 848 650 Deum
880 596 937 651 in
969 597 1282 668 potioribus
1311 598 1507 655 habuit
1525 602 1593 656 ⁸⁸.

534 686 625 741 51.
650 686 754 753 Qui
784 703 967 757 neque
996 689 1185 759 gloria:
1212 704 1398 754 causa,
1424 706 1528 745 nec
1555 693 1845 749 occasione
1876 697 2057 751 avari-

2233 690 2334 736 να’.
2373 683 2435 737 '0
2464 686 2597 754 μήτε
2620 684 2780 755 δόξης
2809 685 3019 751 ἕνεκεν,
3065 686 3203 758 μήτε
3238 687 3502 758 προφάσει
3542 690 3713 744 πλεον-

449 777 644 854 ¹ωιτη,
669 792 850 848 neque
886 779 1149 834 adulandi
1184 781 1379 851 gratia,
1407 793 1463 837 et
1498 785 1909 844 ut'hominibus
1942 791 2036 860 pla-

2162 773 2333 837 εξίας,
2372 774 2511 843 μήτε
2563 774 2855 839 κολακείας
2918 776 3098 847 χάριν,
3132 777 3225 829 καὶ
3252 777 3716 850 ἀνθρωπαρεσκίας

463 876 605 932 ceat,
640 883 810 938 seque
848 867 967 937 ipse
1001 878 1263 934 ostentet,
1290 870 1578 938 virtutem,
1608 884 1706 929 aut
1739 876 2050 933 divinorum

2161 866 2256 917 καὶ
2311 864 2644 932 ἐπιδείξεως,
2692 867 2791 937 τὴν
2837 867 3061 938 ἀρετὴν,
3124 867 3158 938 ἢ
3210 868 3310 937 τὴν
3357 868 3579 940 μελέτην
3621 874 3714 925 τῶν

461 959 814 1029 eloquiorum
844 961 1282 1035 meditationem
1342 969 1647 1022 consectari
1696 970 1909 1035 studet,
1957 972 2048 1027 sed

2162 957 2321 1010 θείων
2347 958 2524 1024 λόγων
2559 958 2840 1028 μετελθεῖν
2871 958 3230 1030 ἐπιτηδεύων,
3278 959 3411 1014 ἀλλά
3447 962 3615 1015 πάντα
3639 964 3716 1019 διὰ

462 1061 663 1106 cuncta
688 1034 915 1123 propter
940 1052 1112 1107 Deum
1147 1061 1260 1108 tum
1296 1054 1448 1121 facit,
1471 1065 1586 1112 tum
1618 1060 2049 1130 loquitur,tum-

2159 1048 2249 1101 τὸν
2275 1048 2408 1102 Θεὸν
2435 1051 2527 1102 καὶ
2569 1049 2742 1102 ποιῶν
2776 1050 2868 1103 καὶ
2897 1050 3075 1118 λέγων
3099 1050 3194 1104 καὶ
3218 1050 3608 1122 διανοούμενος,
3637 1049 3716 1108 οὐ-

463 1158 574 1212 que
603 1143 829 1212 cogitat,
856 1144 948 1199 hic
978 1144 1033 1198 in
1058 1144 1144 1199 via
1169 1147 1418 1203 veritatis
1446 1149 1502 1203 in
1530 1151 1760 1207 scicntia
1787 1155 2047 1210 ambulat.

2158 1155 2248 1201 τος
2291 1141 2348 1191 ἐν
2390 1142 2454 1209 τῇ
2506 1139 2612 1209 ὀδῷ
2654 1140 2757 1209 τῆς
2794 1141 3057 1211 ἀληθείας
3101 1143 3159 1195 ἐν
3186 1142 3386 1210 γνώσει
3421 1146 3714 1214 πορεύεται.

459 1234 579 1289 Νοιι
601 1234 748 1289 enim
774 1234 955 1290 libens
976 1236 1199 1291 divinus
1219 1237 1412 1294 Sermo
1435 1241 1489 1295 in
1517 1243 1730 1298 semitis
1751 1261 1859 1301 non
1886 1249 2046 1303 rectis

2157 1233 2378 1301 Τρίϐοις
2416 1232 2525 1302 γάρ
2559 1233 2659 1285 οὐκ
2714 1232 2955 1295 εὐθείαις
2990 1235 3019 1286 ό
3052 1232 3195 1298 θεῖος
3237 1233 3300 1286 οὐ
3352 1234 3589 1302 πέφυκεν
3630 1237 3717 1306 ἐμ-

448 1325 806 1391 ‘immoratur,
830 1327 915 1384 vel
954 1328 1000 1382 si
1040 1328 1095 1381 in
1138 1329 1469 1399 quibusdam
1510 1345 1870 1403 praeparatam
1907 1339 2035 1393 vian

2158 1324 2484 1394 φιλοχωρεῖν
2524 1323 2704 1393 λόγος,
2745 1324 2848 1379 κᾶν
2875 1323 3015 1397 εῦρῃ
3056 1324 3158 1396 τὴν
3192 1325 3310 1379 ὁδὸν
3342 1324 3400 1377 ἐν
3423 1342 3561 1380 τισιν
3590 1326 3716 1381 ἐτοι-

446 1417 735 1472 οἰηνοηοτὶι
757 1419 822 1473 ⁵⁸.
2159 1434 2280 1483 μον·

527 1507 614 1562 52.
637 1508 858 1579 Jejunat
892 1511 1039 1579 quis,
1065 1527 1235 1582 seque
1274 1512 1344 1567 ab
1385 1530 1448 1570 ea
1482 1515 1661 1573 victus
1692 1520 1901 1576 ratione
1926 1520 2051 1577 abs-

2228 1507 2325 1578 νβ’.
2357 1509 2629 1578 Νηστεύει
2673 1525 2779 1573 τις,
2828 1507 2923 1560 καὶ
2969 1507 3238 1578 ἀπέχεται
3286 1507 3388 1578 τῆς
3441 1508 3717 1580 ἐξαπτικῆς

457 1599 615 1661 tinet,
656 1615 779 1668 qua:
816 1600 1081 1657 libidines
1134 1603 1378 1674 vitiaque
1420 1605 1694 1675 incendit;
1741 1622 2044 1682 cunctague

2156 1600 2264 1652 τῶν
2302 1600 2492 1653 παθῶν
2535 1600 2785 1670 διαίτηςο
2842 1600 2912 1654 τά
2960 1599 3096 1655 ἄλλα
3128 1618 3189 1654 τε
3240 1604 3407 1665 ποιεῖ,
3453 1602 3551 1656 ὅσα
3595 1604 3714 1674 πρὸς

456 1689 594 1744 adeo
624 1691 830 1760 reliqua
861 1693 992 1762 agit,
1021 1710 1142 1763 qua).
1170 1696 1482 1751 conducant
1514 1709 1573 1753 ut
1603 1716 1631 1759 ιι
1664 1703 1872 1757 malitia
1903 1704 2043 1759 libe~

2157 1691 2479 1761 ἀπαλλαγὴν
2526 1692 2726 1755 κακίας
2758 1691 3168 1762 συμϐάλλεσθαι
3205 1693 3433 1759 δύναται
3460 1710 3475 1723 ’
3503 1694 3599 1765 τὴν
3642 1693 3718 1747 λε-

456 1787 610 1834 retur
634 1797 696 1835 ac
726 1783 1024 1852 pravitate;
1062 1785 1154 1839 hic
1205 1787 1285 1841 sic
1320 1799 1689 1860 mmeupatam
1743 1794 1885 1848 viam
1912 1812 2043 1865 prae-

2156 1783 2397 1852 γομένην
2444 1782 2564 1836 όδδν
2609 1778 2764 1847 οὗτος
2813 1783 3120 1853 ἡτοίμασε*
3196 1783 3509 1849 κενοδοξίας
3564 1785 3637 1853 δὲ,
3684 1787 3713 1857 ἢ

416 1877 418 1881 ⁷
456 1873 674 1941 paravit
711 1893 722 1928 :
761 1875 846 1930 sin
882 1887 1088 1941 autem,
1122 1878 1509 1948 inanisglorim
1544 1900 1738 1945 causa,
1764 1894 1821 1940 et
1851 1895 1911 1940 ut
1941 1888 2003 1941 sil

2153 1872 2492 1938 πλεονεξίας,
2526 1873 2558 1945 ἢ
2595 1873 2907 1936 κολακείας,
2940 1873 2971 1944 ἢ
3019 1873 3537 1945 άνθρωπαρεσκίας,
3575 1876 3716 1945 ἢάλ-

454 1964 580 2032 plus
627 1976 877 2036 arroget,
920 1969 1005 2024 vel
1066 1979 1126 2025 ut
1178 1970 1525 2040 blandiatur,
1574 1982 1669 2029 aut
1726 1976 2041 2034 hominibus

2151 1964 2248 2035 λης
2280 1965 2426 2027 τινὸς
2460 1964 2649 2018 ἕνεκεν
2692 1964 2894 2027 αἰτίας,
2943 1963 3069 2034 δίχα
3097 1964 3197 2036 τῆς
3232 1963 3388 2028 θείας
3431 1966 3715 2037 εὐαρεστή-

452 2055 697 2125 placeat,
732 2059 954 2115 aliudve
997 2060 1284 2131 quidpiam
1329 2073 1581 2134 praestet,
1618 2082 1783 2136 quam
1831 2079 1891 2123 ut
1932 2070 2039 2127 Deo

2151 2075 2289 2121 σεως
2316 2058 2443 2121 τοὺς
2473 2056 2750 2120 τοιούτους
2782 2055 3094 2126 ἐπιτηδεύει
3123 2056 3386 2127 τρόπους,
3433 2049 3603 2122 circa:
3627 2058 3714 2113 οὐκ

455 2149 719 2217 probetur
754 2166 817 2205 ac
853 2151 1032 2222 ipsum
1070 2154 1446 2222 demereatur,
1481 2158 1820 2228 ejuscemodi
1853 2164 2042 2220 modos

2148 2151 2407 2223 ἐποίησεν
2445 2149 2665 2214 εὐθείας
2710 2150 2807 2213 τὰς
2842 2149 3065 2220 τρίϐους
3102 2146 3197 2201 τοῦ
3257 2147 3434 2202 θεοῦ·
3492 2148 3587 2202 καὶ
3634 2149 3715 2202 τὸν

448 2247 804 2295 consectatur
839 2235 1134 2313 moresque
1168 2246 1322 2311 colit,
1352 2245 1444 2302 hic
1475 2248 1571 2302 Dei
1606 2250 1831 2306 semitas
1866 2265 2035 2310 rectas

2150 2243 2251 2313 μὲν
2282 2243 2383 2312 τῆς
2432 2240 2753 2310 ἑτοιμασίας
2778 2240 2877 2319 τῆς
2905 2237 3027 2292 ὁδοῦ
3079 2237 3240 2291 πόνον
3277 2239 3588 2309 ὑπέμεινεν,
3634 2240 3714 2292 τὸν

451 2344 560 2385 non
596 2330 757 2398 fecit;
802 2348 867 2388 ac
909 2336 1166 2403 parandae
1191 2337 1417 2405 quidem
1449 2339 1553 2394 viae
1587 2339 1834 2396 laborem
1872 2347 2038 2400 susti-

2145 2336 2202 2388 δὲ
2247 2334 2381 2387 Θεὸν
2425 2334 2525 2386 οὐκ
2580 2331 2709 2401 ἔσχε
2756 2334 2879 2394 ταῖς
2933 2329 3098 2383 αὐτοῦ
3148 2330 3363 2398 τρίόοις
3420 2332 3713 2401 ἐμπεριπα-

382 2446 407 2467 φ
448 2420 592 2486 nuit,
620 2430 682 2476 ut
708 2423 852 2478 Deus
876 2434 1061 2479 autem
1097 2426 1152 2481 in
1183 2429 1303 2499 ejus
1331 2431 1548 2485 semitis
1573 2431 1902 2500 ambularet,
1929 2452 2039 2493 non
2145 2428 2364 2481 τοῖντα-

446 2512 710 2568 obtinuit.
2384 2536 2389 2541 ⁷

516 2601 603 2655 55.
635 2601 819 2657 Omnis
853 2604 1011 2660 vallis
1045 2607 1352 2678 implebitur
1371 2610 1418 2643 ”
1452 2629 1465 2663 :
1503 2626 1613 2667 non
1646 2614 1842 2682 quovis
1874 2616 2039 2671 modo

2216 2613 2317 2675 νγ’.
2362 2605 2537 2661 Πᾶσα
2575 2605 2812 2675 φάραγξ
2865 2598 3370 2670 πληρωθήσεται·
3408 2600 3507 2669 οὐχ
3544 2597 3711 2661 ἁπλῶς

443 2691 644 2748 omnis.
670 2709 849 2763 neque
874 2697 1153 2765 omnium;
1187 2715 1369 2770 neque
1392 2700 1540 2755 enim
1567 2719 1781 2770 eorum,
1805 2707 1899 2775 qui
1926 2724 2030 2762 non

2143 2702 2316 2763 πᾶσα,
2345 2698 2466 2751 οὐδέ
2507 2698 2762 2751 πάντωνσ
2805 2693 2931 2749 οὐτε
2979 2693 3090 2764 γὰρ
3123 2693 3233 2746 τῶν
3286 2692 3366 2764 μὴ
3403 2692 3710 2762 ἑτοιμασάν-

444 2795 779 2852 paraverunt
803 2787 947 2842 viam
980 2789 1220 2855 Domini,
1251 2808 1355 2863 nec
1385 2803 1566 2849 rectas
1594 2795 1849 2851 fecerunt
1871 2800 2031 2853 semi-

2140 2808 2251 2844 των
2276 2793 2377 2862 τὴν
2407 2791 2526 2844 ὁδὸν
2567 2787 2665 2841 τοῦ
2709 2786 2937 2858 Κυρίου.
2974 2787 3068 2839 καὶ
3116 2785 3335 2849 εὐθείας
3381 2784 3710 2854 ποιησάντων

442 2884 526 2928 tas
569 2876 711 2946 ejus.
747 2876 979 2943 Quando
1027 2879 1198 2951 igitur
1237 2883 1399 2938 vallis
1450 2884 1614 2954 (caro
1663 2887 1902 2951 scilicet,
1941 2898 2029 2944 aut

2140 2883 2239 2946 τὰς
2281 2881 2505 2953 τρίϐους
2558 2880 2744 2936 αὐτοῦ.
2785 2879 3056 2949 Ὀπηνίκα
3111 2874 3206 2932 οὖν
3256 2877 3505 2950 φάραγξ,
3559 2877 3711 2946 ἤγουν

440 2966 625 3021 anima
663 2983 879 3033 eorum,
934 2970 1052 3040 qui,
1088 2980 1151 3026 ut
1189 2972 1475 3037 dicebam,
1512 2984 1850 3044 paraverunt
1888 2977 2027 3032 viam

2142 2973 2279 3044 σάρξ
2306 2972 2339 3044 ἢ
2367 2974 2536 3045 ψυχὴ,
2563 2973 2671 3025 τῶν
2699 2972 3137 3042 ἐτοιμασάντων,
3177 2970 3253 3033 ὡς
3280 2965 3461 3034 εἶπον,
3486 2967 3584 3039 τὴν
3604 2965 3710 3020 ὁδὸν

440 3056 692 3121 Domini,
735 3068 1024 3129 rectusque
1072 3062 1193 3130 ejus
1238 3063 1467 3118 semitas
1505 3064 1780 3136 fecerunt)
1822 3081 1890 3120 ex
1936 3068 2027 3122 Dei

2136 3066 2233 3120 τοῦ
2271 3067 2498 3137 Κυρίου,
2547 3066 2641 3119 καὶ
2693 3064 2910 3126 εὐθείας
2962 3063 3317 3132 ποιησάντων
3372 3063 3474 3124 τὰς
3499 3060 3708 3132 τρίδους

442 3146 608 3202 Verbi
658 3148 713 3202 in
761 3150 844 3203 eis
886 3166 984 3220 per
1030 3153 1288 3207 mandata
1336 3154 1670 3210 ambulantis
1717 3159 2028 3225 praesentia,

2139 3160 2327 3223 αὐτοῦ,
2354 3159 2444 3214 διὰ
2477 3161 2577 3230 τῆς
2616 3159 2708 3213 τοῦ
2742 3159 3177 3230 περιπατοῦντος
3207 3161 3264 3212 ἐν
3293 3159 3481 3225 αὐτοῖς
3502 3157 3587 3210 διά
3610 3156 3709 3209 τῶν

440 3250 570 3290 cum
614 3236 876 3302 scientia,
912 3247 1027 3294 tum
1073 3241 1280 3297 virtute
1325 3243 1550 3312 impleta
1597 3244 1798 3310 fuerit,
1834 3262 2027 3303 omnes

2137 3253 2369 3309 ἐντολῶν
2396 3251 2534 3305 Θεοῦ
2583 3251 2759 3321 Λόγου
2804 3254 3129 3323 παρουσίας,
3166 3250 3435 3322 πληρωθῇ
3468 3247 3708 3318 γνώσεώς

441 3327 563 3381 falsi
600 3330 840 3384 nominis
872 3331 1147 3396 scientiae,
1183 3348 1248 3388 ac
1291 3334 1518 3405 spiritus
1550 3338 1811 3406 nequitiae
1841 3338 2028 3408 depri-

2134 3369 2194 3406 τε
2222 3350 2317 3405 καὶ
2341 3348 2564 3419 ἀρετῆς,
2597 3347 2778 3400 πάντα
2810 3347 2878 3399 τά
2910 3346 3007 3416 τῆς
3047 3344 3411 3414 ψευδωνύμου
3463 3342 3706 3411 γνώσεως

440 3428 691 3484 muntur,
719 3421 963 3477 calcante
993 3438 1089 3478 eos
1118 3424 1299 3480 Verbo
1329 3440 1394 3479 ac
1424 3426 1771 3496 subjiciente,
1803 3429 2027 3499 nequis-

2134 3442 2231 3494 καὶ
2288 3439 2490 3500 κακίας
2529 3437 2601 3491 τά
2638 3436 2945 3506 πνεύματα
2996 3432 3381 3496 ταπεινοῦται,
3420 3431 3708 3492 πατοῦντες

438 3510 747 3580 simamque
795 3522 1123 3581 potestatem
1179 3516 1448 3571 adversus
1500 3518 1801 3573 humanum
1856 3535 2025 3590 genus

2134 3531 2274 3585 αὐτά
2300 3531 2397 3584 τοῦ
2440 3530 2616 3597 Λόγου
2670 3528 2765 3580 καὶ
2803 3528 3220 3589 ὐποτάττοντος,
3263 3525 3359 3578 καὶ
3390 3525 3450 3577 τὸ
3493 3520 3707 3592 ἐπαιρό-

437 3618 561 3658 sese
610 3603 995 3669 extollentem,
1041 3606 1396 3674 destruente,
1442 3624 1507 3664 ac
1554 3611 1705 3665 velut
1754 3611 2024 3687 montium

2139 3639 2299 3693 μενον
2332 3621 2477 3674 κατά
2523 3622 2621 3690 τῆς
2658 3617 3006 3691 ἀνθρωπίνης
3041 3617 3282 3684 φύσεως,
3316 3615 3558 3686 πονηρὸν
3588 3613 3726 3683 κράν

437 3694 775 3765 eolliumque
803 3698 1100 3767 superbam
1134 3699 1333 3755 molem
1365 3703 1686 3774 celsumque
1716 3702 1877 3777 547
1908 3720 2024 3760 ver-

2130 3730 2223 3778 τος
2262 3711 2717 3774 καταϐάλλοντος,
2751 3711 2845 3764 καὶ
2881 3704 2993 3761 οἷον
3021 3707 3082 3760 τὸ
3116 3706 3349 3778 μέγεθος
3380 3707 3476 3760 καὶ
3503 3705 3562 3759 τδ
3586 3703 3705 3773 ὕψος

437 3792 601 3845 ticem
622 3791 939 3858 eﬂ'odiente,
960 3804 1126 3865 atque
1146 3795 1384 3852 vallibus
1402 3799 1686 3867 aequandis
1708 3799 2023 3870 clejiciente.

2130 3808 2241 3860 τῶν
2268 3806 2443 3877 ὀρέων
2483 3802 2709 3858 καὶτῶν
2738 3800 2943 3872 βουνῶν
2974 3801 3489 3863 κατασκάπτοντος·
3522 3797 3611 3851 καὶ
3634 3794 3707 3857 είς

435 3882 596 3948 Quod
646 3883 794 3938 enim
846 3884 885 3938 ii
931 3886 1194 3953 affectus,
1237 3889 1333 3958 qui
1382 3904 1411 3943 a
1457 3898 1669 3946 naturae
1717 3892 2022 3946 rationibus

2132 3899 2229 3970 τὴν
2257 3899 2368 3951 τῶν
2404 3896 2707 3968 φαράγγων
2745 3894 2973 3961 ἄγοντος
3007 3892 3313 3962 πλήρωσιν.
3356 3890 3423 3943 Ἦ
3452 3888 3557 3959 γάρ
3605 3887 3703 3938 τῶν

434 3974 761 4041 abhorrent,
792 3976 1156 4048 abjicianlnr;
1199 3995 1263 4035 ac
1299 3998 1422 4052 qua:
1459 3997 1528 4037 ex
1566 3986 1685 4055 ejus
1720 3986 2021 4043 rationibus

2132 3993 2284 4063 παρά
2324 3989 2486 4061 φύσιν
2540 3987 2781 4056 ἀποὸολὴ
2817 3983 3026 4049 παθῶν,
3067 3985 3163 4035 καὶ
3198 3985 3231 4051 ἡ
3283 3979 3396 4033 τῶν
3436 3979 3577 4035 κατά
3608 3975 3703 4047 φύ-

434 4075 585 4132 sunt,
608 4067 841 4125 virtutes
873 4072 1156 4136 accedant,
1182 4074 1364 4129 anima
1388 4077 1546 4131 vallis
1571 4079 1744 4133 instar
1765 4080 2021 4150 depressa

2130 4100 2213 4136 σιν
2241 4080 2454 4153 ἀρετῶν
2472 4078 2721 4148 ἐπιϐολὴ,
2754 4077 2855 4147 τὴν
2876 4073 3340 4144 φαραγγωθεῐσαν
3368 4070 3546 4142 ψυχὴν
3578 4071 3700 4122 ἀνα·

432 4158 793 4230 adimpletur,
817 4164 1204 4235 montiumque
1237 4168 1535 4237 supercilio
1567 4170 1708 4224 elata
1744 4173 2019 4241 nequissio

2127 4175 2357 4246 πληροῖ,
2410 4173 2504 4227 καὶ
2552 4170 2652 4243 τὴν
2701 4167 3038 4242 όρινοι.ι.ιένηνΔ
3075 4165 3182 4218 τῶν
3233 4165 3490 4235 πονηρῶν
3552 4179 3703 4216 πνευ-

435 4266 650 4306 morum
662 4253 961 4322 spirituum
982 4258 1249 4326 potentia.
1263 4259 2019 4329 deprimiturachumiliatur.

1389 4261 2019 4320 'imiturachumiiiatur.
2130 4267 2316 4340 μάτων
2347 4266 2599 4320 ταπεινοῖ
2632 4263 2976 4317 δυναστείαν.

501 4339 590 4396 54.
615 4339 832 4411 Aspera:
856 4342 1000 4415 (quae
1030 4344 1235 4402 invitos
1260 4356 1459 4417 petunt
1481 4349 1737 4406 violenta:
1768 4352 2025 4408 tentatio-

2199 4361 2293 4415 νδ’.
2325 4362 2397 4413 Al
2453 4356 2723 4426 τραχεῖαι
2785 4357 3108 4427 (τουτέστιν,
3168 4356 3224 4408 αἱ
3274 4353 3384 4406 τῶν
3442 4349 3702 4406 ἀκουσίων

431 4428 552 4503 nes)
585 4432 820 4486 eruntin
847 4433 961 4488 vias
986 4432 1182 4504 planas
1202 4438 1276 4505 ‘°;
1308 4448 1440 4494 tunc
1467 4442 1724 4507 maxime,
1750 4459 1875 4499 cum
1902 4446 2018 4501 ani-

2129 4451 2453 4524 πειρασμῶν
2504 4449 2782 4520 ἐπιφοραὶ)
2847 4448 3093 4502 ἔσονται
3145 4450 3231 4514 εὶς
3287 4444 3470 4511 ὀδοὺς
3519 4441 3696 4504 λείας,

431 4492 556 4577 mus
581 4522 827 4593 gaudens
851 4532 909 4579 et
930 4525 1121 4581 laetans
1149 4528 1206 4583 in
1230 4528 1647 4588 inﬁrmitatibus
1675 4545 1731 4589 et
1755 4539 2018 4595 aerumnis

2137 4492 2449 4524 """t"“'r""'
2504 4492 2781 4520 ""‘l"'l"'"l
2847 4492 3093 4502 ννυνννη
3145 4492 3225 4514 νη»
3288 4492 3461 4511 ννννδ

2124 4544 2254 4598 ὅταν
2289 4542 2526 4614 μάλιστα
2559 4544 2767 4612 χαίρων
2800 4542 2893 4593 καὶ
2930 4540 3359 4611 εὐφραινόμενος
3409 4540 3437 4591 ὁ
3477 4534 3618 4597 νοῦς,
3648 4533 3700 4583 ἐν

428 4622 485 4667 et
526 4615 955 4673 necessitatibus
995 4616 1102 4674 sibi
1140 4622 1439 4691 placuerit;
1480 4626 1574 4696 qui
1618 4627 1880 4685 nimirum
1920 4647 2015 4701 per

2124 4635 2436 4698 ἀσθενείαις
2455 4633 2651 4706 εὐδοκῇ
2681 4631 2777 4686 καὶ
2801 4629 3013 4701 θλίψεσι
3044 4632 3140 4685 καὶ
3168 4631 3463 4699 ἀνάγκαις,
3486 4627 3574 4681 διὰ
3599 4624 3697 4677 τῶν

428 4705 833 4764 involuntarios
864 4708 1114 4778 labores,
1149 4713 1586 4772 voluntariorum
1623 4718 1919 4777 aﬂ‘ectuum
1953 4739 2015 4780 ac

2125 4726 2396 4782 ἀκουσίων
2456 4726 2656 4790 πόνων,
2710 4724 2811 4795 τὴν
2857 4722 2987 4793 ὃλην
3041 4722 3150 4776 τῶν
3198 4721 3466 4775 ἑκουσίων
3522 4715 3696 4771 παθῶν

426 4795 725 4851 libidinum
759 4814 980 4855 omnem
1015 4817 1048 4856 a
1084 4817 1143 4859 se
1176 4807 1482 4875 potentiam
1519 4810 1756 4866 auferat.
1790 4813 2013 4871 Vocavit

2125 4814 2532 4887 ἀφαιρούμενος
2582 4813 2926 4868 δυναστείαν.
2973 4813 3251 4885 Τραχείας
3299 4811 3411 4883 γὰρ
3444 4807 3691 4877 κέκληκε,

424 4887 575 4943 enim
601 4906 819 4960 aspera:
848 4891 926 4963 (id
951 4903 1057 4959 est,
1081 4894 1221 4966 vias)
1249 4912 1343 4953 eas
1371 4902 1706 4959 tentationes
1730 4921 1852 4975 quae
1882 4908 2011 4963 invi-

2121 4907 2222 4972 τάς
2245 4907 2355 4961 τῶν
2388 4906 2663 4961 ἀκουσίων
2697 4904 3023 4979 πειρασμῶν
3054 4905 3380 4975 συμϐάσεις,
3435 4904 3517 4966 είς
3551 4898 3694 4961 ὁδοὺς

427 4976 499 5032 tis
529 4978 807 5047 accidunt,
836 4981 1006 5053 inque
1039 4982 1156 5040 vias
1189 4987 1403 5056 planas,
1435 4993 1641 5062 gratias
1675 4996 1889 5067 agendo
1921 5016 2014 5070 per

2105 5000 2273 5064 λείας
2303 4999 2392 5054 διὰ
2419 5000 2520 5070 τῆς
2546 4997 2689 5052 κατὰ
2718 4976 2816 5069 τὴν
2840 4998 3197 5070 εὐχαριστίαν
3228 4995 3510 5068 ὑπομονῆς
3540 5006 3692 5065 μετα-

426 5070 766 5139 patientiam.
794 5083 1101 5132 mutantur.

864 5083 1101 5132 utantur.
2118 5088 2451 5152 πιπτούσας.

494 5160 585 5216 55.
615 5161 719 5228 Qui
757 5181 901 5222 verae
939 5168 1064 5224 vitte
1100 5169 1381 5229 desiderio
1425 5182 1666 5244 tenetur,
1699 5196 1864 5251 quem
1905 5199 2018 5241 non

2186 5185 2281 5234 νε’.
2316 5179 2376 5232 '0
2430 5180 2529 5250 τῆς
2582 5178 2842 5251 ἀληθινῆς
2874 5180 3164 5250 ἐφιέμενος
3195 5179 3360 5251 ζωῆς,
3410 5177 3572 5247 γνοὺς
3615 5173 3686 5225 ὅτι

424 5249 592 5307 lateat
627 5252 873 5311 laborem
916 5273 1160 5327 onmem,
1190 5264 1309 5320 sive
1353 5265 1402 5322 is
1437 5276 1633 5337 sponte
1671 5249 2009 5343 assumptus,

2116 5271 2227 5335 πᾶς
2259 5270 2442 5334 πόνος,
2468 5249 2576 5324 εἴτε
2604 5249 2870 5335 ἑκούσιος,
2902 5249 3013 5325 εἴτε
3041 5249 3320 5336 ἀκούσιος,
3348 5269 3446 5342 τῆς
3477 5266 3568 5322 τοῦ
3601 5265 3686 5319 θα-

424 5342 541 5397 sive
573 5343 854 5402 immissus
879 5349 952 5403 sit
974 5359 1139 5422 atque
1165 5353 1439 5423 incussus,
1462 5347 1763 5432 v’oluptatis
1793 5381 1857 5420 ac
1884 5364 2011 5421 libi-

2119 5365 2283 5418 νάτου
2313 5364 2520 5435 μητρὸς
2543 5364 2739 5435 ἡδονῆς
2771 5363 2944 5437 [Regii
2980 5365 3084 5418 duo
3109 5362 3330 5437 ὀδύνης]
3359 5362 3570 5432 γίνεται
3593 5357 3682 5411 θά-

423 5432 596 5499 dinis,
631 5451 756 5506 quae
801 5441 1000 5496 mortis
1040 5457 1243 5512 parens
1281 5449 1530 5516 exsistat,
1564 5463 1799 5510 mortem
1836 5456 2003 5525 eilici;

2119 5432 2518 5520 tinea-1:31;!“
2549 5432 2650 5519 τὰς
2697 5432 2960 5529 τραχείας
2987 5459 3003 5477 ’
3050 5456 3160 5509 τῶν
3196 5432 3470 5510 άκήούσίων
3500 5464 3681 5523 πειρα-

496 5566 540 5596 ιν]
571 5567 708 5624 ρει),
746 5585 877 5637 χχιι,
915 5573 940 5627 ί
975 5588 1131 5644 seqq.
1208 5576 1253 5608 ⁵⁷
1288 5577 1309 5632 Ι
1340 5577 1533 5635 Thess.
1572 5598 1627 5645 ιι,
1661 5582 1713 5637 5.
1793 5584 1836 5617 ⁸⁸
1866 5584 1967 5639 lsa.
2000 5600 2083 5651 XL,

1661 5582 1713 5637 5.
1793 5584 1836 5617 ⁸⁸
1866 5584 1967 5639 lsa.
2000 5600 2086 5651 XL,
2113 5584 2165 5639 5.
2247 5587 2291 5618 δ’
2329 5585 2467 5642 ibid.
2498 5588 2566 5657 4;
2599 5586 2735 5642 Luc.
2775 5602 2853 5653 ιιι,
2886 5586 2937 5642 5.
3018 5587 3064 5618 ⁶⁰
3096 5585 3232 5640 ibid.

496 5701 512 5715 '
549 5699 682 5758 .lia'!
719 5707 878 5770 edita,
920 5709 1106 5776 χρείας
1139 5728 1238 5765 nec
1269 5712 1410 5767 bene
1445 5715 1625 5779 Picus,
1664 5719 1837 5772 utiles.
