4020 6394
300 349 418 418 lii-il

963 346 1298 407 CAPITUM
1337 345 1762 418 QUINQUIES
1801 346 2323 408 CENTENORUM
2361 345 2751 407 CENTURIA
2790 347 2867 406 II.

3435 342 3570 408 1242

299 461 440 533 σμῶν
473 455 770 525 ἐπιφορὶς,
804 454 1017 519 δέξεται
1069 457 1192 526 μετ’
1243 456 1588 526 εὐφροσύνης
1622 456 1830 527 χαίρων
1857 471 1869 483 ο

1981 470 2203 524 asperas
2248 470 2471 516 omnes,
2516 454 2882 508 tentationum
2930 455 3132 510 invitos
3176 454 3567 524 excipientium

297 555 376 610 διὰ
412 550 508 620 τῆς
538 549 838 617 ὑπομονῆς,
869 547 1025 610 ὁδοὺς
1053 549 1316 617 εὐμαρεῖς
1360 565 1419 600 τε
1451 551 1545 601 καὶ
1571 549 1740 611 λείας,
1773 546 1874 610 τὰς

299 639 495 710 θλίψεις
530 636 875 706 ποιούμενος,
934 636 1030 689 καὶ
1065 637 1200 704 πρὸς
1243 637 1304 690 τὸ
1338 637 1593 708 βραϐεῖον
1623 639 1722 707 τῆς
1759 637 1873 690 ἀνω

298 734 539 802 κλήσεως
573 727 831 790 ἀπλανῶς
862 730 1344 799 παραπεμπούσας
1393 731 1578 793 αὑτὸν,
1629 731 1876 794 εὐσεϐῶς

300 828 354 878 ἐν
403 822 592 882 αὑταῖς
644 820 734 873 τὸν
773 819 911 874 θεῖον
951 821 1152 892 δρόμον
1205 821 1549 892 ποιούμενον.
1601 822 1710 876 Καὶ
1743 823 1874 892 γάρ,

298 914 387 967 τοῦ
419 912 514 982 μὲν
550 909 782 964 Θανάτου
837 912 1020 982 μήτηρ
1053 911 1201 965 ἐστὶν
1231 914 1262 983 ἡ
1295 913 1454 984 ἡδονή
1483 930 1495 943 ·
1542 913 1643 981 τῆς
1679 914 1877 983 ἡδονῆς

298 1007 350 1059 δὲ
388 1002 610 1064 θάνατός
639 1004 807 1067 ἐστιν,
834 1006 862 1056 6
899 1003 1058 1068 πόνος
1084 1019 1096 1032 ⁶
1133 1004 1161 1058 ὃ
1194 1022 1252 1058 τε
1282 1007 1689 1078 προαιρετικὸς,
1723 1005 1818 1059 καὶ
1848 1007 1876 1058 6

300 1098 445 1169 ποιρά
477 1095 822 1168 προαίρεσιν.

367 1279 470 1338 νς¹.
503 1274 620 1337 Πᾶς
649 1273 936 1346 τοιγαροῦν
968 1277 996 1328 6
1040 1274 1140 1346 τὴν
1169 1275 1522 1329 πολυέλικτὸν
1549 1292 1607 1327 τε
1644 1276 1740 1330 καὶ
1775 1294 1876 1329 πο-

298 1363 559 1417 λύπλοκον
619 1365 832 1435 ἡδονὴν,
891 1367 986 1418 καὶ
1035 1368 1204 1419 πᾶσιν
1252 1366 1386 1435 ὁμοῦ
1435 1369 1547 1430 τοῖς
1597 1367 1877 1436 αἰσθητοῖς

298 1455 653 1524 πολυτρόπως
695 1455 1199 1526 συμπεπλεγμένην
1231 1459 1296 1526 τῇ
1343 1457 1643 1528 ἐγκρατείᾳ
1695 1457 1877 1509 διαλύ-

298 1564 410 1610 σας,
438 1546 504 1599 τά
533 1546 721 1599 σκολιὰ
767 1549 847 1611 εἰς
892 1546 1108 1610 εὐθείας
1139 1548 1364 1618 ἐποίησε
1389 1566 1397 1574 ·
1454 1551 1546 1600 καὶ
1571 1550 1598 1601 6
1619 1548 1715 1618 τὴν
1750 1548 1878 1600 δύσ-

296 1638 448 1691 ϐατον
481 1640 575 1690 καί
627 1640 883 1708 τραχεῖαν
929 1639 1036 1692 τῶν
1088 1640 1268 1692 πόνων
1321 1642 1588 1711 ἐπιφορὰν
1635 1640 1703 1694 δι’
1748 1641 1878 1694 ὑπο-

298 1729 457 1797 μονῆς
508 1728 780 1798 πατήσας,
831 1731 930 1793 τὰς
975 1732 1238 1801 τραχείας
1286 1731 1548 1800 ἐποίησεν
1602 1733 1683 1794 είς
1723 1731 1876 1796 ὀδοὺς

1980 547 2405 614 impressiones,
2446 562 2570 600 eum
2618 547 2806 600 laetitia
2855 549 3098 617 gaudens
3142 547 3434 616 suscipiet,
3476 546 3570 617 qui

1979 639 2192 692 scilicet
2244 654 2343 708 per
2398 638 2756 708 patientiam,
2806 639 2922 691 vias
2981 639 3172 694 faciles
3230 640 3569 709 planasque,

1977 745 2251 783 aerumnas
2298 728 2525 793 efficiat,
2571 745 2635 783 ac
2683 745 2805 798 qure
2855 730 2921 783 ad
2969 746 3222 798 superna:
3266 733 3573 788 vocationis

1980 823 2308 892 palmam“,
2345 823 2433 891 pie
2477 823 2529 876 in
2576 823 2656 876 eis
2697 821 2946 874 divinum
2989 823 3281 877 facientem
3323 841 3563 890 cursum,

1982 924 2100 970 tuto
2137 917 2331 971 itinere
2371 917 2764 971 transmittant.
2798 919 2931 971 Nam
2975 919 3169 972 mortis
3208 921 3430 988 quidem
3475 935 3573 989 pa—

1980 1022 2128 1069 rens,
2156 1007 2408 1076 voluptas
2440 1015 2526 1061 est
2551 1022 2614 1060 ac
2645 1008 2848 1074 libido;
2879 1010 3181 1079 voluptatis
3212 1019 3394 1063 autem
3424 1024 3574 1062 mors

1980 1115 2042 1153 ac
2073 1099 2336 1162 libidinis,
2357 1099 2532 1162 labor,
2556 1110 2670 1153 tum
2696 1102 2790 1169 qui
2819 1119 3089 1171 propensa
3119 1105 3397 1156 voluntate
3423 1117 3577 1156 assu-

1979 1191 2170 1252 mitur,
2197 1199 2308 1242 tum
2340 1191 2431 1258 qui
2459 1190 2510 1243 vi
2541 1193 2721 1246 aliena
2756 1192 3012 1246 infertur.

2051 1283 2137 1336 56.
2166 1282 2410 1351 Quisque
2442 1281 2609 1350 igitur
2635 1285 2822 1338 multis
2848 1285 3228 1340 voluminibus
3257 1286 3572 1354 perplexam

1981 1374 2412 1443 implicitamque
2440 1378 2774 1446 voluptatem
2806 1393 2900 1432 seu
2929 1378 3238 1440 libidinem,
3263 1394 3326 1431 ac
3357 1376 3575 1432 cunctis

1982 1466 2188 1537 pariter
2228 1468 2390 1522 rebus
2427 1486 2548 1538 qua:
2592 1470 2646 1523 in
2694 1486 2918 1524 sensum
2964 1470 3169 1524 cadunt
3213 1470 3573 1523 multifariam

1979 1561 2358 1628 complicatam
2417 1570 2580 1630 atque
2635 1563 2970 1627 haerentem,
3024 1579 3123 1632 per
3174 1563 3572 1617 continentiam

1981 1651 2260 1714 dissolvit,
2295 1669 2460 1722 prava
2509 1655 2563 1708 in
2606 1655 2723 1708 vias
2763 1664 2943 1708 rectas
2988 1655 3146 1721 fecit;
3191 1655 3395 1725 quique
3436 1655 3573 1708 adeo

1979 1744 2236 1808 arduam,
2270 1760 2630 1813 asperamqne
2663 1761 2726 1800 ac
2761 1745 3012 1799 scabram
3047 1747 3299 1800 laborum
3336 1746 3572 1815 impres-

291 1819 454 1882 λείας.
481 1797 650 1872 Ὅθεν
679 1819 868 1892 ὥσπερ
924 1797 1156 1876 ἔπαθλον
1191 1824 1392 1893 ἀρετῆς
1425 1797 1517 1878 καί
1570 1822 1680 1876 τῶν
1732 1822 1870 1895 ὑπὲρ

1980 1836 2189 1889 sionem
2219 1854 2316 1906 per
2344 1838 2667 1906 patientiam
2702 1839 2955 1904 calcavit,
2981 1854 3205 1909 asperas
3233 1839 3288 1892 in
3313 1837 3431 1892 vias
3458 1839 3573 1907 pla-

292 1910 454 1980 αὐτῆς
484 1909 772 1979 καμάτων,
796 1905 885 1964 οἷα
913 1910 1092 1974 καλῶς
1118 1929 1177 1963 τε
1206 1913 1301 1964 καί
1328 1913 1576 1983 νομίμως
1603 1910 1869 1982 ἀθλήσας,

292 2001 382 2054 καὶ
438 2001 538 2082 τῂν
577 2001 769 2072 ἡδονὴν
800 2003 1036 2073 νικήσας
1074 2002 1150 2072 τῷ
1203 2003 1355 2073 πόθῳ
1383 2003 1482 2072 τῆς
1513 2004 1734 2074 ἀρετῆς,
1781 2005 1872 2056 καὶ

287 2091 380 2162 τὴν
411 2092 606 2162 ὀδύνην
640 2095 893 2164 πατήσας
928 2093 1006 2162 τῷ
1045 2097 1140 2164 τῆς
1173 2093 1430 2162 γνώσεως
1461 2094 1644 2166 ἔρωτι,
1679 2096 1774 2147 καὶ
1802 2095 1870 2148 δι’

289 2185 611 2257 ἀμφοτέρων
644 2169 909 2255 γενναίως
939 2187 1066 2250 τοὺς
1097 2188 1273 2250 θείους
1313 2187 1598 2256 διενέγκας
1628 2187 1867 2256 ἀγῶνας,

292 2277 552 2343 Ὄψεται,
592 2276 734 2330 κατά
774 2277 834 2330 τὸ
875 2278 1286 2348 γεγραμμένον.
1323 2276 1391 2331 τὸ
1434 2278 1735 2347 σωτήριον
1763 2277 1870 2332 τοῦ

289 2368 450 2422 Θεοῦ.

350 2542 444 2608 νξκ
481 2543 545 2596 '0
575 2543 672 2614 τὴν
703 2545 906 2615 ἀρετὴν
937 2546 1188 2613 ἀγαπῶν,
1221 2548 1318 2618 τὴν
1350 2547 1457 2600 τῶν
1486 2545 1687 2617 ἡδονῶν
1714 2548 1870 2598 ἑκου-

286 2637 406 2699 σίως
438 2637 809 2707 ἀπομαραίνει
842 2639 1073 2708 κάμινον
1098 2656 1111 2669 ·
1146 2641 1174 2691 6
1200 2640 1350 2709 δὲτῇ
1384 2638 1580 2706 γνώσει
1607 2638 1709 2708 τῆς
1735 2637 1869 2708 ἀλη-

288 2728 431 2790 θείας
463 2729 854 2798 πεποιωμένος
887 2734 902 2751 ⁸
933 2731 1025 2782 τὸν
1060 2731 1207 2793 νοῦν,
1237 2729 1517 2794 ἀκουσίοις
1547 2730 1647 2782 οὐκ
1674 2729 1866 2798 ἐπέχε-

284 2839 367 2875 ται
396 2823 605 2884 πόνοις,
638 2822 741 2891 τῆς
773 2822 912 2875 κατά
945 2823 1045 2892 τὴν
1085 2821 1272 2890 ἔφεσιν
1313 2822 1448 2892 πρὸς
1474 2821 1566 2875 τὸν
1597 2821 1730 2874 Θεὸν
1771 2838 1866 2890 φε-

286 2915 475 2987 ρούσης
517 2915 883 2984 ἁεικινησίας.

348 3007 447 3078 νῆ’.
485 3007 552 3062 '0
604 3008 674 3062 τά
733 3008 924 3062 σκολιά
964 3006 1074 3061 τῶν
1133 3007 1399 3060 ἑκουσίων
1439 3006 1650 3068 παθῶν,
1698 3007 1867 3076 ήγουν

284 3100 376 3171 τῆς
408 3101 611 3172 ἡδονῆς
657 3100 724 3153 τὰ
769 3101 1048 3170 κινήματα
1079 3099 1166 3152 διά
1214 3100 1311 3170 τῆς
1340 3099 1668 3170 ἐγκρατείας
1705 3097 1863 3151 εὐθύ-

284 3210 394 3258 νας,
428 3195 527 3246 κα“ι
579 3191 678 3256 τὰς
722 3191 1005 3262 τραχείας,
1052 3191 1164 3244 τῶν
1221 3191 1495 3245 ἀκουσίων
1541 3189 1868 3262 πειρασμῶν

286 3286 594 3355 συμφορὰς,
646 3284 817 3354 ἤγουν
861 3286 986 3345 τοὺς
1019 3284 1257 3354 τρόπους
1288 3282 1389 3351 τῆς
1419 3283 1614 3350 ὀδύνης
1651 3282 1740 3335 διὰ
1771 3284 1870 3353 τῆς

282 3375 564 3446 ὑπομονῆς
588 3375 876 3446 ὁμαλίσας,
911 3375 1007 3428 καὶ
1033 3377 1110 3436 είς
1135 3374 1288 3434 ὁδοὺς
1314 3373 1462 3436 λείας
1495 3376 1862 3445 καταστήσας’

280 3470 306 3520 6
338 3468 584 3530 τοιοῦτος
611 3470 834 3531 είκῦτως
869 3468 1078 3536 ὄψεται
1109 3467 1174 3520 τὸ
1213 3465 1514 3533 σωτήριον
1540 3466 1647 3520 τοῦ
1691 3465 1864 3530 Θεοῦ,

281 3559 516 3630 καθαρὸς
547 3561 610 3628 τῇ
642 3558 840 3629 καρδία
873 3559 1185 3626 γενόμενος·
1230 3555 1351 3607 καθ’
1393 3556 1458 3626 ἣν
1491 3555 1578 3608 διὰ
1604 3555 1713 3608 τῶν
1747 3557 1868 3627 ἀρε-

280 3650 384 3702 τῶν
435 3651 534 3704 καὶ
588 3650 697 3702 τῶν
726 3649 967 3700 εὐσεϐῶν
1003 3647 1404 3717 θεωρημάτων,
1441 3649 1544 3717 ὁρᾷ
1590 3646 1684 3698 τὸν
1734 3646 1866 3700 Θεὸν

279 3745 368 3795 ἐπὶ
397 3743 548 3797 τέλει
582 3743 688 3795 τῶν
720 3740 917 3806 ἄθλων,
952 3740 1096 3793 κατὰ
1135 3741 1218 3803 τὸ,
1251 3737 1547 3807 Μακάριοι
1583 3740 1635 3790 οἱ
1682 3741 1854 3792 καθα-

273 3836 365 3903 ροί
404 3836 477 3904 τῇ
522 3835 757 3903 καρδίᾳ,
787 3834 875 3887 ὅτι
907 3832 1074 3887 αὐτοὶ
1102 3831 1209 3885 τὸν
1248 3832 1397 3884 Θεδν
1433 3832 1714 3899 ὄψονται·
1757 3831 1866 3884 τῶν

279 3927 417 3998 ὑπὲρ
448 3928 655 3999 ἀρετῆς
689 3928 888 3990 πόνων,
922 3926 1024 3995 τῆς
1072 3923 1344 3986 ἀπαθείας
1394 3923 1493 3992 τὴν
1523 3923 1685 3993 χάριν
1718 3925 1865 3976 ἀντι-

277 4019 477 4084 λαϐὼν,
515 4015 586 4091 ἦς
646 4019 798 4071 οὐδὲν
850 4017 1014 4070 πλέον
1058 4014 1150 4069 τὸν
1207 4015 1341 4068 Θεὸν
1399 4016 1693 4084 ἐμφανίζει
1754 4017 1864 4078 τοῖς

279 4114 486 4184 ἔχουσι.

346 4207 445 4260 νϐ’.
477 4205 736 4267 Λάκκους
762 4203 922 4256 καλεῖ
947 4203 980 4274 ἡ
1011 4202 1204 4274 Γραφὴ
1239 4199 1322 4272 (ί),
1348 4199 1446 4263 τὰς
1474 4199 1731 4264 δεκτικὰς
1758 4199 1867 4253 τῶν

277 4300 549 4370 οὐρανίων
577 4297 934 4369 χαρισμάτων
964 4295 1065 4364 τῆς
1105 4295 1268 4361 ἁγίας
1298 4291 1554 4362 γνώσεως
1612 4292 1864 4364 καρδίας,

277 4389 700 4462 λατομουμένας
747 4387 826 4460 τῷ
864 4387 1078 4460 στερρῷ
1135 4387 1280 4458 λόγῳ
1330 4387 1439 4439 τῶν
1487 4387 1740 4451 ἐντολῶν,
1772 4387 1868 4440 καὶ

1974 1944 2074 1982 nas
2106 1929 2256 1982 fecit.
2290 1930 2498 1984 Idcirco
2531 1937 2792 1999 tanquam
2825 1931 3046 1985 virtutis
3078 1931 3388 1999 prmmium,
3421 1929 3573 2000 ejus-

1973 2037 2080 2091 que
2113 2038 2276 2074 causa
2310 2030 2699 2091 susceptorum
2732 2037 2827 2075 seu
2855 2022 3258 2076 exantlatorum
3291 2021 3568 2084 laborum,

1973 2112 2126 2164 velut
2169 2112 2261 2180 qui
2315 2113 2416 2165 rite
2469 2113 2824 2182 legitimoque
2871 2113 3196 2173 certaverit,
3237 2112 3570 2180 virtutisque

1973 2201 2253 2256 desiderio
2296 2202 2632 2272 voluptatem
2688 2220 2752 2259 ac
2799 2204 3088 2258 libidinem
3134 2203 3364 2266 vicerit,
3402 2211 3570 2270 atque

1973 2295 2217 2350 scientiae
2249 2311 2433 2349 amore
2468 2295 2716 2348 dolorem
2749 2295 3078 2358 calcaverit,
3142 2310 3362 2348 necnon
3399 2293 3569 2348 utris-

1971 2402 2080 2456 que
2103 2387 2287 2440 divina
2308 2387 2610 2442 certamina
2635 2395 2862 2441 strenue
2887 2386 3142 2456 gesserit,
3169 2383 3423 2440 Salutare
3448 2383 3568 2448 Dei,

1971 2479 2115 2531 sicut
2144 2478 2414 2547 scriptum
2447 2486 2551 2542 est,
2583 2478 2774 2532 videbit
2793 2479 2860 2534 °’.

2041 2571 2128 2624 57.
2157 2570 2259 2636 Qui
2287 2569 2549 2625 virtutem
2581 2570 2780 2641 diligit,
2803 2571 3146 2640 voluptatum
3176 2578 3370 2639 sponte
3401 2567 3572 2624 cami—

1972 2677 2101 2714 num
2136 2662 2430 2732 restinguit
2458 2680 2470 2715 :
2499 2662 2594 2730 qui
2620 2678 2752 2716 vero
2775 2662 3024 2716 veritatis
3057 2662 3290 2716 scientia
3324 2670 3564 2714 mentem

1973 2754 2192 2809 imbuit.
2223 2754 2362 2807 nihil
2402 2753 2567 2825 548
2596 2754 2854 2809 violentis
2887 2755 3172 2810 laboribus
3208 2754 3512 2819 inhibetur,
3537 2767 3568 2807 a

1965 2843 2079 2914 jugi
2109 2843 2162 2897 in
2194 2845 2363 2898 Deum
2396 2845 2714 2914 cupiditatis
2745 2854 2923 2898 motu.
3238 2868 3244 2872 ·

2045 3024 2132 3078 58.
2159 3023 2263 3090 Qui
2301 3039 2472 3094 prava
2505 3023 2945 3078 voluntariorum
2986 3021 3246 3075 affectum
3281 3036 3346 3074 ac
3378 3018 3566 3074 libidi-

1972 3133 2104 3172 num
2158 3117 2378 3187 (nempe
2423 3115 2725 3186 voluptatis
2772 3118 2976 3183 motus)
3025 3130 3122 3184 per
3169 3113 3568 3168 continentiam

1971 3208 2271 3273 direxerit;
2343 3222 2680 3276 asperasque
2748 3207 3120 3260 violentarum
3194 3206 3567 3260 tentationum

1971 3301 2313 3356 calamitates
2353 3300 2581 3369 (doloris
2615 3299 2830 3353 scilicet
2866 3299 3078 3368 modos)
3117 3314 3215 3367 per
3245 3297 3568 3367 patientiam

1969 3392 2290 3460 aequaverit.
2321 3401 2378 3445 et
2424 3391 2478 3444 in
2521 3390 2639 3444 vias
2678 3390 2870 3458 planas
2908 3390 3133 3454 fecerit;
3182 3389 3304 3442 talis
3347 3390 3566 3452 merito,

1969 3483 2062 3552 qui
2100 3482 2306 3535 mundo
2340 3481 2506 3535 corde
2541 3481 2771 3534 effectus
2805 3481 2909 3544 sit,
2933 3480 3187 3534 Sulutare
3218 3480 3314 3533 Dci
3347 3479 3566 3545 videbit;

1969 3589 2077 3643 quo
2115 3572 2340 3642 (mundo
2372 3571 2556 3640 corde)
2596 3588 2691 3640 per
2722 3573 2954 3626 virtutes
2989 3587 3052 3625 ac
3088 3572 3208 3640 pias
3242 3562 3568 3625 considera-

1971 3665 2168 3726 tiones,
2192 3665 2363 3718 Dcum
2391 3663 2542 3716 videt
2568 3663 2618 3716 in
2651 3660 2757 3717 line
2790 3663 3350 3733 ccrtaminum,jnxta
3383 3661 3520 3715 illud
3555 3680 3565 3714 :

1967 3756 2122 3810 Beati
2158 3756 2352 3810 mmnlo
2383 3755 2565 3817 corde,
2600 3757 2855 3826 quoniam
2890 3757 2990 3826 ipsi
3024 3755 3190 3808 Deum
3222 3755 3465 3808 videbunt
3493 3754 3567 3821 ‘3;

1970 3865 2071 3920 pro
2107 3848 2392 3902 laboribus
2423 3847 2626 3916 quibus
2657 3847 2879 3901 virtutis
2912 3864 3076 3901 causa
3109 3847 3430 3916 perfunctus
3465 3857 3567 3906 est,

1968 3939 2480 4010 imperturbationis
2517 3955 2718 3993 nmnns
2745 3947 3109 4004 consecutus;
3141 3954 3248 4007 qua
3280 3937 3418 3991 nihil
3452 3952 3571 3990 ma-

1968 4037 2049 4109 gis
2073 4038 2244 4091 Deum
2273 4035 2607 4098 manifestat,
2636 4036 2722 4101 iis,
2747 4035 2841 4106 qui
2869 4035 2960 4089 illa
2987 4033 3198 4104 praediti
3226 4033 3356 4087 sint.

2041 4213 2128 4269 59.
2166 4211 2445 4268 Cisternas
2485 4221 2643 4265 vocat
2686 4211 3004 4282 Scriptura,
3043 4210 3209 4265 corda
3258 4207 3569 4263 cmlestium

1970 4315 2174 4360 sancta:
2209 4305 2454 4359 scientia:
2488 4303 2760 4357 donorum
2799 4303 3052 4372 capacia,
3079 4301 3245 4355 solito
3283 4298 3570 4352 mandato-

1973 4412 2094 4450 rum
2119 4410 2374 4450 sermone
2402 4396 2606 4457 excisa,
2628 4395 2889 4463 velutque
2915 4394 3146 4447 callosas
3173 4390 3426 4448 durities.
3445 4403 3573 4458 pro-

281 4483 729 4554 ἀποδαλλομένας
761 4481 1016 4550 καθάπερ
1048 4478 1391 4552 πωρώματα,
1422 4481 1521 4550 τήν
1545 4497 1603 4532 τε
1635 4480 1772 4551 πρὸς
1798 4479 1867 4533 τὰ

1980 4489 2255 4543 cliviorem
2289 4487 2346 4540 in
2375 4488 2504 4540 vitia
2535 4487 2877 4560 allectusque
2913 4486 3198 4540 libidinem
3234 4480 3570 4551 respu‘entia,

278 4576 428 4648 πάοη
456 4577 795 4648 φιληδονίαν,
833 4577 928 4628 καὶ
957 4577 1058 4643 τὴν
1089 4573 1224 4642 πρὸς
1249 4573 1316 4625 τὰ
1343 4573 1584 4642 αἰσθητά
1614 4573 1713 4642 τῆς
1763 4572 1867 4642 φύ-

281 4687 420 4734 σεως
455 4669 662 4741 σχέσιν,
696 4670 791 4722 καί
817 4667 1204 4739 πληρουμένας
1236 4666 1336 4735 τῆς
1364 4665 1573 4718 ἄνωθεν
1627 4665 1872 4736 φερομέε-

278 4779 377 4832 νης
448 4762 724 4832 ῥυπτικῆς
789 4777 847 4813 τε
902 4758 1012 4812 τῶν
1047 4757 1257 4819 παθῶν,
1315 4757 1410 4810 καὶ
1469 4755 1873 4828 ζωοποιητικῆς

281 4853 375 4905 καί
405 4850 519 4906 οἷον
557 4850 862 4924 θρεπτικῆς
912 4849 1021 4902 τῶν
1067 4847 1278 4918 ἀρετῶν
1314 4848 1372 4898 ὲν
1406 4845 1702 4924 πνεύματι,
1740 4845 1876 4912 γνὼ-

281 4960 443 5009 σεως.

976 5078 1018 5107 ⁶¹
1051 5078 1154 5131 lsa.
1187 5093 1272 5141 κι,
1309 5077 1362 5131 5.
1441 5075 1488 5107 ⁸³
1512 5075 1702 5130 Matth.
1734 5093 1787 5141 v,
1815 5078 1868 5132 5.

351 5085 394 5115 ⁶¹
429 5082 667 5151 Philipp.
699 5097 776 5142 Ill,
812 5079 898 5132 Η.

352 5221 368 5242 ⁶
395 5221 533 5276 Male
555 5219 702 5274 edita
724 5233 989 5287 πεποιημ.

357 5339 420 5412 (i)
455 5337 736 5412 Λάκκρυς
763 5331 934 5388 καλεῖ
1292 5329 1469 5412 [σομε
1497 5345 1562 5410 ac
1593 5329 1866 5385 cisternas

281 5399 553 5480 expressit
617 5399 924 5480 Scriptura.
983 5401 1360 5480 intellexitque
1401 5399 1709 5464 Maximus;
1748 5416 1866 5480 Onec

283 5469 431 5537 bene
478 5469 852 5547 Picuspu'teis
877 5473 1130 5547 mutavit.
1187 5471 1393 5547 Pnteus
1454 5485 1692 5547 namque
1746 5469 1866 5547 ipse

286 5552 415 5606 fons
442 5559 546 5614 ost,
580 5540 694 5614 sed",
708 5548 816 5602 alta
843 5541 1452 5614 scaturigineﬂdgaxot,
1489 5540 1642 5614 lacus
1670 5547 1725 5593 et
1785 5540 1867 5594 ci-

285 5630 512 5682 sternte,
535 5611 657 5675 non
682 5611 826 5672 'sunt
855 5611 1077 5677 fontes;
1109 5628 1210 5667 nec
1248 5612 1360 5665 ullo
1389 5611 1570 5682 latice
1621 5619 1867 5682 manant,

287 5691 384 5745 sed
446 5680 782 5760 pluvialibus
825 5685 987 5760 aquis
1015 5684 1319 5760 replentur.
1377 5680 1494 5760 Qua
1536 5681 1862 5760 metaphora
1896 5707 1901 5710 ·

290 5751 600 5833 φερομένης
623 5757 826 5814 ἀνωθεν
851 5751 947 5825 τῆς
974 5757 1031 5807 ὲν
1055 5752 1323 5822 πνεύματι
1352 5751 1626 5819 γνώσεως,
1650 5753 1867 5806 scientia

1973 4589 2295 4650 naturmque
2347 4580 2401 4632 in
2452 4595 2540 4634 res
2587 4580 2772 4633 sensui
2825 4579 3100 4647 subjectas
3151 4574 3500 4637 affectionem
3556 4587 3570 4623 :

1976 4689 2097 4741 quze
2125 4672 2366 4740 denique
2397 4686 2426 4724 e
2462 4671 2718 4739 supernis
2753 4669 3003 4737 cmloque
3038 4665 3295 4718 veniente
3333 4659 3570 4732 spiritali

1982 4763 2212 4818 scientia
2254 4763 2604 4832 impleantur,
2642 4778 2762 4830 qua:
2800 4759 3092 4814 libidinum
3133 4755 3328 4811 sordes
3361 4753 3569 4817 abluat,

1982 4865 2038 4912 et
2063 4855 2301 4910 vivificet
2327 4864 2490 4924 atque
2521 4853 2632 4908 alat
2656 4852 2912 4906 virtutes.

1970 5328 2207 5395 spiritali
2241 5344 2268 5380 e
2312 5326 2578 5397 supernis,
2617 5339 2644 5397 ε
2687 5322 2822 5397 ρανίᾳ
2860 5323 3118 5397 veniente,
3145 5317 3285 5397 __h_as
3330 5319 3560 5397 mystice

1971 5390 2262 5460 cisternas,
2297 5390 2564 5451 Ma'ximus
2581 5394 2657 5449 ait
2685 5394 2924 5462 impleri.
2948 5394 3017 5446 At
3044 5390 3178 5445 nihil
3209 5390 3351 5444 bene
3382 5390 3564 5462 Picus.

1976 5471 2145 5524 Plena
2189 5477 2312 5521 sunt
2359 5464 2598 5536 spiritali
2625 5459 2840 5536 sarisam
2879 5463 3135 5536 tendente
3154 5462 3396 5536 scientia.
3432 5459 3568 5536 Sur-

1975 5558 2095 5594 sum
2139 5539 2366 5610 tendcre
2389 5531 2454 5610 et
2483 5536 2674 5602 salire,
2713 5535 2766 5589 id
2791 5535 3016 5605 quidem
3069 5531 3305 5610 fantium
3337 5539 3442 5609 est,
3477 5531 3565 5583 vi-

1972 5624 2282 5678 varumque
2309 5609 2363 5661 in
2395 5609 2478 5678 eis
2507 5601 2827 5678 aquarum;
2871 5613 2926 5657 at
2974 5619 3081 5657 non
3110 5601 3563 5678 glgiximginten-

1978 5690 2115 5743 tum,
2153 5670 2238 5735 vel
2267 5681 2388 5750 ejus
2423 5670 2630 5733 Griecis
2653 5675 3045 5747 signiﬁcatum.
3102 5672 3186 5725 Cl".
3220 5670 3285 5724 ad
3308 5671 3564 5724 Thalass.

1976 5755 2026 5805 ε).
2060 5752 2145 5806 48.
