4020 6422
494 366 630 431 12i3

1667 364 1727 429 S.
1770 371 1825 429 Μ
1832 372 2061 430 AXlMI
2102 370 2615 435 CONFESSOBIS

3647 369 3769 433 ne.

561 480 652 536 6.).
698 480 982 538 Cisternas
1034 479 1240 535 excidit
1287 481 1555 537 Dominus
1611 483 1666 538 in
1717 482 1941 539 deserto
1997 484 2084 556 (in

2262 487 2331 552 ξ’.
2363 488 2616 551 Δάκκους
2643 487 2875 558 λατομεί
2896 486 2924 539 ό
2952 484 3158 555 Κύριος
3177 486 3239 537 ὲν
3265 487 3332 556 τῇ
3368 483 3569 554 ἐρήμῳ
3593 500 3607 516 ο
3644 482 3775 552 λέγω

490 574 699 631 mundo
751 573 967 628 scilicet
1010 574 1412 644 hominumque
1462 574 1693 645 natura)
1748 591 1942 632 eorum
1991 576 2086 646 qui

490 665 640 737 digni
684 675 832 729 sunt,
865 663 1035 720 corda
1071 664 1364 731 etfodicns,
1392 673 1449 721 et
1483 681 1514 721 a
1557 674 1778 721 terrena
1820 668 2090 739 gravitate

491 757 898 830 prudentiaque
932 757 1276 823 emundans,
1309 768 1474 828 atque
1510 757 1580 813 ad
1615 758 1836 814 divinos
1868 761 2091 830 sapien-

488 851 578 906 tiae
619 858 677 905 et
713 850 960 906 scientia:
1002 849 1209 904 imbres
1246 850 1662 920 suscipiendos,
1697 852 1843 907 unde
1881 850 2091 908 Christi

487 958 692 1012 pecora
727 942 1006 1012 adaqucnt
1039 940 1157 1010 (eos
1192 941 1456 996 nimirum
1496 943 1591 1013 qui
1632 958 1748 1013 prae
1789 942 1961 997 animi
2001 943 2090 997 in-

489 1031 691 1096 fantia,
726 1032 922 1086 morali
968 1031 1260 1102 disciplina
1312 1032 1533 1104 egeant)
1582 1032 1822 1089 dilatans
1870 1043 1927 1089 et
1972 1049 2091 1088 am-

490 1126 695 1195 plians.

561 1215 651 1270 61.
680 1215 993 1270 Montanam
1025 1224 1188 1270 vocat
1219 1216 1533 1286 Scriptura,
1559 1217 1856 1274 sublimem
1893 1218 1949 1274 in
1980 1219 2093 1290 spi-

489 1308 602 1362 ritu
637 1317 851 1363 naturae
884 1309 1435 1378 contemplationem,
1461 1326 1625 1380 quam
1662 1312 1698 1365 ii
1729 1312 1942 1377 colunt,
1969 1314 2087 1383 qui,

491 1416 679 1456 rerum
720 1390 1010 1456 sensilium
1046 1401 1258 1457 relictis
1298 1402 1753 1473 cogitationibus,
1785 1405 1851 1459 ad
1896 1421 2090 1461 earum

489 1494 767 1564 spiritales
806 1495 1053 1549 rationes
1086 1509 1185 1565 per
1219 1494 1581 1551 intermedias
1616 1498 1855 1553 virtutes
1895 1514 2091 1554 evase-

492 1592 644 1639 runt.

560 1675 650 1731 62.
703 1674 961 1742 Quandiu
1018 1677 1241 1733 animus
1300 1678 1357 1732 in
1412 1677 1598 1747 seipso
1657 1678 1935 1748 vigentem
1993 1680 2088 1736 Dei

490 1770 816 1824 memoriam
855 1768 1049 1833 habet,
1083 1785 1184 1840 per
1227 1771 1753 1841 contemplationem
1796 1774 2090 1830 Dominum

2191 578 2247 633 δὲ
2290 579 2371 649 τῷ
2412 580 2623 651 κόσμῳ,
2662 580 2757 634 καὶ
2800 581 2868 650 τῇ
2903 577 3064 648 φύσει
3124 576 3235 630 τῶν
3284 573 3636 646 ἀνθρώπων
3687 575 3776 640 τὰς

2191 670 2301 724 τῶν
2334 669 2503 736 ἀξίων
2534 671 2763 735 καρδίας
2811 668 3100 741 ὲκχοῖζων,
3133 668 3231 721 καὶ
3262 664 3668 737 ἀποκαθαίρω-λ
3693 666 3776 721 τοῦ

2192 762 2382 818 ύλικοῦ
2413 763 2615 836 βάρους
2649 780 2709 816 τε
2741 762 2836 817 καὶ
2880 763 3255 832 φρονιῆματος,
3290 759 3390 813 καὶ
3422 758 3599 812 ποιῶν
3627 760 3778 829 εὐρυ-

2190 854 2405 927 χώρους
2455 855 2592 926 πρὸς
2633 851 2902 924 ὑποδοχὴν
2956 853 3068 905 τῶν
3099 850 3264 905 θείων
3292 853 3400 920 τῆς
3458 849 3656 917 σοφίας
3698 851 3787 902 καὶ

2190 948 2293 1019 τῆς
2326 946 2585 1017 γνώσεως
2611 946 2805 1011 ὑετῶν,
2840 947 2929 1001 ἵνα
2955 943 3219 1009 ποτίζωσι
3251 944 3318 998 τὰ
3340 943 3523 1014 κτήνη
3547 941 3640 995 τοῦ
3663 943 3783 1014 Χρι-

2195 1039 2344 1103 στοῦ,
2368 1040 2495 1102 τοὺς
2524 1039 2817 1109 δεομένους
2840 1037 2988 1106 λέγω
3016 1036 3103 1107 διὰ
3130 1035 3310 1107 ψυχῆς
3338 1033 3674 1104 νηπιότητα,
3696 1032 3785 1103 τῆς

2186 1132 2391 1203 ηὴθικῆς
2415 1131 2787 1194 διδασκαλίας.

2265 1224 2366 1291 ξα’.
2406 1222 2653 1295 Ὀρεινὴν
2684 1225 2717 1294 ἠ
2745 1222 2962 1295 Γραφὴ,
3012 1220 3111 1291 τὴν
3140 1217 3356 1290 ὑψηλὴν
3413 1217 3475 1301 ὲν
3525 1212 3786 1285 πνεύματι

2194 1317 2430 1393 θεωρίαν
2464 1318 2565 1384 τῆς
2620 1315 2837 1385 φύσεως
2891 1314 3062 1383 λέγει,
3098 1312 3166 1384 ἣν
3206 1308 3560 1382 γεωργοῦσιν
3606 1308 3656 1359 οί
3687 1304 3785 1360 τῶν

2194 1407 2472 1479 αἰσθητῶν
2506 1408 2905 1477 ἀπογενόμενοι
2960 1403 3301 1474 φαντασιῶν,
3352 1400 3455 1454 καὶ
3497 1398 3639 1468 πρὸς
3672 1397 3786 1459 τοὺς

2193 1501 2376 1555 αὐτῶν
2414 1487 2643 1573 νοητοὺς
2693 1499 2783 1554 διὰ
2832 1499 3018 1570 μέσων
3062 1496 3175 1549 τῶν
3226 1491 3451 1565 ἀρετῶν
3502 1487 3781 1551 διαϐάντες

2194 1593 2386 1754 λὸξᾘΐῗ
2417 1684 2475 1738 '0
2514 1655 2639 1748 νοῦς
2697 1682 2783 1751 ἐφ’
2813 1680 2939 1734 ὅσον
2989 1677 3105 1748 ἔχει
3144 1675 3330 1740 ζῶσαν
3371 1673 3435 1728 ὲν
3487 1669 3667 1741 ἑαυτῷ
3692 1668 3782 1740 τὴν

2198 1773 2294 1828 τοῦ
2344 1774 2479 1828 Θεοῦ
2551 1764 2795 1845 μνήμην,
2836 1769 2925 1823 διὰ
2981 1768 3081 1838 τῆς
3134 1764 3375 1836 θεωρίας
3433 1761 3660 1831 ὲκζητεϊ
3702 1759 3782 1812 τὸν

489 1859 760 1929 exquirit;
805 1876 987 1929 neque
1026 1861 1081 1916 id
1128 1861 1479 1917 defunctorie
1520 1864 1839 1935 leviusque,
1874 1868 2003 1927 sed.
2036 1870 2092 1924 in

2204 1865 2442 1938 Κύριον⁶
2500 1864 2598 1918 καὶ
2652 1863 2753 1932 οὐχ
2798 1859 3007 1922 ἁπλῶς,
3038 1854 3154 1911 ἀλλ’
3208 1854 3285 1916 ἐκ
3315 1853 3486 1923 φόϐῳ
3536 1849 3781 1919 Κυρίου·

490 1951 680 2004 timore
721 1949 939 2004 Domini
965 1950 1042 2017 “;
1095 1950 1201 2005 hoc
1249 1961 1364 2018 est,
1404 1955 1763 2023 exsequendo
1811 1958 2091 2013 mandata.

484 2046 592 2112 Qui
629 2046 780 2101 cnim
817 2047 1247 2116 contemplanda
1280 2047 1400 2103 sine
1432 2049 1649 2103 actione
1677 2048 1972 2103 Deminum
2003 2065 2095 2104 ex-

488 2139 682 2210 quirit,
708 2154 820 2193 non
855 2139 1086 2205 invenit,
1116 2156 1184 2196 eo
1215 2141 1364 2211 quod
1398 2157 1513 2196 non
1548 2142 1602 2194 in
1640 2139 1839 2196 timore
1873 2140 2094 2195 Domini

489 2225 949 2296 exquisierit.‘Et
994 2230 1329 2299 prosperavit
1373 2231 1421 2283 ei
1470 2228 1732 2309 Dominus
1754 2231 1822 2285 ⁸⁸.
1861 2231 2095 2287 Omnem

490 2318 641 2373 enim
667 2318 763 2389 qui
789 2320 1020 2374 scientia
1047 2322 1247 2376 comite
1271 2322 1477 2376 actioni
1506 2322 1802 2388 incumbit,
1827 2323 2096 2378 Dominus

491 2426 761 2482 prospere
789 2412 997 2483 dirigit,
1022 2414 1117 2482 qui
1149 2421 1206 2467 et
1239 2414 1625 2471 mandatorum
1654 2416 1850 2471 modos
1876 2416 2094 2482 doceat,

491 2510 550 2556 et
572 2516 734 2557 veras
762 2518 950 2557 rerum
977 2504 1222 2559 rationes
1253 2506 1489 2576 aperiat.

565 2594 655 2650 63.
683 2593 949 2650 Sublimis
972 2595 1041 2650 de
1069 2595 1277 2651 deitate
1306 2613 1491 2653 sermo
1522 2614 1587 2654 ac
1622 2598 1899 2666 doctrina,
1927 2600 2096 2656 turris

489 2697 577 2744 est
599 2687 810 2754 animo,
848 2689 1236 2745 mandatorum
1264 2690 1429 2764 55.9
1451 2693 1836 2749 observatione
1861 2694 2094 2749 munita.

491 2781 563 2836 Et
602 2782 709 2836 hoc
757 2789 845 2837 est
887 2783 1037 2853 quod
1085 2783 1163 2839 ait
1213 2802 1227 2838 :
1269 2784 1582 2855 ﬁdiﬁcavit
1622 2785 1779 2841 Ozias
1826 2796 1996 2842 turres
2042 2787 2098 2842 in

465 2872 799 2931 Jerusalem
829 2874 896 2928 ⁸⁸.
938 2874 1045 2942 Qui
1097 2875 1246 2930 enim
1296 2886 1448 2932 recte
1499 2878 1852 2948 diriguntur,
1889 2878 1951 2933 ut
1998 2894 2099 2949 per

492 2963 1025 3033 contemplationem
1053 2979 1179 3018 cum
1212 2965 1476 3038 adjuncto
1507 2969 1865 3023 convenienti
1900 2969 2099 3024 timore

494 3054 731 3126 (agendo
763 3055 977 3110 scilicet
1009 3072 1134 3125 quae
1168 3057 1429 3112 mandata
1463 3058 1626 3130 sunt)
1664 3060 1958 3115 Dominum
1999 3077 2097 3116 ex-

492 3147 706 3216 quirat,
733 3148 781 3204 is
814 3148 869 3202 in
901 3148 1209 3204 Jerusalem
1247 3158 1433 3205 turres
1462 3150 1733 3219 aedificat;
1773 3153 1827 3206 in
1863 3154 2098 3224 simplici

493 3241 759 3298 nimirum
814 3253 873 3298 et
924 3243 1225 3314 tranquillo
1275 3243 1446 3299 animi
1489 3252 1669 3311 statu,
1717 3246 1985 3302 sublimes
2028 3247 2097 3303 de

491 3337 700 3394 deitaua
720 3338 1025 3395 ‘sermones
1057 3339 1342 3395 attollens.

565 3517 654 3574 64.
697 3518 1072 3575 Particulares
1128 3520 1376 3575 rationes
1436 3519 1570 3575 dum
1620 3520 1690 3576 ad
1751 3522 2099 3579 universales

491 3611 787 3677 accedunt,
813 3626 937 3682 qua;
971 3610 1150 3667 divisa
1180 3621 1312 3683 sunt
1352 3613 1500 3667 inter
1529 3629 1589 3668 se
1620 3614 1904 3683 cepulant.
1936 3613 2096 3681 Quod
2127 3636 2137 3645 ο

492 3701 760 3758 nimirum
790 3680 1231 3760 universaliores
1261 3704 1528 3771 rationes,
1581 3722 1777 3761 eorum
1821 3723 1944 3777 qua:
1983 3723 2100 3763 ma-

492 3793 579 3866 gis
625 3794 987 3864 particularia
1037 3802 1201 3861 sunt,
1248 3796 1498 3852 rationes
1547 3797 1905 3853 uniformiter
1947 3815 2098 3854 com-

492 3884 874 3956 prehendant,
910 3885 982 3941 ad
1029 3902 1152 3956 qua:
1194 3888 1528 3943 naturaliter
1572 3888 1689 3959 ipsa
1737 3890 2098 3959 particularia

495 3975 830 4031 relationem
866 3975 1132 4032 habeant.
1161 3977 1270 4034 Sed
1304 3988 1361 4034 et
1391 3979 1517 4035 caeli
1553 3995 1678 4034 cum
1713 3989 1881 4045 terra,
1910 3999 2097 4038 rerum

493 4083 623 4139 qua
659 4083 828 4125 sensu
878 4071 1276 4142 percipiuntur
1314 4089 1439 4127 cum
1479 4073 1591 4128 illis
1625 4090 1749 4144 qua:
1792 4086 1976 4133 mente
2009 4078 2094 4132 iu-

497 4161 856 4232 telliguntur,
890 4170 1104 4219 naturae
1127 4179 1253 4218 cum
1290 4164 1526 4230 ratione,
1558 4165 1907 4222 habitudinis
1943 4185 2096 4240 quaa-

404 4332 407 4333 ν
496 4251 623 4307 dam
655 4252 713 4308 in
751 4254 951 4323 spiritu
988 4254 1135 4309 ratio
1178 4264 1286 4321 est,
1314 4271 1425 4326 qua
1477 4256 1595 4312 haec
1637 4258 1747 4313 alia
1791 4260 1918 4315 aliis
1965 4277 2099 4316 con-

496 4353 646 4399 serta
678 4344 969 4399 uniantur.

571 4436 661 4493 65.
698 4436 801 4493 Cui
849 4437 920 4492 ab
966 4435 1263 4495 aﬂ'cctibus
1290 4440 1555 4511 vitiisque
1592 4457 1792 4497 sensus
1828 4443 2098 4500 revellere

2196 1959 2500 2019 τουτέστιν,
2543 1958 2600 2010 ὲν
2638 1958 2700 2024 τῇ
2734 1951 2934 2025 πράξει
2986 1950 3094 2003 τῶν
3142 1946 3405 2001 ἐντολῶν.
3443 1946 3507 1999 Ὀ
3546 1944 3655 2014 γὰρ
3701 1945 3785 1997 ὲκ-

2198 2051 2377 2123 ζητῶν
2409 2049 2498 2104 διὰ
2527 2048 2762 2115 θεωρίας
2807 2045 2899 2098 τὸν
2945 2042 3152 2114 Κύριον
3178 2039 3353 2112 χωρὶς
3390 2036 3672 2109 πράξεως,
3699 2034 3784 2105 οὐχ

2197 2144 2445 2217 εὑρίσκει
2479 2141 2662 2205 αὐτὸν,
2702 2139 2787 2193 ὅτι
2833 2137 2937 2190 οὐκ
2981 2137 3042 2188 ὲν
3099 2133 3252 2204 φόϐῳ
3285 2130 3507 2200 Κυρίου
3555 2129 3648 2181 τὸν
3680 2127 3782 2179 Κύ-

2200 2254 2315 2310 ριον
2346 2233 2667 2305 ἐξεζήτησε.
2718 2231 2829 2287 Kal
2886 2227 3206 2283 εὑὼδωσεν
3238 2222 3412 2289 αὐτῷ
3465 2224 3501 2277 ὁ
3546 2222 3779 2290 Κύριος·

2199 2331 2363 2385 παντὶ
2396 2328 2508 2400 γὰρ
2561 2327 2643 2397 τῷ
2699 2323 2841 2396 μετὰ
2878 2322 3135 2389 γνώσεως
3192 2318 3523 2390 πράττοντι,
3571 2313 3783 2368 εὐοδοῖό

2199 2424 2426 2497 Κύριος,
2460 2421 2586 2486 τούς
2612 2438 2670 2474 τε
2697 2420 2805 2473 τῶν
2831 2414 3064 2471 ἐντολῶν
3095 2413 3373 2468 διδάσκων
3397 2410 3660 2482 τρόπους,
3702 2405 3783 2460 καὶ

2196 2522 2325 2582 τοὺς
2349 2516 2459 2571 τῶν
2491 2516 2662 2570 ὄντων
2689 2512 2912 2582 ἀληθεῖς
2941 2508 3135 2577 λόγους
3164 2503 3602 2560 ἀποκαλύπτων.

2272 2610 2373 2681 ξγ’.
2412 2612 2470 2665 Ὀ
2498 2608 2628 2681 περὶ
2679 2606 2935 2675 θεόιητος
2971 2598 3177 2671 ὑψηλὸς
3216 2598 3406 2666 λόγος,
3442 2595 3652 2666 πύργος
3680 2586 3782 2642 ἐστὶ

2199 2706 2344 2761 κατά
2368 2702 2569 2775 ψυχὴν,
2602 2702 2724 2762 ταῖς
2753 2698 2863 2752 τῶν
2893 2695 3125 2751 ἐντολῶν
3153 2690 3471 2763 ἐνεργείαις
3509 2682 3788 2757 ὠχυρωμέ-

2198 2812 2310 2859 νος.
2345 2793 2460 2848 Καὶ
2507 2790 2666 2845 τοῦτό
2711 2790 2860 2842 ἐστιν
2907 2787 2936 2840 ὅ
2987 2801 3176 2857 φησιν,
3225 2783 3310 2836 ὅτι
3387 2778 3785 2851 ’ῼκοδόμησεν

2212 2886 2402 2951 Ὀζῖας
2444 2883 2719 2953 πύργους
2762 2880 2833 2934 ἐν
2870 2875 3283 2960 Ἰερουσαλήμ.
3341 2873 3410 2926 Ὀ
3457 2874 3569 2942 γὰρ
3620 2866 3784 2960 καλῶς

2200 2976 2559 3048 εύοδούμενος
2597 2974 2690 3027 ἐπὶ
2744 2974 2847 3042 τὴν
2906 2956 2995 3024 διὰ
3055 2967 3293 3039 θεωρίας
3352 2963 3655 3035 έκζήτησιν
3700 2956 3785 3012 τοῦ

2200 3068 2432 3140 Κυρίου,
2472 3065 2613 3138 μετὰ
2659 3063 2755 3118 τοῦ
2806 3061 3246 3133 ὲπιϐεόλημένου
3304 3057 3507 3127 φόϐου,
3556 3053 3787 3108 τουτέστι

2176 3144 2302 3231 ’τῆς
2337 3158 2448 3213 τῶν
2501 3157 2733 3212 ἐντολῶν
2773 3157 3049 3228 πράξεως,
3101 3154 3386 3222 οἰκοδομεῖ
3449 3150 3691 3220 πύργους
3735 3146 3785 3198 ἐν

2214 3250 2597 3323 Ἰερουσαλὴμ,
2624 3250 2765 3303 κατὰ
2790 3248 2888 3320 τὴν
2920 3247 3102 3315 ἁπλῆν
3132 3243 3335 3315 δηλαδὴ
3388 3246 3490 3296 καὶ
3528 3235 3785 3309 ὴρεμαίαν

2199 3347 2302 3414 τῆς
2331 3343 2516 3415 ψυχῆς
2562 3341 2925 3405 κατάστασιν,
2965 3340 3094 3403 τοὺς
3123 3336 3256 3408 περὶ
3283 3334 3549 3404 θεότητος
3573 3326 3780 3399 ἀνυψῶν

2198 3435 2417 3505 λόγους.

2273 3525 2366 3593 ξδ’.
2394 3527 2458 3581 Οί
2484 3525 2591 3580 τῶν
2637 3524 2731 3579 ἐπὶ
2777 3524 2983 3595 μέρους
3009 3522 3182 3592 λόγοι,
3212 3521 3326 3585 τοῖς
3370 3517 3603 3574 καθόλου
3630 3526 3787 3586 προσο

2199 3618 2532 3692 χωροῦντες.
2569 3619 2672 3682 τὰς
2698 3617 2809 3672 τῶν
2839 3616 3190 3690 διῃρημένων
3239 3613 3470 3678 ένώσεις
3496 3608 3778 3664 ποιοῦνται·

2197 3714 2334 3768 διότι
2367 3713 2479 3768 τῶν
2529 3711 2921 3786 μερικωτὲρων
2981 3707 3230 3772 ένοειδῶς
3276 3709 3327 3761 οί
3372 3700 3782 3770 καθολικώτεροι

2198 3807 2326 3871 τοὺς
2358 3806 2553 3876 λόγους
2594 3801 3090 3875 περιλαμϐάνουσι.
3119 3800 3260 3873 πρὸς
3288 3797 3387 3863 οὓς
3430 3794 3672 3869 φυσικῶς
3698 3790 3782 3860 τὴν

2199 3896 2483 3968 ἀναφορὰν
2517 3894 2633 3966 ἔχει
2679 3894 2751 3949 τὰ
2794 3893 2936 3949 κατὰ
2973 3891 3159 3963 μέρος.
3198 3888 3366 3943 Ἀλλὰ
3407 3887 3507 3943 καὶ
3535 3882 3624 3940 νοῦ
3664 3879 3782 3951 πρὸς

2199 3988 2481 4059 αἴσθησιν,
2511 3987 2607 4041 καὶ
2632 3986 2692 4040 οὐ
2704 3985 2869 4059 ρανοῦ
2900 3984 3037 4057 πρὸς
3071 3983 3196 4053 γῆν,
3231 3980 3326 4036 καὶ
3354 3977 3633 4050 αἰσθητῶν
3663 3972 3781 4042 πρὸς

2199 4080 2387 4151 νοητὰ,
2421 4078 2519 4133 καὶ
2547 4077 2767 4148 φύσεως
2796 4075 2934 4148 πρὸς
2973 4074 3155 4144 λόγον,
3184 4072 3301 4126 ἔστι
3334 4089 3423 4136 τις
3469 4070 3565 4123 καὶ
3596 4063 3781 4119 τούτων

2203 4170 2454 4243 σχετικὸς
2479 4171 2538 4224 έν
2569 4169 2846 4241 πνεύματι
2886 4167 3067 4236 λόγος.
3095 4165 3196 4238 τὴν
3222 4162 3360 4235 πρὸς
3392 4159 3601 4233 ἄλληλα
3626 4153 3779 4213 διδοὺς

2200 4263 2389 4327 αὐτοῖς
2412 4260 2629 4316 ἕνωσιν.

2274 4438 2371 4505 ξεθ.
2428 4438 2490 4493 '0
2523 4436 2634 4490 τῶν
2671 4424 2862 4488 παθῶν
2894 4431 3144 4505 δυνηθεὶς
3170 4429 3447 4502 ὲξηλῶσαι
3479 4426 3577 4490 τὰς
3606 4421 3778 4492 αἰσθή-

496 4530 680 4596 lieuit,
717 4531 1082 4602 animumque
1129 4547 1159 4586 a
1203 4548 1468 4589 sensuum
1522 4534 1758 4589 libidine
1808 4535 2094 4606 abjunxit;

2206 4548 2340 4597 σεις,
2378 4533 2473 4584 καὶ
2522 4530 2622 4599 τῆς
2673 4528 2783 4580 τῶν
2835 4526 3143 4596 αἰσθήσεων
3188 4525 3430 4594 σχέσεως
3476 4522 3575 4593 τὴν
3621 4515 3776 4589 gluth

494 4641 662 4696 quem
708 4626 817 4681 sibi
861 4625 918 4680 in
955 4638 1202 4681 mentem
1251 4626 1510 4683 diabolus
1558 4627 1892 4683 intermedio
1930 4646 2097 4685 sensu

496 4715 710 4771 aditum
752 4725 1161 4788 perstruxerat,
1206 4717 1502 4772 obstruere
1549 4717 1744 4772 valuit.
1784 4717 2000 4774 Idcirco
2041 4720 2097 4776 in

498 4808 722 4863 deserto
768 4796 1053 4880 (naturali
1088 4809 1301 4865 scilicet
1331 4810 1749 4880 speculatione)
1792 4811 1964 4867 veluti
2008 4813 2100 4869 lir-

497 4906 837 4953 mas'turres
872 4913 939 4954 ac
964 4906 1137 4961 tutas,
1172 4897 1293 4967 pias
1321 4898 1390 4953 de
1426 4898 1596 4953 rebus
1638 4898 1934 4968 opiniones
1967 4901 2100 4957 aedi-

499 4990 685 5045 ficavit
713 5008 728 5045 :
755 4990 825 5045 ad
862 5007 1001 5062 quas
1032 4992 1131 5062 qui
1178 4991 1451 5063 confugit,
1487 5007 1601 5047 non
1641 5008 1740 5049 eos
1782 4994 1963 5061 timet,
2002 4997 2099 5066 qui

499 5083 556 5136 in
611 5084 719 5138 hoc
764 5084 991 5141 deserto
1044 5084 1270 5157 (natura
1327 5085 1545 5142 scilicet
1596 5087 1775 5142 oculis
1824 5088 2097 5161 subjecta)

500 5174 793 5250 latrocinia
839 5186 1106 5235 exercent
1149 5178 1228 5251 (id
1259 5188 1366 5245 est,
1398 5179 1701 5251 daemones)
1729 5181 1938 5251 quique
1973 5198 2100 5237 scn-

499 5283 662 5321 suum
705 5283 874 5337 opera
926 5279 1168 5327 mentem
1213 5272 1512 5339 seducunt,
1553 5284 1609 5330 et
1659 5274 1724 5328 ad
1772 5274 2100 5346 ignorantia:

500 5359 797 5432 caliginem
834 5363 1194 5431 pertrahunt.
1227 5365 1334 5432 Qui
1377 5367 1530 5422 enim
1564 5367 1802 5438 singulis
1837 5368 1892 5423 in
1930 5368 2100 5425 rebus

503 5456 594 5513 pie
629 5453 895 5526 opinatur
946 5459 1013 5510 ac
1062 5458 1253 5525 sentit,
1298 5459 1632 5526 sedueentes
1674 5460 1958 5519 daemones
1996 5479 2096 5534 per

501 5562 564 5601 ea
593 5562 718 5619 qua:
742 5547 923 5605 oculis
950 5546 1255 5614 cernimus,
1287 5564 1399 5605 non
1433 5551 1654 5607 metuit.

1205 5814 1249 5845 “
1280 5800 1417 5867 ibid.
1498 5811 1541 5842 “
1574 5813 1707 5871 ibid.
1739 5816 1791 5872 9.

569 5811 620 5843 εδ
652 5813 694 5870 ﬂ
730 5814 848 5875 I‘gal
904 5830 1051 5878 ττνι,
1075 5814 1125 5866 5.

2206 4622 2643 4684 ἀποδιαστείλας,
2685 4620 3015 4689 κατίσχυσεν
3055 4614 3404 4688 ἀποτειχίσαι
3436 4613 3536 4682 τὴν
3575 4605 3778 4680 γενομέο

2207 4730 2307 4783 νην
2342 4712 2437 4766 τοῦ
2493 4710 2744 4765 διαϐόλου
2777 4710 2917 4781 πρὲις
2956 4709 3046 4763 τὸν
3082 4707 3204 4760 νοῦν
3234 4706 3323 4760 διὰ
3364 4705 3548 4777 μέσων
3575 4702 3677 4754 τῶν
3703 4697 3776 4751 αἱ·

2209 4806 2456 4877 σθήσεων
2493 4804 2719 4857 εἴσοδον
2757 4803 2855 4854 καὶ
2893 4801 2982 4856 διὰ
3028 4800 3187 4854 τοῦτο
3224 4799 3367 4853 κατὰ
3416 4799 3518 4869 τὴν
3571 4794 3774 4866 ἔρημονν

2211 4899 2356 4972 φημὶ
2378 4898 2436 4951 δὲ
2467 4899 2566 4970 τὴν
2594 4897 2837 4968 φυσικὴν
2865 4894 3124 4966 θεωρίαν,
3155 4893 3322 4946 οἱονεὶ
3354 4893 3601 4963 πύργους
3621 4892 3776 4952 ἀσφα-

2208 4992 2345 5056 λεῖς,
2370 4990 2473 5054 τὰς
2504 4990 2752 5054 εὐσεϐεῖς
2781 4990 2913 5060 περὶ
2944 4987 3053 5042 τῶν
3078 4987 3248 5058 ὄντων
3282 4985 3599 5056 ᾠκοδόμησε
3618 4979 3771 5046 δόξας·

2208 5087 2266 5137 ὲν
2304 5079 2395 5147 αἷς
2425 5085 2455 5137 ὁ
2494 5080 2896 5153 καταφεύγων,
2946 5081 3009 5135 οὐ
3049 5078 3296 5149 φοϐεῖται
3329 5078 3457 5141 τοὺς
3514 5073 3652 5130 κατὰ
3689 5069 3775 5138 τὴν

2205 5176 2414 5247 ἔρημον
2445 5175 2674 5246 ταύτην·
2715 5174 2862 5243 λέγω
2890 5173 2949 5226 δὲ
3000 5172 3100 5244 τὴν
3147 5170 3311 5241 φύσιν
3342 5170 3450 5223 τῶν
3480 5164 3771 5239 ὁρωμένων,

2205 5268 2568 5341 λῃστεύοντας
2613 5267 2877 5338 δαίμονας
2899 5309 2913 5333 ,
2947 5266 3059 5339 ’καὶ
3088 5264 3407 5329 πλανῶντας
3436 5264 3527 5316 τὸν
3557 5258 3673 5313 νοῦν
3697 5251 3771 5307 διὰ

2205 5365 2307 5433 τῆς
2351 5361 2679 5433 αἰσθήσεως,
2716 5361 2811 5414 καὶ
2844 5358 2982 5431 πρὸς
3020 5359 3244 5428 ἀγνοίας
3277 5356 3676 5429 κατασύροντας
3702 5345 3771 5411 ξδ’

2206 5472 2328 5522 ερον.
2377 5455 2436 5508 Ὀ
2459 5454 2569 5527 γὰρ
2604 5454 2705 5525 τὴν
2736 5452 2940 5523 εὐσεϐῆ
2982 5451 3113 5521 περὶ
3139 5451 3375 5504 ἕκαστον
3404 5449 3560 5514 δόξαν
3585 5438 3771 5541 armed-

2209 5563 2395 5615 μενος,
2422 5547 2483 5600 οὐ
2509 5546 2716 5601 δέδοικε
2759 5545 2889 5609 τοὺς
2920 5544 3007 5599 διὰ
3030 5542 3142 5597 τῶν
3172 5541 3513 5617 φαινομένων
3545 5538 3766 5591 πλανῶν-

2204 5660 2303 5704 τας
2335 5645 2460 5708 τοὺς
2495 5643 2819 5716 ἀνθρώπους
2853 5640 3133 5712 δαίμονας.
