4020 6404
227 404 371 469 ιιιδ

918 402 1258 465 CAPITUM
1298 399 1727 474 QUINQUIES
1766 396 2292 463 CENTENORUM
2330 401 2725 465 CENTURIA
2761 399 2843 459 II.

3391 389 3528 455 1246

303 519 412 588 Eg".
459 520 574 583 Πᾶς
605 517 729 584 νοῦς
772 517 926 589 ἰσχὺν
957 517 1095 588 πρὸς
1130 516 1367 588 Θεωρίαν
1409 514 1572 586 ἔχων,
1611 512 1818 583 ἀληθής
1849 532 1862 571 Α

1992 515 2080 570 66.
2133 516 2288 571 Mens
2339 517 2524 571 omnis
2554 514 2609 568 vi
2660 514 2729 568 ad
2782 511 3223 582 speculationem
3279 509 3530 580 pollens,

229 617 351 670 ἐστι
387 613 673 686 γεωργὸς,
727 610 950 682 καθαρά
1012 609 1270 674 ζιζανίων
1332 607 1420 661 διὰ
1466 609 1568 676 τῆς
1618 603 1830 665 οἰκείας

227 707 478 776 σπουδῆς
508 705 602 760 καί⁵
634 703 957 775 ἐπιμελείας
983 702 1053 755 τά
1083 701 1204 754 θεῖα
1235 700 1344 754 τῶν
1378 697 1602 766 ἀγαθῶν
1635 697 1831 764 διαφυη

226 797 446 853 λάττων
483 797 813 868 σπέρματα,
871 795 1065 865 μέχρις
1123 783 1186 844 οὗ
1245 787 1622 859 συντηροῦσαν
1670 784 1834 838 αὐτὸν

228 891 334 962 ἔχῃ
369 889 470 958 τὴν
509 887 606 941 τοῦ
639 886 776 939 θεοῦ
820 887 1062 956 μνήμην.
1111 883 1252 954 Φησὶ
1283 881 1426 953 γάρ·
1466 879 1578 933 Καὶ
1608 875 1686 949 ἦν
1733 879 1836 931 ἐκ·

230 981 426 1050 ζὴτῶν
461 981 569 1035 τὸν
612 980 838 1048 Κύριον
876 980 947 1032 ἐν
976 976 1100 1042 ταῖς
1153 976 1405 1045 ἡμέραις
1435 973 1736 1043 Ζαχαρίου
1769 973 1837 1024 ἐν

231 1077 401 1144 φόϐῳ
441 1073 690 1142 Κυρίου.
727 1071 1006 1142 Ζαχαρίαν
1049 1069 1140 1132 δὲ,
1184 1067 1436 1136 μνήμην
1500 1065 1650 1119 Θεοῦ
1702 1062 1838 1132 πρὸς

230 1168 339 1236 τὴν
383 1166 616 1220 Ἐλλάδα
669 1164 853 1234 φωνὴν
909 1161 1356 1231 μεταφερόμενον
1411 1154 1551 1211 οἶδεν
1598 1158 1626 1210 ὁ
1657 1155 1836 1224 λόγος.

234 1261 333 1313 Διὸ
359 1259 596 1314 πάντοτε
619 1257 900 1326 δεηθῶμεν
924 1253 1019 1308 τοῦ
1049 1253 1280 1325 Κυρίου,
1310 1252 1412 1321 τὴν
1438 1250 1708 1321 σωτήριον
1739 1247 1839 1301 αὑ-

234 1349 334 1404 τοῦ
369 1348 716 1420 φυλαχθῆναι
737 1349 870 1418 ημῖν
915 1346 1161 1416 μνήμην,
1189 1344 1278 1396 ἵνα
1312 1342 1387 1413 μὴ
1429 1341 1524 1395 καὶ
1567 1339 1700 1393 αὐτὸ
1728 1338 1843 1391 δια-

238 1443 448 1513 φθείρῃ
495 1442 596 1512 τὴν
645 1438 824 1508 ψυχὴν
871 1437 934 1490 τὸ
993 1435 1461 1506 κατορθούμενον,
1513 1434 1648 1503 πρὸς
1708 1431 1844 1500 ὕψος

239 1532 528 1600 ἀρθεῖσαν,
566 1529 662 1583 καὶ
709 1527 820 1580 τῶν
856 1525 998 1598 ὑπὲρ
1031 1523 1218 1593 φύσιν,
1250 1521 1326 1584 ὡς
1368 1523 1396 1573 ὁ
1441 1520 1644 1584 Ὀζίας,
1673 1535 1843 1571 κατα-

243 1625 618 1695 τολμήσασαν.

320 1717 419 1780 ἐᾷ’.
481 1719 500 1736 ⁶
566 1713 632 1767 Ἦ
685 1712 796 1764 τῶν
851 1711 1024 1764 ὄντων
1083 1706 1332 1776 ἀπλανὴς
1375 1701 1618 1774 θεωρία,
1655 1698 1847 1753 παθῶν

240 1805 686 1879 ἀπηλλαγμένης
738 1805 931 1860 δεῖται,
957 1801 1157 1872 ψυχῆς·
1212 1799 1335 1869 ἥτις
1377 1793 1736 1868 Ἰερουσαλὴμ
1768 1791 1848 1844 λέ-

239 1919 432 1969 γεται,
462 1901 552 1953 διά
581 1915 642 1951 τε
671 1897 770 1967 τὴν
803 1897 992 1967 ἄρτιον
1025 1893 1224 1966 ἀρετὴν
1259 1891 1355 1945 καὶ
1383 1890 1482 1960 τὴν
1517 1885 1848 1954 ἄῡλονογνῶ-

244 2010 357 2048 cur
393 1995 516 2064 ἥτις
551 1991 611 2044 οὐ
648 1990 808 2062 μόνον
855 1988 998 2042 κατά
1047 1985 1304 2057 στέρησιν
1337 1980 1548 2045 παθῶν,
1582 1978 1717 2033 ἀλλά
1756 1978 1849 2030 καὶ

245 2085 576 2158 φαντασιῶν
602 2083 879 2153 αἰσθητῶν
911 2081 1242 2149 ἐπιγίνεται.

328 2359 433 2430 ξη⁸.
461 2355 648 2428 Χωρίς
673 2354 911 2415 πίστεως
951 2349 1045 2404 καὶ
1084 2346 1298 2409 ἐλπίδος
1351 2343 1447 2396 καὶ
1489 2341 1737 2410 ἀγάπης,
1763 2338 1854 2390 οὐ·

245 2455 345 2507 δέν
384 2451 512 2506 οὗτε
564 2449 675 2502 τῶν
725 2445 916 2500 κακῶν
965 2442 1331 2511 καταργεῖται
1381 2431 1683 2497 παντελῶς,
1731 2428 1855 2482 οὔτε

245 2548 367 2599 τῶν
400 2541 587 2598 καλῶν
630 2537 996 2610 κατορθοῦται
1028 2531 1334 2586 τοσύνολον.
1381 2528 1443 2581 'H
1487 2526 1584 2598 μὲν
1623 2525 1733 2593 γὰρ
1764 2522 1855 2573 πί-

249 2653 399 2702 στις,
435 2632 618 2688 πείθει
650 2630 728 2700 τῷ
758 2626 878 2697 Θεῷ
913 2624 1260 2697 προσχωρεῖν
1289 2620 1381 2673 τὸν
1430 2617 1556 2671 νοῦν
1586 2611 1857 2684 πολεμού-

253 2743 449 2800 μενον,
503 2725 686 2794 πάσης
742 2718 893 2791 αὺςῷ
945 2715 1206 2787 γινομένη
1271 2709 1624 2783 παρασκευῆς
1676 2705 1857 2759 ὃπλων

251 2797 657 2890 πνευματικῶν
693 2814 832 2888 πρὸς
885 2812 946 2865 τὸ
1007 2811 1232 2881 θαρρεῖν
1283 2801 1656 2874 παραμύθιον.
1703 2797 1857 2851 Ἡδὲ

252 2915 439 2978 ἐλπὶς,
480 2912 583 2980 τῆς
614 2909 763 2970 θείας
807 2904 955 2975 αὺτῷ
1000 2903 1329 2956 καθίσταται
1367 2895 1621 2967 βοηθείας
1655 2895 1860 2960 ἐγγυη-

250 3009 360 3079 τὴς
423 3003 862 3075 ἀψευδέστατος,
915 2997 1015 3067 τὴν
1062 2994 1171 3048 τῶν
1227 2990 1486 3045 ἐναντίων
1537 2983 1860 3054 καθαίρεσιν

254 3095 718 3168 ἐπαγγελλομένη
758 3092 1066 3162 δυνάμεων.
1135 3088 1197 3139 Ἠ
1242 3086 1300 3138 δέ
1347 3082 1562 3151 ἀγάπη,
1589 3079 1863 3147 δυσμετα-

1933 621 2102 662 verus
2136 608 2378 678 agricola
2414 602 2770 670 est,~munda
2813 617 3040 656 servans
3074 617 3105 656 a
3153 600 3404 664 zizaniis,
3448 597 3535 654 di-

1935 699 2165 769 ligentia
2219 716 2320 754 sua
2371 710 2428 756 et
2476 713 2650 762 cura,
2707 696 2895 751 divina
2954 694 3229 748 bonorum
3279 691 3530 755 semina,

1939 792 2190 862 quandiu
2215 794 2313 848 Dei
2350 792 2703 852 memoriam,
2726 790 2851 861 ejus
2893 789 3204 842 munimine
3247 797 3366 842 tuta
3389 829 3404 854 ,
3433 789 3534 842 ha-

1937 886 2148 940 buerit.
2183 886 2277 939 Ait
2315 886 2464 940 enim
2506 902 2519 937 :
2557 884 2626 938 Et
2668 893 2786 936 erat
2819 883 3101 952 exquirens
3145 881 3432 935 Dominum
3476 885 3532 935 in

1938 978 2121 1032 diebus
2160 977 2461 1041 Zachariw,
2507 977 2561 1030 in
2618 977 2807 1029 timore
2854 973 3070 1027 Domini
3114 973 3180 1027 ³⁷.
3225 973 3400 1027 Porro
3435 973 3539 1026 Za-

1940 1073 2212 1136 chariam,
2241 1072 2288 1127 si
2314 1073 2500 1142 lingua
2529 1078 2720 1125 nostra
2748 1068 3070 1131 reddamus,
3094 1067 3192 1120 Dei
3225 1068 3540 1120 memoriam

1942 1178 2141 1218 sonare
2189 1177 2302 1217 non
2335 1163 2641 1217 nescimus.
2678 1161 2950 1226 Quocirca
2985 1158 3283 1213 Dominum
3319 1173 3544 1227 semper

1942 1271 2189 1318 oremus,
2235 1264 2296 1310 ut
2345 1255 2611 1317 salutaris
2640 1255 2761 1324 ejus
2800 1251 3069 1306 memoria
3115 1251 3281 1304 nobis
3319 1266 3546 1305 conser-

1943 1357 2128 1415 vetur,
2165 1365 2233 1403 ne
2266 1348 2447 1417 ipsum
2482 1347 2588 1400 hoc
2620 1345 2770 1415 quod
2803 1354 2956 1400 recte
2992 1359 3173 1414 exque
3203 1345 3415 1398 virtute
3451 1359 3544 1413 ge-

1945 1441 2111 1504 ritur,
2159 1439 2446 1494 interitum
2503 1439 2701 1492 animae
2753 1437 2969 1507 pariat,
3017 1436 3149 1491 dum
3204 1437 3260 1490 in
3305 1436 3546 1490 sublime

1946 1533 2203 1603 erigitur,
2263 1548 2327 1586 ac
2377 1533 2532 1587 velut
2577 1531 2764 1595 Ozias,
2821 1539 3028 1585 temere
3083 1528 3372 1600 praesumit
3419 1544 3544 1598 qua:

1948 1637 2160 1681 naturae
2191 1627 2509 1680 facultatem
2547 1624 2826 1680 excedunt
2861 1622 2928 1677 ³⁸.

2021 1719 2110 1772 67.
2144 1716 2308 1772 Certa
2371 1730 2674 1784 erroreque
2744 1728 2941 1768 vacans
2989 1711 3299 1784 speculatio
3345 1712 3549 1766 immu-

1951 1830 2078 1868 nem
2113 1813 2181 1867 ab
2211 1811 2506 1867 atl‘cctibus
2539 1817 2708 1879 atque
2741 1808 2895 1863 vitiis
2932 1807 3098 1878 exigit
3137 1807 3422 1870 animum;
3451 1804 3546 1862 Je-

1954 1905 2193 1959 rusalem
2244 1903 2459 1958 scilicet
2512 1884 2931 1970 nuncupatum,
2982 1907 3098 1952 tum
3149 1905 3380 1967 propter
3419 1910 3550 1965 pcr-

1953 1996 2151 2050 fcctam
2189 1993 2352 2063 550
2381 1993 2668 2056 virtutem,
2709 1999 2826 2045 tum
2859 1996 3086 2059 propter
3122 1985 3548 2042 immaterialem

1951 2087 2203 2156 nihilque
2227 2095 2510 2140 terrenum
2531 2083 2824 2138 habentem
2848 2079 3137 2136 scientiam
3163 2097 3177 2145 ;
3203 2095 3325 2149 quae
3347 2092 3550 2148 nempe

1954 2180 2160 2235 nedum
2221 2177 2526 2232 eliminatis
2577 2175 2874 2230 alicctibus
2923 2184 3090 2243 atque
3138 2172 3314 2236 vitiis,
3350 2171 3447 2226 sed
3493 2179 3553 2224 ct

1957 2288 2144 2326 rerum
2197 2271 2488 2324 scnsilium
2534 2267 2991 2338 cogitationibus,
3028 2265 3275 2335 proclive
3314 2261 3551 2316 accedit.

2027 2365 2116 2419 68.
2157 2363 2384 2417 Nullum
2415 2361 2644 2414 omnino
2670 2360 2882 2429 absque
2918 2357 3046 2421 ﬁde,
3071 2372 3166 2426 spe
3196 2363 3252 2410 et
3279 2353 3552 2408 charitate

1957 2459 2222 2512 vitiorum
2267 2454 2616 2519 destruitur,
2663 2453 2742 2506 uti
2787 2466 2969 2521 neque
3014 2463 3246 2519 prorsus
3277 2447 3554 2501 virtutum

1959 2551 2072 2605 ulla
2114 2555 2431 2620 praestatur.
2469 2547 2634 2601 Fides
2663 2546 2838 2609 enim,
2871 2544 3002 2598 dum
3042 2541 3405 2611 impugnatur
3436 2535 3559 2590 ani—

1958 2659 2105 2707 mus,
2135 2649 2332 2696 auctor
2352 2648 2440 2694 est
2462 2637 2821 2710 confugiendi
2853 2635 2920 2690 ad
2948 2636 3146 2699 Deum,
3175 2632 3342 2700 eique
3371 2628 3557 2684 omnis
3610 2660 3614 2662 -

1959 2733 2296 2806 spiritalium
2355 2745 2642 2786 armorum
2697 2735 3037 2798 apparatus,
3090 2723 3299 2792 quibus
3355 2717 3557 2773 ﬁducia

1958 2836 2214 2897 paretur,
2259 2822 2498 2878 cﬂicitur
2525 2821 2809 2876 solatium.
2852 2817 2991 2888 Spes
3020 2823 3206 2870 autem
3231 2811 3475 2866 divinam
3505 2807 3557 2860 ei

1959 2917 2253 2972 verissime
2283 2914 2618 2985 oppignerat
2668 2926 2855 2980 opem,
2893 2906 3160 2964 delendas
3211 2899 3562 2958 adversarias

1962 3015 2270 3080 potestates
2354 3005 2584 3060 omnino
2643 3002 2940 3074 pollicens.
3007 2997 3264 3054 Charitas
3317 2993 3561 3061 denique

1965 3117 2108 3174 mgre
2145 3099 2405 3154 mobilem
2448 3096 2605 3168 (quin
2647 3103 2704 3149 et
2743 3108 2972 3164 prorsus
3011 3085 3379 3157 immobilem)
3420 3099 3564 3155 prm-

257 3197 512 3265 κενητον,
558 3190 763 3262 μᾶλλον
817 3187 896 3250 δέ,
949 3185 1188 3253 πάμπαν
1238 3178 1530 3247 ἀκίνητον,
1568 3173 1671 3243 τῆς
1709 3169 1862 3232 θείας

1971 3203 2097 3257 stat,
2129 3191 2305 3246 divini
2343 3189 2607 3245 illecebra
2651 3185 2880 3250 amoris,
2935 3193 3052 3238 tum
3088 3182 3257 3238 etiam
3297 3194 3423 3234 cum
3463 3175 3569 3228 im-

261 3288 514 3361 στοργῆς
544 3284 711 3338 αὐτὸν
745 3277 886 3334 εἶναι
935 3269 1359 3350 παρασκευάζει
1384 3268 1480 3322 καὶ
1511 3262 1864 3335 πολεμούμε-

259 3353 385 3445 νον,
420 3353 784 3450 ’προσηλοῦσα
837 3369 916 3442 τῷ
974 3369 1104 3439 θείῳ
1146 3364 1299 3434 πόθῳ
1341 3362 1523 3416 πᾶσαν
1577 3355 1744 3411 αὐτοῦ
1767 3353 1868 3424 τὴν

258 3477 369 3544 τῆς
397 3471 646 3540 ἐφέσεως
683 3465 938 3535 δύναμιν.

340 3537 455 3633 ξθ¹ξ
498 3563 565 3615 Ἦ
608 3561 798 3622 πίστις
837 3555 1252 3626 παραμυθεῖται
1303 3547 1396 3602 τὸν
1430 3543 1559 3600 νοῦν
1599 3537 1870 3610 πολεμού-

267 3678 463 3734 μενον,
499 3657 758 3730 βοηθείας
804 3653 980 3708 ἐλπίδι
1015 3648 1378 3723 ῥωννύμενον·
1421 3645 1455 3714 ἡ
1498 3642 1556 3695 δέ
1587 3639 1742 3702 ἐλπὶς
1777 3635 1870 3690 ὑπ’

263 3756 396 3826 ὄψιν
440 3752 654 3820 ἄγουσα
692 3747 792 3819 τὴν
833 3745 1220 3799 πιστευθείσαν
1256 3737 1533 3810 βοήθειαν,
1561 3727 1872 3800 ἀποκρούε-

263 3821 364 3902 ται
397 3842 640 3916 τὴντῶν
667 3838 1067 3908 ἀντικειμένων
1108 3830 1479 3902 καταδρομήν·
1509 3827 1543 3896 ἡ
1566 3823 1624 3877 δέ
1656 3821 1870 3890 ἀγάπη,

266 3911 481 4011 νεκρὰν
503 3935 802 4003 καθίστησι
837 3929 916 4000 τῷ
947 3926 1181 3997 φιλοθέῳ
1216 3923 1292 3994 νῷ
1325 3921 1436 3975 τῶν
1470 3913 1749 3986 πολεμίων
1775 3911 1874 3982 τὴν

267 4007 614 4104 προσϐολὴν,
662 4027 731 4096 τῇ
766 4023 904 4096 πρὸς
943 4020 1078 4073 Θεὸν
1134 4015 1319 4087 ἐφέσει
1360 4009 1644 4070 παντελῶς
1691 4007 1874 4076 ἀμαυρ-

272 4142 374 4196 ρου
383 4122 578 4194 μένην.

344 4185 412 4270 οἱ.
460 4185 625 4274 Θείας
663 4207 834 4270 ὅντως
869 4203 1105 4275 μερίδος,
1137 4201 1306 4268 ἤγουν
1332 4193 1587 4264 γνώσεως
1617 4185 1874 4259 ἀληθοῦς,

272 4307 417 4371 υἱὸς,
457 4301 681 4373 πρῶτός
720 4315 780 4352 τε
805 4297 900 4350 καὶ
934 4294 1114 4364 μόνος,
1138 4291 1166 4343 ὁ
1192 4287 1333 4342 κατά
1353 4287 1451 4357 τὴν
1477 4285 1664 4337 πίστιν
1695 4282 1794 4352 τῆς
1820 4283 1877 4332 ἐν

269 4401 415 4470 ἡμῖν
461 4371 616 4458 θείας
651 4386 1006 4449 ἀναστάσεὼς
1045 4386 1162 4437 ἐστι
1204 4381 1393 4448 λόγος,
1435 4378 1574 4448 μετὰ
1599 4375 1699 4447 τῆς
1727 4371 1877 4426 δεού-

274 4468 384 4564 σ-ης
423 4488 570 4545 κατά
599 4487 704 4558 τὴν
729 4481 958 4553 γνώμην
977 4475 1316 4545 οἰκονομίας,
1340 4473 1508 4544 ἤγουν
1527 4468 1876 4540 διακρίσεως,

1968 3296 2269 3357 pugnatur,
2296 3285 2417 3355 ejus
2432 3282 2544 3335 vim
2580 3295 2801 3335 omnem
2837 3274 3161 3348 cupiditatis
3194 3271 3388 3327 divino
3417 3268 3570 3324 desi-

1969 3377 2131 3432 derio
2156 3375 2400 3445 alligens.

2042 3559 2130 3614 69.
2169 3556 2355 3619 Fides,
2395 3555 2641 3608 animum
2670 3550 2766 3621 qui
2811 3549 3190 3620 impugnatur,
3223 3548 3440 3616 sperata
3472 3559 3566 3602 sa—

1969 3654 2086 3708 lute
2129 3651 2454 3706 roboratum
2499 3647 2734 3702 solatur.
2781 3643 2921 3714 Spes
2964 3650 3175 3706 autem,
3225 3640 3433 3711 ipsum,
3472 3639 3564 3693 cui

1973 3741 2221 3797 adhibita
2270 3739 2444 3800 ﬁdes,
2496 3735 2768 3791 auxilium
2815 3733 2920 3788 sub
2976 3739 3264 3802 aspectum
3319 3745 3565 3801 ponens,

1973 3832 2424 3890 adversariorum
2482 3828 2750 3883 insultum
2805 3825 3056 3896 depellit.
3105 3822 3364 3878 Charitas
3413 3819 3571 3874 deui-

1974 3943 2104 3999 que,
2147 3925 2404 3981 tnt‘cstam
2453 3921 2703 3976 hostium
2746 3917 2926 3975 aciem
2981 3917 3215 3988 ejusque
3266 3914 3567 3983 impetum,

1976 4019 2254 4075 desiderio
2286 4017 2341 4071 in
2379 4016 2554 4071 Deum
2589 4027 2821 4084 prorsus
2852 4015 3198 4072 enervatum,
3233 4005 3329 4061 Dei
3371 4003 3572 4060 cultori

1975 4127 2041 4168 ac
2072 4109 2331 4179 religioso
2366 4107 2554 4162 animo
2587 4113 2907 4161 emortuum
2943 4101 3094 4156 facit.

2051 4204 2138 4259 70.
2177 4202 2399 4256 Primus
2439 4213 2636 4254 revera
2679 4197 2940 4265 solusque
2973 4193 3174 4248 divinte
3208 4189 3386 4260 partis
3415 4187 3582 4258 (verte

1979 4295 2196 4351 scilicet
2241 4290 2509 4362 scientize)
2553 4288 2723 4354 ﬁlius,
2765 4301 2950 4342 sermo
2979 4283 3108 4339 ﬁdei
3147 4290 3233 4338 est
3279 4279 3484 4335 divina:
3527 4278 3582 4332 in

1980 4388 2144 4445 nobis
2184 4381 2637 4446 resurrectionis,
2671 4395 2799 4434 cum
2831 4376 3050 4432 decenti
3087 4373 3255 4428 animi
3287 4387 3350 4427 ac
3386 4370 3584 4426 volun-

1986 4481 2116 4536 tatis
2149 4475 2571 4548 dispensatione
2610 4471 2689 4544 (id
2731 4479 2836 4538 est,
2870 4468 3208 4525 discretione
3249 4479 3314 4520 ac
3353 4462 3584 4536 judicio)
3679 4499 3681 4502 ι

273 4558 466 4646 καλῶς
489 4579 770 4650 διαφέρων
811 4573 910 4637 τάς
949 4589 1009 4624 τε
1054 4568 1164 4622 τῶν
1192 4565 1459 4620 ἑκουσίων
1484 4562 1578 4617 καὶ
1607 4558 1862 4614 ἀκουσίω·

1989 4572 2356 4627 tentationum
2395 4566 2636 4621 insultus
2665 4574 2895 4620 strenue
2928 4561 3193 4624 tolerans,
3225 4566 3341 4612 tum
3371 4570 3495 4624 qua:
3519 4568 3585 4606 ex

275 4673 614 4746 πειρασμῶν
646 4669 1063 4726 ἐπαναστάσεις.
1110 4661 1222 4715 Καὶ
1269 4659 1378 4728 γὰρ
1418 4656 1612 4728 πρώτη
1662 4656 1719 4707 ἐν
1751 4653 1882 4722 ἡμῖν

274 4769 585 4826 ἀνάστασις
606 4761 701 4816 τοῦ
718 4759 807 4812 διά
819 4757 917 4826 τῆς
932 4753 1152 4822 ἀγνοίας
1174 4753 1303 4820 ἡμῖν
1331 4745 1700 4816 νεκρωθέντος
1720 4742 1880 4808 Θεοῦ,

272 4868 309 4935 ἡ
356 4861 546 4921 πίστις
561 4857 702 4919 ἐστὶ,
738 4851 916 4914 καλῶς
958 4851 1070 4911 τοῖς
1093 4846 1275 4917 ἔργοις
1291 4843 1401 4895 τῶν
1422 4838 1650 4894 ἐντολῶν
1680 4839 1882 4890 οἰκονο-

280 4974 391 5028 μου
402 4951 562 5025 μένη.

355 5023 461 5099 οα’.
524 5043 591 5096 ἸΙ
627 5042 766 5112 πρὸς
800 5037 932 5091 Θεὸν
984 5033 1310 5103 ἐπιστροφὴ,
1359 5028 1545 5097 σαςῶς
1593 5023 1885 5097 μηνύειδι’

279 5137 497 5207 ἑαυτῆς
525 5135 617 5188 τον
653 5130 1030 5202 πληρέστατον
1054 5127 1150 5196 τῆς
1183 5124 1331 5184 θείας
1363 5120 1574 5181 ἐλπίδος
1604 5117 1762 5184 λόγον
1795 5114 1885 5187 ί

278 5227 346 5287 οὗ
374 5229 570 5302 χωρὶς,
600 5223 852 5294 οὐδαμῶς
881 5221 1056 5274 οὐδενὶ
1089 5217 1212 5272 καθ’
1235 5216 1415 5270 ὁτιοῦν
1440 5216 1576 5285 πρὸς
1603 5213 1736 5266 Θεὶν
1767 5209 1887 5262 ἐπί-

280 5341 480 5386 νευσις
542 5317 793 5388 γίνεσθαι
845 5315 1110 5380 πέφυκεν·
1170 5311 1327 5378 εἴπερ
1382 5307 1597 5368 ἐλπίδος
1641 5304 1794 5367 ἴδιον,
1833 5301 1894 5354 τὺ

283 5419 385 5474 ὑπ’
427 5415 555 5485 ὄψιν
588 5411 746 5479 ἄγειν
767 5409 842 5471 ὡς
872 5405 1118 5477 παρόντα
1145 5402 1214 5455 τά
1246 5401 1532 5472 μέλλοντα·
1573 5400 1666 5453 καὶ
1727 5399 1895 5469 μηδα-

366 5575 415 5607 ⁶⁷
445 5571 586 5627 ibid.
619 5569 672 5624 5.
749 5567 795 5598 ⁸⁸
822 5563 956 5620 ibid.
993 5562 1080 5616 16.

365 5695 385 5710 ⁹
418 5687 505 5744 Cf.
539 5685 608 5740 ad
637 5683 886 5738 Thalass.
919 5696 972 5749 q.
1009 5677 1075 5733 49
1110 5690 1283 5744 usque
1307 5673 1373 5727 ad
1404 5688 1526 5741 cap.
1557 5671 1646 5725 85.

371 5807 440 5876 (j)
470 5805 585 5876 Τιῖν
613 5797 1033 5876 πλιψέστατρν
1063 5794 1366 5876 τεῆς-θείας
1403 5788 1652 5868 ἐλπίδος
1679 5788 1887 5853 λόγον.

287 5860 464 5937 cm’r’a
489 5860 1012 5929 Maximi-sententia
1035 5886 1048 5933 ;
1087 5860 1294 5921 includi
1316 5860 1750 5918 inconvcrsionc
1778 5874 1893 5912 tnu-

1985 4665 2309 4726 voluutate,
2357 4669 2476 4715 tum
2527 4672 2648 4728 qua:
2701 4656 2960 4710 violentae
3012 4655 3351 4716 externoque
3396 4654 3582 4698 actore

1985 4757 2286 4813 exsistunt.
2321 4754 2506 4808 Prima
2540 4765 2782 4818 namque
2814 4745 2908 4800 Dei
2941 4762 2971 4798 a
3002 4741 3164 4797 nobis
3193 4753 3291 4810 per
3323 4736 3580 4804 ignoran-

1986 4850 2117 4904 tiam
2148 4844 2442 4907 exstincti,
2470 4838 2838 4896 resurrectio,
2877 4833 3016 4888 ﬁdes
3047 4838 3160 4895 est,
3187 4841 3308 4898 qua:
3323 4822 3580 4878 mandata

1987 4955 2154 5012 opere
2185 4932 2496 5009 przestandn
2529 4929 2633 4982 rite
2667 4926 2976 4996 digeratur.

2063 5029 2156 5082 Ἠ.
2188 4997 2493 5098 Donversio
2534 5013 2602 5068 ad
2651 5013 2858 5074 Deum,
2900 5008 2987 5064 sui
3036 5006 3154 5074 ipsa
3204 5000 3416 5056 ratione
3462 4997 3582 5068 ple-

1994 5119 2278 5176 nissimam
2327 5089 2512 5182 aperte
2561 5103 2764 5160 divinae
2818 5099 2934 5170 spei
2974 5097 3240 5152 rationem
3283 5089 3579 5162 signiﬁcat,

1996 5213 2114 5267 sine
2143 5225 2250 5279 qua
2283 5214 2564 5272 nunquam
2599 5196 2712 5260 ﬁat,
2743 5191 2961 5262 utquis
3001 5189 3111 5243 ulla
3149 5185 3362 5240 ratione
3396 5183 3584 5237 animo

1999 5305 2054 5359 in
2083 5277 2255 5357 Deum
2289 5295 2483 5351 tendat
2507 5291 2670 5359 eique
2702 5285 2989 5341 assentiat.
3021 5281 3081 5336 ld
3112 5280 3262 5334 enim
3297 5277 3413 5348 spei
3458 5289 3584 5330 tnu-

2003 5393 2153 5448 neris
2198 5398 2304 5452 est,
2343 5395 2405 5440 ut
2441 5397 2563 5453 qua:
2605 5379 2794 5433 futura
2819 5383 2969 5438 sunt,
3000 5381 3262 5440 tanquam
3294 5364 3584 5439 praesentia

2003 5793 2118 5836 tum
2143 5795 2273 5848 spc:
2312 5775 2459 5846 quod
2485 5784 2539 5848 et
2561 5769 2860 5848 declaravit
2887 5781 3043 5822 conc.
3082 5758 3234 5816 Trid.
3266 5757 3590 5816 Picusnihil

2002 5839 2371 5917 Βοιωίλόγον,
2407 5846 2652 5900 animum
2690 5839 2888 5896 reddit.
