  <div class='ocr_page' id='page_1' title='image "/cluster/home/n/w/nwhite01/storage/ocr_20150623/90:no.1/coo.31924054869940/639.png"; bbox 0 0 4020 6448; ppageno 0'>
   <div class='ocr_carea' id='block_1_1' title="bbox 528 368 664 431">
    <p class='ocr_par' dir='ltr' id='par_1_1' title="bbox 528 368 664 431">
     <span class='ocr_line' id='line_1_1' title="bbox 528 368 664 431; baseline 0 0"><span class='ocrx_word' id='word_1_1' title='bbox 528 368 664 431; x_wconf 67' lang='lat' dir='ltr'><strong>lilii</strong></span> 
     </span>
    </p>
   </div>
   <div class='ocr_carea' id='block_1_2' title="bbox 1683 369 2628 432">
    <p class='ocr_par' dir='ltr' id='par_1_2' title="bbox 1683 369 2628 432">
     <span class='ocr_line' id='line_1_2' title="bbox 1683 369 2628 432; baseline -0.001 0"><span class='ocrx_word' id='word_1_2' title='bbox 1683 370 1744 432; x_wconf 90' lang='lat' dir='ltr'><strong>S.</strong></span> <span class='ocrx_word' id='word_1_3' title='bbox 1788 370 2074 430; x_wconf 73' lang='grc' dir='ltr'>ΜΑΧΙΜΙ</span> <span class='ocrx_word' id='word_1_4' title='bbox 2113 369 2628 431; x_wconf 78' lang='lat' dir='ltr'><strong>CONFESSORIS</strong></span> 
     </span>
    </p>
   </div>
   <div class='ocr_carea' id='block_1_3' title="bbox 3653 375 3766 440">
    <p class='ocr_par' dir='ltr' id='par_1_3' title="bbox 3653 375 3766 440">
     <span class='ocr_line' id='line_1_3' title="bbox 3653 375 3766 440; baseline 0.018 -2"><span class='ocrx_word' id='word_1_5' title='bbox 3653 375 3766 440; x_wconf 65' lang='grc'><strong>1248</strong></span> 
     </span>
    </p>
   </div>
   <div class='ocr_carea' id='block_1_4' title="bbox 526 482 2132 557">
    <p class='ocr_par' dir='ltr' id='par_1_4' title="bbox 526 483 2103 555">
     <span class='ocr_line' id='line_1_4' title="bbox 526 483 2103 555; baseline -0.004 -13"><span class='ocrx_word' id='word_1_6' title='bbox 526 486 626 542; x_wconf 73' lang='lat' dir='ltr'><strong>sub</strong></span> <span class='ocrx_word' id='word_1_7' title='bbox 658 491 939 554; x_wconf 86' lang='lat' dir='ltr'><strong>aspectum</strong></span> <span class='ocrx_word' id='word_1_8' title='bbox 969 493 1167 554; x_wconf 88' lang='lat' dir='ltr'><strong>ponat;</strong></span> <span class='ocrx_word' id='word_1_9' title='bbox 1199 493 1462 555; x_wconf 85' lang='lat' dir='ltr'><strong>certoque</strong></span> <span class='ocrx_word' id='word_1_10' title='bbox 1490 484 1700 540; x_wconf 76' lang='lat' dir='ltr'><strong>certius</strong></span> <span class='ocrx_word' id='word_1_11' title='bbox 1727 483 1960 539; x_wconf 85' lang='lat' dir='ltr'><strong>suadeat</strong></span> <span class='ocrx_word' id='word_1_12' title='bbox 1994 500 2103 537; x_wconf 91' lang='lat' dir='ltr'><strong>non</strong></span> 
     </span>
    </p>
   </div>
   <div class='ocr_carea' id='block_1_5' title="bbox 2234 482 3771 557">
    <p class='ocr_par' dir='ltr' id='par_1_5' title="bbox 2234 482 3771 557">
     <span class='ocr_line' id='line_1_5' title="bbox 2234 482 3771 557; baseline 0.003 -23"><span class='ocrx_word' id='word_1_13' title='bbox 2234 482 2327 546; x_wconf 79' lang='grc' dir='ltr'><strong>ιῶς</strong></span> <span class='ocrx_word' id='word_1_14' title='bbox 2368 485 2589 537; x_wconf 81' lang='grc' dir='ltr'>ἀπεῖναι</span> <span class='ocrx_word' id='word_1_15' title='bbox 2650 483 2860 537; x_wconf 78' lang='grc' dir='ltr'><strong>πείθειν</strong></span> <span class='ocrx_word' id='word_1_16' title='bbox 2901 483 3012 537; x_wconf 83' lang='grc' dir='ltr'>τῶν</span> <span class='ocrx_word' id='word_1_17' title='bbox 3074 483 3505 554; x_wconf 72' lang='grc' dir='ltr'><strong>πολεμουμένων</strong></span> <span class='ocrx_word' id='word_1_18' title='bbox 3554 484 3652 539; x_wconf 74' lang='grc' dir='ltr'><strong>ὑπὸ</strong></span> <span class='ocrx_word' id='word_1_19' title='bbox 3684 488 3771 557; x_wconf 85' lang='grc' dir='ltr'><strong>τῆς</strong></span> 
     </span>
    </p>
   </div>
   <div class='ocr_carea' id='block_1_6' title="bbox 524 576 2110 651">
    <p class='ocr_par' dir='ltr' id='par_1_6' title="bbox 524 576 2110 651">
     <span class='ocr_line' id='line_1_6' title="bbox 524 576 2110 651; baseline -0.003 -16"><span class='ocrx_word' id='word_1_20' title='bbox 524 580 715 636; x_wconf 78' lang='lat' dir='ltr'><strong>abesse</strong></span> <span class='ocrx_word' id='word_1_21' title='bbox 745 578 917 631; x_wconf 85' lang='lat' dir='ltr'><strong>Deum</strong></span> <span class='ocrx_word' id='word_1_22' title='bbox 940 587 1336 651; x_wconf 70' lang='lat' dir='ltr'><strong>protectorem,</strong></span> <span class='ocrx_word' id='word_1_23' title='bbox 1369 578 1437 633; x_wconf 86' lang='lat' dir='ltr'><strong>ab</strong></span> <span class='ocrx_word' id='word_1_24' title='bbox 1468 578 1557 633; x_wconf 90' lang='lat' dir='ltr'><strong>his</strong></span> <span class='ocrx_word' id='word_1_25' title='bbox 1615 592 1757 647; x_wconf 91' lang='lat' dir='ltr'><strong>quos</strong></span> <span class='ocrx_word' id='word_1_26' title='bbox 1796 576 2110 632; x_wconf 85' lang='lat' dir='ltr'><strong>adversaria</strong></span> 
     </span>
    </p>
   </div>
   <div class='ocr_carea' id='block_1_7' title="bbox 525 667 2109 739">
    <p class='ocr_par' dir='ltr' id='par_1_7' title="bbox 525 667 2109 739">
     <span class='ocr_line' id='line_1_7' title="bbox 525 667 2109 739; baseline -0.002 -17"><span class='ocrx_word' id='word_1_27' title='bbox 525 676 769 739; x_wconf 89' lang='lat' dir='ltr'><strong>potestas</strong></span> <span class='ocrx_word' id='word_1_28' title='bbox 798 678 1114 736; x_wconf 79' lang='lat' dir='ltr'><strong>Oppugnet;</strong></span> <span class='ocrx_word' id='word_1_29' title='bbox 1156 667 1228 722; x_wconf 91' lang='lat' dir='ltr'><strong>ob</strong></span> <span class='ocrx_word' id='word_1_30' title='bbox 1272 683 1461 737; x_wconf 84' lang='lat' dir='ltr'><strong>quem,</strong></span> <span class='ocrx_word' id='word_1_31' title='bbox 1508 681 1575 721; x_wconf 91' lang='lat' dir='ltr'><strong>ac</strong></span> <span class='ocrx_word' id='word_1_32' title='bbox 1622 668 1780 735; x_wconf 83' lang='lat' dir='ltr'><strong>cujus</strong></span> <span class='ocrx_word' id='word_1_33' title='bbox 1820 680 1987 718; x_wconf 88' lang='lat' dir='ltr'><strong>causa</strong></span> <span class='ocrx_word' id='word_1_34' title='bbox 2020 682 2109 719; x_wconf 88' lang='lat' dir='ltr'><strong>m-</strong></span> 
     </span>
    </p>
   </div>
   <div class='ocr_carea' id='block_1_8' title="bbox 525 754 2111 826">
    <p class='ocr_par' dir='ltr' id='par_1_8' title="bbox 525 754 2111 826">
     <span class='ocr_line' id='line_1_8' title="bbox 525 754 2111 826; baseline -0.001 -14"><span class='ocrx_word' id='word_1_35' title='bbox 525 760 672 812; x_wconf 88' lang='lat' dir='ltr'><strong>dicta</strong></span> <span class='ocrx_word' id='word_1_36' title='bbox 721 759 931 813; x_wconf 85' lang='lat' dir='ltr'><strong>sanctis</strong></span> <span class='ocrx_word' id='word_1_37' title='bbox 976 759 1107 813; x_wconf 85' lang='lat' dir='ltr'><strong>belli</strong></span> <span class='ocrx_word' id='word_1_38' title='bbox 1161 759 1463 813; x_wconf 89' lang='lat' dir='ltr'><strong>necessitas</strong></span> <span class='ocrx_word' id='word_1_39' title='bbox 1518 764 1624 812; x_wconf 87' lang='lat' dir='ltr'><strong>est.</strong></span> <span class='ocrx_word' id='word_1_40' title='bbox 1676 756 1900 826; x_wconf 83' lang='lat' dir='ltr'><strong>Absque</strong></span> <span class='ocrx_word' id='word_1_41' title='bbox 1959 754 2111 811; x_wconf 76' lang='lat' dir='ltr'><strong>enim</strong></span> 
     </span>
    </p>
   </div>
   <div class='ocr_carea' id='block_1_9' title="bbox 524 848 2113 920">
    <p class='ocr_par' dir='ltr' id='par_1_9' title="bbox 524 848 2113 920">
     <span class='ocr_line' id='line_1_9' title="bbox 524 848 2113 920; baseline 0 -16"><span class='ocrx_word' id='word_1_42' title='bbox 524 849 708 920; x_wconf 87' lang='lat' dir='ltr'><strong>aliqua</strong></span> <span class='ocrx_word' id='word_1_43' title='bbox 754 850 840 902; x_wconf 86' lang='lat' dir='ltr'><strong>vel</strong></span> <span class='ocrx_word' id='word_1_44' title='bbox 891 848 1101 905; x_wconf 83' lang='lat' dir='ltr'><strong>difﬁcili</strong></span> <span class='ocrx_word' id='word_1_45' title='bbox 1150 851 1237 905; x_wconf 89' lang='lat' dir='ltr'><strong>vel</strong></span> <span class='ocrx_word' id='word_1_46' title='bbox 1286 850 1434 905; x_wconf 79' lang='lat' dir='ltr'><strong>facili</strong></span> <span class='ocrx_word' id='word_1_47' title='bbox 1478 849 1912 919; x_wconf 79' lang='lat' dir='ltr'><strong>exspectatione.</strong></span> <span class='ocrx_word' id='word_1_48' title='bbox 1947 864 2113 904; x_wconf 87' lang='lat' dir='ltr'><strong>nemo</strong></span> 
     </span>
    </p>
   </div>
   <div class='ocr_carea' id='block_1_10' title="bbox 528 938 2111 1010">
    <p class='ocr_par' dir='ltr' id='par_1_10' title="bbox 528 938 2111 1010">
     <span class='ocr_line' id='line_1_10' title="bbox 528 938 2111 1010; baseline 0 -16"><span class='ocrx_word' id='word_1_49' title='bbox 528 956 768 1009; x_wconf 85' lang='lat' dir='ltr'><strong>unquam</strong></span> <span class='ocrx_word' id='word_1_50' title='bbox 799 949 858 994; x_wconf 89' lang='lat' dir='ltr'><strong>ut</strong></span> <span class='ocrx_word' id='word_1_51' title='bbox 891 940 957 995; x_wconf 85' lang='lat' dir='ltr'><strong>ad</strong></span> <span class='ocrx_word' id='word_1_52' title='bbox 985 940 1041 994; x_wconf 89' lang='lat' dir='ltr'><strong>id</strong></span> <span class='ocrx_word' id='word_1_53' title='bbox 1071 941 1219 1010; x_wconf 86' lang='lat' dir='ltr'><strong>quod</strong></span> <span class='ocrx_word' id='word_1_54' title='bbox 1246 941 1541 995; x_wconf 85' lang='lat' dir='ltr'><strong>honestum</strong></span> <span class='ocrx_word' id='word_1_55' title='bbox 1576 955 1641 995; x_wconf 84' lang='lat' dir='ltr'><strong>ac</strong></span> <span class='ocrx_word' id='word_1_56' title='bbox 1669 938 1833 995; x_wconf 72' lang='lat' dir='ltr'><strong>ofIiéii</strong></span> <span class='ocrx_word' id='word_1_57' title='bbox 1867 949 1954 996; x_wconf 90' lang='lat' dir='ltr'><strong>est</strong></span> <span class='ocrx_word' id='word_1_58' title='bbox 1976 956 2111 996; x_wconf 88' lang='lat' dir='ltr'><strong>con-</strong></span> 
     </span>
    </p>
   </div>
   <div class='ocr_carea' id='block_1_11' title="bbox 525 1034 1424 1088">
    <p class='ocr_par' dir='ltr' id='par_1_11' title="bbox 525 1034 1424 1088">
     <span class='ocr_line' id='line_1_11' title="bbox 525 1034 1424 1088; baseline 0.001 -1"><span class='ocrx_word' id='word_1_59' title='bbox 525 1044 777 1088; x_wconf 79' lang='lat' dir='ltr'><strong>vertatur</strong></span> <span class='ocrx_word' id='word_1_60' title='bbox 813 1034 868 1087; x_wconf 91' lang='lat' dir='ltr'><strong>in</strong></span> <span class='ocrx_word' id='word_1_61' title='bbox 898 1034 1145 1088; x_wconf 91' lang='lat' dir='ltr'><strong>animum</strong></span> <span class='ocrx_word' id='word_1_62' title='bbox 1177 1034 1424 1088; x_wconf 85' lang='lat' dir='ltr'><strong>inducat.</strong></span> 
     </span>
    </p>
   </div>
   <div class='ocr_carea' id='block_1_12' title="bbox 600 1122 2117 1194">
    <p class='ocr_par' dir='ltr' id='par_1_12' title="bbox 600 1122 2117 1194">
     <span class='ocr_line' id='line_1_12' title="bbox 600 1122 2117 1194; baseline 0.002 -18"><span class='ocrx_word' id='word_1_63' title='bbox 600 1123 688 1176; x_wconf 75' lang='lat'><strong>72.</strong></span> <span class='ocrx_word' id='word_1_64' title='bbox 728 1122 877 1178; x_wconf 86' lang='lat' dir='ltr'><strong>Nihil</strong></span> <span class='ocrx_word' id='word_1_65' title='bbox 909 1124 1094 1194; x_wconf 81' lang='lat' dir='ltr'><strong>plane,</strong></span> <span class='ocrx_word' id='word_1_66' title='bbox 1125 1139 1223 1179; x_wconf 89' lang='lat' dir='ltr'><strong>eos</strong></span> <span class='ocrx_word' id='word_1_67' title='bbox 1255 1124 1351 1193; x_wconf 89' lang='lat' dir='ltr'><strong>qui</strong></span> <span class='ocrx_word' id='word_1_68' title='bbox 1394 1123 1625 1193; x_wconf 75' lang='lat' dir='ltr'><strong>dispersi</strong></span> <span class='ocrx_word' id='word_1_69' title='bbox 1666 1131 1818 1191; x_wconf 92' lang='lat' dir='ltr'><strong>sunt,</strong></span> <span class='ocrx_word' id='word_1_70' title='bbox 1847 1124 1930 1179; x_wconf 91' lang='lat' dir='ltr'><strong>sic</strong></span> <span class='ocrx_word' id='word_1_71' title='bbox 1960 1124 2117 1179; x_wconf 91' lang='lat' dir='ltr'><strong>colli-</strong></span> 
     </span>
    </p>
   </div>
   <div class='ocr_carea' id='block_1_13' title="bbox 529 1213 2115 1289">
    <p class='ocr_par' dir='ltr' id='par_1_13' title="bbox 529 1213 2115 1289">
     <span class='ocr_line' id='line_1_13' title="bbox 529 1213 2115 1289; baseline 0.003 -22"><span class='ocrx_word' id='word_1_72' title='bbox 529 1213 609 1285; x_wconf 80' lang='lat' dir='ltr'><strong>git</strong></span> <span class='ocrx_word' id='word_1_73' title='bbox 661 1231 726 1270; x_wconf 91' lang='lat' dir='ltr'><strong>ac</strong></span> <span class='ocrx_word' id='word_1_74' title='bbox 771 1216 1074 1281; x_wconf 83' lang='lat' dir='ltr'><strong>consociat,</strong></span> <span class='ocrx_word' id='word_1_75' title='bbox 1116 1232 1389 1286; x_wconf 85' lang='lat' dir='ltr'><strong>unamque</strong></span> <span class='ocrx_word' id='word_1_76' title='bbox 1440 1217 1523 1271; x_wconf 90' lang='lat' dir='ltr'><strong>eis</strong></span> <span class='ocrx_word' id='word_1_77' title='bbox 1566 1217 1721 1289; x_wconf 75' lang='lat'><strong>551</strong></span> <span class='ocrx_word' id='word_1_78' title='bbox 1774 1218 2115 1272; x_wconf 72' lang='lat' dir='ltr'><strong>voluntatem</strong></span> 
     </span>
    </p>
   </div>
   <div class='ocr_carea' id='block_1_14' title="bbox 532 1294 2118 1381">
    <p class='ocr_par' dir='ltr' id='par_1_14' title="bbox 532 1294 2118 1381">
     <span class='ocr_line' id='line_1_14' title="bbox 532 1294 2118 1381; baseline 0.002 -18"><span class='ocrx_word' id='word_1_79' title='bbox 532 1294 843 1363; x_wconf 53' lang='lat' dir='ltr'><strong>concordi-ae</strong></span> <span class='ocrx_word' id='word_1_80' title='bbox 882 1324 1026 1362; x_wconf 79' lang='lat' dir='ltr'><strong>nexu</strong></span> <span class='ocrx_word' id='word_1_81' title='bbox 1061 1308 1287 1378; x_wconf 90' lang='lat' dir='ltr'><strong>aspirat,</strong></span> <span class='ocrx_word' id='word_1_82' title='bbox 1313 1324 1377 1364; x_wconf 91' lang='lat' dir='ltr'><strong>ac</strong></span> <span class='ocrx_word' id='word_1_83' title='bbox 1407 1309 1671 1373; x_wconf 89' lang='lat' dir='ltr'><strong>charitas,</strong></span> <span class='ocrx_word' id='word_1_84' title='bbox 1707 1311 1865 1379; x_wconf 84' lang='lat' dir='ltr'><strong>cujus</strong></span> <span class='ocrx_word' id='word_1_85' title='bbox 1904 1309 2118 1381; x_wconf 80' lang='lat' dir='ltr'><strong>insigne</strong></span> 
     </span>
    </p>
   </div>
   <div class='ocr_carea' id='block_1_15' title="bbox 532 1395 2119 1469">
    <p class='ocr_par' dir='ltr' id='par_1_15' title="bbox 532 1395 2119 1469">
     <span class='ocr_line' id='line_1_15' title="bbox 532 1395 2119 1469; baseline 0.002 -18"><span class='ocrx_word' id='word_1_86' title='bbox 532 1410 599 1451; x_wconf 86' lang='lat' dir='ltr'><strong>ac</strong></span> <span class='ocrx_word' id='word_1_87' title='bbox 642 1405 802 1460; x_wconf 90' lang='lat' dir='ltr'><strong>nota,</strong></span> <span class='ocrx_word' id='word_1_88' title='bbox 845 1397 995 1467; x_wconf 90' lang='lat' dir='ltr'><strong>paris</strong></span> <span class='ocrx_word' id='word_1_89' title='bbox 1037 1395 1325 1467; x_wconf 83' lang='lat' dir='ltr'><strong>dignitatis</strong></span> <span class='ocrx_word' id='word_1_90' title='bbox 1372 1396 1543 1452; x_wconf 85' lang='lat' dir='ltr'><strong>decus</strong></span> <span class='ocrx_word' id='word_1_91' title='bbox 1583 1408 1688 1453; x_wconf 89' lang='lat' dir='ltr'><strong>est.</strong></span> <span class='ocrx_word' id='word_1_92' title='bbox 1729 1397 1887 1464; x_wconf 88' lang='lat' dir='ltr'><strong>Quod</strong></span> <span class='ocrx_word' id='word_1_93' title='bbox 1932 1399 2119 1469; x_wconf 83' lang='lat' dir='ltr'><strong>itaque</strong></span> 
     </span>
    </p>
   </div>
   <div class='ocr_carea' id='block_1_16' title="bbox 532 1480 2120 1561">
    <p class='ocr_par' dir='ltr' id='par_1_16' title="bbox 532 1480 2120 1561">
     <span class='ocr_line' id='line_1_16' title="bbox 532 1480 2120 1561; baseline 0.003 -20"><span class='ocrx_word' id='word_1_94' title='bbox 532 1488 703 1542; x_wconf 90' lang='lat' dir='ltr'><strong>animi</strong></span> <span class='ocrx_word' id='word_1_95' title='bbox 747 1480 1059 1544; x_wconf 64' lang='lat' dir='ltr'><strong>facultates</strong></span> <span class='ocrx_word' id='word_1_96' title='bbox 1086 1488 1252 1559; x_wconf 86' lang='lat' dir='ltr'><strong>(ratio</strong></span> <span class='ocrx_word' id='word_1_97' title='bbox 1292 1489 1529 1553; x_wconf 81' lang='lat' dir='ltr'><strong>scilicet,</strong></span> <span class='ocrx_word' id='word_1_98' title='bbox 1557 1490 1749 1559; x_wconf 88' lang='lat' dir='ltr'><strong>iraque</strong></span> <span class='ocrx_word' id='word_1_99' title='bbox 1798 1499 1854 1545; x_wconf 90' lang='lat' dir='ltr'><strong>et</strong></span> <span class='ocrx_word' id='word_1_100' title='bbox 1897 1491 2120 1561; x_wconf 89' lang='lat' dir='ltr'><strong>cupidi-</strong></span> 
     </span>
    </p>
   </div>
   <div class='ocr_carea' id='block_1_17' title="bbox 2210 570 3743 643">
    <p class='ocr_par' dir='ltr' id='par_1_17' title="bbox 2210 570 3743 643">
     <span class='ocr_line' id='line_1_17' title="bbox 2210 570 3743 643; baseline 0.002 -19"><span class='ocrx_word' id='word_1_101' title='bbox 2210 572 2597 641; x_wconf 79' lang='grc' dir='ltr'>ἀντικειμένης</span> <span class='ocrx_word' id='word_1_102' title='bbox 2640 572 2958 641; x_wconf 82' lang='grc' dir='ltr'>δυνάμεως,</span> <span class='ocrx_word' id='word_1_103' title='bbox 2994 570 3085 625; x_wconf 77' lang='grc' dir='ltr'>τὸν</span> <span class='ocrx_word' id='word_1_104' title='bbox 3132 572 3583 643; x_wconf 76' lang='grc' dir='ltr'>ὑπερασπίζοντα</span> <span class='ocrx_word' id='word_1_105' title='bbox 3624 574 3743 627; x_wconf 84' lang='grc' dir='ltr'>Θεόν</span> 
     </span>
    </p>
   </div>
   <div class='ocr_carea' id='block_1_18' title="bbox 2215 658 3773 735">
    <p class='ocr_par' dir='ltr' id='par_1_18' title="bbox 2215 658 3773 735">
     <span class='ocr_line' id='line_1_18' title="bbox 2215 658 3773 735; baseline 0 -19"><span class='ocrx_word' id='word_1_106' title='bbox 2215 665 2361 734; x_wconf 83' lang='grc' dir='ltr'>ὑπὲρ</span> <span class='ocrx_word' id='word_1_107' title='bbox 2387 658 2480 729; x_wconf 85' lang='grc' dir='ltr'><strong>οῦ,</strong></span> <span class='ocrx_word' id='word_1_108' title='bbox 2513 667 2609 719; x_wconf 76' lang='grc' dir='ltr'><strong>καὶ</strong></span> <span class='ocrx_word' id='word_1_109' title='bbox 2656 665 2725 719; x_wconf 86' lang='grc' dir='ltr'><strong>δι’</strong></span> <span class='ocrx_word' id='word_1_110' title='bbox 2756 665 2817 718; x_wconf 83' lang='grc' dir='ltr'>ὃν</span> <span class='ocrx_word' id='word_1_111' title='bbox 2868 664 3050 732; x_wconf 90' lang='grc' dir='ltr'>ἀγίοις</span> <span class='ocrx_word' id='word_1_112' title='bbox 3096 665 3125 717; x_wconf 86' lang='grc' dir='ltr'>ὁ</span> <span class='ocrx_word' id='word_1_113' title='bbox 3160 663 3423 732; x_wconf 80' lang='grc' dir='ltr'>πόλεμος.</span> <span class='ocrx_word' id='word_1_114' title='bbox 3472 664 3652 730; x_wconf 76' lang='grc' dir='ltr'>Χωρὶς</span> <span class='ocrx_word' id='word_1_115' title='bbox 3679 665 3773 735; x_wconf 85' lang='grc' dir='ltr'><strong>γάρ</strong></span> 
     </span>
    </p>
   </div>
   <div class='ocr_carea' id='block_1_19' title="bbox 2210 752 3774 828">
    <p class='ocr_par' dir='ltr' id='par_1_19' title="bbox 2210 752 3774 828">
     <span class='ocr_line' id='line_1_19' title="bbox 2210 752 3774 828; baseline -0.001 -19"><span class='ocrx_word' id='word_1_116' title='bbox 2210 774 2358 820; x_wconf 87' lang='grc' dir='ltr'>τινος</span> <span class='ocrx_word' id='word_1_117' title='bbox 2400 756 2729 827; x_wconf 74' lang='grc' dir='ltr'><strong>προσδοκίας</strong></span> <span class='ocrx_word' id='word_1_118' title='bbox 2762 756 2795 826; x_wconf 82' lang='grc' dir='ltr'>ἢ</span> <span class='ocrx_word' id='word_1_119' title='bbox 2827 754 3125 826; x_wconf 82' lang='grc' dir='ltr'><strong>δυσχεροῦς</strong></span> <span class='ocrx_word' id='word_1_120' title='bbox 3163 754 3198 825; x_wconf 76' lang='grc' dir='ltr'>ἦ</span> <span class='ocrx_word' id='word_1_121' title='bbox 3236 752 3523 825; x_wconf 80' lang='grc' dir='ltr'>εὐχεροῦς,</span> <span class='ocrx_word' id='word_1_122' title='bbox 3549 756 3774 828; x_wconf 70' lang='grc' dir='ltr'>ἔπιστρο-</span> 
     </span>
    </p>
   </div>
   <div class='ocr_carea' id='block_1_20' title="bbox 2214 842 3652 919">
    <p class='ocr_par' dir='ltr' id='par_1_20' title="bbox 2214 842 3652 919">
     <span class='ocr_line' id='line_1_20' title="bbox 2214 842 3652 919; baseline -0.003 -17"><span class='ocrx_word' id='word_1_123' title='bbox 2214 848 2290 918; x_wconf 83' lang='grc' dir='ltr'>φὴ</span> <span class='ocrx_word' id='word_1_124' title='bbox 2312 847 2448 919; x_wconf 84' lang='grc' dir='ltr'>πρὸς</span> <span class='ocrx_word' id='word_1_125' title='bbox 2474 847 2538 901; x_wconf 86' lang='grc' dir='ltr'><strong>τὺ</strong></span> <span class='ocrx_word' id='word_1_126' title='bbox 2567 847 2732 901; x_wconf 79' lang='grc' dir='ltr'>καλὸν</span> <span class='ocrx_word' id='word_1_127' title='bbox 2759 846 2936 900; x_wconf 83' lang='grc' dir='ltr'>οὐδενί</span> <span class='ocrx_word' id='word_1_128' title='bbox 2970 862 3103 899; x_wconf 79' lang='grc' dir='ltr'>ποτε</span> <span class='ocrx_word' id='word_1_129' title='bbox 3141 844 3363 914; x_wconf 82' lang='grc' dir='ltr'>πέφυκε</span> <span class='ocrx_word' id='word_1_130' title='bbox 3389 842 3652 913; x_wconf 85' lang='grc' dir='ltr'>γίνεσθαι.</span> 
     </span>
    </p>
   </div>
   <div class='ocr_carea' id='block_1_21' title="bbox 2285 1123 3781 1198">
    <p class='ocr_par' dir='ltr' id='par_1_21' title="bbox 2285 1123 3781 1198">
     <span class='ocr_line' id='line_1_21' title="bbox 2285 1123 3781 1198; baseline -0.002 -18"><span class='ocrx_word' id='word_1_131' title='bbox 2285 1127 2386 1198; x_wconf 77' lang='grc' dir='ltr'>οβ’.</span> <span class='ocrx_word' id='word_1_132' title='bbox 2432 1126 2601 1181; x_wconf 76' lang='grc' dir='ltr'>Οὐδὲν</span> <span class='ocrx_word' id='word_1_133' title='bbox 2637 1125 2807 1187; x_wconf 76' lang='grc' dir='ltr'>ὅντως</span> <span class='ocrx_word' id='word_1_134' title='bbox 2831 1124 3007 1189; x_wconf 77' lang='grc' dir='ltr'>οὕτως</span> <span class='ocrx_word' id='word_1_135' title='bbox 3027 1124 3104 1188; x_wconf 83' lang='grc' dir='ltr'>ὡς</span> <span class='ocrx_word' id='word_1_136' title='bbox 3134 1125 3169 1194; x_wconf 83' lang='grc' dir='ltr'><strong>ή</strong></span> <span class='ocrx_word' id='word_1_137' title='bbox 3206 1123 3404 1194; x_wconf 86' lang='grc' dir='ltr'>ἀγάπη</span> <span class='ocrx_word' id='word_1_138' title='bbox 3436 1124 3651 1191; x_wconf 75' lang='grc' dir='ltr'><strong>συνάγει</strong></span> <span class='ocrx_word' id='word_1_139' title='bbox 3673 1126 3781 1190; x_wconf 76' lang='grc' dir='ltr'>τοὺς</span> 
     </span>
    </p>
   </div>
   <div class='ocr_carea' id='block_1_22' title="bbox 2218 1214 3780 1288">
    <p class='ocr_par' dir='ltr' id='par_1_22' title="bbox 2218 1214 3780 1288">
     <span class='ocr_line' id='line_1_22' title="bbox 2218 1214 3780 1288; baseline -0.004 -15"><span class='ocrx_word' id='word_1_140' title='bbox 2218 1218 2728 1288; x_wconf 76' lang='grc' dir='ltr'><strong>ἐσκορπισμένους,</strong></span> <span class='ocrx_word' id='word_1_141' title='bbox 2779 1217 2873 1271; x_wconf 75' lang='grc' dir='ltr'>καὶ</span> <span class='ocrx_word' id='word_1_142' title='bbox 2932 1217 3064 1285; x_wconf 87' lang='grc' dir='ltr'>μίαν</span> <span class='ocrx_word' id='word_1_143' title='bbox 3093 1215 3283 1277; x_wconf 79' lang='grc' dir='ltr'>αὐτοῖς</span> <span class='ocrx_word' id='word_1_144' title='bbox 3339 1215 3663 1285; x_wconf 80' lang='grc' dir='ltr'><strong>δημιουργεῖ</strong></span> <span class='ocrx_word' id='word_1_145' title='bbox 3698 1214 3780 1285; x_wconf 79' lang='grc' dir='ltr'>τὴν</span> 
     </span>
    </p>
   </div>
   <div class='ocr_carea' id='block_1_23' title="bbox 2218 1302 3782 1380">
    <p class='ocr_par' dir='ltr' id='par_1_23' title="bbox 2218 1302 3782 1380">
     <span class='ocr_line' id='line_1_23' title="bbox 2218 1302 3782 1380; baseline -0.003 -17"><span class='ocrx_word' id='word_1_146' title='bbox 2218 1311 2447 1380; x_wconf 80' lang='grc' dir='ltr'><strong>γνώμην</strong></span> <span class='ocrx_word' id='word_1_147' title='bbox 2496 1309 2774 1379; x_wconf 72' lang='grc' dir='ltr'>συμπνοίᾳ</span> <span class='ocrx_word' id='word_1_148' title='bbox 2815 1307 3218 1378; x_wconf 75' lang='grc' dir='ltr'><strong>κρατουμένην,</strong></span> <span class='ocrx_word' id='word_1_149' title='bbox 3270 1302 3342 1379; x_wconf 81' lang='grc' dir='ltr'>ἦς</span> <span class='ocrx_word' id='word_1_150' title='bbox 3396 1305 3691 1377; x_wconf 82' lang='grc' dir='ltr'>χαρακτὴρ,</span> <span class='ocrx_word' id='word_1_151' title='bbox 3731 1307 3782 1359; x_wconf 71' lang='grc' dir='ltr'><strong>τὸ</strong></span> 
     </span>
    </p>
   </div>
   <div class='ocr_carea' id='block_1_24' title="bbox 2219 1397 3782 1473">
    <p class='ocr_par' dir='ltr' id='par_1_24' title="bbox 2219 1397 3782 1473">
     <span class='ocr_line' id='line_1_24' title="bbox 2219 1397 3782 1473; baseline -0.003 -16"><span class='ocrx_word' id='word_1_152' title='bbox 2219 1405 2319 1473; x_wconf 87' lang='grc' dir='ltr'><strong>τῆς</strong></span> <span class='ocrx_word' id='word_1_153' title='bbox 2348 1402 2620 1472; x_wconf 74' lang='grc' dir='ltr'><strong>ἰσοτιμίας</strong></span> <span class='ocrx_word' id='word_1_154' title='bbox 2652 1402 2961 1471; x_wconf 84' lang='grc' dir='ltr'>καθέστηκε</span> <span class='ocrx_word' id='word_1_155' title='bbox 3014 1399 3233 1462; x_wconf 82' lang='grc' dir='ltr'>κάλλος.</span> <span class='ocrx_word' id='word_1_156' title='bbox 3282 1397 3500 1452; x_wconf 81' lang='grc' dir='ltr'>Οὐκοῦν</span> <span class='ocrx_word' id='word_1_157' title='bbox 3528 1398 3623 1467; x_wconf 88' lang='grc' dir='ltr'><strong>τῆς</strong></span> <span class='ocrx_word' id='word_1_158' title='bbox 3663 1398 3782 1452; x_wconf 81' lang='grc' dir='ltr'><strong>κατά</strong></span> 
     </span>
    </p>
   </div>
   <div class='ocr_carea' id='block_1_25' title="bbox 2220 1485 3781 1561">
    <p class='ocr_par' dir='ltr' id='par_1_25' title="bbox 2220 1485 3781 1561">
     <span class='ocr_line' id='line_1_25' title="bbox 2220 1485 3781 1561; baseline -0.005 -15"><span class='ocrx_word' id='word_1_159' title='bbox 2220 1492 2282 1546; x_wconf 78' lang='grc' dir='ltr'>τὸ</span> <span class='ocrx_word' id='word_1_160' title='bbox 2304 1492 2437 1547; x_wconf 73' lang='grc' dir='ltr'>αὐτὸ</span> <span class='ocrx_word' id='word_1_161' title='bbox 2463 1491 2592 1561; x_wconf 74' lang='grc' dir='ltr'>περὶ</span> <span class='ocrx_word' id='word_1_162' title='bbox 2616 1489 2684 1544; x_wconf 76' lang='grc' dir='ltr'>τὰ</span> <span class='ocrx_word' id='word_1_163' title='bbox 2709 1490 2828 1543; x_wconf 80' lang='grc' dir='ltr'>θεῖα</span> <span class='ocrx_word' id='word_1_164' title='bbox 2862 1487 3189 1558; x_wconf 76' lang='grc' dir='ltr'><strong>συναγωγῆς</strong></span> <span class='ocrx_word' id='word_1_165' title='bbox 3216 1504 3280 1540; x_wconf 83' lang='grc' dir='ltr'><strong>τε</strong></span> <span class='ocrx_word' id='word_1_166' title='bbox 3311 1486 3410 1540; x_wconf 77' lang='grc' dir='ltr'>καὶ</span> <span class='ocrx_word' id='word_1_167' title='bbox 3435 1485 3671 1548; x_wconf 78' lang='grc' dir='ltr'>ἑνώσεως</span> <span class='ocrx_word' id='word_1_168' title='bbox 3689 1485 3781 1539; x_wconf 79' lang='grc' dir='ltr'><strong>τῶν</strong></span> 
     </span>
    </p>
   </div>
   <div class='ocr_carea' id='block_1_26' title="bbox 535 1577 2132 1653">
    <p class='ocr_par' dir='ltr' id='par_1_26' title="bbox 535 1579 2124 1651">
     <span class='ocr_line' id='line_1_26' title="bbox 535 1579 2124 1651; baseline 0.003 -17"><span class='ocrx_word' id='word_1_169' title='bbox 535 1579 641 1650; x_wconf 90' lang='lat' dir='ltr'><strong>tas)</strong></span> <span class='ocrx_word' id='word_1_170' title='bbox 677 1580 827 1634; x_wconf 90' lang='lat' dir='ltr'><strong>circa</strong></span> <span class='ocrx_word' id='word_1_171' title='bbox 874 1579 1061 1634; x_wconf 89' lang='lat' dir='ltr'><strong>divina</strong></span> <span class='ocrx_word' id='word_1_172' title='bbox 1102 1581 1161 1634; x_wconf 88' lang='lat' dir='ltr'><strong>in</strong></span> <span class='ocrx_word' id='word_1_173' title='bbox 1200 1587 1370 1635; x_wconf 88' lang='lat' dir='ltr'><strong>unum</strong></span> <span class='ocrx_word' id='word_1_174' title='bbox 1412 1591 1837 1651; x_wconf 77' lang='lat' dir='ltr'><strong>congregemur,</strong></span> <span class='ocrx_word' id='word_1_175' title='bbox 1877 1583 2124 1639; x_wconf 79' lang='lat' dir='ltr'><strong>Charitas</strong></span> 
     </span>
    </p>
   </div>
   <div class='ocr_carea' id='block_1_27' title="bbox 2234 1577 3781 1653">
    <p class='ocr_par' dir='ltr' id='par_1_27' title="bbox 2234 1577 3781 1653">
     <span class='ocr_line' id='line_1_27' title="bbox 2234 1577 3781 1653; baseline -0.013 -17"><span class='ocrx_word' id='word_1_176' title='bbox 2234 1582 2471 1653; x_wconf 64' lang='grc' dir='ltr'>ζιυχικῶν</span> <span class='ocrx_word' id='word_1_177' title='bbox 2501 1581 2806 1651; x_wconf 85' lang='grc' dir='ltr'><strong>δυνάμεων·</strong></span> <span class='ocrx_word' id='word_1_178' title='bbox 2841 1579 3115 1642; x_wconf 83' lang='grc' dir='ltr'><strong>τουτέστι,</strong></span> <span class='ocrx_word' id='word_1_179' title='bbox 3141 1578 3248 1647; x_wconf 86' lang='grc' dir='ltr'><strong>τῆς</strong></span> <span class='ocrx_word' id='word_1_180' title='bbox 3273 1577 3506 1648; x_wconf 80' lang='grc' dir='ltr'>λογικῆς</span> <span class='ocrx_word' id='word_1_181' title='bbox 3534 1578 3628 1630; x_wconf 65' lang='grc' dir='ltr'><strong>καὶ</strong></span> <span class='ocrx_word' id='word_1_182' title='bbox 3652 1577 3781 1647; x_wconf 52' lang='lat' dir='ltr'><strong>eum.</strong></span> 
     </span>
    </p>
   </div>
   <div class='ocr_carea' id='block_1_28' title="bbox 538 1667 2132 1743">
    <p class='ocr_par' dir='ltr' id='par_1_28' title="bbox 538 1671 2125 1743">
     <span class='ocr_line' id='line_1_28' title="bbox 538 1671 2125 1743; baseline 0.002 -18"><span class='ocrx_word' id='word_1_183' title='bbox 538 1672 594 1725; x_wconf 90' lang='lat' dir='ltr'><strong>in</strong></span> <span class='ocrx_word' id='word_1_184' title='bbox 630 1686 798 1725; x_wconf 88' lang='lat' dir='ltr'><strong>causa</strong></span> <span class='ocrx_word' id='word_1_185' title='bbox 827 1679 943 1736; x_wconf 88' lang='lat' dir='ltr'><strong>cst;</strong></span> <span class='ocrx_word' id='word_1_186' title='bbox 990 1687 1119 1742; x_wconf 92' lang='lat' dir='ltr'><strong>qua,</strong></span> <span class='ocrx_word' id='word_1_187' title='bbox 1154 1672 1248 1742; x_wconf 87' lang='lat' dir='ltr'><strong>qui</strong></span> <span class='ocrx_word' id='word_1_188' title='bbox 1281 1671 1394 1743; x_wconf 88' lang='lat' dir='ltr'><strong>jam</strong></span> <span class='ocrx_word' id='word_1_189' title='bbox 1431 1688 1554 1726; x_wconf 88' lang='lat' dir='ltr'><strong>eam</strong></span> <span class='ocrx_word' id='word_1_190' title='bbox 1585 1689 1709 1725; x_wconf 88' lang='lat' dir='ltr'><strong>cum</strong></span> <span class='ocrx_word' id='word_1_191' title='bbox 1742 1673 1855 1728; x_wconf 89' lang='lat' dir='ltr'><strong>Deo</strong></span> <span class='ocrx_word' id='word_1_192' title='bbox 1894 1673 2125 1729; x_wconf 87' lang='lat' dir='ltr'><strong>honoris</strong></span> 
     </span>
    </p>
   </div>
   <div class='ocr_carea' id='block_1_29' title="bbox 2234 1667 3779 1743">
    <p class='ocr_par' dir='ltr' id='par_1_29' title="bbox 2234 1667 3779 1743">
     <span class='ocr_line' id='line_1_29' title="bbox 2234 1667 3779 1743; baseline -0.005 -15"><span class='ocrx_word' id='word_1_193' title='bbox 2234 1675 2328 1743; x_wconf 75' lang='grc' dir='ltr'><strong>κῆς</strong></span> <span class='ocrx_word' id='word_1_194' title='bbox 2357 1674 2451 1727; x_wconf 72' lang='grc' dir='ltr'><strong>καὶ</strong></span> <span class='ocrx_word' id='word_1_195' title='bbox 2480 1671 2921 1743; x_wconf 77' lang='grc' dir='ltr'>ἐπιθυμητικῆς,</span> <span class='ocrx_word' id='word_1_196' title='bbox 2964 1671 2998 1742; x_wconf 79' lang='grc' dir='ltr'><strong>ἡ</strong></span> <span class='ocrx_word' id='word_1_197' title='bbox 3031 1670 3224 1740; x_wconf 81' lang='grc' dir='ltr'>ἀγάπη</span> <span class='ocrx_word' id='word_1_198' title='bbox 3264 1667 3575 1741; x_wconf 78' lang='grc' dir='ltr'>καθέστηκε</span> <span class='ocrx_word' id='word_1_199' title='bbox 3615 1667 3779 1739; x_wconf 82' lang='grc' dir='ltr'>γέννη-</span> 
     </span>
    </p>
   </div>
   <div class='ocr_carea' id='block_1_30' title="bbox 533 1758 2132 1835">
    <p class='ocr_par' dir='ltr' id='par_1_30' title="bbox 533 1760 2126 1835">
     <span class='ocr_line' id='line_1_30' title="bbox 533 1760 2126 1835; baseline 0.002 -19"><span class='ocrx_word' id='word_1_200' title='bbox 533 1760 909 1829; x_wconf 66' lang='lat' dir='ltr'><strong>aequalitatem</strong></span> <span class='ocrx_word' id='word_1_201' title='bbox 960 1776 1060 1830; x_wconf 90' lang='lat' dir='ltr'><strong>per</strong></span> <span class='ocrx_word' id='word_1_202' title='bbox 1106 1760 1339 1831; x_wconf 80' lang='lat' dir='ltr'><strong>gratiam</strong></span> <span class='ocrx_word' id='word_1_203' title='bbox 1378 1762 1665 1835; x_wconf 83' lang='lat' dir='ltr'><strong>consecuti</strong></span> <span class='ocrx_word' id='word_1_204' title='bbox 1711 1771 1870 1827; x_wconf 88' lang='lat' dir='ltr'><strong>sunt,</strong></span> <span class='ocrx_word' id='word_1_205' title='bbox 1911 1764 2126 1819; x_wconf 89' lang='lat' dir='ltr'><strong>indele-</strong></span> 
     </span>
    </p>
   </div>
   <div class='ocr_carea' id='block_1_31' title="bbox 2234 1758 3780 1835">
    <p class='ocr_par' dir='ltr' id='par_1_31' title="bbox 2234 1758 3780 1835">
     <span class='ocr_line' id='line_1_31' title="bbox 2234 1758 3780 1835; baseline -0.005 -16"><span class='ocrx_word' id='word_1_206' title='bbox 2234 1781 2328 1835; x_wconf 81' lang='grc' dir='ltr'>μα’</span> <span class='ocrx_word' id='word_1_207' title='bbox 2385 1765 2512 1818; x_wconf 83' lang='grc' dir='ltr'>καθ’</span> <span class='ocrx_word' id='word_1_208' title='bbox 2555 1766 2623 1835; x_wconf 83' lang='grc' dir='ltr'>ἢν</span> <span class='ocrx_word' id='word_1_209' title='bbox 2659 1763 3034 1833; x_wconf 71' lang='grc' dir='ltr'>ἒγγράφοντες</span> <span class='ocrx_word' id='word_1_210' title='bbox 3072 1765 3141 1832; x_wconf 77' lang='grc' dir='ltr'><strong>τῇ</strong></span> <span class='ocrx_word' id='word_1_211' title='bbox 3185 1761 3384 1831; x_wconf 81' lang='grc' dir='ltr'>μνήμῃ</span> <span class='ocrx_word' id='word_1_212' title='bbox 3423 1759 3488 1813; x_wconf 76' lang='grc' dir='ltr'>τὸ</span> <span class='ocrx_word' id='word_1_213' title='bbox 3523 1761 3620 1829; x_wconf 86' lang='grc' dir='ltr'><strong>τῆς</strong></span> <span class='ocrx_word' id='word_1_214' title='bbox 3653 1758 3780 1822; x_wconf 87' lang='grc' dir='ltr'>θείας</span> 
     </span>
    </p>
   </div>
   <div class='ocr_carea' id='block_1_32' title="bbox 533 1824 2132 1927">
    <p class='ocr_par' dir='ltr' id='par_1_32' title="bbox 533 1824 2121 1923">
     <span class='ocr_line' id='line_1_32' title="bbox 533 1824 2121 1923; baseline 0.005 -18"><span class='ocrx_word' id='word_1_215' title='bbox 533 1824 704 1907; x_wconf 81' lang='lat' dir='ltr'><strong>bilem</strong></span> <span class='ocrx_word' id='word_1_216' title='bbox 752 1824 979 1908; x_wconf 54' lang='lat' dir='ltr'><strong>divina:-</strong></span> <span class='ocrx_word' id='word_1_217' title='bbox 1001 1824 1319 1907; x_wconf 68' lang='lat' dir='ltr'><strong>dilectionis</strong></span> <span class='ocrx_word' id='word_1_218' title='bbox 1364 1834 1760 1923; x_wconf 88' lang='lat' dir='ltr'><strong>cupiditatem,</strong></span> <span class='ocrx_word' id='word_1_219' title='bbox 1812 1824 2121 1913; x_wconf 83' lang='lat' dir='ltr'><strong>immortale</strong></span> 
     </span>
    </p>
   </div>
   <div class='ocr_carea' id='block_1_33' title="bbox 2234 1824 3782 1927">
    <p class='ocr_par' dir='ltr' id='par_1_33' title="bbox 2234 1824 3782 1927">
     <span class='ocr_line' id='line_1_33' title="bbox 2234 1824 3782 1927; baseline -0.004 -17"><span class='ocrx_word' id='word_1_220' title='bbox 2234 1824 2560 1927; x_wconf 64' lang='grc' dir='ltr'>ίῦραιότητος</span> <span class='ocrx_word' id='word_1_221' title='bbox 2579 1824 2590 1835; x_wconf 50' lang='grc'><em>’</em></span> <span class='ocrx_word' id='word_1_222' title='bbox 2610 1824 2827 1920; x_wconf 70' lang='grc' dir='ltr'>κάλλος,</span> <span class='ocrx_word' id='word_1_223' title='bbox 2851 1824 2927 1908; x_wconf 44' lang='grc' dir='ltr'>ὀἱ</span> <span class='ocrx_word' id='word_1_224' title='bbox 2955 1824 3025 1906; x_wconf 56' lang='lat' dir='ltr'><strong>et</strong></span> <span class='ocrx_word' id='word_1_225' title='bbox 3356 1824 3482 1923; x_wconf 36' lang='grc' dir='ltr'>-.ήδη</span> <span class='ocrx_word' id='word_1_226' title='bbox 3519 1824 3647 1923; x_wconf 75' lang='grc' dir='ltr'>πρὸς</span> <span class='ocrx_word' id='word_1_227' title='bbox 3668 1850 3782 1904; x_wconf 76' lang='grc' dir='ltr'>Θεὸν</span> 
     </span>
    </p>
   </div>
   <div class='ocr_carea' id='block_1_34' title="bbox 536 1942 2132 2019">
    <p class='ocr_par' dir='ltr' id='par_1_34' title="bbox 536 1946 2120 2019">
     <span class='ocr_line' id='line_1_34' title="bbox 536 1946 2120 2019; baseline 0.001 -17"><span class='ocrx_word' id='word_1_228' title='bbox 536 1946 710 2003; x_wconf 87' lang='lat' dir='ltr'><strong>decus</strong></span> <span class='ocrx_word' id='word_1_229' title='bbox 738 1948 1135 2017; x_wconf 88' lang='lat' dir='ltr'><strong>perscribentis</strong></span> <span class='ocrx_word' id='word_1_230' title='bbox 1168 1963 1233 2003; x_wconf 90' lang='lat' dir='ltr'><strong>ac</strong></span> <span class='ocrx_word' id='word_1_231' title='bbox 1258 1947 1537 2003; x_wconf 72' lang='lat' dir='ltr'><strong>exarantis</strong></span> <span class='ocrx_word' id='word_1_232' title='bbox 1572 1948 1629 2003; x_wconf 89' lang='lat' dir='ltr'><strong>in</strong></span> <span class='ocrx_word' id='word_1_233' title='bbox 1665 1948 1919 2019; x_wconf 88' lang='lat' dir='ltr'><strong>principe</strong></span> <span class='ocrx_word' id='word_1_234' title='bbox 1949 1949 2120 2004; x_wconf 88' lang='lat' dir='ltr'><strong>animi</strong></span> 
     </span>
    </p>
   </div>
   <div class='ocr_carea' id='block_1_35' title="bbox 2234 1942 3780 2019">
    <p class='ocr_par' dir='ltr' id='par_1_35' title="bbox 2234 1942 3780 2018">
     <span class='ocr_line' id='line_1_35' title="bbox 2234 1942 3780 2018; baseline -0.005 -15"><span class='ocrx_word' id='word_1_235' title='bbox 2234 1949 2314 2003; x_wconf 78' lang='grc' dir='ltr'>5ιά</span> <span class='ocrx_word' id='word_1_236' title='bbox 2359 1949 2460 2018; x_wconf 80' lang='grc' dir='ltr'><strong>τῆς</strong></span> <span class='ocrx_word' id='word_1_237' title='bbox 2506 1947 2732 2018; x_wconf 88' lang='grc' dir='ltr'>χάριτος</span> <span class='ocrx_word' id='word_1_238' title='bbox 2765 1945 3153 2017; x_wconf 84' lang='grc' dir='ltr'>κομισάμενοι,</span> <span class='ocrx_word' id='word_1_239' title='bbox 3195 1943 3561 2015; x_wconf 77' lang='grc' dir='ltr'>ἀνεπίληπον</span> <span class='ocrx_word' id='word_1_240' title='bbox 3604 1942 3780 2012; x_wconf 67' lang='grc' dir='ltr'>ἔχευαν</span> 
     </span>
    </p>
   </div>
   <div class='ocr_carea' id='block_1_36' title="bbox 534 2035 2132 2113">
    <p class='ocr_par' dir='ltr' id='par_1_36' title="bbox 534 2035 1443 2108">
     <span class='ocr_line' id='line_1_36' title="bbox 534 2035 1443 2108; baseline -0.002 -17"><span class='ocrx_word' id='word_1_241' title='bbox 534 2046 689 2108; x_wconf 82' lang='lat' dir='ltr'><strong>parte</strong></span> <span class='ocrx_word' id='word_1_242' title='bbox 722 2036 798 2108; x_wconf 91' lang='lat' dir='ltr'><strong>(id</strong></span> <span class='ocrx_word' id='word_1_243' title='bbox 832 2046 937 2104; x_wconf 91' lang='lat' dir='ltr'><strong>est,</strong></span> <span class='ocrx_word' id='word_1_244' title='bbox 971 2036 1177 2105; x_wconf 88' lang='lat' dir='ltr'><strong>mente)</strong></span> <span class='ocrx_word' id='word_1_245' title='bbox 1213 2035 1443 2091; x_wconf 85' lang='lat' dir='ltr'><strong>habent.</strong></span> 
     </span>
    </p>
   </div>
   <div class='ocr_carea' id='block_1_37' title="bbox 2234 2035 3782 2113">
    <p class='ocr_par' dir='ltr' id='par_1_37' title="bbox 2234 2035 3782 2113">
     <span class='ocr_line' id='line_1_37' title="bbox 2234 2035 3782 2113; baseline -0.005 0"><span class='ocrx_word' id='word_1_246' title='bbox 2234 2044 2322 2113; x_wconf 74' lang='grc' dir='ltr'><strong>τῆς</strong></span> <span class='ocrx_word' id='word_1_247' title='bbox 2353 2041 2433 2113; x_wconf 78' lang='grc' dir='ltr'><strong>τῷ</strong></span> <span class='ocrx_word' id='word_1_248' title='bbox 2459 2040 2774 2113; x_wconf 78' lang='grc' dir='ltr'>ἡγεμονικῷ</span> <span class='ocrx_word' id='word_1_249' title='bbox 2801 2040 2901 2110; x_wconf 82' lang='grc' dir='ltr'><strong>τῆς</strong></span> <span class='ocrx_word' id='word_1_250' title='bbox 2926 2038 3108 2109; x_wconf 59' lang='grc' dir='ltr'><strong>ψυχῆς</strong></span> <span class='ocrx_word' id='word_1_251' title='bbox 3131 2038 3353 2108; x_wconf 75' lang='grc' dir='ltr'>ὑπομνη</span> <span class='ocrx_word' id='word_1_252' title='bbox 3364 2035 3782 2107; x_wconf 67' lang='grc' dir='ltr'><strong>μαωγραφοῠσης</strong></span> 
     </span>
    </p>
   </div>
   <div class='ocr_carea' id='block_1_38' title="bbox 2225 2126 3779 2203">
    <p class='ocr_par' dir='ltr' id='par_1_38' title="bbox 2225 2126 3779 2203">
     <span class='ocr_line' id='line_1_38' title="bbox 2225 2126 3779 2203; baseline -0.006 -15"><span class='ocrx_word' id='word_1_253' title='bbox 2225 2150 2286 2187; x_wconf 83' lang='grc' dir='ltr'><strong>τε</strong></span> <span class='ocrx_word' id='word_1_254' title='bbox 2334 2134 2431 2187; x_wconf 66' lang='grc' dir='ltr'><strong>καλ⁵</strong></span> <span class='ocrx_word' id='word_1_255' title='bbox 2462 2132 2799 2202; x_wconf 81' lang='grc' dir='ltr'>ὲντυπούσης</span> <span class='ocrx_word' id='word_1_256' title='bbox 2835 2130 2898 2182; x_wconf 72' lang='grc' dir='ltr'>τὸ</span> <span class='ocrx_word' id='word_1_257' title='bbox 2925 2131 3207 2203; x_wconf 80' lang='grc' dir='ltr'>ἀκήρατον</span> <span class='ocrx_word' id='word_1_258' title='bbox 3259 2128 3490 2192; x_wconf 85' lang='grc' dir='ltr'>κάλλος,</span> <span class='ocrx_word' id='word_1_259' title='bbox 3540 2127 3633 2197; x_wconf 85' lang='grc' dir='ltr'><strong>τῆς</strong></span> <span class='ocrx_word' id='word_1_260' title='bbox 3658 2126 3779 2189; x_wconf 82' lang='grc' dir='ltr'>θείας</span> 
     </span>
    </p>
   </div>
   <div class='ocr_carea' id='block_1_39' title="bbox 2225 2221 2829 2293">
    <p class='ocr_par' dir='ltr' id='par_1_39' title="bbox 2225 2221 2829 2293">
     <span class='ocr_line' id='line_1_39' title="bbox 2225 2221 2829 2293; baseline -0.007 -14"><span class='ocrx_word' id='word_1_261' title='bbox 2225 2224 2448 2293; x_wconf 80' lang='grc' dir='ltr'>ἀγάπης</span> <span class='ocrx_word' id='word_1_262' title='bbox 2493 2222 2588 2293; x_wconf 82' lang='grc' dir='ltr'>τὴν</span> <span class='ocrx_word' id='word_1_263' title='bbox 2620 2221 2829 2287; x_wconf 73' lang='grc' dir='ltr'>ἔφεσιν.</span> 
     </span>
    </p>
   </div>
   <div class='ocr_carea' id='block_1_40' title="bbox 607 2305 2132 2384">
    <p class='ocr_par' dir='ltr' id='par_1_40' title="bbox 607 2305 2124 2375">
     <span class='ocr_line' id='line_1_40' title="bbox 607 2305 2124 2375; baseline 0.002 -13"><span class='ocrx_word' id='word_1_264' title='bbox 607 2306 694 2362; x_wconf 75' lang='lat'><strong>73.</strong></span> <span class='ocrx_word' id='word_1_265' title='bbox 744 2307 899 2361; x_wconf 82' lang='lat' dir='ltr'><strong>Mens</strong></span> <span class='ocrx_word' id='word_1_266' title='bbox 940 2308 1125 2362; x_wconf 89' lang='lat' dir='ltr'><strong>omnis</strong></span> <span class='ocrx_word' id='word_1_267' title='bbox 1159 2305 1349 2361; x_wconf 89' lang='lat' dir='ltr'><strong>divino</strong></span> <span class='ocrx_word' id='word_1_268' title='bbox 1394 2306 1644 2362; x_wconf 88' lang='lat' dir='ltr'><strong>accincta</strong></span> <span class='ocrx_word' id='word_1_269' title='bbox 1686 2308 1911 2375; x_wconf 88' lang='lat' dir='ltr'><strong>robore,</strong></span> <span class='ocrx_word' id='word_1_270' title='bbox 1949 2310 2124 2365; x_wconf 87' lang='lat' dir='ltr'><strong>veluti</strong></span> 
     </span>
    </p>
   </div>
   <div class='ocr_carea' id='block_1_41' title="bbox 2234 2305 3780 2384">
    <p class='ocr_par' dir='ltr' id='par_1_41' title="bbox 2295 2306 3780 2384">
     <span class='ocr_line' id='line_1_41' title="bbox 2295 2306 3780 2384; baseline -0.008 -14"><span class='ocrx_word' id='word_1_271' title='bbox 2295 2321 2398 2384; x_wconf 86' lang='grc' dir='ltr'>ογ’.</span> <span class='ocrx_word' id='word_1_272' title='bbox 2434 2315 2548 2378; x_wconf 79' lang='grc' dir='ltr'>Πᾶς</span> <span class='ocrx_word' id='word_1_273' title='bbox 2577 2312 2701 2377; x_wconf 83' lang='grc' dir='ltr'>νοῦς</span> <span class='ocrx_word' id='word_1_274' title='bbox 2732 2312 2863 2383; x_wconf 87' lang='grc' dir='ltr'>θείῳ</span> <span class='ocrx_word' id='word_1_275' title='bbox 2914 2310 3110 2382; x_wconf 81' lang='grc' dir='ltr'>κράτει</span> <span class='ocrx_word' id='word_1_276' title='bbox 3140 2307 3532 2377; x_wconf 75' lang='grc' dir='ltr'>διεζωσμένος,</span> <span class='ocrx_word' id='word_1_277' title='bbox 3564 2306 3780 2374; x_wconf 82' lang='grc' dir='ltr'>καθάπερ</span> 
     </span>
    </p>
   </div>
   <div class='ocr_carea' id='block_1_42' title="bbox 540 2398 2132 2478">
    <p class='ocr_par' dir='ltr' id='par_1_42' title="bbox 540 2398 2127 2469">
     <span class='ocr_line' id='line_1_42' title="bbox 540 2398 2127 2469; baseline 0.003 -15"><span class='ocrx_word' id='word_1_278' title='bbox 540 2399 792 2454; x_wconf 81' lang='lat' dir='ltr'><strong>seniores</strong></span> <span class='ocrx_word' id='word_1_279' title='bbox 844 2398 1112 2469; x_wconf 89' lang='lat' dir='ltr'><strong>quosdam</strong></span> <span class='ocrx_word' id='word_1_280' title='bbox 1159 2414 1224 2453; x_wconf 87' lang='lat' dir='ltr'><strong>ac</strong></span> <span class='ocrx_word' id='word_1_281' title='bbox 1279 2398 1480 2464; x_wconf 89' lang='lat' dir='ltr'><strong>duces,</strong></span> <span class='ocrx_word' id='word_1_282' title='bbox 1527 2408 1642 2454; x_wconf 91' lang='lat' dir='ltr'><strong>tum</strong></span> <span class='ocrx_word' id='word_1_283' title='bbox 1688 2400 1922 2457; x_wconf 89' lang='lat' dir='ltr'><strong>rationis</strong></span> <span class='ocrx_word' id='word_1_284' title='bbox 1960 2402 2127 2458; x_wconf 78' lang='lat' dir='ltr'><strong>habet</strong></span> 
     </span>
    </p>
   </div>
   <div class='ocr_carea' id='block_1_43' title="bbox 2234 2398 3780 2478">
    <p class='ocr_par' dir='ltr' id='par_1_43' title="bbox 2234 2398 3780 2478">
     <span class='ocr_line' id='line_1_43' title="bbox 2234 2398 3780 2478; baseline -0.01 -15"><span class='ocrx_word' id='word_1_285' title='bbox 2234 2406 2636 2478; x_wconf 75' lang='grc' dir='ltr'>πρεσϐυτέρους</span> <span class='ocrx_word' id='word_1_286' title='bbox 2666 2407 2822 2468; x_wconf 84' lang='grc' dir='ltr'>τινὰς</span> <span class='ocrx_word' id='word_1_287' title='bbox 2855 2405 2947 2457; x_wconf 73' lang='grc' dir='ltr'><strong>καὶ</strong></span> <span class='ocrx_word' id='word_1_288' title='bbox 2987 2403 3260 2473; x_wconf 74' lang='grc' dir='ltr'>ἄρχοντας</span> <span class='ocrx_word' id='word_1_289' title='bbox 3309 2400 3588 2469; x_wconf 80' lang='grc' dir='ltr'>κέκτηται.</span> <span class='ocrx_word' id='word_1_290' title='bbox 3624 2398 3711 2468; x_wconf 84' lang='grc' dir='ltr'>τήν</span> <span class='ocrx_word' id='word_1_291' title='bbox 3735 2411 3780 2449; x_wconf 83' lang='grc' dir='ltr'><strong>τε</strong></span> 
     </span>
    </p>
   </div>
   <div class='ocr_carea' id='block_1_44' title="bbox 542 2485 2132 2571">
    <p class='ocr_par' dir='ltr' id='par_1_44' title="bbox 542 2489 2123 2564">
     <span class='ocr_line' id='line_1_44' title="bbox 542 2489 2123 2564; baseline 0.003 -19"><span class='ocrx_word' id='word_1_292' title='bbox 542 2491 862 2546; x_wconf 89' lang='lat' dir='ltr'><strong>facultatem</strong></span> <span class='ocrx_word' id='word_1_293' title='bbox 901 2491 989 2557; x_wconf 78' lang='lat' dir='ltr'><strong>(ex</strong></span> <span class='ocrx_word' id='word_1_294' title='bbox 1036 2506 1143 2559; x_wconf 87' lang='lat' dir='ltr'><strong>qua</strong></span> <span class='ocrx_word' id='word_1_295' title='bbox 1191 2489 1328 2545; x_wconf 88' lang='lat' dir='ltr'><strong>fides</strong></span> <span class='ocrx_word' id='word_1_296' title='bbox 1384 2494 1500 2560; x_wconf 78' lang='lat' dir='ltr'><strong>ipsa</strong></span> <span class='ocrx_word' id='word_1_297' title='bbox 1550 2491 1712 2547; x_wconf 88' lang='lat' dir='ltr'><strong>docta</strong></span> <span class='ocrx_word' id='word_1_298' title='bbox 1764 2492 2123 2564; x_wconf 83' lang='lat' dir='ltr'><strong>sapiensque,</strong></span> 
     </span>
    </p>
   </div>
   <div class='ocr_carea' id='block_1_45' title="bbox 2234 2485 3780 2571">
    <p class='ocr_par' dir='ltr' id='par_1_45' title="bbox 2234 2485 3780 2571">
     <span class='ocr_line' id='line_1_45' title="bbox 2234 2485 3780 2571; baseline -0.01 -17"><span class='ocrx_word' id='word_1_299' title='bbox 2234 2500 2457 2571; x_wconf 82' lang='grc' dir='ltr'>λογικὴν</span> <span class='ocrx_word' id='word_1_300' title='bbox 2491 2498 2741 2569; x_wconf 86' lang='grc' dir='ltr'>δύναμιν,</span> <span class='ocrx_word' id='word_1_301' title='bbox 2778 2497 2837 2563; x_wconf 75' lang='grc' dir='ltr'>ἐξ</span> <span class='ocrx_word' id='word_1_302' title='bbox 2884 2490 2953 2567; x_wconf 79' lang='grc' dir='ltr'>ἧς</span> <span class='ocrx_word' id='word_1_303' title='bbox 2979 2496 3013 2566; x_wconf 88' lang='grc' dir='ltr'><strong>ή</strong></span> <span class='ocrx_word' id='word_1_304' title='bbox 3051 2493 3335 2563; x_wconf 83' lang='grc' dir='ltr'>γνωστικὴ</span> <span class='ocrx_word' id='word_1_305' title='bbox 3392 2489 3671 2560; x_wconf 82' lang='grc' dir='ltr'>γεννᾶσθαι</span> <span class='ocrx_word' id='word_1_306' title='bbox 3704 2485 3780 2539; x_wconf 77' lang='grc' dir='ltr'><strong>πέ-</strong></span> 
     </span>
    </p>
   </div>
   <div class='ocr_carea' id='block_1_46' title="bbox 543 2577 2132 2661">
    <p class='ocr_par' dir='ltr' id='par_1_46' title="bbox 543 2583 2130 2654">
     <span class='ocr_line' id='line_1_46' title="bbox 543 2583 2130 2654; baseline 0.001 -19"><span class='ocrx_word' id='word_1_307' title='bbox 543 2600 652 2654; x_wconf 91' lang='lat' dir='ltr'><strong>qua</strong></span> <span class='ocrx_word' id='word_1_308' title='bbox 685 2599 905 2653; x_wconf 87' lang='lat' dir='ltr'><strong>semper</strong></span> <span class='ocrx_word' id='word_1_309' title='bbox 941 2584 1113 2638; x_wconf 89' lang='lat' dir='ltr'><strong>Deum</strong></span> <span class='ocrx_word' id='word_1_310' title='bbox 1160 2599 1361 2639; x_wconf 88' lang='lat' dir='ltr'><strong>arcana</strong></span> <span class='ocrx_word' id='word_1_311' title='bbox 1403 2583 1615 2638; x_wconf 88' lang='lat' dir='ltr'><strong>ratione</strong></span> <span class='ocrx_word' id='word_1_312' title='bbox 1656 2594 1981 2654; x_wconf 70' lang='lat' dir='ltr'><strong>prresentcm</strong></span> <span class='ocrx_word' id='word_1_313' title='bbox 2030 2583 2130 2637; x_wconf 87' lang='lat' dir='ltr'><strong>do-</strong></span> 
     </span>
    </p>
   </div>
   <div class='ocr_carea' id='block_1_47' title="bbox 2234 2577 3782 2661">
    <p class='ocr_par' dir='ltr' id='par_1_47' title="bbox 2234 2577 3782 2661">
     <span class='ocr_line' id='line_1_47' title="bbox 2234 2577 3782 2661; baseline -0.013 -15"><span class='ocrx_word' id='word_1_314' title='bbox 2234 2610 2369 2661; x_wconf 84' lang='grc' dir='ltr'>φυκε</span> <span class='ocrx_word' id='word_1_315' title='bbox 2404 2591 2610 2653; x_wconf 78' lang='grc' dir='ltr'>πίστις,</span> <span class='ocrx_word' id='word_1_316' title='bbox 2642 2588 2764 2642; x_wconf 86' lang='grc' dir='ltr'>καθ’</span> <span class='ocrx_word' id='word_1_317' title='bbox 2784 2587 2853 2659; x_wconf 76' lang='grc' dir='ltr'>ἣν</span> <span class='ocrx_word' id='word_1_318' title='bbox 2880 2586 2969 2640; x_wconf 71' lang='grc' dir='ltr'>ἀεὶ</span> <span class='ocrx_word' id='word_1_319' title='bbox 3001 2583 3253 2655; x_wconf 80' lang='grc' dir='ltr'>παρόντα</span> <span class='ocrx_word' id='word_1_320' title='bbox 3284 2582 3376 2636; x_wconf 75' lang='grc' dir='ltr'><strong>τὸν</strong></span> <span class='ocrx_word' id='word_1_321' title='bbox 3400 2581 3531 2635; x_wconf 70' lang='grc' dir='ltr'>Θεὸν</span> <span class='ocrx_word' id='word_1_322' title='bbox 3565 2577 3782 2650; x_wconf 70' lang='grc' dir='ltr'>ἀρρήτως</span> 
     </span>
    </p>
   </div>
   <div class='ocr_carea' id='block_1_48' title="bbox 542 2665 2132 2752">
    <p class='ocr_par' dir='ltr' id='par_1_48' title="bbox 542 2675 2124 2748">
     <span class='ocr_line' id='line_1_48' title="bbox 542 2675 2124 2748; baseline -0.003 -17"><span class='ocrx_word' id='word_1_323' title='bbox 542 2687 722 2741; x_wconf 87' lang='lat' dir='ltr'><strong>cetur,</strong></span> <span class='ocrx_word' id='word_1_324' title='bbox 766 2677 994 2748; x_wconf 86' lang='lat' dir='ltr'><strong>speique</strong></span> <span class='ocrx_word' id='word_1_325' title='bbox 1043 2692 1275 2731; x_wconf 89' lang='lat' dir='ltr'><strong>munere</strong></span> <span class='ocrx_word' id='word_1_326' title='bbox 1321 2676 1403 2731; x_wconf 89' lang='lat' dir='ltr'><strong>sic</strong></span> <span class='ocrx_word' id='word_1_327' title='bbox 1436 2692 1562 2731; x_wconf 90' lang='lat' dir='ltr'><strong>cum</strong></span> <span class='ocrx_word' id='word_1_328' title='bbox 1608 2675 1812 2731; x_wconf 86' lang='lat' dir='ltr'><strong>futuris</strong></span> <span class='ocrx_word' id='word_1_329' title='bbox 1848 2687 2124 2741; x_wconf 85' lang='lat' dir='ltr'><strong>versatur,</strong></span> 
     </span>
    </p>
   </div>
   <div class='ocr_carea' id='block_1_49' title="bbox 2234 2665 3784 2752">
    <p class='ocr_par' dir='ltr' id='par_1_49' title="bbox 2234 2665 3784 2752">
     <span class='ocr_line' id='line_1_49' title="bbox 2234 2665 3784 2752; baseline -0.014 -12"><span class='ocrx_word' id='word_1_330' title='bbox 2234 2686 2570 2746; x_wconf 83' lang='grc' dir='ltr'>διδάσκεται,</span> <span class='ocrx_word' id='word_1_331' title='bbox 2618 2685 2714 2736; x_wconf 74' lang='grc' dir='ltr'>καὶ</span> <span class='ocrx_word' id='word_1_332' title='bbox 2758 2681 2834 2744; x_wconf 85' lang='grc' dir='ltr'>ὡς</span> <span class='ocrx_word' id='word_1_333' title='bbox 2869 2678 3109 2752; x_wconf 83' lang='grc' dir='ltr'>παροῦσι</span> <span class='ocrx_word' id='word_1_334' title='bbox 3146 2676 3468 2746; x_wconf 83' lang='grc' dir='ltr'>συγγίνεται</span> <span class='ocrx_word' id='word_1_335' title='bbox 3491 2672 3575 2726; x_wconf 82' lang='grc' dir='ltr'><strong>διὰ</strong></span> <span class='ocrx_word' id='word_1_336' title='bbox 3606 2671 3693 2739; x_wconf 78' lang='grc' dir='ltr'><strong>τῆς</strong></span> <span class='ocrx_word' id='word_1_337' title='bbox 3715 2665 3784 2719; x_wconf 76' lang='grc' dir='ltr'><strong>ἐλ-</strong></span> 
     </span>
    </p>
   </div>
   <div class='ocr_carea' id='block_1_50' title="bbox 541 2760 2132 2845">
    <p class='ocr_par' dir='ltr' id='par_1_50' title="bbox 541 2766 2128 2840">
     <span class='ocr_line' id='line_1_50' title="bbox 541 2766 2128 2840; baseline -0.002 -17"><span class='ocrx_word' id='word_1_338' title='bbox 541 2784 606 2823; x_wconf 87' lang='lat' dir='ltr'><strong>ac</strong></span> <span class='ocrx_word' id='word_1_339' title='bbox 642 2768 686 2823; x_wconf 92' lang='lat' dir='ltr'><strong>si</strong></span> <span class='ocrx_word' id='word_1_340' title='bbox 715 2770 825 2840; x_wconf 87' lang='lat' dir='ltr'><strong>jam</strong></span> <span class='ocrx_word' id='word_1_341' title='bbox 858 2779 1059 2838; x_wconf 65' lang='lat' dir='ltr'><strong>praesto</strong></span> <span class='ocrx_word' id='word_1_342' title='bbox 1089 2767 1323 2839; x_wconf 88' lang='lat' dir='ltr'><strong>essent),</strong></span> <span class='ocrx_word' id='word_1_343' title='bbox 1371 2776 1486 2823; x_wconf 90' lang='lat' dir='ltr'><strong>tum</strong></span> <span class='ocrx_word' id='word_1_344' title='bbox 1522 2766 1840 2839; x_wconf 81' lang='lat' dir='ltr'><strong>cupiditatis</strong></span> <span class='ocrx_word' id='word_1_345' title='bbox 1887 2766 2014 2839; x_wconf 88' lang='lat' dir='ltr'><strong>(qua</strong></span> <span class='ocrx_word' id='word_1_346' title='bbox 2040 2766 2128 2820; x_wconf 88' lang='lat' dir='ltr'><strong>di-</strong></span> 
     </span>
    </p>
   </div>
   <div class='ocr_carea' id='block_1_51' title="bbox 2234 2760 3879 2845">
    <p class='ocr_par' dir='ltr' id='par_1_51' title="bbox 2234 2760 3879 2845">
     <span class='ocr_line' id='line_1_51' title="bbox 2234 2760 3879 2845; baseline -0.012 -15"><span class='ocrx_word' id='word_1_347' title='bbox 2234 2778 2384 2840; x_wconf 78' lang='grc' dir='ltr'>πίδος</span> <span class='ocrx_word' id='word_1_348' title='bbox 2412 2778 2527 2838; x_wconf 89' lang='grc' dir='ltr'>τοῖς</span> <span class='ocrx_word' id='word_1_349' title='bbox 2576 2773 2866 2845; x_wconf 84' lang='grc' dir='ltr'>μέλλουσι·</span> <span class='ocrx_word' id='word_1_350' title='bbox 2900 2771 2997 2825; x_wconf 76' lang='grc' dir='ltr'>καὶ</span> <span class='ocrx_word' id='word_1_351' title='bbox 3044 2769 3147 2841; x_wconf 81' lang='grc' dir='ltr'>τὴν</span> <span class='ocrx_word' id='word_1_352' title='bbox 3201 2763 3609 2836; x_wconf 74' lang='grc' dir='ltr'>ἐπιθυμητικὴν</span> <span class='ocrx_word' id='word_1_353' title='bbox 3649 2760 3784 2817; x_wconf 72' lang='grc' dir='ltr'>δύναο</span> <span class='ocrx_word' id='word_1_354' title='bbox 3860 2798 3879 2825; x_wconf 85' lang='grc'><strong>,</strong></span> 
     </span>
    </p>
   </div>
   <div class='ocr_carea' id='block_1_52' title="bbox 545 2852 2132 2939">
    <p class='ocr_par' dir='ltr' id='par_1_52' title="bbox 545 2858 2131 2939">
     <span class='ocr_line' id='line_1_52' title="bbox 545 2858 2131 2939; baseline -0.001 -27"><span class='ocrx_word' id='word_1_355' title='bbox 545 2860 670 2914; x_wconf 87' lang='lat' dir='ltr'><strong>vina</strong></span> <span class='ocrx_word' id='word_1_356' title='bbox 710 2859 967 2914; x_wconf 91' lang='lat' dir='ltr'><strong>consistit</strong></span> <span class='ocrx_word' id='word_1_357' title='bbox 1007 2858 1255 2924; x_wconf 87' lang='lat' dir='ltr'><strong>dilectio,</strong></span> <span class='ocrx_word' id='word_1_358' title='bbox 1283 2869 1502 2928; x_wconf 88' lang='lat' dir='ltr'><strong>quaque</strong></span> <span class='ocrx_word' id='word_1_359' title='bbox 1545 2866 1740 2929; x_wconf 89' lang='lat' dir='ltr'><strong>sponte</strong></span> <span class='ocrx_word' id='word_1_360' title='bbox 1790 2858 2131 2939; x_wconf 64' lang='lat' dir='ltr'><strong>intemeratae</strong></span> 
     </span>
    </p>
   </div>
   <div class='ocr_carea' id='block_1_53' title="bbox 2234 2852 3784 2939">
    <p class='ocr_par' dir='ltr' id='par_1_53' title="bbox 2234 2852 3784 2939">
     <span class='ocr_line' id='line_1_53' title="bbox 2234 2852 3784 2939; baseline -0.012 -17"><span class='ocrx_word' id='word_1_361' title='bbox 2234 2885 2348 2939; x_wconf 87' lang='grc' dir='ltr'>μιν,</span> <span class='ocrx_word' id='word_1_362' title='bbox 2409 2865 2535 2921; x_wconf 81' lang='grc' dir='ltr'>καθ’</span> <span class='ocrx_word' id='word_1_363' title='bbox 2591 2865 2660 2937; x_wconf 82' lang='grc' dir='ltr'><strong>ῆν</strong></span> <span class='ocrx_word' id='word_1_364' title='bbox 2711 2865 2746 2935; x_wconf 83' lang='grc' dir='ltr'>ἡ</span> <span class='ocrx_word' id='word_1_365' title='bbox 2797 2861 2921 2915; x_wconf 86' lang='grc' dir='ltr'>θεία</span> <span class='ocrx_word' id='word_1_366' title='bbox 2972 2861 3315 2930; x_wconf 76' lang='grc' dir='ltr'>συνέστηκεν</span> <span class='ocrx_word' id='word_1_367' title='bbox 3360 2858 3587 2926; x_wconf 83' lang='grc' dir='ltr'>ἀγάπη,</span> <span class='ocrx_word' id='word_1_368' title='bbox 3631 2853 3689 2906; x_wconf 83' lang='grc' dir='ltr'>δι’</span> <span class='ocrx_word' id='word_1_369' title='bbox 3731 2852 3784 2920; x_wconf 75' lang='grc' dir='ltr'>ἢν</span> 
     </span>
    </p>
   </div>
   <div class='ocr_carea' id='block_1_54' title="bbox 469 2945 2132 3028">
    <p class='ocr_par' dir='ltr' id='par_1_54' title="bbox 469 2949 2128 3028">
     <span class='ocr_line' id='line_1_54' title="bbox 469 2949 2128 3028; baseline -0.002 -22"><span class='ocrx_word' id='word_1_370' title='bbox 469 3022 473 3028; x_wconf 29' lang='grc' dir='ltr'>ι</span> <span class='ocrx_word' id='word_1_371' title='bbox 544 2952 768 3008; x_wconf 88' lang='lat' dir='ltr'><strong>deitatis</strong></span> <span class='ocrx_word' id='word_1_372' title='bbox 798 2950 1076 3009; x_wconf 89' lang='lat' dir='ltr'><strong>desiderio</strong></span> <span class='ocrx_word' id='word_1_373' title='bbox 1120 2949 1358 3016; x_wconf 84' lang='lat' dir='ltr'><strong>affixam,</strong></span> <span class='ocrx_word' id='word_1_374' title='bbox 1402 2951 1772 3005; x_wconf 89' lang='lat' dir='ltr'><strong>immortalem</strong></span> <span class='ocrx_word' id='word_1_375' title='bbox 1829 2949 2128 3004; x_wconf 87' lang='lat' dir='ltr'><strong>desiderati</strong></span> 
     </span>
    </p>
   </div>
   <div class='ocr_carea' id='block_1_55' title="bbox 2234 2945 3787 3028">
    <p class='ocr_par' dir='ltr' id='par_1_55' title="bbox 2234 2945 3787 3026">
     <span class='ocr_line' id='line_1_55' title="bbox 2234 2945 3787 3026; baseline -0.01 -13"><span class='ocrx_word' id='word_1_376' title='bbox 2234 2959 2501 3021; x_wconf 81' lang='grc' dir='ltr'>ἑκουσίως</span> <span class='ocrx_word' id='word_1_377' title='bbox 2546 2955 2909 3026; x_wconf 81' lang='grc' dir='ltr'>προσηλώσας</span> <span class='ocrx_word' id='word_1_378' title='bbox 2941 2952 3021 3025; x_wconf 88' lang='grc' dir='ltr'>τῷ</span> <span class='ocrx_word' id='word_1_379' title='bbox 3059 2952 3221 3024; x_wconf 82' lang='grc' dir='ltr'>πόθῳ</span> <span class='ocrx_word' id='word_1_380' title='bbox 3264 2951 3371 3022; x_wconf 86' lang='grc' dir='ltr'><strong>τῆς</strong></span> <span class='ocrx_word' id='word_1_381' title='bbox 3395 2950 3662 3019; x_wconf 77' lang='grc' dir='ltr'>ἀκηράτου</span> <span class='ocrx_word' id='word_1_382' title='bbox 3689 2945 3787 2999; x_wconf 80' lang='grc' dir='ltr'>θεό-</span> 
     </span>
    </p>
   </div>
   <div class='ocr_carea' id='block_1_56' title="bbox 545 3035 2132 3118">
    <p class='ocr_par' dir='ltr' id='par_1_56' title="bbox 545 3042 2129 3114">
     <span class='ocr_line' id='line_1_56' title="bbox 545 3042 2129 3114; baseline -0.003 -16"><span class='ocrx_word' id='word_1_383' title='bbox 545 3054 711 3114; x_wconf 87' lang='lat' dir='ltr'><strong>atque</strong></span> <span class='ocrx_word' id='word_1_384' title='bbox 736 3045 900 3098; x_wconf 89' lang='lat' dir='ltr'><strong>amati</strong></span> <span class='ocrx_word' id='word_1_385' title='bbox 920 3043 1317 3113; x_wconf 86' lang='lat' dir='ltr'><strong>appetitionem</strong></span> <span class='ocrx_word' id='word_1_386' title='bbox 1366 3050 1530 3097; x_wconf 89' lang='lat' dir='ltr'><strong>nacta</strong></span> <span class='ocrx_word' id='word_1_387' title='bbox 1572 3042 1675 3109; x_wconf 89' lang='lat' dir='ltr'><strong>est)</strong></span> <span class='ocrx_word' id='word_1_388' title='bbox 1723 3042 1791 3096; x_wconf 89' lang='lat' dir='ltr'><strong>ad</strong></span> <span class='ocrx_word' id='word_1_389' title='bbox 1822 3042 1937 3097; x_wconf 83' lang='lat' dir='ltr'><strong>haec</strong></span> <span class='ocrx_word' id='word_1_390' title='bbox 1963 3043 2129 3098; x_wconf 90' lang='lat' dir='ltr'><strong>etiam</strong></span> 
     </span>
    </p>
   </div>
   <div class='ocr_carea' id='block_1_57' title="bbox 2234 3035 3787 3118">
    <p class='ocr_par' dir='ltr' id='par_1_57' title="bbox 2234 3035 3787 3118">
     <span class='ocr_line' id='line_1_57' title="bbox 2234 3035 3787 3118; baseline -0.01 -14"><span class='ocrx_word' id='word_1_391' title='bbox 2234 3065 2414 3118; x_wconf 85' lang='grc' dir='ltr'>τητος,</span> <span class='ocrx_word' id='word_1_392' title='bbox 2452 3047 2647 3103; x_wconf 80' lang='grc' dir='ltr'>ἀλυτον</span> <span class='ocrx_word' id='word_1_393' title='bbox 2684 3045 2800 3116; x_wconf 85' lang='grc' dir='ltr'>ἔχει</span> <span class='ocrx_word' id='word_1_394' title='bbox 2839 3042 2936 3098; x_wconf 84' lang='grc' dir='ltr'><strong>τοῦ</strong></span> <span class='ocrx_word' id='word_1_395' title='bbox 2976 3042 3321 3114; x_wconf 74' lang='grc' dir='ltr'>ποθουμένου</span> <span class='ocrx_word' id='word_1_396' title='bbox 3368 3043 3469 3112; x_wconf 85' lang='grc' dir='ltr'>τὴν</span> <span class='ocrx_word' id='word_1_397' title='bbox 3497 3040 3687 3107; x_wconf 75' lang='grc' dir='ltr'>ἐφεσιψ</span> <span class='ocrx_word' id='word_1_398' title='bbox 3720 3035 3787 3089; x_wconf 74' lang='grc' dir='ltr'>ἐτι</span> 
     </span>
    </p>
   </div>
   <div class='ocr_carea' id='block_1_58' title="bbox 549 3125 2132 3214">
    <p class='ocr_par' dir='ltr' id='par_1_58' title="bbox 549 3132 2128 3203">
     <span class='ocr_line' id='line_1_58' title="bbox 549 3132 2128 3203; baseline -0.002 -15"><span class='ocrx_word' id='word_1_399' title='bbox 549 3134 645 3189; x_wconf 77' lang='lat' dir='ltr'><strong>irae</strong></span> <span class='ocrx_word' id='word_1_400' title='bbox 671 3134 1014 3198; x_wconf 88' lang='lat' dir='ltr'><strong>facultatem,</strong></span> <span class='ocrx_word' id='word_1_401' title='bbox 1040 3149 1149 3203; x_wconf 89' lang='lat' dir='ltr'><strong>qua</strong></span> <span class='ocrx_word' id='word_1_402' title='bbox 1186 3132 1430 3187; x_wconf 77' lang='lat' dir='ltr'><strong>divinam</strong></span> <span class='ocrx_word' id='word_1_403' title='bbox 1463 3132 1746 3187; x_wconf 86' lang='lat' dir='ltr'><strong>mordicus</strong></span> <span class='ocrx_word' id='word_1_404' title='bbox 1785 3148 1975 3202; x_wconf 88' lang='lat' dir='ltr'><strong>pacem</strong></span> <span class='ocrx_word' id='word_1_405' title='bbox 2011 3148 2128 3186; x_wconf 87' lang='lat' dir='ltr'><strong>am-</strong></span> 
     </span>
    </p>
   </div>
   <div class='ocr_carea' id='block_1_59' title="bbox 2234 3125 3787 3214">
    <p class='ocr_par' dir='ltr' id='par_1_59' title="bbox 2238 3125 3787 3209">
     <span class='ocr_line' id='line_1_59' title="bbox 2238 3125 3787 3209; baseline -0.007 -18"><span class='ocrx_word' id='word_1_406' title='bbox 2238 3138 2345 3209; x_wconf 82' lang='grc' dir='ltr'>μὴν</span> <span class='ocrx_word' id='word_1_407' title='bbox 2375 3137 2471 3191; x_wconf 71' lang='grc' dir='ltr'><strong>καὶ</strong></span> <span class='ocrx_word' id='word_1_408' title='bbox 2495 3136 2594 3206; x_wconf 82' lang='grc' dir='ltr'>τὴν</span> <span class='ocrx_word' id='word_1_409' title='bbox 2625 3133 2864 3206; x_wconf 80' lang='grc' dir='ltr'>θυμικὴν</span> <span class='ocrx_word' id='word_1_410' title='bbox 2908 3132 3175 3201; x_wconf 83' lang='grc' dir='ltr'>δύναμιν,</span> <span class='ocrx_word' id='word_1_411' title='bbox 3224 3131 3355 3185; x_wconf 75' lang='grc' dir='ltr'>καθ’</span> <span class='ocrx_word' id='word_1_412' title='bbox 3402 3132 3469 3201; x_wconf 74' lang='grc' dir='ltr'>ἣν</span> <span class='ocrx_word' id='word_1_413' title='bbox 3514 3126 3672 3199; x_wconf 79' lang='grc' dir='ltr'>ἀπρὶξ</span> <span class='ocrx_word' id='word_1_414' title='bbox 3707 3125 3787 3194; x_wconf 84' lang='grc' dir='ltr'><strong>τῆς</strong></span> 
     </span>
    </p>
   </div>
   <div class='ocr_carea' id='block_1_60' title="bbox 550 3225 2129 3300">
    <p class='ocr_par' dir='ltr' id='par_1_60' title="bbox 550 3225 2129 3300">
     <span class='ocr_line' id='line_1_60' title="bbox 550 3225 2129 3300; baseline -0.001 -18"><span class='ocrx_word' id='word_1_415' title='bbox 550 3228 834 3300; x_wconf 85' lang='lat' dir='ltr'><strong>plectitur,</strong></span> <span class='ocrx_word' id='word_1_416' title='bbox 871 3228 1183 3299; x_wconf 77' lang='lat' dir='ltr'><strong>astringens</strong></span> <span class='ocrx_word' id='word_1_417' title='bbox 1230 3227 1285 3280; x_wconf 91' lang='lat' dir='ltr'><strong>in</strong></span> <span class='ocrx_word' id='word_1_418' title='bbox 1331 3227 1582 3280; x_wconf 84' lang='lat' dir='ltr'><strong>divinum</strong></span> <span class='ocrx_word' id='word_1_419' title='bbox 1630 3241 1873 3279; x_wconf 86' lang='lat' dir='ltr'><strong>amorem</strong></span> <span class='ocrx_word' id='word_1_420' title='bbox 1912 3225 2129 3296; x_wconf 87' lang='lat' dir='ltr'><strong>cupidi-</strong></span> 
     </span>
    </p>
   </div>
   <div class='ocr_carea' id='block_1_61' title="bbox 552 3315 2133 3387">
    <p class='ocr_par' dir='ltr' id='par_1_61' title="bbox 552 3315 2133 3387">
     <span class='ocr_line' id='line_1_61' title="bbox 552 3315 2133 3387; baseline -0.001 -15"><span class='ocrx_word' id='word_1_421' title='bbox 552 3320 679 3374; x_wconf 87' lang='lat' dir='ltr'><strong>tatis</strong></span> <span class='ocrx_word' id='word_1_422' title='bbox 729 3326 963 3373; x_wconf 90' lang='lat' dir='ltr'><strong>motum.</strong></span> <span class='ocrx_word' id='word_1_423' title='bbox 1020 3318 1131 3372; x_wconf 81' lang='lat' dir='ltr'><strong>llas</strong></span> <span class='ocrx_word' id='word_1_424' title='bbox 1180 3331 1348 3387; x_wconf 87' lang='lat' dir='ltr'><strong>porro</strong></span> <span class='ocrx_word' id='word_1_425' title='bbox 1395 3318 1543 3371; x_wconf 86' lang='lat' dir='ltr'><strong>vires</strong></span> <span class='ocrx_word' id='word_1_426' title='bbox 1595 3332 1751 3371; x_wconf 90' lang='lat' dir='ltr'><strong>mens</strong></span> <span class='ocrx_word' id='word_1_427' title='bbox 1801 3319 2017 3381; x_wconf 86' lang='lat' dir='ltr'><strong>omnis,</strong></span> <span class='ocrx_word' id='word_1_428' title='bbox 2063 3315 2133 3370; x_wconf 91' lang='lat' dir='ltr'><strong>ad</strong></span> 
     </span>
    </p>
   </div>
   <div class='ocr_carea' id='block_1_62' title="bbox 549 3409 2136 3478">
    <p class='ocr_par' dir='ltr' id='par_1_62' title="bbox 549 3409 2136 3478">
     <span class='ocr_line' id='line_1_62' title="bbox 549 3409 2136 3478; baseline -0.003 -10"><span class='ocrx_word' id='word_1_429' title='bbox 549 3411 882 3468; x_wconf 82' lang='lat' dir='ltr'><strong>abolendum</strong></span> <span class='ocrx_word' id='word_1_430' title='bbox 908 3411 1105 3465; x_wconf 84' lang='lat' dir='ltr'><strong>vitium</strong></span> <span class='ocrx_word' id='word_1_431' title='bbox 1132 3409 1594 3478; x_wconf 88' lang='lat' dir='ltr'><strong>statuendamque</strong></span> <span class='ocrx_word' id='word_1_432' title='bbox 1616 3418 1671 3462; x_wconf 90' lang='lat' dir='ltr'><strong>et</strong></span> <span class='ocrx_word' id='word_1_433' title='bbox 1696 3410 2136 3464; x_wconf 85' lang='lat' dir='ltr'><strong>conservandam</strong></span> 
     </span>
    </p>
   </div>
   <div class='ocr_carea' id='block_1_63' title="bbox 550 3501 1693 3574">
    <p class='ocr_par' dir='ltr' id='par_1_63' title="bbox 550 3501 1693 3574">
     <span class='ocr_line' id='line_1_63' title="bbox 550 3501 1693 3574; baseline -0.005 -15"><span class='ocrx_word' id='word_1_434' title='bbox 550 3506 830 3567; x_wconf 81' lang='lat' dir='ltr'><strong>virtutem,</strong></span> <span class='ocrx_word' id='word_1_435' title='bbox 864 3518 1137 3574; x_wconf 88' lang='lat' dir='ltr'><strong>propense</strong></span> <span class='ocrx_word' id='word_1_436' title='bbox 1170 3501 1475 3572; x_wconf 76' lang='lat' dir='ltr'><strong>adjutriees</strong></span> <span class='ocrx_word' id='word_1_437' title='bbox 1507 3501 1693 3555; x_wconf 86' lang='lat' dir='ltr'><strong>habet.</strong></span> 
     </span>
    </p>
   </div>
   <div class='ocr_carea' id='block_1_64' title="bbox 619 3680 2140 3752">
    <p class='ocr_par' dir='ltr' id='par_1_64' title="bbox 619 3680 2140 3752">
     <span class='ocr_line' id='line_1_64' title="bbox 619 3680 2140 3752; baseline -0.002 -14"><span class='ocrx_word' id='word_1_438' title='bbox 619 3684 708 3738; x_wconf 75' lang='grc'><strong>74.</strong></span> <span class='ocrx_word' id='word_1_439' title='bbox 746 3683 970 3752; x_wconf 73' lang='lat' dir='ltr'><strong>Absque</strong></span> <span class='ocrx_word' id='word_1_440' title='bbox 1018 3682 1071 3736; x_wconf 87' lang='lat' dir='ltr'><strong>vi</strong></span> <span class='ocrx_word' id='word_1_441' title='bbox 1121 3683 1374 3745; x_wconf 84' lang='lat' dir='ltr'><strong>rationis,</strong></span> <span class='ocrx_word' id='word_1_442' title='bbox 1422 3698 1532 3735; x_wconf 89' lang='lat' dir='ltr'><strong>non</strong></span> <span class='ocrx_word' id='word_1_443' title='bbox 1574 3689 1657 3735; x_wconf 86' lang='lat' dir='ltr'><strong>est</strong></span> <span class='ocrx_word' id='word_1_444' title='bbox 1705 3680 1936 3734; x_wconf 84' lang='lat' dir='ltr'><strong>scientia</strong></span> <span class='ocrx_word' id='word_1_445' title='bbox 1980 3699 1992 3733; x_wconf 88' lang='lat'>:</span> <span class='ocrx_word' id='word_1_446' title='bbox 2036 3695 2140 3735; x_wconf 91' lang='lat' dir='ltr'><strong>nec</strong></span> 
     </span>
    </p>
   </div>
   <div class='ocr_carea' id='block_1_65' title="bbox 547 3769 2137 3839">
    <p class='ocr_par' dir='ltr' id='par_1_65' title="bbox 547 3769 2137 3839">
     <span class='ocr_line' id='line_1_65' title="bbox 547 3769 2137 3839; baseline -0.005 -10"><span class='ocrx_word' id='word_1_447' title='bbox 547 3790 669 3830; x_wconf 77' lang='lat' dir='ltr'><strong>stne</strong></span> <span class='ocrx_word' id='word_1_448' title='bbox 694 3774 929 3829; x_wconf 87' lang='lat' dir='ltr'><strong>scientia</strong></span> <span class='ocrx_word' id='word_1_449' title='bbox 954 3771 1214 3827; x_wconf 88' lang='lat' dir='ltr'><strong>consistit</strong></span> <span class='ocrx_word' id='word_1_450' title='bbox 1246 3771 1404 3835; x_wconf 84' lang='lat' dir='ltr'><strong>fides,</strong></span> <span class='ocrx_word' id='word_1_451' title='bbox 1458 3785 1524 3825; x_wconf 81' lang='lat' dir='ltr'><strong>ex</strong></span> <span class='ocrx_word' id='word_1_452' title='bbox 1555 3786 1661 3839; x_wconf 88' lang='lat' dir='ltr'><strong>qua</strong></span> <span class='ocrx_word' id='word_1_453' title='bbox 1691 3786 1817 3839; x_wconf 90' lang='lat' dir='ltr'><strong>spes</strong></span> <span class='ocrx_word' id='word_1_454' title='bbox 1843 3769 2137 3839; x_wconf 88' lang='lat' dir='ltr'><strong>pulchrum</strong></span> 
     </span>
    </p>
   </div>
   <div class='ocr_carea' id='block_1_66' title="bbox 550 3860 2141 3939">
    <p class='ocr_par' dir='ltr' id='par_1_66' title="bbox 550 3860 2141 3939">
     <span class='ocr_line' id='line_1_66' title="bbox 550 3860 2141 3939; baseline -0.004 -18"><span class='ocrx_word' id='word_1_455' title='bbox 550 3881 783 3939; x_wconf 77' lang='lat' dir='ltr'><strong>germen</strong></span> <span class='ocrx_word' id='word_1_456' title='bbox 810 3864 1097 3935; x_wconf 88' lang='lat' dir='ltr'><strong>procedit;</strong></span> <span class='ocrx_word' id='word_1_457' title='bbox 1125 3877 1225 3932; x_wconf 89' lang='lat' dir='ltr'><strong>per</strong></span> <span class='ocrx_word' id='word_1_458' title='bbox 1246 3878 1411 3932; x_wconf 88' lang='lat' dir='ltr'><strong>quam</strong></span> <span class='ocrx_word' id='word_1_459' title='bbox 1443 3860 1643 3927; x_wconf 84' lang='lat' dir='ltr'><strong>fidelis,</strong></span> <span class='ocrx_word' id='word_1_460' title='bbox 1676 3861 1757 3916; x_wconf 93' lang='lat' dir='ltr'><strong>sic</strong></span> <span class='ocrx_word' id='word_1_461' title='bbox 1783 3877 1909 3915; x_wconf 90' lang='lat' dir='ltr'><strong>cum</strong></span> <span class='ocrx_word' id='word_1_462' title='bbox 1936 3860 2141 3915; x_wconf 86' lang='lat' dir='ltr'><strong>futuris</strong></span> 
     </span>
    </p>
   </div>
   <div class='ocr_carea' id='block_1_67' title="bbox 548 3953 2141 4029">
    <p class='ocr_par' dir='ltr' id='par_1_67' title="bbox 548 3953 2141 4029">
     <span class='ocr_line' id='line_1_67' title="bbox 548 3953 2141 4029; baseline -0.005 -15"><span class='ocrx_word' id='word_1_463' title='bbox 548 3955 929 4029; x_wconf 82' lang='lat' dir='ltr'><strong>congreditur,</strong></span> <span class='ocrx_word' id='word_1_464' title='bbox 970 3954 1129 4011; x_wconf 25' lang='lat' dir='ltr'><strong>ac’si</strong></span> <span class='ocrx_word' id='word_1_465' title='bbox 1183 3955 1481 4026; x_wconf 82' lang='lat' dir='ltr'><strong>praesentia</strong></span> <span class='ocrx_word' id='word_1_466' title='bbox 1529 3962 1736 4009; x_wconf 89' lang='lat' dir='ltr'><strong>essent.</strong></span> <span class='ocrx_word' id='word_1_467' title='bbox 1787 3954 1918 4009; x_wconf 87' lang='lat' dir='ltr'><strong>Sine</strong></span> <span class='ocrx_word' id='word_1_468' title='bbox 1970 3953 2141 4009; x_wconf 88' lang='lat' dir='ltr'><strong>etiam</strong></span> 
     </span>
    </p>
   </div>
   <div class='ocr_carea' id='block_1_68' title="bbox 548 4045 2138 4119">
    <p class='ocr_par' dir='ltr' id='par_1_68' title="bbox 548 4045 2138 4119">
     <span class='ocr_line' id='line_1_68' title="bbox 548 4045 2138 4119; baseline -0.003 -17"><span class='ocrx_word' id='word_1_469' title='bbox 548 4046 878 4119; x_wconf 89' lang='lat' dir='ltr'><strong>cupiditatis</strong></span> <span class='ocrx_word' id='word_1_470' title='bbox 910 4046 988 4111; x_wconf 88' lang='lat' dir='ltr'><strong>vi,</strong></span> <span class='ocrx_word' id='word_1_471' title='bbox 1016 4062 1128 4101; x_wconf 91' lang='lat' dir='ltr'><strong>non</strong></span> <span class='ocrx_word' id='word_1_472' title='bbox 1169 4046 1428 4102; x_wconf 90' lang='lat' dir='ltr'><strong>consistit</strong></span> <span class='ocrx_word' id='word_1_473' title='bbox 1467 4045 1807 4100; x_wconf 90' lang='lat' dir='ltr'><strong>desiderium</strong></span> <span class='ocrx_word' id='word_1_474' title='bbox 1836 4060 1933 4099; x_wconf 93' lang='lat' dir='ltr'><strong>seu</strong></span> <span class='ocrx_word' id='word_1_475' title='bbox 1963 4060 2138 4107; x_wconf 86' lang='lat' dir='ltr'><strong>amor,</strong></span> 
     </span>
    </p>
   </div>
   <div class='ocr_carea' id='block_1_69' title="bbox 548 4128 2142 4211">
    <p class='ocr_par' dir='ltr' id='par_1_69' title="bbox 548 4128 2142 4211">
     <span class='ocr_line' id='line_1_69' title="bbox 548 4128 2142 4211; baseline -0.002 -16"><span class='ocrx_word' id='word_1_476' title='bbox 548 4141 710 4211; x_wconf 85' lang='lat' dir='ltr'><strong>cujus</strong></span> <span class='ocrx_word' id='word_1_477' title='bbox 770 4139 1018 4194; x_wconf 90' lang='lat' dir='ltr'><strong>charitas</strong></span> <span class='ocrx_word' id='word_1_478' title='bbox 1055 4128 1126 4192; x_wconf 78' lang='lat' dir='ltr'><strong>et</strong></span> <span class='ocrx_word' id='word_1_479' title='bbox 1181 4136 1407 4193; x_wconf 81' lang='lat' dir='ltr'><strong>dilectio</strong></span> <span class='ocrx_word' id='word_1_480' title='bbox 1459 4136 1586 4191; x_wconf 83' lang='lat' dir='ltr'><strong>finis</strong></span> <span class='ocrx_word' id='word_1_481' title='bbox 1643 4136 1880 4191; x_wconf 77' lang='lat' dir='ltr'><strong>exsistit.</strong></span> <span class='ocrx_word' id='word_1_482' title='bbox 1940 4137 2142 4193; x_wconf 86' lang='lat' dir='ltr'><strong>Amare</strong></span> 
     </span>
    </p>
   </div>
   <div class='ocr_carea' id='block_1_70' title="bbox 547 4225 2143 4300">
    <p class='ocr_par' dir='ltr' id='par_1_70' title="bbox 547 4225 2143 4300">
     <span class='ocr_line' id='line_1_70' title="bbox 547 4225 2143 4300; baseline -0.004 -13"><span class='ocrx_word' id='word_1_483' title='bbox 547 4232 696 4287; x_wconf 89' lang='lat' dir='ltr'><strong>enim</strong></span> <span class='ocrx_word' id='word_1_484' title='bbox 728 4228 964 4300; x_wconf 86' lang='lat' dir='ltr'><strong>aliquid,</strong></span> <span class='ocrx_word' id='word_1_485' title='bbox 993 4227 1281 4298; x_wconf 88' lang='lat' dir='ltr'><strong>proprium</strong></span> <span class='ocrx_word' id='word_1_486' title='bbox 1306 4232 1393 4282; x_wconf 89' lang='lat' dir='ltr'><strong>est</strong></span> <span class='ocrx_word' id='word_1_487' title='bbox 1423 4226 1763 4296; x_wconf 86' lang='lat' dir='ltr'><strong>cupiditatis.</strong></span> <span class='ocrx_word' id='word_1_488' title='bbox 1793 4225 2015 4298; x_wconf 86' lang='lat' dir='ltr'><strong>Absque</strong></span> <span class='ocrx_word' id='word_1_489' title='bbox 2046 4227 2143 4282; x_wconf 69' lang='lat' dir='ltr'><strong>ira:</strong></span> 
     </span>
    </p>
   </div>
   <div class='ocr_carea' id='block_1_71' title="bbox 547 4315 2143 4388">
    <p class='ocr_par' dir='ltr' id='par_1_71' title="bbox 547 4315 2143 4388">
     <span class='ocr_line' id='line_1_71' title="bbox 547 4315 2143 4388; baseline -0.004 -11"><span class='ocrx_word' id='word_1_490' title='bbox 547 4323 684 4377; x_wconf 87' lang='lat' dir='ltr'><strong>item</strong></span> <span class='ocrx_word' id='word_1_491' title='bbox 716 4320 1003 4384; x_wconf 80' lang='lat' dir='ltr'><strong>facultate,</strong></span> <span class='ocrx_word' id='word_1_492' title='bbox 1035 4333 1159 4388; x_wconf 68' lang='lat' dir='ltr'><strong>qua:</strong></span> <span class='ocrx_word' id='word_1_493' title='bbox 1199 4317 1565 4388; x_wconf 88' lang='lat' dir='ltr'><strong>cupiditatem</strong></span> <span class='ocrx_word' id='word_1_494' title='bbox 1611 4315 1666 4370; x_wconf 91' lang='lat' dir='ltr'><strong>in</strong></span> <span class='ocrx_word' id='word_1_495' title='bbox 1704 4317 1825 4388; x_wconf 88' lang='lat' dir='ltr'><strong>ejus</strong></span> <span class='ocrx_word' id='word_1_496' title='bbox 1862 4315 2010 4388; x_wconf 91' lang='lat' dir='ltr'><strong>quod</strong></span> <span class='ocrx_word' id='word_1_497' title='bbox 2046 4316 2143 4371; x_wconf 87' lang='lat' dir='ltr'><strong>de-</strong></span> 
     </span>
    </p>
   </div>
   <div class='ocr_carea' id='block_1_72' title="bbox 548 4407 2137 4479">
    <p class='ocr_par' dir='ltr' id='par_1_72' title="bbox 548 4407 2137 4479">
     <span class='ocr_line' id='line_1_72' title="bbox 548 4407 2137 4479; baseline -0.004 -10"><span class='ocrx_word' id='word_1_498' title='bbox 548 4413 724 4469; x_wconf 90' lang='lat' dir='ltr'><strong>lectat</strong></span> <span class='ocrx_word' id='word_1_499' title='bbox 771 4409 979 4466; x_wconf 89' lang='lat' dir='ltr'><strong>unione</strong></span> <span class='ocrx_word' id='word_1_500' title='bbox 1014 4409 1264 4473; x_wconf 88' lang='lat' dir='ltr'><strong>roboret,</strong></span> <span class='ocrx_word' id='word_1_501' title='bbox 1287 4421 1395 4478; x_wconf 80' lang='lat' dir='ltr'><strong>pax</strong></span> <span class='ocrx_word' id='word_1_502' title='bbox 1436 4407 1742 4463; x_wconf 89' lang='lat' dir='ltr'><strong>consistere</strong></span> <span class='ocrx_word' id='word_1_503' title='bbox 1780 4423 1890 4463; x_wconf 89' lang='lat' dir='ltr'><strong>non</strong></span> <span class='ocrx_word' id='word_1_504' title='bbox 1920 4417 2137 4479; x_wconf 89' lang='lat' dir='ltr'><strong>potest;</strong></span> 
     </span>
    </p>
   </div>
   <div class='ocr_carea' id='block_1_73' title="bbox 2232 3217 3785 3300">
    <p class='ocr_par' dir='ltr' id='par_1_73' title="bbox 2232 3217 3785 3300">
     <span class='ocr_line' id='line_1_73' title="bbox 2232 3217 3785 3300; baseline -0.01 -18"><span class='ocrx_word' id='word_1_505' title='bbox 2232 3228 2382 3292; x_wconf 89' lang='grc' dir='ltr'>θείας</span> <span class='ocrx_word' id='word_1_506' title='bbox 2412 3228 2641 3300; x_wconf 80' lang='grc' dir='ltr'>εἰρήνης</span> <span class='ocrx_word' id='word_1_507' title='bbox 2680 3226 2994 3298; x_wconf 84' lang='grc' dir='ltr'>ἀντέχεται,</span> <span class='ocrx_word' id='word_1_508' title='bbox 3041 3223 3364 3293; x_wconf 78' lang='grc' dir='ltr'>ὲπιστύφων</span> <span class='ocrx_word' id='word_1_509' title='bbox 3394 3221 3531 3293; x_wconf 77' lang='grc' dir='ltr'>πρὸς</span> <span class='ocrx_word' id='word_1_510' title='bbox 3557 3219 3641 3273; x_wconf 84' lang='grc' dir='ltr'>τὸν</span> <span class='ocrx_word' id='word_1_511' title='bbox 3669 3217 3785 3270; x_wconf 81' lang='grc' dir='ltr'>θεῖον</span> 
     </span>
    </p>
   </div>
   <div class='ocr_carea' id='block_1_74' title="bbox 2233 3306 3787 3390">
    <p class='ocr_par' dir='ltr' id='par_1_74' title="bbox 2233 3306 3787 3390">
     <span class='ocr_line' id='line_1_74' title="bbox 2233 3306 3787 3390; baseline -0.012 -16"><span class='ocrx_word' id='word_1_512' title='bbox 2233 3321 2415 3390; x_wconf 74' lang='grc' dir='ltr'>ἔρωτα</span> <span class='ocrx_word' id='word_1_513' title='bbox 2459 3319 2558 3389; x_wconf 85' lang='grc' dir='ltr'><strong>τῆς</strong></span> <span class='ocrx_word' id='word_1_514' title='bbox 2597 3316 2898 3388; x_wconf 73' lang='grc' dir='ltr'>ἐπιθυμίας</span> <span class='ocrx_word' id='word_1_515' title='bbox 2941 3315 3040 3387; x_wconf 81' lang='grc' dir='ltr'>τὴν</span> <span class='ocrx_word' id='word_1_516' title='bbox 3076 3314 3319 3385; x_wconf 89' lang='grc' dir='ltr'>κίνησιν.</span> <span class='ocrx_word' id='word_1_517' title='bbox 3370 3311 3580 3373; x_wconf 84' lang='grc' dir='ltr'>Ταύτας</span> <span class='ocrx_word' id='word_1_518' title='bbox 3614 3307 3665 3360; x_wconf 83' lang='grc' dir='ltr'>δὲ</span> <span class='ocrx_word' id='word_1_519' title='bbox 3694 3306 3787 3376; x_wconf 81' lang='grc' dir='ltr'>ἔχει</span> 
     </span>
    </p>
   </div>
   <div class='ocr_carea' id='block_1_75' title="bbox 2233 3398 3786 3482">
    <p class='ocr_par' dir='ltr' id='par_1_75' title="bbox 2233 3398 3786 3482">
     <span class='ocr_line' id='line_1_75' title="bbox 2233 3398 3786 3482; baseline -0.008 -16"><span class='ocrx_word' id='word_1_520' title='bbox 2233 3413 2332 3475; x_wconf 68' lang='grc' dir='ltr'><strong>τὰς</strong></span> <span class='ocrx_word' id='word_1_521' title='bbox 2361 3411 2621 3482; x_wconf 89' lang='grc' dir='ltr'>δυνάμεις</span> <span class='ocrx_word' id='word_1_522' title='bbox 2667 3411 2777 3472; x_wconf 80' lang='grc' dir='ltr'><strong>πᾶς</strong></span> <span class='ocrx_word' id='word_1_523' title='bbox 2815 3407 2963 3470; x_wconf 89' lang='grc' dir='ltr'>νοῦς,</span> <span class='ocrx_word' id='word_1_524' title='bbox 3005 3405 3380 3477; x_wconf 86' lang='grc' dir='ltr'>συνεργούσας</span> <span class='ocrx_word' id='word_1_525' title='bbox 3425 3400 3569 3473; x_wconf 83' lang='grc' dir='ltr'>αὐτῷ</span> <span class='ocrx_word' id='word_1_526' title='bbox 3598 3398 3717 3471; x_wconf 83' lang='grc' dir='ltr'>πρός</span> <span class='ocrx_word' id='word_1_527' title='bbox 3738 3410 3786 3446; x_wconf 85' lang='grc' dir='ltr'><strong>τε</strong></span> 
     </span>
    </p>
   </div>
   <div class='ocr_carea' id='block_1_76' title="bbox 2234 3484 3789 3576">
    <p class='ocr_par' dir='ltr' id='par_1_76' title="bbox 2234 3484 3789 3576">
     <span class='ocr_line' id='line_1_76' title="bbox 2234 3484 3789 3576; baseline -0.014 -17"><span class='ocrx_word' id='word_1_528' title='bbox 2234 3507 2332 3576; x_wconf 84' lang='grc' dir='ltr'>τὴν</span> <span class='ocrx_word' id='word_1_529' title='bbox 2361 3505 2464 3574; x_wconf 87' lang='grc' dir='ltr'><strong>τῆς</strong></span> <span class='ocrx_word' id='word_1_530' title='bbox 2490 3504 2689 3566; x_wconf 84' lang='grc' dir='ltr'>κακίας</span> <span class='ocrx_word' id='word_1_531' title='bbox 2723 3500 3068 3572; x_wconf 86' lang='grc' dir='ltr'>καθαίρεσιν,</span> <span class='ocrx_word' id='word_1_532' title='bbox 3100 3498 3199 3552; x_wconf 75' lang='grc' dir='ltr'>καὶ</span> <span class='ocrx_word' id='word_1_533' title='bbox 3228 3497 3330 3568; x_wconf 84' lang='grc' dir='ltr'>τὴν</span> <span class='ocrx_word' id='word_1_534' title='bbox 3359 3495 3460 3565; x_wconf 90' lang='grc' dir='ltr'><strong>τῆς</strong></span> <span class='ocrx_word' id='word_1_535' title='bbox 3500 3490 3682 3564; x_wconf 82' lang='grc' dir='ltr'>ἀρετῆς</span> <span class='ocrx_word' id='word_1_536' title='bbox 3712 3484 3789 3539; x_wconf 73' lang='lat' dir='ltr'><strong>oti-</strong></span> 
     </span>
    </p>
   </div>
   <div class='ocr_carea' id='block_1_77' title="bbox 2238 3594 3045 3663">
    <p class='ocr_par' dir='ltr' id='par_1_77' title="bbox 2238 3594 3045 3663">
     <span class='ocr_line' id='line_1_77' title="bbox 2238 3594 3045 3663; baseline -0.011 -11"><span class='ocrx_word' id='word_1_537' title='bbox 2238 3597 2430 3653; x_wconf 79' lang='grc' dir='ltr'>στασίν</span> <span class='ocrx_word' id='word_1_538' title='bbox 2459 3613 2519 3650; x_wconf 82' lang='grc' dir='ltr'><strong>τε</strong></span> <span class='ocrx_word' id='word_1_539' title='bbox 2555 3596 2651 3649; x_wconf 74' lang='grc' dir='ltr'>καὶ</span> <span class='ocrx_word' id='word_1_540' title='bbox 2686 3594 3045 3663; x_wconf 83' lang='grc' dir='ltr'>συντήρησιν.</span> 
     </span>
    </p>
   </div>
   <div class='ocr_carea' id='block_1_78' title="bbox 2306 3671 3786 3759">
    <p class='ocr_par' dir='ltr' id='par_1_78' title="bbox 2306 3671 3786 3759">
     <span class='ocr_line' id='line_1_78' title="bbox 2306 3671 3786 3759; baseline -0.016 -14"><span class='ocrx_word' id='word_1_541' title='bbox 2306 3690 2399 3745; x_wconf 89' lang='grc' dir='ltr'>οδ’.</span> <span class='ocrx_word' id='word_1_542' title='bbox 2433 3690 2567 3759; x_wconf 80' lang='grc' dir='ltr'>Δίχα</span> <span class='ocrx_word' id='word_1_543' title='bbox 2599 3687 2826 3756; x_wconf 78' lang='grc' dir='ltr'>λογικῆς</span> <span class='ocrx_word' id='word_1_544' title='bbox 2850 3684 3158 3754; x_wconf 85' lang='grc' dir='ltr'>δυνάμεως,</span> <span class='ocrx_word' id='word_1_545' title='bbox 3183 3676 3586 3751; x_wconf 77' lang='grc' dir='ltr'>ὲπιστημονικὴ</span> <span class='ocrx_word' id='word_1_546' title='bbox 3619 3671 3786 3743; x_wconf 58' lang='grc' dir='ltr'>γνῶσις</span> 
     </span>
    </p>
   </div>
   <div class='ocr_carea' id='block_1_79' title="bbox 2236 3764 3780 3848">
    <p class='ocr_par' dir='ltr' id='par_1_79' title="bbox 2236 3764 3780 3848">
     <span class='ocr_line' id='line_1_79' title="bbox 2236 3764 3780 3848; baseline -0.017 -10"><span class='ocrx_word' id='word_1_547' title='bbox 2236 3786 2339 3839; x_wconf 82' lang='grc' dir='ltr'>οὐκ</span> <span class='ocrx_word' id='word_1_548' title='bbox 2363 3785 2498 3836; x_wconf 74' lang='grc' dir='ltr'>ἐστι’</span> <span class='ocrx_word' id='word_1_549' title='bbox 2530 3781 2628 3835; x_wconf 69' lang='grc' dir='ltr'>καὶ</span> <span class='ocrx_word' id='word_1_550' title='bbox 2667 3777 2924 3848; x_wconf 80' lang='grc' dir='ltr'>γνώσεως</span> <span class='ocrx_word' id='word_1_551' title='bbox 2960 3776 3152 3847; x_wconf 72' lang='grc' dir='ltr'>χωρὶς.</span> <span class='ocrx_word' id='word_1_552' title='bbox 3183 3774 3245 3829; x_wconf 82' lang='grc' dir='ltr'>οὗ</span> <span class='ocrx_word' id='word_1_553' title='bbox 3279 3771 3588 3827; x_wconf 82' lang='grc' dir='ltr'>συνίσταται</span> <span class='ocrx_word' id='word_1_554' title='bbox 3614 3764 3780 3824; x_wconf 81' lang='grc' dir='ltr'>πίστις,</span> 
     </span>
    </p>
   </div>
   <div class='ocr_carea' id='block_1_80' title="bbox 2238 3851 3784 3949">
    <p class='ocr_par' dir='ltr' id='par_1_80' title="bbox 2238 3851 3784 3949">
     <span class='ocr_line' id='line_1_80' title="bbox 2238 3851 3784 3949; baseline -0.023 -7"><span class='ocrx_word' id='word_1_555' title='bbox 2238 3879 2332 3947; x_wconf 66' lang='grc' dir='ltr'>ἀφ’</span> <span class='ocrx_word' id='word_1_556' title='bbox 2355 3873 2423 3949; x_wconf 78' lang='grc' dir='ltr'><strong>ἧς</strong></span> <span class='ocrx_word' id='word_1_557' title='bbox 2444 3876 2505 3929; x_wconf 73' lang='grc' dir='ltr'>τὸ</span> <span class='ocrx_word' id='word_1_558' title='bbox 2533 3875 2696 3929; x_wconf 84' lang='grc' dir='ltr'>καλὸν</span> <span class='ocrx_word' id='word_1_559' title='bbox 2722 3872 2972 3942; x_wconf 81' lang='grc' dir='ltr'>γέννημα</span> <span class='ocrx_word' id='word_1_560' title='bbox 3023 3868 3277 3940; x_wconf 81' lang='grc' dir='ltr'>πρόεισιν</span> <span class='ocrx_word' id='word_1_561' title='bbox 3307 3866 3342 3935; x_wconf 82' lang='grc' dir='ltr'>ὴ</span> <span class='ocrx_word' id='word_1_562' title='bbox 3392 3863 3564 3925; x_wconf 71' lang='grc' dir='ltr'>ἐλπὶς,</span> <span class='ocrx_word' id='word_1_563' title='bbox 3596 3851 3784 3949; x_wconf 36' lang='lat' dir='ltr'><strong>milii}?</strong></span> 
     </span>
    </p>
   </div>
   <div class='ocr_carea' id='block_1_81' title="bbox 2240 3941 3781 4041">
    <p class='ocr_par' dir='ltr' id='par_1_81' title="bbox 2240 3941 3781 4041">
     <span class='ocr_line' id='line_1_81' title="bbox 2240 3941 3781 4041; baseline -0.019 -15"><span class='ocrx_word' id='word_1_564' title='bbox 2240 3941 2316 4034; x_wconf 73' lang='grc' dir='ltr'>ὡς</span> <span class='ocrx_word' id='word_1_565' title='bbox 2343 3941 2581 4041; x_wconf 76' lang='grc' dir='ltr'>παροῦσι</span> <span class='ocrx_word' id='word_1_566' title='bbox 2617 3941 2939 4035; x_wconf 85' lang='grc' dir='ltr'>συγγίνεται</span> <span class='ocrx_word' id='word_1_567' title='bbox 2960 3963 3074 4024; x_wconf 85' lang='grc' dir='ltr'>τοῖς</span> <span class='ocrx_word' id='word_1_568' title='bbox 3104 3958 3401 4031; x_wconf 81' lang='grc' dir='ltr'>μέλλουσιν</span> <span class='ocrx_word' id='word_1_569' title='bbox 3430 3956 3458 4009; x_wconf 83' lang='grc' dir='ltr'>ὁ</span> <span class='ocrx_word' id='word_1_570' title='bbox 3485 3950 3675 4041; x_wconf 72' lang='grc' dir='ltr'>πιστδς.</span> <span class='ocrx_word' id='word_1_571' title='bbox 3697 3941 3781 3998; x_wconf 77' lang='grc' dir='ltr'><strong>Καὶ</strong></span> 
     </span>
    </p>
   </div>
   <div class='ocr_carea' id='block_1_82' title="bbox 2240 4040 3783 4128">
    <p class='ocr_par' dir='ltr' id='par_1_82' title="bbox 2240 4040 3783 4128">
     <span class='ocr_line' id='line_1_82' title="bbox 2240 4040 3783 4128; baseline -0.019 -16"><span class='ocrx_word' id='word_1_572' title='bbox 2240 4059 2366 4128; x_wconf 83' lang='grc' dir='ltr'>δίχα</span> <span class='ocrx_word' id='word_1_573' title='bbox 2396 4040 2497 4126; x_wconf 81' lang='grc' dir='ltr'><strong>τῆς</strong></span> <span class='ocrx_word' id='word_1_574' title='bbox 2533 4053 2656 4108; x_wconf 77' lang='grc' dir='ltr'>κατ’</span> <span class='ocrx_word' id='word_1_575' title='bbox 2705 4049 3006 4121; x_wconf 76' lang='grc' dir='ltr'>ἐπιθυμίαν</span> <span class='ocrx_word' id='word_1_576' title='bbox 3052 4047 3366 4118; x_wconf 87' lang='grc' dir='ltr'>δυνάμεως,</span> <span class='ocrx_word' id='word_1_577' title='bbox 3414 4043 3475 4095; x_wconf 86' lang='grc' dir='ltr'>οὐ</span> <span class='ocrx_word' id='word_1_578' title='bbox 3514 4040 3783 4093; x_wconf 81' lang='grc' dir='ltr'>συνίσταται</span> 
     </span>
    </p>
   </div>
   <div class='ocr_carea' id='block_1_83' title="bbox 2253 4132 3853 4213">
    <p class='ocr_par' dir='ltr' id='par_1_83' title="bbox 2253 4132 3853 4213">
     <span class='ocr_line' id='line_1_83' title="bbox 2253 4132 3853 4213; baseline -0.013 -9"><span class='ocrx_word' id='word_1_579' title='bbox 2253 4149 2441 4213; x_wconf 76' lang='grc' dir='ltr'>πόθος,</span> <span class='ocrx_word' id='word_1_580' title='bbox 2472 4141 2536 4201; x_wconf 82' lang='grc' dir='ltr'><strong>οῦ</strong></span> <span class='ocrx_word' id='word_1_581' title='bbox 2573 4145 2733 4208; x_wconf 84' lang='grc' dir='ltr'>τέλος</span> <span class='ocrx_word' id='word_1_582' title='bbox 2779 4144 2929 4197; x_wconf 71' lang='grc' dir='ltr'>ἐστὶν</span> <span class='ocrx_word' id='word_1_583' title='bbox 2954 4143 2987 4211; x_wconf 82' lang='grc' dir='ltr'><strong>ή</strong></span> <span class='ocrx_word' id='word_1_584' title='bbox 3027 4140 3242 4209; x_wconf 84' lang='grc' dir='ltr'>ἀγάπη’</span> <span class='ocrx_word' id='word_1_585' title='bbox 3266 4134 3457 4206; x_wconf 78' lang='grc' dir='ltr'>τὸγὰρ</span> <span class='ocrx_word' id='word_1_586' title='bbox 3484 4132 3607 4204; x_wconf 82' lang='grc' dir='ltr'>ὲρᾷν</span> <span class='ocrx_word' id='word_1_587' title='bbox 3648 4138 3781 4186; x_wconf 66' lang='grc' dir='ltr'>τινος,</span> <span class='ocrx_word' id='word_1_588' title='bbox 3850 4158 3853 4165; x_wconf 93' lang='grc'>·</span> 
     </span>
    </p>
   </div>
   <div class='ocr_carea' id='block_1_84' title="bbox 2245 4221 3782 4306">
    <p class='ocr_par' dir='ltr' id='par_1_84' title="bbox 2245 4221 3782 4306">
     <span class='ocr_line' id='line_1_84' title="bbox 2245 4221 3782 4306; baseline -0.015 -10"><span class='ocrx_word' id='word_1_589' title='bbox 2245 4241 2379 4296; x_wconf 83' lang='grc' dir='ltr'>ίδιὸν</span> <span class='ocrx_word' id='word_1_590' title='bbox 2416 4241 2568 4293; x_wconf 71' lang='grc' dir='ltr'>ἐστιν</span> <span class='ocrx_word' id='word_1_591' title='bbox 2595 4235 2918 4306; x_wconf 74' lang='grc' dir='ltr'>ἐπιθυμίας.</span> <span class='ocrx_word' id='word_1_592' title='bbox 2975 4230 3088 4287; x_wconf 72' lang='grc' dir='ltr'><strong>Καὶ</strong></span> <span class='ocrx_word' id='word_1_593' title='bbox 3120 4229 3246 4298; x_wconf 80' lang='grc' dir='ltr'>δίκα</span> <span class='ocrx_word' id='word_1_594' title='bbox 3284 4225 3521 4299; x_wconf 86' lang='grc' dir='ltr'>θυμικῆς</span> <span class='ocrx_word' id='word_1_595' title='bbox 3543 4221 3782 4306; x_wconf 71' lang='grc' dir='ltr'>δυνάμεως</span> 
     </span>
    </p>
   </div>
   <div class='ocr_carea' id='block_1_85' title="bbox 2242 4302 3779 4400">
    <p class='ocr_par' dir='ltr' id='par_1_85' title="bbox 2242 4302 3779 4400">
     <span class='ocr_line' id='line_1_85' title="bbox 2242 4302 3779 4400; baseline -0.018 -16"><span class='ocrx_word' id='word_1_596' title='bbox 2242 4328 2545 4400; x_wconf 69' lang='grc' dir='ltr'>νωροόσης</span> <span class='ocrx_word' id='word_1_597' title='bbox 2572 4326 2673 4396; x_wconf 84' lang='grc' dir='ltr'>τὴν</span> <span class='ocrx_word' id='word_1_598' title='bbox 2719 4302 3018 4392; x_wconf 75' lang='grc' dir='ltr'>ἐπιθυμίαν</span> <span class='ocrx_word' id='word_1_599' title='bbox 3053 4318 3209 4390; x_wconf 67' lang='grc' dir='ltr'>πρὸξ</span> <span class='ocrx_word' id='word_1_600' title='bbox 3236 4315 3338 4388; x_wconf 80' lang='grc' dir='ltr'>τὴν</span> <span class='ocrx_word' id='word_1_601' title='bbox 3383 4310 3489 4400; x_wconf 77' lang='grc' dir='ltr'><strong>τοῦ</strong></span> <span class='ocrx_word' id='word_1_602' title='bbox 3509 4307 3651 4400; x_wconf 73' lang='grc' dir='ltr'>ἡδέος</span> 
     </span>
    </p>
   </div>
   <div class='ocr_carea' id='block_1_86' title="bbox 2247 4387 3778 4486">
    <p class='ocr_par' dir='ltr' id='par_1_86' title="bbox 2247 4387 3778 4486">
     <span class='ocr_line' id='line_1_86' title="bbox 2247 4387 3778 4486; baseline -0.01 -15"><span class='ocrx_word' id='word_1_603' title='bbox 2247 4387 2357 4480; x_wconf 59' lang='grc' dir='ltr'>σιν,</span> <span class='ocrx_word' id='word_1_604' title='bbox 2389 4387 2645 4486; x_wconf 70' lang='grc' dir='ltr'>οὐδαμῶς</span> <span class='ocrx_word' id='word_1_605' title='bbox 2683 4387 2939 4482; x_wconf 81' lang='grc' dir='ltr'>γίνεσθαι</span> <span class='ocrx_word' id='word_1_606' title='bbox 2971 4387 3217 4477; x_wconf 79' lang='grc' dir='ltr'>πέφυκεν</span> <span class='ocrx_word' id='word_1_607' title='bbox 3261 4387 3489 4476; x_wconf 74' lang='grc' dir='ltr'>είρήνη”</span> <span class='ocrx_word' id='word_1_608' title='bbox 3509 4397 3651 4486; x_wconf 61' lang='grc' dir='ltr'>εἴπερ</span> <span class='ocrx_word' id='word_1_609' title='bbox 3675 4387 3778 4485; x_wconf 63' lang='grc' dir='ltr'>ἅλις</span> 
     </span>
    </p>
   </div>
   <div class='ocr_carea' id='block_1_87' title="bbox 551 4473 2132 4581">
    <p class='ocr_par' dir='ltr' id='par_1_87' title="bbox 551 4473 2132 4573">
     <span class='ocr_line' id='line_1_87' title="bbox 551 4473 2132 4573; baseline -0.003 -14"><span class='ocrx_word' id='word_1_610' title='bbox 551 4502 831 4573; x_wconf 88' lang='lat' dir='ltr'><strong>siquidem</strong></span> <span class='ocrx_word' id='word_1_611' title='bbox 859 4514 990 4556; x_wconf 90' lang='lat' dir='ltr'><strong>vere</strong></span> <span class='ocrx_word' id='word_1_612' title='bbox 1022 4515 1150 4571; x_wconf 79' lang='lat' dir='ltr'><strong>pax,</strong></span> <span class='ocrx_word' id='word_1_613' title='bbox 1182 4473 1481 4569; x_wconf 77' lang='lat' dir='ltr'><strong>tranquilla</strong></span> <span class='ocrx_word' id='word_1_614' title='bbox 1519 4506 1577 4555; x_wconf 92' lang='lat' dir='ltr'><strong>et</strong></span> <span class='ocrx_word' id='word_1_615' title='bbox 1618 4473 2132 4572; x_wconf 42' lang='lat' dir='ltr'><strong>inturbata,-plcna;</strong></span> 
     </span>
    </p>
   </div>
   <div class='ocr_carea' id='block_1_88' title="bbox 2234 4473 3776 4581">
    <p class='ocr_par' dir='ltr' id='par_1_88' title="bbox 2248 4473 3776 4581">
     <span class='ocr_line' id='line_1_88' title="bbox 2248 4473 3776 4581; baseline -0.013 -16"><span class='ocrx_word' id='word_1_616' title='bbox 2248 4473 2359 4573; x_wconf 77' lang='grc' dir='ltr'><strong>θῶς</strong></span> <span class='ocrx_word' id='word_1_617' title='bbox 2402 4473 2600 4581; x_wconf 71' lang='grc' dir='ltr'>εἰρήνη</span> <span class='ocrx_word' id='word_1_618' title='bbox 2628 4473 2792 4558; x_wconf 23' lang='grc' dir='ltr'>*ἐστὶν</span> <span class='ocrx_word' id='word_1_619' title='bbox 2822 4506 2855 4574; x_wconf 80' lang='grc' dir='ltr'><strong>ἡ</strong></span> <span class='ocrx_word' id='word_1_620' title='bbox 2907 4473 3270 4572; x_wconf 73' lang='grc' dir='ltr'>ἀνενδχλητος</span> <span class='ocrx_word' id='word_1_621' title='bbox 3318 4473 3412 4551; x_wconf 70' lang='grc' dir='ltr'>καὶ</span> <span class='ocrx_word' id='word_1_622' title='bbox 3440 4483 3685 4554; x_wconf 81' lang='grc' dir='ltr'>παντελὴς</span> <span class='ocrx_word' id='word_1_623' title='bbox 3707 4473 3776 4532; x_wconf 66' lang='grc' dir='ltr'><strong>τοῦ</strong></span> 
     </span>
    </p>
   </div>
   <div class='ocr_carea' id='block_1_89' title="bbox 552 4592 2141 4670">
    <p class='ocr_par' dir='ltr' id='par_1_89' title="bbox 552 4592 2141 4670">
     <span class='ocr_line' id='line_1_89' title="bbox 552 4592 2141 4670; baseline -0.001 -18"><span class='ocrx_word' id='word_1_624' title='bbox 552 4612 662 4670; x_wconf 81' lang='lat' dir='ltr'><strong>que</strong></span> <span class='ocrx_word' id='word_1_625' title='bbox 694 4609 761 4651; x_wconf 85' lang='lat' dir='ltr'><strong>ac</strong></span> <span class='ocrx_word' id='word_1_626' title='bbox 789 4595 1023 4666; x_wconf 81' lang='lat' dir='ltr'><strong>integra,</strong></span> <span class='ocrx_word' id='word_1_627' title='bbox 1049 4594 1171 4665; x_wconf 86' lang='lat' dir='ltr'><strong>ejus</strong></span> <span class='ocrx_word' id='word_1_628' title='bbox 1197 4592 1346 4664; x_wconf 88' lang='lat' dir='ltr'><strong>quod</strong></span> <span class='ocrx_word' id='word_1_629' title='bbox 1371 4594 1621 4666; x_wconf 88' lang='lat' dir='ltr'><strong>jucunde</strong></span> <span class='ocrx_word' id='word_1_630' title='bbox 1643 4592 1832 4658; x_wconf 71' lang='lat' dir='ltr'><strong>aﬂicit,</strong></span> <span class='ocrx_word' id='word_1_631' title='bbox 1857 4594 2141 4664; x_wconf 88' lang='lat' dir='ltr'><strong>possessio</strong></span> 
     </span>
    </p>
   </div>
   <div class='ocr_carea' id='block_1_90' title="bbox 551 4698 658 4745">
    <p class='ocr_par' dir='ltr' id='par_1_90' title="bbox 551 4698 658 4745">
     <span class='ocr_line' id='line_1_90' title="bbox 551 4698 658 4745; baseline -0.019 0"><span class='ocrx_word' id='word_1_632' title='bbox 551 4698 658 4745; x_wconf 85' lang='lat' dir='ltr'><strong>est.</strong></span> 
     </span>
    </p>
   </div>
   <div class='ocr_carea' id='block_1_91' title="bbox 626 4777 2143 4849">
    <p class='ocr_par' dir='ltr' id='par_1_91' title="bbox 626 4777 2143 4849">
     <span class='ocr_line' id='line_1_91' title="bbox 626 4777 2143 4849; baseline 0 -14"><span class='ocrx_word' id='word_1_633' title='bbox 626 4780 713 4836; x_wconf 75' lang='lat'><strong>15.</strong></span> <span class='ocrx_word' id='word_1_634' title='bbox 748 4779 955 4837; x_wconf 88' lang='lat' dir='ltr'><strong>Caveat</strong></span> <span class='ocrx_word' id='word_1_635' title='bbox 978 4792 1206 4835; x_wconf 88' lang='lat' dir='ltr'><strong>necesse</strong></span> <span class='ocrx_word' id='word_1_636' title='bbox 1232 4788 1337 4843; x_wconf 91' lang='lat' dir='ltr'><strong>est,</strong></span> <span class='ocrx_word' id='word_1_637' title='bbox 1364 4777 1456 4849; x_wconf 83' lang='lat' dir='ltr'><strong>qui</strong></span> <span class='ocrx_word' id='word_1_638' title='bbox 1484 4778 1721 4834; x_wconf 89' lang='lat' dir='ltr'><strong>necdum</strong></span> <span class='ocrx_word' id='word_1_639' title='bbox 1750 4779 1820 4834; x_wconf 88' lang='lat' dir='ltr'><strong>ab</strong></span> <span class='ocrx_word' id='word_1_640' title='bbox 1848 4778 2143 4835; x_wconf 74' lang='lat' dir='ltr'><strong>affectibus</strong></span> 
     </span>
    </p>
   </div>
   <div class='ocr_carea' id='block_1_92' title="bbox 554 4869 2144 4943">
    <p class='ocr_par' dir='ltr' id='par_1_92' title="bbox 554 4869 2144 4943">
     <span class='ocr_line' id='line_1_92' title="bbox 554 4869 2144 4943; baseline -0.001 -17"><span class='ocrx_word' id='word_1_641' title='bbox 554 4883 720 4942; x_wconf 86' lang='lat' dir='ltr'><strong>atque</strong></span> <span class='ocrx_word' id='word_1_642' title='bbox 771 4870 927 4925; x_wconf 84' lang='lat' dir='ltr'><strong>vitiis</strong></span> <span class='ocrx_word' id='word_1_643' title='bbox 978 4869 1315 4925; x_wconf 88' lang='lat' dir='ltr'><strong>emundatus</strong></span> <span class='ocrx_word' id='word_1_644' title='bbox 1371 4880 1490 4934; x_wconf 86' lang='lat' dir='ltr'><strong>est,</strong></span> <span class='ocrx_word' id='word_1_645' title='bbox 1538 4870 1848 4924; x_wconf 87' lang='lat' dir='ltr'><strong>naturalem</strong></span> <span class='ocrx_word' id='word_1_646' title='bbox 1905 4871 2144 4943; x_wconf 81' lang='lat' dir='ltr'><strong>attingat</strong></span> 
     </span>
    </p>
   </div>
   <div class='ocr_carea' id='block_1_93' title="bbox 551 4961 2145 5035">
    <p class='ocr_par' dir='ltr' id='par_1_93' title="bbox 551 4961 2145 5035">
     <span class='ocr_line' id='line_1_93' title="bbox 551 4961 2145 5035; baseline 0 -16"><span class='ocrx_word' id='word_1_647' title='bbox 551 4962 1025 5035; x_wconf 87' lang='lat' dir='ltr'><strong>speculationem,</strong></span> <span class='ocrx_word' id='word_1_648' title='bbox 1076 4962 1149 5016; x_wconf 91' lang='lat' dir='ltr'><strong>ob</strong></span> <span class='ocrx_word' id='word_1_649' title='bbox 1192 4977 1387 5017; x_wconf 89' lang='lat' dir='ltr'><strong>earum</strong></span> <span class='ocrx_word' id='word_1_650' title='bbox 1434 4977 1620 5017; x_wconf 91' lang='lat' dir='ltr'><strong>rerum</strong></span> <span class='ocrx_word' id='word_1_651' title='bbox 1668 4961 1985 5027; x_wconf 88' lang='lat' dir='ltr'><strong>simulacra,</strong></span> <span class='ocrx_word' id='word_1_652' title='bbox 2019 4978 2145 5034; x_wconf 66' lang='lat' dir='ltr'><strong>quae</strong></span> 
     </span>
    </p>
   </div>
   <div class='ocr_carea' id='block_1_94' title="bbox 552 5053 2145 5125">
    <p class='ocr_par' dir='ltr' id='par_1_94' title="bbox 552 5053 2145 5125">
     <span class='ocr_line' id='line_1_94' title="bbox 552 5053 2145 5125; baseline -0.002 -14"><span class='ocrx_word' id='word_1_653' title='bbox 552 5070 780 5111; x_wconf 85' lang='lat' dir='ltr'><strong>sensum</strong></span> <span class='ocrx_word' id='word_1_654' title='bbox 819 5063 1069 5120; x_wconf 88' lang='lat' dir='ltr'><strong>movent,</strong></span> <span class='ocrx_word' id='word_1_655' title='bbox 1098 5064 1443 5125; x_wconf 88' lang='lat' dir='ltr'><strong>possuntque</strong></span> <span class='ocrx_word' id='word_1_656' title='bbox 1477 5055 1602 5125; x_wconf 91' lang='lat' dir='ltr'><strong>ejus</strong></span> <span class='ocrx_word' id='word_1_657' title='bbox 1636 5053 1883 5108; x_wconf 88' lang='lat' dir='ltr'><strong>animum</strong></span> <span class='ocrx_word' id='word_1_658' title='bbox 1915 5054 1983 5109; x_wconf 92' lang='lat' dir='ltr'><strong>ad</strong></span> <span class='ocrx_word' id='word_1_659' title='bbox 2016 5054 2145 5110; x_wconf 88' lang='lat' dir='ltr'><strong>libi-</strong></span> 
     </span>
    </p>
   </div>
   <div class='ocr_carea' id='block_1_95' title="bbox 552 5146 2145 5217">
    <p class='ocr_par' dir='ltr' id='par_1_95' title="bbox 552 5146 2145 5217">
     <span class='ocr_line' id='line_1_95' title="bbox 552 5146 2145 5217; baseline 0 -15"><span class='ocrx_word' id='word_1_660' title='bbox 552 5146 743 5203; x_wconf 88' lang='lat' dir='ltr'><strong>dinem</strong></span> <span class='ocrx_word' id='word_1_661' title='bbox 770 5147 1096 5213; x_wconf 77' lang='lat' dir='ltr'><strong>informare,</strong></span> <span class='ocrx_word' id='word_1_662' title='bbox 1124 5147 1218 5217; x_wconf 88' lang='lat' dir='ltr'><strong>qui</strong></span> <span class='ocrx_word' id='word_1_663' title='bbox 1254 5146 1491 5202; x_wconf 89' lang='lat' dir='ltr'><strong>necdum</strong></span> <span class='ocrx_word' id='word_1_664' title='bbox 1528 5148 1777 5217; x_wconf 88' lang='lat' dir='ltr'><strong>perfecte</strong></span> <span class='ocrx_word' id='word_1_665' title='bbox 1821 5147 1890 5202; x_wconf 88' lang='lat' dir='ltr'><strong>ab</strong></span> <span class='ocrx_word' id='word_1_666' title='bbox 1929 5147 2145 5202; x_wconf 73' lang='lat' dir='ltr'><strong>affecti-</strong></span> 
     </span>
    </p>
   </div>
   <div class='ocr_carea' id='block_1_96' title="bbox 553 5239 2148 5307">
    <p class='ocr_par' dir='ltr' id='par_1_96' title="bbox 553 5239 2148 5307">
     <span class='ocr_line' id='line_1_96' title="bbox 553 5239 2148 5307; baseline 0.001 -14"><span class='ocrx_word' id='word_1_667' title='bbox 553 5239 661 5294; x_wconf 89' lang='lat' dir='ltr'><strong>bus</strong></span> <span class='ocrx_word' id='word_1_668' title='bbox 683 5239 953 5295; x_wconf 87' lang='lat' dir='ltr'><strong>liberatus</strong></span> <span class='ocrx_word' id='word_1_669' title='bbox 981 5239 1075 5295; x_wconf 88' lang='lat' dir='ltr'><strong>sit.</strong></span> <span class='ocrx_word' id='word_1_670' title='bbox 1112 5239 1245 5306; x_wconf 66' lang='lat' dir='ltr'><strong>Quae</strong></span> <span class='ocrx_word' id='word_1_671' title='bbox 1272 5239 1423 5295; x_wconf 92' lang='lat' dir='ltr'><strong>enim</strong></span> <span class='ocrx_word' id='word_1_672' title='bbox 1448 5255 1626 5307; x_wconf 87' lang='lat' dir='ltr'><strong>mens,</strong></span> <span class='ocrx_word' id='word_1_673' title='bbox 1661 5247 1722 5295; x_wconf 91' lang='lat' dir='ltr'><strong>ut</strong></span> <span class='ocrx_word' id='word_1_674' title='bbox 1747 5255 1972 5295; x_wconf 89' lang='lat' dir='ltr'><strong>sensum</strong></span> <span class='ocrx_word' id='word_1_675' title='bbox 2003 5239 2148 5295; x_wconf 88' lang='lat' dir='ltr'><strong>mul-</strong></span> 
     </span>
    </p>
   </div>
   <div class='ocr_carea' id='block_1_97' title="bbox 557 5331 2145 5404">
    <p class='ocr_par' dir='ltr' id='par_1_97' title="bbox 557 5331 2145 5404">
     <span class='ocr_line' id='line_1_97' title="bbox 557 5331 2145 5404; baseline 0.001 -18"><span class='ocrx_word' id='word_1_676' title='bbox 557 5339 712 5396; x_wconf 90' lang='lat' dir='ltr'><strong>ceat,</strong></span> <span class='ocrx_word' id='word_1_677' title='bbox 780 5332 1073 5387; x_wconf 87' lang='lat' dir='ltr'><strong>sensilium</strong></span> <span class='ocrx_word' id='word_1_678' title='bbox 1142 5347 1330 5387; x_wconf 89' lang='lat' dir='ltr'><strong>rerum</strong></span> <span class='ocrx_word' id='word_1_679' title='bbox 1395 5333 1786 5403; x_wconf 90' lang='lat' dir='ltr'><strong>conspectibus</strong></span> <span class='ocrx_word' id='word_1_680' title='bbox 1849 5331 2145 5404; x_wconf 82' lang='lat' dir='ltr'><strong>cogitando</strong></span> 
     </span>
    </p>
   </div>
   <div class='ocr_carea' id='block_1_98' title="bbox 556 5423 2142 5493">
    <p class='ocr_par' dir='ltr' id='par_1_98' title="bbox 556 5423 2142 5493">
     <span class='ocr_line' id='line_1_98' title="bbox 556 5423 2142 5493; baseline 0 -14"><span class='ocrx_word' id='word_1_681' title='bbox 556 5423 907 5493; x_wconf 83' lang='lat' dir='ltr'><strong>immoratur,</strong></span> <span class='ocrx_word' id='word_1_682' title='bbox 944 5423 1358 5479; x_wconf 88' lang='lat' dir='ltr'><strong>immundorum</strong></span> <span class='ocrx_word' id='word_1_683' title='bbox 1401 5424 1701 5481; x_wconf 70' lang='lat' dir='ltr'><strong>affectuum</strong></span> <span class='ocrx_word' id='word_1_684' title='bbox 1741 5442 1807 5482; x_wconf 92' lang='lat' dir='ltr'><strong>ac</strong></span> <span class='ocrx_word' id='word_1_685' title='bbox 1843 5424 2142 5481; x_wconf 89' lang='lat' dir='ltr'><strong>libidinum</strong></span> 
     </span>
    </p>
   </div>
   <div class='ocr_carea' id='block_1_99' title="bbox 2242 4599 2968 4673">
    <p class='ocr_par' dir='ltr' id='par_1_99' title="bbox 2242 4599 2968 4673">
     <span class='ocr_line' id='line_1_99' title="bbox 2242 4599 2968 4673; baseline -0.014 -15"><span class='ocrx_word' id='word_1_686' title='bbox 2242 4600 2587 4673; x_wconf 87' lang='grc' dir='ltr'>καταθυμίου</span> <span class='ocrx_word' id='word_1_687' title='bbox 2614 4599 2968 4668; x_wconf 84' lang='grc' dir='ltr'>κατάσχεσις.</span> 
     </span>
    </p>
   </div>
   <div class='ocr_carea' id='block_1_100' title="bbox 2315 4751 3772 4855">
    <p class='ocr_par' dir='ltr' id='par_1_100' title="bbox 2315 4751 3772 4855">
     <span class='ocr_line' id='line_1_100' title="bbox 2315 4751 3772 4855; baseline -0.018 -21"><span class='ocrx_word' id='word_1_688' title='bbox 2315 4779 2410 4835; x_wconf 84' lang='grc' dir='ltr'>οε’.</span> <span class='ocrx_word' id='word_1_689' title='bbox 2455 4781 2532 4834; x_wconf 87' lang='grc' dir='ltr'>Οὐ</span> <span class='ocrx_word' id='word_1_690' title='bbox 2583 4777 2666 4831; x_wconf 88' lang='grc' dir='ltr'>δεῖ</span> <span class='ocrx_word' id='word_1_691' title='bbox 2689 4777 2780 4829; x_wconf 77' lang='grc' dir='ltr'>τὸν</span> <span class='ocrx_word' id='word_1_692' title='bbox 2810 4775 2886 4846; x_wconf 79' lang='grc' dir='ltr'>μὴ</span> <span class='ocrx_word' id='word_1_693' title='bbox 2933 4774 3203 4845; x_wconf 78' lang='grc' dir='ltr'>πρότερον</span> <span class='ocrx_word' id='word_1_694' title='bbox 3236 4768 3568 4842; x_wconf 80' lang='grc' dir='ltr'>καθαρθέντα</span> <span class='ocrx_word' id='word_1_695' title='bbox 3606 4751 3772 4855; x_wconf 50' lang='grc' dir='ltr'>παθιῖἱν.</span> 
     </span>
    </p>
   </div>
   <div class='ocr_carea' id='block_1_101' title="bbox 2247 4856 3774 4946">
    <p class='ocr_par' dir='ltr' id='par_1_101' title="bbox 2247 4856 3774 4946">
     <span class='ocr_line' id='line_1_101' title="bbox 2247 4856 3774 4946; baseline -0.016 -19"><span class='ocrx_word' id='word_1_696' title='bbox 2247 4871 2486 4945; x_wconf 83' lang='grc' dir='ltr'>φυσικῆς</span> <span class='ocrx_word' id='word_1_697' title='bbox 2528 4867 2800 4925; x_wconf 74' lang='grc' dir='ltr'>ἅπτεσθαι</span> <span class='ocrx_word' id='word_1_698' title='bbox 2853 4865 3123 4938; x_wconf 83' lang='grc' dir='ltr'>θεωρίας,</span> <span class='ocrx_word' id='word_1_699' title='bbox 3173 4866 3264 4919; x_wconf 78' lang='grc' dir='ltr'>διὰ</span> <span class='ocrx_word' id='word_1_700' title='bbox 3314 4863 3411 4925; x_wconf 76' lang='grc' dir='ltr'>τὰς</span> <span class='ocrx_word' id='word_1_701' title='bbox 3454 4856 3651 4946; x_wconf 83' lang='grc' dir='ltr'>εἰκόνας</span> <span class='ocrx_word' id='word_1_702' title='bbox 3691 4858 3774 4946; x_wconf 49' lang='lat' dir='ltr'><strong>“illi</strong></span> 
     </span>
    </p>
   </div>
   <div class='ocr_carea' id='block_1_102' title="bbox 2251 4945 3772 5037">
    <p class='ocr_par' dir='ltr' id='par_1_102' title="bbox 2251 4945 3772 5037">
     <span class='ocr_line' id='line_1_102' title="bbox 2251 4945 3772 5037; baseline -0.018 -18"><span class='ocrx_word' id='word_1_703' title='bbox 2251 4964 2548 5037; x_wconf 75' lang='grc' dir='ltr'>αἰσθητῶν,</span> <span class='ocrx_word' id='word_1_704' title='bbox 2589 4961 2895 5032; x_wconf 86' lang='grc' dir='ltr'>δυναμένας</span> <span class='ocrx_word' id='word_1_705' title='bbox 2930 4957 3180 5012; x_wconf 86' lang='grc' dir='ltr'>τυπῶσαι</span> <span class='ocrx_word' id='word_1_706' title='bbox 3226 4957 3362 5029; x_wconf 74' lang='grc' dir='ltr'>πρὸς</span> <span class='ocrx_word' id='word_1_707' title='bbox 3390 4951 3552 5013; x_wconf 88' lang='grc' dir='ltr'>πάθος</span> <span class='ocrx_word' id='word_1_708' title='bbox 3578 4945 3658 5037; x_wconf 81' lang='grc' dir='ltr'>τὸν</span> <span class='ocrx_word' id='word_1_709' title='bbox 3677 4945 3772 5037; x_wconf 53' lang='grc' dir='ltr'>νονγ</span> 
     </span>
    </p>
   </div>
   <div class='ocr_carea' id='block_1_103' title="bbox 2248 5023 3770 5126">
    <p class='ocr_par' dir='ltr' id='par_1_103' title="bbox 2248 5023 3770 5126">
     <span class='ocr_line' id='line_1_103' title="bbox 2248 5023 3770 5126; baseline -0.016 -17"><span class='ocrx_word' id='word_1_710' title='bbox 2248 5054 2345 5109; x_wconf 88' lang='grc' dir='ltr'><strong>τοῦ</strong></span> <span class='ocrx_word' id='word_1_711' title='bbox 2380 5023 2456 5126; x_wconf 73' lang='grc' dir='ltr'>μὴ</span> <span class='ocrx_word' id='word_1_712' title='bbox 2496 5023 3159 5116; x_wconf 47' lang='grc' dir='ltr'>τελείως-ἀπαλλαγέντος</span> <span class='ocrx_word' id='word_1_713' title='bbox 3193 5023 3401 5101; x_wconf 82' lang='grc' dir='ltr'>παθῶν.</span> <span class='ocrx_word' id='word_1_714' title='bbox 3457 5041 3511 5093; x_wconf 81' lang='grc'><strong>’0</strong></span> <span class='ocrx_word' id='word_1_715' title='bbox 3539 5035 3635 5107; x_wconf 77' lang='grc' dir='ltr'><strong>γάρ</strong></span> <span class='ocrx_word' id='word_1_716' title='bbox 3660 5023 3770 5126; x_wconf 52' lang='grc' dir='ltr'><strong>καῖὰ</strong></span> 
     </span>
    </p>
   </div>
   <div class='ocr_carea' id='block_1_104' title="bbox 2249 5115 3769 5220">
    <p class='ocr_par' dir='ltr' id='par_1_104' title="bbox 2249 5115 3769 5220">
     <span class='ocr_line' id='line_1_104' title="bbox 2249 5115 3769 5220; baseline -0.021 -17"><span class='ocrx_word' id='word_1_717' title='bbox 2249 5147 2552 5220; x_wconf 84' lang='grc' dir='ltr'>φαντασίαν</span> <span class='ocrx_word' id='word_1_718' title='bbox 2584 5146 2705 5208; x_wconf 84' lang='grc' dir='ltr'>ταῖς</span> <span class='ocrx_word' id='word_1_719' title='bbox 2734 5141 3084 5212; x_wconf 80' lang='grc' dir='ltr'>ἐπιφανείαις</span> <span class='ocrx_word' id='word_1_720' title='bbox 3124 5138 3232 5192; x_wconf 84' lang='grc' dir='ltr'>τῶν</span> <span class='ocrx_word' id='word_1_721' title='bbox 3261 5133 3524 5208; x_wconf 79' lang='grc' dir='ltr'>αἰσθητῶν</span> <span class='ocrx_word' id='word_1_722' title='bbox 3551 5115 3769 5188; x_wconf 62' lang='grc' dir='ltr'>ὲναπομέί</span> 
     </span>
    </p>
   </div>
   <div class='ocr_carea' id='block_1_105' title="bbox 3687 5219 3769 5258">
    <p class='ocr_par' dir='ltr' id='par_1_105' title="bbox 3687 5219 3769 5258">
     <span class='ocr_line' id='line_1_105' title="bbox 3687 5219 3769 5258; baseline -0.024 0"><span class='ocrx_word' id='word_1_723' title='bbox 3687 5219 3769 5258; x_wconf 70' lang='grc' dir='ltr'><strong>παι</strong></span> 
     </span>
    </p>
   </div>
   <div class='ocr_carea' id='block_1_106' title="bbox 2247 5217 3767 5341">
    <p class='ocr_par' dir='ltr' id='par_1_106' title="bbox 2247 5217 3767 5341">
     <span class='ocr_line' id='line_1_106' title="bbox 2247 5217 3767 5341; baseline -0.022 -50"><span class='ocrx_word' id='word_1_724' title='bbox 2247 5217 2355 5291; x_wconf 84' lang='grc' dir='ltr'><strong>νων</strong></span> <span class='ocrx_word' id='word_1_725' title='bbox 2386 5235 2475 5290; x_wconf 73' lang='grc' dir='ltr'>διὰ</span> <span class='ocrx_word' id='word_1_726' title='bbox 2507 5234 2606 5304; x_wconf 76' lang='grc' dir='ltr'>τὴν</span> <span class='ocrx_word' id='word_1_727' title='bbox 2652 5229 2904 5301; x_wconf 76' lang='grc' dir='ltr'>αἴσθησιν</span> <span class='ocrx_word' id='word_1_728' title='bbox 2946 5226 3090 5293; x_wconf 84' lang='grc' dir='ltr'>νοῦς.</span> <span class='ocrx_word' id='word_1_729' title='bbox 3134 5226 3455 5297; x_wconf 85' lang='grc' dir='ltr'>ἀκαθάρτων</span> <span class='ocrx_word' id='word_1_730' title='bbox 3478 5217 3663 5287; x_wconf 84' lang='grc' dir='ltr'>γίνεται</span> <span class='ocrx_word' id='word_1_731' title='bbox 3687 5219 3767 5341; x_wconf 61' lang='grc' dir='ltr'>ιταὲ</span> 
     </span>
     <span class='ocr_line' id='line_1_107' title="bbox 2251 5305 3738 5341; baseline -0.022 29"><span class='ocrx_word' id='word_1_732' title='bbox 2251 5327 2316 5341; x_wconf 66' lang='grc'><strong>’⁸⁸⁸</strong></span> <span class='ocrx_word' id='word_1_733' title='bbox 2389 5328 2411 5341; x_wconf 72' lang='grc'><strong><em>⁵</em></strong></span> <span class='ocrx_word' id='word_1_734' title='bbox 2660 5325 2676 5341; x_wconf 93' lang='lat'>‘</span> <span class='ocrx_word' id='word_1_735' title='bbox 2772 5313 2850 5341; x_wconf 29' lang='grc' dir='ltr'><strong>’Δάν</strong></span> <span class='ocrx_word' id='word_1_736' title='bbox 2878 5320 2931 5341; x_wconf 34' lang='grc' dir='ltr'>ἰθ</span> <span class='ocrx_word' id='word_1_737' title='bbox 3002 5320 3111 5341; x_wconf 68' lang='grc' dir='ltr'><strong>-ιμ-</strong></span> <span class='ocrx_word' id='word_1_738' title='bbox 3144 5320 3277 5341; x_wconf 71' lang='grc' dir='ltr'><strong>--ι-</strong></span> <span class='ocrx_word' id='word_1_739' title='bbox 3302 5317 3365 5341; x_wconf 74' lang='lat' dir='ltr'><strong>-x.</strong></span> <span class='ocrx_word' id='word_1_740' title='bbox 3400 5305 3611 5341; x_wconf 60' lang='grc' dir='ltr'><strong>-..υνυιῆ</strong></span> <span class='ocrx_word' id='word_1_741' title='bbox 3636 5308 3738 5341; x_wconf 62' lang='lat' dir='ltr'><strong>me:</strong></span> 
     </span>
    </p>
   </div>
   <div class='ocr_carea' id='block_1_107' title="bbox 2248 5305 3738 5397">
    <p class='ocr_par' dir='ltr' id='par_1_107' title="bbox 2248 5305 3738 5397">
     <span class='ocr_line' id='line_1_108' title="bbox 2248 5305 3738 5397; baseline -0.014 -15"><span class='ocrx_word' id='word_1_742' title='bbox 2248 5327 2359 5382; x_wconf 84' lang='grc' dir='ltr'><strong>θῶν</strong></span> <span class='ocrx_word' id='word_1_743' title='bbox 2385 5328 2447 5396; x_wconf 87' lang='grc' dir='ltr'><strong>δη</strong></span> <span class='ocrx_word' id='word_1_744' title='bbox 2457 5325 2736 5397; x_wconf 83' lang='grc' dir='ltr'>μιουργὸς.</span> <span class='ocrx_word' id='word_1_745' title='bbox 2768 5313 2855 5377; x_wconf 69' lang='grc' dir='ltr'><strong>διὰ</strong></span> <span class='ocrx_word' id='word_1_746' title='bbox 2878 5320 3111 5393; x_wconf 84' lang='grc' dir='ltr'>θεωρίας</span> <span class='ocrx_word' id='word_1_747' title='bbox 3141 5320 3277 5389; x_wconf 79' lang='grc' dir='ltr'>πρὸς</span> <span class='ocrx_word' id='word_1_748' title='bbox 3302 5317 3367 5370; x_wconf 73' lang='grc' dir='ltr'>τὰ</span> <span class='ocrx_word' id='word_1_749' title='bbox 3399 5305 3613 5379; x_wconf 80' lang='grc' dir='ltr'>συγγενῆ</span> <span class='ocrx_word' id='word_1_750' title='bbox 3636 5308 3738 5362; x_wconf 73' lang='grc' dir='ltr'><strong>νοητ</strong></span> 
     </span>
    </p>
   </div>
   <div class='ocr_carea' id='block_1_108' title="bbox 2251 5415 2956 5494">
    <p class='ocr_par' dir='ltr' id='par_1_108' title="bbox 2251 5415 2956 5494">
     <span class='ocr_line' id='line_1_109' title="bbox 2251 5415 2956 5494; baseline -0.01 -18"><span class='ocrx_word' id='word_1_751' title='bbox 2251 5422 2328 5494; x_wconf 81' lang='grc' dir='ltr'>μὴ</span> <span class='ocrx_word' id='word_1_752' title='bbox 2357 5420 2652 5490; x_wconf 85' lang='grc' dir='ltr'>δυνάμενος</span> <span class='ocrx_word' id='word_1_753' title='bbox 2686 5415 2956 5485; x_wconf 82' lang='grc' dir='ltr'>διαϐῆναι.</span> 
     </span>
    </p>
   </div>
   <div class='ocr_carea' id='block_1_109' title="bbox 560 5493 3663 5593">
    <p class='ocr_par' dir='ltr' id='par_1_109' title="bbox 560 5493 3663 5593">
     <span class='ocr_line' id='line_1_110' title="bbox 560 5493 3663 5593; baseline -0.014 -13"><span class='ocrx_word' id='word_1_754' title='bbox 560 5536 657 5580; x_wconf 75' lang='lat' dir='ltr'><strong>seu</strong></span> <span class='ocrx_word' id='word_1_755' title='bbox 683 5522 945 5578; x_wconf 89' lang='lat' dir='ltr'><strong>vitiorum</strong></span> <span class='ocrx_word' id='word_1_756' title='bbox 973 5522 1173 5580; x_wconf 77' lang='lat' dir='ltr'><strong>artifex</strong></span> <span class='ocrx_word' id='word_1_757' title='bbox 1196 5524 1467 5592; x_wconf 77' lang='lat' dir='ltr'><strong>edicitur;</strong></span> <span class='ocrx_word' id='word_1_758' title='bbox 1502 5524 1633 5580; x_wconf 89' lang='lat' dir='ltr'><strong>dum</strong></span> <span class='ocrx_word' id='word_1_759' title='bbox 1665 5536 1864 5593; x_wconf 88' lang='lat' dir='ltr'><strong>nempe</strong></span> <span class='ocrx_word' id='word_1_760' title='bbox 1893 5521 1995 5584; x_wconf 90' lang='lat' dir='ltr'><strong>illi,</strong></span> <span class='ocrx_word' id='word_1_761' title='bbox 2037 5516 2373 5591; x_wconf 89' lang='lat' dir='ltr'><strong>speculando</strong></span> <span class='ocrx_word' id='word_1_762' title='bbox 2401 5514 2470 5570; x_wconf 92' lang='lat' dir='ltr'><strong>ad</strong></span> <span class='ocrx_word' id='word_1_763' title='bbox 2505 5511 2684 5568; x_wconf 84' lang='lat' dir='ltr'><strong>affinia</strong></span> <span class='ocrx_word' id='word_1_764' title='bbox 2717 5509 3084 5583; x_wconf 77' lang='lat' dir='ltr'><strong>intelligibilia</strong></span> <span class='ocrx_word' id='word_1_765' title='bbox 3117 5505 3350 5562; x_wconf 87' lang='lat' dir='ltr'><strong>transire</strong></span> <span class='ocrx_word' id='word_1_766' title='bbox 3376 5513 3478 5556; x_wconf 87' lang='lat' dir='ltr'><strong>non</strong></span> <span class='ocrx_word' id='word_1_767' title='bbox 3505 5493 3663 5548; x_wconf 88' lang='lat' dir='ltr'><strong>datur.</strong></span> 
     </span>
    </p>
   </div>
   <div class='ocr_carea' id='block_1_110' title="bbox 632 5636 2151 5711">
    <p class='ocr_par' dir='ltr' id='par_1_110' title="bbox 632 5636 2151 5711">
     <span class='ocr_line' id='line_1_111' title="bbox 632 5636 2151 5711; baseline -0.004 -14"><span class='ocrx_word' id='word_1_768' title='bbox 632 5639 793 5711; x_wconf 78' lang='lat'><strong>552</strong></span> <span class='ocrx_word' id='word_1_769' title='bbox 831 5639 919 5695; x_wconf 86' lang='lat'><strong>76.</strong></span> <span class='ocrx_word' id='word_1_770' title='bbox 969 5637 1072 5707; x_wconf 85' lang='lat' dir='ltr'><strong>Qui</strong></span> <span class='ocrx_word' id='word_1_771' title='bbox 1116 5640 1631 5710; x_wconf 83' lang='lat' dir='ltr'><strong>perturbationibus</strong></span> <span class='ocrx_word' id='word_1_772' title='bbox 1669 5648 1835 5711; x_wconf 89' lang='lat' dir='ltr'><strong>atque</strong></span> <span class='ocrx_word' id='word_1_773' title='bbox 1872 5639 2023 5695; x_wconf 87' lang='lat' dir='ltr'><strong>vitiis</strong></span> <span class='ocrx_word' id='word_1_774' title='bbox 2068 5636 2151 5692; x_wconf 89' lang='lat' dir='ltr'><strong>in-</strong></span> 
     </span>
    </p>
   </div>
   <div class='ocr_carea' id='block_1_111' title="bbox 640 5812 1395 5882">
    <p class='ocr_par' dir='ltr' id='par_1_111' title="bbox 640 5812 1395 5882">
     <span class='ocr_line' id='line_1_112' title="bbox 640 5812 1395 5882; baseline -0.003 -14"><span class='ocrx_word' id='word_1_775' title='bbox 640 5816 655 5834; x_wconf 84' lang='lat'><em>‘</em></span> <span class='ocrx_word' id='word_1_776' title='bbox 690 5812 774 5868; x_wconf 87' lang='lat' dir='ltr'><strong>Cf.</strong></span> <span class='ocrx_word' id='word_1_777' title='bbox 814 5813 899 5867; x_wconf 85' lang='lat' dir='ltr'><strong>ad.</strong></span> <span class='ocrx_word' id='word_1_778' title='bbox 938 5812 1187 5868; x_wconf 84' lang='lat' dir='ltr'><strong>Thalass.</strong></span> <span class='ocrx_word' id='word_1_779' title='bbox 1220 5828 1272 5882; x_wconf 86' lang='lat' dir='ltr'><strong>q.</strong></span> <span class='ocrx_word' id='word_1_780' title='bbox 1308 5813 1395 5868; x_wconf 67' lang='lat'><strong>49.</strong></span> 
     </span>
    </p>
   </div>
   <div class='ocr_carea' id='block_1_112' title="bbox 2329 5596 3764 5699">
    <p class='ocr_par' dir='ltr' id='par_1_112' title="bbox 2329 5596 3764 5699">
     <span class='ocr_line' id='line_1_113' title="bbox 2329 5596 3764 5699; baseline -0.029 -7"><span class='ocrx_word' id='word_1_781' title='bbox 2329 5631 2439 5697; x_wconf 82' lang='grc' dir='ltr'>ος⁹.</span> <span class='ocrx_word' id='word_1_782' title='bbox 2478 5633 2496 5652; x_wconf 85' lang='grc'>⁶</span> <span class='ocrx_word' id='word_1_783' title='bbox 2538 5629 2597 5684; x_wconf 85' lang='lat'><strong>&#39;0</strong></span> <span class='ocrx_word' id='word_1_784' title='bbox 2626 5630 2683 5684; x_wconf 82' lang='grc' dir='ltr'>ἐν</span> <span class='ocrx_word' id='word_1_785' title='bbox 2718 5626 2895 5699; x_wconf 82' lang='grc' dir='ltr'>καιρῷ</span> <span class='ocrx_word' id='word_1_786' title='bbox 2921 5626 3021 5698; x_wconf 79' lang='grc' dir='ltr'><strong>τῆς</strong></span> <span class='ocrx_word' id='word_1_787' title='bbox 3053 5622 3163 5678; x_wconf 83' lang='grc' dir='ltr'><strong>τῶν</strong></span> <span class='ocrx_word' id='word_1_788' title='bbox 3196 5618 3381 5677; x_wconf 82' lang='grc' dir='ltr'>παθῶν</span> <span class='ocrx_word' id='word_1_789' title='bbox 3406 5596 3764 5665; x_wconf 69' lang='grc' dir='ltr'>ἐπαναστάσεως</span> 
     </span>
    </p>
   </div>
  </div>
