4020 6418
241 320 360 388 ὶὲἱθ

914 313 1249 375 CAPITUM
1291 312 1716 385 QUINQUIES
1751 310 2272 374 CENTENORUM
2313 315 2701 378 CENTURIA
2747 319 2827 378 Il.

3377 316 3515 382 1250

237 435 484 510 γενναίως
521 427 698 501 μύσας
736 426 830 490 τὰς
866 427 1176 496 αἰσθήσεις,
1211 427 1304 478 καὶ
1345 426 1445 496 τὴν
1469 425 1577 477 τῶν
1619 423 1813 494 αἰσθη-

1933 423 2298 492 mrgentibus,
2327 439 2632 496 eorumque
2668 428 2865 482 infesta
2891 427 3029 493 acie,
3066 443 3265 486 sensus
3299 429 3515 487 fortiter

237 531 334 584 τῶν
361 523 664 596 φαντασίαν
705 518 778 573 τε
803 521 900 574 καὶ
939 521 1160 590 μνήμην
1206 517 1490 580 παντελῶς
1517 515 1815 586 ἀπωσάμε-

235 638 336 681 νος,
365 619 455 670 καὶ
488 613 779 676 συστείλας
831 612 1007 683 πάντη
1041 613 1140 676 τάς
1171 609 1265 664 τοῦ
1293 609 1385 664 νοῦ
1419 609 1546 679 περὶ
1578 609 1678 678 τὴν
1706 607 1817 660 τῶν

239 709 383 772 ἐκτὸς
410 709 636 780 ἔρευναν
670 705 906 776 φυσικάς
949 705 1218 775 κινήσεις,
1243 704 1554 775 κατῄσχυνε
1586 702 1816 773 νικήσας

237 801 320 857 διὰ
357 801 454 869 τῆς
487 798 640 861 θείας
671 798 875 871 χειρὸς,
910 797 1011 867 τὴν
1040 798 1429 851 ὲπαναστᾶσαν
1459 794 1608 866 αὑτῷ
1643 811 1816 865 πονη-

243 896 335 956 ρὰν
361 894 450 946 καὶ
477 892 808 964 τυραννικὴν
839 890 1181 945 δυναστείαν.

301 1073 396 1137 οζ’.
431 1073 599 1124 Ὅταν
639 1071 803 1134 ἄνους
846 1073 875 1125 ὁ
922 1071 1082 1138 λόγος
1114 1070 1362 1141 γένηται,
1403 1069 1498 1122 καὶ
1539 1067 1818 1139 προπετὴς

235 1172 262 1222 ὁ
294 1165 461 1236 θυμὸς
489 1164 585 1216 καὶ
617 1162 812 1230 ἄλογος
853 1165 885 1233 ή
935 1162 1226 1233 ἐπιθυμία,
1258 1164 1352 1216 καὶ
1393 1163 1584 1230 ἄγνοια
1610 1159 1703 1213 καὶ
1727 1177 1821 1212 τυο

241 1260 418 1331 ραννὶς
447 1260 542 1310 καὶ
575 1257 845 1310 ἀκολασία
874 1256 1122 1328 κρατῶσι
1153 1258 1253 1325 τῆς
1278 1257 1478 1326 ψυχῆς,
1508 1256 1626 1308 τότε
1663 1256 1694 1324 ἡ
1722 1254 1820 1324 τῆς

235 1350 426 1411 κακίας
467 1348 581 1412 ἕξις
633 1347 952 1418 ἔμπρακτος
995 1347 1246 1416 γίνεσθαι
1298 1348 1537 1418 πέφυκε,
1576 1347 1823 1418 συμπλα-

236 1444 383 1496 κεῖσα
414 1443 480 1511 τῇ
510 1440 765 1512 διαφόρῳ
798 1440 908 1492 τῶν
943 1439 1254 1510 αἰσθήσεων
1284 1440 1466 1511 ἡδονῇ.

298 1539 394 1602 οη’.
431 1532 554 1601 Χρὴ
583 1531 674 1583 τὸν
705 1530 1028 1598 γνωστικῶς
1048 1531 1149 1593 τὰς
1178 1531 1447 1601 ἀοράτους
1474 1529 1818 1599 συμπλοκάς,

234 1624 563 1679 ὑπαλὺσκειν
593 1624 662 1694 (k)
693 1625 1058 1693 ἐπιστάμενον
1083 1623 1229 1688 νοῦν,
1265 1624 1399 1695 μήτε
1432 1623 1668 1694 φυσικὴν
1705 1641 1825 1694 μετ·

234 1719 364 1770 ιέναι
387 1714 646 1786 θεωρίαν,
678 1716 800 1786 μηδ’
829 1716 957 1769 ἄλλο
985 1733 1038 1768 τι.
1079 1719 1253 1769 ποιεῖν
1283 1718 1341 1769 ἐν
1369 1716 1448 1787 τῷ
1510 1718 1689 1788 καιρῷ
1717 1720 1822 1788 τῆς

230 1807 332 1861 τῶν
362 1806 619 1878 πονηρῶν
647 1807 931 1878 δυνάμεων
964 1807 1292 1878 προσϐολῆς,
1334 1808 1366 1879 ἢ
1398 1809 1558 1880 μόνον
1585 1811 1821 1876 προσεύ-

231 1898 437 1970 χεσθαι,
483 1901 582 1951 καὶ
624 1899 686 1950 τὸ
725 1898 885 1969 σῶμα
926 1900 1111 1962 πόνοις
1161 1900 1448 1970 δαμάζειν.
1481 1903 1576 1953 καὶ
1604 1901 1702 1972 τὴν
1727 1901 1820 1955 τοῦ

231 1989 410 2060 χοϊκοῦ
447 1991 803 2060 φρονήματος
836 1990 923 2042 διὰ
961 1990 1142 2060 πάσης
1171 1992 1404 2062 σπουδῆς
1430 1993 1699 2045 ποιεῖσθαι
1724 2010 1822 2045 κοι-

231 2082 491 2153 θαὶρεσιν,
537 2081 630 2133 καὶ
665 2081 956 2150 φυλάττειν
998 2081 1064 2134 τά
1103 2081 1256 2153 τείχη
1292 2084 1390 2152 τῆς
1423 2085 1650 2148 πόλεως’
1677 2085 1822 2154 λέγω

228 2171 406 2235 δὲτὰς
449 2173 829 2244 φρουρητικάς
890 2173 988 2242 τῆς
1031 2173 1209 2244 ψυχῆς
1259 2175 1478 2244 ἀρετάς,
1521 2176 1683 2246 ἣτάς
1714 2176 1821 2228 τῶν

228 2265 432 2335 ἀρετῶν
477 2265 827 2334 φυλακτικάς
867 2266 1146 2336 μεθόδους·
1187 2269 1514 2338 ἐγκράτειαν
1546 2269 1690 2337 λέγω
1729 2269 1824 2321 καὶ

230 2358 504 2427 ὑπομονήν
533 2374 550 2389 ·
594 2359 792 2427 μήπως
836 2357 924 2410 διά
977 2359 1085 2411 τῶν
1123 2359 1315 2424 δεξιῶν
1348 2361 1658 2432 ἀπατήσας,
1696 2364 1824 2414 ἁπο-

230 2452 394 2527 στῄσῃ
421 2449 564 2504 Θεοῦ
598 2449 806 2520 κλέψας
835 2451 933 2521 τὴν
967 2451 1173 2519 ἔφεσιν,
1202 2455 1230 2506 ὁ
1261 2453 1358 2526 τὴν
1382 2453 1561 2525 ψυχὴν
1589 2454 1822 2516 ποτίζων

227 2543 550 2614 ἀνατραπὴν
575 2542 826 2613 θολεράν,
849 2545 944 2596 καὶ
965 2543 1052 2596 διὰ
1073 2545 1182 2598 τῶν
1215 2546 1588 2616 νομιζομένων
1618 2546 1819 2610 καλῶν,

227 2634 359 2704 πρὸς
391 2633 459 2687 τὰ
502 2634 730 2705 χείρονα
784 2633 884 2705 τὴν
928 2635 996 2688 τὰ
1055 2637 1200 2691 καλὰ
1253 2635 1524 2706 ζητοῦσαν
1573 2638 1819 2709 ὑποσὺρῃ

226 2726 475 2782 διάνοιαν.

293 2906 387 2960 οϐ’.
437 2906 496 2960 Ὀ
526 2908 793 2977 γενναίως
841 2909 930 2962 διά
969 2913 1071 2980 τῆς
1107 2910 1498 2984 λελογισμένης
1533 2914 1626 2967 καὶ
1665 2931 1822 2986 περι-

227 2999 444 3070 εκτικῆς
481 2999 817 3070 ἐγκρατείας
868 3000 930 3071 (ί)
960 3003 1056 3055 καὶ
1096 3003 1375 3072 ὑπομονῆς
1407 3003 1585 3073 μύσας
1611 3005 1708 3067 τάς
1738 3007 1822 3058 αἰ·-

1919 515 2214 582 clauserit,
2237 533 2533 587 rerumque
2576 535 2798 575 sensum
2841 523 3182 577 moventium
3224 523 3517 594 cogitatio-

1918 622 2044 661 nem
2093 610 2532 679 memoriamque
2575 613 2801 666 omnino
2851 614 3193 668 submoverit
3235 633 3247 668 :
3287 623 3520 671 natura-

1919 701 2109 771 lesque
2146 702 2336 758 itidem
2367 704 2537 757 animi
2565 713 2749 758 motus
2779 705 2876 758 abs
2907 705 3222 760 scrutandis
3256 707 3366 761 illis
3398 723 3522 778 quas

1918 795 2168 849 exterius
2213 805 2372 859 sunt,
2428 797 2652 866 penitus
2700 799 3040 861 coercuerit,
3093 797 3280 852 divina
3325 799 3521 854 dextra

1920 885 2251 954 opitulante,
2286 887 2483 950 victor,
2513 902 2634 956 qua:
2667 886 2719 940 in
2748 902 2874 941 eum
2900 887 3271 942 insurrexerat
3300 891 3524 960 nequis-

1922 979 2115 1031 simam
2145 993 2208 1032 ac
2240 978 2584 1049 tyrannicam
2620 988 2972 1048 potestatem,
3003 979 3272 1034 confudit.

1995 1071 2080 1123 77.
2133 1069 2270 1123 Cum
2323 1071 2466 1126 ratio
2515 1088 2736 1136 amens,
2789 1073 2868 1125 ira
2919 1087 3196 1141 prmeeps,
3246 1071 3524 1142 cupiditas

1923 1159 2043 1213 sine
2080 1160 2315 1225 ratione,
2359 1160 2691 1229 ignorantia,
2725 1163 2829 1224 vis,
2868 1163 3093 1215 lascivia
3138 1163 3381 1216 animum
3419 1163 3523 1218 sibi

1922 1249 2326 1318 manciparint;
2388 1255 2522 1304 ttmc
2581 1251 2773 1321 vigens
2833 1261 2997 1320 atque
3053 1250 3241 1305 eilicax
3300 1252 3526 1306 malitiae

1924 1341 2169 1406 habitus,
2220 1343 2513 1412 multiplici
2558 1359 2822 1398 sensuum
2870 1344 3088 1398 libidini
3135 1346 3522 1415 complicatus,

1923 1433 2169 1502 proclive
2205 1434 2409 1488 evadit.

1999 1525 2083 1580 78.
2119 1525 2316 1595 Operae
2360 1527 2601 1596 pretium
2649 1537 2752 1591 est,
2790 1535 2849 1581 ut
2894 1529 3175 1597 sapienter
3218 1528 3527 1583 invisibiles

1925 1633 2260 1688 congressus
2297 1621 2684 1691 subterfugere
2722 1621 2918 1675 doctus
2965 1622 3206 1684 animus,
3233 1637 3344 1690 quo
3387 1630 3526 1674 tem-

1928 1723 2061 1778 pore
2094 1711 2449 1778 nequissima:
2496 1720 2800 1780 potestates
2833 1710 3187 1774 adoriuntur,
3223 1727 3325 1765 nec
3359 1721 3493 1766 natu

1854 1783 1894 1838 Β
1927 1804 2094 1856 ralem
2125 1803 2288 1856 obeat
2317 1804 2774 1872 speculationem,
2819 1820 3000 1872 neque
3040 1803 3191 1856 aliud
3225 1804 3358 1872 quid
3389 1821 3528 1874 pne-

1925 1900 2052 1955 stet,
2089 1893 2192 1948 nisi
2235 1895 2412 1948 solum
2463 1903 2525 1947 ut
2577 1894 2842 1963 precibus
2885 1893 3166 1948 incumbat
3212 1910 3276 1948 ac
3323 1910 3526 1964 corpus

1924 1983 2208 2038 laboribus
2270 1985 2489 2051 domet,
2549 1987 2814 2055 omnique
2881 1986 3168 2057 diligentia
3236 1995 3522 2041 terrenum

1925 2091 2147 2130 sensum
2205 2093 2267 2130 ac
2318 2077 2667 2147 prudentiam
2719 2079 3004 2142 destruat,
3059 2087 3224 2148 atque
3284 2079 3525 2132 civitatis

1925 2184 2113 2222 muros
2154 2170 2476 2223 custodiat:
2513 2186 2710 2240 nempe
2754 2171 3012 2234 virtutes,
3053 2171 3259 2241 quibus
3303 2171 3524 2225 animus

1927 2271 1988 2316 ut
2031 2264 2285 2331 praesidio
2328 2263 2641 2326 muniatur;
2677 2271 2770 2316 aut
2805 2264 3047 2317 rationes
3083 2264 3313 2331 viasque
3348 2264 3526 2317 virtu-

1929 2365 2044 2409 tum
2073 2357 2335 2410 custodes
2368 2356 2787 2425 (continentiam
2824 2355 3038 2409 scilicet
3068 2363 3120 2409 et
3153 2354 3523 2425 patientiam),

1925 2464 1994 2502 ne
2037 2464 2147 2517 quo
2184 2447 2346 2501 modo
2374 2448 2442 2511 is,
2477 2447 2569 2516 qui
2621 2447 2845 2500 turbida
2887 2446 3247 2500 subversione
3280 2447 3522 2500 animum

1926 2548 2079 2608 potat
2113 2540 2178 2601 δί’,
2229 2554 2326 2607 per
2362 2554 2624 2608 prospera
2654 2537 2990 2600 seducendo,
3019 2537 3329 2590 clanculum
3356 2552 3384 2589 a
3414 2537 3526 2591 lleo

1925 2629 2286 2697 cupiditatem
2332 2634 2574 2690 avertat;
2605 2641 2669 2679 ac
2711 2641 2809 2694 per
2841 2640 2926 2686 ea,
2961 2637 3082 2691 quae
3131 2622 3350 2676 honesti
3397 2637 3524 2692 spe-

1925 2720 2065 2774 ciem
2117 2719 2354 2782 habent,
2407 2726 2645 2771 mentem
2697 2717 2814 2769 inec
2867 2715 2984 2785 ipsa
3037 2723 3409 2784 quaerentem,
3455 2714 3522 2767 ad

1925 2814 2203 2866 deteriora
2236 2811 2499 2880 paulatim
2537 2810 2736 2862 trahat.

1996 2905 2084 2960 79.
2121 2905 2223 2971 Qui
2252 2904 2601 2959 considerata
2628 2918 2690 2956 ac
2720 2909 3013 2955 coercente
3033 2916 3129 2956 seu
3157 2911 3523 2955 conservantc

1925 3015 1986 3053 ac
2021 3001 2296 3052 retinente
2328 2997 2671 3052 continentia
2711 2995 3085 3064 patientiaque
3133 3003 3357 3047 strenue
3399 3009 3529 3046 seu-

228 3090 464 3162 σθήσεις,
492 3090 598 3144 καὶ
622 3091 712 3145 διά
735 3092 844 3145 τῶν
867 3091 1007 3146 κατὰ
1035 3092 1217 3164 ψυχὴν
1247 3095 1533 3173 δυνάμεων
1556 3096 1656 3160 τὰς
1687 3097 1819 3168 πρὸς

1933 3108 2022 3147 sus
2045 3093 2332 3153 clauserit,
2371 3106 2668 3158 rerumque
2701 3104 2924 3142 sensum
2962 3087 3314 3141 moventium'
3334 3085 3526 3156 ﬁguris

222 3181 312 3236 τὸν
345 3183 470 3237 νοῦν
519 3183 634 3236 τῶν
668 3184 946 3256 αἰσθητῶν
990 3186 1293 3258 σχημάτων
1323 3187 1679 3256 ἀποτειχίσας
1705 3190 1821 3240 εἰσ-ο

223 3276 392 3342 ὁδους,
420 3279 674 3349 εὐχερῶς
728 3276 823 3330 τοῦ
876 3277 1129 3331 διαϐόλου
1177 3278 1275 3342 τὰς
1313 3279 1556 3349 πονηράς
1587 3278 1823 3332 διόλλυσι

229 3369 498 3439 μηχανὰς,
544 3369 906 3439 ὑποστρέφων
952 3370 1114 3423 αὑτὸν
1159 3371 1278 3439 μετ’
1314 3371 1576 3442 αἰσχύνης
1618 3374 1682 3443 τῇ
1720 3371 1824 3442 όδῷ

222 3454 255 3534 ᾖ
285 3457 471 3532 ἦλθεν.
528 3461 685 3525 Ὀδὸς
715 3462 770 3514 δὲ
801 3462 864 3515 δι’
903 3458 972 3535 ἧς
1002 3465 1030 3516 ὁ
1058 3463 1304 3527 διάϐολος
1329 3464 1571 3534 ἔρχεται,
1609 3465 1726 3518 ἐστὶ
1753 3465 1823 3519 τὰ

223 3554 356 3624 πρὸς
408 3556 681 3610 σύστασιν
722 3556 817 3609 τοῦ
858 3557 1110 3628 σώματος
1159 3555 1297 3610 εἶναι
1343 3557 1606 3614 δοκοῦντα.
1639 3558 1820 3614 ὑλικὰ.

288 3817 365 3874 π’.
397 3819 553 3883 Νοῦς
603 3818 784 3890 ἐαυτῷ
813 3822 956 3875 κατὰ
992 3821 1154 3889 φύσιν
1195 3821 1283 3875 διὰ
1319 3823 1483 3894 μέσου
1515 3823 1675 3891 λόγου
1703 3841 1824 3877 συν-

219 3911 362 3979 άψας
423 3914 531 3984 τὴν
581 3913 856 3982 αἴσθησιν,
917 3915 1014 3986 τὴν
1058 3917 1123 3970 ὲκ
1171 3919 1268 3988 τῆς
1310 3919 1547 3989 φυσικῆς
1587 3919 1822 3990 θεωρίας

214 4003 396 4077 ἀληθῆ
423 4007 756 4074 συλλέγεται
785 4007 1009 4076 γνῶσιν.

288 4104 404 4151 ita}.
441 4099 635 4167 Πηγαί
687 4101 826 4152 εἰσιν
862 4099 964 4163 ἔξω
1023 4100 1123 4167 τῆς
1171 4101 1401 4166 πόλεως’
1438 4103 1688 4156 τουτέστι
1720 4104 1821 4174 τῆς

213 4187 422 4259 ψυχῆς
447 4189 516 4252 ἃς
551 4189 796 4253 Ἐζεκίας
819 4193 1141 4262 ἐμφράττει·
1160 4193 1225 4246 τά
1242 4194 1474 4265 αἰσθητὰ
1497 4197 1676 4248 πάντα
1701 4199 1817 4268 (mf

217 4280 390 4336 ὑδατα
452 4284 512 4337 δὲ
575 4284 782 4336 τούτων
820 4286 1151 4354 τυγχάνουσι
1195 4287 1303 4340 τῶν
1363 4290 1576 4357 πηγῶν,
1613 4292 1680 4342 τΞι
1714 4292 1821 4344 τῶν

213 4374 502 4446 αίσθητῶν
535 4377 806 4445 νοήματα·
859 4377 1104 4447 ποταμὸς
1142 4378 1200 4430 δὲ
1245 4379 1493 4449 διορίζων
1528 4381 1616 4433 διά
1649 4381 1821 4452 μέσης

1927 3201 2027 3257 per
2069 3187 2266 3240 animae
2309 3185 2456 3240 vires
2503 3183 2711 3236 aditum
2754 3183 2808 3235 in
2860 3190 3099 3235 mentem
3147 3180 3522 3250 interceperit,

1927 3281 1994 3346 is,
2019 3281 2164 3334 facili
2205 3279 2428 3351 negotio
2464 3276 2831 3346 nequissimas
2857 3274 3061 3328 diaboli
3101 3273 3385 3328 machinas
3410 3274 3525 3328 dis-

1927 3374 2070 3444 sipat
2097 3390 2160 3429 ac
2195 3375 2407 3444 perdit;
2442 3372 2624 3427 redire
2663 3387 2789 3425 eum
2825 3370 3036 3440 pudore
3072 3385 3296 3439 cogens,
3325 3369 3520 3424 eadem

1927 3467 2044 3537 ipsa
2071 3468 2180 3531 via,
2210 3483 2319 3537 qua
2351 3466 2519 3520 venit.
2551 3465 2646 3519 Via
2674 3473 2859 3518 autem
2898 3479 3006 3532 qua
3048 3463 3304 3517 diabolus
3343 3464 3518 3528 venit,
3586 3528 3592 3532 _

1926 3568 2148 3614 terrena
2177 3561 2268 3614 illa
2301 3547 2636 3613 adminicula
2671 3565 2821 3620 sunt,
2855 3573 2977 3626 quae
3006 3555 3071 3610 ad
3105 3555 3356 3626 corporis
3389 3571 3523 3610 con-

1925 3651 2160 3708 ilandam
2191 3654 2356 3707 vitam
2396 3667 2459 3705 ac
2493 3649 2926 3706 conservandam
2968 3649 3285 3705 conducere
3325 3648 3522 3704 viden-

1926 3750 2018 3795 tur
2047 3741 2113 3794 ⁷ο.

1996 3832 2086 3888 80.
2121 3832 2356 3886 Animus
2393 3832 2488 3901 qui
2529 3831 2634 3886 sibi
2668 3827 2998 3883 intermedia
3044 3829 3281 3891 ratione,
3314 3827 3392 3880 uti
3424 3843 3520 3882 na-

1925 3934 2049 3980 tura
2084 3933 2462 3994 comparatum
2505 3933 2607 3986 est,
2647 3937 2870 3982 sensum
2926 3921 3289 3989 copulaverit,
3333 3934 3516 3974 veram

1923 4033 1991 4071 ex
2017 4016 2253 4070 naturali
2285 4015 2662 4085 speculatione
2695 4013 2872 4083 carpit
2898 4011 3210 4067 scientiam.

1995 4107 2083 4162 8-l.
2145 4107 2346 4161 Fontes
2395 4113 2547 4158 extra
2603 4105 2886 4159 civitatem
2941 4102 3214 4173 (animam
3272 4101 3518 4170 scilicet)

1925 4216 2064 4270 quos
2091 4199 2358 4254 Ezechias
2401 4197 2680 4251 obstruxit
2706 4197 2773 4261 τί,
2803 4202 3002 4249 cuneta
3048 4209 3111 4247 ea
3155 4202 3282 4248 sunt
3310 4210 3432 4262 quae
3464 4193 3520 4248 in

1925 4309 2149 4348 sensum
2187 4292 2413 4346 cadunt.
2452 4289 2657 4343 ﬂorum
2702 4297 2889 4342 autem
2935 4285 3170 4341 fontium
3216 4302 3391 4356 aqum,
3425 4302 3522 4340 ca-

1925 4382 2177 4436 rumdem
2225 4396 2412 4436 rerum
2459 4388 2588 4434 sunt
2629 4388 2912 4448 conceptae
2957 4377 3141 4431 animo
3181 4377 3424 4431 rationes
3459 4392 3524 4430 ac

211 4465 313 4536 τῆς
359 4465 584 4530 πόλεώς
619 4469 788 4531 ἐστιν,
831 4470 863 4538 ἡ
907 4472 1045 4522 κατὰ
1075 4472 1310 4541 φυσικὴν
1353 4471 1585 4542 Θεωρίαν
1619 4477 1682 4526 ἐκ
1712 4475 1819 4527 τῶν

1933 4476 2200 4530 notiones.
2239 4473 2470 4529 Fluvius
2517 4487 2617 4543 per
2657 4471 2894 4526 mediam
2932 4470 3200 4526 dirimens
3236 4469 3395 4540 553
3441 4469 3522 4524 ci-

282 4622 328 4654 ⁸⁸
353 4622 572 4680 Hahae.
600 4640 659 4691 ιι,
686 4625 774 4682 15.
853 4627 900 4661 τ⁰
925 4625 993 4682 IV
1025 4627 1157 4698 Reg.
1192 4644 1302 4692 χιιι,
1333 4629 1420 4684 55.

285 4781 363 4851 (k)
401 4781 522 4848 Τὰς
557 4780 856 4848 domitore
892 4784 1256 4851 συμπλοκὰς
1281 4786 1684 4841 ὑπαλύσκειν.
1740 4787 1820 4843 Ita

210 4864 422 4924 nempe
461 4867 608 4924 saepe
632 4862 856 4924 cautum
897 4854 1148 4910 victoria:
1183 4863 1291 4920 est,
1325 4855 1474 4924 quod
1496 4873 1652 4912 mora
1677 4865 1820 4912 tem-

210 4921 372 5001 ppris
397 4937 467 4976 ac
500 4921 628 5001 fuga
664 4923 858 5001 przclii,
899 4939 988 5001 res
1015 4941 1144 4980 suas
1196 4926 1322 4996 quis
1346 4921 1411 5001 in
1454 4935 1572 5001 tuto
1615 4936 1818 4998 ponat;

210 4993 499 5069 sinatque_
522 4993 738 5069 hostem
769 4993 1034 5069 ipsum_in
1081 5010 1139 5050 se
1167 4993 1298 5051 suas
1319 4996 1468 5052 vires
1518 4993 1776 5069 frangere
1807 4993 1822 5053 τ

210 5076 325 5129 quo
363 5063 540 5116 modo
569 5063 775 5117 Fabius
807 5081 920 5117 rem
953 5065 1255 5121 Romanam
1291 5067 1605 5122 cunctando
1649 5063 1827 5124 vresti-

210 5133 344 5186 tuit.
404 5137 585 5208 Quem
613 5150 835 5189 sensum
868 5135 1078 5208 melius
1107 5136 1386 5203 redderet,
1413 5139 1560 5208 quod
1584 5154 1651 5193 ex
1688 5155 1818 5194 mss.

208 5202 638 5278 emendandum
669 5214 1012 5274 putaveram,
1058 5202 1452 5260 ὑπαναλίσκειν
1484 5226 1497 5240 ·
1542 5209 1690 5278 quod
1727 5209 1818 5274 sit,

210 5274 498 5348 paulatim
538 5291 845 5348 consumere
880 5279 1176 5348 sensimque
1206 5278 1475 5343 deterere;
1507 5274 1604 5334 sed
1648 5281 1819 5334 malui

206 5344 389 5408 edita,
420 5345 543 5413 ipsa
582 5361 690 5398 non
727 5347 889 5411 mala,
930 5344 1264 5416 relinquere.
1307 5349 1446 5402 Male
1470 5367 1603 5403 vero
1634 5352 1816 5416 Picus,

209 5418 556 5486 συμπλοκάς
583 5417 885 5486 ἀοράτουςζ
921 5417 1206 5472 invisibilia
1236 5419 1533 5474 involucra.

285 5484 350 5556 (ί)
384 5485 504 5538 Καὶ
558 5484 933 5552 πεῄιεπτικῆς
980 5489 1347 5556 ἐγκρατείας.
1383 5490 1560 5544 Etiam
1597 5501 1744 5545 cent.
1782 5507 1816 5555 ι,

207 5557 347 5631 9:2,
380 5559 414 5624 ἠ
478 5557 806 5631 περιεκτικὴ
837 5559 1170 5631 ἐγκράτεια’
1227 5575 1339 5628 quo
1395 5561 1519 5615 loco
1572 5563 1815 5631 Sttgillati

206 5624 426 5698 Obsopr.
468 5632 528 5677 et
558 5624 802 5698 Gesner.
829 5624 960 5681 dum
995 5629 1147 5698 prior
1170 5624 1465 5698 acquisita;
1500 5624 1668 5694 alter:
1694 5633 1816 5686 uni-

205 5695 446 5750 versalis
506 5695 1009 5770 reddi_t.f_Propius_
1043 5715 1162 5770 rem
1215 5695 1397 5770 attigit
1449 5695 1632 5765 Picus,
1681 5703 1814 5756 dum

207 5776 499 5820 caci-rente
529 5767 786 5832 reddidit;
813 5785 932 5838 quac
959 5769 1169 5824 scilicet
1199 5767 1499 5837 contineat,
1521 5781 1814 5843 teneatque

1500 4630 1542 4662 '”
1579 4630 1624 4685 11
1661 4629 1840 4686 Paral.
1871 4647 2039 4690 χχχιι.
2069 4630 2123 4684 3.

1922 4801 1988 4840 ac
2003 4793 2259 4841 coerceat
2286 4784 2554 4847 animum,
2588 4798 2658 4838 ne
2685 4798 2744 4838 se
2769 4783 2966 4838 adduci
3004 4780 3296 4836 aﬂ'ectibus
3318 4781 3467 4835 sinat
3502 4798 3515 4834 :

1926 4857 2006 4910 uti
2047 4872 2115 4911 eo
2149 4857 2274 4911 loco
2313 4857 2635 4924 expositum
2660 4870 2690 4908 a
2713 4855 2944 4924 metuit.

1999 4926 2100 4995 (ml
2158 4927 2235 4980 Τὰ
2265 4922 2522 4990 αἰσθητὰ
2555 4923 2772 4978 πάντα.
2805 4922 3074 4995 Luxatum
3104 4931 3312 4977 textum
3351 4939 3514 4995 secu-

1926 4993 2017 5052 tus
2068 4997 2255 5058 Picus,
2287 4995 2428 5049 nihil
2480 5004 2604 5065 apte
2657 4994 3082 5065 reddiditzi'hoc
3138 5002 3214 5046 est
3269 4993 3520 5065 universa

1924 5067 2146 5122 sensilia
2177 5069 2396 5120 animw.
2428 5063 2571 5120 Sunt
2613 5066 2812 5119 animae
2843 5076 2900 5119 et
2941 5064 3225 5127 dicuntur,
3269 5063 3520 5118 universi

1930 5154 2148 5200 sensus,
2177 5153 2286 5191 non
2317 5137 2560 5192 se‘nsilia.
2584 5136 2724 5190 Illud
2747 5151 2879 5206 ergo
2896 5135 3164 5197 τουτέστι,
3186 5134 3290 5206 τῆς
3318 5133 3519 5206 ψυχῆς,

1930 5209 2192 5279 allegoria
2220 5217 2327 5271 est,
2366 5207 2464 5259 τοῦ
2499 5209 2603 5270 ἔξω
2627 5207 2724 5274 τῆς
2763 5203 2993 5279 πόλεως,
3052 5204 3200 5275 quod
3233 5219 3296 5279 ex
3353 5203 3520 5279 codd.

1931 5275 2315 5345 reprzesento:
2366 5286 2496 5331 sunt
2544 5293 2741 5345 nempe
2788 5276 3032 5336 sensilia,
3089 5276 3367 5329 exteriora
3429 5275 3520 5328 illa

1930 5346 2223 5402 inﬂuentia
2272 5349 2326 5402 in
2360 5349 2623 5411 animam,
2691 5363 2790 5416 per
2847 5362 3064 5409 sensus,
3101 5346 3254 5416 quasi
3305 5357 3520 5399 meatus

1925 5421 2236 5488 quosdam,
2297 5435 2325 5471 a
2379 5419 2579 5487 quibus
2644 5418 2939 5487 diligenter
2995 5417 3348 5477 cavendum,
3421 5417 3515 5469 ob-

1924 5490 2193 5543 strucndo
2219 5489 2443 5542 eosdem
2476 5503 2690 5546 sensus.
2723 5505 2846 5541 cum
2869 5504 2964 5558 per
2994 5504 3090 5543 eos
3115 5503 3218 5540 una
3245 5502 3368 5540 cum
3389 5501 3518 5539 sen-

1923 5559 2141 5623 silibus,
2177 5559 2353 5613 hostis
2390 5560 2615 5628 ingruit.
2655 5559 2797 5613 Sunt
2829 5559 2884 5612 hi
2916 5558 3190 5619 fenestrm,
3245 5572 3342 5625 per
3378 5570 3519 5627 quas

1921 5645 2074 5685 mors
2101 5630 2376 5690 ascendit,
2413 5631 2617 5685 Jcrem.
2651 5645 2725 5694 ts,
2761 5645 2884 5699 qum
2911 5629 3018 5684 alia
3049 5629 3375 5698 metaphora
3401 5633 3512 5688 est,

1919 5701 2170 5772 ejusdem
2194 5715 2408 5755 sensus.
