  <div class='ocr_page' id='page_1' title='image "/cluster/home/n/w/nwhite01/storage/ocr_20150623/90:no.1/coo.31924054869940/641.png"; bbox 0 0 4020 6396; ppageno 0'>
   <div class='ocr_carea' id='block_1_1' title="bbox 555 259 685 324">
    <p class='ocr_par' dir='ltr' id='par_1_1' title="bbox 555 259 685 324">
     <span class='ocr_line' id='line_1_1' title="bbox 555 259 685 324; baseline 0.015 -2"><span class='ocrx_word' id='word_1_1' title='bbox 555 259 685 324; x_wconf 72' lang='lat'><strong>12.31</strong></span> 
     </span>
    </p>
   </div>
   <div class='ocr_carea' id='block_1_2' title="bbox 549 362 2147 435">
    <p class='ocr_par' dir='ltr' id='par_1_2' title="bbox 549 362 2147 435">
     <span class='ocr_line' id='line_1_2' title="bbox 549 362 2147 435; baseline -0.004 -14"><span class='ocrx_word' id='word_1_2' title='bbox 549 368 799 423; x_wconf 88' lang='lat' dir='ltr'><strong>vitatem.</strong></span> <span class='ocrx_word' id='word_1_3' title='bbox 836 377 959 435; x_wconf 72' lang='lat' dir='ltr'><strong>quae</strong></span> <span class='ocrx_word' id='word_1_4' title='bbox 999 362 1240 418; x_wconf 79' lang='lat' dir='ltr'><strong>naturali</strong></span> <span class='ocrx_word' id='word_1_5' title='bbox 1281 362 1660 433; x_wconf 76' lang='lat' dir='ltr'><strong>speculatione</strong></span> <span class='ocrx_word' id='word_1_6' title='bbox 1699 377 1769 417; x_wconf 85' lang='lat' dir='ltr'><strong>ex</strong></span> <span class='ocrx_word' id='word_1_7' title='bbox 1804 376 1989 417; x_wconf 89' lang='lat' dir='ltr'><strong>rerum</strong></span> <span class='ocrx_word' id='word_1_8' title='bbox 2021 376 2147 416; x_wconf 85' lang='lat' dir='ltr'><strong>sen-</strong></span> 
     </span>
    </p>
   </div>
   <div class='ocr_carea' id='block_1_3' title="bbox 551 453 2144 526">
    <p class='ocr_par' dir='ltr' id='par_1_3' title="bbox 551 453 2144 526">
     <span class='ocr_line' id='line_1_3' title="bbox 551 453 2144 526; baseline -0.004 -13"><span class='ocrx_word' id='word_1_9' title='bbox 551 459 739 514; x_wconf 71' lang='lat' dir='ltr'><strong>snlium</strong></span> <span class='ocrx_word' id='word_1_10' title='bbox 777 455 1141 525; x_wconf 89' lang='lat' dir='ltr'><strong>conceptibus</strong></span> <span class='ocrx_word' id='word_1_11' title='bbox 1172 455 1407 510; x_wconf 87' lang='lat' dir='ltr'><strong>scientia</strong></span> <span class='ocrx_word' id='word_1_12' title='bbox 1436 454 1738 526; x_wconf 83' lang='lat' dir='ltr'><strong>colligitur,</strong></span> <span class='ocrx_word' id='word_1_13' title='bbox 1769 469 1871 525; x_wconf 89' lang='lat' dir='ltr'><strong>per</strong></span> <span class='ocrx_word' id='word_1_14' title='bbox 1904 453 2144 509; x_wconf 87' lang='lat' dir='ltr'><strong>mediam</strong></span> 
     </span>
    </p>
   </div>
   <div class='ocr_carea' id='block_1_4' title="bbox 552 529 2148 616">
    <p class='ocr_par' dir='ltr' id='par_1_4' title="bbox 552 529 2148 616">
     <span class='ocr_line' id='line_1_4' title="bbox 552 529 2148 616; baseline -0.004 -11"><span class='ocrx_word' id='word_1_15' title='bbox 552 549 830 605; x_wconf 87' lang='lat' dir='ltr'><strong>transiens</strong></span> <span class='ocrx_word' id='word_1_16' title='bbox 870 547 1134 608; x_wconf 89' lang='lat' dir='ltr'><strong>animam.</strong></span> <span class='ocrx_word' id='word_1_17' title='bbox 1171 556 1232 601; x_wconf 91' lang='lat' dir='ltr'><strong>ut</strong></span> <span class='ocrx_word' id='word_1_18' title='bbox 1267 529 1391 616; x_wconf 76' lang='lat' dir='ltr'><strong>quae</strong></span> <span class='ocrx_word' id='word_1_19' title='bbox 1433 554 1674 603; x_wconf 81' lang='lat' dir='ltr'><strong>mentem</strong></span> <span class='ocrx_word' id='word_1_20' title='bbox 1714 546 1861 601; x_wconf 89' lang='lat' dir='ltr'><strong>inter</strong></span> <span class='ocrx_word' id='word_1_21' title='bbox 1896 560 2148 601; x_wconf 90' lang='lat' dir='ltr'><strong>sensum-</strong></span> 
     </span>
    </p>
   </div>
   <div class='ocr_carea' id='block_1_5' title="bbox 550 636 2145 711">
    <p class='ocr_par' dir='ltr' id='par_1_5' title="bbox 550 636 2145 711">
     <span class='ocr_line' id='line_1_5' title="bbox 550 636 2145 711; baseline -0.003 -17"><span class='ocrx_word' id='word_1_22' title='bbox 550 657 658 711; x_wconf 88' lang='lat' dir='ltr'><strong>que</strong></span> <span class='ocrx_word' id='word_1_23' title='bbox 690 640 925 695; x_wconf 79' lang='lat' dir='ltr'><strong>confinis</strong></span> <span class='ocrx_word' id='word_1_24' title='bbox 954 639 1047 693; x_wconf 85' lang='lat' dir='ltr'><strong>sit.</strong></span> <span class='ocrx_word' id='word_1_25' title='bbox 1076 639 1286 693; x_wconf 83' lang='lat' dir='ltr'><strong>Rerum</strong></span> <span class='ocrx_word' id='word_1_26' title='bbox 1312 638 1461 692; x_wconf 88' lang='lat' dir='ltr'><strong>enim</strong></span> <span class='ocrx_word' id='word_1_27' title='bbox 1494 637 1549 692; x_wconf 88' lang='lat' dir='ltr'><strong>in</strong></span> <span class='ocrx_word' id='word_1_28' title='bbox 1579 652 1802 692; x_wconf 83' lang='lat' dir='ltr'><strong>sensum</strong></span> <span class='ocrx_word' id='word_1_29' title='bbox 1828 636 2145 692; x_wconf 81' lang='lat' dir='ltr'><strong>cadentium</strong></span> 
     </span>
    </p>
   </div>
   <div class='ocr_carea' id='block_1_6' title="bbox 552 727 2143 800">
    <p class='ocr_par' dir='ltr' id='par_1_6' title="bbox 552 727 2143 800">
     <span class='ocr_line' id='line_1_6' title="bbox 552 727 2143 800; baseline -0.003 -15"><span class='ocrx_word' id='word_1_30' title='bbox 552 730 808 794; x_wconf 89' lang='lat' dir='ltr'><strong>scientia,</strong></span> <span class='ocrx_word' id='word_1_31' title='bbox 842 744 947 784; x_wconf 91' lang='lat' dir='ltr'><strong>nec</strong></span> <span class='ocrx_word' id='word_1_32' title='bbox 988 745 1020 783; x_wconf 89' lang='lat' dir='ltr'><strong>a</strong></span> <span class='ocrx_word' id='word_1_33' title='bbox 1059 729 1267 784; x_wconf 88' lang='lat' dir='ltr'><strong>mentis</strong></span> <span class='ocrx_word' id='word_1_34' title='bbox 1310 744 1537 800; x_wconf 84' lang='lat' dir='ltr'><strong>prorsus</strong></span> <span class='ocrx_word' id='word_1_35' title='bbox 1569 728 1835 783; x_wconf 84' lang='lat' dir='ltr'><strong>abhorret</strong></span> <span class='ocrx_word' id='word_1_36' title='bbox 1861 727 2143 792; x_wconf 83' lang='lat' dir='ltr'><strong>facultate,</strong></span> 
     </span>
    </p>
   </div>
   <div class='ocr_carea' id='block_1_7' title="bbox 550 818 2143 890">
    <p class='ocr_par' dir='ltr' id='par_1_7' title="bbox 550 818 2143 890">
     <span class='ocr_line' id='line_1_7' title="bbox 550 818 2143 890; baseline -0.002 -15"><span class='ocrx_word' id='word_1_37' title='bbox 550 837 656 877; x_wconf 89' lang='lat' dir='ltr'><strong>nec</strong></span> <span class='ocrx_word' id='word_1_38' title='bbox 698 822 755 876; x_wconf 89' lang='lat' dir='ltr'><strong>in</strong></span> <span class='ocrx_word' id='word_1_39' title='bbox 803 821 1043 875; x_wconf 89' lang='lat' dir='ltr'><strong>solidum</strong></span> <span class='ocrx_word' id='word_1_40' title='bbox 1096 820 1408 890; x_wconf 89' lang='lat' dir='ltr'><strong>operationi</strong></span> <span class='ocrx_word' id='word_1_41' title='bbox 1458 835 1656 875; x_wconf 88' lang='lat' dir='ltr'><strong>sensus</strong></span> <span class='ocrx_word' id='word_1_42' title='bbox 1703 819 1998 885; x_wconf 84' lang='lat' dir='ltr'><strong>tribuitur;</strong></span> <span class='ocrx_word' id='word_1_43' title='bbox 2048 818 2143 873; x_wconf 91' lang='lat' dir='ltr'><strong>sed</strong></span> 
     </span>
    </p>
   </div>
   <div class='ocr_carea' id='block_1_8' title="bbox 551 913 2147 982">
    <p class='ocr_par' dir='ltr' id='par_1_8' title="bbox 551 913 2147 982">
     <span class='ocr_line' id='line_1_8' title="bbox 551 913 2147 982; baseline -0.002 -13"><span class='ocrx_word' id='word_1_44' title='bbox 551 915 707 969; x_wconf 89' lang='lat' dir='ltr'><strong>velut</strong></span> <span class='ocrx_word' id='word_1_45' title='bbox 760 913 975 977; x_wconf 89' lang='lat' dir='ltr'><strong>media,</strong></span> <span class='ocrx_word' id='word_1_46' title='bbox 1024 928 1131 982; x_wconf 91' lang='lat' dir='ltr'><strong>qua</strong></span> <span class='ocrx_word' id='word_1_47' title='bbox 1184 928 1342 968; x_wconf 90' lang='lat' dir='ltr'><strong>mens</strong></span> <span class='ocrx_word' id='word_1_48' title='bbox 1396 927 1521 967; x_wconf 87' lang='lat' dir='ltr'><strong>cum</strong></span> <span class='ocrx_word' id='word_1_49' title='bbox 1593 927 1788 976; x_wconf 87' lang='lat' dir='ltr'><strong>sensu,</strong></span> <span class='ocrx_word' id='word_1_50' title='bbox 1842 926 2147 981; x_wconf 88' lang='lat' dir='ltr'><strong>sensusque</strong></span> 
     </span>
    </p>
   </div>
   <div class='ocr_carea' id='block_1_9' title="bbox 555 1000 2148 1070">
    <p class='ocr_par' dir='ltr' id='par_1_9' title="bbox 555 1000 2148 1070">
     <span class='ocr_line' id='line_1_9' title="bbox 555 1000 2148 1070; baseline -0.003 -12"><span class='ocrx_word' id='word_1_51' title='bbox 555 1018 683 1058; x_wconf 90' lang='lat' dir='ltr'><strong>cum</strong></span> <span class='ocrx_word' id='word_1_52' title='bbox 717 1010 905 1056; x_wconf 88' lang='lat' dir='ltr'><strong>mente</strong></span> <span class='ocrx_word' id='word_1_53' title='bbox 950 1009 1177 1067; x_wconf 90' lang='lat' dir='ltr'><strong>coeunt,</strong></span> <span class='ocrx_word' id='word_1_54' title='bbox 1217 1016 1411 1056; x_wconf 85' lang='lat' dir='ltr'><strong>eorum</strong></span> <span class='ocrx_word' id='word_1_55' title='bbox 1462 1002 1610 1056; x_wconf 92' lang='lat' dir='ltr'><strong>inter</strong></span> <span class='ocrx_word' id='word_1_56' title='bbox 1648 1016 1707 1056; x_wconf 87' lang='lat' dir='ltr'><strong>se</strong></span> <span class='ocrx_word' id='word_1_57' title='bbox 1740 1016 1771 1055; x_wconf 92' lang='lat' dir='ltr'><strong>a</strong></span> <span class='ocrx_word' id='word_1_58' title='bbox 1806 1000 1986 1070; x_wconf 90' lang='lat' dir='ltr'><strong>seipsa</strong></span> <span class='ocrx_word' id='word_1_59' title='bbox 2016 1015 2148 1054; x_wconf 86' lang='lat' dir='ltr'><strong>con-</strong></span> 
     </span>
    </p>
   </div>
   <div class='ocr_carea' id='block_1_10' title="bbox 550 1094 2147 1167">
    <p class='ocr_par' dir='ltr' id='par_1_10' title="bbox 550 1094 2147 1167">
     <span class='ocr_line' id='line_1_10' title="bbox 550 1094 2147 1167; baseline -0.001 -18"><span class='ocrx_word' id='word_1_60' title='bbox 550 1096 899 1167; x_wconf 86' lang='lat' dir='ltr'><strong>junctionem</strong></span> <span class='ocrx_word' id='word_1_61' title='bbox 931 1094 1065 1149; x_wconf 87' lang='lat' dir='ltr'><strong>facit</strong></span> <span class='ocrx_word' id='word_1_62' title='bbox 1102 1111 1115 1147; x_wconf 90' lang='lat'><strong>:</strong></span> <span class='ocrx_word' id='word_1_63' title='bbox 1154 1108 1319 1148; x_wconf 83' lang='lat' dir='ltr'><strong>sensu</strong></span> <span class='ocrx_word' id='word_1_64' title='bbox 1353 1094 1601 1164; x_wconf 87' lang='lat' dir='ltr'><strong>quidem,</strong></span> <span class='ocrx_word' id='word_1_65' title='bbox 1633 1109 1824 1149; x_wconf 90' lang='lat' dir='ltr'><strong>rerum</strong></span> <span class='ocrx_word' id='word_1_66' title='bbox 1857 1094 2147 1148; x_wconf 88' lang='lat' dir='ltr'><strong>sensilium</strong></span> 
     </span>
    </p>
   </div>
   <div class='ocr_carea' id='block_1_11' title="bbox 550 1168 2147 1255">
    <p class='ocr_par' dir='ltr' id='par_1_11' title="bbox 550 1168 2147 1255">
     <span class='ocr_line' id='line_1_11' title="bbox 550 1168 2147 1255; baseline 0.003 -19"><span class='ocrx_word' id='word_1_67' title='bbox 550 1168 777 1254; x_wconf 84' lang='lat' dir='ltr'><strong>ﬁguris,</strong></span> <span class='ocrx_word' id='word_1_68' title='bbox 826 1184 1012 1253; x_wconf 84' lang='lat' dir='ltr'><strong>specie</strong></span> <span class='ocrx_word' id='word_1_69' title='bbox 1062 1182 1330 1250; x_wconf 82' lang='lat' dir='ltr'><strong>formata;</strong></span> <span class='ocrx_word' id='word_1_70' title='bbox 1392 1193 1579 1240; x_wconf 87' lang='lat' dir='ltr'><strong>mente</strong></span> <span class='ocrx_word' id='word_1_71' title='bbox 1606 1199 1790 1248; x_wconf 68' lang='lat' dir='ltr'><strong>.vero,</strong></span> <span class='ocrx_word' id='word_1_72' title='bbox 1847 1184 2147 1255; x_wconf 82' lang='lat' dir='ltr'><strong>ﬁgurarum</strong></span> 
     </span>
    </p>
   </div>
   <div class='ocr_carea' id='block_1_12' title="bbox 556 1272 2149 1348">
    <p class='ocr_par' dir='ltr' id='par_1_12' title="bbox 556 1272 2149 1348">
     <span class='ocr_line' id='line_1_12' title="bbox 556 1272 2149 1348; baseline 0.001 -19"><span class='ocrx_word' id='word_1_73' title='bbox 556 1274 768 1329; x_wconf 83' lang='lat' dir='ltr'><strong>formas</strong></span> <span class='ocrx_word' id='word_1_74' title='bbox 792 1273 861 1327; x_wconf 92' lang='lat' dir='ltr'><strong>ad</strong></span> <span class='ocrx_word' id='word_1_75' title='bbox 891 1272 1139 1328; x_wconf 85' lang='lat' dir='ltr'><strong>rationes</strong></span> <span class='ocrx_word' id='word_1_76' title='bbox 1170 1274 1533 1330; x_wconf 85' lang='lat' dir='ltr'><strong>transferens.</strong></span> <span class='ocrx_word' id='word_1_77' title='bbox 1554 1274 1925 1342; x_wconf 85' lang='lat' dir='ltr'><strong>Quamobrem</strong></span> <span class='ocrx_word' id='word_1_78' title='bbox 1957 1278 2149 1348; x_wconf 73' lang='lat' dir='ltr'><strong>ﬂuvius</strong></span> 
     </span>
    </p>
   </div>
   <div class='ocr_carea' id='block_1_13' title="bbox 556 1365 2149 1440">
    <p class='ocr_par' dir='ltr' id='par_1_13' title="bbox 556 1365 2149 1440">
     <span class='ocr_line' id='line_1_13' title="bbox 556 1365 2149 1440; baseline 0.003 -22"><span class='ocrx_word' id='word_1_79' title='bbox 556 1383 649 1436; x_wconf 65' lang='lat' dir='ltr'><strong>per</strong></span> <span class='ocrx_word' id='word_1_80' title='bbox 690 1365 921 1420; x_wconf 79' lang='lat' dir='ltr'><strong>mediam</strong></span> <span class='ocrx_word' id='word_1_81' title='bbox 964 1365 1219 1420; x_wconf 74' lang='lat' dir='ltr'><strong>dirimens</strong></span> <span class='ocrx_word' id='word_1_82' title='bbox 1261 1368 1545 1433; x_wconf 81' lang='lat' dir='ltr'><strong>civitatem,</strong></span> <span class='ocrx_word' id='word_1_83' title='bbox 1582 1366 1785 1423; x_wconf 87' lang='lat' dir='ltr'><strong>merito</strong></span> <span class='ocrx_word' id='word_1_84' title='bbox 1829 1376 2149 1440; x_wconf 85' lang='lat' dir='ltr'><strong>nuncupata</strong></span> 
     </span>
    </p>
   </div>
   <div class='ocr_carea' id='block_1_14' title="bbox 556 1458 2151 1528">
    <p class='ocr_par' dir='ltr' id='par_1_14' title="bbox 556 1458 2151 1528">
     <span class='ocr_line' id='line_1_14' title="bbox 556 1458 2151 1528; baseline 0.001 -16"><span class='ocrx_word' id='word_1_85' title='bbox 556 1466 644 1512; x_wconf 89' lang='lat' dir='ltr'><strong>est</strong></span> <span class='ocrx_word' id='word_1_86' title='bbox 697 1472 886 1512; x_wconf 87' lang='lat' dir='ltr'><strong>rerum</strong></span> <span class='ocrx_word' id='word_1_87' title='bbox 942 1458 1001 1512; x_wconf 88' lang='lat' dir='ltr'><strong>in</strong></span> <span class='ocrx_word' id='word_1_88' title='bbox 1051 1466 1338 1528; x_wconf 89' lang='lat' dir='ltr'><strong>aspectum</strong></span> <span class='ocrx_word' id='word_1_89' title='bbox 1393 1458 1712 1515; x_wconf 86' lang='lat' dir='ltr'><strong>cadentium</strong></span> <span class='ocrx_word' id='word_1_90' title='bbox 1768 1458 2040 1525; x_wconf 86' lang='lat' dir='ltr'><strong>scientia,</strong></span> <span class='ocrx_word' id='word_1_91' title='bbox 2087 1466 2151 1514; x_wconf 90' lang='lat' dir='ltr'><strong>ut</strong></span> 
     </span>
    </p>
   </div>
   <div class='ocr_carea' id='block_1_15' title="bbox 557 1549 2148 1621">
    <p class='ocr_par' dir='ltr' id='par_1_15' title="bbox 557 1549 2148 1621">
     <span class='ocr_line' id='line_1_15' title="bbox 557 1549 2148 1621; baseline 0.003 -20"><span class='ocrx_word' id='word_1_92' title='bbox 557 1564 681 1617; x_wconf 65' lang='lat' dir='ltr'><strong>quae</strong></span> <span class='ocrx_word' id='word_1_93' title='bbox 715 1549 956 1603; x_wconf 89' lang='lat' dir='ltr'><strong>duorum</strong></span> <span class='ocrx_word' id='word_1_94' title='bbox 996 1558 1376 1605; x_wconf 87' lang='lat' dir='ltr'><strong>extremorum</strong></span> <span class='ocrx_word' id='word_1_95' title='bbox 1424 1549 1650 1621; x_wconf 89' lang='lat' dir='ltr'><strong>(mentis</strong></span> <span class='ocrx_word' id='word_1_96' title='bbox 1679 1550 1894 1607; x_wconf 91' lang='lat' dir='ltr'><strong>scilicet</strong></span> <span class='ocrx_word' id='word_1_97' title='bbox 1926 1567 1992 1608; x_wconf 90' lang='lat' dir='ltr'><strong>ac</strong></span> <span class='ocrx_word' id='word_1_98' title='bbox 2019 1566 2148 1607; x_wconf 76' lang='lat' dir='ltr'><strong>sen—</strong></span> 
     </span>
    </p>
   </div>
   <div class='ocr_carea' id='block_1_16' title="bbox 557 1638 1233 1706">
    <p class='ocr_par' dir='ltr' id='par_1_16' title="bbox 557 1638 1233 1706">
     <span class='ocr_line' id='line_1_16' title="bbox 557 1638 1233 1706; baseline -0.004 -10"><span class='ocrx_word' id='word_1_99' title='bbox 557 1642 676 1706; x_wconf 77' lang='lat' dir='ltr'><strong>sus)</strong></span> <span class='ocrx_word' id='word_1_100' title='bbox 709 1638 948 1694; x_wconf 82' lang='lat' dir='ltr'><strong>confinis</strong></span> <span class='ocrx_word' id='word_1_101' title='bbox 979 1638 1233 1693; x_wconf 80' lang='lat' dir='ltr'><strong>exsistat.</strong></span> 
     </span>
    </p>
   </div>
   <div class='ocr_carea' id='block_1_17' title="bbox 632 1728 2149 1802">
    <p class='ocr_par' dir='ltr' id='par_1_17' title="bbox 632 1728 2149 1802">
     <span class='ocr_line' id='line_1_17' title="bbox 632 1728 2149 1802; baseline 0.001 -18"><span class='ocrx_word' id='word_1_102' title='bbox 632 1728 721 1785; x_wconf 70' lang='lat'><strong>8.9..</strong></span> <span class='ocrx_word' id='word_1_103' title='bbox 763 1729 891 1796; x_wconf 88' lang='lat' dir='ltr'><strong>Qui,</strong></span> <span class='ocrx_word' id='word_1_104' title='bbox 928 1745 1041 1800; x_wconf 91' lang='lat' dir='ltr'><strong>quo</strong></span> <span class='ocrx_word' id='word_1_105' title='bbox 1088 1738 1340 1800; x_wconf 87' lang='lat' dir='ltr'><strong>tempore</strong></span> <span class='ocrx_word' id='word_1_106' title='bbox 1388 1729 1684 1802; x_wconf 75' lang='lat' dir='ltr'><strong>insurgunt</strong></span> <span class='ocrx_word' id='word_1_107' title='bbox 1728 1729 2085 1796; x_wconf 90' lang='lat' dir='ltr'><strong>tentationes,</strong></span> <span class='ocrx_word' id='word_1_108' title='bbox 2117 1745 2149 1785; x_wconf 90' lang='lat' dir='ltr'><strong>a</strong></span> 
     </span>
    </p>
   </div>
   <div class='ocr_carea' id='block_1_18' title="bbox 556 1820 2146 1893">
    <p class='ocr_par' dir='ltr' id='par_1_18' title="bbox 556 1820 2146 1893">
     <span class='ocr_line' id='line_1_18' title="bbox 556 1820 2146 1893; baseline 0 -16"><span class='ocrx_word' id='word_1_109' title='bbox 556 1820 799 1877; x_wconf 87' lang='lat' dir='ltr'><strong>naturali</strong></span> <span class='ocrx_word' id='word_1_110' title='bbox 867 1837 927 1877; x_wconf 90' lang='lat' dir='ltr'><strong>se</strong></span> <span class='ocrx_word' id='word_1_111' title='bbox 976 1822 1356 1893; x_wconf 89' lang='lat' dir='ltr'><strong>speculatione</strong></span> <span class='ocrx_word' id='word_1_112' title='bbox 1407 1823 1684 1888; x_wconf 87' lang='lat' dir='ltr'><strong>abstinet,</strong></span> <span class='ocrx_word' id='word_1_113' title='bbox 1744 1823 2042 1893; x_wconf 91' lang='lat' dir='ltr'><strong>animoque</strong></span> <span class='ocrx_word' id='word_1_114' title='bbox 2090 1822 2146 1877; x_wconf 93' lang='lat' dir='ltr'><strong>in</strong></span> 
     </span>
    </p>
   </div>
   <div class='ocr_carea' id='block_1_19' title="bbox 558 1913 2149 1985">
    <p class='ocr_par' dir='ltr' id='par_1_19' title="bbox 558 1913 2149 1985">
     <span class='ocr_line' id='line_1_19' title="bbox 558 1913 2149 1985; baseline 0 -16"><span class='ocrx_word' id='word_1_115' title='bbox 558 1913 802 1983; x_wconf 88' lang='lat' dir='ltr'><strong>seipsum</strong></span> <span class='ocrx_word' id='word_1_116' title='bbox 851 1929 916 1969; x_wconf 91' lang='lat' dir='ltr'><strong>ac</strong></span> <span class='ocrx_word' id='word_1_117' title='bbox 957 1914 1130 1969; x_wconf 88' lang='lat' dir='ltr'><strong>Deum</strong></span> <span class='ocrx_word' id='word_1_118' title='bbox 1177 1914 1247 1969; x_wconf 88' lang='lat' dir='ltr'><strong>ab</strong></span> <span class='ocrx_word' id='word_1_119' title='bbox 1285 1915 1543 1971; x_wconf 86' lang='lat' dir='ltr'><strong>omnibus</strong></span> <span class='ocrx_word' id='word_1_120' title='bbox 1596 1915 1852 1979; x_wconf 88' lang='lat' dir='ltr'><strong>collecto,</strong></span> <span class='ocrx_word' id='word_1_121' title='bbox 1889 1914 2149 1985; x_wconf 89' lang='lat' dir='ltr'><strong>precibus</strong></span> 
     </span>
    </p>
   </div>
   <div class='ocr_carea' id='block_1_20' title="bbox 557 2005 2147 2077">
    <p class='ocr_par' dir='ltr' id='par_1_20' title="bbox 557 2005 2147 2077">
     <span class='ocr_line' id='line_1_20' title="bbox 557 2005 2147 2077; baseline 0.001 -17"><span class='ocrx_word' id='word_1_122' title='bbox 557 2005 781 2069; x_wconf 89' lang='lat' dir='ltr'><strong>studet,</strong></span> <span class='ocrx_word' id='word_1_123' title='bbox 837 2006 1090 2060; x_wconf 90' lang='lat' dir='ltr'><strong>habitum</strong></span> <span class='ocrx_word' id='word_1_124' title='bbox 1151 2005 1281 2060; x_wconf 89' lang='lat' dir='ltr'><strong>mali</strong></span> <span class='ocrx_word' id='word_1_125' title='bbox 1337 2015 1623 2077; x_wconf 88' lang='lat' dir='ltr'><strong>parentem</strong></span> <span class='ocrx_word' id='word_1_126' title='bbox 1681 2005 1981 2073; x_wconf 89' lang='lat' dir='ltr'><strong>interimit;</strong></span> <span class='ocrx_word' id='word_1_127' title='bbox 2046 2021 2147 2073; x_wconf 88' lang='lat' dir='ltr'><strong>ac,</strong></span> 
     </span>
    </p>
   </div>
   <div class='ocr_carea' id='block_1_21' title="bbox 555 2094 2148 2167">
    <p class='ocr_par' dir='ltr' id='par_1_21' title="bbox 555 2094 2148 2167">
     <span class='ocr_line' id='line_1_21' title="bbox 555 2094 2148 2167; baseline 0.003 -19"><span class='ocrx_word' id='word_1_128' title='bbox 555 2110 721 2164; x_wconf 86' lang='lat' dir='ltr'><strong>quem</strong></span> <span class='ocrx_word' id='word_1_129' title='bbox 773 2094 889 2149; x_wconf 86' lang='lat' dir='ltr'><strong>dixi</strong></span> <span class='ocrx_word' id='word_1_130' title='bbox 940 2095 1195 2150; x_wconf 88' lang='lat' dir='ltr'><strong>habitum</strong></span> <span class='ocrx_word' id='word_1_131' title='bbox 1247 2107 1657 2167; x_wconf 83' lang='lat' dir='ltr'><strong>suggerentem,</strong></span> <span class='ocrx_word' id='word_1_132' title='bbox 1693 2097 1977 2153; x_wconf 86' lang='lat' dir='ltr'><strong>diabolum</strong></span> <span class='ocrx_word' id='word_1_133' title='bbox 2021 2112 2148 2155; x_wconf 90' lang='lat' dir='ltr'><strong>cum</strong></span> 
     </span>
    </p>
   </div>
   <div class='ocr_carea' id='block_1_22' title="bbox 560 2186 2149 2260">
    <p class='ocr_par' dir='ltr' id='par_1_22' title="bbox 560 2186 2149 2260">
     <span class='ocr_line' id='line_1_22' title="bbox 560 2186 2149 2260; baseline 0.003 -20"><span class='ocrx_word' id='word_1_134' title='bbox 560 2186 778 2255; x_wconf 86' lang='lat' dir='ltr'><strong>pudore</strong></span> <span class='ocrx_word' id='word_1_135' title='bbox 817 2188 1022 2242; x_wconf 80' lang='lat' dir='ltr'><strong>reverti</strong></span> <span class='ocrx_word' id='word_1_136' title='bbox 1048 2188 1195 2260; x_wconf 82' lang='lat' dir='ltr'><strong>cogit</strong></span> <span class='ocrx_word' id='word_1_137' title='bbox 1230 2206 1244 2242; x_wconf 85' lang='lat'><strong>:</strong></span> <span class='ocrx_word' id='word_1_138' title='bbox 1275 2204 1385 2258; x_wconf 93' lang='lat' dir='ltr'><strong>quo</strong></span> <span class='ocrx_word' id='word_1_139' title='bbox 1420 2205 1618 2260; x_wconf 87' lang='lat' dir='ltr'><strong>nempe</strong></span> <span class='ocrx_word' id='word_1_140' title='bbox 1657 2189 1852 2255; x_wconf 87' lang='lat' dir='ltr'><strong>fretus,</strong></span> <span class='ocrx_word' id='word_1_141' title='bbox 1883 2204 2007 2245; x_wconf 89' lang='lat' dir='ltr'><strong>cum</strong></span> <span class='ocrx_word' id='word_1_142' title='bbox 2049 2204 2149 2244; x_wconf 90' lang='lat' dir='ltr'><strong>sua</strong></span> 
     </span>
    </p>
   </div>
   <div class='ocr_carea' id='block_1_23' title="bbox 558 2277 2150 2352">
    <p class='ocr_par' dir='ltr' id='par_1_23' title="bbox 558 2277 2150 2352">
     <span class='ocr_line' id='line_1_23' title="bbox 558 2277 2150 2352; baseline 0.003 -22"><span class='ocrx_word' id='word_1_143' title='bbox 558 2277 652 2332; x_wconf 89' lang='lat' dir='ltr'><strong>ille</strong></span> <span class='ocrx_word' id='word_1_144' title='bbox 699 2279 1021 2349; x_wconf 80' lang='lat' dir='ltr'><strong>arrogantia</strong></span> <span class='ocrx_word' id='word_1_145' title='bbox 1068 2280 1122 2334; x_wconf 94' lang='lat' dir='ltr'><strong>in</strong></span> <span class='ocrx_word' id='word_1_146' title='bbox 1176 2279 1423 2334; x_wconf 89' lang='lat' dir='ltr'><strong>animum</strong></span> <span class='ocrx_word' id='word_1_147' title='bbox 1465 2290 1716 2347; x_wconf 85' lang='lat' dir='ltr'><strong>venerat,</strong></span> <span class='ocrx_word' id='word_1_148' title='bbox 1761 2280 2017 2352; x_wconf 86' lang='lat' dir='ltr'><strong>superbis</strong></span> <span class='ocrx_word' id='word_1_149' title='bbox 2053 2281 2150 2335; x_wconf 87' lang='lat' dir='ltr'><strong>ad-</strong></span> 
     </span>
    </p>
   </div>
   <div class='ocr_carea' id='block_1_24' title="bbox 556 2370 2148 2443">
    <p class='ocr_par' dir='ltr' id='par_1_24' title="bbox 556 2370 2148 2443">
     <span class='ocr_line' id='line_1_24' title="bbox 556 2370 2148 2443; baseline 0.003 -21"><span class='ocrx_word' id='word_1_150' title='bbox 556 2383 759 2425; x_wconf 86' lang='lat' dir='ltr'><strong>versus</strong></span> <span class='ocrx_word' id='word_1_151' title='bbox 780 2370 1071 2425; x_wconf 84' lang='lat' dir='ltr'><strong>veritatem</strong></span> <span class='ocrx_word' id='word_1_152' title='bbox 1097 2370 1529 2443; x_wconf 81' lang='lat' dir='ltr'><strong>cogitationibus</strong></span> <span class='ocrx_word' id='word_1_153' title='bbox 1548 2374 1749 2428; x_wconf 87' lang='lat' dir='ltr'><strong>elatus.</strong></span> <span class='ocrx_word' id='word_1_154' title='bbox 1767 2371 1825 2426; x_wconf 92' lang='lat' dir='ltr'><strong>ld</strong></span> <span class='ocrx_word' id='word_1_155' title='bbox 1849 2388 1981 2427; x_wconf 89' lang='lat' dir='ltr'><strong>vero</strong></span> <span class='ocrx_word' id='word_1_156' title='bbox 2004 2372 2148 2427; x_wconf 88' lang='lat' dir='ltr'><strong>forte</strong></span> 
     </span>
    </p>
   </div>
   <div class='ocr_carea' id='block_1_25' title="bbox 559 2459 2151 2535">
    <p class='ocr_par' dir='ltr' id='par_1_25' title="bbox 559 2459 2151 2535">
     <span class='ocr_line' id='line_1_25' title="bbox 559 2459 2151 2535; baseline 0.004 -24"><span class='ocrx_word' id='word_1_157' title='bbox 559 2473 792 2528; x_wconf 87' lang='lat' dir='ltr'><strong>magnus</strong></span> <span class='ocrx_word' id='word_1_158' title='bbox 835 2459 1005 2515; x_wconf 86' lang='lat' dir='ltr'><strong>David</strong></span> <span class='ocrx_word' id='word_1_159' title='bbox 1051 2476 1177 2515; x_wconf 91' lang='lat' dir='ltr'><strong>cum</strong></span> <span class='ocrx_word' id='word_1_160' title='bbox 1218 2461 1587 2532; x_wconf 83' lang='lat' dir='ltr'><strong>cognovisset,</strong></span> <span class='ocrx_word' id='word_1_161' title='bbox 1625 2478 1928 2535; x_wconf 85' lang='lat' dir='ltr'><strong>passusque</strong></span> <span class='ocrx_word' id='word_1_162' title='bbox 1962 2473 2019 2519; x_wconf 93' lang='lat' dir='ltr'><strong>et</strong></span> <span class='ocrx_word' id='word_1_163' title='bbox 2056 2480 2151 2520; x_wconf 88' lang='lat' dir='ltr'><strong>ex-</strong></span> 
     </span>
    </p>
   </div>
   <div class='ocr_carea' id='block_1_26' title="bbox 558 2556 2147 2628">
    <p class='ocr_par' dir='ltr' id='par_1_26' title="bbox 558 2556 2147 2628">
     <span class='ocr_line' id='line_1_26' title="bbox 558 2556 2147 2628; baseline 0.006 -24"><span class='ocrx_word' id='word_1_164' title='bbox 558 2562 754 2621; x_wconf 89' lang='lat' dir='ltr'><strong>pertus</strong></span> <span class='ocrx_word' id='word_1_165' title='bbox 797 2563 942 2607; x_wconf 87' lang='lat' dir='ltr'><strong>esset</strong></span> <span class='ocrx_word' id='word_1_166' title='bbox 986 2562 1152 2624; x_wconf 89' lang='lat' dir='ltr'><strong>atque</strong></span> <span class='ocrx_word' id='word_1_167' title='bbox 1194 2556 1417 2627; x_wconf 77' lang='lat' dir='ltr'><strong>egisset,</strong></span> <span class='ocrx_word' id='word_1_168' title='bbox 1456 2558 1702 2612; x_wconf 89' lang='lat' dir='ltr'><strong>omnium</strong></span> <span class='ocrx_word' id='word_1_169' title='bbox 1748 2558 1865 2628; x_wconf 87' lang='lat' dir='ltr'><strong>ipse</strong></span> <span class='ocrx_word' id='word_1_170' title='bbox 1912 2558 2147 2614; x_wconf 82' lang='lat' dir='ltr'><strong>maxime</strong></span> 
     </span>
    </p>
   </div>
   <div class='ocr_carea' id='block_1_27' title="bbox 557 2642 2146 2716">
    <p class='ocr_par' dir='ltr' id='par_1_27' title="bbox 557 2642 2146 2716">
     <span class='ocr_line' id='line_1_27' title="bbox 557 2642 2146 2716; baseline 0.006 -23"><span class='ocrx_word' id='word_1_171' title='bbox 557 2642 890 2710; x_wconf 85' lang='lat' dir='ltr'><strong>spiritalium</strong></span> <span class='ocrx_word' id='word_1_172' title='bbox 938 2644 1209 2699; x_wconf 88' lang='lat' dir='ltr'><strong>bellorum</strong></span> <span class='ocrx_word' id='word_1_173' title='bbox 1248 2646 1459 2716; x_wconf 87' lang='lat' dir='ltr'><strong>peritus</strong></span> <span class='ocrx_word' id='word_1_174' title='bbox 1492 2665 1505 2700; x_wconf 88' lang='lat'><strong>:</strong></span> <span class='ocrx_word' id='word_1_175' title='bbox 1533 2646 1664 2704; x_wconf 84' lang='lat' dir='ltr'><strong>Cum</strong></span> <span class='ocrx_word' id='word_1_176' title='bbox 1704 2650 2028 2714; x_wconf 72' lang='lat' dir='ltr'><strong>consisteret,</strong></span> <span class='ocrx_word' id='word_1_177' title='bbox 2061 2649 2146 2702; x_wconf 89' lang='lat' dir='ltr'><strong>in-</strong></span> 
     </span>
    </p>
   </div>
   <div class='ocr_carea' id='block_1_28' title="bbox 556 2732 2145 2805">
    <p class='ocr_par' dir='ltr' id='par_1_28' title="bbox 556 2732 2145 2805">
     <span class='ocr_line' id='line_1_28' title="bbox 556 2732 2145 2805; baseline 0.007 -21"><span class='ocrx_word' id='word_1_178' title='bbox 556 2732 698 2800; x_wconf 90' lang='lat' dir='ltr'><strong>quit,</strong></span> <span class='ocrx_word' id='word_1_179' title='bbox 731 2744 972 2802; x_wconf 80' lang='lat' dir='ltr'><strong>peccator</strong></span> <span class='ocrx_word' id='word_1_180' title='bbox 1005 2735 1286 2791; x_wconf 75' lang='lat' dir='ltr'><strong>adversum</strong></span> <span class='ocrx_word' id='word_1_181' title='bbox 1327 2754 1431 2799; x_wconf 89' lang='lat' dir='ltr'><strong>me,</strong></span> <span class='ocrx_word' id='word_1_182' title='bbox 1461 2739 1720 2805; x_wconf 78' lang='lat' dir='ltr'><strong>obmutui,</strong></span> <span class='ocrx_word' id='word_1_183' title='bbox 1754 2748 1801 2794; x_wconf 84' lang='lat' dir='ltr'><strong>et</strong></span> <span class='ocrx_word' id='word_1_184' title='bbox 1836 2741 2145 2796; x_wconf 70' lang='lat' dir='ltr'><strong>humiliatus</strong></span> 
     </span>
    </p>
   </div>
   <div class='ocr_carea' id='block_1_29' title="bbox 555 2824 2147 2900">
    <p class='ocr_par' dir='ltr' id='par_1_29' title="bbox 555 2824 2147 2900">
     <span class='ocr_line' id='line_1_29' title="bbox 555 2824 2147 2900; baseline 0.008 -25"><span class='ocrx_word' id='word_1_185' title='bbox 555 2838 675 2876; x_wconf 76' lang='lat' dir='ltr'><strong>sum</strong></span> <span class='ocrx_word' id='word_1_186' title='bbox 715 2832 764 2877; x_wconf 83' lang='lat' dir='ltr'><strong>et</strong></span> <span class='ocrx_word' id='word_1_187' title='bbox 802 2824 929 2878; x_wconf 76' lang='lat' dir='ltr'><strong>silui</strong></span> <span class='ocrx_word' id='word_1_188' title='bbox 974 2843 1006 2879; x_wconf 91' lang='lat' dir='ltr'><strong>a</strong></span> <span class='ocrx_word' id='word_1_189' title='bbox 1053 2826 1201 2883; x_wconf 79' lang='lat' dir='ltr'><strong>bonis</strong></span> <span class='ocrx_word' id='word_1_190' title='bbox 1232 2829 1298 2880; x_wconf 84' lang='grc'><strong>⁷².</strong></span> <span class='ocrx_word' id='word_1_191' title='bbox 1345 2829 1614 2900; x_wconf 83' lang='lat' dir='ltr'><strong>lluncque</strong></span> <span class='ocrx_word' id='word_1_192' title='bbox 1658 2843 1883 2889; x_wconf 87' lang='lat' dir='ltr'><strong>secutus</strong></span> <span class='ocrx_word' id='word_1_193' title='bbox 1926 2833 2147 2888; x_wconf 90' lang='lat' dir='ltr'><strong>divinus</strong></span> 
     </span>
    </p>
   </div>
   <div class='ocr_carea' id='block_1_30' title="bbox 556 2908 2147 2994">
    <p class='ocr_par' dir='ltr' id='par_1_30' title="bbox 556 2908 2147 2994">
     <span class='ocr_line' id='line_1_30' title="bbox 556 2908 2147 2994; baseline 0.008 -27"><span class='ocrx_word' id='word_1_194' title='bbox 556 2912 846 2977; x_wconf 79' lang='lat' dir='ltr'><strong>Jere‘mias,</strong></span> <span class='ocrx_word' id='word_1_195' title='bbox 880 2917 1086 2987; x_wconf 83' lang='lat' dir='ltr'><strong>jubens</strong></span> <span class='ocrx_word' id='word_1_196' title='bbox 1132 2908 1362 2988; x_wconf 85' lang='lat' dir='ltr'><strong>populo,</strong></span> <span class='ocrx_word' id='word_1_197' title='bbox 1405 2935 1476 2974; x_wconf 91' lang='lat' dir='ltr'><strong>ne</strong></span> <span class='ocrx_word' id='word_1_198' title='bbox 1524 2921 1595 2975; x_wconf 91' lang='lat' dir='ltr'><strong>ob</strong></span> <span class='ocrx_word' id='word_1_199' title='bbox 1648 2922 1858 2977; x_wconf 88' lang='lat' dir='ltr'><strong>circum</strong></span> <span class='ocrx_word' id='word_1_200' title='bbox 1903 2925 2147 2994; x_wconf 89' lang='lat' dir='ltr'><strong>undique</strong></span> 
     </span>
    </p>
   </div>
   <div class='ocr_carea' id='block_1_31' title="bbox 558 3009 2004 3081">
    <p class='ocr_par' dir='ltr' id='par_1_31' title="bbox 558 3009 2004 3081">
     <span class='ocr_line' id='line_1_31' title="bbox 558 3009 2004 3081; baseline 0.008 -23"><span class='ocrx_word' id='word_1_201' title='bbox 558 3018 865 3062; x_wconf 88' lang='lat' dir='ltr'><strong>morantem</strong></span> <span class='ocrx_word' id='word_1_202' title='bbox 899 3009 1144 3064; x_wconf 85' lang='lat' dir='ltr'><strong>hostium</strong></span> <span class='ocrx_word' id='word_1_203' title='bbox 1174 3010 1439 3081; x_wconf 78' lang='lat' dir='ltr'><strong>gladium,</strong></span> <span class='ocrx_word' id='word_1_204' title='bbox 1467 3012 1689 3067; x_wconf 89' lang='lat' dir='ltr'><strong>civitate</strong></span> <span class='ocrx_word' id='word_1_205' title='bbox 1721 3015 1901 3069; x_wconf 79' lang='lat' dir='ltr'><strong>exiret</strong></span> <span class='ocrx_word' id='word_1_206' title='bbox 1935 3016 2004 3070; x_wconf 83' lang='grc'><strong>⁷³.</strong></span> 
     </span>
    </p>
   </div>
   <div class='ocr_carea' id='block_1_32' title="bbox 629 3269 2147 3349">
    <p class='ocr_par' dir='ltr' id='par_1_32' title="bbox 629 3269 2147 3349">
     <span class='ocr_line' id='line_1_32' title="bbox 629 3269 2147 3349; baseline 0.009 -28"><span class='ocrx_word' id='word_1_207' title='bbox 629 3269 716 3322; x_wconf 80' lang='grc'><strong>85.</strong></span> <span class='ocrx_word' id='word_1_208' title='bbox 755 3269 928 3340; x_wconf 79' lang='lat' dir='ltr'><strong>Igitur</strong></span> <span class='ocrx_word' id='word_1_209' title='bbox 964 3270 1130 3326; x_wconf 89' lang='lat' dir='ltr'><strong>etiam</strong></span> <span class='ocrx_word' id='word_1_210' title='bbox 1184 3272 1378 3329; x_wconf 89' lang='lat' dir='ltr'><strong>beatus</strong></span> <span class='ocrx_word' id='word_1_211' title='bbox 1418 3277 1589 3341; x_wconf 88' lang='lat' dir='ltr'><strong>Abel,</strong></span> <span class='ocrx_word' id='word_1_212' title='bbox 1634 3278 1909 3349; x_wconf 90' lang='lat' dir='ltr'><strong>siquidem</strong></span> <span class='ocrx_word' id='word_1_213' title='bbox 1952 3281 2147 3337; x_wconf 86' lang='lat' dir='ltr'><strong>obser-</strong></span> 
     </span>
    </p>
   </div>
   <div class='ocr_carea' id='block_1_33' title="bbox 557 3363 2149 3441">
    <p class='ocr_par' dir='ltr' id='par_1_33' title="bbox 557 3363 2149 3441">
     <span class='ocr_line' id='line_1_33' title="bbox 557 3363 2149 3441; baseline 0.011 -29"><span class='ocrx_word' id='word_1_214' title='bbox 557 3369 763 3423; x_wconf 82' lang='lat' dir='ltr'><strong>vasset,</strong></span> <span class='ocrx_word' id='word_1_215' title='bbox 797 3376 903 3415; x_wconf 89' lang='lat' dir='ltr'><strong>nec</strong></span> <span class='ocrx_word' id='word_1_216' title='bbox 933 3377 1040 3417; x_wconf 89' lang='lat' dir='ltr'><strong>una</strong></span> <span class='ocrx_word' id='word_1_217' title='bbox 1071 3378 1196 3417; x_wconf 91' lang='lat' dir='ltr'><strong>cum</strong></span> <span class='ocrx_word' id='word_1_218' title='bbox 1224 3363 1360 3420; x_wconf 90' lang='lat' dir='ltr'><strong>Cain</strong></span> <span class='ocrx_word' id='word_1_219' title='bbox 1395 3367 1452 3420; x_wconf 90' lang='lat' dir='ltr'><strong>in</strong></span> <span class='ocrx_word' id='word_1_220' title='bbox 1479 3383 1733 3438; x_wconf 83' lang='lat' dir='ltr'><strong>campum</strong></span> <span class='ocrx_word' id='word_1_221' title='bbox 1769 3371 1899 3441; x_wconf 89' lang='lat' dir='ltr'><strong>(lata</strong></span> <span class='ocrx_word' id='word_1_222' title='bbox 1935 3373 2149 3429; x_wconf 89' lang='lat' dir='ltr'><strong>scilicet</strong></span> 
     </span>
    </p>
   </div>
   <div class='ocr_carea' id='block_1_34' title="bbox 558 3452 2149 3533">
    <p class='ocr_par' dir='ltr' id='par_1_34' title="bbox 558 3452 2149 3533">
     <span class='ocr_line' id='line_1_34' title="bbox 558 3452 2149 3533; baseline 0.01 -29"><span class='ocrx_word' id='word_1_223' title='bbox 558 3452 829 3507; x_wconf 88' lang='lat' dir='ltr'><strong>naturalis</strong></span> <span class='ocrx_word' id='word_1_224' title='bbox 862 3455 1283 3527; x_wconf 87' lang='lat' dir='ltr'><strong>speculationis)</strong></span> <span class='ocrx_word' id='word_1_225' title='bbox 1317 3458 1542 3524; x_wconf 75' lang='lat' dir='ltr'><strong>exisset,</strong></span> <span class='ocrx_word' id='word_1_226' title='bbox 1575 3461 1814 3516; x_wconf 86' lang='lat' dir='ltr'><strong>necdum</strong></span> <span class='ocrx_word' id='word_1_227' title='bbox 1852 3473 2012 3533; x_wconf 87' lang='lat' dir='ltr'><strong>parto</strong></span> <span class='ocrx_word' id='word_1_228' title='bbox 2046 3465 2149 3519; x_wconf 87' lang='lat' dir='ltr'><strong>im-</strong></span> 
     </span>
    </p>
   </div>
   <div class='ocr_carea' id='block_1_35' title="bbox 556 3544 2144 3629">
    <p class='ocr_par' dir='ltr' id='par_1_35' title="bbox 556 3544 2144 3629">
     <span class='ocr_line' id='line_1_35' title="bbox 556 3544 2144 3629; baseline 0.011 -32"><span class='ocrx_word' id='word_1_229' title='bbox 556 3544 1000 3613; x_wconf 85' lang='lat' dir='ltr'><strong>perturbationis</strong></span> <span class='ocrx_word' id='word_1_230' title='bbox 1050 3547 1283 3616; x_wconf 86' lang='lat' dir='ltr'><strong>habitu,</strong></span> <span class='ocrx_word' id='word_1_231' title='bbox 1339 3567 1621 3622; x_wconf 88' lang='lat' dir='ltr'><strong>nunquam</strong></span> <span class='ocrx_word' id='word_1_232' title='bbox 1676 3555 1766 3610; x_wconf 87' lang='lat' dir='ltr'><strong>ille</strong></span> <span class='ocrx_word' id='word_1_233' title='bbox 1818 3556 2144 3629; x_wconf 83' lang='lat' dir='ltr'><strong>insurgens,</strong></span> 
     </span>
    </p>
   </div>
   <div class='ocr_carea' id='block_1_36' title="bbox 558 3635 2145 3719">
    <p class='ocr_par' dir='ltr' id='par_1_36' title="bbox 558 3635 2145 3719">
     <span class='ocr_line' id='line_1_36' title="bbox 558 3635 2145 3719; baseline 0.01 -30"><span class='ocrx_word' id='word_1_234' title='bbox 558 3635 686 3690; x_wconf 92' lang='lat' dir='ltr'><strong>dolo</strong></span> <span class='ocrx_word' id='word_1_235' title='bbox 723 3636 1020 3693; x_wconf 89' lang='lat' dir='ltr'><strong>occidisset</strong></span> <span class='ocrx_word' id='word_1_236' title='bbox 1048 3638 1094 3672; x_wconf 73' lang='grc'><strong>⁷⁸</strong></span> <span class='ocrx_word' id='word_1_237' title='bbox 1125 3659 1137 3693; x_wconf 93' lang='lat'><strong>:</strong></span> <span class='ocrx_word' id='word_1_238' title='bbox 1170 3641 1261 3696; x_wconf 87' lang='lat' dir='ltr'><strong>lex</strong></span> <span class='ocrx_word' id='word_1_239' title='bbox 1297 3642 1510 3698; x_wconf 90' lang='lat' dir='ltr'><strong>scilicet</strong></span> <span class='ocrx_word' id='word_1_240' title='bbox 1540 3646 1723 3699; x_wconf 90' lang='lat' dir='ltr'><strong>carnis</strong></span> <span class='ocrx_word' id='word_1_241' title='bbox 1760 3646 1902 3719; x_wconf 64' lang='lat' dir='ltr'><strong>(quae</strong></span> <span class='ocrx_word' id='word_1_242' title='bbox 1931 3658 1988 3703; x_wconf 90' lang='lat' dir='ltr'><strong>et</strong></span> <span class='ocrx_word' id='word_1_243' title='bbox 2011 3649 2145 3705; x_wconf 86' lang='lat' dir='ltr'><strong>Cain</strong></span> 
     </span>
    </p>
   </div>
   <div class='ocr_carea' id='block_1_37' title="bbox 557 3736 2145 3810">
    <p class='ocr_par' dir='ltr' id='par_1_37' title="bbox 557 3736 2145 3810">
     <span class='ocr_line' id='line_1_37' title="bbox 557 3736 2145 3810; baseline 0.011 -26"><span class='ocrx_word' id='word_1_244' title='bbox 557 3738 645 3785; x_wconf 87' lang='lat' dir='ltr'><strong>est</strong></span> <span class='ocrx_word' id='word_1_245' title='bbox 685 3738 743 3786; x_wconf 91' lang='lat' dir='ltr'><strong>et</strong></span> <span class='ocrx_word' id='word_1_246' title='bbox 787 3740 1179 3805; x_wconf 87' lang='lat' dir='ltr'><strong>nuncupatur)</strong></span> <span class='ocrx_word' id='word_1_247' title='bbox 1230 3736 1432 3807; x_wconf 88' lang='lat' dir='ltr'><strong>lepidis</strong></span> <span class='ocrx_word' id='word_1_248' title='bbox 1481 3739 1821 3810; x_wconf 90' lang='lat' dir='ltr'><strong>faustisque,</strong></span> <span class='ocrx_word' id='word_1_249' title='bbox 1871 3743 2017 3799; x_wconf 89' lang='lat' dir='ltr'><strong>inter</strong></span> <span class='ocrx_word' id='word_1_250' title='bbox 2055 3761 2145 3801; x_wconf 86' lang='lat' dir='ltr'><strong>res</strong></span> 
     </span>
    </p>
   </div>
   <div class='ocr_carea' id='block_1_38' title="bbox 557 3831 2143 3910">
    <p class='ocr_par' dir='ltr' id='par_1_38' title="bbox 557 3831 2143 3910">
     <span class='ocr_line' id='line_1_38' title="bbox 557 3831 2143 3910; baseline 0.011 -28"><span class='ocrx_word' id='word_1_251' title='bbox 557 3831 947 3898; x_wconf 88' lang='lat' dir='ltr'><strong>speculandas,</strong></span> <span class='ocrx_word' id='word_1_252' title='bbox 974 3832 1190 3900; x_wconf 90' lang='lat' dir='ltr'><strong>fallens,</strong></span> <span class='ocrx_word' id='word_1_253' title='bbox 1231 3849 1357 3891; x_wconf 91' lang='lat' dir='ltr'><strong>cum</strong></span> <span class='ocrx_word' id='word_1_254' title='bbox 1398 3837 1632 3892; x_wconf 87' lang='lat' dir='ltr'><strong>necdum</strong></span> <span class='ocrx_word' id='word_1_255' title='bbox 1670 3840 1919 3910; x_wconf 90' lang='lat' dir='ltr'><strong>perfecto</strong></span> <span class='ocrx_word' id='word_1_256' title='bbox 1954 3843 2143 3899; x_wconf 90' lang='lat' dir='ltr'><strong>habitu</strong></span> 
     </span>
    </p>
   </div>
   <div class='ocr_carea' id='block_1_39' title="bbox 559 3918 1345 3978">
    <p class='ocr_par' dir='ltr' id='par_1_39' title="bbox 559 3918 1345 3978">
     <span class='ocr_line' id='line_1_39' title="bbox 559 3918 1345 3978; baseline 0.011 -6"><span class='ocrx_word' id='word_1_257' title='bbox 559 3918 870 3977; x_wconf 73' lang='lat' dir='ltr'><strong>instructus</strong></span> <span class='ocrx_word' id='word_1_258' title='bbox 903 3934 1071 3978; x_wconf 88' lang='lat' dir='ltr'><strong>esset.</strong></span> <span class='ocrx_word' id='word_1_259' title='bbox 1341 3943 1345 3946; x_wconf 71' lang='lat'><strong><em>&#39;</em></strong></span> 
     </span>
    </p>
   </div>
   <div class='ocr_carea' id='block_1_40' title="bbox 629 4010 2145 4094">
    <p class='ocr_par' dir='ltr' id='par_1_40' title="bbox 629 4010 2145 4094">
     <span class='ocr_line' id='line_1_40' title="bbox 629 4010 2145 4094; baseline 0.01 -28"><span class='ocrx_word' id='word_1_260' title='bbox 629 4011 719 4066; x_wconf 64' lang='lat'><strong>84.</strong></span> <span class='ocrx_word' id='word_1_261' title='bbox 763 4010 942 4065; x_wconf 90' lang='lat' dir='ltr'><strong>Simili</strong></span> <span class='ocrx_word' id='word_1_262' title='bbox 989 4029 1211 4083; x_wconf 89' lang='lat' dir='ltr'><strong>quoque</strong></span> <span class='ocrx_word' id='word_1_263' title='bbox 1254 4016 1470 4073; x_wconf 88' lang='lat' dir='ltr'><strong>ratione</strong></span> <span class='ocrx_word' id='word_1_264' title='bbox 1519 4019 1692 4085; x_wconf 90' lang='lat' dir='ltr'><strong>Dina,</strong></span> <span class='ocrx_word' id='word_1_265' title='bbox 1741 4024 1923 4094; x_wconf 88' lang='lat' dir='ltr'><strong>magni</strong></span> <span class='ocrx_word' id='word_1_266' title='bbox 1973 4024 2145 4081; x_wconf 84' lang='lat' dir='ltr'><strong>Jacob</strong></span> 
     </span>
    </p>
   </div>
   <div class='ocr_carea' id='block_1_41' title="bbox 559 4101 2145 4185">
    <p class='ocr_par' dir='ltr' id='par_1_41' title="bbox 559 4101 2145 4185">
     <span class='ocr_line' id='line_1_41' title="bbox 559 4101 2145 4185; baseline 0.011 -29"><span class='ocrx_word' id='word_1_267' title='bbox 559 4101 702 4167; x_wconf 85' lang='lat' dir='ltr'><strong>filia,</strong></span> <span class='ocrx_word' id='word_1_268' title='bbox 748 4101 858 4156; x_wconf 89' lang='lat' dir='ltr'><strong>nisi</strong></span> <span class='ocrx_word' id='word_1_269' title='bbox 902 4118 1029 4158; x_wconf 90' lang='lat' dir='ltr'><strong>cum</strong></span> <span class='ocrx_word' id='word_1_270' title='bbox 1075 4105 1513 4177; x_wconf 89' lang='lat' dir='ltr'><strong>alienigenarum</strong></span> <span class='ocrx_word' id='word_1_271' title='bbox 1558 4110 1778 4166; x_wconf 86' lang='lat' dir='ltr'><strong>ﬁliabus</strong></span> <span class='ocrx_word' id='word_1_272' title='bbox 1821 4113 2145 4185; x_wconf 88' lang='lat' dir='ltr'><strong>(sentientis</strong></span> 
     </span>
    </p>
   </div>
   <div class='ocr_carea' id='block_1_42' title="bbox 557 4192 2144 4272">
    <p class='ocr_par' dir='ltr' id='par_1_42' title="bbox 557 4192 2144 4272">
     <span class='ocr_line' id='line_1_42' title="bbox 557 4192 2144 4272; baseline 0.011 -25"><span class='ocrx_word' id='word_1_273' title='bbox 557 4192 769 4247; x_wconf 84' lang='lat' dir='ltr'><strong>scilicet</strong></span> <span class='ocrx_word' id='word_1_274' title='bbox 822 4193 993 4247; x_wconf 87' lang='lat' dir='ltr'><strong>animi</strong></span> <span class='ocrx_word' id='word_1_275' title='bbox 1043 4194 1507 4271; x_wconf 66' lang='lat' dir='ltr'><strong>cogitationibus;</strong></span> <span class='ocrx_word' id='word_1_276' title='bbox 1556 4216 1778 4271; x_wconf 83' lang='lat' dir='ltr'><strong>egressa</strong></span> <span class='ocrx_word' id='word_1_277' title='bbox 1823 4213 2001 4272; x_wconf 89' lang='lat' dir='ltr'><strong>esset;</strong></span> <span class='ocrx_word' id='word_1_278' title='bbox 2040 4224 2144 4264; x_wconf 86' lang='lat' dir='ltr'><strong>nec</strong></span> 
     </span>
    </p>
   </div>
   <div class='ocr_carea' id='block_1_43' title="bbox 557 4282 2138 4368">
    <p class='ocr_par' dir='ltr' id='par_1_43' title="bbox 557 4282 2138 4368">
     <span class='ocr_line' id='line_1_43' title="bbox 557 4282 2138 4368; baseline 0.013 -30"><span class='ocrx_word' id='word_1_279' title='bbox 557 4298 690 4338; x_wconf 84' lang='lat' dir='ltr'><strong>sane</strong></span> <span class='ocrx_word' id='word_1_280' title='bbox 738 4282 963 4338; x_wconf 86' lang='lat' dir='ltr'><strong>Sicbem</strong></span> <span class='ocrx_word' id='word_1_281' title='bbox 997 4284 1145 4342; x_wconf 82' lang='lat' dir='ltr'><strong>filius</strong></span> <span class='ocrx_word' id='word_1_282' title='bbox 1183 4288 1407 4345; x_wconf 85' lang='lat' dir='ltr'><strong>Emmor</strong></span> <span class='ocrx_word' id='word_1_283' title='bbox 1455 4307 1577 4347; x_wconf 91' lang='lat' dir='ltr'><strong>eam</strong></span> <span class='ocrx_word' id='word_1_284' title='bbox 1625 4305 2042 4368; x_wconf 84' lang='lat' dir='ltr'><strong>eonstuprasset</strong></span> <span class='ocrx_word' id='word_1_285' title='bbox 2072 4304 2138 4358; x_wconf 84' lang='lat'><strong>&quot;.</strong></span> 
     </span>
    </p>
   </div>
   <div class='ocr_carea' id='block_1_44' title="bbox 625 4454 2136 4539">
    <p class='ocr_par' dir='ltr' id='par_1_44' title="bbox 625 4454 2136 4539">
     <span class='ocr_line' id='line_1_44' title="bbox 625 4454 2136 4539; baseline 0.017 -29"><span class='ocrx_word' id='word_1_286' title='bbox 625 4454 714 4511; x_wconf 87' lang='lat'><strong>85.</strong></span> <span class='ocrx_word' id='word_1_287' title='bbox 756 4458 1008 4525; x_wconf 67' lang='lat' dir='ltr'><strong>Praestat,</strong></span> <span class='ocrx_word' id='word_1_288' title='bbox 1049 4470 1111 4516; x_wconf 89' lang='lat' dir='ltr'><strong>ut</strong></span> <span class='ocrx_word' id='word_1_289' title='bbox 1152 4463 1247 4533; x_wconf 86' lang='lat' dir='ltr'><strong>qui</strong></span> <span class='ocrx_word' id='word_1_290' title='bbox 1277 4466 1513 4521; x_wconf 91' lang='lat' dir='ltr'><strong>necdum</strong></span> <span class='ocrx_word' id='word_1_291' title='bbox 1543 4470 1850 4539; x_wconf 87' lang='lat' dir='ltr'><strong>perfectum</strong></span> <span class='ocrx_word' id='word_1_292' title='bbox 1884 4476 2136 4534; x_wconf 85' lang='lat' dir='ltr'><strong>habitum</strong></span> 
     </span>
    </p>
   </div>
   <div class='ocr_carea' id='block_1_45' title="bbox 553 4547 2139 4644">
    <p class='ocr_par' dir='ltr' id='par_1_45' title="bbox 553 4547 2139 4644">
     <span class='ocr_line' id='line_1_45' title="bbox 553 4547 2139 4644; baseline 0.02 -46"><span class='ocrx_word' id='word_1_293' title='bbox 553 4547 703 4644; x_wconf 75' lang='lat' dir='ltr'><strong>nacti</strong></span> <span class='ocrx_word' id='word_1_294' title='bbox 738 4547 936 4614; x_wconf 91' lang='lat' dir='ltr'><strong>simus,</strong></span> <span class='ocrx_word' id='word_1_295' title='bbox 960 4555 1279 4644; x_wconf 73' lang='lat' dir='ltr'><strong>naturalem</strong></span> <span class='ocrx_word' id='word_1_296' title='bbox 1315 4561 1748 4628; x_wconf 88' lang='lat' dir='ltr'><strong>speculationem</strong></span> <span class='ocrx_word' id='word_1_297' title='bbox 1795 4584 1905 4623; x_wconf 91' lang='lat' dir='ltr'><strong>non</strong></span> <span class='ocrx_word' id='word_1_298' title='bbox 1950 4587 2139 4644; x_wconf 82' lang='lat' dir='ltr'><strong>aggre-</strong></span> 
     </span>
    </p>
   </div>
   <div class='ocr_carea' id='block_1_46' title="bbox 553 4635 2139 4729">
    <p class='ocr_par' dir='ltr' id='par_1_46' title="bbox 553 4635 2139 4729">
     <span class='ocr_line' id='line_1_46' title="bbox 553 4635 2139 4729; baseline 0.02 -40"><span class='ocrx_word' id='word_1_299' title='bbox 553 4635 806 4704; x_wconf 89' lang='lat' dir='ltr'><strong>diamur;</strong></span> <span class='ocrx_word' id='word_1_300' title='bbox 843 4654 915 4695; x_wconf 92' lang='lat' dir='ltr'><strong>nc</strong></span> <span class='ocrx_word' id='word_1_301' title='bbox 943 4639 1074 4694; x_wconf 82' lang='lat' dir='ltr'><strong>dum</strong></span> <span class='ocrx_word' id='word_1_302' title='bbox 1106 4659 1173 4698; x_wconf 88' lang='lat' dir='ltr'><strong>ex</strong></span> <span class='ocrx_word' id='word_1_303' title='bbox 1210 4646 1376 4703; x_wconf 86' lang='lat' dir='ltr'><strong>rebus</strong></span> <span class='ocrx_word' id='word_1_304' title='bbox 1408 4653 1606 4708; x_wconf 87' lang='lat' dir='ltr'><strong>creatis</strong></span> <span class='ocrx_word' id='word_1_305' title='bbox 1646 4655 1699 4711; x_wconf 92' lang='lat' dir='ltr'><strong>in</strong></span> <span class='ocrx_word' id='word_1_306' title='bbox 1734 4635 2139 4729; x_wconf 33' lang='lat' dir='ltr'><strong>aspectum-tuea-</strong></span> 
     </span>
    </p>
   </div>
   <div class='ocr_carea' id='block_1_47' title="bbox 553 4726 2138 4812">
    <p class='ocr_par' dir='ltr' id='par_1_47' title="bbox 553 4726 2138 4812">
     <span class='ocr_line' id='line_1_47' title="bbox 553 4726 2138 4812; baseline 0.021 -33"><span class='ocrx_word' id='word_1_307' title='bbox 553 4726 816 4783; x_wconf 88' lang='lat' dir='ltr'><strong>dentibus</strong></span> <span class='ocrx_word' id='word_1_308' title='bbox 837 4731 1116 4800; x_wconf 87' lang='lat' dir='ltr'><strong>spiritales</strong></span> <span class='ocrx_word' id='word_1_309' title='bbox 1141 4737 1389 4795; x_wconf 87' lang='lat' dir='ltr'><strong>rationes</strong></span> <span class='ocrx_word' id='word_1_310' title='bbox 1411 4744 1774 4812; x_wconf 79' lang='lat' dir='ltr'><strong>exquirimus,</strong></span> <span class='ocrx_word' id='word_1_311' title='bbox 1797 4726 2041 4809; x_wconf 26' lang='lat' dir='ltr'><strong>Vaﬂ‘ectus</strong></span> <span class='ocrx_word' id='word_1_312' title='bbox 2072 4772 2138 4811; x_wconf 90' lang='lat' dir='ltr'><strong>ac</strong></span> 
     </span>
    </p>
   </div>
   <div class='ocr_carea' id='block_1_48' title="bbox 550 4816 2138 4910">
    <p class='ocr_par' dir='ltr' id='par_1_48' title="bbox 550 4816 2138 4910">
     <span class='ocr_line' id='line_1_48' title="bbox 550 4816 2138 4910; baseline 0.021 -41"><span class='ocrx_word' id='word_1_313' title='bbox 550 4816 814 4910; x_wconf 84' lang='lat' dir='ltr'><strong>libidines</strong></span> <span class='ocrx_word' id='word_1_314' title='bbox 850 4820 1234 4891; x_wconf 87' lang='lat' dir='ltr'><strong>imprudentes</strong></span> <span class='ocrx_word' id='word_1_315' title='bbox 1269 4831 1611 4902; x_wconf 89' lang='lat' dir='ltr'><strong>colligamus.</strong></span> <span class='ocrx_word' id='word_1_316' title='bbox 1644 4836 1808 4910; x_wconf 69' lang='lat'><strong>554</strong></span> <span class='ocrx_word' id='word_1_317' title='bbox 1839 4842 1968 4898; x_wconf 89' lang='lat' dir='ltr'><strong>Plus</strong></span> <span class='ocrx_word' id='word_1_318' title='bbox 1991 4848 2138 4901; x_wconf 89' lang='lat' dir='ltr'><strong>enim</strong></span> 
     </span>
    </p>
   </div>
   <div class='ocr_carea' id='block_1_49' title="bbox 550 4908 2136 5002">
    <p class='ocr_par' dir='ltr' id='par_1_49' title="bbox 550 4908 2136 5002">
     <span class='ocr_line' id='line_1_49' title="bbox 550 4908 2136 5002; baseline 0.019 -41"><span class='ocrx_word' id='word_1_319' title='bbox 550 4908 737 4963; x_wconf 89' lang='lat' dir='ltr'><strong>valent</strong></span> <span class='ocrx_word' id='word_1_320' title='bbox 786 4926 962 4980; x_wconf 89' lang='lat' dir='ltr'><strong>penes</strong></span> <span class='ocrx_word' id='word_1_321' title='bbox 1015 4914 1400 4987; x_wconf 88' lang='lat' dir='ltr'><strong>imperfectos,</strong></span> <span class='ocrx_word' id='word_1_322' title='bbox 1463 4931 1522 4977; x_wconf 90' lang='lat' dir='ltr'><strong>ut</strong></span> <span class='ocrx_word' id='word_1_323' title='bbox 1581 4908 1803 4983; x_wconf 78' lang='lat' dir='ltr'><strong>sensum</strong></span> <span class='ocrx_word' id='word_1_324' title='bbox 1861 4932 2136 5002; x_wconf 83' lang='lat' dir='ltr'><strong>alliciant,</strong></span> 
     </span>
    </p>
   </div>
   <div class='ocr_carea' id='block_1_50' title="bbox 551 5001 2141 5093">
    <p class='ocr_par' dir='ltr' id='par_1_50' title="bbox 551 5001 2141 5093">
     <span class='ocr_line' id='line_1_50' title="bbox 551 5001 2141 5093; baseline 0.02 -41"><span class='ocrx_word' id='word_1_325' title='bbox 551 5001 866 5071; x_wconf 63' lang='lat' dir='ltr'><strong>conspicua:</strong></span> <span class='ocrx_word' id='word_1_326' title='bbox 912 5020 1100 5060; x_wconf 88' lang='lat' dir='ltr'><strong>rerum</strong></span> <span class='ocrx_word' id='word_1_327' title='bbox 1150 5013 1570 5081; x_wconf 87' lang='lat' dir='ltr'><strong>aspectabilium</strong></span> <span class='ocrx_word' id='word_1_328' title='bbox 1619 5010 1835 5091; x_wconf 64' lang='lat' dir='ltr'><strong>figurae,</strong></span> <span class='ocrx_word' id='word_1_329' title='bbox 1863 5040 2027 5093; x_wconf 90' lang='lat' dir='ltr'><strong>quam</strong></span> <span class='ocrx_word' id='word_1_330' title='bbox 2076 5037 2141 5083; x_wconf 90' lang='lat' dir='ltr'><strong>ut</strong></span> 
     </span>
    </p>
   </div>
   <div class='ocr_carea' id='block_1_51' title="bbox 551 5093 2135 5175">
    <p class='ocr_par' dir='ltr' id='par_1_51' title="bbox 551 5093 2135 5175">
     <span class='ocr_line' id='line_1_51' title="bbox 551 5093 2135 5175; baseline 0.019 -30"><span class='ocrx_word' id='word_1_331' title='bbox 551 5093 836 5160; x_wconf 88' lang='lat' dir='ltr'><strong>animum,</strong></span> <span class='ocrx_word' id='word_1_332' title='bbox 883 5098 995 5154; x_wconf 90' lang='lat' dir='ltr'><strong>illis</strong></span> <span class='ocrx_word' id='word_1_333' title='bbox 1036 5100 1238 5157; x_wconf 65' lang='lat' dir='ltr'><strong>abdita:</strong></span> <span class='ocrx_word' id='word_1_334' title='bbox 1284 5116 1594 5162; x_wconf 87' lang='lat' dir='ltr'><strong>creatarum</strong></span> <span class='ocrx_word' id='word_1_335' title='bbox 1640 5127 1827 5167; x_wconf 89' lang='lat' dir='ltr'><strong>rerum</strong></span> <span class='ocrx_word' id='word_1_336' title='bbox 1869 5117 2135 5175; x_wconf 87' lang='lat' dir='ltr'><strong>rationes.</strong></span> 
     </span>
    </p>
   </div>
   <div class='ocr_carea' id='block_1_52' title="bbox 552 5182 2136 5267">
    <p class='ocr_par' dir='ltr' id='par_1_52' title="bbox 552 5182 2136 5267">
     <span class='ocr_line' id='line_1_52' title="bbox 552 5182 2136 5267; baseline 0.02 -32"><span class='ocrx_word' id='word_1_337' title='bbox 552 5182 749 5249; x_wconf 86' lang='lat' dir='ltr'><strong>Porro,</strong></span> <span class='ocrx_word' id='word_1_338' title='bbox 787 5188 882 5256; x_wconf 88' lang='lat' dir='ltr'><strong>qui</strong></span> <span class='ocrx_word' id='word_1_339' title='bbox 934 5190 1036 5244; x_wconf 90' lang='lat' dir='ltr'><strong>soli</strong></span> <span class='ocrx_word' id='word_1_340' title='bbox 1085 5192 1282 5250; x_wconf 83' lang='lat' dir='ltr'><strong>litterae</strong></span> <span class='ocrx_word' id='word_1_341' title='bbox 1324 5194 1641 5255; x_wconf 76' lang='lat' dir='ltr'><strong>Judzeorum</strong></span> <span class='ocrx_word' id='word_1_342' title='bbox 1689 5219 1842 5261; x_wconf 87' lang='lat' dir='ltr'><strong>more</strong></span> <span class='ocrx_word' id='word_1_343' title='bbox 1887 5209 2136 5267; x_wconf 89' lang='lat' dir='ltr'><strong>animum</strong></span> 
     </span>
    </p>
   </div>
   <div class='ocr_carea' id='block_1_53' title="bbox 625 5338 2155 5434">
    <p class='ocr_par' dir='ltr' id='par_1_53' title="bbox 625 5338 2155 5434">
     <span class='ocr_line' id='line_1_53' title="bbox 625 5338 2155 5434; baseline 0.019 -42"><span class='ocrx_word' id='word_1_344' title='bbox 625 5338 670 5371; x_wconf 84' lang='grc'><strong>⁷²</strong></span> <span class='ocrx_word' id='word_1_345' title='bbox 701 5339 844 5396; x_wconf 89' lang='lat' dir='ltr'><strong>Psal.</strong></span> <span class='ocrx_word' id='word_1_346' title='bbox 871 5358 1089 5411; x_wconf 83' lang='lat' dir='ltr'><strong>xxxvm,</strong></span> <span class='ocrx_word' id='word_1_347' title='bbox 1120 5348 1175 5402; x_wconf 78' lang='lat'><strong>2.</strong></span> <span class='ocrx_word' id='word_1_348' title='bbox 1252 5349 1298 5381; x_wconf 82' lang='grc'><strong>⁷³</strong></span> <span class='ocrx_word' id='word_1_349' title='bbox 1320 5350 1524 5408; x_wconf 84' lang='lat' dir='ltr'><strong>Jerem.</strong></span> <span class='ocrx_word' id='word_1_350' title='bbox 1554 5372 1629 5420; x_wconf 78' lang='lat' dir='ltr'><strong>vi,</strong></span> <span class='ocrx_word' id='word_1_351' title='bbox 1668 5356 1758 5412; x_wconf 72' lang='lat'><strong>25.</strong></span> <span class='ocrx_word' id='word_1_352' title='bbox 1833 5360 1880 5392; x_wconf 61' lang='grc'>⁷⁸</span> <span class='ocrx_word' id='word_1_353' title='bbox 1906 5360 2043 5418; x_wconf 88' lang='lat' dir='ltr'><strong>Gen.</strong></span> <span class='ocrx_word' id='word_1_354' title='bbox 2080 5382 2155 5434; x_wconf 86' lang='lat' dir='ltr'><strong>tv,</strong></span> 
     </span>
    </p>
   </div>
   <div class='ocr_carea' id='block_1_54' title="bbox 623 5449 1869 5537">
    <p class='ocr_par' dir='ltr' id='par_1_54' title="bbox 623 5449 1869 5537">
     <span class='ocr_line' id='line_1_54' title="bbox 623 5449 1869 5537; baseline 0.014 -21"><span class='ocrx_word' id='word_1_355' title='bbox 623 5462 642 5481; x_wconf 93' lang='grc'><strong>·</strong></span> <span class='ocrx_word' id='word_1_356' title='bbox 668 5459 755 5518; x_wconf 85' lang='lat' dir='ltr'><strong>Cf.</strong></span> <span class='ocrx_word' id='word_1_357' title='bbox 791 5461 862 5517; x_wconf 89' lang='lat' dir='ltr'><strong>ad</strong></span> <span class='ocrx_word' id='word_1_358' title='bbox 893 5463 1053 5519; x_wconf 87' lang='lat' dir='ltr'><strong>Thal.</strong></span> <span class='ocrx_word' id='word_1_359' title='bbox 1078 5483 1135 5537; x_wconf 91' lang='lat' dir='ltr'><strong>q.</strong></span> <span class='ocrx_word' id='word_1_360' title='bbox 1158 5449 1230 5523; x_wconf 52' lang='lat'><strong>‘50</strong></span> <span class='ocrx_word' id='word_1_361' title='bbox 1252 5478 1309 5525; x_wconf 86' lang='lat' dir='ltr'><strong>et</strong></span> <span class='ocrx_word' id='word_1_362' title='bbox 1333 5473 1401 5528; x_wconf 84' lang='lat'><strong>55</strong></span> <span class='ocrx_word' id='word_1_363' title='bbox 1429 5473 1498 5529; x_wconf 88' lang='lat' dir='ltr'><strong>ad</strong></span> <span class='ocrx_word' id='word_1_364' title='bbox 1524 5492 1583 5529; x_wconf 92' lang='lat' dir='ltr'><strong>n.</strong></span> <span class='ocrx_word' id='word_1_365' title='bbox 1617 5477 1685 5532; x_wconf 84' lang='lat'><strong>89</strong></span> <span class='ocrx_word' id='word_1_366' title='bbox 1709 5478 1869 5535; x_wconf 86' lang='lat' dir='ltr'><strong>infra.</strong></span> 
     </span>
    </p>
   </div>
   <div class='ocr_carea' id='block_1_55' title="bbox 620 5572 1727 5660">
    <p class='ocr_par' dir='ltr' id='par_1_55' title="bbox 620 5572 1727 5660">
     <span class='ocr_line' id='line_1_55' title="bbox 620 5572 1727 5660; baseline 0.017 -31"><span class='ocrx_word' id='word_1_367' title='bbox 620 5572 706 5660; x_wconf 65' lang='lat' dir='ltr'><strong>(rt)</strong></span> <span class='ocrx_word' id='word_1_368' title='bbox 730 5578 838 5642; x_wconf 74' lang='grc' dir='ltr'><strong>Εἲς</strong></span> <span class='ocrx_word' id='word_1_369' title='bbox 853 5577 1107 5660; x_wconf 45' lang='grc' dir='ltr'>βόγους..</span> <span class='ocrx_word' id='word_1_370' title='bbox 1126 5583 1303 5660; x_wconf 53' lang='grc' dir='ltr'>Λόγοι</span> <span class='ocrx_word' id='word_1_371' title='bbox 1356 5588 1727 5660; x_wconf 67' lang='lat' dir='ltr'><strong>Philosophis,</strong></span> 
     </span>
    </p>
   </div>
   <div class='ocr_carea' id='block_1_56' title="bbox 1096 5593 2124 5668">
    <p class='ocr_par' dir='ltr' id='par_1_56' title="bbox 1096 5593 2124 5668">
     <span class='ocr_line' id='line_1_56' title="bbox 1096 5593 2124 5668; baseline 0.016 -29"><span class='ocrx_word' id='word_1_372' title='bbox 1096 5593 1303 5668; x_wconf 38' lang='lat'><strong>9.16710:</strong></span> <span class='ocrx_word' id='word_1_373' title='bbox 1356 5593 1727 5668; x_wconf 48' lang='lat' dir='ltr'><strong>philosophis,</strong></span> <span class='ocrx_word' id='word_1_374' title='bbox 1759 5593 1813 5668; x_wconf 87' lang='lat' dir='ltr'><strong>id</strong></span> <span class='ocrx_word' id='word_1_375' title='bbox 1846 5599 2124 5668; x_wconf 63' lang='lat' dir='ltr'><strong>praecipue</strong></span> 
     </span>
    </p>
   </div>
   <div class='ocr_carea' id='block_1_57' title="bbox 554 5647 1634 5719">
    <p class='ocr_par' dir='ltr' id='par_1_57' title="bbox 554 5647 1634 5719">
     <span class='ocr_line' id='line_1_57' title="bbox 554 5647 1634 5719; baseline 0.019 -25"><span class='ocrx_word' id='word_1_376' title='bbox 554 5652 702 5711; x_wconf 82' lang='lat' dir='ltr'><strong>sunt,</strong></span> <span class='ocrx_word' id='word_1_377' title='bbox 732 5647 879 5719; x_wconf 85' lang='lat' dir='ltr'><strong>quod</strong></span> <span class='ocrx_word' id='word_1_378' title='bbox 911 5664 1067 5707; x_wconf 88' lang='lat' dir='ltr'><strong>mens</strong></span> <span class='ocrx_word' id='word_1_379' title='bbox 1095 5650 1150 5705; x_wconf 88' lang='lat' dir='ltr'><strong>in</strong></span> <span class='ocrx_word' id='word_1_380' title='bbox 1179 5647 1341 5711; x_wconf 83' lang='lat' dir='ltr'><strong>rebus</strong></span> <span class='ocrx_word' id='word_1_381' title='bbox 1385 5647 1634 5715; x_wconf 73' lang='lat' dir='ltr'><strong>intimius</strong></span> 
     </span>
    </p>
   </div>
   <div class='ocr_carea' id='block_1_58' title="bbox 1681 5664 2115 5737">
    <p class='ocr_par' dir='ltr' id='par_1_58' title="bbox 1681 5664 2115 5737">
     <span class='ocr_line' id='line_1_58' title="bbox 1681 5664 2115 5737; baseline 0.021 -21"><span class='ocrx_word' id='word_1_382' title='bbox 1681 5664 1857 5735; x_wconf 24' lang='lat' dir='ltr'><strong>legit,’</strong></span> <span class='ocrx_word' id='word_1_383' title='bbox 1883 5664 2115 5737; x_wconf 73' lang='lat' dir='ltr'><strong>spirita~</strong></span> 
     </span>
    </p>
   </div>
   <div class='ocr_carea' id='block_1_59' title="bbox 1730 251 2677 317">
    <p class='ocr_par' dir='ltr' id='par_1_59' title="bbox 1730 251 2677 317">
     <span class='ocr_line' id='line_1_59' title="bbox 1730 251 2677 317; baseline -0.007 0"><span class='ocrx_word' id='word_1_384' title='bbox 1730 258 1795 317; x_wconf 91' lang='lat' dir='ltr'><strong>S.</strong></span> <span class='ocrx_word' id='word_1_385' title='bbox 1836 255 2123 316; x_wconf 79' lang='grc' dir='ltr'><strong>ΜΑΧΙΜΙ</strong></span> <span class='ocrx_word' id='word_1_386' title='bbox 2166 251 2677 313; x_wconf 80' lang='lat' dir='ltr'><strong>CONFESSORIS</strong></span> 
     </span>
    </p>
   </div>
   <div class='ocr_carea' id='block_1_60' title="bbox 3667 250 3782 319">
    <p class='ocr_par' dir='ltr' id='par_1_60' title="bbox 3667 250 3782 319">
     <span class='ocr_line' id='line_1_60' title="bbox 3667 250 3782 319; baseline 0.017 -2"><span class='ocrx_word' id='word_1_387' title='bbox 3667 250 3782 319; x_wconf 66' lang='lat'><strong>1252</strong></span> 
     </span>
    </p>
   </div>
   <div class='ocr_carea' id='block_1_61' title="bbox 2174 355 3785 432">
    <p class='ocr_par' dir='ltr' id='par_1_61' title="bbox 2174 355 3785 432">
     <span class='ocr_line' id='line_1_61' title="bbox 2174 355 3785 432; baseline 0.001 -21"><span class='ocrx_word' id='word_1_388' title='bbox 2174 365 2216 417; x_wconf 79' lang='grc' dir='ltr'><strong>Α</strong></span> <span class='ocrx_word' id='word_1_389' title='bbox 2245 358 2527 430; x_wconf 82' lang='grc' dir='ltr'><strong>αἰσθητῶν</strong></span> <span class='ocrx_word' id='word_1_390' title='bbox 2554 357 2845 428; x_wconf 74' lang='grc' dir='ltr'><strong>νοημάτων</strong></span> <span class='ocrx_word' id='word_1_391' title='bbox 2890 355 3235 427; x_wconf 80' lang='grc' dir='ltr'>συναγομένη</span> <span class='ocrx_word' id='word_1_392' title='bbox 3280 355 3497 425; x_wconf 87' lang='grc' dir='ltr'>γνῶσις,</span> <span class='ocrx_word' id='word_1_393' title='bbox 3527 357 3607 412; x_wconf 75' lang='grc' dir='ltr'>διὰ</span> <span class='ocrx_word' id='word_1_394' title='bbox 3635 360 3785 432; x_wconf 63' lang='grc' dir='ltr'>μέσης</span> 
     </span>
    </p>
   </div>
   <div class='ocr_carea' id='block_1_62' title="bbox 2242 447 3788 522">
    <p class='ocr_par' dir='ltr' id='par_1_62' title="bbox 2242 447 3788 522">
     <span class='ocr_line' id='line_1_62' title="bbox 2242 447 3788 522; baseline 0.002 -17"><span class='ocrx_word' id='word_1_395' title='bbox 2242 450 2568 522; x_wconf 78' lang='grc' dir='ltr'><strong>διερχομένη</strong></span> <span class='ocrx_word' id='word_1_396' title='bbox 2604 450 2707 521; x_wconf 86' lang='grc' dir='ltr'><strong>τῆς</strong></span> <span class='ocrx_word' id='word_1_397' title='bbox 2758 448 2960 520; x_wconf 76' lang='grc' dir='ltr'>ψυχῆς,</span> <span class='ocrx_word' id='word_1_398' title='bbox 3000 449 3077 514; x_wconf 88' lang='grc' dir='ltr'>ὡς</span> <span class='ocrx_word' id='word_1_399' title='bbox 3105 448 3200 503; x_wconf 84' lang='grc' dir='ltr'>νοῦ</span> <span class='ocrx_word' id='word_1_400' title='bbox 3229 447 3324 502; x_wconf 73' lang='grc' dir='ltr'>καὶ</span> <span class='ocrx_word' id='word_1_401' title='bbox 3361 448 3649 521; x_wconf 70' lang='grc' dir='ltr'>αἰσθήσεως</span> <span class='ocrx_word' id='word_1_402' title='bbox 3673 451 3788 508; x_wconf 76' lang='grc' dir='ltr'>οὖσα</span> 
     </span>
    </p>
   </div>
   <div class='ocr_carea' id='block_1_63' title="bbox 2246 540 3789 617">
    <p class='ocr_par' dir='ltr' id='par_1_63' title="bbox 2246 540 3789 617">
     <span class='ocr_line' id='line_1_63' title="bbox 2246 540 3789 617; baseline 0.003 -22"><span class='ocrx_word' id='word_1_403' title='bbox 2246 542 2518 613; x_wconf 77' lang='grc' dir='ltr'><strong>μεθόριος.</strong></span> <span class='ocrx_word' id='word_1_404' title='bbox 2547 543 2613 595; x_wconf 79' lang='grc' dir='ltr'><strong>Ἠ</strong></span> <span class='ocrx_word' id='word_1_405' title='bbox 2650 543 2760 613; x_wconf 88' lang='grc' dir='ltr'><strong>γὰρ</strong></span> <span class='ocrx_word' id='word_1_406' title='bbox 2787 542 2986 611; x_wconf 87' lang='grc' dir='ltr'>γνῶσις</span> <span class='ocrx_word' id='word_1_407' title='bbox 3012 541 3121 595; x_wconf 89' lang='grc' dir='ltr'><strong>τῶν</strong></span> <span class='ocrx_word' id='word_1_408' title='bbox 3146 540 3447 612; x_wconf 76' lang='grc' dir='ltr'>αἰσθητῶν,</span> <span class='ocrx_word' id='word_1_409' title='bbox 3483 540 3604 596; x_wconf 75' lang='grc' dir='ltr'>οὕτε</span> <span class='ocrx_word' id='word_1_410' title='bbox 3635 545 3789 617; x_wconf 85' lang='grc' dir='ltr'>πάντη</span> 
     </span>
    </p>
   </div>
   <div class='ocr_carea' id='block_1_64' title="bbox 2244 632 3791 707">
    <p class='ocr_par' dir='ltr' id='par_1_64' title="bbox 2244 632 3791 707">
     <span class='ocr_line' id='line_1_64' title="bbox 2244 632 3791 707; baseline 0.002 -18"><span class='ocrx_word' id='word_1_411' title='bbox 2244 637 2438 707; x_wconf 79' lang='grc' dir='ltr'><strong>νοερᾶς</strong></span> <span class='ocrx_word' id='word_1_412' title='bbox 2469 634 2811 702; x_wconf 83' lang='grc' dir='ltr'>ἀπεξὲνωται</span> <span class='ocrx_word' id='word_1_413' title='bbox 2849 636 3153 704; x_wconf 88' lang='grc' dir='ltr'>δυνάμεως,</span> <span class='ocrx_word' id='word_1_414' title='bbox 3190 632 3313 686; x_wconf 78' lang='grc' dir='ltr'>οὔτε</span> <span class='ocrx_word' id='word_1_415' title='bbox 3338 634 3506 686; x_wconf 83' lang='grc' dir='ltr'>διόλου</span> <span class='ocrx_word' id='word_1_416' title='bbox 3536 640 3791 705; x_wconf 82' lang='grc' dir='ltr'>προσνενέ-</span> 
     </span>
    </p>
   </div>
   <div class='ocr_carea' id='block_1_65' title="bbox 2247 723 3791 802">
    <p class='ocr_par' dir='ltr' id='par_1_65' title="bbox 2247 723 3791 802">
     <span class='ocr_line' id='line_1_65' title="bbox 2247 723 3791 802; baseline 0 -19"><span class='ocrx_word' id='word_1_417' title='bbox 2247 748 2421 801; x_wconf 89' lang='grc' dir='ltr'>μηται</span> <span class='ocrx_word' id='word_1_418' title='bbox 2444 733 2513 802; x_wconf 82' lang='grc' dir='ltr'>τῇ</span> <span class='ocrx_word' id='word_1_419' title='bbox 2541 731 2662 783; x_wconf 88' lang='grc' dir='ltr'>κατ’</span> <span class='ocrx_word' id='word_1_420' title='bbox 2700 729 2956 801; x_wconf 71' lang='grc' dir='ltr'>αἴσθησιν</span> <span class='ocrx_word' id='word_1_421' title='bbox 3007 728 3279 799; x_wconf 74' lang='grc' dir='ltr'>ἐνεργείᾳ·</span> <span class='ocrx_word' id='word_1_422' title='bbox 3335 728 3446 783; x_wconf 83' lang='grc' dir='ltr'>ἀλλ’</span> <span class='ocrx_word' id='word_1_423' title='bbox 3492 723 3598 781; x_wconf 80' lang='grc' dir='ltr'>οἷον</span> <span class='ocrx_word' id='word_1_424' title='bbox 3626 730 3714 801; x_wconf 81' lang='grc' dir='ltr'><strong>τῆς</strong></span> <span class='ocrx_word' id='word_1_425' title='bbox 3741 747 3791 783; x_wconf 86' lang='grc' dir='ltr'><strong>τε</strong></span> 
     </span>
    </p>
   </div>
   <div class='ocr_carea' id='block_1_66' title="bbox 2242 818 3793 892">
    <p class='ocr_par' dir='ltr' id='par_1_66' title="bbox 2242 818 3793 892">
     <span class='ocr_line' id='line_1_66' title="bbox 2242 818 3793 892; baseline 0 -19"><span class='ocrx_word' id='word_1_426' title='bbox 2242 820 2340 874; x_wconf 80' lang='grc' dir='ltr'>τοῦ</span> <span class='ocrx_word' id='word_1_427' title='bbox 2369 819 2463 873; x_wconf 80' lang='grc' dir='ltr'>νοῦ</span> <span class='ocrx_word' id='word_1_428' title='bbox 2506 819 2645 892; x_wconf 81' lang='grc' dir='ltr'>πρὸς</span> <span class='ocrx_word' id='word_1_429' title='bbox 2680 820 2781 890; x_wconf 77' lang='grc' dir='ltr'>τὴν</span> <span class='ocrx_word' id='word_1_430' title='bbox 2823 819 3099 889; x_wconf 83' lang='grc' dir='ltr'>αίσθησιν,</span> <span class='ocrx_word' id='word_1_431' title='bbox 3140 818 3240 872; x_wconf 81' lang='grc' dir='ltr'>καὶ</span> <span class='ocrx_word' id='word_1_432' title='bbox 3281 818 3418 889; x_wconf 81' lang='grc' dir='ltr'>πρὸς</span> <span class='ocrx_word' id='word_1_433' title='bbox 3446 818 3536 873; x_wconf 71' lang='grc' dir='ltr'><strong>τὸν</strong></span> <span class='ocrx_word' id='word_1_434' title='bbox 3563 818 3680 872; x_wconf 84' lang='grc' dir='ltr'>νοῦν</span> <span class='ocrx_word' id='word_1_435' title='bbox 3709 823 3793 890; x_wconf 84' lang='grc' dir='ltr'><strong>τῆς</strong></span> 
     </span>
    </p>
   </div>
   <div class='ocr_carea' id='block_1_67' title="bbox 2244 907 3793 982">
    <p class='ocr_par' dir='ltr' id='par_1_67' title="bbox 2244 907 3793 982">
     <span class='ocr_line' id='line_1_67' title="bbox 2244 907 3793 982; baseline -0.001 -19"><span class='ocrx_word' id='word_1_436' title='bbox 2244 911 2554 982; x_wconf 72' lang='grc' dir='ltr'>αἰσθήσεως</span> <span class='ocrx_word' id='word_1_437' title='bbox 2602 910 2844 975; x_wconf 85' lang='grc' dir='ltr'><strong>συνόδου,</strong></span> <span class='ocrx_word' id='word_1_438' title='bbox 2902 910 3045 980; x_wconf 83' lang='grc' dir='ltr'><strong>μέση</strong></span> <span class='ocrx_word' id='word_1_439' title='bbox 3104 907 3483 978; x_wconf 80' lang='grc' dir='ltr'><strong>τυγχάνουσα,</strong></span> <span class='ocrx_word' id='word_1_440' title='bbox 3521 907 3586 960; x_wconf 74' lang='grc' dir='ltr'><strong>δι’</strong></span> <span class='ocrx_word' id='word_1_441' title='bbox 3619 909 3793 977; x_wconf 79' lang='grc' dir='ltr'>ἑαυτῆς</span> 
     </span>
    </p>
   </div>
   <div class='ocr_carea' id='block_1_68' title="bbox 2246 1000 3796 1075">
    <p class='ocr_par' dir='ltr' id='par_1_68' title="bbox 2246 1000 3796 1075">
     <span class='ocr_line' id='line_1_68' title="bbox 2246 1000 3796 1075; baseline -0.003 -18"><span class='ocrx_word' id='word_1_442' title='bbox 2246 1005 2484 1057; x_wconf 84' lang='grc' dir='ltr'>ποιεῖται</span> <span class='ocrx_word' id='word_1_443' title='bbox 2524 1004 2624 1073; x_wconf 85' lang='grc' dir='ltr'>τὴν</span> <span class='ocrx_word' id='word_1_444' title='bbox 2665 1003 2804 1075; x_wconf 77' lang='grc' dir='ltr'>πρὸς</span> <span class='ocrx_word' id='word_1_445' title='bbox 2836 1001 3044 1072; x_wconf 80' lang='grc' dir='ltr'>ἄλληλα</span> <span class='ocrx_word' id='word_1_446' title='bbox 3087 1000 3294 1063; x_wconf 87' lang='grc' dir='ltr'>τούτων</span> <span class='ocrx_word' id='word_1_447' title='bbox 3329 1000 3637 1068; x_wconf 82' lang='grc' dir='ltr'>συνάφειαν·</span> <span class='ocrx_word' id='word_1_448' title='bbox 3677 1002 3796 1055; x_wconf 73' lang='grc' dir='ltr'>κατὰ</span> 
     </span>
    </p>
   </div>
   <div class='ocr_carea' id='block_1_69' title="bbox 2248 1084 3797 1163">
    <p class='ocr_par' dir='ltr' id='par_1_69' title="bbox 2248 1084 3797 1163">
     <span class='ocr_line' id='line_1_69' title="bbox 2248 1084 3797 1163; baseline -0.002 -19"><span class='ocrx_word' id='word_1_449' title='bbox 2248 1091 2349 1162; x_wconf 78' lang='grc' dir='ltr'>μὲν</span> <span class='ocrx_word' id='word_1_450' title='bbox 2376 1091 2473 1163; x_wconf 77' lang='grc' dir='ltr'>τὴν</span> <span class='ocrx_word' id='word_1_451' title='bbox 2506 1090 2783 1162; x_wconf 80' lang='grc' dir='ltr'>αἴσθησιν,</span> <span class='ocrx_word' id='word_1_452' title='bbox 2804 1092 2928 1144; x_wconf 78' lang='grc' dir='ltr'>κατ’</span> <span class='ocrx_word' id='word_1_453' title='bbox 2961 1084 3101 1153; x_wconf 76' lang='grc' dir='ltr'>εἶδος</span> <span class='ocrx_word' id='word_1_454' title='bbox 3118 1089 3436 1158; x_wconf 82' lang='grc' dir='ltr'><strong>τυπουμένη</strong></span> <span class='ocrx_word' id='word_1_455' title='bbox 3463 1090 3573 1151; x_wconf 84' lang='grc' dir='ltr'>τοῖς</span> <span class='ocrx_word' id='word_1_456' title='bbox 3605 1089 3797 1158; x_wconf 85' lang='grc' dir='ltr'>σχήμα-</span> 
     </span>
    </p>
   </div>
   <div class='ocr_carea' id='block_1_70' title="bbox 2249 1179 3796 1254">
    <p class='ocr_par' dir='ltr' id='par_1_70' title="bbox 2249 1179 3796 1254">
     <span class='ocr_line' id='line_1_70' title="bbox 2249 1179 3796 1254; baseline -0.002 -18"><span class='ocrx_word' id='word_1_457' title='bbox 2249 1199 2303 1236; x_wconf 90' lang='grc' dir='ltr'><strong>σι</strong></span> <span class='ocrx_word' id='word_1_458' title='bbox 2330 1181 2438 1237; x_wconf 84' lang='grc' dir='ltr'><strong>τῶν</strong></span> <span class='ocrx_word' id='word_1_459' title='bbox 2495 1182 2791 1254; x_wconf 80' lang='grc' dir='ltr'><strong>αἰσθητῶν·</strong></span> <span class='ocrx_word' id='word_1_460' title='bbox 2823 1180 2967 1236; x_wconf 87' lang='grc' dir='ltr'><strong>κατά</strong></span> <span class='ocrx_word' id='word_1_461' title='bbox 2995 1180 3052 1234; x_wconf 82' lang='grc' dir='ltr'>δὲ</span> <span class='ocrx_word' id='word_1_462' title='bbox 3098 1179 3190 1234; x_wconf 82' lang='grc' dir='ltr'>τὸν</span> <span class='ocrx_word' id='word_1_463' title='bbox 3216 1179 3363 1243; x_wconf 80' lang='grc' dir='ltr'>νοῦν,</span> <span class='ocrx_word' id='word_1_464' title='bbox 3407 1180 3487 1243; x_wconf 84' lang='grc' dir='ltr'><strong>είς</strong></span> <span class='ocrx_word' id='word_1_465' title='bbox 3516 1179 3699 1247; x_wconf 80' lang='grc' dir='ltr'><strong>λόγους</strong></span> <span class='ocrx_word' id='word_1_466' title='bbox 3731 1182 3796 1248; x_wconf 81' lang='lat' dir='ltr'><strong>(n)</strong></span> 
     </span>
    </p>
   </div>
   <div class='ocr_carea' id='block_1_71' title="bbox 2247 1270 3797 1345">
    <p class='ocr_par' dir='ltr' id='par_1_71' title="bbox 2247 1270 3797 1345">
     <span class='ocr_line' id='line_1_71' title="bbox 2247 1270 3797 1345; baseline -0.001 -19"><span class='ocrx_word' id='word_1_467' title='bbox 2247 1272 2357 1327; x_wconf 92' lang='grc' dir='ltr'><strong>τῶν</strong></span> <span class='ocrx_word' id='word_1_468' title='bbox 2380 1274 2677 1345; x_wconf 80' lang='grc' dir='ltr'><strong>σχημάτων</strong></span> <span class='ocrx_word' id='word_1_469' title='bbox 2701 1274 2829 1338; x_wconf 79' lang='grc' dir='ltr'>τοὺς</span> <span class='ocrx_word' id='word_1_470' title='bbox 2860 1273 3068 1338; x_wconf 83' lang='grc' dir='ltr'>τύπους</span> <span class='ocrx_word' id='word_1_471' title='bbox 3098 1271 3561 1344; x_wconf 76' lang='grc' dir='ltr'>μεταδιδάξουσα.</span> <span class='ocrx_word' id='word_1_472' title='bbox 3595 1270 3682 1324; x_wconf 78' lang='grc' dir='ltr'><strong>Διὸ</strong></span> <span class='ocrx_word' id='word_1_473' title='bbox 3716 1289 3797 1324; x_wconf 87' lang='grc' dir='ltr'>πο-</span> 
     </span>
    </p>
   </div>
   <div class='ocr_carea' id='block_1_72' title="bbox 2247 1363 3800 1437">
    <p class='ocr_par' dir='ltr' id='par_1_72' title="bbox 2247 1363 3800 1437">
     <span class='ocr_line' id='line_1_72' title="bbox 2247 1363 3800 1437; baseline -0.002 -20"><span class='ocrx_word' id='word_1_474' title='bbox 2247 1364 2422 1435; x_wconf 81' lang='grc' dir='ltr'>ταμὸς</span> <span class='ocrx_word' id='word_1_475' title='bbox 2446 1364 2696 1436; x_wconf 80' lang='grc' dir='ltr'><strong>διορίζων</strong></span> <span class='ocrx_word' id='word_1_476' title='bbox 2717 1364 2806 1419; x_wconf 85' lang='grc' dir='ltr'>διὰ</span> <span class='ocrx_word' id='word_1_477' title='bbox 2827 1364 3000 1437; x_wconf 81' lang='grc' dir='ltr'><strong>μέσης</strong></span> <span class='ocrx_word' id='word_1_478' title='bbox 3022 1364 3119 1434; x_wconf 86' lang='grc' dir='ltr'><strong>τῆς</strong></span> <span class='ocrx_word' id='word_1_479' title='bbox 3143 1364 3376 1430; x_wconf 84' lang='grc' dir='ltr'>πόλεως,</span> <span class='ocrx_word' id='word_1_480' title='bbox 3406 1363 3627 1425; x_wconf 76' lang='grc' dir='ltr'><strong>εἰκότως</strong></span> <span class='ocrx_word' id='word_1_481' title='bbox 3656 1380 3800 1434; x_wconf 72' lang='grc' dir='ltr'>προτ-</span> 
     </span>
    </p>
   </div>
   <div class='ocr_carea' id='block_1_73' title="bbox 2246 1456 3798 1530">
    <p class='ocr_par' dir='ltr' id='par_1_73' title="bbox 2246 1456 3798 1530">
     <span class='ocr_line' id='line_1_73' title="bbox 2246 1456 3798 1530; baseline 0.001 -22"><span class='ocrx_word' id='word_1_482' title='bbox 2246 1456 2526 1528; x_wconf 85' lang='grc' dir='ltr'>ηγορεύθη</span> <span class='ocrx_word' id='word_1_483' title='bbox 2553 1457 2663 1511; x_wconf 86' lang='grc' dir='ltr'><strong>τῶν</strong></span> <span class='ocrx_word' id='word_1_484' title='bbox 2699 1458 2994 1530; x_wconf 81' lang='grc' dir='ltr'>ὁρωμένων</span> <span class='ocrx_word' id='word_1_485' title='bbox 3022 1459 3056 1530; x_wconf 80' lang='grc' dir='ltr'>ἡ</span> <span class='ocrx_word' id='word_1_486' title='bbox 3109 1457 3335 1526; x_wconf 83' lang='grc' dir='ltr'>γνῶσις.</span> <span class='ocrx_word' id='word_1_487' title='bbox 3368 1456 3446 1521; x_wconf 85' lang='grc' dir='ltr'>ὡς</span> <span class='ocrx_word' id='word_1_488' title='bbox 3480 1456 3588 1511; x_wconf 92' lang='grc' dir='ltr'><strong>τῶν</strong></span> <span class='ocrx_word' id='word_1_489' title='bbox 3620 1456 3798 1528; x_wconf 73' lang='grc' dir='ltr'>ἄκρων,</span> 
     </span>
    </p>
   </div>
   <div class='ocr_carea' id='block_1_74' title="bbox 2248 1543 3613 1620">
    <p class='ocr_par' dir='ltr' id='par_1_74' title="bbox 2248 1543 3613 1620">
     <span class='ocr_line' id='line_1_74' title="bbox 2248 1543 3613 1620; baseline 0.002 -21"><span class='ocrx_word' id='word_1_490' title='bbox 2248 1545 2392 1616; x_wconf 80' lang='grc' dir='ltr'>λέγω</span> <span class='ocrx_word' id='word_1_491' title='bbox 2411 1546 2468 1600; x_wconf 77' lang='grc' dir='ltr'>δὲ</span> <span class='ocrx_word' id='word_1_492' title='bbox 2496 1547 2588 1601; x_wconf 82' lang='grc' dir='ltr'>νοῦ</span> <span class='ocrx_word' id='word_1_493' title='bbox 2612 1547 2707 1602; x_wconf 73' lang='grc' dir='ltr'>καὶ</span> <span class='ocrx_word' id='word_1_494' title='bbox 2742 1548 3070 1620; x_wconf 79' lang='grc' dir='ltr'>αἰσθήσεως,</span> <span class='ocrx_word' id='word_1_495' title='bbox 3099 1543 3238 1604; x_wconf 81' lang='grc' dir='ltr'>οὖσα</span> <span class='ocrx_word' id='word_1_496' title='bbox 3265 1547 3613 1620; x_wconf 88' lang='grc' dir='ltr'>μεταίχμιος.</span> 
     </span>
    </p>
   </div>
   <div class='ocr_carea' id='block_1_75' title="bbox 2180 1718 3802 1793">
    <p class='ocr_par' dir='ltr' id='par_1_75' title="bbox 2180 1718 3802 1793">
     <span class='ocr_line' id='line_1_75' title="bbox 2180 1718 3802 1793; baseline -0.006 -14"><span class='ocrx_word' id='word_1_497' title='bbox 2180 1724 2221 1779; x_wconf 85' lang='grc' dir='ltr'><strong>Β</strong></span> <span class='ocrx_word' id='word_1_498' title='bbox 2322 1721 2433 1791; x_wconf 69' lang='grc' dir='ltr'>πβν.</span> <span class='ocrx_word' id='word_1_499' title='bbox 2485 1720 2547 1777; x_wconf 91' lang='grc' dir='ltr'><strong>Ὀ</strong></span> <span class='ocrx_word' id='word_1_500' title='bbox 2581 1720 2724 1775; x_wconf 85' lang='grc' dir='ltr'><strong>κατά</strong></span> <span class='ocrx_word' id='word_1_501' title='bbox 2746 1723 2840 1776; x_wconf 70' lang='grc' dir='ltr'><strong>τὸν</strong></span> <span class='ocrx_word' id='word_1_502' title='bbox 2870 1722 3062 1793; x_wconf 81' lang='grc' dir='ltr'>καιρὸν</span> <span class='ocrx_word' id='word_1_503' title='bbox 3090 1722 3189 1792; x_wconf 82' lang='grc' dir='ltr'><strong>τῆς</strong></span> <span class='ocrx_word' id='word_1_504' title='bbox 3221 1720 3334 1775; x_wconf 87' lang='grc' dir='ltr'><strong>τῶν</strong></span> <span class='ocrx_word' id='word_1_505' title='bbox 3383 1718 3693 1792; x_wconf 78' lang='grc' dir='ltr'>πειρασμῶν</span> <span class='ocrx_word' id='word_1_506' title='bbox 3720 1718 3802 1770; x_wconf 79' lang='grc' dir='ltr'><strong>ὲπ-</strong></span> 
     </span>
    </p>
   </div>
   <div class='ocr_carea' id='block_1_76' title="bbox 2251 1809 3799 1885">
    <p class='ocr_par' dir='ltr' id='par_1_76' title="bbox 2251 1809 3799 1885">
     <span class='ocr_line' id='line_1_76' title="bbox 2251 1809 3799 1885; baseline -0.003 -18"><span class='ocrx_word' id='word_1_507' title='bbox 2251 1814 2623 1879; x_wconf 78' lang='grc' dir='ltr'>αναστάσεως,</span> <span class='ocrx_word' id='word_1_508' title='bbox 2653 1812 2752 1883; x_wconf 85' lang='grc' dir='ltr'><strong>τῆς</strong></span> <span class='ocrx_word' id='word_1_509' title='bbox 2787 1815 2926 1885; x_wconf 86' lang='grc' dir='ltr'><strong>μετά</strong></span> <span class='ocrx_word' id='word_1_510' title='bbox 2956 1815 3193 1884; x_wconf 78' lang='grc' dir='ltr'>φυσικῆς</span> <span class='ocrx_word' id='word_1_511' title='bbox 3215 1811 3554 1884; x_wconf 81' lang='grc' dir='ltr'><strong>ἀπεχόμενος</strong></span> <span class='ocrx_word' id='word_1_512' title='bbox 3575 1809 3799 1881; x_wconf 81' lang='grc' dir='ltr'>Θεωρίας,</span> 
     </span>
    </p>
   </div>
   <div class='ocr_carea' id='block_1_77' title="bbox 2249 1904 3802 1978">
    <p class='ocr_par' dir='ltr' id='par_1_77' title="bbox 2249 1904 3802 1978">
     <span class='ocr_line' id='line_1_77' title="bbox 2249 1904 3802 1978; baseline -0.002 -19"><span class='ocrx_word' id='word_1_513' title='bbox 2249 1906 2349 1976; x_wconf 84' lang='grc' dir='ltr'><strong>τῆς</strong></span> <span class='ocrx_word' id='word_1_514' title='bbox 2370 1905 2428 1958; x_wconf 76' lang='grc' dir='ltr'>δὲ</span> <span class='ocrx_word' id='word_1_515' title='bbox 2454 1905 2766 1977; x_wconf 81' lang='grc' dir='ltr'>προσευχῆς</span> <span class='ocrx_word' id='word_1_516' title='bbox 2795 1907 2937 1960; x_wconf 83' lang='grc' dir='ltr'>κατὰ</span> <span class='ocrx_word' id='word_1_517' title='bbox 2971 1906 3068 1978; x_wconf 80' lang='grc' dir='ltr'><strong>τὴν</strong></span> <span class='ocrx_word' id='word_1_518' title='bbox 3106 1907 3172 1960; x_wconf 77' lang='grc' dir='ltr'>ὲκ</span> <span class='ocrx_word' id='word_1_519' title='bbox 3201 1904 3424 1961; x_wconf 82' lang='grc' dir='ltr'>πάντων</span> <span class='ocrx_word' id='word_1_520' title='bbox 3463 1904 3598 1977; x_wconf 81' lang='grc' dir='ltr'>πρὸς</span> <span class='ocrx_word' id='word_1_521' title='bbox 3639 1904 3802 1958; x_wconf 80' lang='grc' dir='ltr'>ἑαυτὸν</span> 
     </span>
    </p>
   </div>
   <div class='ocr_carea' id='block_1_78' title="bbox 2249 1996 3800 2071">
    <p class='ocr_par' dir='ltr' id='par_1_78' title="bbox 2249 1996 3800 2071">
     <span class='ocr_line' id='line_1_78' title="bbox 2249 1996 3800 2071; baseline -0.001 -21"><span class='ocrx_word' id='word_1_522' title='bbox 2249 2014 2311 2050; x_wconf 85' lang='grc' dir='ltr'><strong>τε</strong></span> <span class='ocrx_word' id='word_1_523' title='bbox 2332 1998 2427 2051; x_wconf 73' lang='grc' dir='ltr'>καὶ</span> <span class='ocrx_word' id='word_1_524' title='bbox 2459 1998 2552 2051; x_wconf 70' lang='grc' dir='ltr'>τὸν</span> <span class='ocrx_word' id='word_1_525' title='bbox 2576 1996 2712 2052; x_wconf 81' lang='grc' dir='ltr'>Θεὸν</span> <span class='ocrx_word' id='word_1_526' title='bbox 2739 1996 2834 2052; x_wconf 81' lang='grc' dir='ltr'><strong>τοῦ</strong></span> <span class='ocrx_word' id='word_1_527' title='bbox 2867 1997 2961 2053; x_wconf 82' lang='grc' dir='ltr'>νοῦ</span> <span class='ocrx_word' id='word_1_528' title='bbox 2990 1997 3258 2071; x_wconf 81' lang='grc' dir='ltr'>συστολὴν</span> <span class='ocrx_word' id='word_1_529' title='bbox 3288 1997 3663 2069; x_wconf 77' lang='grc' dir='ltr'>ἀντεχόμενος,</span> <span class='ocrx_word' id='word_1_530' title='bbox 3687 1996 3800 2049; x_wconf 84' lang='grc' dir='ltr'>ἀπο-</span> 
     </span>
    </p>
   </div>
   <div class='ocr_carea' id='block_1_79' title="bbox 2250 2087 3801 2161">
    <p class='ocr_par' dir='ltr' id='par_1_79' title="bbox 2250 2087 3801 2161">
     <span class='ocr_line' id='line_1_79' title="bbox 2250 2087 3801 2161; baseline -0.001 -18"><span class='ocrx_word' id='word_1_531' title='bbox 2250 2089 2455 2143; x_wconf 84' lang='grc' dir='ltr'>κτείνει</span> <span class='ocrx_word' id='word_1_532' title='bbox 2490 2090 2592 2161; x_wconf 73' lang='grc' dir='ltr'>τὴν</span> <span class='ocrx_word' id='word_1_533' title='bbox 2632 2088 2924 2161; x_wconf 81' lang='grc' dir='ltr'>ποιητικὴν</span> <span class='ocrx_word' id='word_1_534' title='bbox 2974 2091 3075 2159; x_wconf 87' lang='grc' dir='ltr'><strong>τῆς</strong></span> <span class='ocrx_word' id='word_1_535' title='bbox 3123 2088 3326 2154; x_wconf 79' lang='grc' dir='ltr'><strong>κακίας</strong></span> <span class='ocrx_word' id='word_1_536' title='bbox 3370 2088 3510 2156; x_wconf 72' lang='grc' dir='ltr'>ἕξιν,</span> <span class='ocrx_word' id='word_1_537' title='bbox 3553 2087 3647 2142; x_wconf 76' lang='grc' dir='ltr'>καὶ</span> <span class='ocrx_word' id='word_1_538' title='bbox 3687 2087 3801 2142; x_wconf 76' lang='grc' dir='ltr'>ἀπο·</span> 
     </span>
    </p>
   </div>
   <div class='ocr_carea' id='block_1_80' title="bbox 2253 2179 3801 2253">
    <p class='ocr_par' dir='ltr' id='par_1_80' title="bbox 2253 2179 3801 2253">
     <span class='ocr_line' id='line_1_80' title="bbox 2253 2179 3801 2253; baseline -0.002 -18"><span class='ocrx_word' id='word_1_539' title='bbox 2253 2181 2478 2252; x_wconf 82' lang='grc' dir='ltr'>στρέφει</span> <span class='ocrx_word' id='word_1_540' title='bbox 2516 2183 2633 2253; x_wconf 88' lang='grc' dir='ltr'>μετ’</span> <span class='ocrx_word' id='word_1_541' title='bbox 2666 2180 2932 2253; x_wconf 68' lang='grc' dir='ltr'>αἰσχύνης</span> <span class='ocrx_word' id='word_1_542' title='bbox 2976 2181 3068 2235; x_wconf 80' lang='grc' dir='ltr'>τὸν</span> <span class='ocrx_word' id='word_1_543' title='bbox 3095 2180 3367 2248; x_wconf 76' lang='grc' dir='ltr'>διάϐολον,</span> <span class='ocrx_word' id='word_1_544' title='bbox 3397 2179 3801 2249; x_wconf 75' lang='grc' dir='ltr'>ὑποϐαλλόμενον</span> 
     </span>
    </p>
   </div>
   <div class='ocr_carea' id='block_1_81' title="bbox 2249 2269 3800 2349">
    <p class='ocr_par' dir='ltr' id='par_1_81' title="bbox 2249 2269 3800 2349">
     <span class='ocr_line' id='line_1_81' title="bbox 2249 2269 3800 2349; baseline -0.001 -23"><span class='ocrx_word' id='word_1_545' title='bbox 2249 2274 2349 2346; x_wconf 83' lang='grc' dir='ltr'>τὴν</span> <span class='ocrx_word' id='word_1_546' title='bbox 2388 2275 2689 2346; x_wconf 78' lang='grc' dir='ltr'>εἰρημένην</span> <span class='ocrx_word' id='word_1_547' title='bbox 2735 2273 2871 2341; x_wconf 75' lang='grc' dir='ltr'>ἕξιν,</span> <span class='ocrx_word' id='word_1_548' title='bbox 2926 2274 3012 2344; x_wconf 73' lang='grc' dir='ltr'><strong>ἐφ’</strong></span> <span class='ocrx_word' id='word_1_549' title='bbox 3137 2272 3423 2338; x_wconf 80' lang='grc' dir='ltr'>πεποιθὼς</span> <span class='ocrx_word' id='word_1_550' title='bbox 3457 2273 3594 2344; x_wconf 85' lang='grc' dir='ltr'><strong>μετά</strong></span> <span class='ocrx_word' id='word_1_551' title='bbox 3624 2275 3714 2341; x_wconf 83' lang='grc' dir='ltr'><strong>τῆς</strong></span> <span class='ocrx_word' id='word_1_552' title='bbox 3736 2272 3800 2325; x_wconf 79' lang='lat' dir='ltr'><strong>ol-</strong></span> 
     </span>
    </p>
   </div>
   <div class='ocr_carea' id='block_1_82' title="bbox 2250 2364 3801 2439">
    <p class='ocr_par' dir='ltr' id='par_1_82' title="bbox 2250 2364 3801 2439">
     <span class='ocr_line' id='line_1_82' title="bbox 2250 2364 3801 2439; baseline -0.002 -18"><span class='ocrx_word' id='word_1_553' title='bbox 2250 2368 2405 2430; x_wconf 85' lang='grc' dir='ltr'>κείας</span> <span class='ocrx_word' id='word_1_554' title='bbox 2431 2366 2755 2432; x_wconf 75' lang='grc' dir='ltr'>ἀλαζονείας</span> <span class='ocrx_word' id='word_1_555' title='bbox 2808 2364 2946 2439; x_wconf 80' lang='grc' dir='ltr'>ἦλθε</span> <span class='ocrx_word' id='word_1_556' title='bbox 2989 2367 3127 2439; x_wconf 79' lang='grc' dir='ltr'>πρὸς</span> <span class='ocrx_word' id='word_1_557' title='bbox 3189 2368 3290 2438; x_wconf 80' lang='grc' dir='ltr'>τὴν</span> <span class='ocrx_word' id='word_1_558' title='bbox 3326 2366 3531 2439; x_wconf 80' lang='grc' dir='ltr'>ψυχὴν,</span> <span class='ocrx_word' id='word_1_559' title='bbox 3586 2367 3671 2421; x_wconf 80' lang='grc' dir='ltr'>διὰ</span> <span class='ocrx_word' id='word_1_560' title='bbox 3714 2364 3801 2419; x_wconf 83' lang='grc' dir='ltr'><strong>τῶν</strong></span> 
     </span>
    </p>
   </div>
   <div class='ocr_carea' id='block_1_83' title="bbox 2251 2460 3799 2533">
    <p class='ocr_par' dir='ltr' id='par_1_83' title="bbox 2251 2460 3799 2533">
     <span class='ocr_line' id='line_1_83' title="bbox 2251 2460 3799 2533; baseline 0.001 -21"><span class='ocrx_word' id='word_1_561' title='bbox 2251 2460 2619 2532; x_wconf 83' lang='grc' dir='ltr'>ὑπερηφάνων</span> <span class='ocrx_word' id='word_1_562' title='bbox 2649 2460 2928 2533; x_wconf 83' lang='grc' dir='ltr'>λογισμῶν</span> <span class='ocrx_word' id='word_1_563' title='bbox 2942 2461 3043 2532; x_wconf 89' lang='grc' dir='ltr'><strong>τῆς</strong></span> <span class='ocrx_word' id='word_1_564' title='bbox 3058 2460 3321 2532; x_wconf 74' lang='grc' dir='ltr'>ἀληθείας</span> <span class='ocrx_word' id='word_1_565' title='bbox 3348 2460 3799 2532; x_wconf 85' lang='grc' dir='ltr'>κατεπαιρόμενος·</span> 
     </span>
    </p>
   </div>
   <div class='ocr_carea' id='block_1_84' title="bbox 2249 2551 3802 2625">
    <p class='ocr_par' dir='ltr' id='par_1_84' title="bbox 2249 2551 3802 2625">
     <span class='ocr_line' id='line_1_84' title="bbox 2249 2551 3802 2625; baseline 0.003 -21"><span class='ocrx_word' id='word_1_566' title='bbox 2249 2552 2386 2623; x_wconf 84' lang='grc' dir='ltr'>ὅπερ</span> <span class='ocrx_word' id='word_1_567' title='bbox 2423 2552 2587 2623; x_wconf 81' lang='grc' dir='ltr'>τυχὸν</span> <span class='ocrx_word' id='word_1_568' title='bbox 2619 2553 2714 2607; x_wconf 71' lang='grc' dir='ltr'>καὶ</span> <span class='ocrx_word' id='word_1_569' title='bbox 2752 2553 2916 2621; x_wconf 85' lang='grc' dir='ltr'>γνοὺς</span> <span class='ocrx_word' id='word_1_570' title='bbox 2948 2555 3045 2608; x_wconf 78' lang='grc' dir='ltr'>καὶ</span> <span class='ocrx_word' id='word_1_571' title='bbox 3075 2551 3266 2608; x_wconf 87' lang='grc' dir='ltr'>παθὼν</span> <span class='ocrx_word' id='word_1_572' title='bbox 3293 2554 3390 2608; x_wconf 64' lang='grc' dir='ltr'><strong>καὶ¹</strong></span> <span class='ocrx_word' id='word_1_573' title='bbox 3423 2554 3698 2625; x_wconf 79' lang='grc' dir='ltr'>ποιήσαςό</span> <span class='ocrx_word' id='word_1_574' title='bbox 3723 2551 3802 2622; x_wconf 67' lang='grc' dir='ltr'><strong>μὲ-</strong></span> 
     </span>
    </p>
   </div>
   <div class='ocr_carea' id='block_1_85' title="bbox 2250 2642 3802 2717">
    <p class='ocr_par' dir='ltr' id='par_1_85' title="bbox 2250 2642 3802 2717">
     <span class='ocr_line' id='line_1_85' title="bbox 2250 2642 3802 2717; baseline -0.001 -19"><span class='ocrx_word' id='word_1_575' title='bbox 2250 2662 2352 2713; x_wconf 89' lang='grc' dir='ltr'><strong>γας</strong></span> <span class='ocrx_word' id='word_1_576' title='bbox 2377 2645 2574 2711; x_wconf 76' lang='grc' dir='ltr'>Δαϐὶδ,</span> <span class='ocrx_word' id='word_1_577' title='bbox 2603 2647 2632 2698; x_wconf 97' lang='lat'><strong>6</strong></span> <span class='ocrx_word' id='word_1_578' title='bbox 2661 2645 2880 2699; x_wconf 85' lang='grc' dir='ltr'>πάντων</span> <span class='ocrx_word' id='word_1_579' title='bbox 2927 2644 3165 2715; x_wconf 84' lang='grc' dir='ltr'>μάλιστα</span> <span class='ocrx_word' id='word_1_580' title='bbox 3201 2647 3402 2717; x_wconf 85' lang='grc' dir='ltr'>πεῖραν</span> <span class='ocrx_word' id='word_1_581' title='bbox 3433 2644 3572 2717; x_wconf 76' lang='grc' dir='ltr'>ἔχων</span> <span class='ocrx_word' id='word_1_582' title='bbox 3597 2646 3690 2716; x_wconf 78' lang='grc' dir='ltr'><strong>τῆς</strong></span> <span class='ocrx_word' id='word_1_583' title='bbox 3714 2642 3802 2697; x_wconf 84' lang='grc' dir='ltr'><strong>τῶν</strong></span> 
     </span>
    </p>
   </div>
   <div class='ocr_carea' id='block_1_86' title="bbox 2248 2730 3800 2806">
    <p class='ocr_par' dir='ltr' id='par_1_86' title="bbox 2248 2730 3800 2806">
     <span class='ocr_line' id='line_1_86' title="bbox 2248 2730 3800 2806; baseline -0.003 -18"><span class='ocrx_word' id='word_1_584' title='bbox 2248 2735 2455 2806; x_wconf 80' lang='grc' dir='ltr'>νοητῶν</span> <span class='ocrx_word' id='word_1_585' title='bbox 2488 2734 2743 2806; x_wconf 82' lang='grc' dir='ltr'>πολέμων</span> <span class='ocrx_word' id='word_1_586' title='bbox 2794 2734 3179 2806; x_wconf 81' lang='grc' dir='ltr'>παρατάξεως,</span> <span class='ocrx_word' id='word_1_587' title='bbox 3223 2734 3326 2789; x_wconf 82' lang='grc' dir='ltr'><strong>Ἐν</strong></span> <span class='ocrx_word' id='word_1_588' title='bbox 3369 2733 3456 2800; x_wconf 84' lang='grc' dir='ltr'>τῷ</span> <span class='ocrx_word' id='word_1_589' title='bbox 3505 2730 3800 2801; x_wconf 78' lang='grc' dir='ltr'>συστῆναι,</span> 
     </span>
    </p>
   </div>
   <div class='ocr_carea' id='block_1_87' title="bbox 2250 2824 3805 2898">
    <p class='ocr_par' dir='ltr' id='par_1_87' title="bbox 2250 2824 3805 2898">
     <span class='ocr_line' id='line_1_87' title="bbox 2250 2824 3805 2898; baseline -0.017 1"><span class='ocrx_word' id='word_1_590' title='bbox 2250 2829 2409 2898; x_wconf 69' lang='grc' dir='ltr'><strong>φησὶν</strong></span> <span class='ocrx_word' id='word_1_591' title='bbox 2462 2829 2571 2883; x_wconf 75' lang='grc' dir='ltr'><strong>τὸν</strong></span> <span class='ocrx_word' id='word_1_592' title='bbox 2608 2828 2965 2897; x_wconf 71' lang='grc' dir='ltr'>ἁμαρτωλὸν</span> <span class='ocrx_word' id='word_1_593' title='bbox 2989 2827 3272 2885; x_wconf 78' lang='grc' dir='ltr'>ἐναντίον</span> <span class='ocrx_word' id='word_1_594' title='bbox 3314 2844 3461 2898; x_wconf 80' lang='grc' dir='ltr'>μου,</span> <span class='ocrx_word' id='word_1_595' title='bbox 3517 2824 3805 2895; x_wconf 69' lang='grc' dir='ltr'>ἐκωφώθην</span> 
     </span>
    </p>
   </div>
   <div class='ocr_carea' id='block_1_88' title="bbox 2249 2916 3805 2989">
    <p class='ocr_par' dir='ltr' id='par_1_88' title="bbox 2249 2916 3805 2989">
     <span class='ocr_line' id='line_1_88' title="bbox 2249 2916 3805 2989; baseline -0.004 -16"><span class='ocrx_word' id='word_1_596' title='bbox 2249 2920 2347 2973; x_wconf 78' lang='grc' dir='ltr'><strong>καί</strong></span> <span class='ocrx_word' id='word_1_597' title='bbox 2391 2919 2821 2986; x_wconf 80' lang='grc' dir='ltr'>ἐταπεινώθην,</span> <span class='ocrx_word' id='word_1_598' title='bbox 2870 2918 2971 2972; x_wconf 78' lang='grc' dir='ltr'>καὶ</span> <span class='ocrx_word' id='word_1_599' title='bbox 3015 2918 3278 2989; x_wconf 78' lang='grc' dir='ltr'>ἐσίγησα</span> <span class='ocrx_word' id='word_1_600' title='bbox 3309 2917 3381 2985; x_wconf 80' lang='grc' dir='ltr'>ἐξ</span> <span class='ocrx_word' id='word_1_601' title='bbox 3432 2916 3680 2987; x_wconf 79' lang='grc' dir='ltr'>ἀγαθῶν·</span> <span class='ocrx_word' id='word_1_602' title='bbox 3727 2917 3805 2969; x_wconf 74' lang='grc' dir='ltr'>καὶ</span> 
     </span>
    </p>
   </div>
   <div class='ocr_carea' id='block_1_89' title="bbox 2255 3006 3805 3084">
    <p class='ocr_par' dir='ltr' id='par_1_89' title="bbox 2255 3006 3805 3084">
     <span class='ocr_line' id='line_1_89' title="bbox 2255 3006 3805 3084; baseline -0.003 -18"><span class='ocrx_word' id='word_1_603' title='bbox 2255 3013 2372 3084; x_wconf 86' lang='grc' dir='ltr'>μετ’</span> <span class='ocrx_word' id='word_1_604' title='bbox 2412 3013 2574 3066; x_wconf 79' lang='grc' dir='ltr'>αὑτὸν</span> <span class='ocrx_word' id='word_1_605' title='bbox 2607 3015 2636 3067; x_wconf 94' lang='lat'><strong>6</strong></span> <span class='ocrx_word' id='word_1_606' title='bbox 2689 3011 2832 3076; x_wconf 85' lang='grc' dir='ltr'>θεῖος</span> <span class='ocrx_word' id='word_1_607' title='bbox 2873 3011 3167 3084; x_wconf 80' lang='grc' dir='ltr'>Ἱερεμίας,</span> <span class='ocrx_word' id='word_1_608' title='bbox 3206 3011 3574 3082; x_wconf 75' lang='grc' dir='ltr'>προστάσσων</span> <span class='ocrx_word' id='word_1_609' title='bbox 3611 3008 3684 3081; x_wconf 82' lang='grc' dir='ltr'>τῷ</span> <span class='ocrx_word' id='word_1_610' title='bbox 3710 3006 3805 3076; x_wconf 69' lang='grc' dir='ltr'>λαιῖ)</span> 
     </span>
    </p>
   </div>
   <div class='ocr_carea' id='block_1_90' title="bbox 2173 3065 3806 3174">
    <p class='ocr_par' dir='ltr' id='par_1_90' title="bbox 2173 3065 3806 3174">
     <span class='ocr_line' id='line_1_90' title="bbox 2173 3065 3806 3174; baseline -0.004 -17"><span class='ocrx_word' id='word_1_611' title='bbox 2173 3065 2218 3123; x_wconf 74' lang='lat' dir='ltr'><strong>C</strong></span> <span class='ocrx_word' id='word_1_612' title='bbox 2253 3065 2583 3174; x_wconf 78' lang='grc' dir='ltr'>μὴὲκδῆναι</span> <span class='ocrx_word' id='word_1_613' title='bbox 2617 3065 2716 3172; x_wconf 81' lang='grc' dir='ltr'><strong>τῆς</strong></span> <span class='ocrx_word' id='word_1_614' title='bbox 2745 3065 2976 3169; x_wconf 71' lang='grc' dir='ltr'>πόλεως,</span> <span class='ocrx_word' id='word_1_615' title='bbox 2994 3065 3085 3156; x_wconf 69' lang='grc' dir='ltr'>διὰ</span> <span class='ocrx_word' id='word_1_616' title='bbox 3108 3065 3517 3173; x_wconf 67' lang='grc' dir='ltr'>τῆνκύκλωθεν</span> <span class='ocrx_word' id='word_1_617' title='bbox 3542 3065 3806 3173; x_wconf 39' lang='grc' dir='ltr'>παρδικοῦζ</span> 
     </span>
    </p>
   </div>
   <div class='ocr_carea' id='block_1_91' title="bbox 2251 3194 3065 3266">
    <p class='ocr_par' dir='ltr' id='par_1_91' title="bbox 2251 3194 3065 3266">
     <span class='ocr_line' id='line_1_91' title="bbox 2251 3194 3065 3266; baseline 0.001 -19"><span class='ocrx_word' id='word_1_618' title='bbox 2251 3210 2353 3248; x_wconf 88' lang='grc' dir='ltr'><strong>σαν</strong></span> <span class='ocrx_word' id='word_1_619' title='bbox 2385 3195 2494 3248; x_wconf 89' lang='grc' dir='ltr'><strong>τῶν</strong></span> <span class='ocrx_word' id='word_1_620' title='bbox 2524 3194 2737 3265; x_wconf 77' lang='grc' dir='ltr'>ἐχθρῶν</span> <span class='ocrx_word' id='word_1_621' title='bbox 2765 3194 3065 3266; x_wconf 79' lang='grc' dir='ltr'>ῥομφαίαν.</span> 
     </span>
    </p>
   </div>
   <div class='ocr_carea' id='block_1_92' title="bbox 2321 3280 3806 3357">
    <p class='ocr_par' dir='ltr' id='par_1_92' title="bbox 2321 3280 3806 3357">
     <span class='ocr_line' id='line_1_92' title="bbox 2321 3280 3806 3357; baseline -0.004 -17"><span class='ocrx_word' id='word_1_622' title='bbox 2321 3290 2434 3353; x_wconf 90' lang='grc' dir='ltr'>πγ’.</span> <span class='ocrx_word' id='word_1_623' title='bbox 2474 3285 2586 3339; x_wconf 69' lang='grc' dir='ltr'><strong>Καὶ</strong></span> <span class='ocrx_word' id='word_1_624' title='bbox 2618 3286 2647 3338; x_wconf 86' lang='lat'><strong>6</strong></span> <span class='ocrx_word' id='word_1_625' title='bbox 2689 3285 2962 3357; x_wconf 82' lang='grc' dir='ltr'>μακάριος</span> <span class='ocrx_word' id='word_1_626' title='bbox 2993 3284 3175 3339; x_wconf 84' lang='grc' dir='ltr'>τοίνυν</span> <span class='ocrx_word' id='word_1_627' title='bbox 3213 3283 3411 3349; x_wconf 75' lang='grc' dir='ltr'>Ἅϐελ,</span> <span class='ocrx_word' id='word_1_628' title='bbox 3447 3284 3605 3355; x_wconf 84' lang='grc' dir='ltr'>εἴπερ</span> <span class='ocrx_word' id='word_1_629' title='bbox 3630 3280 3806 3353; x_wconf 77' lang='grc' dir='ltr'>ἐφυλά-</span> 
     </span>
    </p>
   </div>
   <div class='ocr_carea' id='block_1_93' title="bbox 2250 3374 3806 3448">
    <p class='ocr_par' dir='ltr' id='par_1_93' title="bbox 2250 3374 3806 3448">
     <span class='ocr_line' id='line_1_93' title="bbox 2250 3374 3806 3448; baseline -0.001 -21"><span class='ocrx_word' id='word_1_630' title='bbox 2250 3374 2397 3441; x_wconf 84' lang='grc' dir='ltr'>ξατο,</span> <span class='ocrx_word' id='word_1_631' title='bbox 2432 3376 2527 3430; x_wconf 62' lang='grc' dir='ltr'><strong>καὶ⁸</strong></span> <span class='ocrx_word' id='word_1_632' title='bbox 2559 3376 2634 3447; x_wconf 86' lang='grc' dir='ltr'>μὴ</span> <span class='ocrx_word' id='word_1_633' title='bbox 2667 3376 2961 3448; x_wconf 79' lang='grc' dir='ltr'>συνεξῆλθε</span> <span class='ocrx_word' id='word_1_634' title='bbox 2982 3375 3062 3447; x_wconf 84' lang='grc' dir='ltr'><strong>τῷ</strong></span> <span class='ocrx_word' id='word_1_635' title='bbox 3090 3377 3232 3430; x_wconf 83' lang='grc' dir='ltr'><strong>Κάῖν</strong></span> <span class='ocrx_word' id='word_1_636' title='bbox 3256 3376 3315 3429; x_wconf 77' lang='grc' dir='ltr'>ἐν</span> <span class='ocrx_word' id='word_1_637' title='bbox 3347 3376 3430 3446; x_wconf 83' lang='grc' dir='ltr'>τῷ</span> <span class='ocrx_word' id='word_1_638' title='bbox 3462 3376 3644 3447; x_wconf 87' lang='grc' dir='ltr'>πεδίῳ·</span> <span class='ocrx_word' id='word_1_639' title='bbox 3669 3388 3806 3426; x_wconf 86' lang='grc' dir='ltr'>τουτ-</span> 
     </span>
    </p>
   </div>
   <div class='ocr_carea' id='block_1_94' title="bbox 2249 3466 3807 3539">
    <p class='ocr_par' dir='ltr' id='par_1_94' title="bbox 2249 3466 3807 3539">
     <span class='ocr_line' id='line_1_94' title="bbox 2249 3466 3807 3539; baseline 0.005 -19"><span class='ocrx_word' id='word_1_640' title='bbox 2249 3466 2399 3521; x_wconf 86' lang='grc' dir='ltr'>ἐστιν</span> <span class='ocrx_word' id='word_1_641' title='bbox 2431 3469 2488 3522; x_wconf 82' lang='grc' dir='ltr'>ὲν</span> <span class='ocrx_word' id='word_1_642' title='bbox 2521 3468 2598 3539; x_wconf 85' lang='grc' dir='ltr'>τῷ</span> <span class='ocrx_word' id='word_1_643' title='bbox 2631 3468 2827 3523; x_wconf 82' lang='grc' dir='ltr'>πλάτει</span> <span class='ocrx_word' id='word_1_644' title='bbox 2864 3470 2963 3539; x_wconf 86' lang='grc' dir='ltr'><strong>τῆς</strong></span> <span class='ocrx_word' id='word_1_645' title='bbox 3003 3469 3241 3539; x_wconf 79' lang='grc' dir='ltr'>φυσικῆς</span> <span class='ocrx_word' id='word_1_646' title='bbox 3288 3467 3549 3539; x_wconf 87' lang='grc' dir='ltr'>θεωρίας·</span> <span class='ocrx_word' id='word_1_647' title='bbox 3581 3466 3683 3538; x_wconf 72' lang='grc' dir='ltr'>πρὸ</span> <span class='ocrx_word' id='word_1_648' title='bbox 3723 3466 3807 3536; x_wconf 79' lang='grc' dir='ltr'>τῆς</span> 
     </span>
    </p>
   </div>
   <div class='ocr_carea' id='block_1_95' title="bbox 2248 3560 3806 3634">
    <p class='ocr_par' dir='ltr' id='par_1_95' title="bbox 2248 3560 3806 3634">
     <span class='ocr_line' id='line_1_95' title="bbox 2248 3560 3806 3634; baseline 0 -20"><span class='ocrx_word' id='word_1_649' title='bbox 2248 3562 2540 3628; x_wconf 85' lang='grc' dir='ltr'>ἀπαθείας,</span> <span class='ocrx_word' id='word_1_650' title='bbox 2569 3563 2671 3616; x_wconf 86' lang='grc' dir='ltr'><strong>ούκ</strong></span> <span class='ocrx_word' id='word_1_651' title='bbox 2712 3561 2778 3617; x_wconf 86' lang='grc' dir='ltr'>ἂν</span> <span class='ocrx_word' id='word_1_652' title='bbox 2803 3561 3114 3626; x_wconf 83' lang='grc' dir='ltr'>ὲπαναστάς</span> <span class='ocrx_word' id='word_1_653' title='bbox 3143 3562 3473 3617; x_wconf 79' lang='grc' dir='ltr'>ἀπέκτεινεν</span> <span class='ocrx_word' id='word_1_654' title='bbox 3502 3561 3661 3619; x_wconf 84' lang='grc' dir='ltr'>αύτδν</span> <span class='ocrx_word' id='word_1_655' title='bbox 3687 3560 3806 3634; x_wconf 72' lang='grc' dir='ltr'>μετὰ</span> 
     </span>
    </p>
   </div>
   <div class='ocr_carea' id='block_1_96' title="bbox 2247 3652 3805 3726">
    <p class='ocr_par' dir='ltr' id='par_1_96' title="bbox 2247 3652 3805 3726">
     <span class='ocr_line' id='line_1_96' title="bbox 2247 3652 3805 3726; baseline 0.001 -20"><span class='ocrx_word' id='word_1_656' title='bbox 2247 3652 2426 3718; x_wconf 88' lang='grc' dir='ltr'>δόλου,</span> <span class='ocrx_word' id='word_1_657' title='bbox 2458 3653 2666 3724; x_wconf 79' lang='grc' dir='ltr'>κλέψας</span> <span class='ocrx_word' id='word_1_658' title='bbox 2708 3657 2823 3719; x_wconf 83' lang='grc' dir='ltr'>τοῖς</span> <span class='ocrx_word' id='word_1_659' title='bbox 2849 3654 3046 3721; x_wconf 79' lang='grc' dir='ltr'>δεξιοῖς</span> <span class='ocrx_word' id='word_1_660' title='bbox 3070 3655 3216 3710; x_wconf 83' lang='grc' dir='ltr'>κατὰ</span> <span class='ocrx_word' id='word_1_661' title='bbox 3247 3655 3348 3726; x_wconf 78' lang='grc' dir='ltr'>τὴν</span> <span class='ocrx_word' id='word_1_662' title='bbox 3368 3655 3484 3711; x_wconf 90' lang='grc' dir='ltr'><strong>τῶν</strong></span> <span class='ocrx_word' id='word_1_663' title='bbox 3504 3655 3669 3711; x_wconf 78' lang='grc' dir='ltr'>ὄντων</span> <span class='ocrx_word' id='word_1_664' title='bbox 3691 3653 3805 3708; x_wconf 84' lang='grc' dir='ltr'>θεω-</span> 
     </span>
    </p>
   </div>
   <div class='ocr_carea' id='block_1_97' title="bbox 2251 3743 3804 3822">
    <p class='ocr_par' dir='ltr' id='par_1_97' title="bbox 2251 3743 3804 3822">
     <span class='ocr_line' id='line_1_97' title="bbox 2251 3743 3804 3822; baseline -0.001 -23"><span class='ocrx_word' id='word_1_665' title='bbox 2251 3745 2375 3816; x_wconf 89' lang='grc' dir='ltr'>ρίαν</span> <span class='ocrx_word' id='word_1_666' title='bbox 2408 3745 2515 3817; x_wconf 78' lang='grc' dir='ltr'>πρὸ</span> <span class='ocrx_word' id='word_1_667' title='bbox 2555 3746 2653 3817; x_wconf 88' lang='grc' dir='ltr'><strong>τῆς</strong></span> <span class='ocrx_word' id='word_1_668' title='bbox 2682 3746 2897 3811; x_wconf 88' lang='grc' dir='ltr'>τελείας</span> <span class='ocrx_word' id='word_1_669' title='bbox 2936 3746 3124 3814; x_wconf 67' lang='grc' dir='ltr'>ἕξεως,</span> <span class='ocrx_word' id='word_1_670' title='bbox 3154 3751 3185 3803; x_wconf 88' lang='grc' dir='ltr'><strong>ό</strong></span> <span class='ocrx_word' id='word_1_671' title='bbox 3214 3747 3315 3820; x_wconf 86' lang='grc' dir='ltr'><strong>τῆς</strong></span> <span class='ocrx_word' id='word_1_672' title='bbox 3349 3749 3561 3822; x_wconf 77' lang='grc' dir='ltr'>σαρκὸς</span> <span class='ocrx_word' id='word_1_673' title='bbox 3590 3743 3804 3818; x_wconf 79' lang='grc' dir='ltr'>νόμος,ό</span> 
     </span>
    </p>
   </div>
   <div class='ocr_carea' id='block_1_98' title="bbox 2248 3837 3151 3910">
    <p class='ocr_par' dir='ltr' id='par_1_98' title="bbox 2248 3837 3151 3910">
     <span class='ocr_line' id='line_1_98' title="bbox 2248 3837 3151 3910; baseline 0.009 -20"><span class='ocrx_word' id='word_1_674' title='bbox 2248 3837 2389 3892; x_wconf 84' lang='grc' dir='ltr'>Κάῖν</span> <span class='ocrx_word' id='word_1_675' title='bbox 2420 3838 2515 3891; x_wconf 72' lang='grc' dir='ltr'>καὶ</span> <span class='ocrx_word' id='word_1_676' title='bbox 2555 3837 2631 3893; x_wconf 87' lang='grc' dir='ltr'>ὣν</span> <span class='ocrx_word' id='word_1_677' title='bbox 2661 3838 2760 3894; x_wconf 80' lang='grc' dir='ltr'>καὶ</span> <span class='ocrx_word' id='word_1_678' title='bbox 2794 3838 3151 3910; x_wconf 83' lang='grc' dir='ltr'>καλούμενος.</span> 
     </span>
    </p>
   </div>
   <div class='ocr_carea' id='block_1_99' title="bbox 2320 4016 3801 4093">
    <p class='ocr_par' dir='ltr' id='par_1_99' title="bbox 2320 4016 3801 4093">
     <span class='ocr_line' id='line_1_99' title="bbox 2320 4016 3801 4093; baseline 0.007 -24"><span class='ocrx_word' id='word_1_679' title='bbox 2320 4016 2424 4070; x_wconf 67' lang='grc' dir='ltr'>πδν.</span> <span class='ocrx_word' id='word_1_680' title='bbox 2466 4017 2701 4086; x_wconf 85' lang='grc' dir='ltr'>Ὁμοίως</span> <span class='ocrx_word' id='word_1_681' title='bbox 2754 4020 2851 4072; x_wconf 79' lang='grc' dir='ltr'>καὶ</span> <span class='ocrx_word' id='word_1_682' title='bbox 2897 4019 3049 4085; x_wconf 89' lang='grc' dir='ltr'>Δίνα,</span> <span class='ocrx_word' id='word_1_683' title='bbox 3097 4021 3132 4092; x_wconf 82' lang='grc' dir='ltr'><strong>ὴ</strong></span> <span class='ocrx_word' id='word_1_684' title='bbox 3179 4019 3273 4075; x_wconf 82' lang='grc' dir='ltr'><strong>τοῦ</strong></span> <span class='ocrx_word' id='word_1_685' title='bbox 3307 4023 3551 4092; x_wconf 81' lang='grc' dir='ltr'>μεγάλου</span> <span class='ocrx_word' id='word_1_686' title='bbox 3581 4022 3801 4093; x_wconf 78' lang='grc' dir='ltr'>θυγάτηρ</span> 
     </span>
    </p>
   </div>
   <div class='ocr_carea' id='block_1_100' title="bbox 2259 4098 3802 4186">
    <p class='ocr_par' dir='ltr' id='par_1_100' title="bbox 2259 4098 3802 4186">
     <span class='ocr_line' id='line_1_100' title="bbox 2259 4098 3802 4186; baseline 0.005 -26"><span class='ocrx_word' id='word_1_687' title='bbox 2259 4106 2477 4174; x_wconf 77' lang='grc' dir='ltr'>Ἰακὼϐ,</span> <span class='ocrx_word' id='word_1_688' title='bbox 2507 4112 2556 4162; x_wconf 91' lang='grc' dir='ltr'><strong>εί</strong></span> <span class='ocrx_word' id='word_1_689' title='bbox 2591 4110 2666 4180; x_wconf 86' lang='grc' dir='ltr'>μὴ</span> <span class='ocrx_word' id='word_1_690' title='bbox 2698 4098 3003 4181; x_wconf 75' lang='grc' dir='ltr'>συνεξῆλθε</span> <span class='ocrx_word' id='word_1_691' title='bbox 3023 4115 3142 4176; x_wconf 86' lang='grc' dir='ltr'>ταῖς</span> <span class='ocrx_word' id='word_1_692' title='bbox 3176 4111 3489 4186; x_wconf 82' lang='grc' dir='ltr'>θυγατράσι</span> <span class='ocrx_word' id='word_1_693' title='bbox 3516 4117 3625 4170; x_wconf 84' lang='grc' dir='ltr'><strong>τῶν</strong></span> <span class='ocrx_word' id='word_1_694' title='bbox 3650 4117 3802 4186; x_wconf 76' lang='grc' dir='ltr'>ὲγχω·</span> 
     </span>
    </p>
   </div>
   <div class='ocr_carea' id='block_1_101' title="bbox 2248 4196 3800 4277">
    <p class='ocr_par' dir='ltr' id='par_1_101' title="bbox 2248 4196 3800 4277">
     <span class='ocr_line' id='line_1_101' title="bbox 2248 4196 3800 4277; baseline 0.004 -27"><span class='ocrx_word' id='word_1_695' title='bbox 2248 4196 2399 4269; x_wconf 90' lang='grc' dir='ltr'>ρίων·</span> <span class='ocrx_word' id='word_1_696' title='bbox 2449 4200 2719 4266; x_wconf 83' lang='grc' dir='ltr'>τουτέστι,</span> <span class='ocrx_word' id='word_1_697' title='bbox 2767 4204 2884 4266; x_wconf 82' lang='grc' dir='ltr'>ταῖς</span> <span class='ocrx_word' id='word_1_698' title='bbox 2937 4203 3285 4275; x_wconf 85' lang='grc' dir='ltr'>αίσθητικαῖς</span> <span class='ocrx_word' id='word_1_699' title='bbox 3337 4209 3684 4277; x_wconf 80' lang='grc' dir='ltr'>φαντασίαις·</span> <span class='ocrx_word' id='word_1_700' title='bbox 3720 4208 3800 4259; x_wconf 77' lang='grc' dir='ltr'>οὐκ</span> 
     </span>
    </p>
   </div>
   <div class='ocr_carea' id='block_1_102' title="bbox 2243 4287 3799 4373">
    <p class='ocr_par' dir='ltr' id='par_1_102' title="bbox 2243 4287 3799 4373">
     <span class='ocr_line' id='line_1_102' title="bbox 2243 4287 3799 4373; baseline 0.006 -32"><span class='ocrx_word' id='word_1_701' title='bbox 2243 4287 2311 4343; x_wconf 81' lang='grc' dir='ltr'>ἂν</span> <span class='ocrx_word' id='word_1_702' title='bbox 2345 4290 2531 4363; x_wconf 76' lang='grc' dir='ltr'>Συχὲμ</span> <span class='ocrx_word' id='word_1_703' title='bbox 2561 4292 2590 4344; x_wconf 91' lang='grc' dir='ltr'><strong>ό</strong></span> <span class='ocrx_word' id='word_1_704' title='bbox 2621 4293 2738 4357; x_wconf 76' lang='grc' dir='ltr'>υίὸς</span> <span class='ocrx_word' id='word_1_705' title='bbox 2780 4294 2994 4367; x_wconf 76' lang='grc' dir='ltr'>Ἑμμδρ</span> <span class='ocrx_word' id='word_1_706' title='bbox 3036 4296 3349 4363; x_wconf 83' lang='grc' dir='ltr'>ὲπαναστάς</span> <span class='ocrx_word' id='word_1_707' title='bbox 3397 4300 3576 4373; x_wconf 82' lang='grc' dir='ltr'>αὐτὴν</span> <span class='ocrx_word' id='word_1_708' title='bbox 3610 4297 3799 4353; x_wconf 68' lang='grc' dir='ltr'>ἐταπεί-</span> 
     </span>
    </p>
   </div>
   <div class='ocr_carea' id='block_1_103' title="bbox 2170 4398 2402 4453">
    <p class='ocr_par' dir='ltr' id='par_1_103' title="bbox 2170 4398 2402 4453">
     <span class='ocr_line' id='line_1_103' title="bbox 2170 4398 2402 4453; baseline 0.013 -17"><span class='ocrx_word' id='word_1_709' title='bbox 2170 4398 2213 4453; x_wconf 78' lang='grc' dir='ltr'>υ</span> <span class='ocrx_word' id='word_1_710' title='bbox 2241 4400 2402 4439; x_wconf 89' lang='grc' dir='ltr'>νωσε.</span> 
     </span>
    </p>
   </div>
   <div class='ocr_carea' id='block_1_104' title="bbox 2315 4476 3795 4557">
    <p class='ocr_par' dir='ltr' id='par_1_104' title="bbox 2315 4476 3795 4557">
     <span class='ocr_line' id='line_1_104' title="bbox 2315 4476 3795 4557; baseline 0.005 -30"><span class='ocrx_word' id='word_1_711' title='bbox 2315 4482 2421 4530; x_wconf 85' lang='grc' dir='ltr'>πε’.</span> <span class='ocrx_word' id='word_1_712' title='bbox 2455 4476 2637 4530; x_wconf 85' lang='grc' dir='ltr'>Καλόν</span> <span class='ocrx_word' id='word_1_713' title='bbox 2679 4478 2797 4531; x_wconf 77' lang='grc' dir='ltr'>ἔστι</span> <span class='ocrx_word' id='word_1_714' title='bbox 2830 4479 2939 4550; x_wconf 84' lang='grc' dir='ltr'>πρὸ</span> <span class='ocrx_word' id='word_1_715' title='bbox 2967 4480 3067 4551; x_wconf 82' lang='grc' dir='ltr'><strong>τῆς</strong></span> <span class='ocrx_word' id='word_1_716' title='bbox 3092 4481 3307 4546; x_wconf 85' lang='grc' dir='ltr'>τελείας</span> <span class='ocrx_word' id='word_1_717' title='bbox 3334 4482 3527 4557; x_wconf 58' lang='grc' dir='ltr'>ἕξεως,</span> <span class='ocrx_word' id='word_1_718' title='bbox 3558 4484 3631 4555; x_wconf 83' lang='grc' dir='ltr'>μὴ</span> <span class='ocrx_word' id='word_1_719' title='bbox 3660 4484 3795 4538; x_wconf 79' lang='grc' dir='ltr'>ἄπτε-</span> 
     </span>
    </p>
   </div>
   <div class='ocr_carea' id='block_1_105' title="bbox 2246 4566 3797 4647">
    <p class='ocr_par' dir='ltr' id='par_1_105' title="bbox 2246 4566 3797 4647">
     <span class='ocr_line' id='line_1_105' title="bbox 2246 4566 3797 4647; baseline 0.002 -26"><span class='ocrx_word' id='word_1_720' title='bbox 2246 4566 2370 4622; x_wconf 86' lang='grc' dir='ltr'>σθαι</span> <span class='ocrx_word' id='word_1_721' title='bbox 2410 4569 2558 4640; x_wconf 81' lang='grc' dir='ltr'>ἡμᾶς</span> <span class='ocrx_word' id='word_1_722' title='bbox 2580 4570 2683 4640; x_wconf 87' lang='grc' dir='ltr'><strong>τῆς</strong></span> <span class='ocrx_word' id='word_1_723' title='bbox 2725 4571 2963 4642; x_wconf 84' lang='grc' dir='ltr'>φυσικῆς</span> <span class='ocrx_word' id='word_1_724' title='bbox 2991 4572 3244 4643; x_wconf 88' lang='grc' dir='ltr'>θεωρίας,</span> <span class='ocrx_word' id='word_1_725' title='bbox 3273 4575 3362 4629; x_wconf 77' lang='grc' dir='ltr'>ἵνα</span> <span class='ocrx_word' id='word_1_726' title='bbox 3395 4576 3472 4647; x_wconf 87' lang='grc' dir='ltr'>μὴ</span> <span class='ocrx_word' id='word_1_727' title='bbox 3495 4575 3682 4642; x_wconf 85' lang='grc' dir='ltr'>λόγους</span> <span class='ocrx_word' id='word_1_728' title='bbox 3702 4574 3797 4624; x_wconf 78' lang='grc' dir='ltr'>ἐπι·</span> 
     </span>
    </p>
   </div>
   <div class='ocr_carea' id='block_1_106' title="bbox 2246 4659 3793 4740">
    <p class='ocr_par' dir='ltr' id='par_1_106' title="bbox 2246 4659 3793 4740">
     <span class='ocr_line' id='line_1_106' title="bbox 2246 4659 3793 4740; baseline 0.003 -27"><span class='ocrx_word' id='word_1_729' title='bbox 2246 4659 2540 4731; x_wconf 82' lang='grc' dir='ltr'>ζητοῦντες</span> <span class='ocrx_word' id='word_1_730' title='bbox 2578 4666 2983 4733; x_wconf 80' lang='grc' dir='ltr'>πνευματικοὺς</span> <span class='ocrx_word' id='word_1_731' title='bbox 3027 4666 3094 4718; x_wconf 81' lang='grc' dir='ltr'>ὲκ</span> <span class='ocrx_word' id='word_1_732' title='bbox 3130 4666 3242 4721; x_wconf 88' lang='grc' dir='ltr'><strong>τῶν</strong></span> <span class='ocrx_word' id='word_1_733' title='bbox 3266 4669 3564 4740; x_wconf 81' lang='grc' dir='ltr'>δρωμένων</span> <span class='ocrx_word' id='word_1_734' title='bbox 3589 4663 3793 4736; x_wconf 81' lang='grc' dir='ltr'>κτισμά-</span> 
     </span>
    </p>
   </div>
   <div class='ocr_carea' id='block_1_107' title="bbox 2245 4753 3795 4833">
    <p class='ocr_par' dir='ltr' id='par_1_107' title="bbox 2245 4753 3795 4833">
     <span class='ocr_line' id='line_1_107' title="bbox 2245 4753 3795 4833; baseline 0.008 -27"><span class='ocrx_word' id='word_1_735' title='bbox 2245 4771 2376 4818; x_wconf 89' lang='grc' dir='ltr'>των,</span> <span class='ocrx_word' id='word_1_736' title='bbox 2412 4753 2666 4825; x_wconf 86' lang='grc' dir='ltr'>λάθωμεν</span> <span class='ocrx_word' id='word_1_737' title='bbox 2704 4754 2854 4828; x_wconf 88' lang='grc' dir='ltr'>πάθη</span> <span class='ocrx_word' id='word_1_738' title='bbox 2886 4756 3259 4826; x_wconf 77' lang='grc' dir='ltr'>συλλέγοντες.</span> <span class='ocrx_word' id='word_1_739' title='bbox 3294 4759 3468 4815; x_wconf 80' lang='grc' dir='ltr'><strong>Πλὲον</strong></span> <span class='ocrx_word' id='word_1_740' title='bbox 3492 4760 3601 4833; x_wconf 79' lang='grc' dir='ltr'><strong>γὰρ</strong></span> <span class='ocrx_word' id='word_1_741' title='bbox 3626 4763 3680 4813; x_wconf 79' lang='grc' dir='ltr'>ὲν</span> <span class='ocrx_word' id='word_1_742' title='bbox 3708 4760 3795 4819; x_wconf 58' lang='lat' dir='ltr'><strong>to&quot;:</strong></span> 
     </span>
    </p>
   </div>
   <div class='ocr_carea' id='block_1_108' title="bbox 2246 4845 3795 4924">
    <p class='ocr_par' dir='ltr' id='par_1_108' title="bbox 2246 4845 3795 4924">
     <span class='ocr_line' id='line_1_108' title="bbox 2246 4845 3795 4924; baseline 0.005 -26"><span class='ocrx_word' id='word_1_743' title='bbox 2246 4845 2467 4898; x_wconf 81' lang='grc' dir='ltr'>ἀτελέσι</span> <span class='ocrx_word' id='word_1_744' title='bbox 2499 4845 2817 4902; x_wconf 81' lang='grc' dir='ltr'>δυναστεύει</span> <span class='ocrx_word' id='word_1_745' title='bbox 2836 4849 2974 4919; x_wconf 73' lang='grc' dir='ltr'>πρὸς</span> <span class='ocrx_word' id='word_1_746' title='bbox 3004 4849 3103 4921; x_wconf 81' lang='grc' dir='ltr'>τὴν</span> <span class='ocrx_word' id='word_1_747' title='bbox 3130 4851 3384 4924; x_wconf 78' lang='grc' dir='ltr'>αἴσθησιν</span> <span class='ocrx_word' id='word_1_748' title='bbox 3417 4852 3490 4908; x_wconf 83' lang='grc' dir='ltr'>τὰ</span> <span class='ocrx_word' id='word_1_749' title='bbox 3522 4852 3795 4924; x_wconf 59' lang='grc' dir='ltr'>φαινόμενα</span> 
     </span>
    </p>
   </div>
   <div class='ocr_carea' id='block_1_109' title="bbox 2244 4939 3794 5018">
    <p class='ocr_par' dir='ltr' id='par_1_109' title="bbox 2244 4939 3794 5018">
     <span class='ocr_line' id='line_1_109' title="bbox 2244 4939 3794 5018; baseline 0.004 -28"><span class='ocrx_word' id='word_1_750' title='bbox 2244 4939 2501 5009; x_wconf 84' lang='grc' dir='ltr'>σχήματα</span> <span class='ocrx_word' id='word_1_751' title='bbox 2529 4939 2642 4993; x_wconf 87' lang='grc' dir='ltr'><strong>τῶν</strong></span> <span class='ocrx_word' id='word_1_752' title='bbox 2692 4942 3004 5013; x_wconf 80' lang='grc' dir='ltr'>ὁρωμένων,</span> <span class='ocrx_word' id='word_1_753' title='bbox 3040 4944 3074 5015; x_wconf 78' lang='grc' dir='ltr'><strong>ἢ</strong></span> <span class='ocrx_word' id='word_1_754' title='bbox 3117 4944 3254 5016; x_wconf 82' lang='grc' dir='ltr'>πρὸς</span> <span class='ocrx_word' id='word_1_755' title='bbox 3299 4946 3401 5018; x_wconf 83' lang='grc' dir='ltr'><strong>τὴν</strong></span> <span class='ocrx_word' id='word_1_756' title='bbox 3440 4946 3621 5018; x_wconf 79' lang='grc' dir='ltr'>ψυχὴν</span> <span class='ocrx_word' id='word_1_757' title='bbox 3644 4945 3794 4998; x_wconf 69' lang='lat' dir='ltr'><strong>otiis-</strong></span> 
     </span>
    </p>
   </div>
   <div class='ocr_carea' id='block_1_110' title="bbox 2240 5031 3795 5107">
    <p class='ocr_par' dir='ltr' id='par_1_110' title="bbox 2240 5031 3795 5107">
     <span class='ocr_line' id='line_1_110' title="bbox 2240 5031 3795 5107; baseline 0.003 -24"><span class='ocrx_word' id='word_1_758' title='bbox 2240 5031 2552 5102; x_wconf 82' lang='grc' dir='ltr'>κρυμμένοι</span> <span class='ocrx_word' id='word_1_759' title='bbox 2580 5036 2696 5096; x_wconf 81' lang='grc' dir='ltr'>τοῖς</span> <span class='ocrx_word' id='word_1_760' title='bbox 2734 5036 2980 5106; x_wconf 86' lang='grc' dir='ltr'>σχήμασι</span> <span class='ocrx_word' id='word_1_761' title='bbox 3022 5036 3169 5105; x_wconf 85' lang='grc' dir='ltr'>λόγοι</span> <span class='ocrx_word' id='word_1_762' title='bbox 3196 5037 3308 5091; x_wconf 87' lang='grc' dir='ltr'><strong>τῶν</strong></span> <span class='ocrx_word' id='word_1_763' title='bbox 3355 5039 3670 5107; x_wconf 86' lang='grc' dir='ltr'>γεγονότων.</span> <span class='ocrx_word' id='word_1_764' title='bbox 3701 5038 3719 5057; x_wconf 85' lang='grc'><strong>⁹</strong></span> <span class='ocrx_word' id='word_1_765' title='bbox 3741 5034 3795 5087; x_wconf 76' lang='grc' dir='ltr'><strong>οι</strong></span> 
     </span>
    </p>
   </div>
   <div class='ocr_carea' id='block_1_111' title="bbox 2243 5122 3792 5202">
    <p class='ocr_par' dir='ltr' id='par_1_111' title="bbox 2243 5122 3792 5202">
     <span class='ocr_line' id='line_1_111' title="bbox 2243 5122 3792 5202; baseline 0.006 -27"><span class='ocrx_word' id='word_1_766' title='bbox 2243 5123 2428 5193; x_wconf 81' lang='grc' dir='ltr'>μέντοι</span> <span class='ocrx_word' id='word_1_767' title='bbox 2465 5122 2610 5195; x_wconf 85' lang='grc' dir='ltr'>μόνῳ</span> <span class='ocrx_word' id='word_1_768' title='bbox 2640 5125 2718 5196; x_wconf 82' lang='grc' dir='ltr'><strong>τῷ</strong></span> <span class='ocrx_word' id='word_1_769' title='bbox 2748 5126 3045 5202; x_wconf 13' lang='grc' dir='ltr'>γράμματι,</span> <span class='ocrx_word' id='word_1_770' title='bbox 3071 5128 3478 5199; x_wconf 80' lang='grc' dir='ltr'>προσδήσαντες</span> <span class='ocrx_word' id='word_1_771' title='bbox 3521 5125 3792 5185; x_wconf 75' lang='grc' dir='ltr'>’ῐουδαῖκῶς</span> 
     </span>
    </p>
   </div>
   <div class='ocr_carea' id='block_1_112' title="bbox 2237 5215 3792 5295">
    <p class='ocr_par' dir='ltr' id='par_1_112' title="bbox 2237 5215 3792 5295">
     <span class='ocr_line' id='line_1_112' title="bbox 2237 5215 3792 5295; baseline 0.007 -27"><span class='ocrx_word' id='word_1_772' title='bbox 2237 5216 2339 5287; x_wconf 83' lang='grc' dir='ltr'>τὴν</span> <span class='ocrx_word' id='word_1_773' title='bbox 2368 5215 2630 5286; x_wconf 79' lang='grc' dir='ltr'>διάνοιαν,</span> <span class='ocrx_word' id='word_1_774' title='bbox 2663 5218 2807 5272; x_wconf 88' lang='grc' dir='ltr'><strong>κατά</strong></span> <span class='ocrx_word' id='word_1_775' title='bbox 2834 5219 2926 5272; x_wconf 83' lang='grc' dir='ltr'>τὸν</span> <span class='ocrx_word' id='word_1_776' title='bbox 2959 5219 3134 5291; x_wconf 78' lang='grc' dir='ltr'>αἰῶνα</span> <span class='ocrx_word' id='word_1_777' title='bbox 3173 5221 3359 5277; x_wconf 84' lang='grc' dir='ltr'>τοῦτον</span> <span class='ocrx_word' id='word_1_778' title='bbox 3384 5223 3686 5295; x_wconf 64' lang='grc' dir='ltr'>ἐκδέχονται</span> <span class='ocrx_word' id='word_1_779' title='bbox 3712 5216 3792 5279; x_wconf 73' lang='grc' dir='ltr'>τὰς</span> 
     </span>
    </p>
   </div>
   <div class='ocr_carea' id='block_1_113' title="bbox 2198 5368 3007 5446">
    <p class='ocr_par' dir='ltr' id='par_1_113' title="bbox 2198 5368 3007 5446">
     <span class='ocr_line' id='line_1_113' title="bbox 2198 5368 3007 5446; baseline 0.007 -22"><span class='ocrx_word' id='word_1_780' title='bbox 2198 5368 2252 5424; x_wconf 89' lang='grc'>8.</span> <span class='ocrx_word' id='word_1_781' title='bbox 2329 5369 2376 5403; x_wconf 77' lang='grc'><strong>⁷⁸</strong></span> <span class='ocrx_word' id='word_1_782' title='bbox 2404 5369 2541 5427; x_wconf 88' lang='lat' dir='ltr'><strong>Gen.</strong></span> <span class='ocrx_word' id='word_1_783' title='bbox 2575 5388 2756 5440; x_wconf 74' lang='lat' dir='ltr'><strong>xxxiv,</strong></span> <span class='ocrx_word' id='word_1_784' title='bbox 2789 5375 2814 5429; x_wconf 82' lang='grc' dir='ltr'><strong>Ι</strong></span> <span class='ocrx_word' id='word_1_785' title='bbox 2850 5390 3007 5446; x_wconf 90' lang='lat' dir='ltr'><strong>seqq.</strong></span> 
     </span>
    </p>
   </div>
   <div class='ocr_carea' id='block_1_114' title="bbox 2233 5603 3777 5682">
    <p class='ocr_par' dir='ltr' id='par_1_114' title="bbox 2233 5603 3777 5682">
     <span class='ocr_line' id='line_1_114' title="bbox 2233 5603 3777 5682; baseline 0.005 -24"><span class='ocrx_word' id='word_1_786' title='bbox 2233 5603 2453 5682; x_wconf 81' lang='lat' dir='ltr'><strong>liusque</strong></span> <span class='ocrx_word' id='word_1_787' title='bbox 2478 5606 2548 5662; x_wconf 92' lang='lat' dir='ltr'><strong>de</strong></span> <span class='ocrx_word' id='word_1_788' title='bbox 2595 5610 2718 5682; x_wconf 71' lang='lat' dir='ltr'><strong>illis</strong></span> <span class='ocrx_word' id='word_1_789' title='bbox 2738 5610 3017 5682; x_wconf 82' lang='lat' dir='ltr'><strong>intelligit.</strong></span> <span class='ocrx_word' id='word_1_790' title='bbox 3065 5614 3243 5670; x_wconf 81' lang='lat' dir='ltr'><strong>Latini</strong></span> <span class='ocrx_word' id='word_1_791' title='bbox 3286 5618 3516 5673; x_wconf 72' lang='lat' dir='ltr'><strong>ratione:</strong></span> <span class='ocrx_word' id='word_1_792' title='bbox 3573 5606 3777 5670; x_wconf 74' lang='lat' dir='ltr'><strong>dicunt;</strong></span> 
     </span>
    </p>
   </div>
   <div class='ocr_carea' id='block_1_115' title="bbox 2225 5677 3240 5755">
    <p class='ocr_par' dir='ltr' id='par_1_115' title="bbox 2225 5677 3240 5755">
     <span class='ocr_line' id='line_1_115' title="bbox 2225 5677 3240 5755; baseline 0.013 -27"><span class='ocrx_word' id='word_1_793' title='bbox 2225 5689 2329 5730; x_wconf 90' lang='lat' dir='ltr'><strong>nec</strong></span> <span class='ocrx_word' id='word_1_794' title='bbox 2350 5677 2486 5731; x_wconf 88' lang='lat' dir='ltr'><strong>satis</strong></span> <span class='ocrx_word' id='word_1_795' title='bbox 2508 5689 2633 5748; x_wconf 84' lang='lat' dir='ltr'><strong>apte</strong></span> <span class='ocrx_word' id='word_1_796' title='bbox 2661 5680 2844 5747; x_wconf 85' lang='lat' dir='ltr'><strong>Picus,</strong></span> <span class='ocrx_word' id='word_1_797' title='bbox 2878 5677 3240 5755; x_wconf 61' lang='lat' dir='ltr'><strong>cogitationes.</strong></span> 
     </span>
    </p>
   </div>
  </div>
