4020 6392
301 312 426 375 1253

966 302 1299 364 CAPI'I‘UM
1338 269 1758 372 QUINQUiES
1795 295 2317 357 CENTENORUM
2357 292 2743 352 CENTURlA
2786 293 2864 350 ll.

3419 295 3552 353 1254

291 420 616 490 ἐπαγγελίας
665 420 773 472 τῶν
827 419 1123 489 ἀκηράτων
1162 416 1414 485 ἀγαθῶν,
1450 413 1771 484 ἀγνοοῦντες
1801 413 1868 465 τά

1979 411 2336 471 addixerunt,
2388 408 2716 460 immortalia
2762 407 2906 460 hona
2951 405 3250 475 promissa,
3289 420 3406 463 aevo
3453 407 3558 461 hoc

291 517 424 572 κατὰ
466 513 630 587 φύσιν
657 514 757 584 τῆς
786 512 967 583 ψυχῆς
993 510 1194 580 ἀγαθά.

355 695 470 753 πς’.
510 688 571 741 Ὀ
612 685 712 756 τὴν
773 687 958 739 είκόνα
1006 683 1244 752 φορέσας
1287 681 1379 736 τοῦ
1414 680 1757 750 ἐπουρανίου,
1789 677 1864 748 τῷ

289 776 553 844 πνεύματι
601 774 691 827 διὰ
746 774 965 827 πάντων
1002 771 1236 825 ἔπεσθαι
1289 770 1510 824 σπεύδει
1555 771 1654 840 τῆς
1707 769 1863 837 ἁγίας

291 867 521 938 Γραφῆς,
555 869 611 919 ἐν
638 859 682 934 ᾧ
710 866 775 918 δι’
805 865 1008 936 ἀρετῆς
1042 866 1136 917 καὶ
1181 863 1461 932 γνώσεως,
1493 865 1524 933 ἡ
1558 864 1655 932 τῆς
1687 861 1865 930 ψυχῆς

288 961 516 1030 ὑπάρχει
552 960 900 1028 συντήρησις·
922 959 951 1010 6
989 957 1045 1011 δὲ
1067 957 1164 1027 τὴν
1198 957 1380 1008 εἰκόνα
1413 956 1593 1025 φορῶν
1615 953 1709 1007 τοῦ
1749 957 1864 1023 χοῖ-

287 1050 400 1113 κοῦ,
436 1048 496 1101 τὸ
544 1049 781 1118 γράμμα
842 1047 1000 1117 μόνον
1059 1047 1333 1118 περιέπει·
1377 1046 1434 1096 ὲν
1471 1037 1516 1111 ᾧ
1554 1046 1588 1113 ἡ
1639 1045 1757 1096 κατ’
1782 1042 1864 1094 ατ-

285 1141 472 1211 σθησιν
513 1140 649 1210 πρὸς
683 1140 843 1208 σῶμα
886 1138 1112 1206 λατρεία
1165 1137 1467 1206 συνέστηκε
1497 1136 1564 1189 τὰ
1593 1135 1743 1204 πάθη
1772 1134 1865 1204 δη-

286 1229 642 1302 μιουργοῦσα.

351 1321 458 1384 πζ.
497 1319 711 1389 Κράτος
754 1316 892 1370 Θεοῦ
935 1317 1297 1387 καθέστηκεν,
1330 1319 1363 1388 ὴ
1397 1315 1718 1387 ἀναιρετικὴ
1755 1314 1864 1366 τῶν

282 1409 467 1462 παθῶν
502 1407 694 1479 ἀρετὴ.
727 1407 824 1460 καὶ
866 1407 976 1461 τῶν
1032 1407 1274 1460 εὐσεϐῶν
1325 1407 1666 1478 φρουρητικὴ
1712 1406 1864 1472 λογι-

283 1499 456 1568 σμῶν,
486 1499 553 1566 ἢν
578 1497 742 1568 γεννᾷ
773 1497 973 1567 πρᾶξις
1001 1497 1256 1563 ἐντολῶν,
1304 1498 1370 1550 δι’
1398 1491 1465 1568 ἧς
1499 1496 1598 1560 τὰς
1623 1497 1864 1551 ἀντικει-

284 1589 450 1660 μένας
477 1587 556 1658 τῷ
583 1588 775 1659 ἀγαθῷ
808 1590 1051 1660 πονηρὰς
1074 1589 1357 1658 δυνάμεις,
1392 1586 1683 1658 συνεργείᾳ
1707 1584 1862 1640 Θεοῦο

285 1681 483 1751 μᾶλλον
514 1680 573 1732 δὲ
619 1680 760 1754 μόνῃ
791 1680 1018 1751 δυνάμει
1055 1680 1215 1745 Θεοῦ,
1248 1679 1660 1750 διαφθείρομεν.
1687 1678 1862 1746 ’Ύῴος

1966 499 2280 572 praestanda
2315 505 2656 567 exspectant,
2690 498 2821 552 dum
2865 513 2986 567 quae
3031 497 3143 554 sint
3178 498 3348 552 animi
3388 507 3554 553 natu-

1965 590 2104 644 ralia
2139 590 2285 644 bona
2323 590 2600 659 ignorant.

2039 683 2127 738 86.
2161 683 2266 749 Qui
2296 683 2538 737 caelestis
2568 691 2752 752 portat
2783 682 3096 753 imaginem,
3137 697 3356 736 omnem
3392 681 3554 737 adbi-

1967 773 2062 828 bet
2093 787 2308 836 curam,
2342 780 2405 826 ut
2447 772 2502 825 in
2542 771 2801 826 omnibus
2847 771 3149 842 Scripturae
3184 787 3354 826 sacrze
3387 769 3553 840 spiri-

1969 871 2084 917 tum
2119 875 2384 932 sequatur
2411 865 2486 929 7‘;
2518 863 2573 916 in
2601 878 2734 931 quo,
2762 862 2968 916 virtute
2995 862 3195 916 comite
3221 870 3277 915 et
3301 861 3551 922 scientia,

1966 956 2137 1010 animi
2185 956 2536 1010 incolumitas
2576 963 2634 1008 et
2674 955 2824 1008 salus
2865 955 3044 1024 posita
3080 962 3208 1007 est:
3240 955 3334 1022 qui
3373 962 3554 1006 autem

1971 1051 2160 1114 portat
2189 1045 2483 1114 imaginem
2522 1044 2826 1107 terrestris,
2853 1043 3096 1097 litteram
3129 1043 3396 1096 duntaxat
3424 1056 3530 1095 con

1967 1143 2240 1198 sectatur;
2292 1135 2349 1187 in
2392 1149 2522 1202 qua,
2557 1133 2938 1200 propensioris
2981 1131 3036 1184 in
3085 1145 3289 1199 corpus
3334 1143 3554 1196 sensus,

1965 1225 2226 1279 vitiorum
2263 1239 2462 1293 parens
2494 1239 2556 1276 ac
2586 1222 2902 1286 iibidinum,
2930 1219 3202 1276 consistit.

2037 1317 2124 1371 87.
2167 1316 2265 1369 Dei
2319 1322 2600 1384 potestas,
2653 1313 2834 1386 virtus
2885 1321 2971 1368 est
3027 1311 3162 1366 vitia
3213 1310 3556 1379 aﬁ‘ectusque

1965 1405 2324 1467 interimens,
2375 1403 2602 1472 piasque
2655 1403 2900 1456 rationes
2930 1399 3204 1454 “muniens
3245 1415 3309 1455 ac
3360 1408 3554 1465 tuens;

1966 1497 2202 1550 actionis
2257 1497 2446 1564 proles
2496 1511 2605 1565 qua
2664 1495 2923 1550 mandata
2992 1493 3382 1562 exsequimur;
3447 1507 3556 1561 qua

1966 1605 2187 1658 nempe,
2232 1588 2380 1642 bono
2425 1586 2732 1641 contrarias
2766 1586 3136 1656 ncquissimas
3170 1587 3427 1646 virtutes,
3457 1584 3555 1639 Dei

1965 1681 2171 1735 auxilio
2216 1678 2372 1749 (quin
2414 1679 2535 1748 ejus
2577 1693 2684 1732 una
2726 1678 2995 1749 potentia)
3043 1677 3421 1748 proﬁigamus.
3456 1676 3556 1732 Dei

277 1770 332 1824 δὲ
361 1769 498 1823 Θεοῦ
539 1772 688 1823 ἐστιν
732 1773 764 1840 ή
795 1769 998 1838 γνῶσις
1025 1770 1125 1838 τῆς
1161 1768 1441 1838 ἀληθείας,
1468 1769 1536 1838 ἢν
1573 1767 1740 1837 γεννᾷ
1766 1767 1866 1836 τῆς

1979 1780 2154 1827 autem
2202 1771 2497 1836 celsitudo,
2533 1771 2788 1825 veritatis
2837 1770 3071 1824 scientia
3105 1778 3210 1834 est,
3244 1785 3410 1841 quam
3452 1770 3558 1824 im-

278 1861 382 1915 τῶν
413 1861 728 1930 γεγονότων
755 1860 988 1932 θεωρίας
1016 1861 1044 1913 6
1085 1860 1275 1924 πόνος,
1317 1861 1410 1912 καὶ
1435 1859 1486 1912 οἱ
1513 1859 1606 1912 ἐπὶ
1630 1861 1697 1928 τῇ
1722 1858 1864 1928 πρά-

279 1951 355 2017 ξει
404 1951 516 2004 τῶν
561 1950 773 2022 ἀρετῶν
824 1951 1051 2021 ἱδρῶτες
1086 1952 1249 2004 πόνου
1290 1950 1526 2018 πατέρες
1563 1948 1859 2018 γινόμενοι·

276 2041 339 2094 δι’
371 2036 440 2112 ἧς
476 2040 574 2112 τὴν
601 2041 988 2110 ἀντικειμένην
1021 2042 1086 2110 τῇ
1121 2039 1351 2110 ἀληθείᾳ
1381 2038 1477 2091 τοῦ
1509 2037 1739 2108 ψεύδους
1771 2036 1863 2089 δύ-

277 2149 462 2202 ναμιν,
496 2131 778 2196 παντελῶς
799 2131 1222 2201 ὲξαφανίζομεν,
1242 2132 1350 2184 πᾶν
1368 2130 1567 2201 ὕψωμα
1585 2130 1694 2182 τῶν
1715 2131 1865 2183 ὲπαι-

281 2221 524 2292 ρομένων
555 2221 698 2275 κατὰ
730 2222 830 2292 τῆς
851 2221 1106 2290 γνώσεως
1131 2220 1225 2274 τοῦ
1248 2220 1385 2274 Θεοῦ
1414 2221 1668 2292 πονηρῶν
1697 2238 1864 2274 πνευ-

281 2314 468 2383 μάτων
495 2311 882 2376 ταπεινοῦντες
944 2314 1039 2367 καὶ
1105 2313 1563 2375 καταϐάλλοντες.
1612 2314 1722 2366 Καὶ
1755 2313 1865 2384 γὰρ

277 2404 469 2475 ὥσπερ
498 2407 531 2474 ὴ
567 2405 768 2475 πρᾶξις
810 2407 978 2475 γεννᾷ
1008 2406 1106 2476 τὴν
1135 2405 1360 2476 ἀρετὴν,
1393 2404 1566 2468 οὕτως
1604 2407 1634 2476 ἡ
1663 2404 1870 2475 θεωρία

276 2497 370 2567 τὴν
399 2497 629 2565 γνῶσιν.

343 2598 460 2660 πη’.
526 2591 589 2642 Ἦ
630 2588 865 2660 ἀληστος
915 2588 1142 2656 γνῶσις,
1196 2587 1447 2660 ἀόριστον
1489 2587 1688 2658 ἔχουσα
1735 2589 1865 2658 περὶ

275 2681 370 2751 τὴν
414 2679 571 2734 θείαν
617 2680 874 2750 ἀπειρίαν
915 2680 1016 2748 τὴν
1055 2679 1202 2733 κατὰ
1232 2679 1358 2732 νοῦν
1390 2681 1530 2749 ὑπὲρ
1567 2679 1752 2750 νόησιν
1780 2681 1864 2730 κίε

277 2788 454 2840 νησιν,
486 2769 741 2835 είκονίζει
764 2771 852 2824 διὰ
879 2771 980 2841 τῆς
1013 2771 1294 2842 ἀοριστίας
1325 2772 1397 2842 (ο)
1425 2773 1521 2844 τὴν
1561 2775 1862 2842 ὑπεράπει-

277 2880 366 2934 ρον
395 2863 562 2930 δόξαν
584 2865 684 2934 τῆς
707 2864 986 2935 ἀληθείας·
1017 2866 1050 2934 ἡ
1082 2864 1137 2916 δὲ
1169 2867 1268 2936 τῆς
1308 2866 1452 2918 κατά
1479 2867 1576 2934 τὴν
1608 2865 1866 2936 πρόνοιαν

279 2957 450 3026 σοφῆς
489 2955 827 3026 ἀγαθότητος
859 2955 1181 3027 αὐθαίρετος
1231 2957 1484 3026 μίμησις,
1514 2956 1680 3026 τιμὴν
1713 2957 1866 3024 φέρει

276 3047 369 3118 τὴν
397 3047 546 3117 πρὸς
577 3047 667 3100 τὸν
700 3047 834 3100 Θεὸν
861 3046 957 3100 τοῦ
987 3047 1078 3099 νοῦ
1112 3048 1254 3100 κατά
1283 3048 1381 3118 τὴν
1411 3047 1650 3101 διάθεσιν
1680 3047 1866 3116 ἀρίδηο

276 3135 382 3202 λον,
412 3139 495 3200 ὡς
531 3136 645 3190 ἔστι
675 3137 920 3200 δυνατὸν,
959 3138 1299 3207 ἐξομοίωσιν.

1968 1878 2174 1934 pensus
2221 1863 2378 1917 labor
2425 1861 2778 1932 speculandis
2819 1862 2987 1916 rebus
3028 1863 3230 1917 creatis
3265 1860 3432 1930 parit,
3461 1875 3556 1914 su-

1968 1955 2244 2024 doresque
2307 1953 2601 2024 iungendis
2649 1952 2984 2034 virtutibus,
3036 1953 3131 2022 qui
3189 1952 3294 2021 ipsi
3347 1950 3558 2005 laboris

1965 2053 2226 2117 parentes
2255 2044 2384 2099 sint.
2422 2044 2535 2098 Hac
2574 2043 2828 2107 scientia,
2874 2043 2984 2096 vim
3019 2059 3239 2098 omnem
3281 2041 3556 2097 mendacii

1967 2133 2192 2189 veritati
2223 2132 2609 2187 adversantem
2636 2131 2864 2185 omnino
2894 2131 3202 2196 abolemus,
3235 2131 3330 2201 qui
3356 2145 3555 2199 nempe

1966 2242 2187 2282 omnem
2235 2225 2603 2295 malignorum
2663 2224 2959 2292 spirituum
3010 2224 3413 2278 sublimitatem
3459 2237 3555 2276 ex-

1968 2320 2255 2375 tollentem
2299 2333 2358 2372 se
2401 2317 2666 2371 adversus
2721 2317 3011 2370 scientiam
3051 2317 3148 2370 Dei
3175 2318 3242 2380 ⁷⁷,
3283 2315 3560 2385 deprima-

1968 2426 2092 2465 mus
2140 2426 2204 2464 ac
2249 2409 2622 2463 destruamus.
2659 2408 2750 2463 Uti
2789 2409 2938 2462 enim
2975 2409 3121 2462 actio
3159 2407 3446 2470 virtutem,
3479 2407 3561 2459 sic

1966 2509 2024 2557 et
2050 2501 2356 2571 speculatio
2386 2500 2674 2554 scientiam
2707 2499 2871 2568 parit.

2037 2593 2125 2648 88.
2179 2592 2352 2658 Quam
2411 2592 2559 2645 nulla
2621 2591 2940 2645 inobseuret
2993 2590 3228 2654 oblivio,
3291 2589 3556 2650 scientia,

1966 2683 2136 2738 nullis
2168 2684 2373 2737 ﬁnibus
2402 2686 2868 2753 comprehensum
2901 2683 3048 2738 circa
3089 2683 3333 2737 divinam
3367 2681 3557 2736 inﬁni-

1969 2785 2157 2839 tatem,
2192 2775 2393 2829 tnentis
2429 2790 2649 2828 onmem
2696 2775 2997 2845 cogitatum
3040 2782 3396 2845 superantem
3438 2791 3560 2828 mo-

1970 2877 2086 2922 tum
2122 2868 2371 2933 habens;
2403 2867 2574 2921 nullis
2625 2867 2830 2920 ﬁnibus
2867 2867 3268 2935 comprehensa
3309 2867 3402 2920 illa
3445 2881 3563 2919 am-

1969 2957 2240 3028 plitudine
2261 2999 2274 3022 ,
2311 2959 2460 3011 omni
2494 2959 2756 3028 majorem
2787 2957 3004 3011 inﬁnito
3045 2957 3295 3012 veritatis
3328 2958 3562 3027 gloriam

1973 3047 2235 3116 exprimit
2270 3064 2284 3099 :
2317 3047 2587 3116 sapientis
2626 3064 2760 3102 vero
2804 3064 2872 3102 ex
2921 3047 3288 3102 Providentia:
3334 3047 3564 3101 rationi-

1897 3124 1937 3178 (ί
1974 3139 2079 3192 bus
2125 3139 2392 3192 bonitatis
2440 3147 2637 3207 sponte
2689 3150 2972 3208 assumpta
3013 3138 3282 3201 imitatio,
3333 3139 3566 3193 honoris

278 3231 599 3300 praestantia
645 3231 850 3285 claram
897 3231 1193 3286 admodum
1236 3246 1364 3286 cum
1438 3233 1551 3287 Deo
1628 3232 1831 3286 mentis
1895 3231 2121 3296 affectu,
2148 3232 2326 3301 quoad
2368 3231 2579 3287 homini
2618 3248 2942 3289 concessum
2975 3245 3080 3300 est,
3143 3233 3563 3289 similitudinem

280 3325 488 3380 reddit.

342 3418 463 3473 πθ’.
502 3417 569 3470 Ἠ
597 3417 820 3485 γλῶσσα
871 3418 968 3487 τῆς
1002 3415 1146 3469 κατά
1174 3416 1352 3486 ψυχὴν
1381 3417 1689 3487 γνωστικῆς
1719 3418 1868 3485 ὲνερ-

275 3507 430 3578 γείας
464 3506 582 3561 ἐστὶ
609 3505 902 3578 σύμϐολονο
937 3507 965 3558 6
984 3506 1041 3558 δὲ
1065 3506 1292 3577 λάρυγξ,
1332 3508 1428 3578 τῆς
1460 3508 1597 3578 πρὸς
1623 3507 1684 3560 τὸ
1707 3507 1866 3574 σῶμα

277 3596 518 3666 φυσικῆς
543 3597 828 3665 φιλαυτίας
848 3598 1168 3667 τεκμήριον.
1204 3597 1261 3650 ὐ
1287 3597 1416 3664 γοῦν
1444 3597 1619 3650 ταῦτα
1649 3597 1865 3666 ψεκτῶς

277 3687 556 3758 κολλήσας
581 3686 855 3757 ἀλλήλοις,
904 3687 1211 3756 μνησθῆναι
1241 3687 1341 3757 τῆς
1372 3689 1490 3740 κατ’
1533 3688 1735 3758 ἀρετὴν
1771 3690 1866 3740 καὶ

277 3778 490 3846 γνῶσιν
522 3779 808 3848 εἰρηνικῆς
835 3779 998 3845 ἕξεως
1029 3779 1088 3832 οὐ
1115 3778 1361 3843 δύναται,
1391 3781 1457 3850 τῇ
1489 3778 1748 3849 συγχύσει
1779 3778 1867 3830 διὰ

280 3868 526 3936 σπουδῆς
558 3853 668 3944 τῷν
709 3870 1039 3937 σωματικῶν
1067 3869 1331 3938 ἡδόμενος
1374 3868 1583 3922 παθῶν.

352 4048 422 4116 Lf.
473 4047 540 4099 Αἱ
575 4046 922 4115 κατὰφύσιν
985 4046 1193 4115 ὀρέξεις
1243 4048 1336 4099 καὶ
1402 4047 1608 4117 ἡδοναὶ,
1661 4046 1737 4116 μὴ
1774 4048 1868 4116 φέ-

284 4156 482 4210 ρουσαι
517 4141 532 4159 ⁸
561 4141 676 4200 τοῖς
729 4136 1087 4208 κεκτημένοις
1121 4137 1397 4206 διαϐολὴν,
1455 4138 1530 4200 ὡς
1573 4139 1870 4206 ἀναγκαῖον

282 4227 760 4299 παρακολούθημα
820 4230 916 4294 τῆς
976 4230 1210 4297 φυσικῆς
1248 4226 1480 4298 ὀρέξεως
1526 4226 1861 4298 καθεστήκα-

285 4337 390 4374 σιν.
439 4321 667 4389 Ἡδονὴν
693 4320 801 4389 γὰρ
843 4320 987 4372 κατά
1013 4319 1176 4389 φύσιν
1205 4321 1348 4370 ποιεῖ
1375 4321 1467 4371 καὶ
1500 4320 1573 4388 μὴ
1606 4319 1867 4389 βουλομέ-

2040 3411 2127 3465 89.
2166 3411 2378 3481 Lingua
2442 3411 2709 3480 sapientis
2752 3410 2922 3464 animi
2966 3411 3304 3480 operationis
3344 3413 3566 3483 symbo—

1973 3502 2084 3556 lum
2120 3510 2208 3556 est
2251 3521 2262 3555 :
2307 3511 2498 3572 guttur
2539 3517 2690 3563 vero,
2735 3501 3006 3556 naturalis
3043 3517 3170 3572 erga
3205 3518 3406 3571 corpus
3435 3520 3564 3572 pro-

1971 3592 2220 3647 clivioris
2269 3593 2472 3646 amoris
2521 3592 2882 3661 libidinisque
2933 3591 3224 3646 indicium.
3275 3592 3376 3658 Qui
3429 3610 3563 3664 ergo

1971 3683 2088 3737 haec
2128 3683 2273 3737 inter
2303 3699 2360 3737 se
2395 3683 2670 3752 vituperio
2699 3683 2998 3754 copulavit,
3026 3684 3252 3738 virtutis
3281 3700 3344 3738 ac
3374 3687 3560 3740 scien-

1974 3776 2065 3829 tiae
2115 3774 2396 3843 tranquilli
2444 3775 2666 3829 habitus
2710 3775 3032 3830 meminisse
3075 3790 3186 3829 non
3231 3783 3432 3845 potest,
3467 3779 3563 3845 qui

1981 3867 2349 3936 corporalium
2407 3866 2708 3920 aﬁ‘ectuum
2758 3881 2823 3920 ac
2885 3866 3178 3920 libidinum
3237 3867 3562 3922 confusione
3631 3875 3635 3879 ‘

1976 3960 2305 4028 propensius
2335 3959 2664 4012 delectetur.

2044 4048 2133 4103 90.
2180 4047 2312 4114 Quae
2365 4049 2647 4102 naturales
2679 4046 3071 4116 Iappetitiones
3117 4058 3247 4102 sunt
3290 4048 3448 4119 555
3499 4065 3562 4104 ac

1975 4141 2310 4209 voluptates,
2342 4140 2551 4193 nullam
2585 4139 2832 4193 criminis
2873 4138 3052 4192 labem
3089 4138 3198 4193 illis
3237 4139 3559 4200 inferentes.

1975 4235 2070 4304 qui
2105 4249 2200 4288 eas
2231 4233 2466 4298 habent;
2505 4233 2659 4286 velut
2687 4232 3062 4287 necessarium
3097 4232 3373 4302 quoddam
3401 4243 3562 4291 natu—

1977 4323 2106 4377 ralis
2152 4322 2430 4390 appetitus
2493 4321 2847 4375 corollarium
2915 4332 3063 4376 sunt.
3117 4322 3324 4376 Natura
3375 4324 3562 4387 enim,

285 4428 390 4464 νων
411 4410 596 4479 ἡμῶν,
640 4410 736 4462 καὶ
785 4412 816 4480 ή
866 4411 1102 4479 τυχοῦσα
1136 4409 1331 4480 τροφὴ,
1369 4407 1744 4481 προλαϐοῦσαν
1784 4410 1862 4462 ἔν-

1979 4417 2212 4468 velimus
2257 4415 2527 4479 nolimus,
2576 4413 2819 4484 vulgaris
2864 4415 2980 4483 ipse
3029 4413 3320 4484 primoque
3368 4416 3567 4470 obvius

284 4502 435 4556 δειαν
481 4502 990 4573 παραμυθουμένη·
1049 4503 1142 4556 καὶ
1198 4502 1388 4566 πόσις,
1452 4501 1868 4572 ἀποκρουομένη

283 4594 380 4648 τοῦ
409 4594 600 4664 δίψους
627 4594 723 4666 τὴν
761 4594 1004 4664 ὄχλησιν·
1040 4595 1135 4648 καὶ
1158 4593 1345 4657 ὕπνος,
1367 4595 1466 4666 τὴν
1493 4595 1558 4648 ὲκ
1590 4596 1688 4664 τῆς
1710 4597 1872 4665 ἐγρη-

285 4683 538 4753 γόρσεως
597 4684 1000 4756 δαπανηθεῖσαν
1053 4685 1446 4755 ἀνανεούμενος
1489 4683 1735 4753 δύναμιν·
1778 4687 1871 4737 καὶ

359 4840 408 4873 ⁷⁸
444 4840 489 4894 ll
512 4840 636 4896 Cor.
676 4857 729 4907 χ,
763 4842 816 4895 5.
894 4841 938 4872 ⁷⁷
972 4841 1107 4896 ibid.

1978 4509 2158 4564 cibus.
2193 4507 2435 4575 priorem
2475 4505 2834 4576 indigentiam
2869 4507 3053 4561 solans
3085 4515 3249 4574 atque
3285 4522 3564 4570 recreans,

1979 4599 2405 4653 delectationem
2462 4599 2622 4664 facit;
2678 4605 2839 4666 potus
2889 4598 3056 4660 item,
3109 4597 3394 4666 depellens
3446 4599 3568 4652 sitis

1979 4687 2290 4742 molestiam
2313 4705 2326 4754 ;
2361 4703 2577 4742 necnon
2603 4702 2830 4741 somnus
2858 4687 3157 4744 exhaustas
3186 4686 3390 4757 vigiliis
3414 4687 3566 4743 vires

365 4997 386 5020 ’⁵
409 4997 496 5053 Cf.
532 4997 600 5051 ad
633 4999 883 5052 Thalass.
917 5014 971 5068 q.
999 4999 1088 5063 65,
1119 5007 1173 5053 et
1203 4999 1292 5064 51,
1325 4999 1413 5065 56,
1444 5008 1501 5053 et
1521 4998 1590 5053 50
1617 4999 1684 5053 ad
1718 5016 1771 5053 n.
1795 4998 1854 5053 9i

1979 5001 1990 5052 ι
2017 5007 2073 5054 et
2111 5000 2180 5053 95
2209 4998 2368 5068 infra.

365 5138 444 5208 (0)
478 5139 581 5192 Διά
609 5137 714 5204 τῆς
738 5139 1068 5204 ἀοριστίας.
1103 5107 1388 5207 Signiﬁcat
1423 5137 1586 5205 hujus
1615 5137 1884 5208 scientizc;

294 5207 467 5288 quam
509 5209 742 5290 ἄληστον
767 5217 962 5289 γοωι.
987 5209 1143 5290 quasi
1175 5210 1353 5261 (ntimo
1381 5207 1711 5290 indelebi‘lem
1737 5223 1880 5288 sem-

295 5282 514 5348 perque
543 5278 606 5332 in’
629 5293 695 5332 co
729 5279 1036 5348 vigentem;
1068 5280 1390 5332 immensam
1415 5278 1708 5347 quamdam
1745 5278 1878 5341 vim,

296 5364 406 5418 qua
447 5349 664 5403 animus
691 5348 928 5402 divinam
953 5349 1280 5403 inﬁnitatem
1299 5349 1533 5416 quadam
1568 5349 1720 5402 velut
1755 5363 1882 5416 pro-

297 5419 556 5502 portione
587 5419 837 5500 attingat,
860 5418 1366 5502 ejusque.veri_t_atis
1401 5417 1631 5499 gloriam
1672 5433 1744 5502 ac.
1769 5434 1884 5470 ma-

293 5487 554 5559 iestatem
601 5487 748 5541 omni
793 5487 1055 5559 majorem
1092 5488 1327 5559 inﬁnito,
1376 5487 1550 5559 quasi
1585 5487 1878 5540 simulacro

295 5556 528 5630 referat.
559 5559 787 5630 Namet
816 5556 1175 5630 τὸ’ἁόριστον,
1201 5556 1435 5630 Masimo
1463 5557 1696 5630 aliisque
1723 5559 1878 5630 theo-

295 5627 464 5698 logis.
495 5627 637 5682 inter
669 5628 854 5682 divina
881 5627 1103 5682 nomina
1131 5638 1234 5690 est,
1263 5627 1313 5681 id
1342 5628 1521 5698 ipsum
1549 5628 1694 5695 qttod
1725 5627 1876 5681 Lati-

301 5695 388 5750 nis
415 5697 767 5752 immensitas.
789 5699 912 5754 Hazc
937 5708 1044 5752 tam
1079 5707 1328 5768 augusta,
1359 5695 1484 5766 quis
1508 5713 1570 5751 ex
1607 5698 1735 5752 Pico
1775 5713 1875 5751 au-

1980 5139 2093 5210 diat
2121 5155 2132 5191 :
2159 5137 2242 5192 Ea:
2263 5136 2750 5210 illiainicertituctineﬁ
2777 5135 3208 5210 superinﬁnitant
3236 5136 3570 5210 effingitopi-

1982 5208 2191 5261 nionem
2224 5209 2464 5261 veritatis
2491 5208 2515 5260 ?
2557 5206 2699 5272 Quid
2739 5206 2849 5262 hic
2875 5207 3236 5270 incertitudo,
3268 5206 3381 5262 ubi
3422 5206 3571 5265 Deus

1982 5278 2454 5348 altissimoimodo
2489 5278 2810 5347 attingitur?
2843 5277 2984 5332 Num
3017 5278 3163 5346 quod
3211 5278 3355 5343 δόξα,
3393 5295 3568 5348 eaque

1981 5347 2434 5402 ineertitudinem
2471 5349 2760 5416 exposcit?
2792 5347 2860 5401 At
2886 5365 2996 5402 non
3045 5347 3160 5403 lucc
3185 5347 3568 5418 philosophica

1981 5418 2130 5482 δόξα,
2166 5419 2386 5487 opinio;
2425 5427 2627 5472 nutans
2665 5418 2882 5472 scilicet
2923 5418 3090 5472 anitni
3139 5435 3427 5479 assensus,
3481 5423 3568 5474 cui

1983 5488 2180 5560 falsum
2223 5496 2401 5560 potest
2452 5488 2700 5560 subesse,
2752 5504 2856 5542 nec
2905 5503 3028 5560 raro
3055 5489 3284 5560 subest;
3329 5490 3423 5544 sed
3451 5490 3564 5560 ipsa

1981 5559 2294 5612 animorum
2336 5559 2481 5630 circa
2523 5558 2694 5630 Deum
2734 5559 3082 5630 demo/notat;
3135 5559 3204 5630 in
3234 5558 3413 5616 beatis
3457 5558 3568 5630 jam

1979 5636 2386 5693 consummata;
2421 5627 2508 5681 hic
2547 5628 2601 5681 in
2623 5628 2853 5683 summis
2881 5628 3265 5697 θεωρητικοῖς,
3302 5627 3562 5708 quas;in

1980 5708 2180 5768 carpta,
