4020 6408
552 286 693 352 1255

1732 292 1795 352 S.
1831 292 2119 354 MAXIM!
2161 294 2674 359 CONFESSORIS

3641 323 3756 389 1256

548 399 902 468 instaurans;
944 413 1041 458 aut
1085 402 1131 459 si
1178 420 1286 475 qua
1335 404 1440 460 alia
1469 405 1636 463 nobis
1671 410 1946 465 naturalia
1985 420 2111 467 sunt

2214 411 2346 473 cca.
2385 414 2495 469 τῶν
2528 415 2653 469 καθ’
2681 417 2830 488 ἡμᾶς
2867 418 3115 486 φυσικῶν
3155 420 3321 494 ἔτερα
3372 428 3621 501 τυγχάνει,
3646 443 3753 509 πρὸς

550 486 672 558 ipsa
718 493 1035 547 necessaria
1078 493 1147 548 ad
1200 505 1457 550 naturam
1506 498 1930 567 confovendam,
1964 510 2023 557 et
2064 502 2134 556 ad

549 580 852 648 parandam
894 583 1157 639 virtutem
1214 586 1301 641 his
1345 587 1442 658 qui
1486 589 1722 646 studiosi
1761 594 1894 658 sint,
1927 592 2133 663 oppido

549 672 727 727 utilia.
774 674 995 731 Exeunt
1037 693 1172 734 vero
1213 679 1358 746 haec,
1402 696 1529 737 cum
1585 684 1737 739 omni
1776 685 1995 752 animo,
2037 687 2133 758 qui

545 768 759 835 peccati
796 770 1182 829 confusionem
1211 773 1386 847 fugit;
1427 791 1500 832 ne
1531 790 1759 848 propter
1796 780 1910 847 illa,
1937 796 2134 839 servus

542 864 767 912 maneat
808 871 874 913 ac
916 860 1284 931 mancipatus,
1326 862 1396 917 iis
1442 863 1768 931 aﬂ‘ectibus,
1810 868 1906 938 qui
1955 871 2133 927 nostri

542 946 764 1002 arbitrii
795 958 947 1017 sunt,
974 959 1031 1007 et
1066 968 1266 1007 noxam
1308 955 1541 1021 habent,
1580 965 1903 1030 naturaeque
1937 962 2135 1019 adver-

544 1042 773 1104 santur;
806 1054 914 1095 nec
952 1039 1011 1096 in
1047 1041 1214 1097 nobis
1247 1043 1402 1099 aliud
1447 1045 1786 1117 principium
1824 1049 2034 1107 habent
2066 1067 2133 1108 ac

541 1127 835 1199 originem,
869 1146 1034 1201 quam
1079 1133 1262 1203 ipsum
1297 1137 1638 1193 naturalium
1676 1139 1978 1196 aﬂ'ectuum
2014 1160 2134 1199 mo—

542 1231 681 1286 tum,
722 1223 928 1293 quibus
970 1240 1076 1281 nec
1116 1237 1520 1299 comparatum,
1557 1240 1618 1285 ut
1655 1231 1726 1286 ad
1766 1233 2131 1292 immortalem

538 1325 607 1367 ac
633 1312 934 1383 longaevam
967 1316 1141 1372 vitam
1173 1335 1284 1375 una
1320 1321 1612 1378 nobiscum
1647 1332 1952 1383 transeant.

609 1402 699 1456 9i.
737 1404 915 1459 Verba
942 1405 1039 1461 Dei
1070 1408 1241 1474 nude,
1277 1411 1392 1466 sola
1420 1414 1729 1482 prolatione
1765 1418 1989 1486 emissa,
2019 1435 2130 1476 non

535 1492 928 1562 exaudiuntur,
962 1498 1109 1567 quod
1145 1515 1210 1554 ea
1244 1501 1587 1572 loquentium
1618 1520 1806 1562 vocem
1838 1509 2129 1581 (actionem

535 1583 767 1657 scilicet)
792 1602 904 1642 non
952 1590 1214 1647 habeant.
1255 1592 1351 1648 Sin
1386 1606 1574 1652 autem
1603 1602 1954 1670 exsequendo
1977 1618 2131 1658 man-

533 1673 661 1729 data
699 1679 1070 1747 proferantur,
1119 1692 1235 1738 tum
1289 1686 1568 1745 daemones
1613 1690 1822 1747 habent
1865 1696 2124 1752 contabe-

2238 503 2339 574 μὲν
2377 504 2639 561 σύστασιν
2674 509 2910 579 φύσεως,
2957 512 3268 582 ἀναγκαῖαο
3329 518 3459 588 πρὸς
3506 521 3559 577 δὲ
3595 503 3754 598 κτῆσιν

2234 596 2459 667 ἀρετῆς,
2492 598 2805 672 ὑπάρχοντα
2837 604 3086 675 χρήσιμα
3121 609 3234 670 τοῖς
3275 609 3580 678 σπουδαίοις.
3611 596 3756 693 ’Δπερ

2236 690 2578 761 συνεκβαίνει
2612 695 2780 747 παντὶ
2825 694 2908 749 νοτ
2959 696 3216 767 φεύγοντι
3262 702 3361 772 τῆς
3404 703 3652 775 ἁμαρτίας
3674 690 3757 784 τὴν
3788 706 3799 721 ’

2235 780 2519 853 σύγχυσινο
2555 784 2644 839 ἴνα
2684 785 2760 859 μὴ
2815 787 2882 841 δι’
2907 789 3048 843 αὐτά
3107 790 3268 864 μείνῃ
3331 795 3668 866 κρατούμενος
3694 780 3759 868 είς

2232 873 2478 930 δουλείαν
2502 876 2613 930 τῶν
2647 880 2732 948 ἐφ’
2756 881 2890 951 ἡμῖν
2927 881 3023 935 καὶ
3041 883 3498 955 διαϐεϐλημένων,
3528 893 3611 945 καὶ
3635 895 3760 966 παρά

2234 965 2397 1036 φύσιν
2446 968 2657 1036 παθῶν,
2710 973 2813 1026 οὐκ
2863 970 3100 1043 ἐχόντων
3147 974 3316 1048 ἀλλην
3353 980 3518 1051 ἀρχὴν
3562 984 3614 1036 ὲν
3653 965 3761 1057 ἡμῖν

2234 1057 2374 1130 πλὴν
2401 1060 2502 1131 τῆς
2530 1063 2799 1134 κινήσεως
2822 1064 2934 1118 τῶν
2953 1066 3096 1121 κατὰ
3118 1068 3283 1139 φύσιν
3310 1071 3507 1139 παθῶν,
3531 1075 3628 1129 τῶν
3654 1080 3764 1149 μηδὲ

2233 1153 2559 1223 πεφυκότων
2595 1156 2731 1226 πρὸς
2755 1157 2853 1227 τὴν
2876 1158 3150 1214 ἀθάνατον
3184 1161 3277 1215 καὶ
3311 1165 3614 1236 μακραίωνα
3644 1168 3765 1241 ζωὴν

2234 1245 2703 1314 συμμεταϐαίνειν
2732 1249 2885 1319 ἡμῖν,

2303 1423 2413 1489 ιιαν.
2442 1423 2507 1476 Οί
2538 1422 2686 1493 λόγοι
2706 1423 2804 1479 τοῦ
2837 1425 2998 1493 Θεοῦ,
3036 1426 3209 1498 ψιλῶς
3243 1429 3385 1484 κατά
3420 1434 3579 1507 μόνην
3602 1435 3764 1492 λαλού-

2235 1527 2387 1582 μενοι
2419 1513 2519 1584 τὴν
2543 1516 2844 1588 προφορὰν,
2874 1518 2977 1572 οὐκ
3006 1519 3323 1587 ἀκούονται,
3366 1527 3543 1596 φωνὴν
3566 1528 3656 1600 τὴν
3677 1532 3767 1586 τῶν

2230 1605 2429 1668 αὐτοὺς
2462 1604 2769 1663 λαλούντων
2798 1611 2999 1681 πρᾶξιν
3018 1613 3119 1667 οὐκ
3143 1612 3381 1685 ἔχοντες.
3407 1617 3468 1671 El
3488 1619 3545 1673 δὲ
3568 1623 3628 1691 τῇ
3653 1625 3768 1692 πρά·

2232 1695 2312 1761 ξει
2365 1697 2473 1752 τῶν
2519 1700 2749 1754 ἐντολῶν
2801 1702 3201 1772 ὲκφωνοῦνται,
3256 1706 3388 1772 τούς
3431 1725 3489 1762 τε
3542 1710 3768 1779 δαίμονας

532 1776 752 1823 scentes
774 1771 1048 1840 ejusmodi
1076 1789 1234 1841 voce,
1268 1785 1386 1830 tum
1430 1776 1687 1837 homines
1716 1798 1943 1853 operum
1968 1785 2111 1857 justi.

2232 1787 2417 1857 ἔχουσι
2451 1793 2516 1862 τῇ
2548 1793 2773 1864 τοιαύτῃ
2801 1793 3230 1867 διατηκομένους
3260 1803 3413 1872 φωνῇ
3436 1803 3529 1874 (ρ),
3558 1771 3643 1857 καί
3667 1771 3768 1871 τοὺς

532 1856 622 1912 tite
674 1859 953 1929 profectu,
1014 1865 1343 1938 obsequenti
1401 1871 1588 1927 animo
1637 1873 1888 1930 divinum
1943 1877 2128 1934 cordis

530 1951 798 2020 templum
828 1954 1187 2014 aediﬁcantes.

599 2041 688 2096 92.
715 2042 1191 2109 Quemadmodum
1217 2051 1383 2119 Deus,
1414 2054 1460 2109 si
1491 2057 1789 2113 essentiam
1818 2065 2036 2128 spectes
2060 2073 2126 2114 ac

523 2142 811 2201 naturam,
846 2138 951 2193 sub
993 2140 1283 2197 scientiam
1329 2160 1441 2201 non
1490 2147 1671 2215 cadit;
1723 2150 1805 2204 sic
1853 2166 1957 2206 nec
2004 2152 2126 2222 ejus

524 2236 706 2277 sermo
744 2226 976 2283 scientia
1022 2241 1211 2285 nostra
1256 2241 1438 2303 potest
1480 2238 1894 2306 comprehendi.
1944 2239 2125 2295 Sacrae

522 2312 672 2366 enim
707 2313 1008 2386 Scriptura;
1051 2316 1257 2387 sel’mo,
1285 2314 1388 2378 etsi
1430 2326 1577 2395 quod
1614 2337 1830 2397 spectat
1862 2330 1931 2385 ad
1977 2331 2126 2385 litte-

523 2418 644 2459 ram
680 2406 1255 2481 circumscriptionem
1303 2414 1567 2482 admittit,
1606 2435 1712 2475 una
1753 2436 1880 2477 cum
1925 2438 2121 2479 eorum

523 2500 868 2568 temporibus
897 2502 1180 2571 desinens,
1208 2522 1332 2577 qua:
1369 2508 1423 2564 in
1449 2525 1514 2566 ea
1550 2513 1864 2584 conscripta
1880 2525 2123 2571 ‘narran-

523 2595 614 2642 tur
644 2628 661 2653 ,
696 2590 765 2644 ad
797 2592 1053 2662 spiritum
1089 2604 1272 2652 tamen
1306 2600 1454 2669 quod
1496 2604 1715 2668 attinet,
1760 2621 1953 2660 eorum
1996 2622 2121 2677 quae

520 2679 908 2754 intelliguntur
937 2689 1505 2759 contemplationibus
1551 2695 1607 2749 in
1652 2706 1985 2767 perpetuum
2031 2700 2117 2753 in-

517 2773 975 2847 circumscriptus
1017 2788 1225 2836 manet.
1984 2840 1987 2843 λ

587 2866 675 2921 95.
707 2866 944 2925 Necesse
972 2878 1058 2925 est
1086 2886 1215 2926 eum
1248 2874 1346 2944 qui
1406 2875 1745 2947 Scripturam
1776 2892 1988 2934 sacram
2030 2894 2119 2935 sa-

514 2957 736 3027 pienter
763 2959 1038 3032 docteque
1083 2964 1152 3019 ad
1200 2965 1469 3033 animum,
1502 2985 1569 3024 ex
1618 2969 1911 3041 disciplina
1955 2971 2119 3028 Chri-

2230 1881 2553 1952 ἀνθρώπους
2581 1886 2648 1956 τῇ
2680 1890 2932 1959 προκοπῇ
2968 1888 3077 1942 τῶν
3110 1890 3291 1962 ἔργων
3316 1892 3420 1963 τῆς
3443 1894 3765 1968 δικαιοσύνης,

2227 1971 2502 2038 εὐπειθῶς
2532 1975 2624 2028 τὸν
2654 1975 2799 2030 θετον
2830 1979 2929 2050 τῆς
2955 1981 3186 2049 καρδίας
3221 1984 3630 2056 οἰκοδομοῦντας
3645 1990 3765 2045 ναόν.

2298 2063 2405 2134 ἥβη
2433 2065 2647 2139 ’Ὠσπερ
2678 2068 2706 2122 ό
2736 2069 2877 2134 Θεὸς
2916 2072 3038 2125 κατ’
3068 2073 3260 2127 οὐσίαν
3311 2077 3411 2148 οὐχ
3444 2076 3767 2132 ὑποπέπτωκε

2226 2155 2446 2223 γνώσει,
2473 2158 2647 2224 οὕτως
2678 2160 2802 2215 οὔτε
2833 2163 2863 2215 ό
2913 2163 3070 2233 λόγος
3108 2165 3276 2220 αὑτοῦ
3326 2167 3525 2236 γνώσει
3569 2172 3629 2241 τῇ
3667 2170 3768 2225 καθ’

2225 2249 2375 2321 ἡμᾶς
2402 2250 2897 2322 περιλαμϐάνεται.
2926 2254 2986 2309 '0
3011 2254 3121 2328 γὰρ
3148 2258 3249 2330 τῆς
3278 2260 3445 2331 ἁγίας
3470 2261 3679 2333 Γραφῆς
3695 2262 3766 2316 λόο

2223 2356 2339 2409 γος,
2377 2342 2483 2395 κάν
2512 2343 2562 2395 εἰ
2591 2344 2819 2416 δέχηται
2872 2351 3225 2421 περιγραφὴν
3261 2351 3405 2405 κατά
3453 2352 3514 2407 τὸ
3548 2354 3766 2424 γράμμα.

2222 2434 2336 2497 τοῖς
2363 2434 2578 2506 χρόνοις
2614 2435 2725 2489 τῶν
2757 2438 3164 2510 ἱστορουμένων
3198 2442 3544 2514 πραγμᾲτων
3572 2460 3770 2497 συναπο-

2222 2523 2404 2594 λήγων
2425 2541 2439 2558 ⁶
2481 2527 2619 2583 ἀλλὰ
2673 2529 2815 2583 κατὰ
2851 2530 2913 2584 τδ
2952 2531 3173 2603 πνεῦμα
3207 2536 3332 2597 ταῖς
3355 2534 3466 2589 τῶν
3500 2524 3769 2607 νοουμένων

2221 2616 2480 2688 θεωρίαις
2510 2618 2660 2689 μένει
2691 2619 2986 2686 διαπαντὸς
3012 2621 3416 2696 ἀπερίγραφός.

2291 2890 2402 2952 ιιγο.
2437 2885 2558 2955 Χρὴ
2608 2882 2705 2937 τὸν
2731 2884 3053 2952 γνωστικῶς
3087 2885 3224 2956 πρὸς
3270 2886 3454 2958 ψυχὴν
3500 2887 3594 2957 τὴν
3633 2886 3770 2955 ἁγίαν

2217 2975 2444 3045 Γραφὴν
2471 2976 2614 3029 κατὰ
2639 2977 2877 3047 Χριστὸν
2908 2977 3292 3048 ἐκδεχόμενον,
3330 2978 3624 3050 ἀσκηθῆναι
3653 2980 3770 3047 φιλο-

514 3049 695 3105 stiana
741 3053 1097 3121 expositurus
1129 3065 1235 3122 est,
1275 3057 1329 3111 in
1370 3059 1486 3130 ipsa
1516 3062 1803 3116 nominum
1838 3063 2111 3135 interpre-

516 3139 737 3164 .-.ἕρ-η’
779 3141 1067 3164 ,1212..--.--
1116 3157 1294 3164 ,κ-μμ--

2221 3068 2405 3130 πόνως
2450 3069 2544 3121 καὶ
2588 3067 2697 3121 τῶν
2745 3070 3028 3139 ὀνομάτων
3059 3072 3160 3141 τὴν
3213 3049 3542 3143 ἑρμηνείαν,
3577 3072 3772 3125 αὐτόθεν

516 3139 737 3195 tatione‘
775 3141 1068 3213 diligenter
1115 3157 1394 3203 versatum
1438 3165 1581 3216 esse,
1628 3167 1697 3206 ex
1743 3168 1871 3222 qua,
1921 3169 2111 3211 eorum

2218 3161 2517 3231 δυνάμενον
2567 3161 2698 3231 ὅλην
2746 3162 2847 3230 τὴν
2895 3162 3005 3216 τῶν
3056 3139 3467 3235 γεγραμμένων
3506 3164 3769 3234 σαφηνίσαι

512 3247 638 3302 quae
666 3233 868 3304 scripta
898 3244 1050 3302 sunt,
1075 3252 1298 3293 sensum
1325 3254 1544 3297 omnem
1575 3242 1882 3301 dilucidare
1905 3248 2111 3317 possit;

2216 3253 2482 3320 διάνοιαν,
2514 3255 2674 3325 εἴπερ
2711 3255 2871 3325 μέλοι·
2913 3255 3062 3326 αὐτῷ
3106 3233 3209 3326 τῆς
3259 3257 3531 3329 ἀκριϐοῦς
3561 3260 3663 3311 τῶν
3694 3273 3764 3324 γε·

512 3323 818 3381 dummodo
860 3328 1096 3384 sollicite
1126 3339 1319 3396 curet,
1376 3341 1438 3387 ut
1490 3350 1683 3388 eorum
1733 3352 1858 3407 qua:
1908 3337 1965 3393 in
2019 3337 2111 3394 illa

2214 3345 2557 3416 γραμμένων
2584 3323 3004 3415 κατανοήσεως·
3034 3323 3173 3401 ἀλλ’.
3191 3349 3292 3401 οὐκ
3327 3323 3630 3409 Ἰουδαϊκῶς
3656 3347 3772 3419 πρὸς

511 3416 717 3486 scripta
749 3416 1045 3484 habentur,
1078 3436 1271 3475 verum
1310 3438 1532 3478 sensum
1570 3426 1869 3499 intelligat;
1906 3445 1971 3485 ac
1999 3446 2111 3487 non

2214 3438 2374 3510 σῶμα
2408 3439 2504 3493 καὶ
2532 3438 2640 3509 γῆν
2674 3440 2942 3507 κατάγειν
2966 3441 3027 3494 τὸ
3050 3439 3188 3511 ὕψος
3222 3441 3318 3495 τοῦ
3348 3442 3671 3511 πνεύματος,
3695 3416 3771 3493 καὶ

507 3505 826 3563 Judzcorum
854 3525 1030 3575 more,
1062 3511 1130 3566 ad
1168 3526 1371 3583 corpus
1412 3523 1725 3586 terramque
1757 3519 1989 3588 spiritus
2019 3536 2113 3576 su-

508 3597 836 3656 blimitatem
865 3601 1122 3658 detrahat
1155 3604 1481 3676 divitiasque
1527 3621 1591 3660 ac
1632 3607 1971 3666 immortales
1997 3612 2111 3682 spi—

507 3690 755 3747 ritalium
800 3693 1075 3749 bonorum
1113 3697 1559 3766 pollicitationes,
1603 3698 1874 3755 ﬂuxarum
1920 3718 2105 3758 rerum

504 3784 863 3855 corruptione
887 3786 1328 3843 circumscribat.

576 3877 665 3931 94.
700 3876 873 3932 Sicuti
904 3887 1093 3933 votum
1122 3881 1345 3950 sponsio
1372 3888 1459 3938 est
1490 3881 1764 3939 bonorum
1795 3883 1958 3957 556
1983 3902 2106 3957 qnie

502 3986 570 4025 ex
618 3970 941 4027 hominibus
983 3989 1085 4043 per
1128 3974 1584 4044 pollicitationem
1615 3977 1727 4031 Deo
1755 3978 2101 4045 oﬂ‘erunmr;

502 4063 584 4118 sic
626 4065 837 4119 merito;
873 4065 1194 4135 deprecatio
1230 4082 1295 4121 ac
1326 4069 1528 4134 oratio,
1565 4085 1758 4123 eorum
1810 4072 2103 4141 perspicue

501 4155 776 4211 bonorum
827 4156 1092 4228 ﬂagitatio
1143 4159 1284 4226 erit,
1336 4175 1460 4230 qua:
1500 4175 1566 4215 ex
1616 4162 1732 4216 Deo
1763 4163 1831 4217 ad
1864 4164 2100 4219 salutem

500 4252 823 4307 hominibus
857 4262 1225 4323 praestantur,
1259 4270 1485 4321 eorum,
1537 4272 1659 4325 quae
1700 4257 1872 4326 prbba
1915 4267 2101 4312 mente

499 4348 681 4401 oblata
727 4358 876 4413 sunt,
930 4348 1118 4403 ferens
1162 4349 1607 4405 retributionem.
1641 4350 1863 4406 Clamor
1913 4360 2097 4406 autem

2210 3532 2312 3596 τὰς
2338 3532 2491 3598 θείας
2539 3534 2634 3587 καὶ
2668 3535 2983 3606 ἀκηράτους
3011 3534 3122 3589 τῶν
3168 3535 3384 3608 νοητῶν
3434 3536 3670 3605 ἀγαθῶν,
3713 3536 3768 3604 τῇ

2209 3625 2318 3680 τῶν
2354 3628 2752 3698 παρεχομένων
2785 3628 2964 3699 φθορᾷ
3002 3630 3376 3702 περιγράφειν
3406 3628 3743 3700 ἐπαγγελίας.

2276 3890 2378 3958 ιβ’⁸
2402 3892 2617 3962 Ὠσπερ
2640 3892 2775 3963 εὐχή
2808 3894 2979 3954 ἐστιν,
3012 3892 3312 3963 ὑπόσχεσις
3344 3894 3456 3947 τῶν
3496 3893 3556 3958 ἐξ
3580 3889 3767 3962 ἀνθρὼ-

2206 4002 2322 4038 πων
2375 3984 2495 4053 Θεῷ
2542 3984 2666 4037 κατ’
2702 3985 3044 4053 ἐπαγγελίαν
3099 3986 3541 4056 προσαγομένων
3588 3982 3766 4045 καλῶν,

2202 4077 2345 4130 οὕτω
2378 4076 2656 4147 προσευχὴ
2680 4078 2823 4130 κατὰ
2866 4078 2960 4131 τὸν
2983 4079 3169 4133 είκότα
3192 4074 3358 4146 λόγον
3392 4078 3545 4133 ἔσται
3580 4074 3764 4145 σαφῶςν

2201 4170 2233 4239 ἡ
2264 4168 2375 4222 τῶν
2403 4169 2466 4221 ὲκ
2496 4167 2635 4221 Θεοῦ
2689 4168 2828 4240 πρὸς
2884 4169 3162 4241 σωτηρίαν
3205 4170 3634 4242 χορηγουμένων
3670 4167 3766 4230 τοῖς

2203 4257 2517 4330 ἀνθρώποις
2578 4259 2799 4326 ἀγαθῶν
2848 4259 3153 4332 ἐξαίτησις,
3215 4261 3492 4315 ἀντίδοσιν
3550 4261 3765 4332 φέρουσα

2203 4350 2304 4420 τῆς
2332 4351 2442 4404 τῶν
2467 4350 2835 4422 προηγμένων
2866 4349 3030 4422 [male
3055 4352 3199 4407 edita
3228 4351 3577 4425 προηγουμ.]
3617 4347 3764 4417 καλῆς

497 4450 604 4504 cst,
638 4441 844 4495 virtute
877 4441 1177 4496 nitentium
1208 4442 1443 4497 actionis
1473 4444 1624 4499 cultu
1659 4445 1970 4510 modorum,
2004 4446 2097 4499 do-

2214 4419 2519 4507 StuOésawq.
2574 4419 2682 4514 Βοὴ
2712 4443 2770 4496 δέ
2805 4419 3055 4515 ἐστινθή
3104 4444 3215 4498 τῶν
3458 4419 3762 4517 την-πρᾶξιν

496 4544 823 4602 Clarumque
855 4530 1285 4603 contemplanda
1326 4550 1390 4589 ac
1421 4535 1752 4605 spiritalium
1783 4537 2099 4593 considera-

497 4625 744 4690 tiouum,
782 4638 907 4679 cum
948 4623 1274 4694 nequissimi
1319 4625 1600 4681 daemones
1647 4626 1951 4697 insurgunt,
1997 4641 2095 4677 au-

495 4726 779 4786 gmentum
811 4716 1230 4786 provectioque,
1274 4732 1436 4787 quem
1469 4716 1554 4771 vel
1588 4718 1837 4772 omnium
1867 4726 2101 4773 maxime

494 4807 640 4862 Dcus
684 4815 883 4862 natura
927 4807 1102 4872 audit,
1142 4822 1336 4861 corum
1382 4808 1554 4862 animi
1604 4808 1952 4864 affectionem
2001 4809 2098 4881 qui

493 4899 689 4954 virtuti
722 4915 789 4955 ac
834 4899 1087 4956 scientiae
1130 4901 1392 4968 student,
1438 4916 1540 4971 pro
1575 4917 1768 4970 magna
1806 4918 1942 4958 voce
1986 4904 2092 4957 du-

493 5011 645 5054 cens.

561 5090 650 5144 95.
725 5085 1190 5143 Scelestissimum
1265 5085 1670 5154 cxitiesumque
1740 5084 1942 5139 diaboli
2004 5102 2090 5138 τρε

565 5244 642 5317 (ρ)
681 5244 1032 5317 Τῆίτοιαύτῃ
1058 5240 1692 5317 τηκομένγους-ρωνῇ.
1742 5240 1900 5297 Clara
1941 5241 2084 5317 allu—

489 5312 689 5374 sio"est
715 5312 783 5371 ad
821 5317 839 5369 l
876 5316 1034 5371 Esdr.
1062 5312 1136 5381 tv,
1177 5312 1270 5370 ubi
1310 5314 1649 5369 describitur
1687 5321 1919 5368 conatus
1983 5312 2085 5365 lm—

489 5390 653 5444 stium
674 5386 1015 5464 Iudaeorum,
1042 5395 1103 5441 ut
1127 5386 1453 5464 impedirent
1482 5383 1904 5464 mdilicationcm
1938 5391 2077 5464 tem;

487 5460 595 5529 pli;
630 5474 772 5529 quos
808 5458 1082 5529 Maximus
1109 5455 1459 5529 tropologicc
1503 5455 1786 5509 daemmxas
1832 5455 2080 5529 exponit,

2201 4534 2476 4604 ὲναρέτων
2505 4536 2750 4608 τρόπων,
2789 4536 2886 4590 καὶ
2916 4536 3025 4590 τῶν
3056 4537 3202 4590 κατὰ
3226 4536 3325 4607 τὴν
3362 4536 3598 4608 θεωρίαν
3635 4550 3760 4602 γνωο

2201 4625 2403 4680 στικῶν
2432 4626 2832 4698 θεωρημάτων,
2860 4629 2918 4681 ἐν
2945 4627 3025 4699 τῷ
3053 4628 3234 4699 καιρῷ
3267 4630 3368 4699 τῆς
3399 4629 3512 4681 τῶν
3536 4622 3765 4696 πονηρῶν

2197 4719 2473 4790 δαιμόνων
2502 4719 2950 4783 ἐπαναστάσεως,
2985 4719 3228 4782 ἐπίδοσίς
3254 4736 3312 4771 τε
3348 4719 3444 4773 καὶ
3464 4716 3760 4785 ὲπαύξησις.

2199 4804 2268 4881 ἦς
2296 4810 2514 4863 πάντων
2548 4810 2646 4879 οὐχ
2692 4810 2898 4881 ἥκιστα
2939 4810 3189 4880 φυσικῶς
3248 4811 3467 4873 ἀκούει,
3490 4810 3639 4872 Θεὸς,
3663 4804 3762 4858 ἀντὶ

2203 4900 2455 4971 μεγάλης
2484 4900 2690 4971 φωνῆς,
2728 4900 2827 4971 τὴν
2860 4900 2970 4954 τῶν
3010 4901 3106 4971 τῆς
3155 4901 3360 4971 ἀρετῆς
3410 4902 3506 4954 καὶ
3536 4898 3762 4967 γνώσεως

2199 4990 2652 5063 ἐπιμελουμένων
2684 4991 2946 5048 διάθεσιν.

2272 5089 2373 5154 ῑιεξ.
2413 5085 2476 5138 Ἢ
2532 5085 2751 5155 πονηρὰ
2790 5085 2884 5138 καὶ
2942 5084 3186 5156 ὀλέθριος
3227 5085 3320 5138 τοῦ
3353 5083 3601 5138 διαϐόλου
3632 5079 3761 5152 βασι-

2191 5246 2331 5300 modi
2367 5246 2476 5300 voci
2533 5244 2895 5299 inscrvicntes.
2926 5243 3048 5298 Non
3081 5253 3232 5298 certe
3288 5242 3341 5298 id
3381 5239 3628 5297 muneris
3659 5235 3758 5292 da:-

2194 5332 2419 5370 nmnum
2466 5333 2481 5376 ς
2541 5315 2643 5370 etsi
2699 5324 2754 5369 et
2820 5315 2923 5385 ipsi
2987 5314 3267 5385 isimulater
3302 5313 3592 5385 adjutores
3636 5323 3761 5385 pm:

2186 5387 2364 5441 ferant
2393 5385 2716 5441 cxstruezzdi
2769 5379 3030 5439 ἱιιίιοῦἰε
3082 5384 3272 5453 templi
3323 5379 3568 5445 Domini,
3607 5379 3681 5435 uti
3709 5382 3757 5431 et

2186 5457 2371 5513 hostes
2414 5458 2754 5522 ludat-orum,
2805 5470 2929 5510 cum
2990 5455 3119 5508 boni
3166 5454 3350 5523 specie
3395 5470 3460 5508 ac
3512 5458 3755 5523 praestan-

488 5519 663 5583 sic'ct'
690 5527 839 5599 ipsos
871 5536 929 5582 et
972 5519 1690 5599 invidia-contabescentes,
1732 5525 1878 5599 quod
1905 5519 2084 5599 'spiri-
2183 5527 2266 5583 da:
2300 5530 2545 5591 virtutis,
2598 5519 2850 5582 incautos
2906 5519 3208 5596 spiritales
3238 5525 3296 5599 in
3355 5524 3508 5599 mali_
3541 5519 3755 5599 alicujus

489 5605 594 5652 tate
627 5598 681 5651 in
712 5594 873 5652 nobis
904 5597 1002 5652 Dei
1036 5598 1300 5667 templum
1329 5611 1668 5667 consurgere
1701 5594 2075 5667 :tudiant,_\'i~

487 5666 791 5745 deamque,
826 5668 905 5745 uti
939 5664 1196 5745 pluribus
1225 5676 1419 5745 quaest:
1456 5664 1561 5729 56,
1601 5666 1685 5745 ad
1721 5665 1910 5745 'l_‘ltal._
1940 5664 2076 5745 diale

485 5735 675 5807 itaque
692 5735 858 5792 Picus
871 5735 1346 5807 διακονουμένους,
1375 5737 1640 5791 άωηιοιιεε
1667 5736 1860 5789 habent
1892 5736 2079 5806 Imjus-

2182 5614 2518 5654 eonsensum
2553 5599 2804 5664 trahunt,
2829 5589 2986 5653 seu'a
3017 5605 3168 5650 recta
3200 5594 3428 5650 virtutis
3460 5592 3546 5648 via
3594 5589 3751 5646 abdu-

2183 5679 2337 5724 οιιιιῑ.
