4020 6456
262 427 387 494 12.37

915 429 1246 489 CAPITUM
1285 404 1706 498 QUINQUIES
1743 415 2262 480 CENTENORUM
2301 406 2687 481 eximam
2726 402 2804 481 Π.

3349 406 3483 484 12ἕέ

257 540 390 602 λεια,
419 535 506 594 διὰ
540 538 634 606 τῆς
683 537 790 591 τῶν
826 539 1124 612 ’Δσσυρίων
1160 541 1474 612 τυπουμένη
1508 537 1808 609 βασιλείας,

1942 548 2114 598 ςηυῐη,
2174 534 2324 604 regni
2393 533 2737 605 Assyriorum
2798 544 2925 605 typo
2983 534 3306 606 figuratum,
3354 537 3496 591 bello

257 635 340 686 τόν
369 631 506 684 κατὰ
534 631 629 698 τῆς
657 631 856 701 ἀρετῆς
889 633 978 683 καὶ
1008 633 1104 702 τῆς
1134 632 1388 700 γνώσεως
1415 630 1818 701 συναγείρουσα

256 720 507 790 πῦὶεμον,
539 721 624 773 διὰ
654 722 761 774 τῶν
787 724 959 792 αὐτῆς
987 724 1242 792 ἐμφύτων
1270 723 1554 792 δυνάμεων
1585 722 1818 791 τροποῦ-

260 811 374 870 σθαι
408 817 715 885 μηχανᾶται
746 815 841 885 τὴν
858 815 1033 885 ψυχήν
1053 831 1064 843 ⁸
1102 814 1198 884 τὴν
1226 815 1324 884 μὲν
1351 814 1647 883 ἐπιθυμίαν
1672 815 1823 882 πρῶ-

257 920 359 970 τον,
402 909 481 970 εἰς
505 894 808 976 δρεξιιῗτῶν
844 907 994 977 παρὰ
1025 907 1182 974 φύσιν
1204 906 1595 977 διερεθίζουσα,
1629 905 1726 958 καὶ
1752 908 1822 958 τὰ

260 997 486 1067 αἰσθητᾶ
524 996 629 1048 τῶν
662 995 868 1065 νοητῶν
902 996 1174 1064 προτιμᾷν
1202 993 1573 1046 ἀναπείθουσα
1595 1010 1607 1023 ·
1644 993 1734 1047 τὸν
1765 992 1823 1046 δὲ

260 1082 443 1160 θυμὸν,
497 1085 1004 1160 ὑπεραγωνίζεσθαι
1061 1084 1152 1137 τοῦ
1205 1083 1515 1154 αἱρεθέντος
1570 1083 1677 1136 ὑπὸ
1728 1085 1826 1152 τῆς

259 1181 548 1251 ἐπιθυμίας
614 1178 873 1248 αἰσθητοῦ
928 1177 1307 1246 διεγείρουσα’
1373 1175 1434 1228 τὸ
1478 1176 1535 1229 δὲ
1579 1175 1821 1243 λογικὸν,

256 1271 378 1332 τοὺς
405 1271 637 1341 τρόπους
695 1269 929 1321 ἐπινοεῖν
985 1266 1094 1320 τῶν
1145 1269 1264 1319 κατ’
1319 1265 1575 1331 αἴσθησιν
1625 1267 1826 1338 ἡδονῶν

259 1351 663 1415 ἐκδιδάσκουσα.

327 1551 452 1624 ἵης’.
505 1557 615 1620 Τῆς
648 1556 824 1626 ἄκρας
862 1555 1196 1626 ἁγαθὸτητος
1234 1555 1386 1619 ἴδιον,
1419 1525 1504 1617 τὸ,
1546 1555 1621 1624 μὴ
1669 1553 1829 1622 μόνον

255 1649 352 1710 τὰς
385 1649 535 1711 θείας
563 1647 657 1701 καὶ
683 1647 1008 1715 ἀσωμάτους
1057 1647 1166 1700 τῶν
1211 1645 1418 1716 νοητῶν
1471 1644 1678 1709 οὐσίας,
1731 1645 1829 1714 τῆς

257 1742 573 1814 ἀπορρήτου
646 1740 737 1793 καὶ
793 1740 941 1803 θείας
988 1738 1427 1809 ἀπεικονίσματα
1485 1737 1829 1806 καταστῆσαι

255 1835 434 1902 δόξης,
463 1833 590 1902 ὃλην
624 1831 765 1885 κατὰ
796 1833 854 1884 τὸ
883 1830 1104 1900 θεμιτὸν
1127 1830 1406 1898 ἀναλόγως
1438 1828 1628 1891 αὐταῖς
1655 1827 1826 1880 εἰσδε-

257 1925 496 1995 χομένας
524 1923 619 1993 τὴν
650 1923 1006 1994 ἀπερινόητον
1039 1922 1348 1993 ὡραιότητα
1393 1919 1487 1972 τοῦ
1534 1918 1826 1988 ἀπροσίτου

257 2019 520 2080 κάλλους·
556 2016 691 2070 ἀλλὰ
721 2015 814 2066 καὶ
844 2017 954 2076 τοῖς
993 2014 1292 2083 αἰσθητοῖς,
1343 2012 1438 2066 καὶ
1471 2009 1578 2064 τῶν
1623 2009 1830 2080 νοητῶν

253 2109 457 2168 οὐσιῶν
484 2107 621 2161 κατὰ
662 2107 794 2159 πολὺ
832 2101 1174 2168 ἀποδέουσιν,
1207 2104 1550 2174 ἁπηχήματα
1599 2102 1698 2171 τῆς
1756 2102 1833 2154 oi-

253 2201 411 2263 κείας
440 2197 804 2268 ἐγκαταμίξαι
841 2196 1280 2268 μεγαλειότητος,
1315 2194 1588 2264 δυνάμενα
1614 2193 1704 2246 τὸν
1737 2192 1832 2244 άν-

254 2290 530 2358 θρώπινον
565 2289 687 2342 νοῦν
714 2287 1078 2358 ἐποχούμενον
1107 2287 1309 2349 αὐτοῖς,
1339 2283 1472 2353 πρὸς
1500 2282 1632 2335 Θεὸν
1659 2282 1832 2334 ἁπλα-

251 2382 359 2445 νῶς
417 2380 861 2452 διαπορθμεύειν,
915 2379 1170 2448 ὑπεράνω
1220 2376 1438 2429 πάντων
1487 2375 1595 2426 τῶν
1626 2371 1835 2442 ὁρωμέ-

251 2489 358 2524 νων
388 2471 699 2540 γινόμενον,
731 2462 820 2521 οἶα
847 2471 946 2538 τῆς
976 2467 1150 2536 ἄκρας
1181 2463 1448 2518 ἐπιϐάντα
1497 2462 1834 2532 μακαριότη-

249 2579 362 2626 τος.

322 2756 435 2823 ιιζι.
474 2753 586 2815 Πᾶς
640 2750 764 2812 νοῦς
794 2751 963 2820 ἀρετῇ
1001 2748 1092 2801 καὶ
1138 2745 1341 2814 γνώσει
1372 2743 1835 2815 κατεστεμμένος,

248 2843 340 2901 οἷα
374 2847 445 2916 δὴ
482 2843 620 2896 κατὰ
667 2842 758 2894 τὸν
811 2842 982 2910 μέγαν
1010 2839 1260 2903 Ἐζεκίαν
1302 2837 1607 2908 βασιλεύειν
1659 2835 1838 2906 λαχὼν

249 2940 354 3009 τῆς
393 2935 790 3006 Ἰερουσαλήμ·
829 2933 1094 2999 τουτέστι,
1122 2932 1221 3000 τῆς
1252 2932 1474 3001 εἰρήνην
1514 2929 1681 2998 μόνην
1708 2927 1841 2999 ὀρώ-

251 3050 354 3102 σης
385 3032 582 3096 ἕξεως,
621 3029 789 3098 ἤγουν
817 3029 914 3096 τῆς
958 3025 1225 3078 παντοίων
1250 3024 1438 3076 παθῶν
1472 3022 1840 3092 ἐστερημένης

251 3116 684 3178 καταστάσεως·
724 3114 931 3180 ὅρασις
958 3113 1066 3182 γὰρ
1095 3111 1338 3180 εἰρήνης
1364 3110 1720 3180 Ἰερουσαλὴμ
1749 3110 1842 3178 ἐρ-

1924 624 2188 679 adversus
2229 627 2486 680 virtutem
2556 642 2620 680 ac
2674 628 2956 680 scientiam
2999 628 3250 692 conflato,
3280 645 3376 698 per
3413 628 3496 682 in-

1925 725 2078 770 iratas
2116 716 2310 771 anima:
2338 717 2640 782 facultates,
2679 718 2819 771 hanc
2843 717 3068 777 fundere
3109 736 3169 774 ac
3207 721 3497 790 proﬂigare

1925 808 2168 861 molitur.
2201 805 2274 861 Ac
2300 809 2536 878 primum
2565 810 2786 879 quidem
2817 809 3164 878 cupiditatem
3209 813 3404 875 irritat,
3439 824 3498 866 ut

1925 915 2045 969 qua:
2076 899 2403 953 innaturalia
2433 909 2579 965 sunt,
2605 908 2846 971 appetat,
2869 910 3167 971 auctorque
3190 911 3295 966 est,
3325 912 3383 956 ut
3411 905 3500 958 his

1925 1005 2046 1059 quae
2076 1005 2236 1043 sensu
2273 991 2675 1060 percipiuntur,
2706 1007 2792 1066 ea,
2826 1008 2947 1061 qua:
2976 993 3091 1046 sola
3125 1002 3306 1047 mente
3337 994 3500 1048 intel«

1925 1081 2188 1152 ligantur,
2220 1084 2545 1154 posthabeat
2574 1101 2586 1136 :
2617 1083 2752 1136 iram
2777 1099 2908 1137 vero
2932 1085 3164 1154 impellit
3185 1102 3252 1140 ac
3275 1087 3499 1150 excitat,

1927 1177 1988 1222 ut
2015 1170 2135 1238 ejus
2157 1169 2307 1234 boni,
2331 1171 2475 1240 quod
2507 1186 2670 1226 sensu
2709 1172 3032 1242 percipitur,
3059 1188 3243 1239 causa,
3271 1191 3335 1229 ac
3355 1176 3501 1245 quod

1927 1260 2198 1328 cupiditas
2242 1261 2471 1331 delegit,
2516 1279 2753 1333 pugnam
2790 1263 3054 1330 instruat;
3091 1265 3357 1320 rationem
3403 1281 3500 1336 po-

1928 1359 2131 1404 stremo
2181 1337 2360 1415 docet,
2411 1361 2468 1407 ut
2502 1353 2842 1423 voluptatum
2887 1369 3107 1410 sensum
3154 1356 3506 1413 aﬂicicntium

1930 1431 2121 1496 modos
2149 1442 2482 1497 adinverfat.

2001 1554 2086 1607 96.
2121 1554 2355 1610 Summa:
2380 1556 2638 1611 bonitatis
2663 1558 2946 1627 propritim
2976 1568 3080 1622 est,
3101 1570 3164 1613 ut
3193 1577 3301 1615 non
3329 1563 3507 1617 solum

1931 1643 2146 1696 divinas
2196 1652 2250 1697 et
2295 1645 2650 1714 incorporeas
2699 1646 3098 1701 intellectiiium
3146 1648 3507 1715 substantias,

1932 1749 2143 1806 arcanae
2171 1734 2476 1804 divitiasque
2508 1737 2805 1806 majestatis
2846 1738 3136 1792 simulacra
3181 1741 3508 1806 constituat;

1933 1839 2053 1893 qum
2095 1825 2353 1878 videlicet
2395 1833 2599 1886 totam,
2636 1833 2840 1893 quanta
2885 1827 3236 1892 concedi-tur,
3285 1845 3385 1898 pro
3425 1832 3512 1886 sui
3560 1892 3566 1896 _

1935 1916 2166 1982 ratione,
2197 1916 2346 1970 omni
2390 1917 2652 1986 majorem
2697 1917 2938 1986 cogitatu
2986 1918 3251 1975 inaccessi
3297 1922 3513 1976 decoris

1931 2007 2162 2060 formam
2215 2007 2791 2076 pulchritudinemque
2846 2009 3143 2077 recipiant;
3197 2012 3292 2065 sed
3347 2013 3511 2067 etiam

1935 2098 2040 2162 his,
2067 2114 2188 2167 quae
2235 2098 2286 2150 in
2331 2113 2549 2152 sensum
2583 2097 2808 2161 cadunt,
2841 2098 3110 2168 longeque
3143 2101 3211 2154 ab
3248 2103 3356 2157 illis
3387 2105 3514 2159 sub-

1935 2187 2151 2240 stantiis
2187 2203 2308 2255 quae
2336 2195 2515 2240 mente
2553 2187 2953 2256 intelliguntur,
2985 2189 3270 2257 deficiunt,
3304 2197 3514 2264 magni‘

1937 2280 2168 2348 licentiae
2211 2295 2323 2334 sua:
2366 2288 2610 2334 extrema
2645 2280 2890 2348 quaedam
2939 2282 3094 2350 quasi
3140 2285 3365 2353 vestigia
3411 2287 3516 2339 mi-

1938 2380 2115 2436 sceat;
2165 2388 2287 2441 qua:
2336 2371 2444 2425 illis
2491 2371 2756 2424 nitentem
2802 2371 3183 2442 invectamque
3224 2375 3518 2431 humanam

1939 2472 2200 2526 mentem,
2236 2471 2383 2516 recta
2427 2461 2492 2515 ad
2527 2463 2698 2516 Deum
2745 2462 2993 2532 Irajiccre
3039 2464 3276 2526 valeant,
3309 2471 3519 2520 cunctis

1942 2554 2106 2608 rebus
2136 2553 2187 2610 in
2214 2559 2494 2623 aspectum
2522 2551 2848 2606 cadentibus
2878 2553 3216 2621 superiorem
3247 2555 3519 2622 effectam,

1942 2656 2002 2702 ut
2030 2663 2149 2717 quae
2171 2656 2482 2714 supremam
2510 2644 2824 2698 beatitatem
2852 2643 3206 2698 inscenderit.
3351 2649 3354 2656 '

2013 2758 2101 2811 97.
2135 2756 2394 2825 Quisquis
2425 2755 2662 2819 animus,
2709 2756 2910 2809 virtute
2934 2772 2997 2810 ac
3037 2757 3518 2816 scientia-corona-

1943 2857 2053 2912 tus,
2094 2848 2244 2901 velut
2275 2862 2502 2916 magnus
2545 2846 2826 2911 Ezechias,
2865 2855 2924 2899 ut
2959 2840 3522 2919 Jerusalemimperio

1943 2947 2097 3008 regat
2142 2947 2336 2992 nactus
2367 2946 2450 2990 est
2487 2936 2756 3005 (habitum
2796 2937 3007 2990 scilicet
3047 2938 3216 2992 solam
3247 2939 3522 2996 videntem

1944 3041 2135 3098 pacem
2184 3045 2198 3080 :
2243 3037 2444 3082 statum
2489 3027 2750 3082 nimirum
2798 3027 2978 3081 omnis
3011 3029 3226 3098 generis
3266 3031 3417 3085 'vitiis
3462 3048 3523 3088 ac

1945 3119 2454 3188 perturbationibus
2486 3126 2799 3185 carentem;
2828 3119 3132 3176 Jerusalem
3169 3122 3314 3177 enim
3345 3125 3524 3178 nomi-

253 3209 570 3281 μηνεὺεται
595 3223 608 3237 ·
649 3208 830 3259 πᾶσαν
872 3204 985 3275 ἔχει
1014 3204 1112 3274 τὴν
1148 3205 1326 3256 κτίσιν
1358 3204 1670 3273 ὑποχείριον
1691 3219 1704 3231 ·
1751 3201 1840 3254 διὰ

1945 3201 2341 3265 ηἰεήοιιιιίοηο
2366 3211 2510 3280 pacis
2537 3211 2664 3263 visio
2689 3212 2816 3278 est),
2851 3219 3158 3266 creaturam
3182 3227 3397 3268 omnem
3421 3215 3525 3270 sibi

247 3303 362 3357 τῶν
401 3301 582 3372 αὐτὴν
634 3298 1100 3369 συμπληρούντων
1149 3298 1327 3360 εἱδῶν,
1365 3296 1442 3367 τῷ
1478 3297 1578 3367 μὲν
1615 3295 1733 3366 Θεῷ
1773 3294 1842 3347 δι’

247 3395 426 3449 αὐτοῦ
464 3393 675 3455 τοὺςιέν
706 3391 845 3460 αὐτῆ
872 3391 1278 3458 πνευματικοὺς
1300 3388 1399 3456 τῆς
1420 3385 1675 3456 γνώσεως
1713 3385 1843 3438 καθ-

245 3489 402 3557 άπερ
440 3484 598 3555 δῶρα
647 3483 1127 3553 προσκομίζουσαν
1174 3481 1400 3549 λόγους·
1450 3478 1599 3548 αὑτῴ
1632 3478 1688 3530 δὲ
1716 3475 1844 3528 καθ-

246 3581 405 3649 άπερ
463 3577 697 3645 δόματα,
748 3573 872 3635 τοὺς
935 3572 1338 3642 ἐνυπάρχοντας
1386 3570 1522 3638 αὐτῇ
1581 3567 1721 3621 κατὰ
1753 3567 1845 3619 τὸν

246 3670 502 3741 φυσικὸν
536 3668 700 3735 νόμον
735 3665 874 3735 πρὸς
933 3662 1134 3734 ἀρετὴν
1191 3661 1424 3732 τρόπους
1478 3659 1842 3728 παρέχουσαν,

244 3763 348 3814 καὶ
380 3759 484 3812 διὰ
510 3756 617 3809 τῶν
653 3755 978 3825 ἀμφοτέρων
1017 3751 1388 3821 δεξιουμένην,
1443 3749 1532 3801 τὸν
1572 3748 1691 3800 κατ’
1741 3748 1846 3816 ἀμ-

245 3852 480 3921 φότερα
517 3847 819 3916 κρατίστως
864 3844 1171 3910 εὐδοκιμεῖν
1193 3840 1490 3909 δυνάμενον
1511 3856 1525 3870 ο
1589 3839 1736 3906 λέγω
1767 3839 1846 3897 δὲ,

241 3945 342 3997 τὸν
378 3938 720 4005 κατὰλόγον
769 3937 864 3990 καὶ
897 3934 1031 4005 βίον,
1064 3932 1151 3986 διὰ
1203 3931 1456 4002 πράξεώς
1493 3948 1553 3983 τε
1590 3930 1685 4010 κα).
1714 3928 1847 3981 θεω-

244 4035 380 4105 ρίας
411 4027 779 4084 τελειωθέντα
809 4025 1096 4095 φιλόσοφον
1129 4022 1271 4076 νοῦν.

317 4151 446 4214 ι-,ηκ
496 4143 556 4194 '0
581 4141 668 4193 διὰ
695 4138 946 4209 πράξεως
980 4136 1073 4188 καὶ
1101 4135 1337 4205 θεωρίας
1367 4129 1722 4202 κατορθώσας
1769 4130 1849 4192 εἰς

239 4239 435 4308 ἄκρον
467 4233 574 4303 τὴν
604 4229 804 4302 ἀρετὴν
833 4230 929 4282 καὶ
971 4229 1072 4296 τὴν
1113 4226 1335 4294 γνῶσιν,
1367 4224 1593 4284 εἰκότως
1622 4218 1851 4290 ὑπεραί-

240 4346 420 4402 ρεται
477 4325 724 4386 πάντων,
771 4319 882 4374 τῶν
933 4316 1212 4390 σαρκικῶν
1257 4316 1352 4369 καὶ
1408 4309 1852 4382 διαόεϐλημένων

239 4401 462 4475 παθῶν
496 4413 756 4485 ὑπεράνω
785 4410 928 4464 κατὰ
945 4411 1042 4481 τὴν
1067 4408 1266 4477 πρᾶξιν
1288 4406 1593 4476 γινόμενος,
1625 4403 1719 4456 καὶ
1746 4401 1854 4454 τῶν

1947 3303 2236 3357 obnoxiam
2269 3302 2467 3367 habet;
2500 3307 2620 3372 quae
2646 3317 2744 3371 per
2765 3301 2968 3356 formas
2998 3302 3144 3358 illam
3165 3305 3524 3374 complentes,

1947 3395 2094 3449 illius
2132 3403 2317 3464 opera,
2348 3395 2627 3464 Spiritales
2670 3395 2727 3448 in
2756 3407 2820 3448 ea
2868 3395 3111 3451 scientia:
3140 3399 3380 3453 rationes
3408 3407 3525 3454 tan-

1947 3497 2108 3555 quam
2139 3487 2304 3548 dOna,
2346 3484 2460 3540 Deo
2492 3486 2691 3539 offerat
2719 3486 2798 3551 7‘;
2828 3485 2904 3539 illi
2941 3502 3067 3542 vero
3101 3492 3355 3560 tanquam
3401 3507 3526 3546 mu-

1946 3591 2100 3638 nera,
2121 3577 2449 3630 exsistentes
2473 3575 2634 3644 .557
2660 3575 2714 3629 in
2739 3590 2803 3630 ea
2832 3576 3018 3630 virtuti
3041 3581 3402 3647 comparatos,
3424 3598 3526 3652 pro

1948 3666 2214 3721 naturalis
2254 3666 2390 3736 legis
2422 3653 2656 3732 ratione,
2687 3665 2879 3721 modos
2924 3667 3146 3737 pendat,
3187 3678 3245 3724 et
3280 3669 3527 3742 utrisque

1949 3770 2078 3809 eum
2132 3754 2414 3824 magnifice
2464 3753 2663 3809 habeat
2711 3769 2772 3808 ac
2824 3755 3078 3824 accipiat,
3129 3757 3224 3826 qui
3271 3760 3528 3831 utrinque

1951 3855 2174 3901 strenue
2206 3846 2513 3915 eximieque
2547 3846 2758 3900 clarere
2785 3839 2984 3912 va‘le‘at,
3013 3849 3284 3917 ejusmodi
3319 3853 3526 3908 scilicet

1951 3939 2227 4001 animum,
2264 3938 2355 4007 qui
2405 3937 2617 3992 ratione
2651 3945 2707 3990 et
2741 3938 2851 3991 vita
2873 3977 2887 4002 ,
2938 3939 3264 4008 actioneque
3296 3955 3358 3994 ac
3393 3958 3528 3998 cons

1953 4028 2308 4097 templatione
2332 4027 2574 4098 perfecte
2600 4027 2947 4097 philosophia
2972 4029 3189 4098 polleat.

2025 4140 2110 4194 98.
2147 4139 2251 4205 Qui
2293 4150 2561 4194 summam
2594 4138 2811 4194 virtutis
2840 4153 2904 4193 ac
2936 4139 3178 4194 scientia;
3218 4141 3328 4195 vim
3359 4145 3529 4198 actim

1953 4231 2038 4286 nis
2071 4229 2222 4285 cultu
2261 4220 2599 4300 adimplevit,
2627 4231 2825 4284 merito
2849 4231 3151 4299 exaltatur;
3184 4249 3381 4303 nempe
3405 4252 3528 4290 car—

1953 4323 2172 4377 nalibus
2199 4338 2263 4377 ac
2297 4323 2388 4393 qui
2420 4321 2556 4376 vitio
2595 4323 2823 4387 haérent,
2872 4322 3178 4387 aﬂ‘ectibus,
3218 4339 3317 4392 per
3359 4325 3533 4380 actio-

1956 4427 2083 4466 nem
2125 4412 2376 4482 superior
2417 4412 2666 4476 etfectus,
2703 4412 3158 4482 naturalibusque
3199 4414 3284 4486 (ut
3313 4418 3534 4488 vocant)

239 4509 533 4584 φυσικῶν
561 4505 868 4574 λεγομένων
893 4501 1179 4571 σωμάτων,
1207 4499 1352 4568 λέγω
1378 4497 1463 4568 δὴ,
1498 4495 1606 4549 τῶν
1633 4493 1840 4591 ὐπὸ-γέ-

1958 4500 2300 4571 corporibus,
2327 4517 2448 4570 quae
2477 4501 2688 4555 scilicet
2710 4501 2958 4555 oriantur
2987 4516 3050 4556 ac
3077 4502 3384 4568 intereant;
3414 4521 3536 4560 om-

240 4582 413 4657 νεσιν
466 4597 646 4650 ὄντων
696 4595 789 4647 καὶ
818 4592 1051 4662 φθοράνο
1111 4591 1207 4644 καὶ
1257 4588 1465 4652 ἁπλῶς,
1497 4586 1585 4638 ἵνα
1618 4582 1840 4637 συνελὼη

1961 4594 2202 4663 uinoque
2225 4633 2238 4656 ,
2273 4602 2336 4647 ut
2383 4593 2550 4648 semel
2586 4592 2791 4656 dicam,
2845 4592 3036 4646 formis
3070 4594 3325 4648 omnibus
3372 4605 3536 4664 atque

237 4693 426 4753 εἴπω,
508 4685 727 4739 πάντων
775 4683 883 4737 τῶν
917 4684 1020 4735 ὑπὸ
1069 4681 1322 4751 αἴσθησιν
1355 4679 1532 4741 εἰδῶν,
1584 4679 1725 4733 κατὰ
1758 4679 1840 4749 τὴι

1961 4683 2176 4737 naturis
2212 4683 2266 4736 in
2309 4697 2530 4737 sensum
2579 4681 2930 4746 cadentibus,
2984 4697 3081 4750 per
3117 4683 3534 4752 contemplatio—

241 4781 542 4852 Θεωρίαν,
573 4777 792 4839 τοὺςίέν
843 4775 1028 4835 αὐτοῖς
1076 4773 1284 4834 πάντας
1316 4769 1638 4839 γνωστικῶς
1666 4771 1840 4822 διεῖπε⁴

1961 4789 2118 4839 nem;
2155 4773 2410 4827 omnibus
2454 4773 2508 4825 in
2553 4773 2634 4825 eis
2680 4771 2982 4825 rationibus
3010 4762 3252 4826 scientia:
3283 4773 3533 4828 eminen-

238 4875 447 4946 ράσας
485 4868 702 4936 λόγους,
737 4865 830 4917 τὸν
858 4863 982 4918 νοῦν
1010 4865 1038 4916 ὀ
1069 4859 1310 4924 τοιοῦτος
1354 4861 1492 4939 πρὸς
1519 4869 1588 4914 τα
1622 4862 1840 4929 συγγενὶ

1964 4865 2036 4919 tia
2071 4863 2370 4933 superatis;
2407 4863 2451 4918 is
2488 4863 2612 4916 talis
2654 4863 2895 4914 animum
2929 4861 2996 4915 ad
3037 4877 3102 4916 ea
3146 4878 3267 4931 qua:
3308 4872 3535 4933 cognata

236 4967 348 5022 καὶ
383 4964 528 5018 Θεῖα
555 4960 682 5027 divin
697 4974 848 5024 αγεν.

1963 4973 2028 5011 ac
2055 4957 2238 5010 divina
2268 4963 2414 5019 sunt,
2453 4954 2693 5008 sustulit.

223 5101 232 5107 .
319 5073 449 5144 ιιθνο
503 5073 567 5124 Ὅ
601 5070 698 5139 τὴν
721 5067 988 5122 ἀπάθειαν
1018 5066 1270 5147 καθάπερ
1313 5058 1665 5137 Ἰερουσαλὴμ
1695 5065 1861 5121 οἰκεῖν

233 5160 340 5220 διὰ
377 5163 516 5215 τῶν
545 5157 688 5212 κατὰ
713 5157 810 5228 τὴν
858 5155 1056 5224 πρᾶξιν
1089 5156 1266 5208 πόνων
1306 5155 1507 5225 λαχὼν,
1551 5156 1646 5207 καὶ
1681 5155 1863 5225 πάσης

231 5258 353 5325 τῆς
424 5247 568 5305 καθ’
625 5245 897 5316 ἁμαρτίαν
943 5244 1362 5314 ἀπηλλαγμένος
1413 5244 1709 5315 ὀχλήσεως,
1768 5245 1864 5298 καὶ

237 5345 445 5418 μόνην
477 5338 711 5406 εἰρήνην
749 5335 846 5388 καὶ
879 5335 1133 5404 πράττων
1163 5336 1256 5387 καὶ
1289 5335 1485 5396 λαλῶν,
1516 5337 1610 5388 καὶ
1648 5335 1863 5389 ἀκούων

231 5434 348 5495 καὶ
376 5431 759 5500 λογιζόμενος
782 5443 795 5455 ·
838 5426 977 5496 μετὰ
1007 5427 1065 5478 τὸ
1094 5425 1348 5490 δέξασθαι
1383 5420 1472 5478 διὰ
1498 5427 1597 5496 τῆς
1629 5427 1865 5498 φυσικῆς

235 5525 526 5598 θεωρίας
561 5520 659 5590 τὴν
703 5518 865 5588 φύσιν
896 5518 1001 5571 τῶν
1031 5518 1262 5588 ὁρατῶν,
1309 5519 1434 5580 τοὺς
1462 5519 1519 5571 ἐν
1552 5519 1688 5588 αὐτῇ
1720 5518 1864 5572 θειο-

227 5619 468 5692 τέρους
505 5609 764 5678 καθάπερ
793 5608 940 5679 δῶρα
979 5607 1056 5678 τῷ
1105 5607 1292 5678 Κυρίῳ
1318 5609 1387 5661 δι’
1418 5607 1584 5661 αὑτοῦ
1626 5625 1862 5677 προσκο-

2034 5071 2121 5125 99.
2157 5069 2261 5136 Qui
2293 5067 2524 5124 actionis
2545 5066 2849 5130 laboribus,
2885 5083 2948 5122 ac
2973 5063 3176 5137 quibus
3202 5055 3378 5122 virtus
3403 5083 3535 5136 prae-

1963 5169 2162 5225 statur,
2203 5168 2397 5214 nactus
2447 5167 2550 5223 est,
2598 5165 2658 5212 ut
2710 5168 2965 5226 tanquam
3017 5157 3340 5222 Jerusalem,
3387 5167 3540 5213 tran-

1965 5250 2120 5320 quilli
2145 5249 2312 5303 animi
2344 5256 2407 5304 ac
2431 5247 2808 5319 imperturbati
2843 5248 3090 5302 habitum
3118 5249 3298 5316 colat;
3324 5248 3393 5303 ab
3420 5266 3541 5304 om-

1969 5342 2138 5412 nique
2197 5341 2336 5394 liber
2387 5341 2596 5410 peccati
2654 5337 2932 5400 molestia,
2979 5355 3142 5392 unam
3195 5332 3540 5396 solummodo

1971 5447 2159 5502 pacem
2193 5439 2248 5486 et
2273 5431 2386 5501 agit
2416 5439 2472 5486 et
2502 5431 2764 5501 loquitur,
2799 5430 3059 5500 auditque
3081 5442 3136 5484 et
3157 5431 3386 5502 cogitat;
3421 5437 3541 5500 post

1973 5531 2251 5591 acceptam
2282 5522 2519 5575 naturali
2547 5520 2938 5590 speculatione,
2981 5536 3165 5574 rerum
3199 5522 3374 5576 oculis
3415 5520 3542 5575 sub-

1967 5612 2238 5682 jectarum
2283 5620 2558 5677 naturam,
2599 5611 2898 5667 diviniorcs
2942 5611 2997 5665 in
3045 5626 3108 5665 ea
3155 5611 3392 5666 rationes
3423 5619 3542 5665 tant

317 5795 380 5831 τε
408 5790 470 5848 Π
518 5785 702 5843 Paral.
731 5794 898 5850 xxxii,
928 5775 1019 5839 23.

621 5881 890 5940 ΡΑτιιοι..
924 5877 1041 5935 (in.
1086 5875 1199 5934 XC.

3135 5873 3212 5932 'tO
