4020 6394
316 331 445 398 1161

986 334 1320 396 CAPITUM
1360 329 1782 402 QUINQUIES
1821 325 2342 394 CENTENORUM
2381 333 2767 396 CENTURIA
2806 335 2920 398 IlI.

3420 339 3557 404 12172

313 445 616 520 βρωμάτων
647 449 745 500 ούκ
774 448 962 509 ὄντων,
991 451 1091 502 οὐκ
1121 448 1272 502 ἔσται
1305 447 1719 518 γαστριμαργία
1739 463 1752 477 ·
1787 447 1882 500 καὶ

1994 445 2139 500 modi
2185 446 2377 512 fuerit,
2409 461 2530 518 qum
2561 449 2614 503 in
2646 466 2867 505 sensum
2899 453 3078 518 cadat,
3115 465 3385 524 nusquam
3431 465 3558 526 pas-

311 537 510 612 χρυσοῦ
552 538 624 608 μὴ
679 539 852 605 ὄντος,
907 539 1007 592 οὐκ
1057 541 1210 595 ἔσται
1258 540 1612 610 φιλαργυρία.
1666 537 1876 591 Ούκούν

312 635 488 701 πάσης
519 631 797 699 ὲμπαθοῦς
830 635 1094 700 κινήσεως
1133 632 1238 684 τῶν
1270 634 1328 684 ἐν
1357 633 1486 700 ἡμῖν
1522 629 1762 698 φυσικῶν
1789 629 1878 680 δυ-

309 723 522 790 νὰμεων
572 722 727 792 ἄρχει
772 723 831 775 τὸ
886 723 1159 793 αἰσθητὸν,
1192 725 1379 791 ἣγουν,
1434 723 1501 774 δι’
1554 719 1718 773 αὐτοῦ
1781 719 1877 787 τὴν

307 811 485 882 ψυχὴν
507 812 824 882 διερεθίζων
853 813 989 884 πρὸς
1025 815 1300 884 ἁμαρτίαν
1324 813 1554 882 δαίμων.

1982 537 2064 591 sio
2100 553 2162 592 ac
2188 537 2415 594 allectus
2444 549 2546 593 est.
2579 541 2692 594 Nisi
2719 542 2863 596 enim
2906 545 2975 596 sit
3011 545 3226 611 mulier,
3257 561 3436 616 neque
3477 557 3562 602 est

1983 627 2275 683 fornicatio
2305 648 2316 682 :
2351 645 2412 684 ac
2443 632 2545 684 nisi
2579 633 2686 685 cibi
2728 634 2856 698 sint,
2888 650 2998 688 non
3029 637 3133 689 erit
3159 639 3281 706 gula
3323 639 3560 693 ventris-

1984 737 2092 788 que
2125 721 2429 790 ingluvies:
2461 723 2563 776 nisi
2613 735 2806 778 aurum
2854 726 2952 788 sit,
3003 739 3109 780 nun
3154 730 3260 782 erit
3309 730 3555 784 avaritia.

1985 809 2176 865 Omnis
2211 813 2378 881 igitur
2411 813 2642 870 vitiosus
2675 825 2856 871 motus
2890 833 2953 871 ac
2983 818 3308 875 libidinosus
3336 835 3562 875 natura-

308 903 504 958 ralium
567 903 620 956 in
675 904 838 958 nobis
906 904 1141 968 virium,
1210 919 1325 958 rem
1385 902 1573 956 sensui
1646 899 1948 968 subiectam
2009 907 2289 954 auctorem
2362 902 2559 968 habet,
2632 903 2747 959 sive
2815 905 3149 972 daemonem,
3221 921 3319 978 per
3389 912 3561 980 ipsam

306 994 548 1047 animum
579 994 904 1064 prauitatem
938 995 1005 1049 ad
1041 1003 1346 1065 peccatum.

375 1091 439 1143 δ’.
490 1089 552 1140 Ἢ
587 1088 789 1156 τρίψις,
817 1089 915 1159 τὴν
947 1089 1230 1160 ἐνέργειαν
1257 1105 1269 1118 ο
1325 1090 1358 1158 ὴ
1390 1087 1636 1158 ἔκτριψις
1673 1085 1752 1148 δὲ,
1783 1082 1877 1136 καὶ

306 1180 473 1250 αύτὴν
500 1178 752 1248 ἀφανίζει
784 1181 884 1250 τῆς
934 1182 1132 1244 κακίας
1160 1177 1258 1251 τὴν
1305 1179 1622 1249 ἐνθύμησιν.
1657 1176 1724 1228 Ἢ
1780 1175 1878 1245 μὲν

303 1271 414 1343 γὰρ
473 1270 674 1341 τρῖψις,
726 1270 823 1338 τῆς
880 1269 1166 1339 ὲμπαθοῦς
1225 1269 1344 1322 κατ’
1383 1269 1668 1338 ἐνέργειαν
1710 1266 1878 1335 μόνης

303 1361 541 1431 ὑπάρχει
601 1359 852 1429 πράξεως
885 1361 1260 1432 κατάργησις·
1315 1363 1348 1432 ἡ
1382 1360 1438 1413 δὲ
1474 1359 1746 1429 ἕκτριψις,
1783 1355 1879 1409 καὶ

303 1453 412 1506 τῶν
445 1453 586 1506 κατὰ
645 1453 888 1506 διάνοιαν
947 1453 1200 1524 πονηρῶν
1261 1454 1582 1522 κινημάτων
1609 1443 1880 1519 παντελῆς

305 1549 454 1600 ἐστιν
484 1547 813 1616 ἀφανισμός.

373 1647 436 1694 ε’.
480 1641 637 1693 Μὲσα
667 1641 774 1692 εἰσὶ
797 1638 933 1692 Θεοῦ
963 1639 1058 1693 καὶ
1095 1637 1400 1708 ἀνθρώπων
1425 1637 1494 1689 τὰ
1521 1634 1757 1702 αἰσθητὰ
1787 1631 1868 1686 κσ⁸

2054 1083 2106 1134 εί.
2155 1083 2332 1138 Tritio
2379 1085 2461 1154 (ut
2509 1086 2590 1141 sic
2634 1087 2836 1158 dicam)
2879 1091 3293 1159 operationem;
3341 1094 3562 1150 extritio

1983 1177 2190 1240 autem,
2225 1175 2398 1244 ipsam
2430 1194 2648 1248 quoque
2674 1179 2793 1234 vitii
2821 1179 2969 1236 delet
2992 1184 3399 1254 cogitationem.
3428 1186 3560 1242 Nam

1983 1265 2135 1318 tritio
2165 1267 2407 1335 quidem,
2442 1269 2614 1324 solius
2649 1269 2862 1326 vitiosae
2894 1285 2958 1326 ac
2986 1273 3293 1330 libidinosae
3335 1277 3389 1330 in
3433 1286 3556 1332 actu

1983 1358 2318 1427 operationis
2347 1359 2648 1414 destructio
2684 1371 2801 1428 est;
2834 1363 3051 1419 cxtritio
3079 1379 3229 1431 vero,
3257 1369 3375 1438 ipsa
3415 1386 3553 1438 quo-

1984 1459 2091 1514 que
2136 1460 2430 1516 pravorum
2481 1450 2646 1503 animi
2701 1462 2946 1506 motuum
2997 1455 3151 1523 plena
3199 1459 3554 1528 absolutaque

1985 1539 2298 1594 exstinctio.

2057 1628 2108 1682 5.
2143 1628 2316 1684 Media
2362 1639 2489 1686 sunt
2521 1633 2691 1687 Deum
2730 1635 2873 1690 inter
2901 1645 2957 1689 ct
2989 1638 3238 1692 homines
3283 1641 3563 1695 sensibilia

301 1731 373 1785 τὰ
412 1733 580 1802 νοητά
608 1748 621 1762 ·
656 1726 730 1785 ὧν
759 1731 1015 1802 ὑπεράνω
1064 1706 1276 1800 γίνεται
1307 1729 1498 1799 χωρῶν
1528 1727 1666 1797 πρὸς
1691 1725 1824 1778 Θεὸν
1851 1725 1879 1775 ὁ

1994 1731 2045 1772 ιε
2089 1719 2491 1791 intelligibilia;
2539 1723 2746 1796 quibus
2797 1744 2952 1782 mens
2998 1727 3236 1784 humana
3278 1729 3345 1784 ad
3394 1732 3565 1784 Deum

303 1823 645 1893 ἀνθρώπινος
674 1822 825 1884 νοῦς·
856 1825 970 1883 τοῖς
999 1822 1096 1892 μὲν
1129 1819 1407 1891 αἰσθητοῖς
1436 1820 1579 1872 κατὰ
1607 1817 1708 1888 τὴν
1739 1818 1878 1887 πρᾶ-

303 1912 390 1980 ξιν
433 1916 507 1986 μὴ
538 1913 916 1984 δουλούμενος,
955 1915 1070 1976 τοῖς
1097 1913 1154 1966 δὲ
1197 1914 1412 1981 νοητοῖς
1440 1912 1582 1965 κατὰ
1609 1910 1708 1981 τὴν
1739 1908 1876 1963 θεω-

306 2004 434 2077 ρίαν
462 2005 708 2074 μηδόλως
737 2003 1134 2074 κρατούμενος.

377 2104 455 2160 ς’.
490 2096 812 2164 Κατήγορος
868 2097 901 2165 ἠ
947 2095 1124 2156 κτίσις
1152 2096 1357 2162 γίνεται
1385 2093 1492 2146 τῶν
1537 2092 1749 2144 ἀσεϐῶν
1781 2092 1879 2144 ἀν-

297 2184 543 2260 θρώπων
567 2203 581 2217 ·
637 2185 726 2238 διὰ
763 2187 864 2254 μὲν
888 2185 998 2238 τῶν
1033 2187 1090 2237 ἐν
1119 2184 1255 2254 αὐτῇ
1289 2183 1486 2250 λόγων,
1541 2181 1632 2234 τὸν
1681 2181 1878 2249 ἑαυτῆς

305 2278 654 2350 κηρύττουσα
684 2277 912 2346 ποιητήν
932 2294 946 2306 ·
981 2277 1070 2330 διὰ
1098 2277 1152 2329 δὲ
1188 2276 1297 2330 τῶν
1327 2277 1384 2330 ὲν
1419 2275 1555 2346 αὐτῇ
1591 2275 1712 2328 κατ’
1741 2267 1881 2336 εἶδος

298 2373 537 2425 ’ἕκαστον
567 2369 812 2440 φυσικῶν
835 2371 1034 2438 νόμων,
1067 2370 1200 2440 πρὸς
1229 2367 1430 2440 ἀρετὴν
1461 2364 1882 2434 παιδαγωγοῢσα

300 2463 398 2515 τὸν
441 2459 752 2531 ἄνθρωπον.
801 2461 864 2510 Οί
903 2462 1002 2529 μὲν
1028 2455 1123 2512 οὖν
1153 2459 1324 2524 λόγοι,
1358 2459 1416 2511 ὲν
1449 2459 1516 2527 τῇ
1554 2459 1752 2526 συνοχῇ
1785 2455 1884 2524 τῆς

304 2549 399 2605 τοῦ
433 2549 551 2602 καθ’
575 2549 803 2602 ἕκαστον
831 2549 1003 2609 εἴδους
1019 2547 1379 2618 γνωρίζονται
1408 2546 1769 2617 μονιμότητος
1796 2543 1880 2623 (θ’

301 2643 353 2695 oi
388 2641 449 2694 δὲ
476 2642 654 2712 νόμοι,
682 2642 742 2694 ἐν
766 2643 829 2712 τῇ
860 2641 1152 2706 ταυτότητι
1189 2639 1474 2708 φαίνονται
1503 2637 1601 2706 τῆς
1630 2636 1725 2690 τοῦ
1759 2635 1882 2689 καθ’

300 2731 540 2784 ’ἑκαστον
578 2730 750 2791 εἴδους
779 2730 1015 2798 φυσικῆς
1066 2729 1374 2800 ἐνεργείας·
1431 2723 1514 2790 οἷς
1547 2727 1620 2799 μὴ
1658 2725 1885 2779 ἐπιϐάλ-

304 2821 493 2884 λοντες
519 2821 661 2874 κατὰ
693 2819 790 2892 τὴν
819 2821 876 2874 ὲν
895 2822 1030 2890 ἡμῖν
1057 2819 1251 2891 νοερὰν
1280 2817 1527 2887 δύναμιν,
1557 2818 1657 2886 τήν
1685 2833 1746 2869 τε
1774 2814 1884 2868 τῶν

299 2911 479 2965 ὖντων
505 2910 850 2982 ὴγνοήσαμεν
880 2907 1082 2977 αἰτίαν,
1113 2911 1208 2965 καὶ
1230 2910 1366 2963 πᾶσι
1395 2911 1508 2972 τοῖς
1544 2906 1697 2978 παρὰ
1724 2904 1884 2975 φύσιν

309 3002 768 3074 προστετήκαμεν
795 3000 1013 3054 πάθεσι.

375 3092 447 3158 ζ’.
480 3093 643 3164 Δῶρα
669 3093 747 3163 τῷ
772 3093 890 3163 Θεῷ
924 3091 1333 3163 προσφέρεσθαι
1358 3091 1489 3162 παρ’
1522 3090 1680 3162 ἡμῶν
1726 3091 1757 3144 ὀ
1803 3083 1890 3140 λό-

306 3200 403 3252 γος
442 3181 834 3248 διακελεύεται,
872 3183 959 3236 ἵνα
995 3184 1325 3254 παραστήσῃ
1353 3184 1416 3236 τὸ
1446 3184 1544 3253 τῆς
1575 3182 1727 3246 θείας
1749 3182 1888 3250 ἀγα-

301 3275 538 3347 θότητος
582 3276 833 3347 ἄπειρον,
874 3277 950 3338 ὡς
983 3275 1152 3346 μηδὲν
1183 3275 1714 3348 προεισενεγκούσης
1743 3274 1892 3343 δέχε-

303 3368 440 3424 σθαι
467 3370 598 3438 παρ’
629 3368 788 3439 ἡμῶν
817 3366 892 3430 ὡς
921 3368 1072 3439 δῶρα
1091 3365 1177 3421 ’τὰ
1221 3369 1454 3437 δόματα,
1505 3369 1566 3421 τὸ
1611 3370 1716 3422 πᾶν
1756 3369 1890 3437 ἡμῖν

304 3458 676 3530 λογιζομένης
702 3460 800 3529 τῆς
832 3459 1116 3530 είσφορᾶς,
1157 3459 1359 3531 πολλὴν
1389 3460 1486 3513 καὶ
1514 3460 1722 3528 ἄφατον
1750 3456 1889 3512 εἶναι

308 3552 445 3621 περὶ
477 3551 624 3620 ἡμᾶς
653 3549 913 3605 δεικνύων
968 3549 1064 3603 τού
1111 3549 1250 3604 Θεοῦ
1284 3551 1388 3621 τὴν
1418 3551 1759 3622 ἁγαθότητα,
1802 3551 1889 3602 δε-

304 3642 548 3714 χομένου
595 3642 669 3704 ὡς
705 3643 863 3712 ἡμῶν
906 3642 973 3694 τὰ
1005 3641 1222 3704 ἑαυτοῦ,
1257 3643 1314 3708 ἐξ
1348 3643 1508 3714 ἡμῶν
1537 3642 1686 3712 αὐτῷ
1719 3653 1891 3712 προσ-

307 3734 615 3805 φερόμενα,
648 3735 746 3785 atat
772 3733 872 3805 τὴν
901 3733 1041 3804 ὑπὲρ
1075 3735 1256 3788 αὐτῶν
1295 3733 1371 3798 ὼς
1403 3733 1707 3806 ἀλλοτρίων
1737 3733 1890 3802 ὀφει-

303 3823 404 3896 λὴν
431 3823 842 3896 ὁμολογοῦντος.

380 4002 460 4078 η’.
499 4005 556 4058 Ὀ
586 4003 843 4075 ἄνθρωπο
856 4021 895 4069 ς,
926 4006 1054 4067 τοὺς
1104 4005 1511 4074 πνευματικοὺς
1534 4003 1647 4057 τῶν
1677 4005 1893 4076 ὁρωμέ-

311 4115 418 4152 νων
461 4098 655 4164 λόγους
705 4097 1004 4163 κατανοῶν,
1055 4097 1385 4161 διδάσκεται,
1421 4097 1498 4160 ὡς
1527 4096 1642 4150 ἐστι
1670 4113 1755 4161 τις
1788 4098 1896 4151 τῶν

311 4189 664 4259 φαινομένων
696 4189 928 4256 ποιητής
953 4205 969 4221 ο
1001 4188 1100 4259 τὴν
1129 4188 1225 4241 τοῦ
1264 4187 1446 4252 ὁποῖός
1479 4189 1629 4241 ἔστιν
1659 4187 1892 4255 ἔννοιαν,

1979 1812 2269 1879 accedens,
2303 1817 2555 1884 superior
2582 1818 2764 1872 evadit
2798 1837 2810 1871 :
2845 1820 2990 1888 quod
3034 1821 3241 1874 scilicet
3285 1822 3566 1876 sensibili-

1981 1901 2083 1957 hus
2119 1915 2218 1974 per
2244 1907 2520 1962 actionem
2568 1925 2678 1963 non
2714 1911 2937 1974 serviat,
2971 1927 3073 1965 nec
3119 1911 3232 1965 ullo
3271 1912 3434 1966 modo
3466 1927 3567 1982 per

1982 1998 2411 2065 speculationem
2445 1997 2884 2071 intelligibilihus
2909 2001 3159 2056 devincta
3199 2003 3422 2057 hmrcat.

2037 2089 2102 2142 -6.
2134 2081 2394 2145 Creatura
2427 2092 2731 2146 acCusatrix
2775 2101 2860 2146 est
2907 2091 3199 2162 impiorum
3246 2087 3563 2147 hominum;

1981 2181 2184 2249 quibus
2232 2181 2499 2236 instructa
2551 2182 2858 2237 rationibus
2905 2191 3008 2248 est,
3061 2183 3356 2238 Auctorem
3404 2198 3566 2238 suum

1980 2273 2315 2342 prmdicans;
2363 2273 2820 2343 naturalibusque
2861 2274 3163 2328 secundum
3206 2275 3418 2344 species
3451 2273 3567 2328 sin—

1983 2364 2138 2435 gulas
2160 2364 2213 2420 in
2236 2380 2297 2420 ea
2325 2361 2556 2436 legibus,
2589 2365 2870 2421 hominem
2899 2365 2969 2421 ad
2997 2363 3252 2421 virtutem
3285 2366 3568 2422 erudiens.

1983 2455 2245 2509 Rationes
2283 2457 2499 2526 itaque,
2538 2459 2592 2512 in
2627 2471 3082 2527 quarumcunque
3134 2458 3441 2529 specierum
3489 2465 3570 2512 at-

1983 2561 2090 2614 que
2113 2561 2370 2616 generum
2394 2549 2653 2604 continua
2677 2543 2838 2620 559
2856 2550 3203 2619 pcrennitatc
3230 2545 3568 2603 noscuntur:

1983 2637 2132 2707 leges
2168 2655 2314 2704 vero,
2362 2640 2417 2694 in
2466 2641 2657 2696 eadem
2687 2641 2889 2710 speciei
2931 2642 3196 2711 cujusque
3245 2649 3308 2694 ac
3351 2641 3571 2710 generis

1983 2730 2221 2783 naturali
2263 2729 2581 2799 operatione
2627 2732 2950 2786 eluccscunt
2979 2748 2993 2784 :
3019 2731 3221 2800 quibus
3254 2728 3570 2800 intelligen-

1984 2819 2071 2875 dis
2097 2820 2323 2874 minime
2348 2821 2672 2877 adhibentes
2705 2819 2970 2886 animum,
2999 2835 3124 2876 cum
3146 2824 3439 2876 Auctorem
3485 2839 3572 2877 re-

1987 2924 2109 2962 rum
2146 2910 2516 2974 nescivimus,
2565 2917 2680 2963 tum
2734 2908 3138 2964 innaturalibtts
3178 2909 3391 2964 cunctis
3420 2907 3571 2964 vitiis

1986 3014 2053 3055 ac
2085 3001 2376 3056 aﬁoctibus
2403 3001 2762 3056 intabuimus.
2945 2993 2953 3000 ’

2060 3092 2112 3145 7.
2145 3087 2309 3147 lubet
2351 3089 2656 3162 Scriptura,
2699 3100 2759 3146 ut
2797 3089 2912 3146 Deo
2940 3091 3081 3146 dona
3111 3087 3430 3156 oﬂ‘eramus,
3463 3107 3572 3160 quo

1990 3194 2188 3252 nempe
2219 3181 2490 3236 infinitam
2529 3182 2727 3237 divina:
2771 3182 3034 3236 bonitatis
3063 3177 3457 3236 abundantiam
3487 3197 3575 3234 re-

1990 3281 2310 3342 praesentet;
2339 3285 2479 3343 qum,
2516 3278 2775 3342 tanquam
2812 3268 2948 3327 nihil
2979 3271 3132 3342 prior
3153 3273 3272 3343 ipsa
3301 3272 3570 3334 intulerit,

1989 3365 2069 3418 sic
2099 3381 2128 3418 a
2163 3365 2322 3420 nobis
2355 3379 2584 3419 munera
2631 3364 2884 3434 accipiat,
2934 3374 3192 3432 tanquam
3230 3379 3360 3417 vere
3405 3363 3571 3428 dona,

1991 3462 2274 3524 totumque
2309 3456 2454 3524 quod
2496 3453 2801 3517 inferimus,
2827 3463 3113 3522 acceptum
3143 3452 3304 3506 nobis
3337 3452 3570 3516 referat;

1989 3546 2283 3617 plurimam
2312 3548 2524 3600 scilicet
2555 3559 2619 3600 ac
2649 3544 2986 3600 inctl'abilem
3008 3559 3137 3614 erga
3161 3551 3263 3598 nas
3290 3542 3388 3596 Dei
3419 3543 3577 3597 beni-

1991 3637 2254 3707 gnitatem
2289 3639 2617 3702 ostendens,
2671 3638 2764 3708 qui
2802 3649 2899 3702 ea,
2944 3652 3066 3706 qua:
3113 3647 3211 3690 sua
3258 3643 3417 3701 sunt,
3455 3643 3576 3688 tan-

1993 3737 2154 3798 quam
2187 3737 2375 3783 nostra
2417 3739 2481 3784 et
2512 3730 2674 3784 nobis
2714 3729 2898 3783 oblata
2932 3727 3214 3797 suscipiat,
3247 3741 3415 3797 seque
3449 3727 3574 3781 illo-

1992 3833 2115 3872 rum
2143 3817 2388 3884 nomine,
2419 3833 2483 3872 ac
2515 3817 2560 3872 sl
2599 3819 2777 3874 aliena
2803 3827 3009 3884 essent,
3035 3817 3223 3872 debito
3247 3817 3575 3873 obstrictum

1994 3909 2317 3979 proﬁteatur
2351 3920 2516 3979 atque
2546 3918 2826 3980 agnoscat.

2065 3997 2119 4052 8.
2158 3999 2354 4065 Homo,
2405 3999 2680 4068 spiritales
2727 4011 2912 4054 rerum
2947 3997 3366 4069 aspectabilium
3411 3997 3579 4053 ratio-

1995 4104 2094 4144 nes
2125 4085 2504 4156 considerans,
2532 4105 2653 4145 esse
2696 4089 2934 4160 aliquem
2972 4103 3160 4144 rerum
3205 4089 3422 4144 illarum
3470 4087 3580 4142 Au-

1994 4189 2204 4236 ctorem
2236 4181 2467 4237 docetur
2496 4200 2509 4235 :
2542 4182 2795 4252 quisnam
2828 4193 2963 4237 vero
3003 4182 3094 4238 ille
3128 4181 3201 4236 sit
3228 4182 3457 4252 ejusque
3491 4180 3580 4234 in-

258 4322 264 4328 .
311 4282 386 4344 ὼς
420 4283 719 4350 ἀνέφικτον
749 4281 908 4350 ἀφεὶς
935 4281 1314 4346 ἀνεξέταστον.
1339 4282 1456 4352 Τὴν
1482 4282 1594 4354 γὰρ
1621 4282 1704 4336 ὅτι
1731 4278 1888 4355 Ποιη·

1998 4275 2378 4346 telligentiam,
2402 4283 2464 4329 ut
2492 4290 2655 4345 quam
2682 4274 2901 4344 assequi
2932 4289 3043 4330 non
3083 4273 3277 4344 possit,
3319 4273 3582 4327 intactam

312 4375 436 4446 τὴς,
473 4373 586 4426 ἀλλ’
615 4373 714 4444 οὐχ
757 4374 942 4437 ὁποῖός
974 4375 1123 4427 ἐστιν
1151 4375 1184 4427 ὁ
1228 4375 1481 4446 ποιητὴς,
1512 4375 1764 4448 ὁρωμένη
1798 4391 1888 4428 σας

2001 4369 2282 4438 relinquit.
2311 4368 2469 4435 Quod
2495 4368 2643 4423 enim
2671 4367 2744 4423 sit
2769 4363 3060 4430 Conditor,
3091 4364 3239 4420 haud
3279 4377 3412 4419 vero
3457 4359 3583 4432 quis

314 4465 435 4534 φῶς
472 4465 506 4536 ἡ
538 4463 740 4529 κτίσις,
773 4465 1003 4536 παρέχει
1039 4465 1366 4537 κατάληψιν.

1999 4460 2090 4515 ille
2118 4468 2173 4516 et
2203 4461 2401 4530 qualis,
2447 4467 2510 4514 ut
2547 4458 3099 4529 comprehendamus,
3128 4463 3380 4512 creatura
3407 4454 3584 4510 oculis

1998 4553 2211 4622 objecta
2239 4551 2526 4608 manifeste
2557 4551 2772 4607 tribuit.

387 4639 459 4693 0'.
484 4640 504 4662 ‘
548 4639 717 4711 Ὀργὴ
747 4630 884 4694 Θεοῦ
931 4641 1105 4704 ἐστιν,
1139 4643 1176 4712 ἡ
1213 4641 1321 4695 τῶν
1356 4643 1888 4713 παιδαγωγονμένων

2069 4641 2122 4698 9.
2156 4643 2245 4698 lr‘a
2290 4644 2388 4698 Dei
2433 4651 2550 4709 est,
2601 4655 2795 4698 eorum
2823 4642 2920 4713 qui
2950 4641 3271 4712 'puniuntur
3321 4635 3585 4692 molestus

317 4731 584 4794 ἐπίπονος
609 4730 880 4799 αἴσθησις.
925 4732 1212 4794 Ἐπίπονος
1240 4731 1295 4784 δὲ
1327 4731 1666 4804 καθέστηκεν
1701 4733 1888 4804 αἴσθη-

2000 4735 2286 4806 dolorique
2329 4737 2656 4807 Coniunctus
2685 4749 2897 4790 sensus.
2946 4733 3046 4788 Hic
3085 4745 3240 4794 vero,
3275 4729 3586 4784 involunta.

321 4840 429 4888 σις,
461 4824 496 4893 ἡ
525 4822 635 4878 τῶν
668 4823 941 4876 ἀκουσίων
970 4829 1144 4876 πόνων
1179 4823 1556 4893 ἐπαγωγὴ,δι’
1587 4820 1656 4896 ἦς
1685 4825 1777 4879 τὸν
1802 4828 1888 4879 ἔπ¹

2001 4827 2213 4882 riorum
2235 4827 2487 4882 laborum
2514 4828 2663 4882 illata
2690 4827 2774 4880 vis
2796 4835 2900 4892 est,
2932 4841 3038 4896 qua
3066 4825 3333 4887 animum,
3363 4819 3585 4875 virtutis

319 4912 495 4983 ἀρετῇ
527 4912 623 4965 καὶ
659 4912 859 4980 γνώσει
916 4911 1280 4980 φυσιούμενον
1329 4911 1476 4979 νοῦν,
1520 4913 1549 4965 ὁ
1599 4913 1732 4976 Θεὸς
1776 4916 1888 4983 ἄγει

2003 4916 2227 4973 nomine
2253 4933 2319 4972 ac
2347 4917 2591 4972 scientiae
2630 4917 2900 4980 inﬂatum,
2931 4917 2998 4970 ad
3026 4929 3221 4969 sensus
3260 4911 3584 4967 modestiam

321 5001 588 5064 πολλάκις
618 5002 754 5071 πρὸς
785 5000 1044 5069 συστολὴν
1077 5001 1171 5053 καὶ
1200 5001 1551 5057 ταπείνωσιν·
1585 5005 1748 5059 αὑτὸν
1775 5007 1888 5059 ὲαυ·

2005 5019 2062 5065 et
2083 5009 2447 5065 humilitatem
2492 5008 2642 5064 haud
2673 5023 2797 5063 raro
2839 5009 2984 5063 Deus
3028 5006 3285 5072 adducit;
3323 5012 3591 5074 praestans

322 5090 418 5144 τοῦ
473 5089 728 5158 γενέσθαι
779 5089 954 5153 διδοὺς
999 5089 1370 5162 ὲπιγνώμονα,
1414 5093 1510 5147 καὶ
1560 5094 1660 5163 τῆς
1696 5097 1888 5163 οἰκείας

2006 5109 2070 5156 ut
2101 5101 2340 5170 seipsum
2369 5108 2647 5171 agnoscat,
2685 5114 2949 5170 suamque
2982 5097 3356 5153 inﬁrmitatem
3387 5094 3593 5150 intelli-

393 5271 410 5293 '
441 5265 530 5326 Cf.
583 5267 652 5326 ad
685 5261 936 5324 Thalass.
970 5284 1027 5339 ιι.
1071 5269 1165 5334 52,
1231 5277 1300 5324 ut
1362 5263 1504 5328 infra
1568 5269 1639 5326 ad
1701 5280 1856 5326 nam.
1923 5273 2012 5327 11.

400 5445 470 5519 (ι)
506 5447 604 5524 Ῥξν
615 5445 693 5514 τῇ
722 5443 962 5524 στίν-οχῇ
986 5442 1093 5524 τῆς
1121 5439 1390 5524 τσΰνιαίν
1415 5437 1678 5524 ἕκαστον
1702 5439 1904 5524 εἴδους

400 5447 470 5519 (ι)
506 5447 693 5514 Ἕν·τῇ
722 5447 962 5514 συνοχῇ
986 5447 1093 5511 τῆς
1121 5447 1230 5499 τοῦ
1260 5447 1390 5499 καθ’
1415 5447 1678 5499 ἕκαστον
1702 5447 1904 5524 εἴδους
2009 5449 2258 5519 acceptio
2292 5455 2396 5513 est,
2443 5455 2508 5504 ut
2546 5457 2636 5504 est
2677 5447 2806 5504 talis
2832 5455 3160 5510 contactus;
3193 5448 3262 5504 de
3289 5463 3399 5517 quo
3424 5447 3584 5506 Suid.

320 5518 758 5598 pc_vmtdtntoc.
788 5516 850 5570 In
883 5517 1134 5598 continua
1162 5515 1634 5598 cujusqueapeciel
1659 5517 1903 5598 ρει-θηρία·
2008 5519 2064 5598 in
2097 5535 2231 5598 voce
2285 5519 2505 5591 συνοχή.
2544 5517 2663 5598 ῌοῐι
2695 5519 2836 5598 bene
2891 5519 3076 5583 Picus,
3131 5515 3410 5598 Sermones
3462 5535 3584 5598 μέγα

2008 5519 2064 5572 in
2097 5515 2231 5574 voce
2285 5519 2505 5591 συνοχή.
2544 5517 2663 5591 Non
2695 5519 2836 5591 bene
2891 5519 3076 5583 Picus,
3131 5515 3410 5591 Sermones
3462 5535 3585 5586 per~

325 5595 460 5660 ta_!_e,
495 5603 586 5641 seu
623 5587 1194 5660 conservatione:q_ua
1226 5585 1438 5660 scilicet
1463 5585 1751 5639 individua
1774 5586 1900 5660 alia
2003 5591 2273 5660 cipiuntur
2346 5585 2656 5644 exmsolida
2708 5589 3066 5659 cujuscunque
3135 5588 3327 5660 speciei
3408 5585 3583 5645 οοΙισκ

317 5657 454 5710 aliis
489 5658 753 5712 continua
777 5656 920 5711 serie
936 5653 1241 5710 succedunt
1260 5669 1324 5708 ac
1354 5655 1669 5724 cohaerent;
1694 5655 1900 5724 quippe
2006 5653 2202 5713 rénlia.
2767 5653 2782 5659 ⁷
2977 5653 2993 5658 ⁷
3160 5653 3166 5661 ’

317 5727 430 5783 alia
463 5743 543 5783 ex
591 5727 721 5782 aliis
766 5725 1035 5792 deducta;
1082 5739 1205 5795 quae
1255 5725 1479 5796 propria
1516 5723 1609 5777 τοῦ
1642 5723 1899 5793 συνεχοῦς
