4020 6406
262 447 393 513 ηδε
481 413 484 417 ’

258 647 438 716 ἴσμεν,
490 647 590 715 τὴν
635 645 742 698 τῶν
798 645 968 698 ὄντων
1013 646 1337 713 συνεκτικὴν
1374 647 1654 718 πρόνοιαν,
1692 644 1832 698 κατὰ

257 737 438 810 κρίσιν
483 737 701 790 δικαίαν
727 739 792 808 τῇ
825 737 1018 790 σπάνει
1061 737 1169 790 τῶν
1213 737 1434 805 ἀγαθῶν
1468 737 1834 792 παιδεύουσαν

258 829 393 898 πρὸς
430 827 876 900 εὐγνωμοσύνην,
906 829 1030 892 τοὺς
1061 829 1153 880 ἐπὶ
1194 832 1260 898 τῇ
1305 829 1536 899 ἀφθονία
1566 828 1674 881 τῶν
1701 829 1836 894 ἁγα-

258 919 367 972 θῶν
390 920 528 989 πρὸς
557 920 649 972 τὸν
674 920 878 991 ταύτης
910 920 1146 990 χορηγὸν
1181 919 1450 988 φανέντας
1483 918 1834 987 ἀγνώμονας,

255 1010 344 1062 διὰ
367 1009 476 1064 τῶν
505 1011 766 1062 ἐναντίων
793 1011 990 1072 αὐτοὺς
1023 1009 1158 1078 πρὸς
1207 1009 1562 1078 συναίσθησιν
1594 1008 1836 1076 ἄγουσαν

256 1103 355 1170 τῆς
389 1100 482 1152 τού
533 1099 894 1170 χαριζομένου
930 1101 997 1153 τά
1043 1100 1181 1153 καλὰ
1226 1099 1597 1168 διαγνώσεως.
1634 1098 1700 1150 ἸΙ
1747 1093 1837 1150 ἐπ’

256 1195 424 1263 ἀρετῇ
456 1193 565 1262 γὰρ
609 1193 807 1262 οἴησις,
843 1189 1306 1261 ἀπαιδαγώγητος
1357 1192 1616 1260 μένουσα,
1652 1188 1714 1241 τὸ
1740 1189 1836 1259 τῆς

257 1285 639 1355 ὑπερηφανίας
677 1286 875 1353 γεννᾷν
915 1284 1128 1352 πέφυκε
1177 1285 1412 1353 νόσημα,
1453 1281 1514 1335 τὸ
1557 1281 1656 1353 τὴν
1685 1284 1834 1334 ἀντι-

257 1378 520 1447 κειμένην
547 1375 626 1446 τῷ
651 1376 772 1446 Θεῷ
799 1375 964 1446 φέρον
986 1375 1246 1431 διάθεσιν.

333 1557 414 1609 ιδ’.
450 1557 508 1609 Ὀ
538 1556 785 1624 οἰόμενος
819 1555 1012 1609 ἐαυτὸν
1045 1555 1436 1626 κατειληφέναι
1468 1555 1528 1607 τὸ
1563 1555 1714 1618 τέλος
1739 1555 1837 1624 τῆς

256 1651 487 1719 ἀρετῆς,
521 1649 775 1719 οὐδαμῶς
821 1649 1048 1719 ζητήσει
1095 1648 1282 1701 λοιπὸν
1312 1648 1410 1718 τὴν
1455 1648 1699 1719 πηγαίαν
1727 1648 1836 1701 τῶν

260 1741 442 1794 καλῶν
475 1742 676 1804 αἰτίαν,
700 1740 880 1809 ἐαυτῷ
912 1740 1058 1809 μόνῳ
1088 1740 1436 1810 περιγράψας
1467 1739 1566 1810 τὴν
1591 1741 1692 1808 τῆς
1717 1741 1838 1806 ἐφέ-

261 1851 401 1896 σεως
423 1833 675 1900 δύναμιν,
723 1833 816 1884 καὶ
846 1832 1008 1884 αὐτον
1039 1834 1136 1902 τῆς
1167 1832 1441 1901 σωτηρίας
1469 1832 1560 1884 τὸν
1585 1833 1709 1902 ὅρον
1743 1831 1832 1898 ὑφ’

260 1923 482 1986 ἐαυτοῦ,
518 1923 662 1992 φημὶ
693 1922 750 1974 δὲ
786 1922 875 1975 τὸν
920 1923 1074 1987 Θεὸν,
1122 1922 1487 1992 ζημιούμενος
1671 1923 1727 1976 ὐ
1776 1924 1833 1975 δὲ

259 2014 364 2080 τῆς
411 2011 605 2064 ἐαυτοῦ
656 2013 783 2083 περὶ
835 2013 905 2066 τὰ
942 2013 1082 2066 καλά
1128 2015 1364 2084 φυσικῆς
1412 2014 1835 2083 συναισθόμενος

261 2102 477 2165 πενίας,
517 2102 578 2154 οὐ
620 2102 850 2155 παύεται
887 2104 1272 2174 προτροπάδην
1309 2105 1521 2175 τρέχων
1573 2105 1711 2174 πρὸς
1747 2105 1838 2158 τὸν

260 2191 449 2244 δοῦναι
475 2192 772 2260 δυνάμενον
797 2194 894 2262 τῆς
928 2194 1137 2258 ἐνδείας
1171 2194 1268 2264 τὴν
1292 2195 1594 2266 πλήρωσιν.

341 2288 421 2333 ιε’.
453 2281 509 2334 ’0
541 2283 640 2351 τὴν
669 2283 922 2353 ἀπειρίαν
948 2284 1046 2353 τῆς
1063 2283 1261 2353 ἀρετῆς
1285 2284 1556 2352 διαγνοὺς,
1582 2285 1841 2338 οὐδέποτε

263 2374 361 2428 τοῦ
413 2375 532 2428 κατ’
577 2374 745 2445 αὐτὴν
783 2376 1017 2429 παύεται
1054 2376 1291 2445 δρόμου,
1326 2377 1412 2430 ἵνα
1456 2377 1538 2446 -μὴ
1589 2377 1842 2446 ζημιωθῇ

261 2467 436 2538 αὐτὴν
466 2467 563 2536 τῆς
587 2467 790 2537 ἀρετῆς
805 2468 902 2534 τὴν
939 2468 1114 2538 ἀρχὴν
1155 2468 1248 2522 καὶ
1276 2469 1338 2520 τὸ
1367 2470 1542 2533 τέλος,
1571 2470 1663 2524 τὸν
1713 2471 1845 2524 Θεὸν

263 2559 436 2626 λέγω,
471 2559 598 2629 περὶ
628 2558 818 2612 ἑαυτὸν
843 2561 1045 2632 στήσας
1073 2563 1171 2632 τὴν
1205 2562 1423 2632 κίνησιν
1452 2565 1549 2633 τῆς
1582 2564 1843 2632 ἐφέσεως*

267 2651 368 2704 καὶ
399 2650 534 2720 λῖὶθῃ
557 2651 793 2720 νομίζων
823 2651 1149 2722 ἐπειλῆφθαι
1175 2654 1272 2722 τῆς
1311 2654 1641 2723 τελειότητος
1662 2696 1676 2722 ,
1715 2656 1846 2708 ὑπο⁶

269 2743 454 2811 μένων
497 2741 588 2794 τοῦ
633 2741 848 2812 ἀληθῶς
874 2743 1025 2806 ὄντος
1067 2743 1165 2814 τὴν
1220 2744 1512 2810 ἔκπτωσιν,
1547 2746 1684 2814 πρὸς
1711 2746 1848 2816 ὅπερ

268 2836 552 2905 ἐπείγεται
596 2835 743 2889 πᾶσα
769 2835 1057 2889 σπουδαίου
1087 2835 1317 2905 κίνησις.

373 3031 445 3088 ς’.
485 3025 695 3079 Γίνεται
725 3025 947 3088 δικαίως
979 3027 1073 3078 ἐπὶ
1100 3027 1189 3080 τὸν
1236 3025 1586 3099 ὑψηλοφρονα
1615 3027 1740 3080 νοῦν
1768 3028 1852 3096 ὀρ-

273 3121 348 3189 γή
378 3134 388 3144 ’
423 3118 719 3187 τουτέστιν,
748 3119 1164 3189 ἐγκατάλειψις,
1194 3120 1336 3173 καθα
1391 3123 1608 3191 εἴρηται
1645 3137 1657 3149 ·
1685 3122 1853 3190 ἤγουν

925 447 1258 506 CAPITUM
1297 446 1719 518 QUINQUIES
1758 439 2280 504 CENTENURUM
2319 443 2705 504 CENTURIA
2745 444 2858 504 lll.

327 560 422 626 ιγ’.
457 554 625 625 ’Ὀρον
651 554 744 608 καὶ
771 556 933 624 νόμον
961 555 1340 626 ἐνυπάρχοντα
1363 557 1506 610 θεῖον
1535 559 1650 620 τοῖς
1677 551 1830 608 οὖσιν
1861 555 1906 611 Α

2010 554 2094 606 l3.
2127 555 2388 625 Regulam
2423 557 2704 625 legemque
2736 555 2973 608 divinam
3004 555 3167 608 rebus
3199 556 3376 609 inesse
3406 556 3511 610 sei-

1936 659 2078 709 mus,
2109 663 2230 715 qua:
2265 647 2476 702 scilicet
2523 663 2610 702 res
2643 647 2887 700 continet
2935 662 2998 700 ac
3041 655 3348 711 conservat,
3379 647 3512 701 Pro-

1937 737 2264 803 videntiam;
2301 740 2452 808 justo
2478 741 2637 808 plane
2662 739 2871 808 judicio
2906 738 3170 791 bonorum
3202 741 3430 808 penuria
3458 750 3513 793 et

1937 837 2176 897 egestate
2223 830 2344 882 illos
2389 831 2755 891 erndientem,
2804 839 2863 883 ut
2907 830 3044 898 grati
3074 831 3239 884 animi
3291 847 3511 885 sensum

1937 927 2238 981 assumant,
2285 919 2378 988 qui
2441 919 2598 974 bonis
2638 920 2942 981 afﬂuentes,
2989 919 3228 987 ipsorum
3269 921 3512 988 largitori

1941 1007 2136 1076 ingrati
2175 1011 2528 1074 exstiterant;
2557 1026 2622 1063 ex
2663 1010 2956 1064 contrariis
3002 1010 3262 1063 nimirum
3308 1010 3361 1063 in
3393 1027 3517 1065 sen-

1939 1115 2060 1152 sum
2091 1099 2364 1166 ducendo,
2393 1102 2531 1171 ejus,
2557 1101 2648 1170 qui
2679 1102 2948 1154 bonorum
2981 1109 3172 1154 auctor
3203 1116 3264 1154 ac
3291 1101 3518 1170 largitor

1939 1187 2028 1240 sit.
2074 1187 2205 1253 Quae
2246 1189 2392 1242 enim
2443 1205 2542 1258 pro
2574 1188 2793 1242 virtutis
2826 1190 3068 1253 nomine,
3121 1189 3299 1243 inanis
3332 1189 3519 1258 opinio

1940 1269 2251 1347 mentisque
2295 1280 2460 1333 elatio
2504 1281 2734 1343 accedit,
2784 1281 2887 1333 nisi
2937 1281 3292 1350 castigatione
3338 1281 3517 1349 aliqua

1939 1380 2286 1434 coerceatur,
2315 1371 2586 1439 superbia:
2608 1372 2860 1424 morbum
2890 1371 3167 1440 (allectum
3193 1373 3380 1442 utique
3408 1373 3520 1425 Deo

1939 1461 2299 1530 contrarium)
2340 1463 2582 1532 proclive
2617 1463 2775 1532 parit.

2013 1555 2096 1606 Μ.
2143 1553 2247 1619 Qui
2296 1569 2354 1608 se
2394 1554 2615 1609 virtutis
2655 1555 2817 1609 linem
2855 1569 3168 1610 assecutum
3200 1555 3355 1626 561
3399 1571 3520 1610 esse

1938 1647 2232 1711 existimat,
2271 1663 2540 1716 nusquam
2570 1647 2830 1716 deinceps
2862 1647 3132 1701 bonormn
3177 1649 3380 1701 fontem
3425 1664 3523 1702 au-

1940 1745 2258 1804 ctoremque
2293 1737 2556 1805 requirat,
2592 1737 2694 1790 sibi
2738 1737 2851 1805 ipse
2891 1736 3348 1790 circumseribcns
3378 1737 3525 1789 desi-

1941 1829 2082 1883 derii
2113 1829 2242 1894 vim,
2272 1845 2478 1897 suoque
2508 1829 2623 1898 ipse
2659 1829 2814 1892 vitio,
2846 1829 3017 1897 ipsius
3039 1828 3232 1882 salutis
3259 1827 3382 1880 linis
3405 1829 3520 1898 (Dei

1941 1922 2222 1992 nimirum)
2267 1924 2536 1992 jacturam
2590 1921 2811 1976 faciens.
2867 1921 2968 1986 Qui
3021 1929 3203 1975 autem
3256 1921 3524 1973 naturalis

1941 2027 2051 2066 sum
2076 2013 2436 2082 paupertatis,
2467 2013 2533 2066 ad
2578 2013 2719 2066 bona
2759 2013 2907 2081 quod
2938 2013 3132 2066 attinet
3173 2029 3237 2066 ac
3270 2013 3520 2075 honesta,

1941 2104 2045 2156 sibi
2074 2105 2187 2173 ipse
2212 2105 2466 2159 conscius
2492 2115 2595 2170 est,
2621 2105 2688 2159 ad
2719 2121 2843 2158 eum
2872 2105 3132 2159 festinare
3173 2120 3282 2158 non
3325 2114 3521 2169 cessat,

1941 2193 2034 2262 qui
2073 2196 2316 2263 penurize
2358 2196 2801 2264 supplementum
2844 2211 2987 2248 unus
3029 2202 3288 2264 praestare
3324 2204 3523 2263 potest.

2018 2286 2102 2337 l5.
2134 2284 2235 2338 Cui
2264 2285 2475 2338 infinita
2510 2285 2733 2339 virtutis
2768 2285 3077 2355 amplitudo
3107 2285 3393 2353 explorata
3416 2292 3524 2348 est,

1945 2375 2013 2429 ab
2043 2377 2164 2446 ejus
2186 2392 2470 2444 nunquam
2511 2392 2676 2431 cursu
2707 2376 2948 2440 desistit,
2981 2392 3051 2430 ne
3076 2377 3206 2446 ejus
3239 2376 3410 2445 ipsius
3432 2376 3529 2444 qui

1947 2473 2168 2526 virtutis
2201 2473 2538 2541 principium
2581 2489 2645 2527 ac
2688 2473 2812 2526 linis
2853 2482 2938 2525 est
2971 2472 3099 2541 (hoc
3143 2480 3248 2535 est,
3283 2471 3400 2541 Dei)
3443 2473 3530 2542 ja-

1946 2574 2160 2618 eturam
2195 2565 2384 2629 faciat,
2431 2565 2548 2635 ipse
2592 2566 2739 2620 circa
2768 2582 2826 2619 se
2858 2563 3120 2618 desiderii
3165 2572 3373 2617 motum
3402 2562 3533 2616 dell-

1948 2657 2158 2710 niens:
2219 2657 2653 2725 imprudensque
2709 2664 2935 2709 nactum
3003 2671 3060 2709 se
3129 2653 3527 2724 perfectione-nt

1947 2749 2244 2813 existimet,
2291 2748 2360 2802 ab
2388 2763 2455 2802 eo
2499 2748 2790 2817 prolapsus
2831 2747 2978 2816 quod
3027 2755 3114 2801 est
3161 2761 3314 2810 vere,
3359 2754 3416 2800 et
3461 2745 3530 2798 ad

1950 2841 2098 2910 quod
2141 2850 2327 2895 motus
2367 2840 2570 2904 onmis,
2609 2839 2751 2909 ejus,
2782 2839 2877 2908 qui
2919 2839 3114 2892 virtuti
3153 2837 3361 2903 studet,
3397 2851 3531 2889 con-

1955 2934 2153 2988 tendit.

2026 3028 2113 3082 16.
2145 3028 2300 3082 ,Ιιιειο
2339 3028 2420 3081 ira
2450 3027 2504 3080 in
2530 3025 2776 3079 animum
2803 3026 2974 3078 altum
3005 3023 3305 3093 sapientem
3355 3019 3538 3074 obtin-

1957 3119 2036 3188 git
2079 3136 2091 3170 :
2154 3133 2355 3188 nempe
2401 3117 2712 3181 derelictio,
2759 3117 2840 3170 uti
2883 3115 3094 3170 dictum
3141 3125 3261 3178 est;
3308 3113 3443 3178 sive,
3479 3120 3540 3166 ut

274 3212 312 3278 ἡ
346 3208 439 3260 τοῦ
472 3208 820 3278 διοχληθῆναι
864 3209 1024 3262 αὐτὸν
1056 3211 1199 3263 κατά
1236 3228 1296 3263 τε
1330 3211 1427 3281 τὴν
1455 3210 1673 3281 πρᾶξιν,
1712 3211 1854 3264 κατά

1959 3211 2202 3266 divexari
2257 3227 2287 3264 a
2335 3210 2682 3265 daemonibus
2733 3224 2798 3262 ac
2850 3209 3076 3263 molesta
3127 3207 3242 3276 pati
3302 3206 3538 3269 sinatur,

276 3317 338 3354 τε
377 3300 474 3370 τὴν
502 3299 734 3370 θεωρίαν
772 3299 876 3352 ὑπὸ
903 3300 1176 3371 δαιμόνων
1201 3301 1548 3373 συγχώρησις
1574 3319 1587 3333 ⁸
1629 3304 1716 3357 ἵνα
1756 3303 1853 3358 λά-

278 3391 376 3462 6η,
400 3391 499 3459 τῆς
532 3391 629 3460 μὲν
656 3391 848 3443 ἑαυτοῦ
879 3395 1112 3462 φυσικῆς
1137 3393 1447 3457 ἀσθενείας,
1480 3393 1852 3464 συναίσθησιν·

275 3484 379 3552 τῆς
407 3482 463 3535 δὲ
494 3483 800 3552 exarto-Jan;
843 3484 1022 3548 αὑτὸν,
1055 3485 1150 3537 καὶ
1211 3488 1272 3536 τὸ
1336 3486 1442 3538 πᾶν
1489 3485 1860 3556 κατορθούσης

273 3577 391 3629 τῶν
417 3575 634 3643 ἀγαθῶν
661 3575 806 3636 θείας
843 3575 1125 3645 δυνάμεώς
1147 3593 1204 3628 τε
1235 3579 1326 3628 καὶ
1352 3577 1593 3646 χάριτος,
1618 3578 1717 3645 τὴν
1737 3580 1859 3631 ἐπί-

273 3685 488 3735 γνωσιν
513 3684 525 3696 ·
565 3668 660 3720 καὶ
688 3666 1021 3736 ταπεινωθῇ.
1051 3667 1240 3736 πόρρω
1269 3667 1546 3730 παντελῶς
1577 3669 1774 3722 ἐαυτοῦ
1802 3669 1862 3722 τδ

270 3760 562 3831 ἀλλότριον
598 3759 690 3812 καὶ
743 3759 893 3828 παρὰ
946 3758 1106 3826 φύσιν
1151 3755 1286 3826 ὕψος
1325 3758 1646 3828 ποιούμενος
1674 3775 1688 3789 ο
1721 3758 1860 3812 ὥστε

278 3854 364 3925 μὴ
395 3852 642 3905 ἐπελθεῖν
680 3852 767 3903 ἐπ’
800 3849 962 3903 αὑτὸν
987 3851 1085 3920 τὴν
1115 3849 1280 3920 ἄλλην
1301 3849 1488 3920 ὀργὴν,
1521 3851 1619 3921 τῆς
1651 3851 1758 3903 τῶν
1781 3851 1866 3904 δο-

275 3946 492 3998 θέντων
522 3941 877 4014 χαρισμάτων
926 3940 1290 4010 ἀφαιρέσεως,
1331 3940 1740 3994 ταπεινωθέντα
1769 3940 1867 3992 καὶ

275 4037 579 4105 γενόμενον
641 4035 738 4104 τῆς
789 4033 882 4087 τοῦ
942 4033 1273 4103 παρέχοντος
1343 4033 1410 4086 τὰ
1477 4033 1618 4086 καλὰ
1680 4049 1865 4086 συναι-

275 4130 552 4202 σθήσεως.

363 4224 449 4286 ις’.
493 4221 550 4274 '0
582 4219 658 4290 μὴ
690 4217 1080 4290 σωφρονισθείς
1108 4216 1186 4286 τῷ
1214 4215 1417 4285 πρώτῳ
1462 4216 1595 4268 εἴδει
1641 4216 1740 4284 τῆς
1773 4216 1868 4286 ὀρ-

277 4315 418 4384 γῆς,
452 4313 620 4382 ἧγουν
673 4307 1129 4378 ἐγκαταλείψεως,
1176 4306 1353 4359 ἐλθεῖν
1393 4306 1530 4376 πρὸς
1591 4306 1860 4359 ταπείνω-

280 4424 399 4467 σιν,
446 4403 791 4474 ἡγησάμενος
838 4399 1008 4470 αύτὴν
1050 4398 1149 4467 τῆς
1197 4397 1366 4468 καλῆς
1415 4397 1871 4466 ἐπιγνωμοσύνης

279 4495 634 4557 διδάσκαλον,
669 4493 767 4564 τὴν
791 4492 959 4562 ἀλλην
985 4491 1194 4560 δέχεται
1235 4489 1420 4557 σαφῶς
1446 4491 1532 4541 ἐπ’
1563 4488 1724 4541 αὑτὸν
1779 4489 1873 4557 ἐρ-

283 4587 532 4660 χομένην
563 4584 750 4658 ὀργὴν,
785 4583 1196 4653 ἀφαιρουμένην
1241 4581 1404 4635 αὐτοῦ
1449 4580 1548 4646 τὴν
1583 4579 1693 4632 τῶν
1718 4597 1873 4650 χαρι-

284 4682 521 4749 σμάτων
569 4679 870 4749 ἐνέργειαν,
905 4677 998 4728 καὶ
1048 4675 1252 4745 ἔρημον
1311 4673 1474 4726 αὑτὸν
1526 4671 1876 4727 καθιστῶσαν

282 4773 395 4842 τῆς
434 4771 568 4833 τέως
592 4768 932 4839 φρουρούσης
964 4766 1264 4836 δυνάμεως.
1300 4764 1528 4834 Ἀφελῶ
1559 4767 1632 4833 γά
1682 4803 1695 4826 ,
1719 4765 1875 4831 φησὶ,

285 4867 405 4920 τὸν
434 4862 706 4932 φραγμὸν
730 4859 938 4924 αὑτοῦ,
974 4858 1102 4929 περὶ
1134 4857 1227 4910 τοῦ
1254 4856 1566 4927 ἀγνώμονος
1597 4852 1819 4928 Ἰσραὴλ
1852 4859 1880 4909 ὁ

288 4958 434 5018 Θεὸς
463 4955 657 5024 λέγων,
701 4953 799 5006 καί
825 4952 996 5006 ἔσται
1024 4953 1112 5016 είς
1140 4950 1476 5020 διαρπαγήν
1507 4966 1520 4982 ·
1554 4949 1655 5003 καί
1699 4953 1878 5004 acade-

290 5047 388 5104 ,ῖῶ
418 5045 525 5099 τὸν
564 5043 768 5112 τοῖχον
795 5041 1003 5106 αὐτοῦ,
1037 5040 1133 5093 καί
1169 5040 1343 5093 ἔσται
1399 5040 1487 5103 είς
1531 5038 1881 5106 καταστάτη-

286 5157 385 5213 μα
416 5156 430 5170 ·
465 5138 560 5193 καὶ
588 5135 797 5202 ἀνήσω
835 5133 941 5186 τὸν
990 5130 1315 5201 ἀμπελῶνὰ
1352 5148 1492 5199 μου,
1522 5129 1622 5183 καί
1666 5132 1738 5184 οὐ
1785 5135 1872 5200 μὴ

295 5230 522 5302 τμηθῇ,
572 5228 715 5285 οὐδὲ
769 5226 852 5297 μὴ
913 5221 1165 5292 σκαφῇ·
1201 5222 1301 5276 καί
1363 5223 1730 5291 ἀναϐήσεται
1785 5225 1874 5285 εἰς

297 5322 496 5378 αὐτὸν
522 5321 602 5386 ὠς
628 5321 712 5384 είς
741 5317 964 5386 χέρσον
1003 5314 1263 5375 ἄκανθα,
1296 5312 1392 5365 καί
1437 5311 1566 5379 ταῖς
1596 5312 1877 5382 νεφέλαις

297 5411 663 5479 ἐντελοῦμαι
689 5409 796 5462 τοῦ
820 5406 905 5476 μὴ
930 5403 1144 5474 ,βρέξαι
1164 5405 1248 5469 είς
1278 5403 1485 5456 αὐτόν.

381 5569 424 5601 ⁸⁸
453 5565 558 5622 lsa.
592 5582 645 5630 γ,
676 5563 729 5628 5,
759 5559 809 5614 6.

384 5703 608 5777 (ωγΥςςιξ
643 5698 880 5777 caveat?“
895 5694 1299 5777 (ἰὴμιοεξμενος.
1319 5691 1504 5777 V‘Ilpse‘
1535 5687 1880 5777 sibinauctﬁor

307 5758 604 5835 amittendi
629 5768 821 5824 salutis
852 5758 1013 5820 linem
1039 5763 1232 5835 (Deum
1276 5758 1508 5835 scilicet)
1540 5759 1768 5828 ejusque
1799 5758 1880 5824 ja-

309 5831 510 5907 ctura.
539 5841 696 5910 Quod
713 5840 792 5894 sic
814 5831 1055 5900 clarum,
1071 5832 1252 5900 Picus,
1277 5831 1400 5898 hoc,
1431 5839 1485 5884 et
1512 5844 1627 5899 seq.
1668 5842 1815 5898 τδρ..
1846 5844 1875 5890 q

1905 4535 1952 4591 Ι)

1962 3312 2077 3357 tum
2127 3303 2276 3373 quod
2321 3304 2388 3357 ad
2435 3303 2732 3368 actionem,
2772 3311 2888 3355 ttnn
2917 3299 3062 3369 quod
3097 3299 3163 3352 ad
3201 3298 3542 3367 contempla-

1962 3397 2169 3451 tionem
2217 3395 2462 3449 attinet:
2515 3409 2626 3463 quo
2656 3389 2894 3456 scilicet,
2930 3390 3204 3445 naturalis
3237 3403 3350 3442 sua:
3389 3385 3544 3440 inllr‘

1962 3487 2173 3541 mitatis
2210 3501 2375 3541 sensu
2429 3494 2714 3555 percepto,
2742 3499 2800 3538 se
2841 3490 3241 3552 protegentem,
3290 3481 3540 3548 bonaque

1961 3580 2144 3634 omnia
2183 3586 2552 3648 prmstantem,
2586 3575 2830 3630 divinam
2859 3574 3161 3644 potentiam
3196 3574 3540 3642 gratiamque

1963 3677 2244 3740 agnoscat,
2270 3677 2328 3722 et
2348 3668 2708 3732 humilietur;
2745 3681 2810 3720 ac
2839 3664 3031 3734 procul
3057 3664 3283 3718 omnino
3303 3663 3540 3716 alienam

1964 3772 2128 3832 atque
2156 3778 2187 3815 a
2205 3768 2419 3814 natura:
2453 3759 2762 3813 rationibus
2787 3757 3204 3819 abhorrentem,
3238 3755 3541 3808 celsitatem

1966 3851 2224 3922 abjiciat;
2273 3865 2344 3904 ne
2383 3849 2489 3903 alia
2523 3849 2604 3902 ira
2653 3849 2731 3902 illi
2775 3845 3153 3916 superveniat,
3190 3860 3296 3914 qua
3333 3843 3544 3897 scilicet

1967 3941 2247 3996 concessis
2271 3940 2434 3995 donis
2465 3939 2661 3993 ablatis
2704 3937 3050 4000 humiliatus,
3095 3935 3150 3988 in
3187 3933 3366 4004 ipsius
3401 3933 3543 3986 bona

1970 4032 2269 4101 praebentis
2305 4045 2528 4085 sensum
2553 4029 2759 4082 veniat.
2865 4032 2869 4036 ’

2043 4212 2130 4263 l7.
2157 4209 2262 4276 Qui
2295 4208 2476 4279 primo
2517 4207 2613 4261 irae
2651 4220 2852 4277 genere
2889 4203 2968 4273 (id
3008 4209 3116 4265 est,
3149 4196 3546 4268 derelictionis)

1974 4300 2200 4354 minime
2247 4298 2576 4353 emendatus
2631 4302 2736 4358 est,
2793 4303 2856 4346 ut
2915 4291 3157 4360 seipsum
3209 4288 3548 4351 humiliaret,

1975 4394 2299 4447 existimans
2326 4390 2514 4460 proba:
2546 4385 2902 4458 gratitudinis
2925 4399 3045 4436 eam
3067 4382 3380 4450 magistram
3407 4394 3551 4442 esse,

1978 4491 2208 4544 alteram
2244 4486 2408 4555 plane
2435 4482 2492 4536 in
2523 4497 2582 4536 se
2621 4480 2938 4534 venientem
2987 4475 3122 4528 iram
3153 4472 3408 4541 excipiet,
3452 4471 3549 4525 do‘

1980 4595 2176 4634 norum
2206 4577 2317 4631 vim
2343 4584 2640 4642 actumque
2670 4570 3035 4630 auferentem,
3062 4566 3440 4630 hactenusquc
3468 4570 3525 4613 tu
3544 4591 3556 4599 -

1982 4682 2095 4726 tum
2142 4684 2268 4724 eum
2302 4674 2598 4736 prmstante
2638 4659 2886 4730 potentia
2920 4667 3083 4726 atque
3113 4654 3337 4715 virtute,
3373 4650 3552 4720 ipsum

1981 4763 2375 4821 denudantem.
2399 4757 2656 4825 Auferam
2676 4751 2847 4813 enim,
2867 4746 3045 4816 inquit
3065 4747 3229 4807 Deus,
3248 4743 3316 4796 de
3340 4741 3553 4809 ingrato

1983 4854 2184 4911 lsraele
2218 4853 2476 4920 loquens,
2505 4861 2680 4915 sepem
2709 4843 2843 4905 eius,
2882 4848 2930 4891 et
2963 4839 3059 4890 erit
3086 4838 3140 4889 in
3171 4833 3516 4902 direptionem
3537 4849 3554 4883 :

1985 4948 2300 5012 diruamque
2322 4940 2606 4995 maceriam
2631 4937 2767 5006 ejus,
2800 4941 2846 4985 et
2872 4933 2970 4984 erit
3001 4932 3053 4982 in
3089 4925 3553 4980 conculcationem.

1990 5040 2056 5093 Et
2086 5035 2384 5103 relinquam
2416 5031 2624 5082 vineam
2665 5039 2858 5085 meam,
2882 5028 2930 5072 et
2961 5035 3062 5072 non
3097 5014 3369 5103 putabitnr
3393 5026 3561 5080 neque

1983 5099 2256 5201 forlietur':
2281 5131 2327 5173 et
2357 5115 2597 5172 ascendet
2627 5115 2681 5166 in
2709 5126 2848 5173 eam,
2871 5115 2928 5160 ut
2967 5106 3020 5158 in
3051 5115 3247 5156 terram
3273 5099 3559 5160 desertam,

1982 5188 2141 5291 spina
2158 5233 2176 5282 ;
2205 5224 2253 5269 et
2281 5210 2500 5267 nubibus
2525 5203 2786 5264 mandabo
2809 5217 2870 5255 ne
2887 5198 3073 5271 pluunt
3095 5210 3254 5264 super
3279 5208 3394 5247 eam
3421 5188 3487 5241 ⁸³.

1989 5698 2156 5751 διείρεο
2214 5671 2734 5751 aﬂiciensjnjuria,
2791 5661 3144 5725 contumelia;
3203 5655 3351 5729 quod
3396 5655 3560 5711 ulmis

1989 5744 2332 5808 crassum'ac
2353 5744 2616 5816 supinant
2647 5745 2752 5794 est.
