4020 6386
361 278 500 343 I269

1028 281 1361 341 CAPITUM
1396 277 1818 350 QUINQUIES
1856 277 2386 337 CENTENORUM-
2415 279 2805 340 CENTURIA
2851 279 2960 338 ΙΙΙ.

3470 273 3606 336 12ἷο

358 391 458 458 τὴν
482 388 826 460 φρουροῦσαν
859 388 955 458 τὴν
984 387 1163 459 ψυχὴν
1198 389 1382 459 χάριν,
1401 387 1498 442 καὶ⁵
1524 386 1733 458 ἔρημον
1768 403 1939 440 κατα-

2060 402 2238 456 tempe
2267 387 2498 456 gratiam
2525 387 2760 441 animam
2796 388 3133 441 munientem
3167 385 3400 448 auferat,
3435 385 3617 454 ingra-

355 480 732 550 λιμπάνουσαν
765 479 857 532 τὸν
885 479 1176 550 ἀγνώμονα
1203 479 1349 534 νοῦν.

425 663 534 723 κγ’.
577 654 746 726 Ὀργὴ
779 657 1047 726 σωτήριος
1069 658 1238 720 ἐστιν,
1273 657 1306 725 ἡ
1341 657 1476 726 πρὸς
1493 657 1552 710 τὸ
1585 654 1939 726 πολεμεῖσθαι

356 749 446 801 τὸν
505 746 858 818 ὑψηλοφρονα
905 748 1029 801 νοῦν
1072 751 1188 812 τοῖς
1222 749 1450 802 πάθεσιν
1484 749 1588 800 ὑπὸ
1612 748 1722 800 τῶν
1755 747 1941 816 δαιμό-

357 856 483 900 νων,
522 839 641 891 θεία
669 839 1015 909 συγχώρησις
1046 857 1058 870 ·
1097 841 1184 893 ἵνα
1204 840 1317 910 γνῷ
1341 841 1564 908 πάσχων
1589 838 1822 908 ἀτίμως,
1851 838 1939 890 ἐπ’

356 929 581 998 ἀρεταῖς
641 929 1178 999 μεγαλαυχούμενος,
1213 929 1296 991 τίς
1344 929 1372 980 ὁ
1422 925 1628 980 τούτων
1700 927 1938 997 ὑπάρχει

355 1017 521 1086 δοτὴρ
547 1034 559 1046 ’
599 1017 631 1088 ἦ
671 1018 896 1089 γένηται
930 1020 1035 1072 τῶν
1080 1019 1382 1090 ἀλλοτρίων
1419 1018 1648 1088 γυμνὸς,
1674 1019 1816 1090 ειπερ
1864 1019 1939 1081 ὡς

361 1109 436 1180 μὴ
467 1108 668 1173 λαϐὼν,
698 1109 842 1180 ἔχειν
867 1110 1108 1180 ἐνόμιζε.

432 1287 526 1338 κδ’.
565 1289 851 1358 Μακάριος
906 1289 1074 1352 ὅντως
1117 1291 1322 1352 ἐκεῖνος
1348 1291 1376 1341 ὁ
1402 1291 1546 1353 νοῦς,
1575 1293 1603 1341 ὁ
1631 1290 1744 1350 τοῖς
1788 1285 1938 1340 οὖσιν

358 1377 563 1431 ἅπασιν
609 1380 906 1442 ὲπαινετῶς
966 1380 1254 1434 ἀποθανών
1287 1398 1300 1410 ·
1333 1383 1446 1443 τοῖς
1481 1380 1580 1448 μὲν
1635 1379 1937 1449 αἰσθητοῖς,

356 1471 424 1538 τῇ
452 1469 710 1523 ἀποθέσει
759 1469 855 1540 τῆς
891 1471 1008 1523 κατ’
1041 1469 1294 1538 αἴσθησιν
1339 1469 1619 1541 ἐνεργείας
1653 1485 1665 1498 ·
1717 1471 1832 1531 τοῖς
1884 1467 1940 1519 δὲ

357 1564 598 1629 νοητοῖς,
631 1563 694 1630 τῇ
745 1561 847 1630 τῆς
893 1562 1089 1629 νοερᾶς
1139 1559 1449 1613 ἀποπαύσει
1510 1561 1798 1628 κινήσεως.
1831 1558 1936 1626 Ση-

360 1651 596 1720 μείωσαι
627 1651 682 1701 δὲ
717 1651 799 1703 ὅτι
830 1649 920 1702 νοῦ
949 1649 1181 1704 θάνατον
1210 1649 1601 1720 ἐπαινούμενον
1631 1649 1814 1714 λέγει,
1839 1645 1937 1715 τὴν

2043 487 2264 546 tamque
2291 488 2531 533 mentem
2565 487 2727 546 atque
2769 478 3076 549 improbam
3113 491 3341 532 vacuam
3379 477 3618 530 derelin—

2042 578 2194 637 qnaL

2110 660 2198 712 25.
2228 660 2312 714 Ira
2330 661 2587 715 salutaris
2611 670 2715 725 est,
2741 662 2926 715 divina
2949 661 3237 730 permissio
3266 658 3619 728 impugnandi

2043 751 2279 803 animam
2314 752 2422 805 alta
2471 752 2773 821 sapientem
2817 752 3338 820 dmmonumopera,
3372 739 3623 817 quilibi-

2042 843 2202 896 dines
2235 851 2400 913 atque
2448 843 2680 897 allectus
2734 844 3106 908 succendant;
3139 852 3200 896 ut
3230 843 3358 895 dum
3389 842 3622 909 turpiter

2042 950 2104 989 ac
2139 935 2498 1005 ignominioso
2529 936 2782 1000 allicitur,
2827 936 2923 1004 qui
2962 935 3225 990 virtutum
3257 933 3477 986 nomine
3505 933 3620 1001 glo-

2044 1025 2313 1091 riabatur,
2342 1027 2562 1080 noverit
2602 1028 2728 1096 quis
2775 1028 2993 1080 illarum
3035 1025 3107 1079 sit
3133 1025 3326 1089 dator;
3353 1033 3446 1077 aut
3475 1029 3622 1076 certe

2043 1118 2240 1171 alienis
2274 1117 2538 1183 nudetur,
2568 1134 2693 1187 qua:
2729 1119 2808 1172 sic
2842 1117 3046 1172 habere
3084 1116 3451 1178 existimabat,
3478 1130 3541 1167 ac
3579 1115 3621 1168 si

2044 1226 2151 1262 non
2192 1211 2520 1279 accepisset.

2111 1300 2200 1353 24.
2229 1299 2429 1354 Beatus
2453 1317 2646 1354 revera
2677 1301 2767 1354 ille
2801 1301 3038 1362 animus,
3076 1299 3164 1367 qui
3194 1298 3409 1351 cunctis
3434 1296 3623 1349 lauda-

2042 1389 2228 1443 biliter
2276 1390 2443 1444 rebus
2476 1402 2730 1444 mortuus
2774 1398 2894 1454 est;
2947 1390 3014 1442 iis
3055 1387 3280 1457 quidem
3311 1402 3432 1454 quae
3460 1400 3624 1438 sensu

2043 1465 2442 1548 percipiuntur,
2468 1480 2679 1550 ahjecta
2721 1480 2993 1534 sentiendi
3021 1478 3374 1547 operatione;
3405 1476 3472 1530 iis
3495 1491 3626 1527 vero

2041 1586 2162 1640 quae
2217 1580 2420 1638 mente,
2473 1573 2783 1626 cessatione
2835 1572 2901 1625 ab
2957 1569 3294 1640 intelligendi
3349 1577 3502 1622 motu
3566 1583 3628 1621 ac

2043 1663 2343 1718 functione.
2369 1664 2682 1718 Notandum
2710 1681 2842 1719 vero
2904 1664 3238 1719 laudabilem
3275 1661 3446 1715 animi
3484 1675 3629 1713 mor-

360 1747 496 1816 πρὸς
533 1746 712 1796 πάντα
742 1745 810 1796 τά
836 1744 965 1796 ὄντα
1006 1743 1294 1812 γνωμικὴν
1328 1742 1654 1810 ἀπογένεσιν
1691 1741 1790 1811 (y),
1823 1739 1940 1809 μεθ’

2058 1772 2154 1809 .em
2203 1757 2503 1824 appellare,
2551 1773 2673 1826 qua:
2717 1758 3000 1811 voluntate
3032 1755 3310 1822 animique
3355 1751 3625 1808 sententia

357 1838 426 1906 ἣν
457 1836 552 1904 τὴν
575 1835 696 1906 Θείᾳ
720 1837 901 1906 χάριτι
938 1835 1082 1906 ζωὴν
1121 1833 1475 1904 ὑποδέχεσθαι
1509 1833 1751 1902 πέφυκεν
1775 1849 1788 1861 ⁸
1817 1831 1937 1884 ἀντὶ

356 1927 470 1979 τῶν
518 1926 708 1991 ὄντων,
738 1927 798 1980 τὸ
841 1929 1012 1982 αἴτιον
1063 1926 1171 1980 τῶν
1211 1926 1380 1979 ὄντων
1435 1925 1769 1995 ἁνεννοήτως
1797 1923 1933 1976 ἀπο-

358 2016 559 2069 λαϐὼν.

435 2212 529 2245 κε.
562 2195 848 2266 Μακάριος
881 2198 908 2248 ὁ
962 2195 1204 2264 συνάψας
1258 2197 1317 2248 τὸ
1361 2197 1458 2264 μὲν
1500 2194 1806 2264 πρακτικὸν
1862 2193 1939 2261 τῷ

358 2285 506 2338 κατὰ
564 2285 728 2354 φύσιν
777 2287 968 2357 ἀγαθῴ
1006 2302 1018 2316 ·
1055 2288 1117 2340 τὸ
1171 2287 1227 2339 δὲ
1279 2285 1635 2357 θεωρητικὸν,
1672 2288 1737 2355 τῇ
1799 2282 1938 2336 κατὰ

357 2373 524 2443 φύσιν
564 2373 813 2443 ἀληθείᾳ.
856 2375 1013 2428 Πᾶσα
1057 2377 1168 2444 γάρ
1220 2372 1440 2444 πρᾶξις,
1473 2373 1560 2426 διὰ
1614 2361 1687 2423 τὸ
1731 2368 1938 2439 ἀγαθὸν

357 2467 606 2533 γίνεσῢαι
644 2467 855 2533 πέφυκε
886 2485 898 2497 ο
929 2468 1022 2519 καὶ
1056 2469 1205 2522 πᾶσα
1237 2467 1457 2533 Θεωρία,
1482 2465 1580 2534 τὴν
1622 2465 1824 2533 γνῶσιν
1852 2463 1938 2516 διὰ

362 2557 532 2627 μόνην
562 2557 716 2628 ζητεῖ
746 2559 844 2628 τὴν
874 2558 1136 2628 ἀλήθειαν
1170 2575 1184 2586 '
1219 2551 1292 2611 ὧν
1330 2558 1724 2609 διανυσθέντων
1745 2599 1758 2622 ,
1784 2556 1940 2610 οὐδὲν

357 2648 515 2702 ἔσται
554 2650 838 2703 τὸσύνολον
879 2651 939 2703 τὸ
967 2649 1204 2720 πλῆττον
1238 2650 1336 2718 τῆς
1373 2648 1553 2718 ψυχῆς
1588 2649 1648 2700 τὸ
1701 2665 1932 2719 πρακτι-

359 2741 480 2806 κὸν,
513 2739 637 2792 οὔτε
669 2741 775 2812 μὴν
802 2742 864 2795 τὸ
899 2741 1237 2812 θεωρητικὸν
1271 2743 1465 2809 αὐτῆς,
1491 2739 1578 2793 διὰ
1620 2740 1785 2803 ξένων
1819 2739 1938 2808 δρι-

365 2831 565 2901 μύττον
615 2831 992 2902 Θεωρημάτων
1028 2849 1040 2862 ο
1085 2833 1287 2896 παντὸς
1333 2833 1588 2885 ἐπέκεινα
1642 2830 1940 2899 γενομένης

362 2922 462 2976 καὶ
491 2921 665 2988 ὄντος,
705 2923 799 2977 καὶ
830 2924 1148 2996 νοουμένου,
1185 2925 1281 2977 καὶ
1319 2926 1400 2986 εἰς
1426 2924 1590 2977 αὑτὸν
1613 2922 1942 2991 εἰσδυσάσης

2044 1855 2148 1909 est,
2187 1860 2317 1915 erga
2352 1859 2439 1900 res
2464 1861 2656 1901 omnes
2677 1847 2832 1916 quasi
2864 1846 3148 1899 decessum
3173 1858 3234 1920 ac
3260 1840 3622 1904 desitionem;

2043 1944 2355 2005 postquam,
2405 1953 2529 2005 qure
2587 1954 2685 2006 per
2733 1937 2965 2007 gratiam
3023 1944 3130 1999 est,
3205 1934 3370 1987 vitam
3460 1932 3629 1984 habet

2044 2027 2356 2095 suscipere;
2385 2042 2568 2081 rerum
2607 2028 2748 2093 loco,
2785 2028 2964 2096 ipsum
2998 2039 3183 2078 rerum
3215 2023 3510 2078 Auctorem
3541 2035 3627 2074 re-

2044 2115 2285 2182 cipiens,
2309 2131 2418 2184 qua
2441 2131 2606 2169 nemo
2631 2115 2900 2185 intelligat
2927 2116 3159 2168 ratione.

2111 2206 2200 2259 25.
2244 2205 2445 2259 Beatus
2479 2206 2575 2275 qui
2613 2206 2808 2275 agendi
2849 2205 2957 2258 vim
2992 2203 3228 2258 naturali
3268 2201 3414 2254 bono
3452 2213 3626 2267 copu-

2043 2297 2207 2361 lavit;
2242 2297 2458 2366 vimque
2509 2295 2941 2364 contemplandi,
2993 2293 3229 2349 naturali
3277 2291 3499 2344 veritati
3534 2288 3630 2341 ad-

2043 2383 2201 2438 dixit.
2244 2383 2429 2438 Omnis
2472 2383 2622 2437 enim
2667 2383 2832 2447 actio,
2883 2382 3009 2436 boni
3056 2394 3223 2434 causa
3271 2378 3388 2431 fieri
3429 2374 3626 2440 habet,

2045 2476 2338 2543 omnisque
2396 2474 2789 2543 contemplatio
2839 2489 2937 2527 seu
2998 2471 3321 2540 speculatio,
3382 2466 3630 2522 veritatis

2051 2565 2226 2619 solum
2270 2564 2442 2634 gratia
2481 2564 2767 2618 scientiam
2811 2564 3011 2632 qumrit
3047 2581 3060 2614 :
3113 2560 3317 2630 quibus
3366 2557 3630 2612 absolutis

2045 2666 2208 2726 atque
2243 2657 2504 2726 peractis,
2534 2656 2670 2710 nihil
2703 2671 2929 2725 prorsus
2953 2655 3080 2718 erit,
3115 2652 3262 2721 quod
3289 2649 3484 2721 agendi
3517 2647 3628 2700 vim

2044 2746 2212 2800 animi
2247 2747 2429 2815 pulset
2463 2755 2558 2799 aut
2601 2745 2845 2798 oﬂ’endat
2873 2785 2885 2808 ,
2924 2743 3171 2811 nihilque
3205 2740 3352 2809 quod
3385 2735 3629 2808 peregri-

2042 2841 2130 2895 nis
2156 2839 2543 2906 extraneisquc
2589 2853 2652 2890 ac
2694 2837 2851 2890 novis
2894 2832 3324 2889 considerationi
3371 2828 3627 2900 objectis,

2043 2931 2290 3000 ejusdem
2323 2927 2732 2997 contemplandi
2771 2927 2878 2979 vim
2923 2925 3173 2978 mordeat
3205 2939 3268 2976 ac
3293 2928 3583 2988 exasperet
3612 2934 3625 2969 :

360 3011 456 3066 τὸν
484 3015 615 3067 Θεὸν
651 3016 743 3068 τὸν
776 3017 937 3086 μόνον
965 3018 1168 3084 ἀγαθὸν
1210 3019 1304 3071 καὶ
1341 3015 1618 3088 ἀληθινὸν,
1649 3014 1746 3070 καὶ
1802 3014 1942 3087 ὑπὲρ

2058 3037 2171 3076 eum
2205 3020 2490 3084 nimirum,
2516 3025 2778 3089 superato
2806 3017 3076 3087 quidquid
3111 3025 3198 3070 est
3223 3030 3287 3068 ac
3328 3011 3626 3081 cogitatur,

366 3107 548 3160 πᾶσαν
575 3108 765 3162 οὐσίαν
800 3111 928 3164 ὄντα
957 3111 1051 3163 καὶ
1083 3112 1290 3180 νόησιν.

443 3381 555 3439 κς.
585 3376 902 3445 Πρακτικῆς
937 3378 1136 3446 ἀρετῆς
1190 3377 1343 3439 τέλος
1370 3373 1511 3430 εἷναί
1543 3394 1675 3445 φασι
1715 3377 1776 3429 τὸ
1813 3379 1948 3442 ἀγα-

367 3466 487 3520 θόν.
514 3466 684 3519 Τοῦτο
713 3467 790 3532 δὲ,
824 3467 974 3531 θείας
1011 3469 1295 3538 ἐνεργείας
1340 3468 1575 3540 ὑπάρχει
1617 3469 1950 3538 συμπλήρω-

369 3575 480 3621 σις,
513 3558 649 3628 πρὸς
692 3557 757 3628 ἢν
797 3559 920 3626 ἄγει
961 3559 1022 3610 τὸ
1065 3559 1281 3626 λογικὸν
1316 3559 1416 3627 τῆς
1457 3559 1656 3628 ψυχῆς,
1685 3558 1763 3627 τῷ
1793 3557 1950 3628 θυμῷ

370 3649 470 3702 καὶ⁹
531 3651 597 3718 τῇ
663 3649 930 3719 ἐπιθυμίᾳ
993 3650 1275 3720 χρώμενον
1339 3649 1480 3702 κατά
1535 3649 1742 3717 φύσινο
1799 3651 1857 3702 ἐν
1915 3644 1948 3722 ᾖ

369 3741 434 3793 τὸ
459 3739 580 3792 καθ’
614 3739 872 3809 ὁμοίωσιν
905 3739 1300 3808 ἀναφαίνεσθαι
1347 3739 1558 3808 πέφυκε
1591 3741 1794 3803 κάλλος
1823 3739 1895 3810 (z)
1934 3757 1946 3770 ·

371 3832 717 3902 Οεωρητικῆς
770 3831 826 3884 δέ
889 3849 1020 3899 φασι
1055 3832 1397 3900 ,φιλοσοφίας
1444 3829 1583 3884 εἶναι
1644 3831 1742 3902 τὴν
1811 3832 1947 3902 ἀλή-

371 3927 528 3976 Οειαν
554 3965 568 3988 ,
597 3926 749 3986 τέλος
783 3940 798 3954 ⁶
836 3925 958 3994 ἥτις
987 3925 1210 3994 ἀμερῶς
1239 3925 1348 3977 τῶν
1385 3925 1515 3994 περὶ
1532 3924 1666 3976 Θεὸν
1695 3925 1953 3978 ἁπάντων

371 4017 616 4085 ὲνοειδής
645 4019 761 4071 ἐστι
795 4018 1018 4085 γνῶσις,
1050 4016 1186 4086 πρὸς
1235 4017 1302 4085 ἣν
1349 4017 1378 4069 ὁ
1426 4016 1665 4086 καθαρὸς
1726 4017 1953 4086 φέρεται

370 4107 521 4168 νοῦς·
551 4107 864 4170 ἀποσϐέσας
897 4107 1092 4168 ἑαυτοῦ
1121 4105 1400 4169 παντελῶς
1426 4108 1526 4176 τὴν
1550 4109 1669 4159 κατ’
1701 4106 1954 4176 αἴσθησιν

373 4197 558 4268 κρίσιν
592 4217 606 4228 ·
637 4194 755 4271 ὲνῇ
810 4197 1031 4269 (γνώσει
1085 4198 1351 4270 δηλονότι)
1400 4196 1687 4267 ἀκίϐδηλον
1738 4197 1802 4252 τὸ
1857 4200 1955 4268 τῆς

375 4290 530 4354 θείας
560 4291 770 4354 εἰκόνος
799 4291 1014 4361 ἀξίωμα
1035 4291 1330 4344 δείκνυται.

451 4460 553 4526 κζ’.
586 4465 602 4481 ¹
641 4461 830 4524 Οὐδεὶς
855 4461 1076 4515 δύναται
1114 4460 1206 4514 τὸν
1246 4460 1380 4514 Θεὸν
1417 4459 1659 4528 εὐλογεῖν
1710 4459 1947 4530 ἀληθῶς,

463 4599 584 4654 ’Cl‘.
615 4602 680 4655 ad
714 4599 959 4655 Thalass.
991 4617 1045 4670 q.
1082 4601 1169 4656 44.

456 4723 534 4795 (y)
573 4723 875 4795 Τῖινηπρὸς
911 4722 1108 4775 πάντα
1146 4724 1216 4776 τὰ
1250 4723 1394 4775 ὄντα
1453 4723 1758 4795 γνωμικῗίιν
1809 4726 1986 4778 ἀπο--

380 4793 644 4862 γένεσιν.
701 4794 789 4848 Uti
815 4794 1025 4860 γένεσις
1053 4802 1251 4845 natura
1285 4801 1402 4857 est;
1438 4793 1774 4859 οιγίνεσθαι,
1801 4797 1952 4857 oriri,

380 4867 439 4918 in
471 4879 648 4916 rerum
692 4873 943 4915 naturam
971 4863 1224 4932 produci;
1275 4863 1354 4932 sic
1392 4862 1733 4929 ἀπογένεσις,
1770 4864 1956 4916 desilio

382 4943 544 5004 atque
576 4932 816 5004 nihilum.
837 4931 997 5004 All-lens
1016 4947 1146 5004 ergo
1171 4931 1518 5004 laudabiliter
1548 4932 1952 5004 moritur,cum

383 5001 466 5057 sic
503 5019 561 5057 se
593 5002 756 5056 habet
785 5001 852 5055 ad
881 5017 967 5054 res
995 5001 1150 5063 alias,
1209 5017 1293 5056 ac~
1319 5001 1364 5055 si
1415 5015 1484 5053 ne
1514 5010 1658 5054 esset
1696 5003 1954 5070 quidem;

385 5073 534 5142 quod
568 5073 676 5126 illis
703 5071 996 5142 superatis,
1029 5074 1145 5142 uni
1167 5073 1277 5125 Deo
1326 5080 1381 5124 et
1409 5071 1622 5123 auctori
1678 5080 1792 5125 tota
1849 5073 1955 5125 im-

384 5141 789 5212 penditttr.Non
816 5141 946 5195 satis
978 5141 1160 5206 Picus,
1195 5149 1544 5211 spontaneum
1571 5143 1804 5212 omnium
1843 5158 1960 5212 qua:

383 5209 513 5270 sunt
551 5213 943 5282 privationem;
969 5225 1089 5279 quae
1119 5209 1268 5265 esset
1293 5209 1634 5281 paupertatis
1687 5209 1958 5282 definitio,

391 5299 505 5338 non
552 5281 903 5351 excellentia:
966 5283 1086 5351 ejus
1136 5288 1311 5334 status
1346 5321 1360 5344 ,
1441 5294 1604 5351 quem
1692 5281 1969 5351 Maximus

390 5342 638 5474 igtendif
659 5342 1258 5421 describerefilesych.
1312 5342 1727 5418 ἀπογενόμενοι,
1756 5349 1969 5402 ἀποθα-

390 5442 418 5474 ν
449 5439 589 5474 ντες.

311 5448 314 5450 ·
389 5439 589 5486 νοντες.

461 5491 532 5562 (ε)
551 5484 652 5545 Ἔν
666 5484 782 5562 ᾖτὸ
799 5493 929 5546 καθ’
949 5491 1230 5562 ὁμοίωσιν
1246 5489 1678 5562 ἀναφαίνεσθαι
1700 5487 1972 5562 πέφυκεν

389 5559 637 5626 κάλλος.
673 5559 750 5616 ’1η
787 5578 890 5630 quo
943 5561 1319 5630 complementa
1374 5560 1562 5614 divina:
1623 5559 1966 5630 operationis,

389 5633 556 5690 elucet
593 5626 955 5687 similitudinis
987 5626 1178 5684 decor:
1218 5631 1268 5685 id
1303 5631 1450 5700 quod
1493 5638 1576 5684 est
1602 5626 1671 5682 ad
1715 5626 1966 5683 similitu-

2052 3113 2103 3164 in
2129 3111 2309 3181 ipsum
2341 3111 2535 3174 Deum,
2572 3108 2666 3177 qui
2697 3109 2848 3162 solus
2880 3108 3058 3161 bonus
3090 3118 3363 3174 verasque
3389 3109 3494 3163 est,
3517 3113 3632 3153 om-

2050 3200 2216 3268 nique
2279 3196 2520 3252 essentia
2586 3205 2643 3252 et
2703 3197 2988 3251 intellectu
3050 3193 3328 3263 superior,
3403 3191 3632 3244 immea-

2051 3291 2214 3344 verit.

2117 3383 2207 3435 ‘26.
2234 3382 2385 3451 Ejus,
2413 3397 2534 3449 qua:
2562 3380 2617 3432 in
2651 3379 2873 3433 actione
2905 3386 3180 3439 versatur,
3200 3373 3422 3427 virtutis
3446 3372 3630 3430 ﬁnem,

2051 3472 2258 3525 bonum
2295 3486 2417 3526 esse
2447 3471 2622 3525 aiunt.
2655 3469 2771 3523 Hoc
2800 3476 3006 3531 autem,
3050 3465 3252 3520 divinze
3293 3462 3633 3532 Operationis

2051 3563 2517 3630 complementum
2548 3560 2796 3624 exsistit;
2830 3553 3070 3628 adquod
3111 3556 3342 3609 facultas
3379 3553 3632 3616 rationis,

2055 3653 2134 3707 ira
2181 3661 2341 3707 utens
2388 3666 2453 3706 ac
2501 3651 2803 3720 cupiditate
2845 3657 2905 3704 ut
2950 3659 3158 3703 natura
3207 3654 3632 3702 consentaneum

2053 3754 2158 3807 est,
2186 3743 2372 3808 ducit;
2404 3742 2460 3796 in
2490 3758 2668 3810 eoque
2689 3744 2808 3813 ejus
2826 3740 2974 3810 quod
2999 3738 3169 3794 estad
3194 3736 3631 3797 similitudinem,

2056 3834 2414 3904 pulchritudo
2446 3835 2629 3888 elucet
2661 3851 2673 3886 :
2710 3832 2988 3886 studentis
3017 3844 3148 3884 vero
3179 3827 3632 3894 contemplationi

2058 3929 2420 4000 philosophiae
2454 3930 2639 3990 linem,
2670 3926 2960 3980 veritatem
2991 3938 3112 3978 esse
3135 3923 3359 3984 dicunt;
3389 3917 3632 3972 omnium

2058 4019 2266 4073 scilicet
2297 4017 2530 4072 indivise
2549 4016 2694 4070 circa
2714 4015 2885 4068 Deum
2905 4011 3284 4066 exsistentium
3309 4005 3633 4060 uni-formem

2058 4109 2369 4173 scientiam,
2401 4106 2564 4178 564
2592 4105 2658 4159 ad
2703 4118 2866 4172 quam
2911 4116 3069 4155 mens
3109 4115 3246 4167 pura
3280 4096 3482 4157 fertur;
3521 4100 3634 4145 tum

2058 4201 2341 4263 nimirum,
2367 4211 2491 4252 cum
2509 4210 2705 4251 sensus
2724 4192 2996 4263 judicium
3031 4206 3061 4244 a
3085 4205 3144 4244 se
3170 4201 3399 4259 prorsus
3426 4183 3633 4238 exstin-

2063 4292 2239 4345 xerit:
2279 4291 2334 4343 in
2367 4304 2474 4358 qua
2498 4288 2712 4358 (utique
2745 4283 2997 4354 scientia)
3029 4283 3244 4336 sincera
3273 4278 3474 4332 divina:
3505 4277 3635 4330 ima-

1989 4387 2030 4440 D
2065 4383 2207 4452 ginis
2233 4380 2472 4450 dignitas
2506 4395 2624 4433 sese
2652 4375 2939 4446 magniﬁce
2971 4373 3173 4444 prodit.

2129 4472 2216 4525 27.
2269 4471 2441 4524 Deum
2492 4485 2655 4524 nemo
2701 4483 2829 4523 vere
2876 4464 3206 4520 benedicere
3254 4468 3453 4532 potest,
3502 4459 3633 4530 quin

2063 4729 2257 4781 (linem.
2282 4729 2468 4796 Itaque
2494 4727 2651 4795 ponit
2677 4723 2941 4796 Maximus
2958 4718 3341 4796 similitudinis
3366 4717 3636 4796 rationem

2064 4798 2119 4850 in
2157 4786 2462 4852 imitatio-nc
2491 4786 2691 4848 divinze
2739 4792 3023 4853 bonitatis,
3067 4805 3189 4858 quae
3245 4787 3316 4842 sit
3373 4787 3441 4858 ἰιι⁸
3477 4786 3638 4842 nobis

2065 4867 2331 4920 virtutum
2359 4867 2508 4920 cultu
2527 4874 2584 4919 et
2610 4863 2827 4917 actione
2853 4880 2866 4913 :
2896 4855 3148 4926 imaginis
3178 4873 3310 4910 vero
3346 4855 3636 4926 rationem,

2067 4935 2121 4988 in
2161 4935 2560 5005 perfectissima
2593 4934 2680 4986 illa
2706 4932 2953 5005 omnium
2985 4925 3130 5005 circa
3160 4929 3333 5005 Deum
3371 4925 3630 5005 unifor‘mi

2066 4995 2319 5068 scientia,
2370 5020 2491 5073 qua:
2541 5001 2824 5070 expressio
2853 5001 2924 5073 sit
2953 4998 3174 5073 divinae
3225 4995 3488 5073 veritatis.
3519 4996 3636 5073 Non

2067 5075 2206 5128 bene
2246 5065 2440 5129 Picus:
2480 5074 2540 5126 In
2581 5065 2696 5140 qua:
2717 5087 2812 5140 pro
2844 5067 3194 5140 similitudine
3221 5065 3452 5140 relucet-‘6
3505 5065 3638 5140 solet

2067 5145 2330 5212 quoddam
2387 5131 2792 5195 ornamentum:
2826 5139 2983 5212 quasi
3038 5137 3119 5198 τὸ,
3169 5139 3226 5212 ἐν
3252 5131 3307 5212 ᾖ,
3344 5134 3546 5212 referat
3584 5135 3644 5186 τὸ

2073 5205 2172 5283 τῆς
2203 5214 2401 5281 ψυχῆς,
2439 5229 2544 5265 non
2574 5212 2654 5274 τὸ,
2691 5205 3082 5283 συμπλήρωσις
3121 5207 3233 5283 ’τῆς
3258 5205 3431 5283 "ee-ia;
3489 5205 3642 5283 ἐνερ-

2074 5274 2256 5350 γείας.
2285 5274 2598 5349 Utrumque
2629 5274 2850 5350 sanc'et,
2872 5274 3176 5350 similitudo
3224 5284 3280 5350 et
3315 5275 3552 5350 imago,
3589 5274 3640 5350 in

2073 5344 2252 5406 anima
2282 5353 2482 5414 elucet,
2510 5344 2624 5404 non
2653 5365 2750 5419 pro
2806 5349 2935 5419 ejus
2965 5346 3277 5419 substantia
3307 5344 3485 5419 (quod.
3511 5344 3641 5396 atti—

2074 5433 2167 5476 net
2198 5423 2263 5476 ad
2301 5412 2519 5474 Maximi
2552 5412 2906 5487 hic-scopum
2930 5417 2948 5487 )
2973 5417 3067 5471 sed
3101 5425 3266 5487 prout
3299 5412 3382 5468 vel
3438 5412 3642 5487 virtute

2073 5494 2156 5546 vel
2191 5491 2415 5547 scicntia
2447 5491 2634 5558 pollet,
2663 5481 2870 5560 Deique
2894 5481 2948 5543 in
2976 5503 3033 5543 se
3068 5481 3368 5542 bonitatem
3395 5498 3459 5536 ac
3491 5481 3635 5537 veri-

2073 5571 2238 5618 tatem
2269 5570 2499 5631 utraque
2529 5560 2719 5615 refert.
