4020 6456
462 309 592 387 ῌΗ

1626 314 1689 374 S.
1729 311 2014 373 ΜΑΧίΜί
2052 311 2556 377 CONFESSORIS

3563 323 3683 392 ῙΞΤΞ

455 431 659 488 corpus
683 414 985 471 virtutibus
999 415 1447 482 sanctiﬁcaverit,
1474 418 1831 487 animumque
1860 418 2041 473 scicn-

2149 419 2224 488 μὴ
2249 421 2312 473 τὸ
2346 423 2507 493 σῶμα
2531 423 2878 492 καθαγιάσας
2901 427 3022 490 ταῖς
3061 427 3302 498 ἀρεταῖς,
3337 437 3427 482 και
3471 430 3563 503 τὴν
3595 437 3687 505 ψυ-

458 509 536 564 tia
610 521 674 561 ac
766 506 1090 561 notionibus
1153 506 1535 562 illustraverit.
1595 508 1825 561 Virtutis
1891 507 2038 560 cnim

458 597 675 652 affectio
723 613 788 652 ac
834 597 1143 667 dispositio,
1187 598 1610 667 contemplantis
1658 598 1824 651 animi
1871 596 2043 651 facies

459 693 563 750 est,
615 692 873 755 tanquam
919 686 980 741 in
1028 686 1250 751 caelum,
1295 686 1351 739 in
1399 686 1634 740 sublime
1671 694 1852 740 erecta
1899 700 2043 739 verre

460 777 795 848 cognitionis
823 792 888 830 ac
918 776 1185 833 scientia.

528 870 626 921 ‘28.
668 867 871 927 Beatus
913 868 1003 925 cui
1046 883 1176 922 vere
1232 869 1573 938 exploratum
1620 867 1713 933 sit,
1762 868 1935 922 Deum
1986 867 2041 920 in

463 960 720 1014 omnibus
749 969 1008 1028 tanquam
1045 959 1267 1030 organis
1299 961 1575 1015 actionem
1612 968 1669 1015 et
1701 958 2041 1028 contempla-

465 1051 1081 1120 tionem,virtutemque
1095 1059 1152 1106 et
1180 1051 1488 1118 scientiam,
1513 1050 1800 1105 victoriam
1824 1065 2042 1120 quoque
2086 1086 2099 1105 ι

463 1151 522 1198 et
551 1142 896 1212 sapientiam,
953 1157 1169 1197 necnon
1197 1141 1499 1199 bonitatem
1530 1157 1595 1196 ac
1614 1141 1902 1197 veritatem
1927 1139 2044 1195 effi-

466 1248 614 1299 cere,
672 1233 811 1287 nihil
864 1234 1026 1289 nobis
1075 1250 1304 1304 prorsus
1362 1233 1794 1298 conferentibus,
1849 1240 2046 1303 praeter

466 1339 790 1393 propensam
829 1324 885 1378 in
924 1339 990 1379 ea
1029 1339 1151 1394 quae
1196 1324 1426 1382 honesta
1459 1339 1523 1378 ac
1560 1322 1727 1378 ofﬁcii
1764 1330 1913 1387 sunt,
1945 1338 2043 1376 vo-

465 1414 730 1471 luntatem
764 1434 777 1469 ε
816 1431 927 1484 qua
960 1414 1224 1483 prteditus
1240 1430 1468 1485 magnus
1503 1413 1827 1476 Zorobabel,
1848 1419 2045 1482 pneter

465 1520 530 1559 ea
554 1520 677 1574 quae
705 1505 851 1561 dicta
894 1514 1043 1570 sunt,
1078 1505 1150 1560 ita
1182 1505 1352 1559 Deum
1387 1503 1674 1574 alloquens
1715 1501 1792 1556 ait
1825 1520 1837 1554 :
1871 1501 2045 1555 Bene-

464 1591 630 1645 dictus
662 1608 735 1657 es,
767 1594 862 1664 qui
891 1593 1078 1647 dedisti
1121 1593 1248 1646 mihi
1283 1594 1638 1663 sapientiam;
1679 1600 1727 1644 et
1757 1591 1850 1645 tibi
1883 1590 2073 1660 conti;

465 1683 608 1736 taor!
633 1682 855 1737 Domine
878 1692 1112 1753 patrum.
1137 1684 1240 1753 Abs
1278 1690 1325 1737 te
1355 1691 1430 1737 est
1447 1683 1666 1736 victoria
1694 1691 1742 1735 et
1768 1682 1861 1736 abs
1881 1689 1931 1735 te
1956 1699 2042 1736 sa-

465 1774 683 1845 pientia,
728 1781 777 1827 et
824 1773 914 1829 tibi
943 1784 1024 1839 est.
1047 1774 1290 1839 claritas,
1330 1781 1379 1827 et
1426 1790 1518 1844 ego
1561 1772 1795 1843 famulus
1825 1782 1943 1826 tuus
1972 1773 2039 1826 ⁸³.

465 1864 748 1935 Tanquam
795 1863 985 1920 revera
1025 1866 1234 1936 probus
1271 1880 1335 1920 ac
1373 1872 1562 1935 gratus
1597 1879 1810 1930 servus,
1847 1872 2045 1918 cuncta

464 1955 577 2013 Deo
605 1965 828 2025 accepta
866 1956 1074 2022 retulit,
1106 1957 1199 2027 qui
1225 1956 1486 2011 donasset
1515 1957 1732 2023 omnia;
1764 1958 1838 2021 ei,
1872 1972 1901 2010 a
1934 1971 2045 2025 quo

464 2056 745 2117 acceptam
806 2048 1045 2112 habebat
1101 2048 1450 2118 sapientiam,
1507 2056 1769 2118 tanquam
1825 2056 2043 2118 patrum

463 2137 718 2202 Domino,
751 2137 1024 2199 bonorum
1055 2153 1443 2199 concessa-um
1471 2139 1581 2192 vim
1614 2148 1801 2209 aperta
1834 2140 2048 2194 confes-

463 2227 620 2288 sione
657 2229 974 2295 ascribens;
1019 2246 1220 2301 nempe
1271 2230 1534 2286 unionem
1584 2229 1831 2286 victoria:
1878 2240 1935 2285 et
1961 2246 2047 2285 sa-

444 2318 801 2389 ,pientiae,uti
820 2319 1030 2377 dictum
1054 2328 1167 2385 est;
1202 2320 1426 2375 virtutis
1450 2335 1672 2389 quoque
1697 2328 1757 2374 et
1780 2320 2042 2387 scientiae,

465 2409 809 2480 actionisque
850 2420 907 2467 et
945 2412 1449 2481 contemplationis,
1483 2426 1597 2466 nec.
1628 2426 1740 2465 non
1784 2412 2047 2467 bonitatis

463 2508 524 2556 et
552 2500 821 2558 veritatis.
867 2501 963 2556 Hm
1001 2503 1152 2555 enim.
1193 2502 1318 2556 alite
1349 2500 1474 2556 aliis
1505 2502 1834 2571 conjunctae,
1881 2516 2046 2556 unam

464 2587 561 2649 Dei
591 2588 896 2649 claritatem
932 2604 996 2643 ac
1024 2589 1381 2658 splendorem
1405 2589 1666 2644 emicant.

533 2680 624 2735 29».
656 2679 851 2735 Omnia
884 2690 1202 2741 sanctorum
1250 2682 1445 2737 merita
1477 2697 1541 2737 ac
1576 2690 1727 2737 recte
1753 2684 1915 2748 facta,
1947 2683 2046 2737 Dei

463 2771 658 2839 procul
678 2771 854 2829 dubio,
875 2773 1207 2831 exstiterunt
1236 2773 1380 2828 dona
1410 2814 1425 2838 ,
1459 2788 1589 2828 cum
1620 2788 1784 2829 nemo
1817 2790 2045 2844 prorsus

464 2867 613 2922 aliud
652 2867 786 2936 quid
837 2868 969 2923 boni
1015 2869 1237 2934 habeat,
1287 2884 1455 2938 quam
1492 2868 1641 2938 quod
1689 2869 1878 2923 datum
1926 2878 2042 2935 est;

465 2961 646 3030 ipsum
686 2961 951 3016 nimirum
985 2978 1017 3016 a
1046 2962 1160 3016 Deo
1204 2970 1467 3031 tanquam
1498 2960 1754 3027 Domino,
1797 2978 1899 3031 pro
1927 2964 2047 3033 ejus

2142 510 2245 581 χὴν
2283 514 2669 584 καταφωτίσας
2714 517 2838 580 ταῖς
2862 517 3152 585 γνὼσεσιν.
3194 519 3259 572 Ἦ
3294 518 3401 591 γὰρ
3428 523 3543 577 κατ’
3571 526 3686 598 ἀρε-

2141 599 2239 669 τὴν
2273 600 2534 671 διάθεσις,
2572 604 2862 675 πρόσωπόν
2910 608 3027 660 ἐστι
3079 606 3174 660 τοῦ
3208 607 3534 680 θεωρητικοῦ
3559 615 3684 682 νοὸς,

2141 689 2216 753 ὡς
2246 692 2328 756 είς
2369 694 2600 766 οὐρανὸν
2628 696 2765 767 πρὸς
2810 695 2871 750 τὸ
2901 694 3033 766 ὕψος
3061 697 3161 768 τῆς
3185 697 3442 771 ἀληθινῆς
3487 702 3687 778 ἐπαιρόο

2146 797 2304 850 μενον
2333 782 2608 850 γνώσεως.

2213 871 2321 943 κη’.
2368 876 2652 947 Μακάριος
2685 880 2713 932 ὀ
2755 880 2812 932 ἑν
2843 880 3074 952 ἀληθείᾳ
3116 880 3292 947 εἰδὼς,
3328 885 3408 938 ὅτι
3435 887 3605 941 πᾶσαν
3637 889 3689 942 ἐν

2142 966 2277 1035 ἡμῖν
2304 965 2379 1030 ὡς
2407 967 2659 1037 ὀργάνοις
2686 971 2715 1023 ὁ
2747 969 2881 1035 Θεὸς
2920 972 3161 1027 ἐπιτελεῖ
3190 974 3390 1046 πρᾶξιν
3432 976 3522 1030 καὶ
3568 978 3689 1035 Oeta.

2147 1056 2289 1125 ρίαν,
2318 1057 2523 1131 ἀρετήν
2553 1078 2611 1114 τε
2641 1062 2735 1117 καὶ
2766 1064 2990 1133 γνῶσιν,
3022 1065 3119 1120 καὶ
3152 1066 3310 1138 νίκην
3352 1068 3447 1122 καὶ¹
3494 1071 3687 1141 σοφίαν,

2145 1146 2239 1199 καὶ
2269 1149 2580 1222 ἀγαθότητα
2607 1154 2701 1207 καὶ
2733 1154 3014 1227 ἀλήθειαν,
3040 1157 3208 1228 μηδὲν
3240 1160 3272 1229 ἡ
3284 1157 3399 1229 μῶν
3430 1176 3692 1230 συνεισφε-
3770 1222 3775 1227 ,

2150 1239 2350 1323 ρόντων
2378 1242 2684 1311 τοσύνολον,
2724 1246 2865 1320 πλὴν
2891 1250 2990 1318 τῆς
3009 1249 3271 1321 θελούσης
3310 1250 3380 1303 τὰ
3415 1251 3553 1306 καλά
3594 1254 3696 1308 δια-

2147 1328 2352 1394 θέσεως
2384 1349 2395 1363 ·
2428 1332 2496 1403 ἣν
2531 1332 2672 1404 ἔχων
2705 1336 2734 1389 ὀ
2760 1337 2934 1408 μέγας
2960 1339 3288 1410 Ζοροϐάϐελ,
3326 1340 3461 1411 πρὸς
3486 1345 3591 1406 τοῖς
3629 1345 3697 1402 ει-

2150 1418 2426 1489 ρημένοις,
2458 1424 2623 1495 φησὶν
2649 1463 2665 1489 ,
2716 1428 3067 1499 Εὐλογητὸς
3119 1426 3194 1498 εἷ,
3249 1431 3388 1502 πρὸς
3442 1422 3533 1487 τὸν
3580 1434 3697 1490 Θεδν

2146 1511 2340 1581 λέγων,
2370 1513 2439 1580 ὃς
2476 1515 2702 1585 ἔδωκάς
2732 1537 2834 1589 μοι
2876 1523 3122 1591 σοφίαν,
3154 1523 3254 1578 καὶ
3301 1524 3401 1579 σοι
3429 1526 3695 1598 ὁμολογῶ,

2147 1604 2420 1659 Δέσποτα
2446 1605 2567 1662 τῶν
2586 1610 2877 1678 πατέρων·
2913 1612 3073 1683 παρὰ
3087 1612 3203 1667 σοῦ
3225 1613 3264 1679 ἡ
3283 1615 3448 1682 νίκη,
3471 1615 3564 1669 καί
3596 1632 3697 1670 πα·

2102 1754 2118 1780 )
2139 1693 2220 1761 ρὰ
2249 1693 2367 1749 σοῦ
2397 1695 2435 1765 ἡ
2471 1698 2677 1765 σοφία,
2705 1699 2805 1753 καὶ
2821 1700 2920 1754 σοι
2942 1700 2982 1768 ή
3014 1701 3186 1767 δόξα,
3212 1702 3315 1761 καί
3351 1703 3467 1774 ἐγὼ
3491 1704 3597 1770 σὸς
3629 1708 3700 1760 oi-

2098 1784 2119 1805 ‘
2149 1786 2350 1854 κέτης.
2395 1786 2483 1850 Ὠς
2515 1788 2813 1860 εὐγνώμων
2840 1790 3009 1855 ὅντως
3027 1792 3264 1869 οἰκέτης,
3294 1794 3474 1848 πάντα
3494 1794 3569 1865 τῷ
3595 1795 3699 1872 Θεῷ

2147 1874 2370 1929 ἀνέθετο
2398 1874 2478 1946 τῷ
2503 1877 2684 1933 πάντα
2733 1879 3128 1953 δωρησαμένῳ,
3164 1883 3224 1948 ἐξ
3264 1877 3329 1937 οὗ
3371 1882 3548 1940 λαϐὼν
3600 1881 3698 1961 εἷχε

2145 1966 2248 2037 τὴν
2298 1966 2512 2036 σοφίαν,
2545 1968 2696 2040 αὖτῷ
2733 1970 3011 2040 ὁμολογῶν
3065 1973 3142 2034 ὡς
3189 1974 3439 2046 Δεσπότῃ
3470 1976 3701 2046 πατέρων

2147 2057 2253 2111 τῶν
2284 2058 2698 2130 κεχαρισμένων
2733 2059 2958 2129 ἀγαθῶν
2984 2062 3084 2133 τὴν
3110 2061 3367 2134 δύναμιν,
3390 2063 3530 2135 ἀπερ
3557 2065 3699 2128 είσϊν,

2146 2147 2341 2213 ἔνωσις
2366 2149 2546 2220 νίκης,
2578 2149 2655 2214 ὡς
2684 2152 2920 2223 εἴρηται,
2950 2153 3045 2207 καὶ¹
3072 2153 3289 2222 σοφίας,
3307 2155 3511 2225 ἀρετῆς
3536 2172 3592 2208 τε
3621 2157 3702 2210 καὶ

2146 2239 2422 2311 γνώσεως,
2450 2241 2709 2313 πράξεως
2744 2244 2839 2297 καὶ
2867 2244 3127 2316 θεωρίας,
3164 2246 3502 2319 ἀγαθότητός
3527 2265 3584 2301 τε
3619 2249 3702 2305 καὶ

2146 2332 2409 2405 ἀληθείας
2441 2351 2457 2368 ο
2526 2326 2687 2390 αὗται
2746 2336 2858 2413 γὰρ
2918 2335 3180 2408 ἀλλήλαις
3236 2340 3548 2411 ἐνούμεναι,
3590 2340 3703 2411 μίαν

2147 2423 2604 2493 ἀπαστράπτουσι
2628 2425 2789 2491 δόξαν
2820 2428 2914 2481 καὶ
2948 2428 3125 2500 αὐγὴν
3150 2429 3313 2489 Θεοῦ.

2221 2664 2327 2721 κθ’.
2354 2666 2541 2721 Πάντα
2559 2665 2629 2721 τά
2657 2666 2765 2721 τῶν
2793 2667 2965 2737 ἀγὶων
2995 2668 3418 2740 κατορθωματα,
3442 2667 3569 2726 Θεοῦ
3590 2686 3706 2740 προ-

2148 2757 2323 2830 δήλως
2400 2759 2648 2830 ὑπῆρχον
2717 2759 3035 2831 χαρίσματα
3061 2776 3075 2791 ·
3118 2760 3351 2829 μηδενὸς
3399 2761 3706 2831 τοπαράπαν

2149 2849 2363 2919 ἔχοντος
2387 2850 2619 2922 μηδὲν,ἢ
2646 2851 2706 2905 τὸ
2734 2851 2883 2905 δοθὲν
2909 2851 3114 2920 ἀγαθόν
3141 2869 3156 2884 ο
3180 2853 3257 2916 ὡς
3279 2852 3434 2925 παρὰ
3459 2853 3705 2906 Δεσπότου

2149 2944 2243 2998 τοῦ
2273 2943 2432 3010 Θεοῦ,
2462 2945 2600 3016 πρὸς
2628 2944 2923 3013 ἀναλογίαν
2951 2946 3050 3017 τῆς
3078 2946 3503 3018 εὐγνωμοσύνης
3541 2963 3596 2999 τε
3626 2947 3707 3000 καὶ

466 3049 563 3118 qui
595 3050 795 3119 accipit
838 3051 1132 3121 probitatis
1178 3052 1433 3122 gratique
1475 3051 1647 3105 animi
1691 3067 1755 3105 ac
1793 3053 2044 3107 benevoli

2153 3036 2372 3099 εὐνοίας
2404 3035 2501 3088 τοῦ
2529 3036 2823 3106 δεχομένου
2873 3036 3244 3108 μετρούμενον
3267 3054 3285 3073 ε
3321 3040 3547 3092 κάκεῖνα
3588 3037 3709 3108 μόνα

465 3139 715 3207 modulo,
743 3156 1120 3197 commensum
1144 3160 1158 3208 ;
1196 3157 1373 3211 eaque
1397 3142 1663 3198 duntaxat
1689 3147 1923 3213 quisque
1945 3142 2044 3197 ba-

466 3231 613 3295 beat,
649 3246 772 3300 qua:
799 3231 1028 3287 donanti
1064 3233 1298 3287 Domino
1325 3232 1621 3289 adlibeant.

536 3322 625 3376 50.
667 3322 772 3388 Qui
809 3322 1034 3379 virtutis
1060 3339 1125 3379 ac
1156 3324 1399 3380 scientiae
1424 3326 1550 3397 jura
1578 3333 1767 3381 tuetur
1806 3327 2044 3394 animus,

467 3412 671 3484 Cuique
706 3414 847 3469 adeo
879 3415 1224 3485 propositum
1267 3417 1360 3482 sit,
1400 3424 1463 3471 ut
1491 3416 1789 3472 affectuum
1833 3433 1898 3472 ac
1925 3417 2051 3472 libi-

467 3504 659 3559 dinum
688 3521 913 3575 pravam
935 3508 1256 3562 servitutem
1300 3507 1545 3562 excutiat
1573 3524 1588 3561 :
1617 3507 1939 3576 Prwvalent,
1966 3509 2051 3562 in-

469 3595 610 3666 quit,
658 3596 926 3662 mulieres,
975 3607 1039 3651 et.
1075 3615 1235 3670 super
1289 3600 1471 3654 omnia
1518 3600 1677 3654 vincit
1730 3602 1925 3654 veritas
1973 3600 2047 3668 ἐς

469 3704 688 3757 nempe,
732 3690 997 3744 mulieres
1036 3705 1259 3756 vocans,
1291 3690 1527 3746 virtutes
1562 3689 1806 3753 deificas,
1849 3691 2052 3761 quibus

470 3776 730 3833 unionem
769 3776 981 3832 faciens
1012 3792 1137 3832 cum
1187 3779 1320 3843 Deo,
1365 3778 1764 3849 hominumque
1798 3779 1943 3833 inter
1992 3793 2051 3833 se

467 3879 683 3935 mutuo,
709 3871 973 3926 consistit.
993 3871 1235 3926 charitas
1267 3888 1281 3925 :
1318 3887 1440 3942 quae
1461 3871 1745 3936 nimirum,
1772 3870 1842 3925 ab
1868 3871 2050 3925 omni-

469 3961 577 4016 bus
596 3977 718 4031 qua:
736 3961 995 4016 oriuntur
1024 3979 1091 4017 ac
1112 3962 1416 4027 intereunt,
1449 3961 1645 4031 hisque
1668 3961 2053 4032 superioribus

470 4052 815 4122 spiritalibus
871 4054 1215 4120 substantiis,
1272 4052 1432 4125 565
1480 4055 1725 4108 animum
1772 4054 2048 4117 extrahat,

469 4144 687 4214 ipsique
730 4145 841 4199 Deo
876 4145 1083 4200 amoris
1120 4144 1355 4214 quadam
1400 4145 1820 4215 temperatione,
1868 4145 2052 4213 quoad

471 4249 571 4302 per
613 4235 866 4289 humanm
905 4244 1133 4290 naturae.
1152 4235 1467 4298 facultatem
1503 4235 1652 4292 licet.
1700 4234 1943 4304 implicet
1990 4250 2053 4290 ac

470 4324 735 4388 innectat,
796 4324 1250 4393 impollutumque
1297 4335 1465 4395 atque
1509 4328 1768 4380 divinum
1821 4329 2053 4397 mystice

2154 3124 2532 3196 κεκτημένου,
2600 3126 2701 3179 ὅσα
2757 3125 2835 3197 τῷ
2892 3128 3144 3201 Δεσπότῃ
3204 3128 3538 3200 δωρουμένῳ
3586 3144 3709 3198 παρ-
3776 3122 3779 3125 ’

2152 3217 2384 3275 ίσταται.

2218 3312 2284 3368 λ’.
2328 3312 2389 3366 '0
2414 3313 2512 3384 τῆς
2534 3313 2736 3393 ἀρετῆς
2768 3314 2863 3367 καὶ
2889 3311 2989 3382 τῆς
3039 3311 3298 3381 γνώσεως
3332 3314 3710 3386 προῖστάμενος

2149 3403 2294 3471 νοῦς,
2326 3405 2422 3458 καὶ
2451 3406 2552 3476 τῆς
2585 3405 2766 3474 κακῆς
2796 3405 2905 3458 τῶν
2930 3404 3118 3458 παθῶν
3144 3405 3395 3469 δουλείας
3425 3405 3521 3475 τὴν
3551 3403 3709 3480 ψυχὴν

2152 3495 2480 3567 στερηθῆναι
2537 3495 2954 3567 βεϐουλημένος,
2991 3495 3177 3567 φησιν,
3221 3495 3710 3565 ’Υπερισχύουο-ιν

2149 3592 2211 3643 αἱ
2238 3587 2538 3658 γυναῖκες,
2566 3589 2663 3643 καί
2700 3587 2997 3658 ὑπερνικᾷ
3049 3589 3088 3657 ἡ
3134 3589 3395 3655 ἀλήθεια
3425 3606 3439 3619 ·
3468 3589 3708 3658 γυναῖκας

2153 3679 2255 3748 μὲν
2315 3676 2505 3743 εἰπὼν,
2553 3678 2651 3742 τὰς
2706 3678 2986 3742 θεοποιοὺς
3040 3678 3264 3751 ἀρετὰς,
3308 3679 3369 3745 ἐξ
3408 3675 3545 3748 ὦνή
3592 3676 3710 3747 πρὸς

2150 3772 2284 3828 θεὸν
2326 3771 2422 3826 καὶ
2460 3772 2719 3841 ἀλλήλους
2757 3773 2870 3833 τοῖς
2918 3770 3228 3841 ἀνθρώποις
3256 3769 3500 3833 ὲνοποιὸς
3540 3767 3706 3838 ἀγάπη

2156 3865 2492 3934 συνέστηκεν
2523 3877 2537 3893 '
2597 3863 2852 3918 ἁπάντων
2880 3864 2983 3934 τὴν
3020 3861 3198 3933 ψυχὴν
3239 3860 3616 3935 ὲξαρπάζουσα
3639 3858 3705 3928 (tt)

2150 3956 2259 4010 τῶν
2286 3955 2391 4009 ὑπὸ
2408 3955 2623 4023 γένεσιν
2648 3956 2742 4009 καὶ
2771 3953 2998 4025 φθορὰν,
3021 3954 3117 4007 καὶ
3139 3953 3248 4007 τῶν
3278 3954 3422 4026 ὑπὲρ
3452 3951 3588 4007 αὐτά
3608 3966 3708 4020 νοη-

2150 4046 2260 4099 τῶν
2291 4043 2521 4110 οὐσιῶν,
2548 4044 2644 4099 καὶ
2673 4043 2824 4115 αὐτῷ
2854 4042 2930 4115 τῷ
2967 4043 3088 4115 θεῷ
3127 4044 3249 4097 κατ’
3288 4045 3561 4115 ἐρωτικήν
3600 4056 3707 4095 τινα

2156 4139 2461 4209 σύγκρασιν
2516 4136 2956 4207 περιπλέκουσα,
2998 4135 3122 4190 καθ’
3154 4136 3279 4189 ὅσον
3336 4138 3456 4191 ἐστὶ
3507 4132 3708 4190 δυνατὸν

2153 4231 2472 4302 ἀνθρωπίνῃ
2507 4228 2688 4297 φύσει,
2709 4228 2805 4281 καὶ
2852 4227 2955 4299 τὴν,
2983 4227 3253 4298 ἄχραντον
3295 4228 3393 4282 καὶ
3430 4226 3576 4280 θείαν
3618 4241 3707 4296 μυο

2158 4321 2358 4385 στικῶς
2391 4319 2803 4392 δημιουργοῦσα
2843 4319 3172 4390 συμϐίωσιν.
3217 4319 3502 4391 ’Δλήθειαν
3530 4318 3586 4371 δὲ
3620 4316 3708 4386 φή·

471 4414 786 4467 convictum
825 4415 1009 4468 faciat.
1041 4416 1335 4471 Veritatem
1369 4426 1552 4473 autem
1592 4420 1895 4488 appellans,
1927 4420 2047 4473 uui-

2159 4431 2277 4480 σας,
2317 4414 2415 4483 τὴν
2451 4413 2621 4485 μόνην
2658 4413 2752 4466 καὶ
2785 4411 2915 4484 μίαν
2947 4411 3126 4465 αἰτίαν
3154 4410 3262 4464 τῶν
3287 4413 3481 4477 ὄντων,
3522 4410 3608 4465 καὶ
3624 4409 3709 4479 ἀρ·

471 4519 590 4558 cam
621 4505 885 4559 acsolam
922 4521 1107 4562 rerum
1147 4523 1370 4562 causam
1411 4523 1506 4563 seu
1551 4518 1855 4578 auctorem,
1894 4512 2048 4582 prin-

471 4594 787 4665 cipiumque
818 4605 874 4651 et
914 4613 1141 4667 regnum
1175 4608 1231 4654 et
1266 4600 1567 4668 potentiam
1609 4607 1664 4656 et
1696 4603 1949 4673 gloriam,
1980 4617 2049 4659 ex

468 4700 596 4753 qua,
650 4700 713 4740 ac
753 4688 911 4757 cujus
952 4689 1124 4758 gratia
1170 4700 1368 4745 cuncta
1418 4691 1559 4746 facta
1606 4703 1736 4748 sunt
1777 4705 1833 4750 et
1886 4695 2046 4762 fiunt,

468 4783 633 4845 atque
667 4777 736 4831 ab
775 4792 889 4848 Ipsa
928 4788 985 4834 et
1029 4797 1127 4851 per
1164 4782 1337 4857 ipsam
1375 4783 1730 4840 continentur
1760 4795 1818 4853 ut
1847 4787 1958 4842 sint
1990 4788 2045 4842 in

469 4884 654 4924 rerum
685 4879 881 4927 natura
920 4890 933 4926 :
976 4889 1077 4943 pro
1117 4891 1224 4945 qua
1271 4875 1508 4947 denique
1549 4879 1729 4933 omnis
1761 4879 2047 4950 diligentia

423 4991 428 4995 -
467 4966 759 5027 motusque
797 4960 1070 5031 religiosis
1102 4964 1319 5034 piisque
1345 4966 1478 5021 viris
1507 4975 1703 5022 certat.

534 5047 624 5101 5|.
661 5049 953 5105 Mulierum
1000 5054 1223 5109 nomine
1268 5055 1536 5110 virtutum
1585 5056 1748 5112 finem
1788 5058 2042 5129 designa-

466 5135 567 5199 vit,
612 5153 811 5209 nempe
855 5144 1211 5213 charitatem;
1257 5145 1672 5214 qui‘vidclicel,
1709 5164 1902 5215 eorum
1947 5149 2041 5218 qui

537 5316 583 5348 ⁸³
612 5317 681 5371 lli
710 5318 867 5371 Esdr.
904 5336 976 5384 tv,
1009 5322 1095 5386 59,
1128 5322 1216 5377 60.
1293 5322 1335 5354 ⁸⁵⁸
1370 5322 1503 5377 ibid.
1529 5324 1618 5388 54,
1646 5326 1732 5378 lii.

533 5495 936 5623 (ag'Asra'rz-wr
963 5500 1079 5567 τὴν
1127 5504 1339 5573 ψυχὴν
1394 5505 1830 5575 ἐξαρπάζουσα.
1878 5504 2036 5571 Quod

533 5582 541 5621 ι
613 5568 872 5623 faximus.
945 5571 1237 5623 extrahere
1281 5574 1606 5623 charitalnm
1653 5576 1723 5623 ab
1775 5576 2036 5623 omnibus

2158 4507 2257 4577 χὴν
2281 4507 2378 4559 καὶ
2400 4504 2680 4576 βασιλείαν
2708 4505 2806 4558 καὶ
2833 4503 3064 4575 δύναμιν
3098 4503 3193 4556 καὶ
3219 4503 3399 4571 δόξαν,
3431 4503 3493 4568 ἐξ
3535 4497 3599 4574 ἧς
3627 4499 3706 4553 καὶ

2156 4599 2220 4653 δι’
2246 4597 2314 4669 ἣν
2345 4597 2522 4652 πάντα
2544 4596 2736 4666 γέγονὲ
2764 4614 2824 4650 τε
2846 4596 2938 4650 καὶ
2968 4594 3200 4665 γίνεται,
3219 4596 3317 4649 καὶ
3348 4595 3484 4665 πρὸς
3506 4595 3562 4649 τὸ
3584 4589 3704 4648 εἶναι

2157 4691 2249 4749 ὑπ’
2280 4691 2454 4762 αὐτῆς
2506 4691 2602 4743 καὶ
2649 4689 2718 4742 δι’
2742 4687 2915 4759 αὐτῆς
2970 4689 3363 4757 συγκρατείται
3394 4703 3411 4719 ’
3443 4688 3536 4741 καὶ
3582 4682 3704 4752 ὑπὲρ

2154 4783 2222 4861 ἧς
2269 4788 2421 4842 πᾶσα
2480 4783 2592 4844 τοῖς
2643 4779 2912 4861 φιλοθέοις
2971 4779 3089 4833 ἐστὶ
3155 4778 3364 4849 σπουδή
3408 4795 3471 4845 τε,
3508 4776 3596 4841 καὶ
3631 4773 3704 4828 xiv

2152 4897 2328 4950 νησις.

2224 5059 2325 5111 λα’.
2358 5058 2457 5113 Διᾶ
2490 5057 2590 5127 μὲν
2621 5051 2733 5117 τῷν
2764 5049 3061 5121 γυναικῶν,
3096 5049 3159 5103 τὺ
3216 5048 3367 5113 τέλος
3426 5042 3699 5107 ἐνεδείξατο

2150 5149 2255 5215 τῶν
2282 5148 2512 5220 ἀρετῶν,
2544 5147 2642 5219 τὴν
2676 5142 2903 5219 ἀγάπην
2937 5158 2951 5174 ο
2986 5142 3123 5211 ὅπερ
3149 5140 3296 5201 ἐστὶν
3326 5142 3359 5210 ή
3392 5140 3507 5193 κατ’
3535 5136 3696 5205 ἔφεσιν

2147 5524 2311 5571 mam,
2347 5516 2458 5563 tum
2521 5506 2879 5579 eorumhqud!
2916 5506 3244 5579 generationi
3293 5510 3343 5555 et
3397 5494 3693 5579 corrupttoui

465 5567 554 5633 ait
584 5567 872 5648 Maximus,
945 5567 1253 5648 extrahere
1281 5567 1624 5648 chariiaiemr
1653 5576 1723 5631 ab
1775 5567 2038 5648 omnibus
2140 5585 2266 5635 sunt
2286 5567 2533 5644 obnoxia,
2559 5588 2669 5635 etc.
2712 5567 2860 5648 E580
2878 5567 3333 5648 eiiampecmum
3362 5578 3418 5626 (εί
3442 5567 3688 5648 δῐίιζβῖιληιξ

464 5638 663 5713 creatis
692 5640 955 5713 animam,
990 5642 1212 5713 [)coque
1234 5644 1390 5713 quasi
1429 5647 1789 5701 commiscere
1836 5638 1901 5699 ac
1955 5646 2031 5699 illi

2144 5647 2368 5717 haecque
2394 5635 2832 5717 ipsa'charitatis
2875 5635 3095 5715 capacia
3125 5650 3275 5708 sunt,
3303 5650 3358 5696 et
3391 5650 3450 5696 ut
3497 5635 3570 5694 sic
3595 5635 3690 5692 Deo

468 5706 781 5794 adiungere,
824 5708 970 5780 foedo
999 5706 1162 5767 Pictis
1189 5706 1380 5769 errore
1412 5730 1427 5769 :
1454 5713 1698 5771 Omnium
1728 5716 1867 5786 rapit
1914 5717 2037 5770 an5~
2142 5706 2514 5789 copulentur?
