4020 6410
317 329 455 398 Ιῒῑ3

987 342 1322 404 CAPITUM
1361 342 1786 416 QUINQUIES
1822 340 2346 406 CENTENORUM
2383 345 2770 406 CENTURIA
2809 346 2924 406 ΙΙΙ.

3446 338 3590 405 1275

311 459 410 512 τοῦ
457 436 617 524 (ptiust
641 444 861 522 ἀγαθοιῗ
874 453 983 508 τῶν
1010 457 1347 526 μετεχόντων
1383 457 1721 520 ἀδιάπτωτος
1738 453 1890 526 ἡδονὴ

2003 465 2200 510 natura
2232 457 2363 511 boni
2403 465 2531 511 sunt
2551 456 2869 527 participes,
2913 455 3066 510 ﬁrma
3095 470 3159 511 ac
3193 463 3451 511 constans
3487 472 3587 509 voc

314 549 411 604 καὶ
442 545 742 618 ἀδιαίρετος
763 547 976 610 ἓνωσις.
1001 547 1099 601 Διά
1127 548 1186 602 δὲ
1216 549 1312 620 τῆς
1336 549 1615 619 ἀληθείας,
1642 549 1702 601 τὸ
1723 547 1894 619 πέρας

316 646 506 700 πασῶν
538 639 859 708 ὲπεσήμανε
893 637 1001 690 τῶν
1053 638 1333 706 γνώσεων,
1361 641 1456 692 καὶ
1482 639 1685 693 ἀὐτῶν
1733 655 1895 706 γινω-

315 732 597 800 σκομένων
631 745 644 760 ·
681 731 762 793 είς
793 730 950 802 ὅπερ,
984 730 1058 794 ὡς
1093 731 1267 802 ἀρχὴν
1311 732 1406 785 καὶ
1447 731 1623 803 πέρας
1676 731 1894 785 πάντων

310 822 420 880 τῶν
449 821 638 884 ὅντων,
673 822 728 876 αἱ
765 821 909 875 κατὰ
942 821 1102 892 φύσιν
1126 825 1369 894 κινήσεις
1398 823 1600 893 γενικῷ
1619 838 1730 886 τινι
1751 822 1894 894 λόγῳ

314 912 666 967 συνέλκονται
701 927 714 940 ·
748 911 926 965 πάντα
972 912 1214 984 νικώσης
1264 913 1406 967 κατά
1449 913 1612 983 φύσιν
1643 915 1720 978 ὡς
1763 915 1895 986 άλη-

313 1003 466 1065 θείας
519 1003 618 1072 τῆς
661 1000 768 1054 τῶν
817 1002 989 1056 ὄντων
1033 1005 1209 1074 ἀρχῆς
1263 1006 1360 1057 καὶ
1402 1005 1604 1068 αἰτίας,
1637 1005 1895 1077 καὶπρὸς

311 1096 515 1166 ἑαυτὴν
557 1094 922 1166 συνελκούσης
955 1094 1063 1148 τῶν
1095 1097 1396 1163 γεγονότων
1418 1099 1518 1167 τὴν
1548 1101 1782 1168 κίνησιν.

382 1267 482 1340 λβ’.
510 1269 589 1339 Τῇ
634 1269 758 1323 καθ’
793 1269 1070 1343 ὑπεροχὴν
1112 1273 1366 1344 στερήσει
1400 1272 1508 1327 τῶν
1544 1273 1783 1340 πολλῶν,
1819 1275 1894 1336 ὡς

309 1360 371 1414 ἓν
421 1361 516 1412 atati.
550 1362 710 1432 μόνον
743 1361 777 1432 ἡ
811 1361 1036 1432 ἀλήθεια
1085 1363 1329 1432 πέφυκεν
1357 1364 1768 1432 ἀναφαίνεσθαι,
1798 1383 1897 1418 κα-

309 1442 592 1504 λύπτουσα
615 1447 834 1506 πάντων
865 1455 974 1505 τῶν
1026 1454 1234 1524 νοεῖνῆ
1287 1456 1526 1509 νοεῖσθαι
1577 1456 1895 1527 δυναμένων

310 1547 410 1607 τὰς
435 1545 745 1612 γνωστικὰς
774 1545 1052 1615 δυνάμεις,
1071 1545 1146 1610 ὡς
1178 1548 1318 1619 ὑπὲρ
1349 1548 1417 1602 τὰ
1447 1548 1673 1603 νοοῦντά
1710 1567 1769 1602 τε
1804 1551 1896 1604 καὶ

307 1636 578 1707 νοούμενα
605 1637 724 1690 καθ’
755 1636 988 1708 ὕπαρξιν
1016 1639 1346 1710 ὑπερούσιον
1374 1636 1530 1695 οὖσα·
1564 1643 1656 1695 καὶ
1679 1643 1893 1714 ἀπείρῳ

307 1729 539 1800 δυνάμει
559 1729 657 1792 τὰς
683 1729 825 1782 κατὰ
849 1730 950 1800 τὴν
987 1731 1161 1803 ἀρχὴν
1199 1733 1293 1786 καὶ
1326 1735 1387 1787 τὸ
1409 1734 1565 1798 τέλος
1588 1736 1696 1789 τῶν
1726 1737 1893 1789 ὄντων

307 1818 624 1890 ἀκρότητας
652 1819 1096 1889 περιγράφουσα,
1139 1823 1321 1874 πᾶσαν
1352 1824 1572 1878 πάντων
1597 1825 1732 1897 πρὸς
1763 1827 1892 1880 ἑαυ-

307 1907 410 1976 τὴν
434 1907 683 1961 συνέλκει
714 1908 930 1980 κίνησιν
953 1925 969 1943 ·
1006 1913 1120 1970 τοῖς
1165 1911 1266 1981 μὲν
1301 1917 1650 1987 παρεχομένη
1693 1917 1896 1985 γνῶσιν

302 1998 568 2068 ἀρίδηλον
587 1992 655 2070 ἦς
697 1999 1080 2070 ἐστερήθησαν
1117 2003 1342 2073 χάριτος
1373 2019 1389 2036 θ
1425 2007 1539 2067 τοῖς
1592 2006 1649 2059 δὲ
1691 2008 1896 2080 δωρου-

307 2090 451 2158 μένη
485 2092 606 2144 κατ’
640 2090 899 2162 αἴσθησιν
935 2092 1196 2164 ἄρρητον,
1255 2089 1320 2166 ἧς
1360 2092 1506 2168 εἶχον
1567 2100 1668 2170 τὴν
1708 2099 1894 2172 ἔφεσιν

303 2181 669 2254 ἀγαθότητος,
692 2187 758 2254 τῇ
789 2185 1010 2255 μεθέξει
1042 2187 1284 2257 φανερὰν
1307 2187 1406 2259 τὴν
1433 2189 1749 2260 ἐπίγνωσιν.

379 2424 480 2495 λγ¹.
535 2427 593 2479 Ὀ
635 2427 780 2494 νοῦς,
831 2430 1027 2498 σοφίας
1076 2431 1331 2503 ὄργανον,
1399 2436 1597 2505 φησίνο
1628 2438 1656 2489 6
1713 2439 1892 2506 λόγος,

300 2515 564 2584 γνώσεως
601 2533 616 2547 ·
650 2519 683 2587 ἠ
743 2520 868 2571 κατ’
923 2520 1092 2590 ἄμφω
1141 2526 1346 2593 φυσικῆ
1397 2525 1764 2598 πληροφορίας
1796 2531 1896 2599 τῆς

302 2605 434 2658 κατ’
470 2606 640 2675 ἄμφω
676 2611 1080 2682 συνισταμένης
1113 2613 1354 2678 πίστεως
1379 2631 1392 2645 ·
1422 2614 1516 2668 τοῦ
1563 2616 1619 2668 δὲ
1671 2617 1779 2670 τῶν
1816 2619 1895 2672 ία-

308 2695 505 2767 μάτων
563 2699 929 2770 χαρίσματος,
971 2705 1003 2773 ὴ
1053 2707 1262 2775 φυσικὴ
1323 2706 1726 2778 φιλανθρωπία.
1777 2711 1893 2764 Πᾶν

303 2787 421 2859 γάρ
443 2790 690 2861 χάρισμα
717 2793 880 2859 θεῖον,
903 2796 1208 2865 ἐπιτήδειον
1229 2799 1285 2851 ἐν
1308 2799 1436 2868 ἡμῖν
1463 2799 1576 2869 ἔχει
1608 2803 1699 2854 καὶ
1723 2819 1894 2872 προσ-

305 2881 469 2948 φυὲς,
504 2881 695 2954 ὥσπερ
733 2886 967 2957 δύναμιν
995 2929 1009 2953 ,
1044 2889 1076 2959 ἢ
1136 2889 1249 2953 ἕξιν
1291 2891 1324 2962 ἢ
1367 2893 1630 2960 διάθεσιν,
1662 2895 1892 2966 ὄργανον

303 2969 578 3030 δεκτικόν.
598 2971 742 3042 Οἴον,
763 2979 790 3030 ὁ
820 2978 911 3033 τὶν
929 2980 1051 3031 νοῦν
1075 2980 1258 3052 πάσης
1287 2984 1563 3054 αἰσθητῶν
1592 2988 1896 3055 φαντασίας

305 3064 545 3132 ποιήσας
595 3067 858 3137 καθαρὸν,
893 3071 1109 3140 δέχεται
1171 3073 1398 3140 σοφίανο
1429 3078 1456 3130 6
1490 3077 1547 3130 δὲ
1589 3079 1683 3131 τὸν
1737 3080 1894 3150 λόγον

303 3153 417 3204 τῶν
445 3156 704 3224 ἐμφύτων
730 3160 938 3228 παθῶν,
962 3163 1136 3232 θυμοῦ
1160 3166 1306 3234 λέγω
1336 3167 1431 3221 καὶ⁸
1454 3169 1774 3240 ἐπιθυμίας,
1801 3191 1897 3228 κα-

303 3247 590 3317 ταστήσας
623 3249 918 3322 δεσπότην,
946 3255 1162 3326 δέχεται
1197 3259 1405 3326 γνῶσιν
1433 3278 1446 3293 ·
1481 3264 1510 3314 6
1537 3263 1594 3318 δὲ
1621 3263 1722 3324 τὴν
1753 3267 1895 3321 κατὰ

303 3335 435 3394 κῦν
465 3340 560 3392 καὶ
594 3341 754 3411 λόγον
786 3346 914 3416 περὶ
942 3347 1013 3400 τά
1048 3347 1166 3401 θεῖα
1191 3351 1487 3406 ἀσάλευτον
1519 3331 1894 3427 πληροφορίαν

305 3429 472 3507 ἔχων,
516 3433 615 3503 τὴν
654 3437 832 3490 πάντα
887 3437 1196 3510 δυναμένην
1242 3442 1457 3513 δέχεται
1520 3447 1702 3500 πίστιν
1731 3464 1744 3478 ·
1776 3451 1803 3500 6
1837 3449 1893 3501 δὲ

302 3521 406 3592 τὴν
433 3525 669 3596 φυσικὴν
697 3529 1053 3600 κατορθώσας
1077 3534 1492 3607 φιλανθρωπίαν
1524 3539 1662 3608 μετὰ
1681 3540 1778 3610 τὴν
1802 3557 1894 3593 τε-

301 3613 462 3668 λείαν
524 3618 624 3686 τῆς
689 3619 979 3689 φιλαυτίας
1034 3625 1335 3695 ἀναίρεσιν,
1368 3629 1614 3698 ἰαμάτων
1675 3631 1892 3701 δέχεται

299 3706 637 3778 χαρίσματα.

376 3975 473 4034 λδ’.
505 3978 783 4044 Ἕκαστος
822 3984 981 4054 ἡμῶν
1002 4025 1015 4050 ,
1050 3988 1192 4042 κατὰ
1224 3989 1321 4062 τὴν
1353 3991 1651 4062 ἀναλογίαν
1679 3996 1780 4066 τῆς
1831 4001 1889 4052 ἐν

297 4067 454 4139 αὐτῷ
472 4069 732 4138 πίστεως,
750 4091 878 4142 φανε
889 4091 981 4146 ρου
990 4077 1159 4147 μένην
1181 4079 1440 4152 κέκτηται
1458 4084 1552 4138 τοῦ
1571 4085 1889 4156 Πνεύματος

295 4159 405 4231 τὴν
431 4161 742 4232 ἐνέργειαν.
776 4166 942 4220 Ὥστε
994 4171 1200 4241 ταμίας
1247 4174 1485 4246 ὑπάρχει
1525 4178 1625 4247 τῆς
1663 4179 1888 4251 χάριτος

293 4252 533 4318 ἕκαστος
583 4255 778 4310 ἑαυτοῦ
814 4275 828 4289 ·
865 4259 958 4312 καὶ
1016 4262 1199 4316 οὔποτ’
1230 4263 1298 4319 ἂν
1359 4263 1418 4321 εὖ
1476 4271 1690 4340 φρονῶν
1743 4273 1888 4344 ἄλλῳ

293 4343 624 4416 φθονήσειεν
665 4348 1104 4420 ὲνευδοκιμοῦντι
1141 4358 1264 4419 ταῖς
1318 4358 1558 4428 χάρισιν,
1607 4362 1695 4415 ἐπ’
1736 4343 1888 4436 αὐτῷ

2001 546 2184 616 luptas
2233 548 2580 616 indivisaque
2629 548 2759 601 unio
2799 555 2906 602 est.
2953 547 3216 602 Veritatis
3265 556 3448 601 autem
3489 562 3592 601 no-

1997 637 2170 701 mine,
2230 638 2482 691 onmium
2529 636 2878 701 notitiarum,
2935 637 3288 706 ipsorumque
3341 636 3589 691 onmium

1997 742 2120 796 qua:
2161 736 2471 781 noscuntur
2503 735 2669 796 atque
2706 726 2980 789 sciuntur,
3020 728 3180 780 ﬁnem
3221 726 3586 796 Signiﬁcavit;

1999 820 2052 871 in
2095 833 2280 888 quem,
2314 828 2374 872 ut
2401 819 2736 889 principium
2779 819 3053 887 ﬁnemque
3097 833 3282 871 rerum
3316 820 3584 881 omnium,

1997 911 2276 965 naturales
2305 920 2488 965 motus
2503 912 2746 981 generali
2773 910 3010 980 quadam
3039 908 3250 962 ratione
3273 921 3546 978 coguntur
3571 927 3583 962 :

1997 1017 2122 1056 cum
2156 1018 2352 1072 nempe
2393 1004 2578 1060 vincat
2619 1003 2801 1057 omnia
2843 1011 3102 1070 tanquam
3140 999 3360 1062 veritas,
3402 1016 3587 1053 rerum

1998 1092 2337 1162 principium
2377 1109 2440 1147 ac
2479 1109 2668 1157 causa,
2711 1099 2767 1146 et
2810 1093 2876 1145 ad
2924 1106 3002 1155 se,
3035 1105 3227 1145 eorum
3257 1105 3376 1158 qua:
3408 1097 3590 1144 creata

1998 1192 2146 1248 sunt,
2174 1185 2405 1253 perinde
2427 1194 2636 1240 motum
2665 1185 2865 1238 trahat.

2068 1274 2157 1327 '52.
2188 1273 2264 1326 Ea
2293 1274 2590 1327 multarum
2634 1273 2969 1342 privatione,
3011 1289 3132 1341 quae
3173 1287 3271 1342 per
3308 1272 3591 1326 excellcnc

1999 1363 2130 1417 tiam
2160 1373 2264 1428 est,
2301 1364 2505 1417 veritas
2551 1373 2612 1417 ut
2655 1380 2825 1417 unum
2869 1372 2926 1419 et
2951 1364 3228 1434 singulare
3253 1370 3453 1417 natura
3493 1379 3591 1417 sua

1997 1457 2198 1517 elucet.
2228 1456 2474 1509 omnium
2505 1473 2627 1526 qum
2652 1456 2962 1526 intelligere
2984 1464 3082 1510 aut
3113 1455 3348 1526 intelligi
3379 1455 3589 1521 valent,

1999 1547 2338 1616 intelligendi
2362 1547 2650 1601 facultates
2674 1548 2968 1617 obtegens;
3005 1548 3208 1617 quippe
3241 1563 3362 1617 quae
3393 1562 3591 1616 super-

1997 1638 2274 1692 essentiali
2323 1639 2663 1704 exsistentia,
2697 1655 2821 1693 cum
2849 1640 2958 1694 illis
2979 1656 3100 1709 quae
3125 1639 3589 1709 intelligunt,tum

1997 1744 2119 1798 qua!
2156 1729 2565 1798 intelliguntur,
2619 1731 2894 1796 emineat;
2949 1730 3274 1800 inﬁnitaque
3319 1731 3587 1800 potentia,

1999 1834 2181 1873 rerum
2233 1820 2609 1874 extremitates
2663 1827 2720 1874 et
2767 1819 3027 1890 principii
3080 1821 3296 1874 ratione
3347 1829 3404 1875 et
3462 1819 3589 1874 finis
3646 1842 3662 1878 .·

1997 1910 2534 1975 circumscribendo,
2578 1927 2798 1966 omnem
2849 1912 3097 1966 omnium
3150 1911 3217 1965 ad
3267 1927 3325 1966 se
3369 1920 3584 1967 motum

1996 2001 2204 2071 pariter
2232 2001 2415 2055 trahat
2447 2018 2460 2055 :
2496 2001 2622 2055 aliis
2653 2002 2878 2071 quidem
2907 2004 3028 2072 ejus
3047 2001 3236 2072 gratia:
3260 2017 3366 2070 qua
3387 2001 3590 2070 privati

1995 2102 2144 2158 sunt,
2175 2095 2377 2148 claram
2420 2095 2671 2149 notitiam
2717 2095 3003 2164 praebens;
3039 2093 3162 2149 aliis
3198 2107 3351 2156 vero,
3386 2108 3591 2147 arcano

1996 2201 2161 2240 sensu
2189 2202 2253 2241 ac
2277 2194 2463 2256 gustu,
2500 2203 2620 2241 eam
2649 2187 2975 2249 bonitatem,
3015 2187 3172 2256 cujus
3199 2185 3479 2240 desiderio
3504 2193 3592 2240 te-

1997 2279 2295 2343 nebantur,
2341 2294 2407 2334 ex
2457 2278 2816 2348 perceptione
2861 2277 3150 2333 manifeste
3189 2266 3590 2346 agno'scendam

1998 2368 2277 2422 tribuens.
3088 2441 3092 2445 _

2067 2459 2156 2512 53.
2193 2458 2531 2523 Intellectus,
2569 2458 2853 2529 sapientiae
2876 2473 3176 2529 organum;
3209 2460 3370 2522 ratio,
3406 2459 3593 2514 scien-

1998 2547 2119 2613 tia};
2195 2548 2484 2617 utriusque
2555 2549 2823 2603 naturalis
2894 2549 3192 2611 certitudo,
3255 2549 3403 2612 ﬁdei,
3469 2565 3592 2618 qua!

1997 2648 2233 2708 utraque
2261 2647 2495 2694 constat.
2547 2640 2682 2694 Doni
2725 2641 3046 2704 sanitatum,
3085 2640 3356 2694 naturalis
3392 2640 3590 2693 huma-

1995 2730 2139 2784 nitas
2180 2745 2246 2784 ac
2283 2730 2616 2800 benignitas.
2662 2729 2834 2794 Omne
2876 2731 3023 2784 enim
3064 2730 3313 2784 divinum
3357 2731 3590 2794 donum,

1997 2821 2256 2877 idoneum
2293 2823 2346 2877 in
2391 2823 2554 2877 nobis
2583 2824 3068 2894 commodumque,
3108 2824 3260 2878 velut
3286 2823 3587 2894 potentiam

1994 2920 2092 2966 aut
2119 2913 2368 2966 habitum
2406 2928 2503 2967 seu
2539 2912 2982 2982 dispositionem,
3013 2928 3280 2983 organum
3317 2913 3466 2967 illius
3491 2929 3588 2966 ca--

1996 3018 2101 3072 pax
2137 3004 2323 3057 habet.
2356 3003 2603 3072 Exempli
2643 3019 2828 3066 causa,
2865 3004 2960 3072 qui
3002 3004 3072 3057 ab
3109 3004 3258 3057 omni
3301 3017 3486 3058 rerum
3531 3002 3588 3058 in

1922 3121 1966 3181 α
1998 3109 2220 3148 sensum
2251 3093 2570 3148 cadentium
2611 3095 2941 3164 cogitatione
2986 3095 3230 3148 animum
3256 3095 3589 3150 emundave-

1999 3187 2092 3249 rit,
2132 3186 2457 3255 sapientiam
2486 3185 2682 3255 recipit
2715 3202 2728 3238 :
2771 3187 2865 3254 qui
2898 3201 3032 3240 vero
3067 3202 3260 3241 eorum
3289 3185 3589 3243 aﬂectuum

1996 3277 2092 3345 qui
2130 3292 2158 3329 a
2191 3284 2386 3330 natura
2413 3275 2575 3329 nobis
2611 3275 2764 3329 insiti
2803 3284 2934 3347 sunt
2964 3275 3081 3346 (irae
3103 3277 3316 3331 scilicet
3337 3285 3393 3330 et
3426 3278 3586 3346 cupi-

1995 3365 2202 3432 ditatis)
2262 3367 2531 3420 rat‘ionem
2581 3365 2848 3420 arbitram
2892 3367 3264 3430 constituerit,
3308 3367 3473 3438 566
3534 3369 3584 3423 is

1995 3457 2287 3511 scientiam
2316 3456 2556 3526 accipit:
2589 3455 2682 3525 qui
2711 3464 2892 3509 autem
2925 3465 3109 3510 mente
3138 3470 3202 3509 ac
3239 3456 3451 3510 ratione
3492 3457 3578 3510 in.

1993 3563 2314 3602 concussam
2346 3547 2491 3602 circa
2519 3547 2702 3600 divina
2740 3547 3130 3602 certitudinem
3167 3556 3362 3602 nactus
3395 3558 3500 3612 est,
3537 3549 3591 3606 ia

1995 3639 2144 3704 ﬁdei,
2172 3654 2298 3710 qua)
2329 3638 2514 3693 omnia
2549 3645 2754 3708 potest,
2793 3654 3018 3708 compos
3040 3639 3276 3693 efﬁcitur
3303 3657 3315 3692 :
3344 3641 3439 3710 qui
3484 3640 3583 3694 de-

1992 3737 2162 3806 nique
2195 3737 2411 3792 sublato
2445 3734 2687 3805 perfecte
2714 3749 2858 3790 caeco
2901 3735 2988 3789 sui
3028 3749 3219 3793 amore
3262 3749 3328 3787 ac
3370 3732 3589 3798 carnali

1995 3830 2307 3900 (φιλαυτίαν
2337 3825 2558 3898 vocant)
2592 3828 2900 3881 naturalem
2918 3827 3314 3886 humanitatem
3348 3824 3591 3894 adeptus,

1991 3931 2098 3987 est,
2128 3923 2176 3978 is
2195 3922 2355 3977 donis
2377 3922 2672 3977 sanitatum
2709 3922 2938 3991 potitur.

2062 4016 2150 4070 54.
2181 4014 2428 4083 Quisque
2448 4023 2722 4078 nostrum,
2763 4028 2862 4082 pro
2888 4013 3008 4083 ejus
3042 4011 3168 4066 ﬁdei
3193 4011 3428 4076 ratione,
3460 4027 3596 4081 qua}.

1993 4105 2048 4158 in
2080 4103 2199 4173 ipso
2233 4111 2337 4168 est,
2379 4101 2728 4157 manifestam
2775 4101 3117 4157 nanciseitur
3161 4101 3402 4171 Spiritus
3445 4117 3592 4171 ονε-ι

1991 4194 2282 4248 rationem.
2315 4191 2574 4258 Proinde,
2607 4208 2718 4246 sua:
2748 4192 3000 4262 quisquis
3021 4192 3208 4262 gratia:
3239 4193 3448 4246 arbiter
3471 4201 3588 4259 est,

1989 4301 2097 4339 nec
2137 4285 2282 4339 ullus
2317 4297 2563 4353 unquam
2587 4283 2705 4337 sani
2736 4282 2932 4352 capitis
2972 4297 3039 4337 eo
3065 4282 3288 4337 nomine
3315 4281 3407 4336 alii
3429 4282 3594 4350 Littvi-t

1990 4380 2155 4442 derit,
2188 4379 2334 4450 quod
2369 4378 2563 4449 gratiis
2599 4377 2841 4447 fulgeat;
2884 4377 3088 4447 quippe
3125 4393 3250 4431 cum
3292 4376 3591 4446 dispositio

293 4438 570 4509 κειμένης
634 4441 732 4512 τῆς
784 4444 1045 4516 δεκτικῆς
1099 4449 1208 4503 τῶν
1248 4450 1408 4506 θείων
1449 4455 1672 4524 ἀγαθῶν
1702 4458 1883 4514 διαθέ-

1997 4474 2272 4543 animique
2304 4471 2524 4526 affectio
2548 4471 2862 4526 divinorum
2883 4487 3056 4542 capax
3088 4471 3384 4536 honorum,
3425 4471 3481 4525 in
3509 4471 3588 4525 il‘

293 4546 466 4593 σεως.

370 4621 478 4716 Ae?
500 4623 682 4678 Αἴτιον
705 4620 843 4679 εἶναί
896 4646 1030 4700 φησι
1087 4631 1191 4702 τῆς
1239 4633 1347 4686 τῶν
1406 4635 1567 4692 θείων
1619 4640 1886 4716 διανομῆς

284 4714 542 4784 ἀγαθῶν,
566 4716 626 4769 τὸ
653 4718 854 4788 μέτρον
876 4720 976 4789 τῆς
999 4721 1230 4774 ἑκάστου
1263 4725 1520 4791 πίστεως.
1553 4729 1751 4797 Καθὼς

286 4805 654 4876 πιστεύομεν,
689 4809 784 4862 καὶ
811 4809 908 4879 τὴν
932 4811 1024 4863 ἐπὶ
1051 4812 1114 4864 τὸ
1146 4813 1407 4883 πράττειν
1432 4817 1535 4888 τῆς
1565 4821 1879 4895 προθυμίας

285 4896 539 4953 ἐπίδοσιν
569 4897 788 4969 ἔχομεν.
833 4900 892 4954 '0
922 4901 1051 4970 γοῦν
1087 4903 1367 4972 πράττων,
1408 4910 1549 4964 κατὰ
1593 4913 1691 4984 τὴν
1746 4916 1872 4970 ἁνα-

277 4988 485 5056 ,λογίαν
572 4991 673 5059 τῆς
755 4992 1008 5062 πράξεως
1079 4995 1448 5054 ἐπιδείκνυται
1533 5005 1594 5057 τὺ
1681 5007 1880 5080 μέτρον

285 5080 396 5150 τῆς
439 5080 712 5146 πίστεως,
762 5082 1049 5154 δεχόμενος
1111 5087 1188 5151 ὡς
1237 5090 1524 5146 ἐπίστευσε
1571 5096 1632 5149 τὸ
1683 5100 1880 5168 μέτρον

281 5173 396 5242 τῆς
447 5171 710 5243 χάριτοςο
763 5176 792 5226 6
839 5175 895 5230 δὲ
944 5177 1018 5248 μὴ
1076 5181 1347 5250 πράττων,
1411 5186 1552 5240 κατὰ
1608 5189 1706 5260 τὴν
1746 5191 1878 5246 ἀνα-

281 5262 489 5354 λογίαν
517 5263 616 5333 τῆς
669 5265 942 5335 ἀπραξίας
991 5271 1363 5327 ἐπιδείκνυται
1419 5277 1480 5329 τὸ
1539 5279 1738 5349 μέτρον
1783 5284 1882 5354 τῆς

285 5353 578 5418 ᾁπιστίας,
619 5355 910 5426 δεχόμενος
946 5359 1022 5424 ὡς
1055 5362 1347 5433 ἠπίστησε,
1382 5367 1482 5437 τῆς
1521 5371 1746 5439 χάριτος
1783 5353 1881 5444 τὴν

289 5443 576 5513 στέρησιν.
596 5446 805 5499 Οὐκοῦν
829 5450 1015 5511 κακῶς
1041 5457 1184 5506 ποιεῖ
1208 5454 1518 5522 βασκαίνων
1542 5464 1654 5526 τοῖς
1681 5443 1878 5536 κατορ-

287 5531 486 5588 Θοῦσιν
512 5535 541 5586 6
571 5535 867 5608 φθονερὸς.
908 5539 993 5594 ἐπ’
1029 5543 1177 5615 αὐτῷ
1220 5547 1409 5616 σαφῶς
1431 5588 1444 5613 ,
1481 5552 1580 5604 οὐκ
1613 5553 1700 5606 ἐπ’
1731 5531 1876 5626 ἄλλῳ

369 5711 418 5748 ⁸⁸
451 5711 610 5774 Rom.
646 5732 735 5786 xu,
780 5724 826 5784 6_

1991 4569 2101 4623 lius
2134 4567 2206 4620 sit
2224 4565 2328 4620 sita
2354 4564 2532 4618 libera
2562 4564 2872 4618 voluntate.

2061 4657 2150 4712 '55.
2191 4656 2424 4710 Causam
2445 4671 2567 4710 esse
2592 4655 2668 4709 ait
2697 4653 3112 4709 distributionis
3133 4653 3447 4707 divinorum
3472 4651 3584 4706 bo-t

1991 4764 2211 4812 norum,
2245 4747 2371 4802 ﬁdei
2400 4748 2667 4818 cujusque
2711 4760 3027 4800 mensuram
3066 4745 3133 4797 ⁸⁵.
3184 4745 3290 4798 Pro
3317 4757 3384 4796 eo
3427 4744 3581 4797 enim

1981 4857 2045 4896 ac
2071 4840 2371 4903 credimus,
2398 4839 2564 4893 etiam
2591 4837 2659 4892 ad
2685 4836 2955 4908 agendum
2984 4835 3208 4905 majoris
3235 4834 3344 4887 vim
3377 4834 3578 4889 alacri...

1979 4933 2109 4987 tatis
2132 4931 2418 4985 habemus.
2463 4931 2568 4996 Qui
2605 4945 2736 4999 ergo
2767 4929 2986 4983 actione
3030 4926 3299 4995 fungitur,
3330 4940 3432 4995 pro
3455 4926 3577 4994 ejus

1982 5028 2098 5072 rata
2127 5019 2362 5082 ratione,
2397 5017 2522 5073 ﬁdei
2552 5032 2866 5071 mensuram
2906 5014 3171 5078 ostendit,
3206 5015 3394 5084 gratia:
3424 5028 3577 5067 men-

1984 5125 2170 5164 suram
2206 5118 2421 5172 nactus,
2444 5125 2545 5178 pro
2583 5125 2648 5164 eo
2669 5108 2994 5163 accredidit
3023 5124 3036 5160 :
3072 5107 3166 5176 qui
3197 5115 3380 5160 autem
3405 5105 3578 5160 actio-

1990 5212 2116 5251 nem
2151 5214 2259 5253 non
2299 5209 2542 5269 prmstat,
2575 5214 2673 5269 pro
2700 5197 2928 5253 desidia:
2973 5196 3135 5250 modo
3171 5194 3576 5250 incredulitatis

1989 5304 2305 5344 mensuram
2353 5291 2558 5360 prodit,
2595 5289 2786 5360 gratia:
2809 5287 3123 5358 privatione
3158 5287 3440 5348 multatus,
3473 5299 3572 5354 pro

1986 5393 2054 5432 eo
2082 5394 2146 5433 ac
2184 5379 2287 5434 fuit
2320 5380 2658 5435 incredulus.
2688 5379 2824 5436 Male
2852 5378 3019 5448 igitur
3047 5377 3198 5440 facit,
3235 5376 3330 5445 qui
3367 5373 3572 5427 invidia

1983 5469 2264 5534 laborans,
2297 5471 2530 5526 aliorum
2563 5471 2771 5525 virtute
2803 5469 3164 5532 contabescit,
3191 5483 3316 5521 cum
3350 5466 3402 5518 in
3427 5465 3568 5533 eius.

1983 5575 2092 5616 non
2115 5563 2364 5629 alterius,
2393 5565 2678 5636 perspicue
2709 5563 2892 5634 posita
2917 5561 2986 5616 sit
3025 5561 3278 5614 facultate
3304 5553 3566 5613 credendi
