  <div class='ocr_page' id='page_1' title='image "/cluster/home/n/w/nwhite01/storage/ocr_20150623/90:no.1/coo.31924054869940/653.png"; bbox 0 0 4020 6410; ppageno 0'>
   <div class='ocr_carea' id='block_1_1' title="bbox 512 333 653 402">
    <p class='ocr_par' dir='ltr' id='par_1_1' title="bbox 512 333 653 402">
     <span class='ocr_line' id='line_1_1' title="bbox 512 333 653 402; baseline 0.014 -2"><span class='ocrx_word' id='word_1_1' title='bbox 512 333 653 402; x_wconf 60' lang='grc'><strong>1975</strong></span> 
     </span>
    </p>
   </div>
   <div class='ocr_carea' id='block_1_2' title="bbox 1675 342 2610 404">
    <p class='ocr_par' dir='ltr' id='par_1_2' title="bbox 1675 342 2610 404">
     <span class='ocr_line' id='line_1_2' title="bbox 1675 342 2610 404; baseline 0.003 -3"><span class='ocrx_word' id='word_1_2' title='bbox 1675 343 1736 401; x_wconf 90' lang='lat' dir='ltr'><strong>S.</strong></span> <span class='ocrx_word' id='word_1_3' title='bbox 1772 342 2059 403; x_wconf 82' lang='grc' dir='ltr'><strong>ΜΑΧΙΜΙ</strong></span> <span class='ocrx_word' id='word_1_4' title='bbox 2097 342 2610 404; x_wconf 80' lang='lat' dir='ltr'><strong>CONFESSOBIS</strong></span> 
     </span>
    </p>
   </div>
   <div class='ocr_carea' id='block_1_3' title="bbox 3606 346 3718 413">
    <p class='ocr_par' dir='ltr' id='par_1_3' title="bbox 3606 346 3718 413">
     <span class='ocr_line' id='line_1_3' title="bbox 3606 346 3718 413; baseline 0.018 -2"><span class='ocrx_word' id='word_1_5' title='bbox 3606 346 3718 413; x_wconf 66' lang='lat'><strong>19.76</strong></span> 
     </span>
    </p>
   </div>
   <div class='ocr_carea' id='block_1_4' title="bbox 509 444 2098 522">
    <p class='ocr_par' dir='ltr' id='par_1_4' title="bbox 509 444 2094 520">
     <span class='ocr_line' id='line_1_4' title="bbox 509 444 2094 520; baseline 0.002 -19"><span class='ocrx_word' id='word_1_6' title='bbox 509 453 676 517; x_wconf 88' lang='lat' dir='ltr'><strong>atque</strong></span> <span class='ocrx_word' id='word_1_7' title='bbox 711 445 907 517; x_wconf 85' lang='lat' dir='ltr'><strong>agendi</strong></span> <span class='ocrx_word' id='word_1_8' title='bbox 941 444 1114 515; x_wconf 87' lang='lat' dir='ltr'><strong>optio,</strong></span> <span class='ocrx_word' id='word_1_9' title='bbox 1149 453 1208 501; x_wconf 90' lang='lat' dir='ltr'><strong>et</strong></span> <span class='ocrx_word' id='word_1_10' title='bbox 1248 453 1312 501; x_wconf 89' lang='lat' dir='ltr'><strong>ut</strong></span> <span class='ocrx_word' id='word_1_11' title='bbox 1337 448 1407 502; x_wconf 84' lang='lat' dir='ltr'><strong>ad</strong></span> <span class='ocrx_word' id='word_1_12' title='bbox 1447 447 1573 503; x_wconf 75' lang='lat' dir='ltr'><strong>ﬁdei</strong></span> <span class='ocrx_word' id='word_1_13' title='bbox 1618 464 1933 505; x_wconf 85' lang='lat' dir='ltr'><strong>mensuram</strong></span> <span class='ocrx_word' id='word_1_14' title='bbox 1966 464 2094 520; x_wconf 88' lang='lat' dir='ltr'><strong>pcr-</strong></span> 
     </span>
    </p>
   </div>
   <div class='ocr_carea' id='block_1_5' title="bbox 2198 444 3721 522">
    <p class='ocr_par' dir='ltr' id='par_1_5' title="bbox 2198 451 3721 522">
     <span class='ocr_line' id='line_1_5' title="bbox 2198 451 3721 522; baseline 0.002 -18"><span class='ocrx_word' id='word_1_15' title='bbox 2198 453 2459 522; x_wconf 77' lang='grc' dir='ltr'><strong>κειμένης</strong></span> <span class='ocrx_word' id='word_1_16' title='bbox 2496 452 2598 522; x_wconf 79' lang='grc' dir='ltr'><strong>τῆς</strong></span> <span class='ocrx_word' id='word_1_17' title='bbox 2658 451 2767 504; x_wconf 87' lang='grc' dir='ltr'><strong>τῶν</strong></span> <span class='ocrx_word' id='word_1_18' title='bbox 2806 451 3087 506; x_wconf 74' lang='grc' dir='ltr'><strong>πιστεύειν</strong></span> <span class='ocrx_word' id='word_1_19' title='bbox 3134 469 3194 505; x_wconf 83' lang='grc' dir='ltr'><strong>τε</strong></span> <span class='ocrx_word' id='word_1_20' title='bbox 3227 451 3322 505; x_wconf 71' lang='grc' dir='ltr'><strong>καὶ</strong></span> <span class='ocrx_word' id='word_1_21' title='bbox 3359 452 3616 521; x_wconf 79' lang='grc' dir='ltr'><strong>πράττειν,</strong></span> <span class='ocrx_word' id='word_1_22' title='bbox 3639 454 3721 511; x_wconf 75' lang='grc' dir='ltr'><strong>καὶ</strong></span> 
     </span>
    </p>
   </div>
   <div class='ocr_carea' id='block_1_6' title="bbox 452 537 1374 613">
    <p class='ocr_par' dir='ltr' id='par_1_6' title="bbox 452 537 1374 613">
     <span class='ocr_line' id='line_1_6' title="bbox 452 537 1374 613; baseline 0.001 -23"><span class='ocrx_word' id='word_1_23' title='bbox 452 560 457 577; x_wconf 80' lang='grc' dir='ltr'><strong>ι</strong></span> <span class='ocrx_word' id='word_1_24' title='bbox 510 539 810 613; x_wconf 71' lang='lat' dir='ltr'><strong>ﬁngentem</strong></span> <span class='ocrx_word' id='word_1_25' title='bbox 852 537 1083 608; x_wconf 76' lang='lat' dir='ltr'><strong>gratiam</strong></span> <span class='ocrx_word' id='word_1_26' title='bbox 1112 538 1374 608; x_wconf 86' lang='lat' dir='ltr'><strong>accipiat.</strong></span> 
     </span>
    </p>
   </div>
   <div class='ocr_carea' id='block_1_7' title="bbox 577 711 2097 784">
    <p class='ocr_par' dir='ltr' id='par_1_7' title="bbox 577 711 2097 784">
     <span class='ocr_line' id='line_1_7' title="bbox 577 711 2097 784; baseline 0.005 -19"><span class='ocrx_word' id='word_1_27' title='bbox 577 711 666 766; x_wconf 76' lang='lat'><strong>56.</strong></span> <span class='ocrx_word' id='word_1_28' title='bbox 698 711 802 777; x_wconf 86' lang='lat' dir='ltr'><strong>Qui</strong></span> <span class='ocrx_word' id='word_1_29' title='bbox 832 712 1051 767; x_wconf 86' lang='lat' dir='ltr'><strong>honesti</strong></span> <span class='ocrx_word' id='word_1_30' title='bbox 1085 729 1275 768; x_wconf 88' lang='lat' dir='ltr'><strong>amans</strong></span> <span class='ocrx_word' id='word_1_31' title='bbox 1301 723 1407 779; x_wconf 89' lang='lat' dir='ltr'><strong>est,</strong></span> <span class='ocrx_word' id='word_1_32' title='bbox 1440 731 1540 784; x_wconf 90' lang='lat' dir='ltr'><strong>per</strong></span> <span class='ocrx_word' id='word_1_33' title='bbox 1567 715 1975 771; x_wconf 74' lang='lat' dir='ltr'><strong>Providentiam</strong></span> <span class='ocrx_word' id='word_1_34' title='bbox 2010 733 2097 773; x_wconf 81' lang='lat' dir='ltr'><strong>sa-</strong></span> 
     </span>
    </p>
   </div>
   <div class='ocr_carea' id='block_1_8' title="bbox 512 801 2095 877">
    <p class='ocr_par' dir='ltr' id='par_1_8' title="bbox 512 801 2095 877">
     <span class='ocr_line' id='line_1_8' title="bbox 512 801 2095 877; baseline 0.004 -22"><span class='ocrx_word' id='word_1_35' title='bbox 512 801 733 871; x_wconf 62' lang='lat' dir='ltr'><strong>pientiae</strong></span> <span class='ocrx_word' id='word_1_36' title='bbox 769 802 1082 859; x_wconf 78' lang='lat' dir='ltr'><strong>rationibus</strong></span> <span class='ocrx_word' id='word_1_37' title='bbox 1123 814 1318 873; x_wconf 81' lang='lat' dir='ltr'><strong>sponte</strong></span> <span class='ocrx_word' id='word_1_38' title='bbox 1361 806 1430 860; x_wconf 88' lang='lat' dir='ltr'><strong>ad</strong></span> <span class='ocrx_word' id='word_1_39' title='bbox 1469 805 1839 877; x_wconf 75' lang='lat' dir='ltr'><strong>deificationis</strong></span> <span class='ocrx_word' id='word_1_40' title='bbox 1874 807 2095 863; x_wconf 80' lang='lat' dir='ltr'><strong>festinat</strong></span> 
     </span>
    </p>
   </div>
   <div class='ocr_carea' id='block_1_9' title="bbox 511 894 2096 966">
    <p class='ocr_par' dir='ltr' id='par_1_9' title="bbox 511 894 2096 966">
     <span class='ocr_line' id='line_1_9' title="bbox 511 894 2096 966; baseline 0.003 -21"><span class='ocrx_word' id='word_1_41' title='bbox 511 894 742 962; x_wconf 79' lang='lat' dir='ltr'><strong>gratiam</strong></span> <span class='ocrx_word' id='word_1_42' title='bbox 774 911 786 946; x_wconf 89' lang='lat'>:</span> <span class='ocrx_word' id='word_1_43' title='bbox 817 907 983 964; x_wconf 86' lang='lat' dir='ltr'><strong>quem</strong></span> <span class='ocrx_word' id='word_1_44' title='bbox 1017 909 1152 949; x_wconf 88' lang='lat' dir='ltr'><strong>vero</strong></span> <span class='ocrx_word' id='word_1_45' title='bbox 1174 895 1323 950; x_wconf 89' lang='lat' dir='ltr'><strong>illius</strong></span> <span class='ocrx_word' id='word_1_46' title='bbox 1369 895 1550 960; x_wconf 67' lang='lat' dir='ltr'><strong>tradet,</strong></span> <span class='ocrx_word' id='word_1_47' title='bbox 1583 896 1736 965; x_wconf 85' lang='lat' dir='ltr'><strong>justo</strong></span> <span class='ocrx_word' id='word_1_48' title='bbox 1767 896 1978 966; x_wconf 85' lang='lat' dir='ltr'><strong>judicio</strong></span> <span class='ocrx_word' id='word_1_49' title='bbox 2007 912 2096 950; x_wconf 84' lang='lat' dir='ltr'><strong>ca-</strong></span> 
     </span>
    </p>
   </div>
   <div class='ocr_carea' id='block_1_10' title="bbox 514 983 2092 1055">
    <p class='ocr_par' dir='ltr' id='par_1_10' title="bbox 514 983 2092 1055">
     <span class='ocr_line' id='line_1_10' title="bbox 514 983 2092 1055; baseline 0.003 -19"><span class='ocrx_word' id='word_1_50' title='bbox 514 983 827 1053; x_wconf 86' lang='lat' dir='ltr'><strong>stigationis</strong></span> <span class='ocrx_word' id='word_1_51' title='bbox 848 983 1027 1039; x_wconf 89' lang='lat' dir='ltr'><strong>modis</strong></span> <span class='ocrx_word' id='word_1_52' title='bbox 1063 999 1094 1038; x_wconf 92' lang='lat' dir='ltr'><strong>a</strong></span> <span class='ocrx_word' id='word_1_53' title='bbox 1125 986 1394 1055; x_wconf 82' lang='lat' dir='ltr'><strong>pravitate</strong></span> <span class='ocrx_word' id='word_1_54' title='bbox 1420 1000 1484 1039; x_wconf 89' lang='lat' dir='ltr'><strong>ac</strong></span> <span class='ocrx_word' id='word_1_55' title='bbox 1523 986 1668 1040; x_wconf 90' lang='lat' dir='ltr'><strong>malo</strong></span> <span class='ocrx_word' id='word_1_56' title='bbox 1702 986 1908 1041; x_wconf 87' lang='lat' dir='ltr'><strong>invitus</strong></span> <span class='ocrx_word' id='word_1_57' title='bbox 1933 1003 2092 1041; x_wconf 87' lang='lat' dir='ltr'><strong>revo-</strong></span> 
     </span>
    </p>
   </div>
   <div class='ocr_carea' id='block_1_11' title="bbox 513 1076 2095 1149">
    <p class='ocr_par' dir='ltr' id='par_1_11' title="bbox 513 1076 2095 1149">
     <span class='ocr_line' id='line_1_11' title="bbox 513 1076 2095 1149; baseline 0.005 -22"><span class='ocrx_word' id='word_1_58' title='bbox 513 1084 703 1141; x_wconf 86' lang='lat' dir='ltr'><strong>catur;</strong></span> <span class='ocrx_word' id='word_1_59' title='bbox 736 1076 819 1131; x_wconf 92' lang='lat' dir='ltr'><strong>sic</strong></span> <span class='ocrx_word' id='word_1_60' title='bbox 858 1076 1039 1145; x_wconf 83' lang='lat' dir='ltr'><strong>plane,</strong></span> <span class='ocrx_word' id='word_1_61' title='bbox 1089 1084 1151 1130; x_wconf 89' lang='lat' dir='ltr'><strong>ut</strong></span> <span class='ocrx_word' id='word_1_62' title='bbox 1180 1077 1319 1149; x_wconf 73' lang='lat' dir='ltr'><strong>alter</strong></span> <span class='ocrx_word' id='word_1_63' title='bbox 1354 1085 1615 1146; x_wconf 86' lang='lat' dir='ltr'><strong>tanquam</strong></span> <span class='ocrx_word' id='word_1_64' title='bbox 1659 1078 1756 1132; x_wconf 88' lang='lat' dir='ltr'><strong>Dei</strong></span> <span class='ocrx_word' id='word_1_65' title='bbox 1801 1094 1991 1133; x_wconf 88' lang='lat' dir='ltr'><strong>amans</strong></span> <span class='ocrx_word' id='word_1_66' title='bbox 2030 1095 2095 1135; x_wconf 87' lang='lat' dir='ltr'><strong>ac</strong></span> 
     </span>
    </p>
   </div>
   <div class='ocr_carea' id='block_1_12' title="bbox 513 1166 2093 1236">
    <p class='ocr_par' dir='ltr' id='par_1_12' title="bbox 513 1166 2093 1236">
     <span class='ocr_line' id='line_1_12' title="bbox 513 1166 2093 1236; baseline 0.004 -18"><span class='ocrx_word' id='word_1_67' title='bbox 513 1166 822 1235; x_wconf 81' lang='lat' dir='ltr'><strong>religiosus,</strong></span> <span class='ocrx_word' id='word_1_68' title='bbox 866 1183 965 1236; x_wconf 90' lang='lat' dir='ltr'><strong>per</strong></span> <span class='ocrx_word' id='word_1_69' title='bbox 997 1168 1403 1222; x_wconf 82' lang='lat' dir='ltr'><strong>Providentiam</strong></span> <span class='ocrx_word' id='word_1_70' title='bbox 1444 1168 1765 1234; x_wconf 86' lang='lat' dir='ltr'><strong>deilicetur;</strong></span> <span class='ocrx_word' id='word_1_71' title='bbox 1804 1170 1942 1223; x_wconf 88' lang='lat' dir='ltr'><strong>alter</strong></span> <span class='ocrx_word' id='word_1_72' title='bbox 1962 1186 2093 1225; x_wconf 90' lang='lat' dir='ltr'><strong>vero</strong></span> 
     </span>
    </p>
   </div>
   <div class='ocr_carea' id='block_1_13' title="bbox 512 1255 2091 1325">
    <p class='ocr_par' dir='ltr' id='par_1_13' title="bbox 512 1255 2091 1325">
     <span class='ocr_line' id='line_1_13' title="bbox 512 1255 2091 1325; baseline 0.003 -17"><span class='ocrx_word' id='word_1_73' title='bbox 512 1270 614 1323; x_wconf 84' lang='lat' dir='ltr'><strong>per</strong></span> <span class='ocrx_word' id='word_1_74' title='bbox 637 1255 930 1325; x_wconf 88' lang='lat' dir='ltr'><strong>judicium,</strong></span> <span class='ocrx_word' id='word_1_75' title='bbox 966 1256 1121 1311; x_wconf 86' lang='lat' dir='ltr'><strong>velut</strong></span> <span class='ocrx_word' id='word_1_76' title='bbox 1156 1264 1502 1312; x_wconf 86' lang='lat' dir='ltr'><strong>terrenorum</strong></span> <span class='ocrx_word' id='word_1_77' title='bbox 1535 1272 1746 1320; x_wconf 87' lang='lat' dir='ltr'><strong>amans,</strong></span> <span class='ocrx_word' id='word_1_78' title='bbox 1778 1258 1835 1311; x_wconf 92' lang='lat' dir='ltr'><strong>in</strong></span> <span class='ocrx_word' id='word_1_79' title='bbox 1864 1258 2091 1313; x_wconf 86' lang='lat' dir='ltr'><strong>damna-</strong></span> 
     </span>
    </p>
   </div>
   <div class='ocr_carea' id='block_1_14' title="bbox 514 1344 2090 1411">
    <p class='ocr_par' dir='ltr' id='par_1_14' title="bbox 514 1344 2090 1411">
     <span class='ocr_line' id='line_1_14' title="bbox 514 1344 2090 1411; baseline 0.002 -14"><span class='ocrx_word' id='word_1_80' title='bbox 514 1344 721 1399; x_wconf 84' lang='lat' dir='ltr'><strong>tionem</strong></span> <span class='ocrx_word' id='word_1_81' title='bbox 759 1345 950 1400; x_wconf 89' lang='lat' dir='ltr'><strong>venire</strong></span> <span class='ocrx_word' id='word_1_82' title='bbox 995 1361 1108 1400; x_wconf 91' lang='lat' dir='ltr'><strong>non</strong></span> <span class='ocrx_word' id='word_1_83' title='bbox 1153 1346 1388 1400; x_wconf 88' lang='lat' dir='ltr'><strong>sinatur.</strong></span> <span class='ocrx_word' id='word_1_84' title='bbox 1430 1346 1577 1399; x_wconf 89' lang='lat' dir='ltr'><strong>Deus</strong></span> <span class='ocrx_word' id='word_1_85' title='bbox 1616 1345 1764 1399; x_wconf 87' lang='lat' dir='ltr'><strong>enim</strong></span> <span class='ocrx_word' id='word_1_86' title='bbox 1806 1353 1865 1399; x_wconf 89' lang='lat' dir='ltr'><strong>ut</strong></span> <span class='ocrx_word' id='word_1_87' title='bbox 1892 1346 2090 1411; x_wconf 88' lang='lat' dir='ltr'><strong>bonus,</strong></span> 
     </span>
    </p>
   </div>
   <div class='ocr_carea' id='block_1_15' title="bbox 514 1436 2092 1509">
    <p class='ocr_par' dir='ltr' id='par_1_15' title="bbox 514 1436 2092 1509">
     <span class='ocr_line' id='line_1_15' title="bbox 514 1436 2092 1509; baseline 0.002 -20"><span class='ocrx_word' id='word_1_88' title='bbox 514 1436 797 1505; x_wconf 62' lang='lat' dir='ltr'><strong>sapientiae</strong></span> <span class='ocrx_word' id='word_1_89' title='bbox 826 1437 1139 1493; x_wconf 87' lang='lat' dir='ltr'><strong>rationibus</strong></span> <span class='ocrx_word' id='word_1_90' title='bbox 1186 1446 1345 1494; x_wconf 85' lang='lat' dir='ltr'><strong>curat</strong></span> <span class='ocrx_word' id='word_1_91' title='bbox 1375 1453 1493 1503; x_wconf 90' lang='lat' dir='ltr'><strong>eos,</strong></span> <span class='ocrx_word' id='word_1_92' title='bbox 1529 1438 1625 1509; x_wconf 88' lang='lat' dir='ltr'><strong>qui</strong></span> <span class='ocrx_word' id='word_1_93' title='bbox 1649 1437 1931 1492; x_wconf 85' lang='lat' dir='ltr'><strong>voluntate</strong></span> <span class='ocrx_word' id='word_1_94' title='bbox 1959 1453 2092 1507; x_wconf 89' lang='lat' dir='ltr'><strong>pro-</strong></span> 
     </span>
    </p>
   </div>
   <div class='ocr_carea' id='block_1_16' title="bbox 514 1527 2095 1599">
    <p class='ocr_par' dir='ltr' id='par_1_16' title="bbox 514 1527 2095 1599">
     <span class='ocr_line' id='line_1_16' title="bbox 514 1527 2095 1599; baseline 0.001 -19"><span class='ocrx_word' id='word_1_95' title='bbox 514 1527 671 1596; x_wconf 88' lang='lat' dir='ltr'><strong>pensi</strong></span> <span class='ocrx_word' id='word_1_96' title='bbox 708 1528 821 1582; x_wconf 89' lang='lat' dir='ltr'><strong>sint</strong></span> <span class='ocrx_word' id='word_1_97' title='bbox 853 1546 866 1581; x_wconf 91' lang='lat'><strong>:</strong></span> <span class='ocrx_word' id='word_1_98' title='bbox 901 1528 995 1598; x_wconf 86' lang='lat' dir='ltr'><strong>qui</strong></span> <span class='ocrx_word' id='word_1_99' title='bbox 1034 1537 1215 1583; x_wconf 86' lang='lat' dir='ltr'><strong>autem</strong></span> <span class='ocrx_word' id='word_1_100' title='bbox 1259 1544 1403 1599; x_wconf 70' lang='lat' dir='ltr'><strong>aegre</strong></span> <span class='ocrx_word' id='word_1_101' title='bbox 1441 1527 1511 1582; x_wconf 89' lang='lat' dir='ltr'><strong>ad</strong></span> <span class='ocrx_word' id='word_1_102' title='bbox 1545 1528 1806 1583; x_wconf 85' lang='lat' dir='ltr'><strong>virtutem</strong></span> <span class='ocrx_word' id='word_1_103' title='bbox 1836 1542 2095 1582; x_wconf 89' lang='lat' dir='ltr'><strong>movean-</strong></span> 
     </span>
    </p>
   </div>
   <div class='ocr_carea' id='block_1_17' title="bbox 516 1617 1456 1688">
    <p class='ocr_par' dir='ltr' id='par_1_17' title="bbox 516 1617 1456 1688">
     <span class='ocr_line' id='line_1_17' title="bbox 516 1617 1456 1688; baseline 0.001 -19"><span class='ocrx_word' id='word_1_104' title='bbox 516 1625 627 1680; x_wconf 87' lang='lat' dir='ltr'><strong>tur,</strong></span> <span class='ocrx_word' id='word_1_105' title='bbox 664 1625 824 1671; x_wconf 85' lang='lat' dir='ltr'><strong>sanat</strong></span> <span class='ocrx_word' id='word_1_106' title='bbox 849 1617 1229 1688; x_wconf 81' lang='lat' dir='ltr'><strong>castigationis</strong></span> <span class='ocrx_word' id='word_1_107' title='bbox 1254 1617 1456 1673; x_wconf 88' lang='lat' dir='ltr'><strong>modis.</strong></span> 
     </span>
    </p>
   </div>
   <div class='ocr_carea' id='block_1_18' title="bbox 585 1706 2089 1773">
    <p class='ocr_par' dir='ltr' id='par_1_18' title="bbox 585 1706 2089 1773">
     <span class='ocr_line' id='line_1_18' title="bbox 585 1706 2089 1773; baseline 0.001 -12"><span class='ocrx_word' id='word_1_108' title='bbox 585 1706 674 1761; x_wconf 78' lang='grc'><strong>57.</strong></span> <span class='ocrx_word' id='word_1_109' title='bbox 708 1706 839 1773; x_wconf 65' lang='lat' dir='ltr'><strong>Quae</strong></span> <span class='ocrx_word' id='word_1_110' title='bbox 868 1723 997 1762; x_wconf 89' lang='lat' dir='ltr'><strong>vere</strong></span> <span class='ocrx_word' id='word_1_111' title='bbox 1044 1707 1180 1762; x_wconf 86' lang='lat' dir='ltr'><strong>fides</strong></span> <span class='ocrx_word' id='word_1_112' title='bbox 1216 1716 1324 1771; x_wconf 89' lang='lat' dir='ltr'><strong>est,</strong></span> <span class='ocrx_word' id='word_1_113' title='bbox 1351 1707 1557 1763; x_wconf 86' lang='lat' dir='ltr'><strong>veritas</strong></span> <span class='ocrx_word' id='word_1_114' title='bbox 1591 1714 1696 1769; x_wconf 85' lang='lat' dir='ltr'><strong>est,</strong></span> <span class='ocrx_word' id='word_1_115' title='bbox 1739 1707 2089 1763; x_wconf 86' lang='lat' dir='ltr'><strong>mendacium</strong></span> 
     </span>
    </p>
   </div>
   <div class='ocr_carea' id='block_1_19' title="bbox 2197 541 3722 614">
    <p class='ocr_par' dir='ltr' id='par_1_19' title="bbox 2197 541 3722 614">
     <span class='ocr_line' id='line_1_19' title="bbox 2197 541 3722 614; baseline 0.004 -20"><span class='ocrx_word' id='word_1_116' title='bbox 2197 541 2336 613; x_wconf 79' lang='grc' dir='ltr'><strong>πρὸς</strong></span> <span class='ocrx_word' id='word_1_117' title='bbox 2375 541 2437 594; x_wconf 78' lang='grc' dir='ltr'><strong>τὸ</strong></span> <span class='ocrx_word' id='word_1_118' title='bbox 2470 541 2667 612; x_wconf 81' lang='grc' dir='ltr'><strong>μέτρον</strong></span> <span class='ocrx_word' id='word_1_119' title='bbox 2713 541 2818 612; x_wconf 83' lang='grc' dir='ltr'><strong>τῆς</strong></span> <span class='ocrx_word' id='word_1_120' title='bbox 2861 541 3099 607; x_wconf 79' lang='grc' dir='ltr'><strong>πίστεως</strong></span> <span class='ocrx_word' id='word_1_121' title='bbox 3157 543 3456 614; x_wconf 75' lang='grc' dir='ltr'><strong>ἐρχομένην</strong></span> <span class='ocrx_word' id='word_1_122' title='bbox 3498 544 3722 611; x_wconf 77' lang='grc' dir='ltr'><strong>δέξασθαι</strong></span> 
     </span>
    </p>
   </div>
   <div class='ocr_carea' id='block_1_20' title="bbox 2196 631 2813 704">
    <p class='ocr_par' dir='ltr' id='par_1_20' title="bbox 2196 631 2813 704">
     <span class='ocr_line' id='line_1_20' title="bbox 2196 631 2813 704; baseline 0.003 -19"><span class='ocrx_word' id='word_1_123' title='bbox 2196 631 2295 704; x_wconf 77' lang='grc' dir='ltr'><strong>τὴν</strong></span> <span class='ocrx_word' id='word_1_124' title='bbox 2327 633 2506 704; x_wconf 86' lang='grc' dir='ltr'><strong>χάριν,</strong></span> <span class='ocrx_word' id='word_1_125' title='bbox 2531 632 2813 701; x_wconf 80' lang='grc' dir='ltr'><strong>ὲπιλογῆς.</strong></span> 
     </span>
    </p>
   </div>
   <div class='ocr_carea' id='block_1_21' title="bbox 2266 724 3725 796">
    <p class='ocr_par' dir='ltr' id='par_1_21' title="bbox 2266 724 3725 796">
     <span class='ocr_line' id='line_1_21' title="bbox 2266 724 3725 796; baseline 0.003 -19"><span class='ocrx_word' id='word_1_126' title='bbox 2266 725 2376 790; x_wconf 83' lang='grc' dir='ltr'><strong>λς’.</strong></span> <span class='ocrx_word' id='word_1_127' title='bbox 2418 726 2477 778; x_wconf 86' lang='grc' dir='ltr'>Ὁ</span> <span class='ocrx_word' id='word_1_128' title='bbox 2495 724 2604 778; x_wconf 89' lang='grc' dir='ltr'><strong>τῶν</strong></span> <span class='ocrx_word' id='word_1_129' title='bbox 2629 724 2808 779; x_wconf 84' lang='grc' dir='ltr'><strong>καλῶν</strong></span> <span class='ocrx_word' id='word_1_130' title='bbox 2833 724 3089 796; x_wconf 72' lang='grc' dir='ltr'><strong>ἐραστὴς,</strong></span> <span class='ocrx_word' id='word_1_131' title='bbox 3121 724 3263 778; x_wconf 78' lang='grc' dir='ltr'><strong>κατά</strong></span> <span class='ocrx_word' id='word_1_132' title='bbox 3288 724 3537 795; x_wconf 80' lang='grc' dir='ltr'><strong>πρόνοιαν</strong></span> <span class='ocrx_word' id='word_1_133' title='bbox 3560 730 3725 795; x_wconf 75' lang='grc' dir='ltr'><strong>σοφίας</strong></span> 
     </span>
    </p>
   </div>
   <div class='ocr_carea' id='block_1_22' title="bbox 2195 814 3729 887">
    <p class='ocr_par' dir='ltr' id='par_1_22' title="bbox 2195 814 3729 887">
     <span class='ocr_line' id='line_1_22' title="bbox 2195 814 3729 887; baseline 0.003 -18"><span class='ocrx_word' id='word_1_134' title='bbox 2195 816 2371 886; x_wconf 74' lang='grc' dir='ltr'><strong>λόγοις</strong></span> <span class='ocrx_word' id='word_1_135' title='bbox 2432 817 2696 880; x_wconf 72' lang='grc' dir='ltr'><strong>ἑκουσίως</strong></span> <span class='ocrx_word' id='word_1_136' title='bbox 2739 816 3018 884; x_wconf 74' lang='grc' dir='ltr'><strong>ἐπείγεται</strong></span> <span class='ocrx_word' id='word_1_137' title='bbox 3073 814 3209 886; x_wconf 74' lang='grc' dir='ltr'><strong>πρὸς</strong></span> <span class='ocrx_word' id='word_1_138' title='bbox 3242 815 3341 887; x_wconf 78' lang='grc' dir='ltr'><strong>τὴν</strong></span> <span class='ocrx_word' id='word_1_139' title='bbox 3387 817 3481 887; x_wconf 83' lang='grc' dir='ltr'><strong>τῆς</strong></span> <span class='ocrx_word' id='word_1_140' title='bbox 3510 816 3729 884; x_wconf 82' lang='grc' dir='ltr'><strong>θεώσεως</strong></span> 
     </span>
    </p>
   </div>
   <div class='ocr_carea' id='block_1_23' title="bbox 2194 906 3731 979">
    <p class='ocr_par' dir='ltr' id='par_1_23' title="bbox 2194 906 3731 979">
     <span class='ocr_line' id='line_1_23' title="bbox 2194 906 3731 979; baseline 0 -16"><span class='ocrx_word' id='word_1_141' title='bbox 2194 910 2354 979; x_wconf 83' lang='grc' dir='ltr'><strong>χάριν</strong></span> <span class='ocrx_word' id='word_1_142' title='bbox 2380 923 2395 938; x_wconf 70' lang='grc' dir='ltr'>δ</span> <span class='ocrx_word' id='word_1_143' title='bbox 2438 909 2468 960; x_wconf 87' lang='grc' dir='ltr'>ὁ</span> <span class='ocrx_word' id='word_1_144' title='bbox 2512 908 2569 962; x_wconf 80' lang='grc' dir='ltr'><strong>δὲ</strong></span> <span class='ocrx_word' id='word_1_145' title='bbox 2624 906 2832 960; x_wconf 83' lang='grc' dir='ltr'><strong>τούτων</strong></span> <span class='ocrx_word' id='word_1_146' title='bbox 2878 907 3195 977; x_wconf 75' lang='grc' dir='ltr'><strong>ἀνέραστος,</strong></span> <span class='ocrx_word' id='word_1_147' title='bbox 3223 906 3365 959; x_wconf 65' lang='grc' dir='ltr'><strong>κατὰ</strong></span> <span class='ocrx_word' id='word_1_148' title='bbox 3405 907 3499 976; x_wconf 75' lang='grc' dir='ltr'><strong>τὴν</strong></span> <span class='ocrx_word' id='word_1_149' title='bbox 3540 908 3731 965; x_wconf 80' lang='grc' dir='ltr'><strong>δικαίαν</strong></span> 
     </span>
    </p>
   </div>
   <div class='ocr_carea' id='block_1_24' title="bbox 2195 996 3729 1071">
    <p class='ocr_par' dir='ltr' id='par_1_24' title="bbox 2195 996 3729 1071">
     <span class='ocr_line' id='line_1_24' title="bbox 2195 996 3729 1071; baseline 0.001 -20"><span class='ocrx_word' id='word_1_150' title='bbox 2195 999 2399 1071; x_wconf 79' lang='grc' dir='ltr'><strong>κρίσιν,</strong></span> <span class='ocrx_word' id='word_1_151' title='bbox 2421 997 2672 1061; x_wconf 78' lang='grc' dir='ltr'><strong>παιδείας</strong></span> <span class='ocrx_word' id='word_1_152' title='bbox 2700 997 2924 1066; x_wconf 81' lang='grc' dir='ltr'><strong>τρόποις</strong></span> <span class='ocrx_word' id='word_1_153' title='bbox 2950 996 3221 1053; x_wconf 74' lang='grc' dir='ltr'><strong>ἀκουσίως</strong></span> <span class='ocrx_word' id='word_1_154' title='bbox 3240 996 3442 1060; x_wconf 84' lang='grc' dir='ltr'><strong>κακίας</strong></span> <span class='ocrx_word' id='word_1_155' title='bbox 3466 998 3729 1068; x_wconf 73' lang='grc' dir='ltr'><strong>ἀπάγεται·</strong></span> 
     </span>
    </p>
   </div>
   <div class='ocr_carea' id='block_1_25' title="bbox 2193 1086 3736 1159">
    <p class='ocr_par' dir='ltr' id='par_1_25' title="bbox 2193 1086 3736 1159">
     <span class='ocr_line' id='line_1_25' title="bbox 2193 1086 3736 1159; baseline 0.001 -18"><span class='ocrx_word' id='word_1_156' title='bbox 2193 1090 2223 1141; x_wconf 86' lang='grc' dir='ltr'><strong>ὁ</strong></span> <span class='ocrx_word' id='word_1_157' title='bbox 2258 1089 2379 1158; x_wconf 78' lang='grc' dir='ltr'><strong>μὲν,</strong></span> <span class='ocrx_word' id='word_1_158' title='bbox 2409 1087 2485 1151; x_wconf 81' lang='grc' dir='ltr'><strong>ὡς</strong></span> <span class='ocrx_word' id='word_1_159' title='bbox 2516 1086 2763 1157; x_wconf 83' lang='grc' dir='ltr'><strong>φιλόθεος</strong></span> <span class='ocrx_word' id='word_1_160' title='bbox 2802 1087 2890 1140; x_wconf 76' lang='grc' dir='ltr'><strong>διὰ</strong></span> <span class='ocrx_word' id='word_1_161' title='bbox 2922 1088 3023 1157; x_wconf 83' lang='grc' dir='ltr'><strong>τῆς</strong></span> <span class='ocrx_word' id='word_1_162' title='bbox 3060 1087 3327 1158; x_wconf 73' lang='grc' dir='ltr'><strong>προνοίας</strong></span> <span class='ocrx_word' id='word_1_163' title='bbox 3381 1086 3681 1159; x_wconf 85' lang='grc' dir='ltr'><strong>θεούμενος·</strong></span> <span class='ocrx_word' id='word_1_164' title='bbox 3708 1093 3736 1143; x_wconf 74' lang='grc' dir='ltr'><strong><em>ὁ</em></strong></span> 
     </span>
    </p>
   </div>
   <div class='ocr_carea' id='block_1_26' title="bbox 2192 1176 3737 1249">
    <p class='ocr_par' dir='ltr' id='par_1_26' title="bbox 2192 1176 3737 1249">
     <span class='ocr_line' id='line_1_26' title="bbox 2192 1176 3737 1249; baseline 0.002 -18"><span class='ocrx_word' id='word_1_165' title='bbox 2192 1178 2271 1241; x_wconf 83' lang='grc' dir='ltr'><strong>δὲ,</strong></span> <span class='ocrx_word' id='word_1_166' title='bbox 2302 1176 2389 1230; x_wconf 79' lang='grc' dir='ltr'><strong>διὰ</strong></span> <span class='ocrx_word' id='word_1_167' title='bbox 2443 1178 2541 1243; x_wconf 83' lang='grc' dir='ltr'><strong>τῆς</strong></span> <span class='ocrx_word' id='word_1_168' title='bbox 2610 1177 2867 1248; x_wconf 75' lang='grc' dir='ltr'><strong>κρίσεως,</strong></span> <span class='ocrx_word' id='word_1_169' title='bbox 2909 1176 2983 1240; x_wconf 85' lang='grc' dir='ltr'><strong>ὡς</strong></span> <span class='ocrx_word' id='word_1_170' title='bbox 3019 1176 3272 1246; x_wconf 81' lang='grc' dir='ltr'>φιλόϋλος</span> <span class='ocrx_word' id='word_1_171' title='bbox 3321 1179 3401 1240; x_wconf 86' lang='grc' dir='ltr'><strong>εἰς</strong></span> <span class='ocrx_word' id='word_1_172' title='bbox 3445 1179 3737 1249; x_wconf 78' lang='grc' dir='ltr'><strong>κατάκρισιν</strong></span> 
     </span>
    </p>
   </div>
   <div class='ocr_carea' id='block_1_27' title="bbox 2194 1268 3734 1341">
    <p class='ocr_par' dir='ltr' id='par_1_27' title="bbox 2194 1268 3734 1341">
     <span class='ocr_line' id='line_1_27' title="bbox 2194 1268 3734 1341; baseline 0.007 -17"><span class='ocrx_word' id='word_1_173' title='bbox 2194 1270 2369 1324; x_wconf 80' lang='grc' dir='ltr'>ἐλθεῖν</span> <span class='ocrx_word' id='word_1_174' title='bbox 2405 1270 2479 1341; x_wconf 78' lang='grc' dir='ltr'><strong>μὴ</strong></span> <span class='ocrx_word' id='word_1_175' title='bbox 2510 1269 2981 1340; x_wconf 81' lang='grc' dir='ltr'><strong>συγχωρούμενος.</strong></span> <span class='ocrx_word' id='word_1_176' title='bbox 3024 1270 3083 1324; x_wconf 89' lang='lat'><strong>&#39;0</strong></span> <span class='ocrx_word' id='word_1_177' title='bbox 3107 1269 3216 1341; x_wconf 78' lang='grc' dir='ltr'><strong>γάρ</strong></span> <span class='ocrx_word' id='word_1_178' title='bbox 3242 1269 3375 1332; x_wconf 80' lang='grc' dir='ltr'><strong>Θεὸς</strong></span> <span class='ocrx_word' id='word_1_179' title='bbox 3422 1268 3495 1332; x_wconf 82' lang='grc' dir='ltr'><strong>ὼς</strong></span> <span class='ocrx_word' id='word_1_180' title='bbox 3539 1270 3734 1339; x_wconf 72' lang='grc' dir='ltr'><strong>ἀγαθὸς.</strong></span> 
     </span>
    </p>
   </div>
   <div class='ocr_carea' id='block_1_28' title="bbox 2198 1360 3739 1433">
    <p class='ocr_par' dir='ltr' id='par_1_28' title="bbox 2198 1360 3739 1433">
     <span class='ocr_line' id='line_1_28' title="bbox 2198 1360 3739 1433; baseline -0.001 -18"><span class='ocrx_word' id='word_1_181' title='bbox 2198 1364 2391 1431; x_wconf 84' lang='grc' dir='ltr'>σοφίας</span> <span class='ocrx_word' id='word_1_182' title='bbox 2443 1361 2542 1432; x_wconf 79' lang='grc' dir='ltr'><strong>μὲν</strong></span> <span class='ocrx_word' id='word_1_183' title='bbox 2591 1362 2773 1431; x_wconf 84' lang='grc' dir='ltr'><strong>λόγοις</strong></span> <span class='ocrx_word' id='word_1_184' title='bbox 2801 1360 3097 1433; x_wconf 80' lang='grc' dir='ltr'><strong>θεραπεύει</strong></span> <span class='ocrx_word' id='word_1_185' title='bbox 3140 1362 3267 1424; x_wconf 79' lang='grc' dir='ltr'><strong>τοὺς</strong></span> <span class='ocrx_word' id='word_1_186' title='bbox 3300 1360 3549 1425; x_wconf 78' lang='grc' dir='ltr'><strong>θέλοντας</strong></span> <span class='ocrx_word' id='word_1_187' title='bbox 3581 1378 3594 1392; x_wconf 92' lang='grc'>·</span> <span class='ocrx_word' id='word_1_188' title='bbox 3628 1380 3739 1415; x_wconf 86' lang='grc' dir='ltr'><strong>παι-</strong></span> 
     </span>
    </p>
   </div>
   <div class='ocr_carea' id='block_1_29' title="bbox 2192 1452 3740 1525">
    <p class='ocr_par' dir='ltr' id='par_1_29' title="bbox 2192 1452 3740 1525">
     <span class='ocr_line' id='line_1_29' title="bbox 2192 1452 3740 1525; baseline 0.001 -19"><span class='ocrx_word' id='word_1_189' title='bbox 2192 1453 2340 1517; x_wconf 61' lang='lat' dir='ltr'><strong>sua;</strong></span> <span class='ocrx_word' id='word_1_190' title='bbox 2396 1454 2453 1507; x_wconf 80' lang='grc' dir='ltr'><strong>δὲ</strong></span> <span class='ocrx_word' id='word_1_191' title='bbox 2500 1453 2744 1525; x_wconf 76' lang='grc' dir='ltr'><strong>τρόποις,</strong></span> <span class='ocrx_word' id='word_1_192' title='bbox 2789 1454 2918 1517; x_wconf 80' lang='grc' dir='ltr'><strong>τοὺς</strong></span> <span class='ocrx_word' id='word_1_193' title='bbox 2972 1452 3114 1523; x_wconf 73' lang='grc' dir='ltr'><strong>πρὸς</strong></span> <span class='ocrx_word' id='word_1_194' title='bbox 3162 1452 3366 1523; x_wconf 78' lang='grc' dir='ltr'><strong>ἀρετὴν</strong></span> <span class='ocrx_word' id='word_1_195' title='bbox 3418 1454 3740 1524; x_wconf 77' lang='grc' dir='ltr'><strong>δυσκινήτονς</strong></span> 
     </span>
    </p>
   </div>
   <div class='ocr_carea' id='block_1_30' title="bbox 2197 1547 2935 1666">
    <p class='ocr_par' dir='ltr' id='par_1_30' title="bbox 2197 1547 2935 1666">
     <span class='ocr_line' id='line_1_30' title="bbox 2197 1547 2935 1666; baseline 0.003 -68"><span class='ocrx_word' id='word_1_196' title='bbox 2197 1547 2365 1599; x_wconf 73' lang='grc' dir='ltr'><strong>ἰᾶται.</strong></span> <span class='ocrx_word' id='word_1_197' title='bbox 2917 1628 2935 1666; x_wconf 50' lang='grc' dir='ltr'>ι</span> 
     </span>
    </p>
   </div>
   <div class='ocr_carea' id='block_1_31' title="bbox 2265 1717 3743 1792">
    <p class='ocr_par' dir='ltr' id='par_1_31' title="bbox 2265 1717 3743 1792">
     <span class='ocr_line' id='line_1_31' title="bbox 2265 1717 3743 1792; baseline -0.002 -18"><span class='ocrx_word' id='word_1_198' title='bbox 2265 1722 2363 1787; x_wconf 77' lang='grc' dir='ltr'><strong>λζ’.</strong></span> <span class='ocrx_word' id='word_1_199' title='bbox 2389 1723 2454 1775; x_wconf 86' lang='lat' dir='ltr'><strong>&#39;H</strong></span> <span class='ocrx_word' id='word_1_200' title='bbox 2482 1722 2583 1792; x_wconf 86' lang='grc' dir='ltr'><strong>μὲν</strong></span> <span class='ocrx_word' id='word_1_201' title='bbox 2608 1720 2773 1784; x_wconf 77' lang='grc' dir='ltr'><strong>ὅντως</strong></span> <span class='ocrx_word' id='word_1_202' title='bbox 2814 1720 3029 1783; x_wconf 80' lang='grc' dir='ltr'><strong>πίστις,</strong></span> <span class='ocrx_word' id='word_1_203' title='bbox 3056 1719 3288 1790; x_wconf 78' lang='grc' dir='ltr'><strong>ἀλήθειά</strong></span> <span class='ocrx_word' id='word_1_204' title='bbox 3318 1719 3440 1772; x_wconf 77' lang='grc' dir='ltr'><strong>ἐστι</strong></span> <span class='ocrx_word' id='word_1_205' title='bbox 3481 1717 3743 1785; x_wconf 81' lang='grc' dir='ltr'><strong>συνεκτική</strong></span> 
     </span>
    </p>
   </div>
   <div class='ocr_carea' id='block_1_32' title="bbox 510 1783 2098 1884">
    <p class='ocr_par' dir='ltr' id='par_1_32' title="bbox 510 1796 2087 1868">
     <span class='ocr_line' id='line_1_32' title="bbox 510 1796 2087 1868; baseline 0.002 -18"><span class='ocrx_word' id='word_1_206' title='bbox 510 1805 625 1850; x_wconf 84' lang='lat' dir='ltr'><strong>non</strong></span> <span class='ocrx_word' id='word_1_207' title='bbox 648 1796 877 1862; x_wconf 83' lang='lat' dir='ltr'><strong>habens,</strong></span> <span class='ocrx_word' id='word_1_208' title='bbox 903 1812 1024 1867; x_wconf 62' lang='lat' dir='ltr'><strong>quae</strong></span> <span class='ocrx_word' id='word_1_209' title='bbox 1045 1798 1327 1854; x_wconf 87' lang='lat' dir='ltr'><strong>contineat</strong></span> <span class='ocrx_word' id='word_1_210' title='bbox 1365 1812 1431 1853; x_wconf 84' lang='lat' dir='ltr'><strong>ac</strong></span> <span class='ocrx_word' id='word_1_211' title='bbox 1482 1798 1913 1853; x_wconf 87' lang='lat' dir='ltr'><strong>incolumitatem</strong></span> <span class='ocrx_word' id='word_1_212' title='bbox 1947 1814 2087 1868; x_wconf 66' lang='lat' dir='ltr'><strong>prae-</strong></span> 
     </span>
    </p>
   </div>
   <div class='ocr_carea' id='block_1_33' title="bbox 2198 1783 3747 1884">
    <p class='ocr_par' dir='ltr' id='par_1_33' title="bbox 2198 1783 3747 1884">
     <span class='ocr_line' id='line_1_33' title="bbox 2198 1783 3747 1884; baseline -0.006 -14"><span class='ocrx_word' id='word_1_213' title='bbox 2198 1833 2251 1870; x_wconf 84' lang='grc' dir='ltr'><strong>τε</strong></span> <span class='ocrx_word' id='word_1_214' title='bbox 2286 1783 2380 1869; x_wconf 74' lang='grc' dir='ltr'><strong>καὶ</strong></span> <span class='ocrx_word' id='word_1_215' title='bbox 2427 1783 2745 1884; x_wconf 70' lang='grc' dir='ltr'><strong>συστατικὴ,</strong></span> <span class='ocrx_word' id='word_1_216' title='bbox 2794 1810 2988 1881; x_wconf 77' lang='grc' dir='ltr'><strong>ψεῦδος</strong></span> <span class='ocrx_word' id='word_1_217' title='bbox 3047 1783 3161 1864; x_wconf 60' lang='grc' dir='ltr'><strong>οὐκ</strong></span> <span class='ocrx_word' id='word_1_218' title='bbox 3196 1809 3399 1881; x_wconf 68' lang='grc' dir='ltr'><strong>ἔχουσα</strong></span> <span class='ocrx_word' id='word_1_219' title='bbox 3425 1827 3440 1842; x_wconf 87' lang='grc'><strong>·</strong></span> <span class='ocrx_word' id='word_1_220' title='bbox 3466 1810 3501 1881; x_wconf 78' lang='grc' dir='ltr'><strong>ἡ</strong></span> <span class='ocrx_word' id='word_1_221' title='bbox 3552 1809 3607 1862; x_wconf 80' lang='grc' dir='ltr'><strong>δὲ</strong></span> <span class='ocrx_word' id='word_1_222' title='bbox 3629 1783 3747 1877; x_wconf 38' lang='lat' dir='ltr'><strong>divar-</strong></span> 
     </span>
    </p>
   </div>
   <div class='ocr_carea' id='block_1_34' title="bbox 513 1888 2089 1957">
    <p class='ocr_par' dir='ltr' id='par_1_34' title="bbox 513 1888 2089 1957">
     <span class='ocr_line' id='line_1_34' title="bbox 513 1888 2089 1957; baseline 0.003 -16"><span class='ocrx_word' id='word_1_223' title='bbox 513 1894 658 1953; x_wconf 86' lang='lat' dir='ltr'><strong>stet;</strong></span> <span class='ocrx_word' id='word_1_224' title='bbox 697 1888 841 1942; x_wconf 88' lang='lat' dir='ltr'><strong>bona</strong></span> <span class='ocrx_word' id='word_1_225' title='bbox 881 1904 1016 1943; x_wconf 90' lang='lat' dir='ltr'><strong>vero</strong></span> <span class='ocrx_word' id='word_1_226' title='bbox 1047 1888 1405 1955; x_wconf 86' lang='lat' dir='ltr'><strong>conscientia,</strong></span> <span class='ocrx_word' id='word_1_227' title='bbox 1435 1889 1544 1943; x_wconf 92' lang='lat' dir='ltr'><strong>vim</strong></span> <span class='ocrx_word' id='word_1_228' title='bbox 1570 1889 1736 1946; x_wconf 75' lang='lat' dir='ltr'><strong>infert</strong></span> <span class='ocrx_word' id='word_1_229' title='bbox 1783 1891 2089 1957; x_wconf 88' lang='lat' dir='ltr'><strong>eharitatis,</strong></span> 
     </span>
    </p>
   </div>
   <div class='ocr_carea' id='block_1_35' title="bbox 512 1977 2018 2051">
    <p class='ocr_par' dir='ltr' id='par_1_35' title="bbox 512 1977 2018 2051">
     <span class='ocr_line' id='line_1_35' title="bbox 512 1977 2018 2051; baseline 0.006 -21"><span class='ocrx_word' id='word_1_230' title='bbox 512 1977 719 2047; x_wconf 85' lang='lat' dir='ltr'><strong>quippe</strong></span> <span class='ocrx_word' id='word_1_231' title='bbox 752 1979 956 2033; x_wconf 89' lang='lat' dir='ltr'><strong>nullam</strong></span> <span class='ocrx_word' id='word_1_232' title='bbox 994 1979 1757 2051; x_wconf 67' lang='lat' dir='ltr'><strong>mandatitransgressionem</strong></span> <span class='ocrx_word' id='word_1_233' title='bbox 1788 1983 2018 2039; x_wconf 86' lang='lat' dir='ltr'><strong>habens.</strong></span> 
     </span>
    </p>
   </div>
   <div class='ocr_carea' id='block_1_36' title="bbox 583 2068 2095 2145">
    <p class='ocr_par' dir='ltr' id='par_1_36' title="bbox 583 2068 2095 2145">
     <span class='ocr_line' id='line_1_36' title="bbox 583 2068 2095 2145; baseline 0.004 -22"><span class='ocrx_word' id='word_1_234' title='bbox 583 2068 674 2123; x_wconf 81' lang='lat'><strong>58.</strong></span> <span class='ocrx_word' id='word_1_235' title='bbox 696 2068 763 2122; x_wconf 85' lang='lat' dir='ltr'><strong>Et</strong></span> <span class='ocrx_word' id='word_1_236' title='bbox 786 2070 1125 2139; x_wconf 69' lang='lat' dir='ltr'><strong>requiescant,</strong></span> <span class='ocrx_word' id='word_1_237' title='bbox 1155 2068 1352 2140; x_wconf 87' lang='lat' dir='ltr'><strong>inquit,</strong></span> <span class='ocrx_word' id='word_1_238' title='bbox 1386 2087 1545 2141; x_wconf 79' lang='lat' dir='ltr'><strong>super</strong></span> <span class='ocrx_word' id='word_1_239' title='bbox 1570 2088 1699 2128; x_wconf 82' lang='lat' dir='ltr'><strong>eum</strong></span> <span class='ocrx_word' id='word_1_240' title='bbox 1713 2081 1911 2144; x_wconf 75' lang='lat' dir='ltr'><strong>septem</strong></span> <span class='ocrx_word' id='word_1_241' title='bbox 1936 2076 2095 2145; x_wconf 80' lang='lat' dir='ltr'><strong>spiri-</strong></span> 
     </span>
    </p>
   </div>
   <div class='ocr_carea' id='block_1_37' title="bbox 514 2160 2094 2236">
    <p class='ocr_par' dir='ltr' id='par_1_37' title="bbox 514 2160 2094 2236">
     <span class='ocr_line' id='line_1_37' title="bbox 514 2160 2094 2236; baseline 0.006 -24"><span class='ocrx_word' id='word_1_242' title='bbox 514 2165 635 2213; x_wconf 78' lang='lat' dir='ltr'><strong>tus:</strong></span> <span class='ocrx_word' id='word_1_243' title='bbox 664 2160 879 2230; x_wconf 84' lang='lat' dir='ltr'><strong>spiritus</strong></span> <span class='ocrx_word' id='word_1_244' title='bbox 900 2162 1196 2231; x_wconf 65' lang='lat' dir='ltr'><strong>sapientiae,</strong></span> <span class='ocrx_word' id='word_1_245' title='bbox 1226 2163 1442 2232; x_wconf 80' lang='lat' dir='ltr'><strong>spiritus</strong></span> <span class='ocrx_word' id='word_1_246' title='bbox 1457 2163 1841 2235; x_wconf 69' lang='lat' dir='ltr'><strong>intelligemus,</strong></span> <span class='ocrx_word' id='word_1_247' title='bbox 1877 2167 2094 2236; x_wconf 84' lang='lat' dir='ltr'><strong>spiritus</strong></span> 
     </span>
    </p>
   </div>
   <div class='ocr_carea' id='block_1_38' title="bbox 513 2244 2094 2327">
    <p class='ocr_par' dir='ltr' id='par_1_38' title="bbox 513 2244 2094 2327">
     <span class='ocr_line' id='line_1_38' title="bbox 513 2244 2094 2327; baseline 0.004 -21"><span class='ocrx_word' id='word_1_248' title='bbox 513 2252 765 2318; x_wconf 66' lang='lat' dir='ltr'><strong>scientia,</strong></span> <span class='ocrx_word' id='word_1_249' title='bbox 807 2253 1022 2323; x_wconf 85' lang='lat' dir='ltr'><strong>spiritus</strong></span> <span class='ocrx_word' id='word_1_250' title='bbox 1066 2253 1379 2322; x_wconf 67' lang='lat' dir='ltr'><strong>prudentia,</strong></span> <span class='ocrx_word' id='word_1_251' title='bbox 1418 2257 1636 2326; x_wconf 74' lang='lat' dir='ltr'><strong>spiritus</strong></span> <span class='ocrx_word' id='word_1_252' title='bbox 1677 2257 1901 2321; x_wconf 78' lang='lat' dir='ltr'><strong>consilii,</strong></span> <span class='ocrx_word' id='word_1_253' title='bbox 1935 2244 2094 2327; x_wconf 73' lang='lat'><strong>567</strong></span> 
     </span>
    </p>
   </div>
   <div class='ocr_carea' id='block_1_39' title="bbox 517 2343 2095 2414">
    <p class='ocr_par' dir='ltr' id='par_1_39' title="bbox 517 2343 2095 2414">
     <span class='ocr_line' id='line_1_39' title="bbox 517 2343 2095 2414; baseline 0.004 -18"><span class='ocrx_word' id='word_1_254' title='bbox 517 2343 735 2412; x_wconf 79' lang='lat' dir='ltr'><strong>spiritus</strong></span> <span class='ocrx_word' id='word_1_255' title='bbox 764 2343 1112 2413; x_wconf 74' lang='lat' dir='ltr'><strong>fortitudinis,</strong></span> <span class='ocrx_word' id='word_1_256' title='bbox 1154 2345 1374 2414; x_wconf 81' lang='lat' dir='ltr'><strong>spiritus</strong></span> <span class='ocrx_word' id='word_1_257' title='bbox 1405 2347 1607 2399; x_wconf 88' lang='lat' dir='ltr'><strong>timoris</strong></span> <span class='ocrx_word' id='word_1_258' title='bbox 1638 2346 1733 2401; x_wconf 73' lang='lat' dir='ltr'><strong>Dei</strong></span> <span class='ocrx_word' id='word_1_259' title='bbox 1776 2347 1843 2400; x_wconf 76' lang='grc'><strong>⁸⁸.</strong></span> <span class='ocrx_word' id='word_1_260' title='bbox 1890 2348 2095 2402; x_wconf 80' lang='lat' dir='ltr'><strong>Horum</strong></span> 
     </span>
    </p>
   </div>
   <div class='ocr_carea' id='block_1_40' title="bbox 518 2433 2098 2504">
    <p class='ocr_par' dir='ltr' id='par_1_40' title="bbox 518 2433 2098 2504">
     <span class='ocr_line' id='line_1_40' title="bbox 518 2433 2098 2504; baseline 0.003 -18"><span class='ocrx_word' id='word_1_261' title='bbox 518 2442 705 2487; x_wconf 88' lang='lat' dir='ltr'><strong>autem</strong></span> <span class='ocrx_word' id='word_1_262' title='bbox 722 2433 1095 2503; x_wconf 87' lang='lat' dir='ltr'><strong>spiritualium</strong></span> <span class='ocrx_word' id='word_1_263' title='bbox 1117 2434 1390 2489; x_wconf 89' lang='lat' dir='ltr'><strong>donorum</strong></span> <span class='ocrx_word' id='word_1_264' title='bbox 1431 2436 1711 2504; x_wconf 88' lang='lat' dir='ltr'><strong>proprium</strong></span> <span class='ocrx_word' id='word_1_265' title='bbox 1737 2447 1854 2490; x_wconf 89' lang='lat' dir='ltr'><strong>est:</strong></span> <span class='ocrx_word' id='word_1_266' title='bbox 1883 2436 2098 2490; x_wconf 89' lang='lat' dir='ltr'><strong>timoris</strong></span> 
     </span>
    </p>
   </div>
   <div class='ocr_carea' id='block_1_41' title="bbox 517 2522 2100 2594">
    <p class='ocr_par' dir='ltr' id='par_1_41' title="bbox 517 2522 2100 2594">
     <span class='ocr_line' id='line_1_41' title="bbox 517 2522 2100 2594; baseline 0.003 -18"><span class='ocrx_word' id='word_1_267' title='bbox 517 2522 765 2594; x_wconf 89' lang='lat' dir='ltr'><strong>quidem,</strong></span> <span class='ocrx_word' id='word_1_268' title='bbox 813 2536 877 2580; x_wconf 83' lang='lat' dir='ltr'><strong>ut</strong></span> <span class='ocrx_word' id='word_1_269' title='bbox 917 2524 1292 2580; x_wconf 87' lang='lat' dir='ltr'><strong>abstineamus</strong></span> <span class='ocrx_word' id='word_1_270' title='bbox 1330 2540 1362 2579; x_wconf 87' lang='lat' dir='ltr'><strong>a</strong></span> <span class='ocrx_word' id='word_1_271' title='bbox 1402 2525 1594 2591; x_wconf 89' lang='lat' dir='ltr'><strong>malis;</strong></span> <span class='ocrx_word' id='word_1_272' title='bbox 1638 2525 1998 2591; x_wconf 83' lang='lat' dir='ltr'><strong>fortitudinis,</strong></span> <span class='ocrx_word' id='word_1_273' title='bbox 2039 2534 2100 2580; x_wconf 90' lang='lat' dir='ltr'><strong>ut</strong></span> 
     </span>
    </p>
   </div>
   <div class='ocr_carea' id='block_1_42' title="bbox 520 2613 2096 2684">
    <p class='ocr_par' dir='ltr' id='par_1_42' title="bbox 520 2613 2096 2684">
     <span class='ocr_line' id='line_1_42' title="bbox 520 2613 2096 2684; baseline 0.004 -20"><span class='ocrx_word' id='word_1_274' title='bbox 520 2613 661 2666; x_wconf 78' lang='lat' dir='ltr'><strong>bona</strong></span> <span class='ocrx_word' id='word_1_275' title='bbox 687 2628 1019 2682; x_wconf 86' lang='lat' dir='ltr'><strong>operemur;</strong></span> <span class='ocrx_word' id='word_1_276' title='bbox 1051 2615 1291 2677; x_wconf 84' lang='lat' dir='ltr'><strong>consilii,</strong></span> <span class='ocrx_word' id='word_1_277' title='bbox 1314 2624 1375 2671; x_wconf 86' lang='lat' dir='ltr'><strong>ut</strong></span> <span class='ocrx_word' id='word_1_278' title='bbox 1392 2616 1668 2672; x_wconf 90' lang='lat' dir='ltr'><strong>contraria</strong></span> <span class='ocrx_word' id='word_1_279' title='bbox 1691 2616 2096 2684; x_wconf 87' lang='lat' dir='ltr'><strong>discernamus;</strong></span> 
     </span>
    </p>
   </div>
   <div class='ocr_carea' id='block_1_43' title="bbox 515 2705 2099 2782">
    <p class='ocr_par' dir='ltr' id='par_1_43' title="bbox 515 2705 2099 2782">
     <span class='ocr_line' id='line_1_43' title="bbox 515 2705 2099 2782; baseline 0.001 -19"><span class='ocrx_word' id='word_1_280' title='bbox 515 2705 846 2779; x_wconf 73' lang='lat' dir='ltr'><strong>prudentiae,</strong></span> <span class='ocrx_word' id='word_1_281' title='bbox 876 2717 936 2765; x_wconf 91' lang='lat' dir='ltr'><strong>ut</strong></span> <span class='ocrx_word' id='word_1_282' title='bbox 956 2723 1079 2781; x_wconf 70' lang='lat' dir='ltr'><strong>quo:</strong></span> <span class='ocrx_word' id='word_1_283' title='bbox 1106 2707 1274 2767; x_wconf 81' lang='lat' dir='ltr'><strong>ofﬁcii</strong></span> <span class='ocrx_word' id='word_1_284' title='bbox 1297 2719 1447 2782; x_wconf 74' lang='lat' dir='ltr'><strong>sunt,</strong></span> <span class='ocrx_word' id='word_1_285' title='bbox 1471 2724 1602 2766; x_wconf 86' lang='lat' dir='ltr'><strong>vere</strong></span> <span class='ocrx_word' id='word_1_286' title='bbox 1631 2725 1695 2767; x_wconf 88' lang='lat' dir='ltr'><strong>ac</strong></span> <span class='ocrx_word' id='word_1_287' title='bbox 1719 2711 1936 2766; x_wconf 85' lang='lat' dir='ltr'><strong>sincere</strong></span> <span class='ocrx_word' id='word_1_288' title='bbox 1954 2710 2099 2765; x_wconf 84' lang='lat' dir='ltr'><strong>scia-</strong></span> 
     </span>
    </p>
   </div>
   <div class='ocr_carea' id='block_1_44' title="bbox 520 2800 2102 2871">
    <p class='ocr_par' dir='ltr' id='par_1_44' title="bbox 520 2800 2102 2871">
     <span class='ocr_line' id='line_1_44' title="bbox 520 2800 2102 2871; baseline 0.003 -20"><span class='ocrx_word' id='word_1_289' title='bbox 520 2814 675 2866; x_wconf 86' lang='lat' dir='ltr'><strong>mus;</strong></span> <span class='ocrx_word' id='word_1_290' title='bbox 704 2800 972 2865; x_wconf 68' lang='lat' dir='ltr'><strong>scientiw,</strong></span> <span class='ocrx_word' id='word_1_291' title='bbox 1004 2807 1065 2854; x_wconf 91' lang='lat' dir='ltr'><strong>ut</strong></span> <span class='ocrx_word' id='word_1_292' title='bbox 1085 2802 1265 2871; x_wconf 88' lang='lat' dir='ltr'><strong>reipsa</strong></span> <span class='ocrx_word' id='word_1_293' title='bbox 1289 2802 1507 2859; x_wconf 88' lang='lat' dir='ltr'><strong>divinas</strong></span> <span class='ocrx_word' id='word_1_294' title='bbox 1531 2803 1586 2859; x_wconf 91' lang='lat' dir='ltr'><strong>in</strong></span> <span class='ocrx_word' id='word_1_295' title='bbox 1608 2800 1912 2857; x_wconf 85' lang='lat' dir='ltr'><strong>virtutibus</strong></span> <span class='ocrx_word' id='word_1_296' title='bbox 1934 2802 2102 2856; x_wconf 87' lang='lat' dir='ltr'><strong>ratio-</strong></span> 
     </span>
    </p>
   </div>
   <div class='ocr_carea' id='block_1_45' title="bbox 516 2888 2109 2964">
    <p class='ocr_par' dir='ltr' id='par_1_45' title="bbox 516 2888 2109 2964">
     <span class='ocr_line' id='line_1_45' title="bbox 516 2888 2109 2964; baseline 0.003 -22"><span class='ocrx_word' id='word_1_297' title='bbox 516 2904 617 2943; x_wconf 89' lang='lat' dir='ltr'><strong>nes</strong></span> <span class='ocrx_word' id='word_1_298' title='bbox 657 2889 1231 2960; x_wconf 88' lang='lat' dir='ltr'><strong>comprehendamus;</strong></span> <span class='ocrx_word' id='word_1_299' title='bbox 1272 2892 1671 2964; x_wconf 66' lang='lat' dir='ltr'><strong>intelligentiae,</strong></span> <span class='ocrx_word' id='word_1_300' title='bbox 1702 2904 1764 2949; x_wconf 90' lang='lat' dir='ltr'><strong>ut</strong></span> <span class='ocrx_word' id='word_1_301' title='bbox 1803 2910 1872 2949; x_wconf 79' lang='lat' dir='ltr'><strong>ex</strong></span> <span class='ocrx_word' id='word_1_302' title='bbox 1908 2888 2109 2951; x_wconf 71' lang='lat' dir='ltr'><strong>eorum</strong></span> 
     </span>
    </p>
   </div>
   <div class='ocr_carea' id='block_1_46' title="bbox 518 2981 2104 3056">
    <p class='ocr_par' dir='ltr' id='par_1_46' title="bbox 518 2981 2104 3056">
     <span class='ocr_line' id='line_1_46' title="bbox 518 2981 2104 3056; baseline 0.006 -24"><span class='ocrx_word' id='word_1_303' title='bbox 518 2981 736 3036; x_wconf 87' lang='lat' dir='ltr'><strong>ratione</strong></span> <span class='ocrx_word' id='word_1_304' title='bbox 796 2996 921 3051; x_wconf 65' lang='lat' dir='ltr'><strong>qua:</strong></span> <span class='ocrx_word' id='word_1_305' title='bbox 997 2983 1228 3039; x_wconf 85' lang='lat' dir='ltr'><strong>scientia</strong></span> <span class='ocrx_word' id='word_1_306' title='bbox 1293 2985 1818 3054; x_wconf 86' lang='lat' dir='ltr'><strong>comprehendimus</strong></span> <span class='ocrx_word' id='word_1_307' title='bbox 1873 3002 2104 3056; x_wconf 88' lang='lat' dir='ltr'><strong>prorsus</strong></span> 
     </span>
    </p>
   </div>
   <div class='ocr_carea' id='block_1_47' title="bbox 2193 1900 3747 1977">
    <p class='ocr_par' dir='ltr' id='par_1_47' title="bbox 2193 1900 3747 1977">
     <span class='ocr_line' id='line_1_47' title="bbox 2193 1900 3747 1977; baseline -0.005 -17"><span class='ocrx_word' id='word_1_308' title='bbox 2193 1907 2262 1977; x_wconf 75' lang='grc' dir='ltr'><strong>θὴ</strong></span> <span class='ocrx_word' id='word_1_309' title='bbox 2293 1906 2627 1975; x_wconf 83' lang='grc' dir='ltr'><strong>συνείδησις,</strong></span> <span class='ocrx_word' id='word_1_310' title='bbox 2654 1904 2756 1969; x_wconf 77' lang='grc' dir='ltr'><strong>τὴν</strong></span> <span class='ocrx_word' id='word_1_311' title='bbox 2781 1904 2879 1973; x_wconf 79' lang='grc' dir='ltr'><strong>τῆς</strong></span> <span class='ocrx_word' id='word_1_312' title='bbox 2912 1903 3139 1972; x_wconf 79' lang='grc' dir='ltr'><strong>ἀγάπης</strong></span> <span class='ocrx_word' id='word_1_313' title='bbox 3175 1901 3503 1973; x_wconf 69' lang='grc' dir='ltr'><strong>ἐπιφέρεται</strong></span> <span class='ocrx_word' id='word_1_314' title='bbox 3525 1900 3747 1970; x_wconf 84' lang='grc' dir='ltr'><strong>δύναμιν,</strong></span> 
     </span>
    </p>
   </div>
   <div class='ocr_carea' id='block_1_48' title="bbox 2192 1991 3601 2066">
    <p class='ocr_par' dir='ltr' id='par_1_48' title="bbox 2192 1991 3601 2066">
     <span class='ocr_line' id='line_1_48' title="bbox 2192 1991 3601 2066; baseline -0.003 -18"><span class='ocrx_word' id='word_1_315' title='bbox 2192 1995 2270 2059; x_wconf 85' lang='grc' dir='ltr'><strong>ὼς</strong></span> <span class='ocrx_word' id='word_1_316' title='bbox 2303 1994 2577 2066; x_wconf 85' lang='grc' dir='ltr'><strong>μηδεμίαν</strong></span> <span class='ocrx_word' id='word_1_317' title='bbox 2608 1992 2806 2064; x_wconf 79' lang='grc' dir='ltr'><strong>ἔχουσα</strong></span> <span class='ocrx_word' id='word_1_318' title='bbox 2835 1992 3150 2064; x_wconf 73' lang='grc' dir='ltr'><strong>παράϐασιν</strong></span> <span class='ocrx_word' id='word_1_319' title='bbox 3175 1991 3421 2061; x_wconf 68' lang='grc' dir='ltr'><strong>ἐντολῆς.</strong></span> <span class='ocrx_word' id='word_1_320' title='bbox 3594 2016 3601 2021; x_wconf 87' lang='grc'><strong>·</strong></span> 
     </span>
    </p>
   </div>
   <div class='ocr_carea' id='block_1_49' title="bbox 2263 2081 3751 2156">
    <p class='ocr_par' dir='ltr' id='par_1_49' title="bbox 2263 2081 3751 2156">
     <span class='ocr_line' id='line_1_49' title="bbox 2263 2081 3751 2156; baseline -0.002 -16"><span class='ocrx_word' id='word_1_321' title='bbox 2263 2085 2365 2156; x_wconf 85' lang='grc' dir='ltr'><strong>λη’.</strong></span> <span class='ocrx_word' id='word_1_322' title='bbox 2401 2086 2512 2139; x_wconf 79' lang='grc' dir='ltr'><strong>Καὶ</strong></span> <span class='ocrx_word' id='word_1_323' title='bbox 2528 2084 3047 2151; x_wconf 62' lang='lat' dir='ltr'><strong>suav-amnicum,</strong></span> <span class='ocrx_word' id='word_1_324' title='bbox 3070 2084 3256 2154; x_wconf 70' lang='grc' dir='ltr'><strong>φησιν,</strong></span> <span class='ocrx_word' id='word_1_325' title='bbox 3276 2084 3374 2138; x_wconf 77' lang='grc' dir='ltr'><strong>ἐπ’</strong></span> <span class='ocrx_word' id='word_1_326' title='bbox 3396 2083 3599 2147; x_wconf 71' lang='grc' dir='ltr'><strong>αὐτὸν,</strong></span> <span class='ocrx_word' id='word_1_327' title='bbox 3623 2081 3751 2137; x_wconf 74' lang='grc' dir='ltr'><strong>ἑπτὰ</strong></span> 
     </span>
    </p>
   </div>
   <div class='ocr_carea' id='block_1_50' title="bbox 2195 2174 3749 2247">
    <p class='ocr_par' dir='ltr' id='par_1_50' title="bbox 2195 2174 3749 2247">
     <span class='ocr_line' id='line_1_50' title="bbox 2195 2174 3749 2247; baseline 0 -15"><span class='ocrx_word' id='word_1_328' title='bbox 2195 2179 2534 2247; x_wconf 78' lang='grc' dir='ltr'><strong>πνεύματα·</strong></span> <span class='ocrx_word' id='word_1_329' title='bbox 2575 2176 2812 2247; x_wconf 75' lang='grc' dir='ltr'><strong>πνεῦμα</strong></span> <span class='ocrx_word' id='word_1_330' title='bbox 2846 2178 3069 2246; x_wconf 74' lang='grc' dir='ltr'><strong>σοφίας</strong></span> <span class='ocrx_word' id='word_1_331' title='bbox 3092 2218 3107 2240; x_wconf 96' lang='grc'><strong>,</strong></span> <span class='ocrx_word' id='word_1_332' title='bbox 3160 2176 3399 2245; x_wconf 74' lang='grc' dir='ltr'><strong>πνεῦμα</strong></span> <span class='ocrx_word' id='word_1_333' title='bbox 3450 2174 3749 2240; x_wconf 77' lang='grc' dir='ltr'><strong>συνέσεως,</strong></span> 
     </span>
    </p>
   </div>
   <div class='ocr_carea' id='block_1_51' title="bbox 2196 2264 3753 2339">
    <p class='ocr_par' dir='ltr' id='par_1_51' title="bbox 2196 2264 3753 2339">
     <span class='ocr_line' id='line_1_51' title="bbox 2196 2264 3753 2339; baseline -0.003 -16"><span class='ocrx_word' id='word_1_334' title='bbox 2196 2271 2430 2338; x_wconf 77' lang='grc' dir='ltr'><strong>πνεῦμα</strong></span> <span class='ocrx_word' id='word_1_335' title='bbox 2464 2268 2756 2339; x_wconf 58' lang='grc' dir='ltr'><strong>γνώσεως,</strong></span> <span class='ocrx_word' id='word_1_336' title='bbox 2780 2269 3015 2338; x_wconf 75' lang='grc' dir='ltr'><strong>πνεῦμα</strong></span> <span class='ocrx_word' id='word_1_337' title='bbox 3044 2266 3394 2337; x_wconf 79' lang='grc' dir='ltr'><strong>ἐπιστήμης</strong></span> <span class='ocrx_word' id='word_1_338' title='bbox 3420 2268 3517 2337; x_wconf 86' lang='lat' dir='ltr'><strong>(b),</strong></span> <span class='ocrx_word' id='word_1_339' title='bbox 3544 2264 3753 2334; x_wconf 79' lang='grc' dir='ltr'><strong>πνεῦμα</strong></span> 
     </span>
    </p>
   </div>
   <div class='ocr_carea' id='block_1_52' title="bbox 2192 2356 3752 2428">
    <p class='ocr_par' dir='ltr' id='par_1_52' title="bbox 2192 2356 3752 2428">
     <span class='ocr_line' id='line_1_52' title="bbox 2192 2356 3752 2428; baseline -0.003 -15"><span class='ocrx_word' id='word_1_340' title='bbox 2192 2358 2452 2426; x_wconf 75' lang='grc' dir='ltr'><strong>βουλῆς,</strong></span> <span class='ocrx_word' id='word_1_341' title='bbox 2472 2358 2709 2427; x_wconf 82' lang='grc' dir='ltr'><strong>πνεῦμα</strong></span> <span class='ocrx_word' id='word_1_342' title='bbox 2740 2360 2976 2428; x_wconf 79' lang='grc' dir='ltr'><strong>ὶσχύος,</strong></span> <span class='ocrx_word' id='word_1_343' title='bbox 2992 2358 3227 2428; x_wconf 72' lang='grc' dir='ltr'><strong>πνεῦμα</strong></span> <span class='ocrx_word' id='word_1_344' title='bbox 3236 2359 3427 2427; x_wconf 74' lang='grc' dir='ltr'><strong>φόϐου</strong></span> <span class='ocrx_word' id='word_1_345' title='bbox 3451 2356 3752 2411; x_wconf 82' lang='grc' dir='ltr'><strong>Θεοῦ.Ἐστι</strong></span> 
     </span>
    </p>
   </div>
   <div class='ocr_carea' id='block_1_53' title="bbox 2196 2448 3753 2523">
    <p class='ocr_par' dir='ltr' id='par_1_53' title="bbox 2196 2448 3753 2523">
     <span class='ocr_line' id='line_1_53' title="bbox 2196 2448 3753 2523; baseline -0.002 -19"><span class='ocrx_word' id='word_1_346' title='bbox 2196 2452 2253 2504; x_wconf 75' lang='grc' dir='ltr'><strong>δὲ</strong></span> <span class='ocrx_word' id='word_1_347' title='bbox 2282 2450 2408 2504; x_wconf 71' lang='grc' dir='ltr'><strong>ἴδιον</strong></span> <span class='ocrx_word' id='word_1_348' title='bbox 2424 2451 2532 2504; x_wconf 86' lang='grc' dir='ltr'><strong>τῶν</strong></span> <span class='ocrx_word' id='word_1_349' title='bbox 2561 2451 2945 2521; x_wconf 85' lang='grc' dir='ltr'><strong>πνευματικῶν</strong></span> <span class='ocrx_word' id='word_1_350' title='bbox 2972 2452 3176 2506; x_wconf 77' lang='grc' dir='ltr'><strong>τούτων</strong></span> <span class='ocrx_word' id='word_1_351' title='bbox 3206 2452 3586 2523; x_wconf 81' lang='grc' dir='ltr'><strong>χαρισμάτων,</strong></span> <span class='ocrx_word' id='word_1_352' title='bbox 3610 2448 3753 2521; x_wconf 80' lang='grc' dir='ltr'><strong>φόϐου</strong></span> 
     </span>
    </p>
   </div>
   <div class='ocr_carea' id='block_1_54' title="bbox 2203 2534 3753 2613">
    <p class='ocr_par' dir='ltr' id='par_1_54' title="bbox 2203 2534 3753 2613">
     <span class='ocr_line' id='line_1_54' title="bbox 2203 2534 3753 2613; baseline -0.001 -20"><span class='ocrx_word' id='word_1_353' title='bbox 2203 2541 2318 2611; x_wconf 84' lang='grc' dir='ltr'><strong>μὲν,</strong></span> <span class='ocrx_word' id='word_1_354' title='bbox 2352 2542 2385 2610; x_wconf 74' lang='grc' dir='ltr'>ἡ</span> <span class='ocrx_word' id='word_1_355' title='bbox 2415 2534 2593 2613; x_wconf 81' lang='grc' dir='ltr'><strong>ἀποχὴ</strong></span> <span class='ocrx_word' id='word_1_356' title='bbox 2620 2542 2730 2595; x_wconf 87' lang='grc' dir='ltr'><strong>τῶν</strong></span> <span class='ocrx_word' id='word_1_357' title='bbox 2764 2542 2951 2595; x_wconf 84' lang='grc' dir='ltr'><strong>κακῶν</strong></span> <span class='ocrx_word' id='word_1_358' title='bbox 2981 2560 2993 2572; x_wconf 88' lang='grc'><strong>·</strong></span> <span class='ocrx_word' id='word_1_359' title='bbox 3032 2541 3216 2613; x_wconf 71' lang='grc' dir='ltr'><strong>ἰσχύος</strong></span> <span class='ocrx_word' id='word_1_360' title='bbox 3249 2541 3306 2594; x_wconf 81' lang='grc' dir='ltr'><strong>δὲ</strong></span> <span class='ocrx_word' id='word_1_361' title='bbox 3326 2583 3342 2606; x_wconf 93' lang='grc'><strong>,</strong></span> <span class='ocrx_word' id='word_1_362' title='bbox 3369 2544 3403 2613; x_wconf 80' lang='grc' dir='ltr'><strong>η</strong></span> <span class='ocrx_word' id='word_1_363' title='bbox 3433 2541 3626 2610; x_wconf 80' lang='grc' dir='ltr'><strong>πρᾶξις</strong></span> <span class='ocrx_word' id='word_1_364' title='bbox 3660 2538 3753 2592; x_wconf 84' lang='grc' dir='ltr'><strong>τῶν</strong></span> 
     </span>
    </p>
   </div>
   <div class='ocr_carea' id='block_1_55' title="bbox 2200 2631 3751 2703">
    <p class='ocr_par' dir='ltr' id='par_1_55' title="bbox 2200 2631 3751 2703">
     <span class='ocr_line' id='line_1_55' title="bbox 2200 2631 3751 2703; baseline -0.002 -19"><span class='ocrx_word' id='word_1_365' title='bbox 2200 2631 2422 2699; x_wconf 80' lang='grc' dir='ltr'><strong>ἀγαθῶν</strong></span> <span class='ocrx_word' id='word_1_366' title='bbox 2446 2649 2461 2663; x_wconf 73' lang='grc'><strong>⁸</strong></span> <span class='ocrx_word' id='word_1_367' title='bbox 2494 2632 2689 2703; x_wconf 77' lang='grc' dir='ltr'><strong>βουλῆς</strong></span> <span class='ocrx_word' id='word_1_368' title='bbox 2715 2633 2792 2697; x_wconf 80' lang='grc' dir='ltr'><strong>δὲ,</strong></span> <span class='ocrx_word' id='word_1_369' title='bbox 2826 2635 2859 2703; x_wconf 83' lang='grc' dir='ltr'>ἡ</span> <span class='ocrx_word' id='word_1_370' title='bbox 2890 2633 2997 2686; x_wconf 87' lang='grc' dir='ltr'><strong>τῶν</strong></span> <span class='ocrx_word' id='word_1_371' title='bbox 3035 2632 3437 2701; x_wconf 79' lang='grc' dir='ltr'><strong>ἀντικειμένων</strong></span> <span class='ocrx_word' id='word_1_372' title='bbox 3468 2631 3751 2701; x_wconf 70' lang='grc' dir='ltr'><strong>διάκρισιςυ</strong></span> 
     </span>
    </p>
   </div>
   <div class='ocr_carea' id='block_1_56' title="bbox 2201 2716 3754 2793">
    <p class='ocr_par' dir='ltr' id='par_1_56' title="bbox 2201 2716 3754 2793">
     <span class='ocr_line' id='line_1_56' title="bbox 2201 2716 3754 2793; baseline -0.003 -19"><span class='ocrx_word' id='word_1_373' title='bbox 2201 2722 2396 2792; x_wconf 82' lang='grc' dir='ltr'><strong>ὲπιστή</strong></span> <span class='ocrx_word' id='word_1_374' title='bbox 2407 2739 2512 2793; x_wconf 83' lang='grc' dir='ltr'><strong>μης</strong></span> <span class='ocrx_word' id='word_1_375' title='bbox 2537 2721 2616 2787; x_wconf 77' lang='grc' dir='ltr'><strong>δὲ,</strong></span> <span class='ocrx_word' id='word_1_376' title='bbox 2644 2723 2677 2793; x_wconf 77' lang='grc' dir='ltr'>ἡ</span> <span class='ocrx_word' id='word_1_377' title='bbox 2710 2723 2816 2774; x_wconf 88' lang='grc' dir='ltr'><strong>τῶν</strong></span> <span class='ocrx_word' id='word_1_378' title='bbox 2846 2721 3199 2790; x_wconf 73' lang='grc' dir='ltr'><strong>καθηκόντων</strong></span> <span class='ocrx_word' id='word_1_379' title='bbox 3223 2719 3515 2782; x_wconf 82' lang='grc' dir='ltr'><strong>ἀνόθευτος</strong></span> <span class='ocrx_word' id='word_1_380' title='bbox 3535 2716 3724 2790; x_wconf 78' lang='grc' dir='ltr'><strong>εἴδησις</strong></span> <span class='ocrx_word' id='word_1_381' title='bbox 3742 2730 3754 2747; x_wconf 90' lang='grc'><strong>·</strong></span> 
     </span>
    </p>
   </div>
   <div class='ocr_carea' id='block_1_57' title="bbox 2201 2809 3757 2886">
    <p class='ocr_par' dir='ltr' id='par_1_57' title="bbox 2201 2809 3757 2886">
     <span class='ocr_line' id='line_1_57' title="bbox 2201 2809 3757 2886; baseline -0.003 -21"><span class='ocrx_word' id='word_1_382' title='bbox 2201 2811 2458 2881; x_wconf 85' lang='grc' dir='ltr'><strong>γνώσεως</strong></span> <span class='ocrx_word' id='word_1_383' title='bbox 2485 2811 2565 2876; x_wconf 80' lang='grc' dir='ltr'><strong>δὲ,</strong></span> <span class='ocrx_word' id='word_1_384' title='bbox 2597 2812 2631 2886; x_wconf 81' lang='grc' dir='ltr'>ὴ</span> <span class='ocrx_word' id='word_1_385' title='bbox 2666 2813 2790 2866; x_wconf 80' lang='grc' dir='ltr'><strong>κατ’</strong></span> <span class='ocrx_word' id='word_1_386' title='bbox 2821 2811 3106 2882; x_wconf 77' lang='grc' dir='ltr'><strong>ἐνέργειαν</strong></span> <span class='ocrx_word' id='word_1_387' title='bbox 3134 2810 3244 2865; x_wconf 88' lang='grc' dir='ltr'><strong>τῶν</strong></span> <span class='ocrx_word' id='word_1_388' title='bbox 3286 2812 3346 2866; x_wconf 80' lang='grc' dir='ltr'><strong>ὲν</strong></span> <span class='ocrx_word' id='word_1_389' title='bbox 3397 2813 3519 2874; x_wconf 80' lang='grc' dir='ltr'><strong>ταῖς</strong></span> <span class='ocrx_word' id='word_1_390' title='bbox 3561 2809 3757 2879; x_wconf 72' lang='grc' dir='ltr'><strong>ἀρεταῖς</strong></span> 
     </span>
    </p>
   </div>
   <div class='ocr_carea' id='block_1_58' title="bbox 2200 2899 3760 2976">
    <p class='ocr_par' dir='ltr' id='par_1_58' title="bbox 2200 2899 3760 2976">
     <span class='ocr_line' id='line_1_58' title="bbox 2200 2899 3760 2976; baseline -0.004 -17"><span class='ocrx_word' id='word_1_391' title='bbox 2200 2906 2363 2959; x_wconf 82' lang='grc' dir='ltr'><strong>θείων</strong></span> <span class='ocrx_word' id='word_1_392' title='bbox 2412 2905 2591 2974; x_wconf 76' lang='grc' dir='ltr'><strong>λόγων</strong></span> <span class='ocrx_word' id='word_1_393' title='bbox 2648 2902 2978 2976; x_wconf 76' lang='grc' dir='ltr'><strong>περίληψιςο</strong></span> <span class='ocrx_word' id='word_1_394' title='bbox 3023 2903 3299 2966; x_wconf 80' lang='grc' dir='ltr'><strong>συνέσεως</strong></span> <span class='ocrx_word' id='word_1_395' title='bbox 3337 2902 3420 2968; x_wconf 77' lang='grc' dir='ltr'><strong>δὲ,</strong></span> <span class='ocrx_word' id='word_1_396' title='bbox 3450 2904 3484 2974; x_wconf 80' lang='grc' dir='ltr'><strong>ἡ</strong></span> <span class='ocrx_word' id='word_1_397' title='bbox 3532 2901 3662 2972; x_wconf 79' lang='grc' dir='ltr'><strong>πρὸς</strong></span> <span class='ocrx_word' id='word_1_398' title='bbox 3702 2899 3760 2953; x_wconf 81' lang='grc' dir='ltr'><strong>τὰ</strong></span> 
     </span>
    </p>
   </div>
   <div class='ocr_carea' id='block_1_59' title="bbox 2203 2989 3758 3066">
    <p class='ocr_par' dir='ltr' id='par_1_59' title="bbox 2203 2989 3758 3066">
     <span class='ocr_line' id='line_1_59' title="bbox 2203 2989 3758 3066; baseline -0.005 -15"><span class='ocrx_word' id='word_1_399' title='bbox 2203 2995 2518 3066; x_wconf 79' lang='grc' dir='ltr'><strong>γνωσθέντα</strong></span> <span class='ocrx_word' id='word_1_400' title='bbox 2564 2994 2741 3049; x_wconf 82' lang='grc' dir='ltr'>διόλου</span> <span class='ocrx_word' id='word_1_401' title='bbox 2778 2995 2880 3065; x_wconf 78' lang='grc' dir='ltr'><strong>τῆς</strong></span> <span class='ocrx_word' id='word_1_402' title='bbox 2925 2995 3106 3065; x_wconf 73' lang='grc' dir='ltr'><strong>ψυχῆς</strong></span> <span class='ocrx_word' id='word_1_403' title='bbox 3160 2995 3509 3057; x_wconf 85' lang='grc' dir='ltr'><strong>συνδιάθεσις</strong></span> <span class='ocrx_word' id='word_1_404' title='bbox 3537 3008 3551 3023; x_wconf 75' lang='grc' dir='ltr'><strong><em>ο</em></strong></span> <span class='ocrx_word' id='word_1_405' title='bbox 3591 2989 3758 3060; x_wconf 82' lang='grc' dir='ltr'><strong>σοφίας</strong></span> 
     </span>
    </p>
   </div>
   <div class='ocr_carea' id='block_1_60' title="bbox 516 3070 2098 3167">
    <p class='ocr_par' dir='ltr' id='par_1_60' title="bbox 516 3070 2097 3141">
     <span class='ocr_line' id='line_1_60' title="bbox 516 3070 2097 3141; baseline 0.004 -16"><span class='ocrx_word' id='word_1_406' title='bbox 516 3070 704 3125; x_wconf 84' lang='lat' dir='ltr'><strong>animo</strong></span> <span class='ocrx_word' id='word_1_407' title='bbox 737 3070 1078 3137; x_wconf 70' lang='lat' dir='ltr'><strong>afficiantur;</strong></span> <span class='ocrx_word' id='word_1_408' title='bbox 1110 3073 1415 3141; x_wconf 62' lang='lat' dir='ltr'><strong>sapientiae,</strong></span> <span class='ocrx_word' id='word_1_409' title='bbox 1442 3074 1592 3129; x_wconf 88' lang='lat' dir='ltr'><strong>nulla</strong></span> <span class='ocrx_word' id='word_1_410' title='bbox 1625 3076 1678 3129; x_wconf 88' lang='lat' dir='ltr'><strong>vi</strong></span> <span class='ocrx_word' id='word_1_411' title='bbox 1704 3076 1906 3131; x_wconf 88' lang='lat' dir='ltr'><strong>mentis</strong></span> <span class='ocrx_word' id='word_1_412' title='bbox 1944 3093 2097 3131; x_wconf 89' lang='lat' dir='ltr'><strong>com—</strong></span> 
     </span>
    </p>
   </div>
   <div class='ocr_carea' id='block_1_61' title="bbox 2198 3070 3763 3167">
    <p class='ocr_par' dir='ltr' id='par_1_61' title="bbox 2202 3084 3763 3161">
     <span class='ocr_line' id='line_1_61' title="bbox 2202 3084 3763 3161; baseline -0.007 -16"><span class='ocrx_word' id='word_1_413' title='bbox 2202 3091 2281 3156; x_wconf 79' lang='grc' dir='ltr'><strong>δὲ,</strong></span> <span class='ocrx_word' id='word_1_414' title='bbox 2311 3091 2346 3159; x_wconf 76' lang='grc' dir='ltr'><strong>ἡ</strong></span> <span class='ocrx_word' id='word_1_415' title='bbox 2395 3089 2533 3161; x_wconf 78' lang='grc' dir='ltr'><strong>πρὸς</strong></span> <span class='ocrx_word' id='word_1_416' title='bbox 2584 3088 2721 3142; x_wconf 76' lang='grc' dir='ltr'><strong>Θεὸν</strong></span> <span class='ocrx_word' id='word_1_417' title='bbox 2764 3086 3135 3155; x_wconf 81' lang='grc' dir='ltr'><strong>ἁδιάγνωστος</strong></span> <span class='ocrx_word' id='word_1_418' title='bbox 3167 3089 3390 3152; x_wconf 76' lang='grc' dir='ltr'><strong>ἓνωσις,</strong></span> <span class='ocrx_word' id='word_1_419' title='bbox 3423 3086 3545 3140; x_wconf 89' lang='grc' dir='ltr'><strong>καθ’</strong></span> <span class='ocrx_word' id='word_1_420' title='bbox 3570 3086 3632 3156; x_wconf 72' lang='grc' dir='ltr'><strong>ἢν</strong></span> <span class='ocrx_word' id='word_1_421' title='bbox 3665 3084 3763 3145; x_wconf 83' lang='grc' dir='ltr'><strong>τοῖς</strong></span> 
     </span>
    </p>
   </div>
   <div class='ocr_carea' id='block_1_62' title="bbox 523 3162 2103 3234">
    <p class='ocr_par' dir='ltr' id='par_1_62' title="bbox 523 3162 2103 3234">
     <span class='ocr_line' id='line_1_62' title="bbox 523 3162 2103 3234; baseline 0.005 -20"><span class='ocrx_word' id='word_1_422' title='bbox 523 3162 800 3231; x_wconf 85' lang='lat' dir='ltr'><strong>prehensa</strong></span> <span class='ocrx_word' id='word_1_423' title='bbox 821 3177 946 3217; x_wconf 91' lang='lat' dir='ltr'><strong>cum</strong></span> <span class='ocrx_word' id='word_1_424' title='bbox 981 3163 1096 3218; x_wconf 89' lang='lat' dir='ltr'><strong>Deo</strong></span> <span class='ocrx_word' id='word_1_425' title='bbox 1123 3163 1276 3228; x_wconf 87' lang='lat' dir='ltr'><strong>unio,</strong></span> <span class='ocrx_word' id='word_1_426' title='bbox 1304 3179 1410 3233; x_wconf 91' lang='lat' dir='ltr'><strong>qua</strong></span> <span class='ocrx_word' id='word_1_427' title='bbox 1434 3165 1635 3234; x_wconf 90' lang='lat' dir='ltr'><strong>cupido</strong></span> <span class='ocrx_word' id='word_1_428' title='bbox 1658 3175 1911 3222; x_wconf 91' lang='lat' dir='ltr'><strong>votorum</strong></span> <span class='ocrx_word' id='word_1_429' title='bbox 1942 3168 2103 3222; x_wconf 79' lang='lat' dir='ltr'><strong>avida</strong></span> 
     </span>
    </p>
   </div>
   <div class='ocr_carea' id='block_1_63' title="bbox 516 3251 2102 3324">
    <p class='ocr_par' dir='ltr' id='par_1_63' title="bbox 516 3251 2102 3324">
     <span class='ocr_line' id='line_1_63' title="bbox 516 3251 2102 3324; baseline 0.006 -20"><span class='ocrx_word' id='word_1_430' title='bbox 516 3251 622 3316; x_wconf 85' lang='lat' dir='ltr'><strong>vis,</strong></span> <span class='ocrx_word' id='word_1_431' title='bbox 647 3253 829 3322; x_wconf 88' lang='lat' dir='ltr'><strong>dignis</strong></span> <span class='ocrx_word' id='word_1_432' title='bbox 848 3253 905 3308; x_wconf 85' lang='lat' dir='ltr'><strong>in</strong></span> <span class='ocrx_word' id='word_1_433' title='bbox 928 3253 1330 3324; x_wconf 81' lang='lat' dir='ltr'><strong>possessionem</strong></span> <span class='ocrx_word' id='word_1_434' title='bbox 1354 3271 1418 3311; x_wconf 87' lang='lat' dir='ltr'><strong>ac</strong></span> <span class='ocrx_word' id='word_1_435' title='bbox 1447 3256 1764 3314; x_wconf 89' lang='lat' dir='ltr'><strong>fruitionem</strong></span> <span class='ocrx_word' id='word_1_436' title='bbox 1785 3259 1953 3324; x_wconf 89' lang='lat' dir='ltr'><strong>cedit,</strong></span> <span class='ocrx_word' id='word_1_437' title='bbox 1975 3274 2102 3313; x_wconf 92' lang='lat' dir='ltr'><strong>eum</strong></span> 
     </span>
    </p>
   </div>
   <div class='ocr_carea' id='block_1_64' title="bbox 515 3342 2104 3415">
    <p class='ocr_par' dir='ltr' id='par_1_64' title="bbox 515 3342 2104 3415">
     <span class='ocr_line' id='line_1_64' title="bbox 515 3342 2104 3415; baseline 0.006 -20"><span class='ocrx_word' id='word_1_438' title='bbox 515 3342 610 3411; x_wconf 89' lang='lat' dir='ltr'><strong>qui</strong></span> <span class='ocrx_word' id='word_1_439' title='bbox 651 3344 966 3413; x_wconf 87' lang='lat' dir='ltr'><strong>participet,</strong></span> <span class='ocrx_word' id='word_1_440' title='bbox 997 3360 1066 3400; x_wconf 78' lang='lat' dir='ltr'><strong>ex</strong></span> <span class='ocrx_word' id='word_1_441' title='bbox 1107 3348 1442 3403; x_wconf 87' lang='lat' dir='ltr'><strong>commercio</strong></span> <span class='ocrx_word' id='word_1_442' title='bbox 1479 3348 1645 3403; x_wconf 90' lang='lat' dir='ltr'><strong>deum</strong></span> <span class='ocrx_word' id='word_1_443' title='bbox 1692 3350 1924 3415; x_wconf 84' lang='lat' dir='ltr'><strong>fa‘ciens,</strong></span> <span class='ocrx_word' id='word_1_444' title='bbox 1958 3350 2104 3405; x_wconf 88' lang='lat' dir='ltr'><strong>divi-</strong></span> 
     </span>
    </p>
   </div>
   <div class='ocr_carea' id='block_1_65' title="bbox 519 3428 2106 3514">
    <p class='ocr_par' dir='ltr' id='par_1_65' title="bbox 519 3428 2106 3514">
     <span class='ocr_line' id='line_1_65' title="bbox 519 3428 2106 3514; baseline 0.006 -26"><span class='ocrx_word' id='word_1_445' title='bbox 519 3448 715 3503; x_wconf 60' lang='lat' dir='ltr'><strong>naeque</strong></span> <span class='ocrx_word' id='word_1_446' title='bbox 736 3434 1098 3493; x_wconf 83' lang='lat' dir='ltr'><strong>beatitudinis</strong></span> <span class='ocrx_word' id='word_1_447' title='bbox 1133 3438 1269 3509; x_wconf 88' lang='lat' dir='ltr'><strong>(jugi</strong></span> <span class='ocrx_word' id='word_1_448' title='bbox 1309 3438 1429 3495; x_wconf 87' lang='lat' dir='ltr'><strong>sine</strong></span> <span class='ocrx_word' id='word_1_449' title='bbox 1455 3439 1625 3495; x_wconf 82' lang='lat' dir='ltr'><strong>.fastu</strong></span> <span class='ocrx_word' id='word_1_450' title='bbox 1651 3428 1964 3497; x_wconf 88' lang='lat' dir='ltr'><strong>divinorum</strong></span> <span class='ocrx_word' id='word_1_451' title='bbox 1994 3458 2106 3514; x_wconf 78' lang='lat' dir='ltr'><strong>my-</strong></span> 
     </span>
    </p>
   </div>
   <div class='ocr_carea' id='block_1_66' title="bbox 516 3525 2105 3602">
    <p class='ocr_par' dir='ltr' id='par_1_66' title="bbox 516 3525 2105 3602">
     <span class='ocr_line' id='line_1_66' title="bbox 516 3525 2105 3602; baseline 0.006 -22"><span class='ocrx_word' id='word_1_452' title='bbox 516 3525 817 3580; x_wconf 76' lang='lat' dir='ltr'><strong>steriorum</strong></span> <span class='ocrx_word' id='word_1_453' title='bbox 844 3526 912 3582; x_wconf 88' lang='lat' dir='ltr'><strong>ad</strong></span> <span class='ocrx_word' id='word_1_454' title='bbox 934 3543 1032 3583; x_wconf 91' lang='lat' dir='ltr'><strong>eos</strong></span> <span class='ocrx_word' id='word_1_455' title='bbox 1059 3529 1155 3597; x_wconf 87' lang='lat' dir='ltr'><strong>qui</strong></span> <span class='ocrx_word' id='word_1_456' title='bbox 1179 3544 1320 3599; x_wconf 88' lang='lat' dir='ltr'><strong>opus</strong></span> <span class='ocrx_word' id='word_1_457' title='bbox 1348 3530 1591 3586; x_wconf 86' lang='lat' dir='ltr'><strong>habeant</strong></span> <span class='ocrx_word' id='word_1_458' title='bbox 1622 3533 2001 3602; x_wconf 88' lang='lat' dir='ltr'><strong>pr0positione</strong></span> <span class='ocrx_word' id='word_1_459' title='bbox 2018 3534 2105 3590; x_wconf 80' lang='lat' dir='ltr'><strong>fu-</strong></span> 
     </span>
    </p>
   </div>
   <div class='ocr_carea' id='block_1_67' title="bbox 516 3615 1866 3692">
    <p class='ocr_par' dir='ltr' id='par_1_67' title="bbox 516 3615 1866 3692">
     <span class='ocr_line' id='line_1_67' title="bbox 516 3615 1866 3692; baseline 0.005 -21"><span class='ocrx_word' id='word_1_460' title='bbox 516 3615 761 3685; x_wconf 82' lang='lat' dir='ltr'><strong>siorique</strong></span> <span class='ocrx_word' id='word_1_461' title='bbox 779 3618 1163 3691; x_wconf 84' lang='lat' dir='ltr'><strong>enarratione)</strong></span> <span class='ocrx_word' id='word_1_462' title='bbox 1190 3620 1554 3692; x_wconf 87' lang='lat' dir='ltr'><strong>interpretem</strong></span> <span class='ocrx_word' id='word_1_463' title='bbox 1578 3631 1866 3692; x_wconf 71' lang='lat' dir='ltr'><strong>praestans.</strong></span> 
     </span>
    </p>
   </div>
   <div class='ocr_carea' id='block_1_68' title="bbox 590 3719 2105 3801">
    <p class='ocr_par' dir='ltr' id='par_1_68' title="bbox 590 3719 2105 3801">
     <span class='ocr_line' id='line_1_68' title="bbox 590 3719 2105 3801; baseline 0.009 -28"><span class='ocrx_word' id='word_1_464' title='bbox 590 3719 680 3774; x_wconf 81' lang='lat'><strong>59.</strong></span> <span class='ocrx_word' id='word_1_465' title='bbox 714 3719 956 3791; x_wconf 86' lang='lat' dir='ltr'><strong>Spiritus</strong></span> <span class='ocrx_word' id='word_1_466' title='bbox 994 3724 1216 3784; x_wconf 85' lang='lat' dir='ltr'><strong>timoris</strong></span> <span class='ocrx_word' id='word_1_467' title='bbox 1235 3725 1336 3780; x_wconf 85' lang='lat' dir='ltr'><strong>Dei</strong></span> <span class='ocrx_word' id='word_1_468' title='bbox 1360 3736 1466 3791; x_wconf 82' lang='lat' dir='ltr'><strong>est,</strong></span> <span class='ocrx_word' id='word_1_469' title='bbox 1496 3737 1562 3781; x_wconf 85' lang='lat' dir='ltr'><strong>ut</strong></span> <span class='ocrx_word' id='word_1_470' title='bbox 1586 3729 1657 3783; x_wconf 87' lang='lat' dir='ltr'><strong>ab</strong></span> <span class='ocrx_word' id='word_1_471' title='bbox 1690 3728 1761 3784; x_wconf 87' lang='lat' dir='ltr'><strong>iis</strong></span> <span class='ocrx_word' id='word_1_472' title='bbox 1779 3744 1902 3798; x_wconf 74' lang='lat' dir='ltr'><strong>qua:</strong></span> <span class='ocrx_word' id='word_1_473' title='bbox 1923 3731 2105 3801; x_wconf 88' lang='lat' dir='ltr'><strong>rcipsa</strong></span> 
     </span>
    </p>
   </div>
   <div class='ocr_carea' id='block_1_69' title="bbox 518 3811 2107 3891">
    <p class='ocr_par' dir='ltr' id='par_1_69' title="bbox 518 3811 2107 3891">
     <span class='ocr_line' id='line_1_69' title="bbox 518 3811 2107 3891; baseline 0.006 -23"><span class='ocrx_word' id='word_1_474' title='bbox 518 3811 664 3868; x_wconf 83' lang='lat' dir='ltr'><strong>mala</strong></span> <span class='ocrx_word' id='word_1_475' title='bbox 715 3821 844 3869; x_wconf 90' lang='lat' dir='ltr'><strong>sunt</strong></span> <span class='ocrx_word' id='word_1_476' title='bbox 902 3814 1132 3886; x_wconf 87' lang='lat' dir='ltr'><strong>ipsoque</strong></span> <span class='ocrx_word' id='word_1_477' title='bbox 1183 3831 1351 3887; x_wconf 88' lang='lat' dir='ltr'><strong>opere</strong></span> <span class='ocrx_word' id='word_1_478' title='bbox 1405 3818 1816 3887; x_wconf 80' lang='lat' dir='ltr'><strong>abstineamus;</strong></span> <span class='ocrx_word' id='word_1_479' title='bbox 1878 3822 2107 3891; x_wconf 86' lang='lat' dir='ltr'><strong>spiritus</strong></span> 
     </span>
    </p>
   </div>
   <div class='ocr_carea' id='block_1_70' title="bbox 518 3900 2103 3983">
    <p class='ocr_par' dir='ltr' id='par_1_70' title="bbox 518 3900 2103 3983">
     <span class='ocr_line' id='line_1_70' title="bbox 518 3900 2103 3983; baseline 0.008 -26"><span class='ocrx_word' id='word_1_480' title='bbox 518 3900 882 3970; x_wconf 82' lang='lat' dir='ltr'><strong>fortitudinis,</strong></span> <span class='ocrx_word' id='word_1_481' title='bbox 908 3916 1164 3976; x_wconf 86' lang='lat' dir='ltr'><strong>prompta</strong></span> <span class='ocrx_word' id='word_1_482' title='bbox 1202 3909 1372 3964; x_wconf 89' lang='lat' dir='ltr'><strong>animi</strong></span> <span class='ocrx_word' id='word_1_483' title='bbox 1412 3911 1664 3966; x_wconf 87' lang='lat' dir='ltr'><strong>incitatio</strong></span> <span class='ocrx_word' id='word_1_484' title='bbox 1710 3920 2002 3983; x_wconf 86' lang='lat' dir='ltr'><strong>motusque</strong></span> <span class='ocrx_word' id='word_1_485' title='bbox 2034 3914 2103 3969; x_wconf 90' lang='lat' dir='ltr'><strong>ad</strong></span> 
     </span>
    </p>
   </div>
   <div class='ocr_carea' id='block_1_71' title="bbox 517 3995 2107 4076">
    <p class='ocr_par' dir='ltr' id='par_1_71' title="bbox 517 3995 2107 4076">
     <span class='ocr_line' id='line_1_71' title="bbox 517 3995 2107 4076; baseline 0.009 -31"><span class='ocrx_word' id='word_1_486' title='bbox 517 3995 870 4069; x_wconf 72' lang='lat' dir='ltr'><strong>exsequenda</strong></span> <span class='ocrx_word' id='word_1_487' title='bbox 898 4012 1067 4067; x_wconf 90' lang='lat' dir='ltr'><strong>reque</strong></span> <span class='ocrx_word' id='word_1_488' title='bbox 1102 3999 1219 4069; x_wconf 87' lang='lat' dir='ltr'><strong>ipsa</strong></span> <span class='ocrx_word' id='word_1_489' title='bbox 1254 4002 1570 4073; x_wconf 79' lang='lat' dir='ltr'><strong>peragenda</strong></span> <span class='ocrx_word' id='word_1_490' title='bbox 1610 4004 1909 4072; x_wconf 84' lang='lat' dir='ltr'><strong>mandata;</strong></span> <span class='ocrx_word' id='word_1_491' title='bbox 1941 4006 2107 4076; x_wconf 87' lang='lat' dir='ltr'><strong>spiri-</strong></span> 
     </span>
    </p>
   </div>
   <div class='ocr_carea' id='block_1_72' title="bbox 522 4081 2107 4159">
    <p class='ocr_par' dir='ltr' id='par_1_72' title="bbox 522 4081 2107 4159">
     <span class='ocr_line' id='line_1_72' title="bbox 522 4081 2107 4159; baseline 0.009 -28"><span class='ocrx_word' id='word_1_492' title='bbox 522 4084 613 4134; x_wconf 90' lang='lat' dir='ltr'><strong>tus</strong></span> <span class='ocrx_word' id='word_1_493' title='bbox 648 4081 886 4147; x_wconf 87' lang='lat' dir='ltr'><strong>consilii,</strong></span> <span class='ocrx_word' id='word_1_494' title='bbox 937 4083 1161 4141; x_wconf 86' lang='lat' dir='ltr'><strong>habitus</strong></span> <span class='ocrx_word' id='word_1_495' title='bbox 1185 4085 1559 4153; x_wconf 84' lang='lat' dir='ltr'><strong>discretionis,</strong></span> <span class='ocrx_word' id='word_1_496' title='bbox 1589 4105 1726 4159; x_wconf 88' lang='lat' dir='ltr'><strong>quo,</strong></span> <span class='ocrx_word' id='word_1_497' title='bbox 1761 4091 1977 4146; x_wconf 85' lang='lat' dir='ltr'><strong>ratione</strong></span> <span class='ocrx_word' id='word_1_498' title='bbox 2011 4107 2107 4146; x_wconf 84' lang='lat' dir='ltr'><strong>co-</strong></span> 
     </span>
    </p>
   </div>
   <div class='ocr_carea' id='block_1_73' title="bbox 522 4170 2105 4247">
    <p class='ocr_par' dir='ltr' id='par_1_73' title="bbox 522 4170 2105 4247">
     <span class='ocr_line' id='line_1_73' title="bbox 522 4170 2105 4247; baseline 0.004 -21"><span class='ocrx_word' id='word_1_499' title='bbox 522 4170 679 4232; x_wconf 85' lang='lat' dir='ltr'><strong>mite.</strong></span> <span class='ocrx_word' id='word_1_500' title='bbox 714 4172 903 4228; x_wconf 89' lang='lat' dir='ltr'><strong>divina</strong></span> <span class='ocrx_word' id='word_1_501' title='bbox 938 4175 1197 4229; x_wconf 85' lang='lat' dir='ltr'><strong>mandata</strong></span> <span class='ocrx_word' id='word_1_502' title='bbox 1233 4177 1615 4245; x_wconf 76' lang='lat' dir='ltr'><strong>exsequiniur,</strong></span> <span class='ocrx_word' id='word_1_503' title='bbox 1644 4178 1888 4247; x_wconf 74' lang='lat' dir='ltr'><strong>vitisque</strong></span> <span class='ocrx_word' id='word_1_504' title='bbox 1910 4193 1945 4237; x_wconf 81' lang='lat' dir='ltr'><strong>a</strong></span> <span class='ocrx_word' id='word_1_505' title='bbox 1988 4178 2105 4234; x_wconf 86' lang='lat' dir='ltr'><strong>vir-</strong></span> 
     </span>
    </p>
   </div>
   <div class='ocr_carea' id='block_1_74' title="bbox 524 4260 2105 4337">
    <p class='ocr_par' dir='ltr' id='par_1_74' title="bbox 524 4260 2105 4337">
     <span class='ocr_line' id='line_1_74' title="bbox 524 4260 2105 4337; baseline 0.006 -20"><span class='ocrx_word' id='word_1_506' title='bbox 524 4260 738 4317; x_wconf 81' lang='lat' dir='ltr'><strong>tutibus</strong></span> <span class='ocrx_word' id='word_1_507' title='bbox 766 4262 1169 4331; x_wconf 83' lang='lat' dir='ltr'><strong>discernimus;</strong></span> <span class='ocrx_word' id='word_1_508' title='bbox 1220 4266 1449 4335; x_wconf 76' lang='lat' dir='ltr'><strong>Spiritus</strong></span> <span class='ocrx_word' id='word_1_509' title='bbox 1501 4268 1848 4337; x_wconf 70' lang='lat' dir='ltr'><strong>prudentiae,</strong></span> <span class='ocrx_word' id='word_1_510' title='bbox 1910 4271 2105 4326; x_wconf 82' lang='lat' dir='ltr'><strong>modo-</strong></span> 
     </span>
    </p>
   </div>
   <div class='ocr_carea' id='block_1_75' title="bbox 526 4350 2106 4423">
    <p class='ocr_par' dir='ltr' id='par_1_75' title="bbox 526 4350 2106 4423">
     <span class='ocr_line' id='line_1_75' title="bbox 526 4350 2106 4423; baseline 0.009 -23"><span class='ocrx_word' id='word_1_511' title='bbox 526 4364 649 4411; x_wconf 82' lang='lat' dir='ltr'><strong>rum</strong></span> <span class='ocrx_word' id='word_1_512' title='bbox 696 4350 903 4418; x_wconf 87' lang='lat' dir='ltr'><strong>quibus</strong></span> <span class='ocrx_word' id='word_1_513' title='bbox 965 4352 1109 4407; x_wconf 90' lang='lat' dir='ltr'><strong>actio</strong></span> <span class='ocrx_word' id='word_1_514' title='bbox 1146 4353 1433 4423; x_wconf 86' lang='lat' dir='ltr'><strong>virtusque</strong></span> <span class='ocrx_word' id='word_1_515' title='bbox 1471 4356 1879 4422; x_wconf 85' lang='lat' dir='ltr'><strong>colatur,certa</strong></span> <span class='ocrx_word' id='word_1_516' title='bbox 1926 4358 2106 4414; x_wconf 82' lang='lat' dir='ltr'><strong>firma-</strong></span> 
     </span>
    </p>
   </div>
   <div class='ocr_carea' id='block_1_76' title="bbox 2202 3176 3764 3256">
    <p class='ocr_par' dir='ltr' id='par_1_76' title="bbox 2202 3176 3764 3256">
     <span class='ocr_line' id='line_1_76' title="bbox 2202 3176 3764 3256; baseline -0.006 -17"><span class='ocrx_word' id='word_1_517' title='bbox 2202 3185 2432 3256; x_wconf 75' lang='grc' dir='ltr'><strong>ἀξίοιςὴ</strong></span> <span class='ocrx_word' id='word_1_518' title='bbox 2467 3185 2654 3252; x_wconf 73' lang='grc' dir='ltr'><strong>ἔφεσις</strong></span> <span class='ocrx_word' id='word_1_519' title='bbox 2693 3181 2995 3247; x_wconf 82' lang='grc' dir='ltr'><strong>ἀπόλαυσις</strong></span> <span class='ocrx_word' id='word_1_520' title='bbox 3020 3185 3254 3251; x_wconf 83' lang='grc' dir='ltr'><strong>γίνεται,</strong></span> <span class='ocrx_word' id='word_1_521' title='bbox 3299 3180 3524 3253; x_wconf 79' lang='grc' dir='ltr'><strong>μεθέξει</strong></span> <span class='ocrx_word' id='word_1_522' title='bbox 3555 3176 3764 3232; x_wconf 83' lang='grc' dir='ltr'><strong>ποιοῦσα</strong></span> 
     </span>
    </p>
   </div>
   <div class='ocr_carea' id='block_1_77' title="bbox 2201 3268 3764 3353">
    <p class='ocr_par' dir='ltr' id='par_1_77' title="bbox 2201 3268 3764 3353">
     <span class='ocr_line' id='line_1_77' title="bbox 2201 3268 3764 3353; baseline -0.004 -26"><span class='ocrx_word' id='word_1_523' title='bbox 2201 3274 2336 3327; x_wconf 75' lang='grc' dir='ltr'><strong>Θεὸν</strong></span> <span class='ocrx_word' id='word_1_524' title='bbox 2364 3274 2456 3327; x_wconf 80' lang='grc' dir='ltr'><strong>τὸν</strong></span> <span class='ocrx_word' id='word_1_525' title='bbox 2491 3273 2809 3342; x_wconf 81' lang='grc' dir='ltr'><strong>μετέχοντα,</strong></span> <span class='ocrx_word' id='word_1_526' title='bbox 2836 3273 2931 3325; x_wconf 77' lang='grc' dir='ltr'><strong>καὶ</strong></span> <span class='ocrx_word' id='word_1_527' title='bbox 2955 3268 3054 3341; x_wconf 79' lang='grc' dir='ltr'><strong>τῆς</strong></span> <span class='ocrx_word' id='word_1_528' title='bbox 3091 3270 3244 3334; x_wconf 79' lang='grc' dir='ltr'><strong>θείας</strong></span> <span class='ocrx_word' id='word_1_529' title='bbox 3274 3271 3444 3326; x_wconf 79' lang='grc' dir='ltr'><strong>αὐτὸν</strong></span> <span class='ocrx_word' id='word_1_530' title='bbox 3502 3268 3764 3353; x_wconf 74' lang='grc' dir='ltr'><strong>ὑποφήτην</strong></span> 
     </span>
    </p>
   </div>
   <div class='ocr_carea' id='block_1_78' title="bbox 2164 3355 3765 3432">
    <p class='ocr_par' dir='ltr' id='par_1_78' title="bbox 2164 3355 3765 3432">
     <span class='ocr_line' id='line_1_78' title="bbox 2164 3355 3765 3432; baseline -0.006 -14"><span class='ocrx_word' id='word_1_531' title='bbox 2164 3396 2175 3405; x_wconf 84' lang='lat'><strong>-</strong></span> <span class='ocrx_word' id='word_1_532' title='bbox 2202 3361 2521 3418; x_wconf 84' lang='grc' dir='ltr'><strong>καθιστῶσα</strong></span> <span class='ocrx_word' id='word_1_533' title='bbox 2567 3360 2995 3432; x_wconf 81' lang='grc' dir='ltr'><strong>μακαριότητος,</strong></span> <span class='ocrx_word' id='word_1_534' title='bbox 3023 3360 3167 3414; x_wconf 78' lang='grc' dir='ltr'><strong>κατὰ</strong></span> <span class='ocrx_word' id='word_1_535' title='bbox 3212 3361 3311 3432; x_wconf 75' lang='grc' dir='ltr'><strong>τὴν</strong></span> <span class='ocrx_word' id='word_1_536' title='bbox 3369 3360 3595 3414; x_wconf 83' lang='grc' dir='ltr'><strong>άένναον</strong></span> <span class='ocrx_word' id='word_1_537' title='bbox 3644 3355 3765 3427; x_wconf 70' lang='grc' dir='ltr'><strong>πρὸς</strong></span> 
     </span>
    </p>
   </div>
   <div class='ocr_carea' id='block_1_79' title="bbox 2202 3450 3770 3525">
    <p class='ocr_par' dir='ltr' id='par_1_79' title="bbox 2202 3450 3770 3525">
     <span class='ocr_line' id='line_1_79' title="bbox 2202 3450 3770 3525; baseline -0.003 -18"><span class='ocrx_word' id='word_1_538' title='bbox 2202 3455 2331 3518; x_wconf 77' lang='grc' dir='ltr'><strong>τοὺς</strong></span> <span class='ocrx_word' id='word_1_539' title='bbox 2375 3453 2664 3523; x_wconf 80' lang='grc' dir='ltr'><strong>δεομένους</strong></span> <span class='ocrx_word' id='word_1_540' title='bbox 2693 3453 2805 3506; x_wconf 87' lang='grc' dir='ltr'><strong>τῶν</strong></span> <span class='ocrx_word' id='word_1_541' title='bbox 2831 3452 2992 3507; x_wconf 83' lang='grc' dir='ltr'><strong>θείων</strong></span> <span class='ocrx_word' id='word_1_542' title='bbox 3037 3451 3377 3525; x_wconf 81' lang='grc' dir='ltr'><strong>μυστηρίων,</strong></span> <span class='ocrx_word' id='word_1_543' title='bbox 3407 3450 3770 3518; x_wconf 67' lang='grc' dir='ltr'><strong>ἀνεκπόμπευρ</strong></span> 
     </span>
    </p>
   </div>
   <div class='ocr_carea' id='block_1_80' title="bbox 2202 3544 3000 3617">
    <p class='ocr_par' dir='ltr' id='par_1_80' title="bbox 2202 3544 3000 3617">
     <span class='ocr_line' id='line_1_80' title="bbox 2202 3544 3000 3617; baseline -0.003 -17"><span class='ocrx_word' id='word_1_544' title='bbox 2202 3563 2295 3600; x_wconf 86' lang='grc' dir='ltr'><strong>τον</strong></span> <span class='ocrx_word' id='word_1_545' title='bbox 2321 3545 2593 3617; x_wconf 78' lang='grc' dir='ltr'><strong>προϐολὴν</strong></span> <span class='ocrx_word' id='word_1_546' title='bbox 2624 3545 2719 3598; x_wconf 68' lang='grc' dir='ltr'><strong>καὶ</strong></span> <span class='ocrx_word' id='word_1_547' title='bbox 2747 3544 3000 3609; x_wconf 77' lang='grc' dir='ltr'><strong>διέξοδον.</strong></span> 
     </span>
    </p>
   </div>
   <div class='ocr_carea' id='block_1_81' title="bbox 2275 3719 3769 3791">
    <p class='ocr_par' dir='ltr' id='par_1_81' title="bbox 2275 3719 3769 3791">
     <span class='ocr_line' id='line_1_81' title="bbox 2275 3719 3769 3791; baseline -0.003 -14"><span class='ocrx_word' id='word_1_548' title='bbox 2275 3722 2373 3777; x_wconf 69' lang='grc' dir='ltr'><strong>λθθ.</strong></span> <span class='ocrx_word' id='word_1_549' title='bbox 2404 3723 2479 3775; x_wconf 80' lang='grc' dir='ltr'>Τὸ</span> <span class='ocrx_word' id='word_1_550' title='bbox 2500 3722 2718 3791; x_wconf 76' lang='grc' dir='ltr'><strong>πνεῦμα</strong></span> <span class='ocrx_word' id='word_1_551' title='bbox 2743 3721 2838 3774; x_wconf 80' lang='grc' dir='ltr'><strong>τοῦ</strong></span> <span class='ocrx_word' id='word_1_552' title='bbox 2870 3719 3035 3791; x_wconf 75' lang='grc' dir='ltr'><strong>φόόου</strong></span> <span class='ocrx_word' id='word_1_553' title='bbox 3059 3721 3155 3774; x_wconf 83' lang='grc' dir='ltr'><strong>τοῦ</strong></span> <span class='ocrx_word' id='word_1_554' title='bbox 3184 3720 3345 3787; x_wconf 78' lang='grc' dir='ltr'><strong>Θεοῦ,</strong></span> <span class='ocrx_word' id='word_1_555' title='bbox 3363 3722 3478 3775; x_wconf 84' lang='grc' dir='ltr'><strong>τῶν</strong></span> <span class='ocrx_word' id='word_1_556' title='bbox 3501 3720 3619 3776; x_wconf 80' lang='grc' dir='ltr'><strong>κατ’</strong></span> <span class='ocrx_word' id='word_1_557' title='bbox 3640 3721 3769 3790; x_wconf 68' lang='grc' dir='ltr'><strong>ἐνέρη</strong></span> 
     </span>
    </p>
   </div>
   <div class='ocr_carea' id='block_1_82' title="bbox 2201 3809 3766 3884">
    <p class='ocr_par' dir='ltr' id='par_1_82' title="bbox 2201 3809 3766 3884">
     <span class='ocr_line' id='line_1_82' title="bbox 2201 3809 3766 3884; baseline -0.004 -15"><span class='ocrx_word' id='word_1_558' title='bbox 2201 3832 2356 3884; x_wconf 88' lang='grc' dir='ltr'><strong>γειαν</strong></span> <span class='ocrx_word' id='word_1_559' title='bbox 2383 3812 2571 3869; x_wconf 84' lang='grc' dir='ltr'><strong>κακῶν</strong></span> <span class='ocrx_word' id='word_1_560' title='bbox 2601 3813 2749 3866; x_wconf 75' lang='grc' dir='ltr'><strong>ἐστιν</strong></span> <span class='ocrx_word' id='word_1_561' title='bbox 2774 3811 2950 3883; x_wconf 80' lang='grc' dir='ltr'><strong>ἁποχή</strong></span> <span class='ocrx_word' id='word_1_562' title='bbox 2983 3828 2998 3842; x_wconf 78' lang='grc' dir='ltr'><strong><em>ο</em></strong></span> <span class='ocrx_word' id='word_1_563' title='bbox 3033 3809 3094 3864; x_wconf 74' lang='grc' dir='ltr'><strong>τὸ</strong></span> <span class='ocrx_word' id='word_1_564' title='bbox 3123 3810 3181 3863; x_wconf 82' lang='grc' dir='ltr'><strong>δὲ</strong></span> <span class='ocrx_word' id='word_1_565' title='bbox 3210 3811 3436 3883; x_wconf 81' lang='grc' dir='ltr'><strong>πνεῦμα</strong></span> <span class='ocrx_word' id='word_1_566' title='bbox 3460 3813 3559 3884; x_wconf 83' lang='grc' dir='ltr'><strong>τῆς</strong></span> <span class='ocrx_word' id='word_1_567' title='bbox 3584 3810 3766 3882; x_wconf 72' lang='grc' dir='ltr'><strong>ἰσχύος,</strong></span> 
     </span>
    </p>
   </div>
   <div class='ocr_carea' id='block_1_83' title="bbox 2204 3901 3769 3976">
    <p class='ocr_par' dir='ltr' id='par_1_83' title="bbox 2204 3901 3769 3976">
     <span class='ocr_line' id='line_1_83' title="bbox 2204 3901 3769 3976; baseline -0.003 -19"><span class='ocrx_word' id='word_1_568' title='bbox 2204 3905 2236 3976; x_wconf 82' lang='grc' dir='ltr'>ἡ</span> <span class='ocrx_word' id='word_1_569' title='bbox 2271 3904 2408 3975; x_wconf 76' lang='grc' dir='ltr'><strong>πρὸς</strong></span> <span class='ocrx_word' id='word_1_570' title='bbox 2440 3903 2721 3975; x_wconf 75' lang='grc' dir='ltr'><strong>ἐνέργειαν</strong></span> <span class='ocrx_word' id='word_1_571' title='bbox 2755 3902 2848 3955; x_wconf 75' lang='grc' dir='ltr'><strong>καὶ</strong></span> <span class='ocrx_word' id='word_1_572' title='bbox 2869 3901 3067 3971; x_wconf 77' lang='grc' dir='ltr'><strong>πρᾶξιν</strong></span> <span class='ocrx_word' id='word_1_573' title='bbox 3102 3902 3212 3954; x_wconf 91' lang='grc' dir='ltr'><strong>τῶν</strong></span> <span class='ocrx_word' id='word_1_574' title='bbox 3242 3901 3482 3957; x_wconf 74' lang='grc' dir='ltr'><strong>ἐντολῶν</strong></span> <span class='ocrx_word' id='word_1_575' title='bbox 3516 3901 3769 3973; x_wconf 75' lang='grc' dir='ltr'><strong>πρόθυμος</strong></span> 
     </span>
    </p>
   </div>
   <div class='ocr_carea' id='block_1_84' title="bbox 2202 3976 3769 4066">
    <p class='ocr_par' dir='ltr' id='par_1_84' title="bbox 2202 3976 3769 4066">
     <span class='ocr_line' id='line_1_84' title="bbox 2202 3976 3769 4066; baseline -0.005 -17"><span class='ocrx_word' id='word_1_576' title='bbox 2202 3976 2365 4066; x_wconf 66' lang='grc' dir='ltr'><strong>ὁρμη</strong></span> <span class='ocrx_word' id='word_1_577' title='bbox 2383 3993 2481 4047; x_wconf 70' lang='grc' dir='ltr'><strong>καὶ</strong></span> <span class='ocrx_word' id='word_1_578' title='bbox 2507 3993 2724 4064; x_wconf 87' lang='grc' dir='ltr'><strong>κίνησις</strong></span> <span class='ocrx_word' id='word_1_579' title='bbox 2758 4007 2775 4022; x_wconf 84' lang='grc'>⁶</span> <span class='ocrx_word' id='word_1_580' title='bbox 2808 3990 2872 4044; x_wconf 76' lang='grc' dir='ltr'><strong>τὸ</strong></span> <span class='ocrx_word' id='word_1_581' title='bbox 2896 3990 2956 4044; x_wconf 79' lang='grc' dir='ltr'><strong>δὲ</strong></span> <span class='ocrx_word' id='word_1_582' title='bbox 2993 3991 3212 4062; x_wconf 80' lang='grc' dir='ltr'><strong>πνεῦμα</strong></span> <span class='ocrx_word' id='word_1_583' title='bbox 3237 3992 3338 4062; x_wconf 85' lang='grc' dir='ltr'><strong>τῆς</strong></span> <span class='ocrx_word' id='word_1_584' title='bbox 3369 3991 3590 4063; x_wconf 83' lang='grc' dir='ltr'><strong>βουλῆς,</strong></span> <span class='ocrx_word' id='word_1_585' title='bbox 3615 3993 3647 4062; x_wconf 84' lang='grc' dir='ltr'><strong>ἠ</strong></span> <span class='ocrx_word' id='word_1_586' title='bbox 3670 3989 3769 4054; x_wconf 70' lang='grc' dir='ltr'><strong>ἵξις</strong></span> 
     </span>
    </p>
   </div>
   <div class='ocr_carea' id='block_1_85' title="bbox 2204 4077 3772 4157">
    <p class='ocr_par' dir='ltr' id='par_1_85' title="bbox 2204 4077 3772 4157">
     <span class='ocr_line' id='line_1_85' title="bbox 2204 4077 3772 4157; baseline -0.004 -17"><span class='ocrx_word' id='word_1_587' title='bbox 2204 4086 2305 4157; x_wconf 80' lang='grc' dir='ltr'><strong>τῆς</strong></span> <span class='ocrx_word' id='word_1_588' title='bbox 2330 4082 2678 4155; x_wconf 84' lang='grc' dir='ltr'><strong>διακρίσεως,</strong></span> <span class='ocrx_word' id='word_1_589' title='bbox 2713 4081 2838 4135; x_wconf 85' lang='grc' dir='ltr'><strong>καθ’</strong></span> <span class='ocrx_word' id='word_1_590' title='bbox 2854 4077 2933 4153; x_wconf 72' lang='grc' dir='ltr'><strong>’ἣν</strong></span> <span class='ocrx_word' id='word_1_591' title='bbox 2961 4082 3058 4135; x_wconf 78' lang='grc' dir='ltr'><strong>σὺν</strong></span> <span class='ocrx_word' id='word_1_592' title='bbox 3096 4082 3247 4152; x_wconf 81' lang='grc' dir='ltr'><strong>λόγῳ·</strong></span> <span class='ocrx_word' id='word_1_593' title='bbox 3281 4081 3388 4145; x_wconf 84' lang='grc' dir='ltr'><strong>τὰς</strong></span> <span class='ocrx_word' id='word_1_594' title='bbox 3439 4082 3594 4146; x_wconf 82' lang='grc' dir='ltr'><strong>θείας</strong></span> <span class='ocrx_word' id='word_1_595' title='bbox 3621 4081 3772 4153; x_wconf 80' lang='grc' dir='ltr'><strong>πράτ-</strong></span> 
     </span>
    </p>
   </div>
   <div class='ocr_carea' id='block_1_86' title="bbox 2204 4167 3816 4256">
    <p class='ocr_par' dir='ltr' id='par_1_86' title="bbox 2204 4167 3816 4256">
     <span class='ocr_line' id='line_1_86' title="bbox 2204 4167 3816 4256; baseline -0.003 -27"><span class='ocrx_word' id='word_1_596' title='bbox 2204 4191 2373 4246; x_wconf 82' lang='grc' dir='ltr'><strong>τομεν</strong></span> <span class='ocrx_word' id='word_1_597' title='bbox 2413 4172 2781 4256; x_wconf 43' lang='grc' dir='ltr'><strong>ἐντολὰςηκαὶ</strong></span> <span class='ocrx_word' id='word_1_598' title='bbox 2813 4172 2920 4226; x_wconf 82' lang='grc' dir='ltr'><strong>τῶν</strong></span> <span class='ocrx_word' id='word_1_599' title='bbox 2966 4173 3294 4242; x_wconf 75' lang='grc' dir='ltr'><strong>κρειττόνων</strong></span> <span class='ocrx_word' id='word_1_600' title='bbox 3352 4170 3670 4244; x_wconf 76' lang='grc' dir='ltr'><strong>διαιροῦμεν</strong></span> <span class='ocrx_word' id='word_1_601' title='bbox 3712 4167 3770 4224; x_wconf 78' lang='grc' dir='ltr'><strong>τὰ</strong></span> <span class='ocrx_word' id='word_1_602' title='bbox 3810 4248 3816 4256; x_wconf 33' lang='grc'><em>.</em></span> 
     </span>
    </p>
   </div>
   <div class='ocr_carea' id='block_1_87' title="bbox 2206 4240 3770 4338">
    <p class='ocr_par' dir='ltr' id='par_1_87' title="bbox 2206 4240 3770 4338">
     <span class='ocr_line' id='line_1_87' title="bbox 2206 4240 3770 4338; baseline -0.004 -18"><span class='ocrx_word' id='word_1_603' title='bbox 2206 4240 2427 4338; x_wconf 76' lang='grc' dir='ltr'><strong>χείρονα</strong></span> <span class='ocrx_word' id='word_1_604' title='bbox 2459 4283 2473 4298; x_wconf 88' lang='grc'><strong>·</strong></span> <span class='ocrx_word' id='word_1_605' title='bbox 2505 4266 2568 4319; x_wconf 76' lang='grc' dir='ltr'><strong>τὸ</strong></span> <span class='ocrx_word' id='word_1_606' title='bbox 2592 4240 2905 4334; x_wconf 44' lang='grc' dir='ltr'><strong>δὲ“πνεῦμα</strong></span> <span class='ocrx_word' id='word_1_607' title='bbox 2936 4240 3039 4333; x_wconf 78' lang='grc' dir='ltr'><strong>τῆς</strong></span> <span class='ocrx_word' id='word_1_608' title='bbox 3070 4264 3409 4335; x_wconf 76' lang='grc' dir='ltr'><strong>ἐπιστήμης,</strong></span> <span class='ocrx_word' id='word_1_609' title='bbox 3445 4240 3487 4335; x_wconf 42' lang='grc' dir='ltr'><strong>ή-</strong></span> <span class='ocrx_word' id='word_1_610' title='bbox 3513 4240 3620 4317; x_wconf 81' lang='grc' dir='ltr'><strong>τῶν</strong></span> <span class='ocrx_word' id='word_1_611' title='bbox 3663 4260 3770 4315; x_wconf 72' lang='grc' dir='ltr'><strong>κατ’</strong></span> 
     </span>
    </p>
   </div>
   <div class='ocr_carea' id='block_1_88' title="bbox 2204 4350 3769 4429">
    <p class='ocr_par' dir='ltr' id='par_1_88' title="bbox 2204 4350 3769 4429">
     <span class='ocr_line' id='line_1_88' title="bbox 2204 4350 3769 4429; baseline -0.005 -18"><span class='ocrx_word' id='word_1_612' title='bbox 2204 4358 2408 4429; x_wconf 82' lang='grc' dir='ltr'><strong>ἀρετὴν</strong></span> <span class='ocrx_word' id='word_1_613' title='bbox 2455 4357 2545 4426; x_wconf 79' lang='grc' dir='ltr'><strong>τῆς</strong></span> <span class='ocrx_word' id='word_1_614' title='bbox 2573 4355 2825 4427; x_wconf 80' lang='grc' dir='ltr'><strong>πράξεως</strong></span> <span class='ocrx_word' id='word_1_615' title='bbox 2852 4354 3067 4425; x_wconf 80' lang='grc' dir='ltr'><strong>τρόπων</strong></span> <span class='ocrx_word' id='word_1_616' title='bbox 3094 4354 3348 4419; x_wconf 72' lang='grc' dir='ltr'><strong>ἄπτωτος</strong></span> <span class='ocrx_word' id='word_1_617' title='bbox 3390 4355 3599 4429; x_wconf 73' lang='grc' dir='ltr'><strong>εἷδησις</strong></span> <span class='ocrx_word' id='word_1_618' title='bbox 3621 4371 3635 4386; x_wconf 75' lang='grc' dir='ltr'><strong>ο</strong></span> <span class='ocrx_word' id='word_1_619' title='bbox 3664 4350 3769 4406; x_wconf 84' lang='grc' dir='ltr'><strong>καθ’</strong></span> 
     </span>
    </p>
   </div>
   <div class='ocr_carea' id='block_1_89' title="bbox 524 4440 2098 4522">
    <p class='ocr_par' dir='ltr' id='par_1_89' title="bbox 524 4441 2098 4522">
     <span class='ocr_line' id='line_1_89' title="bbox 524 4441 2098 4522; baseline 0.011 -31"><span class='ocrx_word' id='word_1_620' title='bbox 524 4454 633 4508; x_wconf 89' lang='lat' dir='ltr'><strong>que</strong></span> <span class='ocrx_word' id='word_1_621' title='bbox 655 4441 893 4511; x_wconf 80' lang='lat' dir='ltr'><strong>cognitio</strong></span> <span class='ocrx_word' id='word_1_622' title='bbox 915 4481 930 4505; x_wconf 91' lang='lat'><strong>,</strong></span> <span class='ocrx_word' id='word_1_623' title='bbox 966 4457 1075 4511; x_wconf 89' lang='lat' dir='ltr'><strong>qua</strong></span> <span class='ocrx_word' id='word_1_624' title='bbox 1105 4444 1343 4513; x_wconf 84' lang='lat' dir='ltr'><strong>agendo,</strong></span> <span class='ocrx_word' id='word_1_625' title='bbox 1389 4461 1421 4502; x_wconf 89' lang='lat' dir='ltr'><strong>a</strong></span> <span class='ocrx_word' id='word_1_626' title='bbox 1448 4454 1601 4503; x_wconf 89' lang='lat' dir='ltr'><strong>recto</strong></span> <span class='ocrx_word' id='word_1_627' title='bbox 1642 4448 1875 4506; x_wconf 86' lang='lat' dir='ltr'><strong>rationis</strong></span> <span class='ocrx_word' id='word_1_628' title='bbox 1894 4451 2098 4522; x_wconf 83' lang='lat' dir='ltr'><strong>judicio</strong></span> 
     </span>
    </p>
   </div>
   <div class='ocr_carea' id='block_1_90' title="bbox 2198 4440 3769 4522">
    <p class='ocr_par' dir='ltr' id='par_1_90' title="bbox 2210 4440 3769 4519">
     <span class='ocr_line' id='line_1_90' title="bbox 2210 4440 3769 4519; baseline -0.006 -18"><span class='ocrx_word' id='word_1_629' title='bbox 2210 4450 2277 4519; x_wconf 80' lang='grc' dir='ltr'><strong>ἢν</strong></span> <span class='ocrx_word' id='word_1_630' title='bbox 2308 4447 2661 4516; x_wconf 73' lang='grc' dir='ltr'><strong>πράττοντες,</strong></span> <span class='ocrx_word' id='word_1_631' title='bbox 2699 4444 2804 4514; x_wconf 81' lang='grc' dir='ltr'><strong>τῆς</strong></span> <span class='ocrx_word' id='word_1_632' title='bbox 2833 4442 3001 4514; x_wconf 81' lang='grc' dir='ltr'><strong>ὀρθῆς</strong></span> <span class='ocrx_word' id='word_1_633' title='bbox 3024 4440 3121 4496; x_wconf 84' lang='grc' dir='ltr'><strong>τοῦ</strong></span> <span class='ocrx_word' id='word_1_634' title='bbox 3160 4442 3323 4511; x_wconf 82' lang='grc' dir='ltr'><strong>λόγου</strong></span> <span class='ocrx_word' id='word_1_635' title='bbox 3357 4443 3598 4514; x_wconf 87' lang='grc' dir='ltr'><strong>κρίσεως</strong></span> <span class='ocrx_word' id='word_1_636' title='bbox 3632 4441 3769 4494; x_wconf 75' lang='grc' dir='ltr'><strong>οὐδα-</strong></span> 
     </span>
    </p>
   </div>
   <div class='ocr_carea' id='block_1_91' title="bbox 524 4534 2103 4606">
    <p class='ocr_par' dir='ltr' id='par_1_91' title="bbox 524 4534 2103 4606">
     <span class='ocr_line' id='line_1_91' title="bbox 524 4534 2103 4606; baseline 0.01 -23"><span class='ocrx_word' id='word_1_637' title='bbox 524 4546 803 4601; x_wconf 89' lang='lat' dir='ltr'><strong>nunquam</strong></span> <span class='ocrx_word' id='word_1_638' title='bbox 826 4534 1135 4590; x_wconf 81' lang='lat' dir='ltr'><strong>excidimus</strong></span> <span class='ocrx_word' id='word_1_639' title='bbox 1151 4552 1166 4601; x_wconf 91' lang='lat'><strong>;</strong></span> <span class='ocrx_word' id='word_1_640' title='bbox 1182 4536 1411 4606; x_wconf 88' lang='lat' dir='ltr'><strong>spiritus</strong></span> <span class='ocrx_word' id='word_1_641' title='bbox 1426 4539 1690 4605; x_wconf 60' lang='lat' dir='ltr'><strong>scientia},</strong></span> <span class='ocrx_word' id='word_1_642' title='bbox 1716 4542 2103 4599; x_wconf 84' lang='lat' dir='ltr'><strong>mandatorum</strong></span> 
     </span>
    </p>
   </div>
   <div class='ocr_carea' id='block_1_92' title="bbox 523 4620 2101 4701">
    <p class='ocr_par' dir='ltr' id='par_1_92' title="bbox 523 4620 2101 4701">
     <span class='ocr_line' id='line_1_92' title="bbox 523 4620 2101 4701; baseline 0.008 -26"><span class='ocrx_word' id='word_1_643' title='bbox 523 4620 692 4693; x_wconf 84' lang='lat' dir='ltr'><strong>inque</strong></span> <span class='ocrx_word' id='word_1_644' title='bbox 733 4623 842 4679; x_wconf 87' lang='lat' dir='ltr'><strong>illis</strong></span> <span class='ocrx_word' id='word_1_645' title='bbox 895 4627 1277 4683; x_wconf 76' lang='lat' dir='ltr'><strong>exsistentium</strong></span> <span class='ocrx_word' id='word_1_646' title='bbox 1325 4630 1602 4685; x_wconf 88' lang='lat' dir='ltr'><strong>rationum</strong></span> <span class='ocrx_word' id='word_1_647' title='bbox 1627 4671 1643 4697; x_wconf 90' lang='lat'><strong>,</strong></span> <span class='ocrx_word' id='word_1_648' title='bbox 1668 4632 1870 4701; x_wconf 87' lang='lat' dir='ltr'><strong>quibus</strong></span> <span class='ocrx_word' id='word_1_649' title='bbox 1919 4634 2101 4691; x_wconf 88' lang='lat' dir='ltr'><strong>consi-</strong></span> 
     </span>
    </p>
   </div>
   <div class='ocr_carea' id='block_1_93' title="bbox 2213 4528 3769 4607">
    <p class='ocr_par' dir='ltr' id='par_1_93' title="bbox 2213 4528 3769 4607">
     <span class='ocr_line' id='line_1_93' title="bbox 2213 4528 3769 4607; baseline -0.006 -18"><span class='ocrx_word' id='word_1_650' title='bbox 2213 4537 2332 4607; x_wconf 83' lang='grc' dir='ltr'><strong>μῶς</strong></span> <span class='ocrx_word' id='word_1_651' title='bbox 2382 4534 2657 4605; x_wconf 82' lang='grc' dir='ltr'><strong>πίπτομεν</strong></span> <span class='ocrx_word' id='word_1_652' title='bbox 2685 4545 2698 4560; x_wconf 82' lang='lat'><strong>‘</strong></span> <span class='ocrx_word' id='word_1_653' title='bbox 2749 4533 2809 4586; x_wconf 83' lang='grc' dir='ltr'><strong>τὸ</strong></span> <span class='ocrx_word' id='word_1_654' title='bbox 2840 4532 2898 4586; x_wconf 82' lang='grc' dir='ltr'><strong>δὲ</strong></span> <span class='ocrx_word' id='word_1_655' title='bbox 2923 4531 3143 4601; x_wconf 80' lang='grc' dir='ltr'><strong>πνεῦμα</strong></span> <span class='ocrx_word' id='word_1_656' title='bbox 3172 4535 3273 4603; x_wconf 81' lang='grc' dir='ltr'><strong>τῆς</strong></span> <span class='ocrx_word' id='word_1_657' title='bbox 3301 4531 3585 4601; x_wconf 83' lang='grc' dir='ltr'><strong>γνώσεως,</strong></span> <span class='ocrx_word' id='word_1_658' title='bbox 3616 4533 3649 4601; x_wconf 78' lang='grc' dir='ltr'><strong>ἡ</strong></span> <span class='ocrx_word' id='word_1_659' title='bbox 3676 4528 3769 4582; x_wconf 85' lang='grc' dir='ltr'><strong>τῶν</strong></span> 
     </span>
    </p>
   </div>
   <div class='ocr_carea' id='block_1_94' title="bbox 2207 4620 3769 4696">
    <p class='ocr_par' dir='ltr' id='par_1_94' title="bbox 2207 4620 3769 4696">
     <span class='ocr_line' id='line_1_94' title="bbox 2207 4620 3769 4696; baseline -0.006 -13"><span class='ocrx_word' id='word_1_660' title='bbox 2207 4626 2439 4683; x_wconf 77' lang='grc' dir='ltr'><strong>ἐντολῶν</strong></span> <span class='ocrx_word' id='word_1_661' title='bbox 2462 4625 2688 4680; x_wconf 72' lang='grc' dir='ltr'><strong>καὶτῶν</strong></span> <span class='ocrx_word' id='word_1_662' title='bbox 2735 4627 2794 4678; x_wconf 76' lang='grc' dir='ltr'><strong>ἐν</strong></span> <span class='ocrx_word' id='word_1_663' title='bbox 2826 4624 3017 4687; x_wconf 72' lang='grc' dir='ltr'><strong>αὐταῑς</strong></span> <span class='ocrx_word' id='word_1_664' title='bbox 3063 4624 3239 4692; x_wconf 85' lang='grc' dir='ltr'><strong>λόγων</strong></span> <span class='ocrx_word' id='word_1_665' title='bbox 3292 4625 3611 4696; x_wconf 80' lang='grc' dir='ltr'><strong>περίληψις,</strong></span> <span class='ocrx_word' id='word_1_666' title='bbox 3665 4620 3769 4675; x_wconf 79' lang='grc' dir='ltr'><strong>καθ’</strong></span> 
     </span>
    </p>
   </div>
   <div class='ocr_carea' id='block_1_95' title="bbox 523 4709 2098 4792">
    <p class='ocr_par' dir='ltr' id='par_1_95' title="bbox 523 4714 2098 4792">
     <span class='ocr_line' id='line_1_95' title="bbox 523 4714 2098 4792; baseline 0.01 -29"><span class='ocrx_word' id='word_1_667' title='bbox 523 4718 676 4767; x_wconf 82' lang='lat' dir='ltr'><strong>stunt</strong></span> <span class='ocrx_word' id='word_1_668' title='bbox 705 4714 966 4770; x_wconf 88' lang='lat' dir='ltr'><strong>virtutum</strong></span> <span class='ocrx_word' id='word_1_669' title='bbox 993 4717 1164 4783; x_wconf 90' lang='lat' dir='ltr'><strong>modi,</strong></span> <span class='ocrx_word' id='word_1_670' title='bbox 1202 4720 1627 4789; x_wconf 83' lang='lat' dir='ltr'><strong>comprehensio</strong></span> <span class='ocrx_word' id='word_1_671' title='bbox 1649 4718 1674 4786; x_wconf 70' lang='grc' dir='ltr'><em>ξ</em></span> <span class='ocrx_word' id='word_1_672' title='bbox 1695 4723 2098 4792; x_wconf 80' lang='lat' dir='ltr'><strong>spiritusintel-</strong></span> 
     </span>
    </p>
   </div>
   <div class='ocr_carea' id='block_1_96' title="bbox 2198 4709 3769 4792">
    <p class='ocr_par' dir='ltr' id='par_1_96' title="bbox 2205 4709 3769 4789">
     <span class='ocr_line' id='line_1_96' title="bbox 2205 4709 3769 4789; baseline -0.005 -17"><span class='ocrx_word' id='word_1_673' title='bbox 2205 4718 2301 4781; x_wconf 80' lang='grc' dir='ltr'><strong>οὓς</strong></span> <span class='ocrx_word' id='word_1_674' title='bbox 2340 4720 2389 4771; x_wconf 79' lang='grc' dir='ltr'><strong>οἱ</strong></span> <span class='ocrx_word' id='word_1_675' title='bbox 2439 4716 2632 4789; x_wconf 79' lang='grc' dir='ltr'><strong>τρόποι</strong></span> <span class='ocrx_word' id='word_1_676' title='bbox 2658 4715 2767 4769; x_wconf 90' lang='grc' dir='ltr'><strong>τῶν</strong></span> <span class='ocrx_word' id='word_1_677' title='bbox 2795 4715 3005 4786; x_wconf 81' lang='grc' dir='ltr'><strong>ἀρετῶν</strong></span> <span class='ocrx_word' id='word_1_678' title='bbox 3035 4714 3403 4784; x_wconf 75' lang='grc' dir='ltr'><strong>συνεστήκασι</strong></span> <span class='ocrx_word' id='word_1_679' title='bbox 3435 4733 3452 4747; x_wconf 77' lang='grc'><em>’</em></span> <span class='ocrx_word' id='word_1_680' title='bbox 3490 4714 3700 4784; x_wconf 68' lang='grc' dir='ltr'><strong>πνεῦμα</strong></span> <span class='ocrx_word' id='word_1_681' title='bbox 3719 4709 3769 4764; x_wconf 71' lang='grc' dir='ltr'><strong>δὲ</strong></span> 
     </span>
    </p>
   </div>
   <div class='ocr_carea' id='block_1_97' title="bbox 522 4802 2098 4881">
    <p class='ocr_par' dir='ltr' id='par_1_97' title="bbox 522 4802 2098 4881">
     <span class='ocr_line' id='line_1_97' title="bbox 522 4802 2098 4881; baseline 0.011 -25"><span class='ocrx_word' id='word_1_682' title='bbox 522 4802 778 4875; x_wconf 76' lang='lat' dir='ltr'><strong>ligentiac,</strong></span> <span class='ocrx_word' id='word_1_683' title='bbox 795 4823 859 4862; x_wconf 79' lang='lat' dir='ltr'><strong>ex</strong></span> <span class='ocrx_word' id='word_1_684' title='bbox 887 4809 1152 4865; x_wconf 87' lang='lat' dir='ltr'><strong>virtutum</strong></span> <span class='ocrx_word' id='word_1_685' title='bbox 1180 4812 1358 4877; x_wconf 86' lang='lat' dir='ltr'><strong>modis</strong></span> <span class='ocrx_word' id='word_1_686' title='bbox 1382 4828 1447 4869; x_wconf 88' lang='lat' dir='ltr'><strong>ac</strong></span> <span class='ocrx_word' id='word_1_687' title='bbox 1469 4814 1780 4871; x_wconf 84' lang='lat' dir='ltr'><strong>rationibus</strong></span> <span class='ocrx_word' id='word_1_688' title='bbox 1796 4815 1957 4881; x_wconf 80' lang='lat' dir='ltr'><strong>afiiei,</strong></span> <span class='ocrx_word' id='word_1_689' title='bbox 1986 4816 2098 4873; x_wconf 85' lang='lat' dir='ltr'><strong>sive</strong></span> 
     </span>
    </p>
   </div>
   <div class='ocr_carea' id='block_1_98' title="bbox 2198 4802 3769 4881">
    <p class='ocr_par' dir='ltr' id='par_1_98' title="bbox 2209 4805 3769 4879">
     <span class='ocr_line' id='line_1_98' title="bbox 2209 4805 3769 4879; baseline -0.001 -14"><span class='ocrx_word' id='word_1_690' title='bbox 2209 4807 2479 4874; x_wconf 81' lang='grc' dir='ltr'><strong>συνέσεώς</strong></span> <span class='ocrx_word' id='word_1_691' title='bbox 2508 4811 2678 4874; x_wconf 78' lang='grc' dir='ltr'><strong>ἐστιν,</strong></span> <span class='ocrx_word' id='word_1_692' title='bbox 2705 4809 2739 4879; x_wconf 78' lang='grc' dir='ltr'><strong>ἡ</strong></span> <span class='ocrx_word' id='word_1_693' title='bbox 2764 4807 2900 4878; x_wconf 79' lang='grc' dir='ltr'><strong>πρὸς</strong></span> <span class='ocrx_word' id='word_1_694' title='bbox 2928 4808 3053 4871; x_wconf 75' lang='grc' dir='ltr'><strong>τοὺς</strong></span> <span class='ocrx_word' id='word_1_695' title='bbox 3076 4807 3309 4878; x_wconf 84' lang='grc' dir='ltr'><strong>τρόπους</strong></span> <span class='ocrx_word' id='word_1_696' title='bbox 3328 4808 3426 4861; x_wconf 74' lang='grc' dir='ltr'><strong>καὶ</strong></span> <span class='ocrx_word' id='word_1_697' title='bbox 3454 4809 3583 4870; x_wconf 76' lang='grc' dir='ltr'><strong>τοὺς</strong></span> <span class='ocrx_word' id='word_1_698' title='bbox 3600 4805 3769 4873; x_wconf 73' lang='grc' dir='ltr'>λόγους</span> 
     </span>
    </p>
   </div>
   <div class='ocr_carea' id='block_1_99' title="bbox 525 4895 2098 4975">
    <p class='ocr_par' dir='ltr' id='par_1_99' title="bbox 525 4899 2098 4975">
     <span class='ocr_line' id='line_1_99' title="bbox 525 4899 2098 4975; baseline 0.008 -25"><span class='ocrx_word' id='word_1_699' title='bbox 525 4906 587 4951; x_wconf 87' lang='lat' dir='ltr'><strong>ut</strong></span> <span class='ocrx_word' id='word_1_700' title='bbox 607 4899 1029 4956; x_wconf 81' lang='lat' dir='ltr'><strong>convenientius</strong></span> <span class='ocrx_word' id='word_1_701' title='bbox 1060 4910 1226 4975; x_wconf 91' lang='lat' dir='ltr'><strong>atque</strong></span> <span class='ocrx_word' id='word_1_702' title='bbox 1257 4904 1442 4974; x_wconf 83' lang='lat' dir='ltr'><strong>aptius</strong></span> <span class='ocrx_word' id='word_1_703' title='bbox 1470 4905 1689 4975; x_wconf 86' lang='lat' dir='ltr'><strong>loquar,</strong></span> <span class='ocrx_word' id='word_1_704' title='bbox 1723 4907 1781 4961; x_wconf 92' lang='lat' dir='ltr'><strong>in</strong></span> <span class='ocrx_word' id='word_1_705' title='bbox 1814 4922 1879 4963; x_wconf 92' lang='lat' dir='ltr'><strong>ea</strong></span> <span class='ocrx_word' id='word_1_706' title='bbox 1919 4917 2098 4963; x_wconf 89' lang='lat' dir='ltr'><strong>trans-</strong></span> 
     </span>
    </p>
   </div>
   <div class='ocr_carea' id='block_1_100' title="bbox 2198 4895 3766 4975">
    <p class='ocr_par' dir='ltr' id='par_1_100' title="bbox 2202 4895 3766 4972">
     <span class='ocr_line' id='line_1_100' title="bbox 2202 4895 3766 4972; baseline -0.006 -17"><span class='ocrx_word' id='word_1_707' title='bbox 2202 4903 2316 4956; x_wconf 85' lang='grc' dir='ltr'><strong>τῶν</strong></span> <span class='ocrx_word' id='word_1_708' title='bbox 2373 4901 2588 4972; x_wconf 79' lang='grc' dir='ltr'><strong>ἀρετῶν</strong></span> <span class='ocrx_word' id='word_1_709' title='bbox 2636 4899 3058 4968; x_wconf 82' lang='grc' dir='ltr'><strong>συγκατάθεσις,</strong></span> <span class='ocrx_word' id='word_1_710' title='bbox 3116 4898 3152 4969; x_wconf 76' lang='grc' dir='ltr'>ἢ</span> <span class='ocrx_word' id='word_1_711' title='bbox 3208 4897 3550 4971; x_wconf 81' lang='grc' dir='ltr'><strong>κυριώτερον</strong></span> <span class='ocrx_word' id='word_1_712' title='bbox 3592 4895 3766 4957; x_wconf 74' lang='grc' dir='ltr'><strong>εἰπεῖν,</strong></span> 
     </span>
    </p>
   </div>
   <div class='ocr_carea' id='block_1_101' title="bbox 528 4987 2098 5077">
    <p class='ocr_par' dir='ltr' id='par_1_101' title="bbox 528 4987 2098 5059">
     <span class='ocr_line' id='line_1_101' title="bbox 528 4987 2098 5059; baseline 0.007 -20"><span class='ocrx_word' id='word_1_713' title='bbox 528 4987 731 5045; x_wconf 80' lang='lat' dir='ltr'><strong>mutari</strong></span> <span class='ocrx_word' id='word_1_714' title='bbox 768 5004 920 5059; x_wconf 89' lang='lat' dir='ltr'><strong>:qua</strong></span> <span class='ocrx_word' id='word_1_715' title='bbox 967 4993 1426 5049; x_wconf 81' lang='lat' dir='ltr'><strong>transmutatione</strong></span> <span class='ocrx_word' id='word_1_716' title='bbox 1464 4996 1749 5051; x_wconf 84' lang='lat' dir='ltr'><strong>naturales</strong></span> <span class='ocrx_word' id='word_1_717' title='bbox 1777 4996 1927 5052; x_wconf 87' lang='lat' dir='ltr'><strong>vires</strong></span> <span class='ocrx_word' id='word_1_718' title='bbox 1977 5009 2098 5051; x_wconf 89' lang='lat' dir='ltr'><strong>cum</strong></span> 
     </span>
    </p>
   </div>
   <div class='ocr_carea' id='block_1_102' title="bbox 2198 4987 3770 5077">
    <p class='ocr_par' dir='ltr' id='par_1_102' title="bbox 2206 4990 3770 5077">
     <span class='ocr_line' id='line_1_102' title="bbox 2206 4990 3770 5077; baseline -0.007 -29"><span class='ocrx_word' id='word_1_719' title='bbox 2206 4992 2592 5066; x_wconf 83' lang='grc' dir='ltr'><strong>μεταποίησις,</strong></span> <span class='ocrx_word' id='word_1_720' title='bbox 2643 4991 2766 5046; x_wconf 79' lang='grc' dir='ltr'><strong>καθ’</strong></span> <span class='ocrx_word' id='word_1_721' title='bbox 2803 4992 2870 5046; x_wconf 71' lang='grc' dir='ltr'><strong>ἣν</strong></span> <span class='ocrx_word' id='word_1_722' title='bbox 2906 4990 3208 5059; x_wconf 82' lang='grc' dir='ltr'><strong>σύγκρασις</strong></span> <span class='ocrx_word' id='word_1_723' title='bbox 3238 4990 3460 5060; x_wconf 85' lang='grc' dir='ltr'><strong>γίνεται</strong></span> <span class='ocrx_word' id='word_1_724' title='bbox 3488 4990 3597 5077; x_wconf 82' lang='grc' dir='ltr'><strong>τῶν</strong></span> <span class='ocrx_word' id='word_1_725' title='bbox 3631 5002 3770 5055; x_wconf 65' lang='lat' dir='ltr'><strong>(pum-</strong></span> 
     </span>
    </p>
   </div>
   <div class='ocr_carea' id='block_1_103' title="bbox 593 5144 1039 5215">
    <p class='ocr_par' dir='ltr' id='par_1_103' title="bbox 593 5144 1039 5215">
     <span class='ocr_line' id='line_1_103' title="bbox 593 5144 1039 5215; baseline 0.007 -16"><span class='ocrx_word' id='word_1_726' title='bbox 593 5144 640 5176; x_wconf 75' lang='grc'><strong>³⁸</strong></span> <span class='ocrx_word' id='word_1_727' title='bbox 664 5144 768 5201; x_wconf 87' lang='lat' dir='ltr'><strong>Isa.</strong></span> <span class='ocrx_word' id='word_1_728' title='bbox 803 5162 877 5215; x_wconf 76' lang='grc' dir='ltr'><strong>ιι,</strong></span> <span class='ocrx_word' id='word_1_729' title='bbox 905 5146 961 5214; x_wconf 76' lang='lat'><strong>2,</strong></span> <span class='ocrx_word' id='word_1_730' title='bbox 989 5149 1039 5204; x_wconf 80' lang='grc'><strong>5.</strong></span> 
     </span>
    </p>
   </div>
   <div class='ocr_carea' id='block_1_104' title="bbox 2201 5293 3763 5362">
    <p class='ocr_par' dir='ltr' id='par_1_104' title="bbox 2201 5293 3763 5362">
     <span class='ocr_line' id='line_1_104' title="bbox 2201 5293 3763 5362; baseline -0.004 -9"><span class='ocrx_word' id='word_1_731' title='bbox 2201 5299 2354 5362; x_wconf 79' lang='grc' dir='ltr'><strong>ϐείας</strong></span> <span class='ocrx_word' id='word_1_732' title='bbox 2382 5317 2396 5330; x_wconf 76' lang='grc' dir='ltr'><strong>ο</strong></span> <span class='ocrx_word' id='word_1_733' title='bbox 2434 5299 2531 5362; x_wconf 83' lang='lat' dir='ltr'><strong>qui</strong></span> <span class='ocrx_word' id='word_1_734' title='bbox 2557 5297 2630 5350; x_wconf 91' lang='lat' dir='ltr'><strong>sit</strong></span> <span class='ocrx_word' id='word_1_735' title='bbox 2651 5293 2881 5362; x_wconf 88' lang='lat' dir='ltr'><strong>spiritus</strong></span> <span class='ocrx_word' id='word_1_736' title='bbox 2916 5297 3137 5353; x_wconf 88' lang='lat' dir='ltr'><strong>timoris</strong></span> <span class='ocrx_word' id='word_1_737' title='bbox 3178 5296 3340 5358; x_wconf 86' lang='lat' dir='ltr'><strong>casti,</strong></span> <span class='ocrx_word' id='word_1_738' title='bbox 3373 5294 3634 5357; x_wconf 83' lang='lat' dir='ltr'><strong>modesti,</strong></span> <span class='ocrx_word' id='word_1_739' title='bbox 3682 5308 3763 5347; x_wconf 87' lang='lat' dir='ltr'><strong>re-</strong></span> 
     </span>
    </p>
   </div>
   <div class='ocr_carea' id='block_1_105' title="bbox 2198 5364 3767 5434">
    <p class='ocr_par' dir='ltr' id='par_1_105' title="bbox 2198 5364 3767 5434">
     <span class='ocr_line' id='line_1_105' title="bbox 2198 5364 3767 5434; baseline -0.006 -11"><span class='ocrx_word' id='word_1_740' title='bbox 2198 5364 2491 5425; x_wconf 83' lang='lat' dir='ltr'><strong>verentiali</strong></span> <span class='ocrx_word' id='word_1_741' title='bbox 2522 5382 2588 5421; x_wconf 83' lang='lat' dir='ltr'><strong>ac</strong></span> <span class='ocrx_word' id='word_1_742' title='bbox 2620 5364 2886 5434; x_wconf 85' lang='lat' dir='ltr'><strong>religiosi.</strong></span> <span class='ocrx_word' id='word_1_743' title='bbox 2914 5366 3150 5422; x_wconf 73' lang='lat' dir='ltr'><strong>Videtur</strong></span> <span class='ocrx_word' id='word_1_744' title='bbox 3194 5364 3288 5418; x_wconf 90' lang='lat' dir='ltr'><strong>hic</strong></span> <span class='ocrx_word' id='word_1_745' title='bbox 3330 5364 3606 5434; x_wconf 77' lang='lat' dir='ltr'><strong>Maximus</strong></span> <span class='ocrx_word' id='word_1_746' title='bbox 3662 5365 3767 5434; x_wconf 68' lang='grc' dir='ltr'><strong>ἑπι-</strong></span> 
     </span>
    </p>
   </div>
   <div class='ocr_carea' id='block_1_106' title="bbox 2201 5430 3761 5519">
    <p class='ocr_par' dir='ltr' id='par_1_106' title="bbox 2201 5430 3761 5519">
     <span class='ocr_line' id='line_1_106' title="bbox 2201 5430 3761 5519; baseline 0.001 0"><span class='ocrx_word' id='word_1_747' title='bbox 2201 5441 2417 5519; x_wconf 62' lang='grc' dir='ltr'><strong>εξιιμην</strong></span> <span class='ocrx_word' id='word_1_748' title='bbox 2443 5453 2556 5519; x_wconf 63' lang='grc' dir='ltr'><strong>ιρις).</strong></span> <span class='ocrx_word' id='word_1_749' title='bbox 2580 5430 2875 5519; x_wconf 46' lang='lat' dir='ltr'><strong>milia“?</strong></span> <span class='ocrx_word' id='word_1_750' title='bbox 2904 5452 3197 5519; x_wconf 63' lang='grc' dir='ltr'><strong>υειιτιπθνθι</strong></span> <span class='ocrx_word' id='word_1_751' title='bbox 3226 5450 3314 5519; x_wconf 52' lang='grc' dir='ltr'><strong>ιο.</strong></span> <span class='ocrx_word' id='word_1_752' title='bbox 3344 5430 3761 5519; x_wconf 49' lang='lat' dir='ltr'><strong>Persicum}?</strong></span> 
     </span>
    </p>
   </div>
   <div class='ocr_carea' id='block_1_107' title="bbox 2197 5503 3767 5578">
    <p class='ocr_par' dir='ltr' id='par_1_107' title="bbox 2197 5503 3767 5578">
     <span class='ocr_line' id='line_1_107' title="bbox 2197 5503 3767 5578; baseline -0.006 -16"><span class='ocrx_word' id='word_1_753' title='bbox 2197 5503 2344 5562; x_wconf 83' lang='lat' dir='ltr'><strong>dieio</strong></span> <span class='ocrx_word' id='word_1_754' title='bbox 2372 5503 2694 5578; x_wconf 78' lang='lat' dir='ltr'><strong>agibilium;</strong></span> <span class='ocrx_word' id='word_1_755' title='bbox 2731 5512 2791 5558; x_wconf 92' lang='lat' dir='ltr'><strong>ut</strong></span> <span class='ocrx_word' id='word_1_756' title='bbox 2812 5513 2873 5559; x_wconf 90' lang='lat' dir='ltr'><strong>et</strong></span> <span class='ocrx_word' id='word_1_757' title='bbox 2900 5503 3124 5578; x_wconf 78' lang='grc' dir='ltr'><strong>γνῶσιν,</strong></span> <span class='ocrx_word' id='word_1_758' title='bbox 3151 5518 3254 5575; x_wconf 85' lang='lat' dir='ltr'><strong>pro</strong></span> <span class='ocrx_word' id='word_1_759' title='bbox 3296 5503 3518 5578; x_wconf 72' lang='lat' dir='ltr'><strong>judicio</strong></span> <span class='ocrx_word' id='word_1_760' title='bbox 3564 5505 3767 5578; x_wconf 80' lang='lat' dir='ltr'><strong>univer-</strong></span> 
     </span>
    </p>
   </div>
   <div class='ocr_carea' id='block_1_108' title="bbox 2200 5572 3760 5649">
    <p class='ocr_par' dir='ltr' id='par_1_108' title="bbox 2200 5572 3760 5649">
     <span class='ocr_line' id='line_1_108' title="bbox 2200 5572 3760 5649; baseline -0.006 -19"><span class='ocrx_word' id='word_1_761' title='bbox 2200 5578 2335 5649; x_wconf 75' lang='lat' dir='ltr'><strong>sali,</strong></span> <span class='ocrx_word' id='word_1_762' title='bbox 2393 5572 2458 5649; x_wconf 54' lang='lat' dir='ltr'><strong>a&#39;c</strong></span> <span class='ocrx_word' id='word_1_763' title='bbox 2518 5590 2628 5643; x_wconf 89' lang='lat' dir='ltr'><strong>quo</strong></span> <span class='ocrx_word' id='word_1_764' title='bbox 2686 5588 2869 5649; x_wconf 77' lang='lat' dir='ltr'><strong>rerum</strong></span> <span class='ocrx_word' id='word_1_765' title='bbox 2914 5572 3168 5631; x_wconf 72' lang='lat' dir='ltr'><strong>rationes</strong></span> <span class='ocrx_word' id='word_1_766' title='bbox 3220 5572 3760 5649; x_wconf 74' lang='lat' dir='ltr'><strong>comprehendamus.</strong></span> 
     </span>
    </p>
   </div>
   <div class='ocr_carea' id='block_1_109' title="bbox 2202 5642 3761 5718">
    <p class='ocr_par' dir='ltr' id='par_1_109' title="bbox 2202 5642 3761 5718">
     <span class='ocr_line' id='line_1_109' title="bbox 2202 5642 3761 5718; baseline -0.005 -18"><span class='ocrx_word' id='word_1_767' title='bbox 2202 5646 2421 5718; x_wconf 74' lang='lat' dir='ltr'><strong>Alioqui</strong></span> <span class='ocrx_word' id='word_1_768' title='bbox 2457 5642 2648 5718; x_wconf 75' lang='lat' dir='ltr'><strong>notum</strong></span> <span class='ocrx_word' id='word_1_769' title='bbox 2671 5642 2804 5718; x_wconf 78' lang='lat' dir='ltr'><strong>quid</strong></span> <span class='ocrx_word' id='word_1_770' title='bbox 2844 5646 3144 5718; x_wconf 76' lang='grc' dir='ltr'><strong>ἐπιστήμη,</strong></span> <span class='ocrx_word' id='word_1_771' title='bbox 3189 5652 3244 5700; x_wconf 85' lang='grc' dir='ltr'><strong>οι</strong></span> <span class='ocrx_word' id='word_1_772' title='bbox 3306 5643 3545 5699; x_wconf 84' lang='lat' dir='ltr'><strong>scientia</strong></span> <span class='ocrx_word' id='word_1_773' title='bbox 3586 5642 3761 5696; x_wconf 88' lang='lat' dir='ltr'><strong>stricte</strong></span> 
     </span>
    </p>
   </div>
   <div class='ocr_carea' id='block_1_110' title="bbox 2202 5712 2790 5786">
    <p class='ocr_par' dir='ltr' id='par_1_110' title="bbox 2202 5712 2790 5786">
     <span class='ocr_line' id='line_1_110' title="bbox 2202 5712 2790 5786; baseline -0.002 -15"><span class='ocrx_word' id='word_1_774' title='bbox 2202 5712 2381 5778; x_wconf 72' lang='lat' dir='ltr'><strong>dieue.</strong></span> <span class='ocrx_word' id='word_1_775' title='bbox 2422 5712 2790 5786; x_wconf 86' lang='lat' dir='ltr'><strong>philosophis.</strong></span> 
     </span>
    </p>
   </div>
   <div class='ocr_carea' id='block_1_111' title="bbox 599 5294 2093 5369">
    <p class='ocr_par' dir='ltr' id='par_1_111' title="bbox 599 5294 2093 5369">
     <span class='ocr_line' id='line_1_111' title="bbox 599 5294 2093 5369; baseline 0.002 -20"><span class='ocrx_word' id='word_1_776' title='bbox 599 5294 965 5369; x_wconf 55' lang='grc' dir='ltr'><strong>(ὑλιζνεῦέια</strong></span> <span class='ocrx_word' id='word_1_777' title='bbox 1000 5297 1356 5369; x_wconf 59' lang='grc' dir='ltr'><strong>ἐπιστήμης.</strong></span> <span class='ocrx_word' id='word_1_778' title='bbox 1403 5299 1616 5353; x_wconf 82' lang='lat' dir='ltr'><strong>Habent</strong></span> <span class='ocrx_word' id='word_1_779' title='bbox 1661 5298 1825 5361; x_wconf 79' lang='lat' dir='ltr'><strong>LXX,</strong></span> <span class='ocrx_word' id='word_1_780' title='bbox 1876 5300 2093 5369; x_wconf 74' lang='grc' dir='ltr'><strong>πνεῦμα</strong></span> 
     </span>
    </p>
   </div>
   <div class='ocr_carea' id='block_1_112' title="bbox 532 5364 2091 5439">
    <p class='ocr_par' dir='ltr' id='par_1_112' title="bbox 532 5364 2091 5439">
     <span class='ocr_line' id='line_1_112' title="bbox 532 5364 2091 5439; baseline 0.004 -23"><span class='ocrx_word' id='word_1_781' title='bbox 532 5364 835 5427; x_wconf 76' lang='grc' dir='ltr'><strong>εὐσεϐείας.</strong></span> <span class='ocrx_word' id='word_1_782' title='bbox 868 5366 1025 5439; x_wconf 72' lang='lat' dir='ltr'><strong>vulg.</strong></span> <span class='ocrx_word' id='word_1_783' title='bbox 1075 5364 1321 5439; x_wconf 72' lang='lat' dir='ltr'><strong>Spiritus</strong></span> <span class='ocrx_word' id='word_1_784' title='bbox 1360 5371 1591 5439; x_wconf 84' lang='lat' dir='ltr'><strong>pietatis.</strong></span> <span class='ocrx_word' id='word_1_785' title='bbox 1624 5368 1746 5439; x_wconf 83' lang='lat' dir='ltr'><strong>Ipse</strong></span> <span class='ocrx_word' id='word_1_786' title='bbox 1792 5364 2091 5439; x_wconf 59' lang='lat' dir='ltr'><strong>Maximus,</strong></span> 
     </span>
    </p>
   </div>
   <div class='ocr_carea' id='block_1_113' title="bbox 528 5435 2094 5508">
    <p class='ocr_par' dir='ltr' id='par_1_113' title="bbox 528 5435 2094 5508">
     <span class='ocr_line' id='line_1_113' title="bbox 528 5435 2094 5508; baseline 0.001 -19"><span class='ocrx_word' id='word_1_787' title='bbox 528 5442 676 5508; x_wconf 73' lang='lat' dir='ltr'><strong>cent.</strong></span> <span class='ocrx_word' id='word_1_788' title='bbox 709 5450 782 5496; x_wconf 85' lang='lat' dir='ltr'><strong>tv,</strong></span> <span class='ocrx_word' id='word_1_789' title='bbox 805 5449 873 5508; x_wconf 73' lang='lat' dir='ltr'><strong>ex</strong></span> <span class='ocrx_word' id='word_1_790' title='bbox 903 5435 991 5508; x_wconf 68' lang='lat' dir='ltr'><strong>his</strong></span> <span class='ocrx_word' id='word_1_791' title='bbox 1014 5435 1277 5508; x_wconf 72' lang='lat' dir='ltr'><strong>quinque.</strong></span> <span class='ocrx_word' id='word_1_792' title='bbox 1299 5435 1443 5493; x_wconf 63' lang='lat'><strong>0.79</strong></span> <span class='ocrx_word' id='word_1_793' title='bbox 1480 5446 1538 5493; x_wconf 82' lang='lat' dir='ltr'><strong>et</strong></span> <span class='ocrx_word' id='word_1_794' title='bbox 1565 5435 1666 5502; x_wconf 44' lang='lat'><strong>80,—</strong></span> <span class='ocrx_word' id='word_1_795' title='bbox 1685 5436 1902 5508; x_wconf 79' lang='grc' dir='ltr'><strong>πνεῦμα</strong></span> <span class='ocrx_word' id='word_1_796' title='bbox 1922 5439 2094 5508; x_wconf 76' lang='grc' dir='ltr'><strong>εὐσε-</strong></span> 
     </span>
    </p>
   </div>
   <div class='ocr_carea' id='block_1_114' title="bbox 531 5502 2090 5578">
    <p class='ocr_par' dir='ltr' id='par_1_114' title="bbox 531 5502 2090 5578">
     <span class='ocr_line' id='line_1_114' title="bbox 531 5502 2090 5578; baseline 0.004 -22"><span class='ocrx_word' id='word_1_797' title='bbox 531 5502 682 5578; x_wconf 61' lang='grc' dir='ltr'><strong>βείας</strong></span> <span class='ocrx_word' id='word_1_798' title='bbox 715 5514 771 5558; x_wconf 82' lang='lat' dir='ltr'><strong>et</strong></span> <span class='ocrx_word' id='word_1_799' title='bbox 793 5505 918 5578; x_wconf 90' lang='lat' dir='ltr'><strong>_i_ps_e</strong></span> <span class='ocrx_word' id='word_1_800' title='bbox 947 5502 1131 5560; x_wconf 78' lang='lat' dir='ltr'><strong>habet.</strong></span> <span class='ocrx_word' id='word_1_801' title='bbox 1168 5502 1346 5578; x_wconf 51' lang='lat' dir='ltr'><strong>lrah.</strong></span> <span class='ocrx_word' id='word_1_802' title='bbox 1381 5523 1517 5562; x_wconf 69' lang='lat' dir='ltr'><strong>vera:</strong></span> <span class='ocrx_word' id='word_1_803' title='bbox 1568 5502 1857 5578; x_wconf 76' lang='lat' dir='ltr'><strong>religionis.</strong></span> <span class='ocrx_word' id='word_1_804' title='bbox 1890 5507 2090 5563; x_wconf 82' lang='lat' dir='ltr'><strong>Verum</strong></span> 
     </span>
    </p>
   </div>
   <div class='ocr_carea' id='block_1_115' title="bbox 530 5569 2088 5645">
    <p class='ocr_par' dir='ltr' id='par_1_115' title="bbox 530 5569 2088 5645">
     <span class='ocr_line' id='line_1_115' title="bbox 530 5569 2088 5645; baseline 0.004 -21"><span class='ocrx_word' id='word_1_805' title='bbox 530 5572 649 5625; x_wconf 73' lang='lat' dir='ltr'><strong>lucc</strong></span> <span class='ocrx_word' id='word_1_806' title='bbox 681 5587 747 5645; x_wconf 60' lang='grc' dir='ltr'><strong>οξ</strong></span> <span class='ocrx_word' id='word_1_807' title='bbox 772 5569 961 5645; x_wconf 74' lang='lat' dir='ltr'><strong>_|iebr.</strong></span> <span class='ocrx_word' id='word_1_808' title='bbox 1019 5590 1130 5629; x_wconf 89' lang='lat' dir='ltr'><strong>non</strong></span> <span class='ocrx_word' id='word_1_809' title='bbox 1186 5569 1510 5645; x_wconf 82' lang='lat' dir='ltr'><strong>prodierunt</strong></span> <span class='ocrx_word' id='word_1_810' title='bbox 1558 5569 1888 5631; x_wconf 67' lang='lat' dir='ltr'><strong>immediate.</strong></span> <span class='ocrx_word' id='word_1_811' title='bbox 1922 5577 2088 5637; x_wconf 83' lang='lat' dir='ltr'><strong>Hebr.</strong></span> 
     </span>
    </p>
   </div>
   <div class='ocr_carea' id='block_1_116' title="bbox 534 5642 2094 5718">
    <p class='ocr_par' dir='ltr' id='par_1_116' title="bbox 534 5642 2094 5718">
     <span class='ocr_line' id='line_1_116' title="bbox 534 5642 2094 5718; baseline 0.004 -25"><span class='ocrx_word' id='word_1_812' title='bbox 534 5655 702 5718; x_wconf 67' lang='lat' dir='ltr'><strong>[unum</strong></span> <span class='ocrx_word' id='word_1_813' title='bbox 734 5642 991 5718; x_wconf 75' lang='lat' dir='ltr'><strong>idemque</strong></span> <span class='ocrx_word' id='word_1_814' title='bbox 1019 5642 1219 5718; x_wconf 76' lang='lat' dir='ltr'><strong>nomen</strong></span> <span class='ocrx_word' id='word_1_815' title='bbox 1261 5653 1366 5718; x_wconf 84' lang='lat' dir='ltr'><strong>est,</strong></span> <span class='ocrx_word' id='word_1_816' title='bbox 1389 5646 1535 5716; x_wconf 88' lang='lat' dir='ltr'><strong>quod</strong></span> <span class='ocrx_word' id='word_1_817' title='bbox 1565 5647 1748 5718; x_wconf 77' lang='lat' dir='ltr'><strong>statim</strong></span> <span class='ocrx_word' id='word_1_818' title='bbox 1794 5663 1909 5718; x_wconf 76' lang='lat' dir='ltr'><strong>seq.</strong></span> <span class='ocrx_word' id='word_1_819' title='bbox 1938 5649 2094 5718; x_wconf 70' lang='lat' dir='ltr'><strong>timor</strong></span> 
     </span>
    </p>
   </div>
   <div class='ocr_carea' id='block_1_117' title="bbox 533 5708 2093 5788">
    <p class='ocr_par' dir='ltr' id='par_1_117' title="bbox 533 5708 2093 5788">
     <span class='ocr_line' id='line_1_117' title="bbox 533 5708 2093 5788; baseline 0.004 -25"><span class='ocrx_word' id='word_1_820' title='bbox 533 5708 814 5769; x_wconf 81' lang='lat' dir='ltr'><strong>redditur.</strong></span> <span class='ocrx_word' id='word_1_821' title='bbox 844 5708 921 5771; x_wconf 78' lang='lat' dir='ltr'><strong>Ac</strong></span> <span class='ocrx_word' id='word_1_822' title='bbox 943 5713 1086 5770; x_wconf 84' lang='lat' dir='ltr'><strong>forte</strong></span> <span class='ocrx_word' id='word_1_823' title='bbox 1116 5708 1439 5787; x_wconf 66' lang='lat' dir='ltr'><strong>scripserint</strong></span> <span class='ocrx_word' id='word_1_824' title='bbox 1462 5718 1510 5770; x_wconf 78' lang='lat' dir='ltr'><strong>at</strong></span> <span class='ocrx_word' id='word_1_825' title='bbox 1540 5708 1900 5788; x_wconf 65' lang='grc' dir='ltr'><strong>ιΧΧπειεῦειᾶ</strong></span> <span class='ocrx_word' id='word_1_826' title='bbox 1931 5717 2093 5770; x_wconf 76' lang='grc' dir='ltr'>εὐλα-</span> 
     </span>
    </p>
   </div>
  </div>
