4020 6434
469 381 603 449 1279

1633 384 1694 441 Β.
1734 378 2022 441 MAXIMI
2059 374 2200 436 CON
2212 370 2566 432 FESSORIS

3585 365 3716 435 1280

460 501 613 574 quod
651 501 708 559 in
744 498 904 553 nobis
936 508 1040 564 est,
1067 498 1287 557 divinos
1316 500 1444 555 ﬁdei
1472 501 1661 555 oculos
1687 496 2038 555 excmcaveri-

2152 488 2414 558 ἀπείρους
2458 484 2679 550 αἰῶνας,
2725 484 2799 547 ὡς
2848 483 2904 535 ἐν
2954 482 3164 547 ἑαυτοῖς
3211 483 3351 537 κατὰ
3383 485 3488 554 τὴν
3522 485 3715 541 πίστιν.

463 609 606 650 mus.

531 768 621 823 45.
651 768 914 836 Quisquis
942 767 999 820 in
1030 782 1090 821 se
1120 781 1220 836 per
1247 765 1515 820 desidiam
1548 779 1655 817 non
1690 761 2045 831 exsequendo

462 859 740 924 mandata,
772 858 1055 930 ejusmodi.
1070 858 1260 912 oculos
1287 855 1499 919 eﬁ‘odit,
1523 870 1753 924 prorsus
1777 853 2046 922 reprobus

462 958 581 1015 est,
613 951 708 1021 qui
755 951 928 1005 Deum
961 950 1015 1002 in
1052 949 1228 1018 ipsum
1273 946 1630 1015 aspicientem
1671 944 1908 1013 amplius
1933 958 2045 996 non

464 1042 683 1098 habeat.
716 1041 999 1111 Siquidem
1035 1039 1183 1094 enim
1209 1038 1381 1092 divini
1413 1036 1655 1105 Spiritus
1689 1034 2044 1104 operationes

464 1133 787 1202 aﬁlatusque
844 1131 1129 1200 Scriptura
1175 1128 1365 1182 oculos
1410 1125 1627 1181 Domini
1674 1123 2041 1193 nuncupat",

463 1219 561 1289 qui
597 1218 874 1289 implendo
903 1216 1158 1271 mandata
1190 1215 1292 1268 hos
1324 1229 1435 1268 non
1460 1212 1657 1283 aperit,
1690 1212 1862 1265 Deum
1897 1211 1953 1266 in
1985 1227 2044 1266 se

465 1311 821 1380 aspicientem
857 1325 966 1364 non
1000 1308 1188 1362 habet.
1220 1305 1373 1359 Haud
1414 1306 1560 1359 enim
1578 1304 1694 1368 alii,
1722 1311 1783 1356 ut
1812 1318 1911 1372 par
1935 1312 2042 1367 est,

464 1401 616 1455 oculi
640 1410 788 1464 sunt,
825 1400 1031 1470 quibus
1084 1399 1227 1453 Deus
1260 1395 1423 1468 569
1456 1395 1762 1465 terrigenas
1798 1394 2044 1464 aspicere

464 1489 649 1555 novit;
675 1490 878 1559 quippe
922 1504 1048 1542 cum
1083 1495 1271 1541 nostra
1310 1485 1532 1540 virtutis
1560 1485 1685 1539 luce
1722 1484 2041 1549 illustratio,

464 1579 637 1634 divini
664 1588 925 1649 aspectus
953 1577 1146 1632 radius
1176 1576 1269 1631 sit.

535 1672 624 1726 44.
656 1670 957 1741 Sapientia,
987 1669 1171 1724 unitas
1195 1675 1299 1733 est,
1328 1683 1450 1737 qua:
1480 1666 1536 1723 in
1566 1665 1801 1722 diversis
1838 1680 1903 1720 ex
1927 1664 2042 1734 ipsa

462 1761 764 1816 virtutibus
818 1761 1107 1831 indivisim‘
1154 1759 1569 1823 consideretur,
1626 1758 1794 1827 inque
1847 1771 2041 1811 eorum

2146 583 2271 637 ὅσον
2290 580 2350 634 τὸ
2385 581 2469 650 ἐφ’
2499 581 2652 651 ἡμῖν,
2682 578 2806 642 τοὺς
2828 577 3007 640 θείους
3032 577 3480 646 ἐκτυφλώσαντες
3528 580 3716 649 ὁςρθαλ-

2151 688 2304 740 μους.

2221 768 2331 833 μγ’.
2376 761 2492 823 Πᾶς
2529 761 2556 813 ὁ
2600 760 2701 829 τῆς
2734 758 2971 821 πίστεως
3003 760 3060 810 ὲν
3087 755 3266 827 ἑαυτῷ
3295 756 3384 811 διὰ
3404 757 3508 828 τῆς
3529 757 3721 828 ἀργίας

2144 853 2265 906 τῶν·
2308 852 2537 906 ἐντολῶν
2594 851 2721 914 τοὺς
2768 850 3046 913 τοιούτους
3085 848 3351 919 ἀνορύξας
3387 848 3721 919 ὀφθαλμοὺς,

2147 942 2365 1005 πάντως
2392 941 2741 1010 κατάκριτος,
2766 932 2969 1011 μηκέτι
2994 938 3089 992 τὸν
3122 938 3253 991 Θεὸν
3282 936 3420 1008 ἔχων
3451 938 3533 1001 εἰς
3566 939 3721 992 αὑτὸν

2147 1032 2535 1086 ἐπιϐλέποντα.
2582 1032 2646 1084 Εἰ
2690 1030 2799 1102 γάρ
2823 1030 2921 1094 τὰς
2948 1029 3229 1101 ἐνεργείας
3253 1028 3348 1081 τοῦ
3379 1027 3724 1099 Πνεύματος,

2148 1125 2333 1195 φησὶν,
2381 1123 2693 1194 ὀφθαλμοὺς
2731 1122 2938 1193 Κυρίου
2988 1120 3387 1194 προσαγορεύει
3436 1122 3466 1173 ὁ
3498 1120 3722 1189 λόγος,ὁ

2149 1218 2224 1288 μὴ
2261 1216 2485 1281 τούτους
2536 1218 2603 1286 τῇ
2634 1213 2831 1285 πράξει
2860 1212 2970 1265 τῶν
3001 1212 3232 1265 ἐντολῶν
3265 1210 3575 1279 διανοίγων,
3608 1213 3721 1264 ἑπι-

2146 1308 2413 1361 6).έποντα
2434 1306 2524 1359 τὸν
2554 1305 2685 1358 Θεὸν
2716 1304 2804 1357 ἐπ’
2823 1303 2988 1358 αὐτὸν
3010 1303 3111 1355 οὐκ
3134 1301 3267 1372 εχει.
3297 1302 3377 1354 Δι’
3398 1300 3581 1357 ἄλλων
3597 1302 3719 1374 γάρ,

2144 1400 2220 1463 ὡς
2245 1399 2411 1466 εἰκὸς,
2444 1395 2737 1467 ὀφθαλμῶν
2768 1396 3088 1448 ἐπισκοπεῖν
3131 1393 3260 1457 τοὺς
3286 1394 3380 1446 ἐπὶ
3409 1396 3516 1464 γῆς
3543 1394 3605 1446 οὐ
3635 1394 3723 1446 πέ-

2142 1507 2320 1560 φυκεν
2366 1492 2395 1543 ὁ
2442 1488 2600 1553 Θεὸς,
2649 1486 2808 1557 εἴπερ
2842 1485 2996 1548 θείας
3028 1484 3274 1555 ὁράσεως
3303 1485 3465 1548 ἀκτίς
3505 1487 3672 1549 ἐστιν,
3696 1485 3723 1538 ὁ

2144 1578 2266 1632 κατ’
2296 1577 2498 1650 ἀρετὴν
2525 1575 2689 1647 ἡμῶν
2716 1573 3018 1644 φωτισμὸς.
3456 1566 3459 1569 ’

2214 1669 2317 1739 μδ’.
2361 1669 2425 1722 Ἡ
2456 1665 2619 1734 σοφία
2647 1665 2815 1736 μονάς
2872 1666 3010 1726 ἑστι,
3050 1664 3170 1727 ταῖς
3208 1662 3269 1728 ἐξ
3321 1663 3497 1734 αὐτῆς
3541 1663 3722 1732 διαφό-

2145 1774 2260 1827 ροις
2305 1757 2529 1827 ἀρεταῖς
2584 1755 2844 1825 ἀτμήτως
2893 1753 3310 1823 ὲνθεωρουμένη
3342 1769 3358 1783 ·
3417 1753 3517 1805 καὶ
3582 1771 3723 1822 μονο-

463 1850 883 1919 operationibus
932 1848 1283 1903 uniformiter
1332 1847 1797 1918 iutelligatur;ac
1847 1860 2038 1899 rursus

2144 1848 2300 1911 ειδῶς
2318 1851 2436 1912 ταῖς
2466 1846 2646 1900 αὐτῶν
2683 1844 2985 1916 ἐνεργείαις
3014 1845 3400 1914 ἑπινοουμένη·
3438 1844 3538 1897 καὶ
3569 1844 3722 1897 πάλιν

462 1941 695 2010 simplex
739 1941 920 1995 unitas
947 1941 1249 1995 virtutibus
1275 1954 1397 2009 quas
1415 1954 1483 1992 ex
1508 1938 1626 2007 ipsa
1650 1947 1798 2003 sunt,
1826 1937 1893 1992 ad
1919 1952 2041 1991 eam

463 2043 559 2083 seu
597 2030 865 2099 originem
901 2027 1300 2093 remeantibus,
1357 2026 1709 2091 ostenditur;
1771 2042 1896 2081 cum
1941 2041 2043 2081 nos

462 2119 691 2183 scilicet,
715 2135 950 2188 quorum
976 2135 1162 2183 causa,
1193 2117 1534 2188 singularum
1568 2118 1841 2174 virtutum
1877 2132 2044 2187 gene-

462 2210 677 2265 ratione
732 2211 1123 2282 progreditur,
1173 2211 1418 2279 ipsarum
1474 2209 1815 2279 singularum
1865 2209 2040 2273 cultu,

462 2302 773 2357 sublimiori
796 2318 1026 2358 ascensu
1066 2303 1122 2356 in
1147 2304 1320 2372 ipsam
1349 2300 1682 2370 colligimur.

532 2396 625 2450 45.
660 2394 791 2450 Fide
826 2409 970 2449 caeca
1002 2393 1270 2463 praeditus
1293 2401 1410 2456 est,
1435 2391 1529 2461 qui
1553 2406 1663 2445 non
1694 2398 1916 2459 praestat
1954 2389 2042 2444 di-

462 2486 592 2542 vina
621 2486 749 2541 ﬁdei
791 2494 1085 2556 praecepta.
1116 2483 1254 2539 Cum
1298 2483 1447 2538 enim
1478 2482 1574 2536 Dei
1618 2489 1889 2553 praecepta
1931 2481 2043 2535 sint

461 2571 585 2636 lux;
613 2571 790 2640 palam
836 2577 921 2623 est
963 2581 1152 2623 carere
1183 2566 1368 2621 divina
1411 2565 1556 2629 luce,
1586 2565 1678 2635 qui
1712 2581 1818 2621 non
1847 2579 2043 2635 opera—

460 2671 553 2716 tur
575 2662 758 2716 divina
811 2657 1542 2730 prazcepta";nudamquc,
1593 2672 1703 2710 non
1754 2673 1878 2726 quae
1914 2671 2041 2710 vere

459 2753 553 2820 sit,
582 2751 940 2808 circumferre
967 2750 1211 2805 divinam
1235 2748 1688 2818 appellationem.

527 2919 620 2977 46.
641 2920 816 2975 Nemo
842 2918 935 2990 qui
966 2928 1178 2990 peccet,
1203 2920 1384 2975 carnis
1425 2917 1826 2983 inﬁrmitatem,
1869 2933 2041 2973 excu-

458 3011 631 3067 sando
650 3022 956 3082 peccatum,
970 3019 1270 3079 praetexere
1285 3016 1485 3080 potest.
1504 3008 1660 3074 Quod
1681 3009 1829 3063 enim
1845 3018 2043 3064 natura

456 3103 573 3158 Deo
596 3103 779 3158 Verbo
808 3103 960 3155 unita
989 3110 1095 3165 est,
1133 3101 1314 3155 soluta
1350 3100 1762 3164 maledictione,
1793 3108 1903 3156 tota
1927 3103 2016 3156 vir

458 3202 580 3249 tute
634 3201 797 3263 atque
854 3193 1057 3248 robore
1108 3193 1415 3246 instaurata
1460 3200 1587 3257 est,
1656 3200 1718 3246 ut
1741 3194 2040 3249 excusandi

457 3287 811 3357 proclivioris
830 3288 886 3340 in
907 3287 1041 3340 vitia
1062 3302 1125 3342 ac
1156 3286 1420 3341 libidines
1442 3287 1697 3352 affectus,
1731 3289 1914 3344 omnis
1935 3304 2040 3343 no-

459 3377 548 3433 bis
567 3387 864 3448 przetextus
895 3379 1146 3433 sublatus
1181 3378 1273 3433 sit.
1306 3378 1473 3433 Verbi
1513 3378 1659 3433 enim
1699 3381 1896 3446 deitas,
1924 3381 2041 3451 ipsa

460 3487 679 3541 semper
707 3471 961 3525 ﬁdelibus
991 3487 1197 3539 eomes,
1238 3472 1598 3527 exsistentcm
1628 3472 1685 3526 in
1720 3488 1885 3528 carne
1913 3489 2042 3528 uec-

460 3561 568 3619 Cati
589 3561 763 3630 legem
797 3561 1118 3631 exstinguit.
1438 3550 1441 3553 Δ

532 3652 621 3705 47.
652 3651 753 3718 Qui
793 3651 899 3707 ﬁde
925 3653 981 3707 in
1010 3653 1184 3707 Deum
1219 3661 1275 3708 et
1316 3654 1605 3719 charitate,
1646 3655 2041 3713 innaturalium

461 3740 758 3797 aﬁ‘ectuum
795 3742 1158 3799 abhorrentes
1189 3760 1219 3797 a
1260 3744 1473 3800 ratione
1510 3746 1876 3816 cupiditates,
1923 3750 2042 3805 sive

461 3843 667 3899 motus,
700 3835 925 3901 devicit,
947 3835 1064 3905 ipsa
1096 3852 1314 3906 quoque
1347 3838 1583 3892 naturali
1622 3840 1741 3910 lege
1767 3843 2038 3907 excessit;

462 3931 723 3995 totusque
754 3925 821 3981 ad
872 3928 1304 3997 intelligibilium
1362 3932 1643 4001 regionem
1702 3933 1900 3987 transit
1937 3950 2043 3990 :ae

463 4015 612 4084 quod
653 4024 849 4071 natura
901 4017 1060 4071 aliine
1092 4018 1453 4089 ejusdemque
1489 4020 1709 4090 generis
1746 4033 1868 4086 est,
1913 4039 2038 4079 cum

464 4104 554 4167 his
583 4122 707 4176 quae
732 4106 808 4161 illi
853 4118 1207 4163 accesserunt
1292 4125 1401 4164 una
1440 4126 1628 4165 secum
1668 4112 1739 4167 ab
1781 4123 2039 4171 extranea

463 4198 735 4259 servitute
763 4199 970 4253 educit.
1872 4204 1875 4207 ’

534 4288 625 4341 48.
652 4288 926 4354 Scientia,
963 4289 1072 4344 nisi
1108 4305 1230 4344 eam
1262 4290 1500 4346 actionis
1545 4292 1697 4346 cultu
1738 4292 1930 4350 divino
1968 4297 2039 4352 ti-

465 4394 621 4439 more
659 4394 941 4444 coerceas,
969 4381 1139 4435 animi
1179 4382 1479 4437 elationem
1520 4383 1685 4451 facit;
1734 4386 1785 4441 ei
1830 4388 2041 4444 scilicet

2141 1940 2286 2011 ἀττλῆ
2317 1940 2485 2010 μονάς
2522 1937 2981 2007 ἀποδεικνυμένη,
3013 1938 3133 1997 ταῖς
3168 1936 3309 2005 πρὸς
3335 1935 3511 2007 αὐτὴν
3539 1936 3645 1989 τῶν
3668 1935 3721 2001 ἐξ

2139 2031 2309 2100 αὐτῆς
2339 2028 2551 2102 ἀρετῶν
2575 2027 3085 2081 ἀποκαταστάσεσιν
3108 2045 3122 2058 ·
3144 2027 3274 2081 ὅταν
3304 2027 3493 2097 ἡμεῖς,
3529 2025 3598 2078 δι’
3633 2023 3721 2087 οὓς

2141 2119 2284 2174 κατά
2318 2120 2417 2191 τὴν
2446 2118 2685 2189 ἑκάστης
2716 2119 2915 2190 ἀρετῆς
2953 2117 3169 2185 γένεσιν
3204 2120 3445 2171 ποιεῖται
3465 2118 3569 2187 τὴν
3590 2116 3720 2187 πρός

2139 2213 2276 2275 οδον,
2313 2210 2653 2273 ἀνατατικῶς
2699 2209 2770 2264 δι’
2829 2208 3067 2280 ἑκάστης
3120 2209 3323 2281 ἀρετῆς
3372 2209 3514 2280 πρὸς
3558 2207 3720 2277 αὐτὴν

2142 2302 2513 2372 συναγόμεθα.

2215 2401 2319 2465 με’.
2350 2394 2573 2464 Τυφλὴν
2598 2393 2710 2464 ἔχει
2731 2392 2830 2464 τὴν
2861 2392 3067 2454 πίστιν,
3093 2392 3122 2444 ὁ
3145 2391 3214 2446 τά
3242 2392 3384 2445 κατά
3413 2391 3516 2462 τὴν
3540 2392 3717 2444 πίστιν

2142 2485 2262 2539 θεῖα
2295 2485 2696 2556 προστάγματα
2738 2486 2812 2557 μὴ
2842 2484 3232 2557 ἐργαζόμενος.
3255 2485 3319 2539 El
3343 2484 3458 2556 γὰρ
3482 2485 3599 2555 φῶς
3617 2487 3716 2539 εἰσι

2138 2575 2209 2629 τά
2241 2576 2335 2629 τοῦ
2383 2577 2519 2630 Θεοῦ
2580 2577 3003 2648 προστάγματα,
3054 2575 3214 2646 δῆλον
3257 2576 3340 2628 ὅτι
3389 2576 3520 2645 δίχα
3579 2576 3718 2629 θείου

2140 2667 2315 2734 φωτός
2353 2668 2522 2731 ἐστιν,
2553 2668 2582 2720 ὁ
2626 2665 2702 2737 μὴ
2741 2666 2997 2735 πράττων
3045 2664 3112 2718 τὰ
3146 2663 3265 2719 θεῖα
3298 2665 3715 2736 προστάγματα,

2142 2756 2236 2808 καὶ
2268 2755 2453 2827 ψιλὴν,
2486 2756 2602 2810 ἀλλ’
2634 2757 2736 2809 οὐκ
2768 2755 2943 2827 άληθῆ
2992 2754 3095 2826 τὴν
3147 2754 3300 2808 θείαν
3364 2756 3720 2827 περιφέρεται

2144 2849 2357 2921 κλῆσιν.

2217 2936 2334 3011 μς’.
2388 2939 2575 3004 Οὐδεὶς
2632 2937 2965 3010 ἁμαρτάνων
3026 2923 3254 2992 δύναται
3309 2939 3410 3008 τῆς
3454 2935 3719 3008 ἁμαρτίας

2145 3030 2442 3101 συνήγορον
2469 3029 2614 3100 ἔχειν
2645 3032 2745 3101 τῆς
2772 3028 2974 3100 σαρκὸς
3002 3030 3102 3098 τὴν
3127 3027 3436 3083 ἀσθένειαν.
3498 3027 3567 3081 Ἦ
3614 3027 3716 3098 γὰρ

2146 3119 2283 3192 πρὸς
2315 3119 2407 3171 τὸν
2437 3119 2569 3172 Θεὸν
2592 3119 2763 3188 Λόγον
2785 3118 2998 3185 ἓνωσις,
3031 3117 3161 3188 ὃλην
3184 3117 3283 3189 τὴν
3305 3119 3471 3186 φύσιν
3489 3120 3555 3188 τῇ
3577 3116 3717 3170 λύσει

2144 3214 2243 3281 τῆς
2264 3212 2510 3281 κατάρας
2532 3210 2867 3282 ἀνέρρωσεν,
2895 3210 3307 3281 ἀπροφάσιστον
3331 3210 3470 3279 ἡμῖν
3500 3224 3714 3278 ποιησαι

2147 3301 2284 3372 μένη
2334 3301 2433 3371 τὴν
2484 3300 2622 3371 πρὸς
2654 3299 2724 3353 τά
2757 3299 2901 3371 πάθη
2930 3302 3031 3370 τῆς
3055 3298 3281 3370 γνώμης
3319 3297 3712 3369 προσπάθειαν.

2155 3391 2219 3444 Ἦ
2248 3390 2356 3461 γὰρ
2387 3389 2479 3444 τοῦ
2510 3392 2686 3459 Λόγου
2724 3389 2945 3461 θεότης,
2989 3390 3132 3444 κατά
3156 3392 3316 3461 χάριν
3346 3390 3438 3443 ἀεὶ
3493 3389 3715 3444 συνοῦσα

2142 3486 2256 3546 τοῖς
2286 3484 2368 3547 εἰς
2403 3483 2567 3536 αὑτὸν
2594 3483 2938 3547 πιστεύουσι,
2978 3482 3071 3536 τὸν
3116 3483 3174 3536 ὲν
3220 3486 3290 3554 τῇ
3346 3485 3517 3554 σαρκὶ
3560 3484 3714 3554 νόμον

2142 3578 2241 3646 τῆς
2270 3575 2544 3645 ἁμαρτίας
2583 3574 2972 3645 ἀπομαραίνει.

2219 3662 2327 3733 μζ.
2373 3663 2431 3716 '0
2463 3663 2572 3716 τῶν
2597 3664 2747 3735 παρά
2785 3662 2946 3733 φύσιν
2985 3664 3174 3720 παθῶν
3213 3664 3303 3718 διὰ
3331 3668 3433 3736 τῆς
3468 3666 3548 3730 εἰς
3589 3662 3711 3716 Θεὸν

2143 3754 2382 3818 πίστεως
2412 3754 2507 3808 καὶ
2541 3754 2765 3826 ἀγάπης
2795 3755 3023 3826 νικήσας
3052 3755 3152 3820 τὰς
3175 3755 3524 3826 παραλόγους
3543 3752 3711 3808 ἐπιθυ-

2147 3846 2298 3916 μίας,
2357 3846 2531 3899 είτουν
2566 3847 2827 3917 κινήσεις,
2878 3847 2975 3904 καὶ
2997 3846 3167 3900 αὐτοῦ
3215 3845 3310 3900 τοῦ
3364 3846 3514 3903 κατά
3561 3845 3711 3914 φύσιν

2142 3936 2249 4003 ἔξω
2284 3938 2496 4006 γίνεται
2529 3938 2720 4009 νόμου,
2752 3939 2847 3993 καὶ
2872 3939 3009 4010 πρὸς
3036 3939 3135 4009 τὴν
3168 3938 3352 4009 χώραν
3377 3940 3490 3993 τῶν
3514 3936 3710 4008 νοητῶν

2140 4027 2261 4091 ὃ)ος
2287 4027 2742 4097 μεταϐιϐάζεται,
2761 4030 2855 4083 καὶ
2880 4029 2942 4082 τὸ
2973 4030 3112 4082 κατὰ
3136 4030 3299 4097 φύσιν
3319 4029 3591 4100 ὁμόφυλον
3614 4026 3707 4097 (d).

2145 4118 2284 4189 μετὰ
2345 4120 2456 4171 τῶν
2512 4120 2967 4191 προσγενομένων
3025 4121 3196 4192 αὐτῷ,
3262 4124 3362 4192 τῆς
3431 4118 3709 4192 ἀλλοτρίας

2141 4210 2318 4280 ἑαυτῷ
2358 4211 2714 4266 συνεκϐάλλει
2740 4212 3007 4276 δουλείας.

2214 4300 2445 4379 μηλΜὴ
2485 4303 2847 4374 χαλινουμένη
2901 4302 2978 4374 τῷ
3034 4301 3164 4373 θείῳ
3223 4304 3374 4375 φόϐῳ
3430 4303 3573 4357 κατά
3619 4299 3707 4371 τὴν

2143 4390 2414 4468 πρᾶξινιή
2454 4391 2679 4461 γνῶσις,
2717 4391 2885 4461 τύφον
2933 4392 3246 4464 ἐργάζεται,
3299 4394 3374 4457 ὡς
3423 4396 3618 4447 οἰκεῖον
3653 4389 3706 4442 τὸ

465 4469 561 4537 qui
602 4484 667 4523 ea
714 4467 938 4524 inﬂatus
974 4470 1065 4535 sit,
1110 4478 1304 4526 auctor
1326 4472 1617 4537 exsistcns,
1653 4483 1716 4530 ut
1760 4477 1907 4546 quod
1954 4478 2037 4533 le-

2144 4467 2546 4551 δεδανεισμένον
2575 4482 2976 4554 προϐάλλεσθαι
3023 4485 3286 4539 πείθουσα
3318 4486 3411 4540 τὸν
3441 4486 3534 4540 ἐπ’
3578 4483 3704 4552 αὐτῇ

463 4569 658 4616 nerato
713 4562 945 4632 accepit,
994 4562 1145 4617 velut
1190 4562 1472 4632 preprium
1497 4573 1771 4633 ostentet;
1825 4569 1905 4623 sic
1938 4586 2038 4640 per

2144 4572 2482 4641 τυφωθέντα,
2518 4574 2657 4644 πρὸς
2685 4576 2885 4630 οἰκεῖον
2913 4576 3136 4632 ἔπαινον
3162 4577 3259 4632 τὸν
3286 4577 3481 4648 ἔρανον
3512 4572 3599 4631 τοῦ
3628 4572 3706 4625 λό-

461 4666 582 4705 eam
626 4652 898 4708 sermonis
941 4653 1249 4724 symbolum
1281 4654 1591 4722 conferens,
1623 4666 1685 4712 ut
1732 4657 1788 4713 in
1818 4673 1885 4714 eo
1928 4661 2035 4717 sibi

456 4739 675 4796 laudem
708 4749 909 4810 captet.
958 4742 1091 4809 Quae
1122 4752 1305 4797 autem
1338 4745 1484 4799 actio
1529 4761 1637 4800 una
1673 4763 1799 4802 cum
1843 4749 2035 4807 divino

457 4846 644 4889 amore
678 4832 793 4902 ipsa
842 4843 1197 4905 augmentum
1231 4834 1397 4899 facit,
1447 4835 1578 4889 dum
1624 4837 1729 4893 sibi
1769 4842 2030 4912 majorem

455 4938 618 4994 quam
660 4939 764 4995 pro
792 4925 1131 4996 agendorum
1173 4927 1388 4982 ratione
1412 4928 1704 4983 scientiam
1729 4946 1846 5003 non
1882 4948 2036 4988 arro-

455 5022 565 5080 gat,
590 5030 741 5081 eum,
773 5015 868 5086 qui
902 5015 998 5070 illa
1038 5015 1320 5086 fungatur,
1355 5018 1425 5072 ad
1461 5034 1659 5075 sensus
1703 5023 2033 5079 modestiam

2142 4680 2242 4732 γου
2269 4664 2614 4734 ποιούμενον.
2650 4666 2792 4720 Ἡδὲ
2822 4668 3021 4739 πρᾶξις
3050 4668 3127 4740 τῷ
3155 4668 3284 4740 θείῳ
3312 4668 3703 4735 συναυξάνουσα

2142 4754 2313 4826 πόθῳ,
2347 4756 2445 4827 τὴν
2476 4757 2616 4823 ὑπὲρ
2645 4758 2712 4812 τά
2741 4761 2991 4831 πρακτέα
3023 4760 3097 4831 μὴ
3125 4760 3475 4832 λαμϐάνουσα
3495 4760 3698 4829 γνῶσιν,

2138 4846 2230 4900 τὸν
2257 4848 2559 4917 πρακτικὸν
2613 4850 2906 4920 ἐργάζεται
2960 4853 3387 4922 ταπεινόφρονα,
3414 4855 3526 4916 τοῖς
3574 4846 3700 4914 ὑπὲρ

2139 4937 2239 5008 τὴν
2263 4929 2470 4994 οἰκείαν
2499 4939 2729 5012 δύναμιν
2759 4942 2945 5013 λόγοις
2995 4943 3134 5015 πρὸς
3182 4945 3377 4997 ἑαυτὸν
3431 4937 3696 4998 συστελλὸ-

2144 5045 2324 5098 μενον.

456 5108 761 5177 eomponit,
798 5109 894 5177 qui
924 5108 1189 5163 nimirum
1227 5109 1542 5166 rationibus
1584 5127 1741 5169 suam
1784 5114 1932 5175 illius
1960 5117 2276 5178 facultatem
2306 5123 2701 5200 superantibus
2732 5124 2786 5178 in
2814 5139 2873 5181 se
2901 5125 3284 5187 contrahatur.

530 5217 576 5249 "'
605 5218 831 5275 Zachar.
863 5236 942 5287 ιιι,
967 5219 1022 5276 9.
1098 5219 1143 5254 ⁸³
1168 5222 1331 5279 Prov.
1354 5239 1428 5290 vi,
1456 5222 1546 5278 25.

534 5332 557 5356 ⁹
580 5333 736 5391 Conf.
780 5335 847 5390 ad
874 5336 1029 5393 Tha].
1058 5355 1110 5409 q.
1141 5340 1230 5395 55.

530 5444 606 5515 (Δ)
673 5445 747 5523 Td
796 5447 947 5523 κατὰ
990 5449 1180 5523 φύσις
1231 5450 1560 5523 ὁμόφυλον.
1608 5451 1882 5523 Allegoria
1928 5465 2033 5518 est,

459 5516 581 5591 eius
601 5516 748 5586 quod
774 5517 1032 5591 _liabetu_r
1064 5518 1100 5591 l_
1140 5516 1299 5591 Esdr.
1343 5516 1420 5591 ἰι,
1455 5536 1586 5591 Δ(ιιιο
1651 5516 2032 5591 τεοέιιεοηιιιιι,

461 5587 554 5656 qui
585 5587 787 5659 egressi
813 5597 943 5658 sunt
971 5588 1040 5643 de
1069 5587 1343 5659 Babylone
1359 5588 1426 5644 ad
1453 5587 1865 5647 instaurandam
1904 5587 2035 5649 Hie;

464 5657 792 5726 rosoiymam
839 5666 897 5711 et
927 5657 1214 5726 templum,
1252 5660 1562 5715 numeratis
1605 5661 1772 5716 etiam
1809 5662 2029 5719 illorum

463 5723 659 5789 servis,
694 5733 750 5800 et
776 5723 1171 5794 iumentis—seu
1218 5728 1549 5800 pecoribus;
1576 5745 1700 5800 qua;
1746 5744 1877 5787 sunt
1924 5734 2027 5789 ista

464 5794 893 5871 προσγενόμενα,
951 5806 1148 5872 praeter
1188 5794 1248 5852 τὸ
1275 5798 1567 5870 ὁμόφυλον,
1595 5794 1689 5871 qui
1732 5813 1889 5861 erant
1921 5805 2025 5878 ipsi

2142 5460 2357 5535 Hebraei
2401 5479 2414 5515 :
2460 5461 2548 5517 illa
2587 5465 2743 5531 quasi
2793 5465 3120 5532 adventitia;
3164 5481 3287 5535 qua:
3334 5468 3513 5522 omnia
3545 5462 3688 5521 simul

2137 5530 2336 5605 educta
2360 5541 2488 5605 sunt
2523 5549 2589 5587 ex
2610 5535 2910 5605 peregrina
2948 5535 3039 5589 illa
3072 5530 3355 5592 servitute.
3405 5537 3543 5592 Nihil
3575 5545 3685 5605 apto

2137 5599 2318 5678 Picus,
2352 5599 2852 5678 Etuqupd'arriltet
2906 5605 3431 5678 nq‘turte,etc.ill:ec
3482 5607 3587 5678 ipsa
3607 5599 3684 5657 ibi

2135 5671 2386 5749 pluribus
2423 5671 2675 5749 maxime,
2719 5674 2895 5749 amica
2949 5672 3028 5749 illi
3067 5675 3348 5749 allegoria,
3404 5671 3654 5747 sensuque

2134 5740 2366 5810 spiritali
2390 5752 2444 5797 et
2463 5743 2801 5815 tropologico
2826 5744 3096 5815 exposita.
