4020 6422
279 351 398 417 1281

273 545 477 615 ἀπαθὴς
533 545 669 609 ἕξις,
703 547 795 598 καὶ
827 548 858 615 ἡ
908 547 1074 617 μηδὲν
1105 546 1300 618 ἔχουσα
1332 548 1539 618 πλάνης
1568 546 1834 617 πολεμοῦν

273 640 400 709 αὐτῇ
427 638 621 707 νόημα,
663 638 885 705 γνῶσις.

339 735 426 784 ν’.“
463 730 674 798 Ὥσπερ
736 729 886 791 τέλος
942 732 1258 801 κινηθείσης
1315 730 1542 801 μολάδος
1593 729 1740 782 ἐστὶν
1801 729 1834 798 ἡ

279 821 491 894 μυριὰς,
535 821 628 874 καὶ
655 820 796 890 ἀρχὴ
827 821 900 890 μὴ
938 821 1252 892 κινηθείσης
1286 822 1546 890 μυριάδος
1599 820 1746 871 ἐστὶν
1801 821 1834 888 ἡ

279 913 440 984 μονάς
472 927 486 942 ο
515 912 658 982 ἀρχὴ
689 911 798 980 γὰρ
830 912 1029 976 παντὸς
1050 913 1258 976 τέλους,
1281 914 1314 982 ἡ
1336 913 1456 965 κατ’
1487 912 1619 964 αὐτὸ
1653 909 1837 978 σαφῶς

273 1003 523 1072 ἀκινησία
553 1002 859 1072 καθέστηκε
885 1019 898 1033 ⁸
937 1004 1032 1055 καὶ
1060 1004 1210 1066 τέλος
1246 1003 1427 1073 πάσης
1455 1003 1647 1072 ἀρχῆς,
1683 1004 1715 1072 ἡ
1742 1002 1838 1070 τῆς

274 1096 387 1150 κατ’
429 1093 597 1164 αὐτὴν
643 1096 906 1165 κινήσεως
955 1095 1189 1164 ὑπάρχει
1235 1095 1627 1164 συμπλήρωσις
1653 1108 1666 1121 ·
1697 1091 1839 1144 οὕτω

271 1187 362 1240 καὶ
395 1187 428 1254 ἡ
463 1183 665 1246 πίστις,
695 1186 838 1255 ἀρχὴ
873 1187 1012 1239 κατὰ
1043 1187 1203 1255 φύσιν
1235 1185 1445 1256 ἀρετῶν
1496 1184 1837 1253 ὑπάρχουσα,

272 1273 418 1334 τέλος
456 1271 566 1341 ἔχει
600 1272 691 1324 τοῦ
725 1273 791 1324 δι’
816 1273 998 1326 αὐτῶν
1031 1275 1238 1342 ἀγαθοῦ
1267 1276 1366 1344 τὴν
1399 1273 1789 1344 συμπλήρωσιν
1821 1287 1836 1300 ·

273 1366 362 1416 καὶ
395 1363 454 1416 τὸ
489 1365 630 1417 κατὰ
665 1364 827 1433 φύσιν
857 1367 1082 1434 ἀγαθὸν,
1113 1369 1187 1430 ὠς
1215 1366 1426 1437 ἀρετῶν
1456 1366 1628 1429 τέλος,
1669 1363 1840 1436 ἀρχὴν

271 1456 386 1527 ἐχον
412 1457 510 1526 τὴν
541 1457 743 1522 πίστιν,
774 1460 909 1530 πρὸς
939 1459 1108 1529 αὐτὴν
1162 1460 1478 1520 ἐνδιαθέτως
1528 1461 1840 1525 συνάγεται.

272 1548 452 1610 Πίστις
489 1549 596 1617 γάρ
643 1550 791 1601 ἐστιν
838 1549 1137 1602 ἐνδιᾶιθετον
1202 1551 1426 1618 ἀγαθὸν,
1492 1551 1582 1602 καὶ
1639 1548 1841 1617 ἀγαθόν

269 1640 408 1689 ἐστιν
439 1638 801 1709 ἐνεργηθεῖσα
853 1641 1054 1703 πίστις.
1109 1642 1304 1704 Πιστὸς
1343 1641 1398 1693 δὲ
1460 1641 1600 1694 κατὰ
1659 1641 1838 1708 φύσιν,

269 1730 356 1781 καὶ
380 1729 580 1796 ἀγαθός
602 1732 748 1782 ἐστιν
771 1731 798 1782 ὁ
823 1731 956 1792 Θεός
978 1748 990 1760 ·
1029 1733 1085 1783 το
1121 1733 1239 1801 μὲν,
1269 1732 1345 1794 ὡς
1376 1731 1590 1802 πρῶτον
1617 1731 1838 1798 ἀγαθόν’

266 1823 322 1873 τὸ
348 1821 426 1886 δὲ,
472 1822 546 1884 ὡς
585 1822 812 1892 ἔσχατον
851 1823 1094 1894 ὀρεκτόν.
1123 1825 1330 1876 Ταὺτὸν
1377 1823 1434 1876 δὲ
1476 1821 1647 1874 ταῦτα
1711 1821 1842 1875 καθ·
1875 1803 1915 1856 Β

269 1912 460 1982 ἔστηκε
488 1915 646 1966 παντὶ
674 1915 861 1984 τρόπῳ
873 1915 1120 1986 ἀλλήλοις
1133 1915 1286 1979 ὄντα,
1320 1913 1508 1984 μηδενὶ
1537 1913 1680 1984 λόγῳ
1705 1913 1843 1981 πλὴν

265 2001 354 2054 τοῦ
388 2004 509 2054 κατ’
545 2003 790 2056 ἐπίνοιαν
845 2005 1090 2075 ἀλλήλων
1128 2003 1484 2075 διαιρούμενα
1537 2004 1844 2067 παντελῶς,

266 2093 350 2145 διὰ
376 2095 477 2164 τὴν
512 2095 621 2146 τῶν
649 2098 745 2149 ἀπ’
781 2097 946 2149 αὐτοῦ
996 2097 1335 2169 ἀρχομένων,
1392 2097 1488 2149 καὶ
1545 2099 1625 2160 είς
1681 2097 1840 2148 αὐτὸν

267 2185 563 2254 ληγόντων,
589 2186 825 2256 κίνησιν.
863 2189 1008 2257 Ἀρα
1037 2190 1070 2258 ἡ
1110 2187 1312 2258 μυριὰς
1344 2189 1572 2257 ἐσχάτου
1612 2187 1840 2259 ὀρεκτοῦ

269 2276 506 2348 φέρουσα
552 2279 741 2343 τύπον,
795 2279 904 2331 τῶν
949 2279 1085 2348 πρὸς
1111 2279 1244 2330 αὐτὸ
1273 2278 1609 2347 κινουμένων
1635 2277 1842 2330 τελείαν

266 2369 596 2438 περιγράφει
638 2370 738 2438 τὴν
778 2369 962 2436 ἔφεσιν
993 2386 1006 2400 ’
1034 2370 1128 2422 καὶ
1157 2371 1189 2439 ἡ
1229 2369 1419 2438 μονάς,
1455 2368 1670 2439 πρώτου
1705 2371 1841 2435 ἀγα-

266 2458 353 2510 θοῦ
395 2460 643 2528 φέρουσα
693 2459 984 2529 σύμϐολον,
1035 2461 1143 2512 τῶν
1178 2458 1466 2514 ἀπ’,αὐτοῦ
1507 2458 1839 2528 κινουμένων

264 2549 474 2602 τελείαν
510 2551 832 2622 ἐπιφέρεται
871 2551 1028 2619 βάσιν
1063 2551 1188 2622 [duo
1214 2550 1342 2620 Reg.
1395 2549 1578 2620 φύσιν]

328 2719 424 2774 να’.
459 2719 662 2790 Πρώτη
701 2721 847 2772 ἐστὶν
895 2719 1154 2786 ἀπάθεια,
1229 2722 1262 2788 ἡ
1341 2719 1608 2786 παντελὴς
1662 2717 1838 2787 ἀποχὴ

262 2811 364 2864 τῶν
413 2811 542 2864 κατ’
597 2811 879 2881 ἐνέργειαν
930 2812 1135 2873 κακῶν,
1194 2813 1253 2862 ἐν
1303 2812 1416 2870 τοῖς
1467 2808 1839 2877 εἰσαγομένοις

265 2902 608 2973 θεωρουμένη
642 2917 654 2929 ·
687 2901 916 2972 δευτέρα
949 2901 1026 2966 δὲ,
1065 2903 1096 2970 ἡ
1133 2900 1396 2970 παντελὴς
1432 2899 1571 2952 κατά
1602 2899 1838 2952 διάνοιαν

263 2995 386 3062 περὶ
414 2996 518 3064 τὴν
552 2992 662 3046 τῶν
709 2992 896 3046 κακῶν
941 2992 1342 3058 συγκατάθεσιν
1383 2990 1626 3060 ἀποϐολὴ
1690 2989 1840 3056 λογι-

267 3086 433 3152 σμῶν,
469 3086 532 3136 ἐν
560 3086 672 3146 τοῖς
704 3083 842 3154 μετά
877 3083 1034 3150 λόγου
1065 3084 1163 3153 τὴν
1199 3082 1398 3152 ἀρετὴν
1427 3081 1670 3151 μετιοῦσι
1698 3097 1836 3148 γινο-

269 3175 396 3243 μένη
474 3174 633 3244 τρίτη
665 3175 743 3236 δὲ,
786 3175 818 3242 ἡ
866 3174 988 3225 κατ’
1042 3173 1342 3242 ἐπιθυμίαν
1395 3173 1523 3242 περὶ
1569 3172 1637 3224 τὰ
1691 3171 1836 3241 πάθη

263 3265 533 3335 παντελὴς
575 3266 856 3335 ἀκινησία,
893 3267 950 3318 ἐν
982 3269 1096 3328 τοῖς
1121 3265 1212 3318 διά
1242 3265 1350 3318 τῶν
1393 3264 1690 3334 σχημάτων
1716 3265 1841 3326 τοὺς

262 3353 442 3422 λόγους
472 3355 676 3424 νοητῶς
729 3357 1024 3425 θεωμένοις
1070 3355 1178 3409 τῶν
1224 3356 1518 3426 ὁρωμένων
1549 3370 1561 3382 ·
1607 3355 1837 3423 τετάρτη

260 3445 315 3498 δέ
342 3447 494 3500 ἐστιν
525 3448 784 3512 ἀπάθεια,
810 3448 842 3517 ἡ
870 3447 964 3502 καὶ
992 3447 1163 3517 αὐτῆς
1215 3447 1317 3515 τῆς
1350 3446 1512 3516 ψιλῆς
1541 3445 1840 3514 φαντασίας

261 3540 529 3603 παντελὴς
547 3538 833 3610 κάθαρσις,
865 3543 922 3593 ἐν
951 3543 1062 3602 τοῖς
1094 3540 1181 3593 διὰ
1211 3538 1466 3606 γνώσεως
1490 3539 1582 3592 καὶ
1607 3538 1840 3608 θεωρίας

260 3631 502 3702 καθαρὸν
557 3631 650 3682 καὶ
703 3631 892 3694 διειὸὲς
944 3631 1210 3700 ἔσοπτρον
1243 3629 1338 3684 τοῦ
1374 3629 1509 3683 Θεοῦ
1534 3629 1837 3699 ποιησαμέ-

259 3743 366 3789 νοις
393 3728 455 3780 τὸ
493 3728 847 3797 ἡγεμονικὸν,
877 3723 1264 3794 συνισταμένη.
1307 3723 1363 3776 Ὀ
1389 3719 1566 3775 τοίνυν
1594 3719 1840 3789 καθάρας

257 3817 444 3871 ἑαυτὸν
498 3819 782 3889 ἐνεργείας
824 3817 1036 3880 παθῶν,
1089 3815 1184 3868 καὶ
1224 3813 1328 3885 τῆς
1362 3814 1448 3868 ἐπ’
1484 3813 1665 3874 αὐτοῖς
1697 3811 1838 3864 κατὰ

255 3908 496 3964 διάνοιαν
534 3909 986 3977 συγκαταθέσεως
1023 3905 1428 3979 ἐλευθερωθεὶς,
1459 3904 1555 3958 καὶ
1586 3903 1683 3974 τῆς
1711 3902 1837 3973 περὶ

257 4000 393 4053 αὐτὰ
445 4001 571 4053 κατ’
624 3999 921 4070 ἐπιθυμίαν
982 3999 1250 4068 κινήσεως
1297 3996 1485 4049 στάσιν
1510 3993 1710 4056 λαϐὼν,
1743 3991 1837 4046 καὶ

255 4090 350 4158 τῆς
380 4089 565 4144 αὐτῶν
625 4089 787 4161 ψιλῆς
834 4089 1136 4158 φαντασίας
1184 4088 1274 4139 τὸν
1316 4085 1441 4141 νοῦν
1487 4084 1838 4152 καταστήσας

257 4179 579 4252 ἁμόλυντον,
619 4183 718 4246 τὰς
769 4182 1043 4252 τέσσαρας
1095 4179 1320 4248 γενικὰς
1374 4177 1640 4239 ἀπαθείας
1673 4175 1833 4244 ἔχων,

255 4272 540 4344 ἐξέρχεται
596 4275 689 4343 τῆς
744 4273 875 4342 ὕλης
928 4273 1022 4325 καὶ
1053 4273 1162 4323 τῶν
1191 4270 1410 4335 ὑλικῶν,
1446 4271 1541 4322 καὶ
1569 4267 1706 4336 πρὸς
1738 4264 1834 4336 τὴν

256 4365 444 4434 νοεράν
474 4367 570 4419 καί⁸
589 4365 737 4418 θείαν
769 4366 861 4416 καὶ.
891 4363 1172 4434 εἰρηνικὴν
1194 4361 1302 4414 τῶν
1329 4358 1535 4430 νοητῶν
1557 4358 1836 4425 ἐπείγεται

255 4451 422 4526 λῆξιν.

321 4720 418 4794 νβ’.
481 4720 712 4793 Πρώτην
757 4699 1028 4775 ἀπάθειαν
1059 4716 1232 4787 λέγει,
1258 4717 1356 4786 τὴν
1383 4715 1520 4787 πρὸς
1552 4714 1830 4786 ἁμαρτίαν

253 4813 346 4865 τοῦ
403 4814 658 4884 σώματος
713 4811 832 4864 κατ’
884 4810 1162 4880 ἐνέργειαν
1224 4806 1504 4874 ἀνέπαφον
1570 4806 1786 4875 κίνησιν
1815 4821 1830 4835 ·

254 4901 514 4975 δευτέραν
539 4903 618 4970 δὲ,
648 4903 746 4973 τὴν
768 4901 912 4956 κατὰ
935 4899 1113 4970 ψυχὴν
1138 4897 1244 4951 τῶν
1271 4897 1533 4968 ἐμπαθῶν
1557 4897 1834 4967 λογισμῶν

253 4997 464 5049 τελείαν
489 4995 783 5064 ἀποϐολὴν,
813 4993 879 5046 δι’
906 4989 974 5065 ἦς
1008 4991 1117 5044 τῶν
1165 4990 1353 5043 παθῶν
1396 4989 1835 5058 ἀπομαραίνεται

256 5086 398 5139 κατά
420 5087 522 5159 τὴν
555 5087 780 5157 πρώτην
813 5085 1080 5138 ἀπάθειαν
1111 5082 1347 5152 κίνησις,
1380 5081 1712 5145 ἐξάπτοντας
1740 5081 1834 5133 αὑι

253 5177 351 5248 τὴν
383 5179 524 5250 πρὸς
558 5179 841 5249 ἐνέργειαν
894 5176 993 5228 οὐκ
1045 5174 1246 5243 ἔχουσα
1278 5175 1403 5236 τοὺς
1448 5173 1711 5242 ἐμπαθεῖς
1753 5174 1840 5227 λο-

253 5271 487 5340 γισμούς
523 5288 537 5302 ·
561 5271 752 5342 τρίτην
783 5269 861 5332 δὲ,
890 5269 989 5338 τὴν
1035 5267 1164 5337 περὶ
1203 5265 1274 5318 τὰ
1308 5265 1455 5333 πάθη
1495 5263 1710 5319 τελείαν
1736 5267 1833 5334 τῆς

253 5362 558 5434 ἐπιθυμίας
581 5363 894 5433 ἀκινησίαν,
932 5358 1000 5413 δι’
1035 5361 1099 5430 ἢν
1129 5358 1222 5411 καὶ
1265 5359 1292 5428 ἡ
1321 5357 1547 5426 δευτέρα
1587 5355 1833 5424 γίνεσθαι

253 5451 492 5520 πέφυκε,
523 5455 590 5523 τῇ
617 5451 726 5504 τῶν
751 5448 1026 5520 λογισμῶν
1074 5446 1404 5516 καθαρότητι
1443 5444 1829 5516 συνισταμένη·

251 5541 526 5612 τετάρτην
561 5543 617 5595 δὲ
649 5542 798 5610 λέγει
821 5539 1112 5601 ἀπάθειαν,
1145 5537 1244 5606 τὴν
1275 5535 1416 5587 κατὰ
1448 5534 1690 5588 διάνοιαν
1728 5553 1832 5588 πα-

254 5631 362 5684 σῶν
417 5632 531 5685 τῶν
587 5630 863 5703 αἰσθητῶν
916 5625 1230 5700 φαντασιῶν
1285 5623 1501 5677 τελείαν
1551 5624 1831 5690 ἀπόθεσιν,

250 5722 372 5775 καθ’
405 5726 474 5794 ἦν
507 5725 542 5795 ἡ
565 5726 723 5796 τρίτη
753 5726 852 5794 τὴν
873 5723 1089 5794 γένεσιν
1117 5718 1362 5788 εἴληφεν,
1383 5716 1484 5768 οὐκ
1514 5715 1714 5786 ἔχουσα
1737 5718 1833 5780 τὰς

929 346 1261 410 CAPITUM
1297 346 1718 421 QUINQUIES
1751 346 2272 410 CENTENORUM
2312 350 2698 413 CENTURIA
2736 349 2850 413 IlI.

342 456 444 528 μθ’.
485 451 748 522 Οὐράνιον
799 453 1114 524 οἰκητήρι-ίν
1166 457 1332 520 ἐστιν,
1381 457 1414 526 ἡ
1465 458 1587 508 κατ’
1637 455 1838 524 ἀρετὴν
1871 466 1911 518 Α

3378 350 3512 415 1282

2011 461 2096 514 49.
2129 459 2363 514 Coeleste
2385 461 2724 515 don-ricinum
2750 471 2854 525 est,
2893 459 3182 516 aﬁ‘ectibus
3216 475 3416 514 vacans
3449 476 3514 516 ac

1939 552 2266 620 tranquillus
2295 552 2512 606 virtutis
2537 553 2786 618 habitus;
2817 553 3178 621 scientiaque,
3222 567 3344 622 qua:
3367 551 3518 607 nullo

1936 644 2144 699 erroris
2177 645 2415 714 cogitatu
2453 644 2686 713 falsique
2715 646 2907 698 notitia
2942 645 3316 715 impugnetur.

2008 734 2093 788 50.
2151 734 2622 799 Quemadmodum
2669 735 2898 788 unitatis
2949 744 3109 788 mota:
3163 735 3322 804 570
3369 733 3516 800 linis,

1941 827 2142 896 myrias
2164 835 2282 891 est;
2313 827 2760 895 principiumque
2805 834 2964 879 mota:
2998 826 3258 894 myriadis
3287 834 3371 878 est
3399 825 3517 878 uni-

1941 927 2022 970 tas
2047 918 2246 984 (omnis
2276 916 2421 969 enim
2471 916 2596 970 ﬁnis
2638 915 2970 984 principium
3001 953 3014 977 ,
3059 915 3178 983 ejus
3232 913 3517 983 perSpicue

1941 1004 2296 1058 immobilitas
2343 1013 2473 1071 est,
2540 1004 2775 1074 ﬁnisque
2824 1004 3003 1058 omnis
3039 1003 3314 1072 principii,
3371 1004 3520 1057 illius

1940 1106 2122 1150 motus
2146 1087 2610 1165 complementum
2637 1096 2741 1165 est)
2769 1096 2850 1149 sic
2879 1105 2934 1150 et
2967 1094 3125 1158 ﬁdes,
3161 1109 3286 1148 cum
3313 1095 3384 1149 sit
3423 1110 3521 1147 na-

1942 1197 2063 1242 tura
2088 1188 2353 1242 virtutum
2407 1187 2770 1256 principium,
2810 1188 2930 1256 ejus
2976 1187 3107 1240 boni
3153 1186 3522 1254 complemen-

1943 1289 2078 1340 tum,
2109 1276 2256 1346 quod
2307 1293 2403 1345 per
2446 1276 2567 1330 illas
2617 1285 2931 1345 prmstatur,
2987 1275 3152 1329 ﬁnem
3187 1276 3384 1339 habet;
3423 1275 3523 1328 bo-

1942 1385 2184 1437 numque
2239 1378 2470 1432 natura,
2525 1378 2782 1438 tanquam
2822 1369 2999 1437 ipsum
3048 1369 3313 1420 virtutum
3363 1367 3518 1425 ﬁnis.

1941 1462 2086 1530 quod
2151 1460 2311 1514 ﬁdem
2362 1460 2696 1530 principium
2743 1459 2964 1522 habeat,
3020 1458 3085 1512 ad
3136 1473 3257 1512 eam
3303 1457 3522 1511 interno

1943 1553 2127 1605 animo
2166 1552 2470 1621 colligitur.
2509 1551 2607 1605 Est
2657 1550 2804 1605 enim
2851 1548 2985 1603 ﬁdes
3013 1549 3219 1629 bonum
3259 1549 3430 1602 animi
3460 1563 3523 1601 ac

1946 1644 2257 1707 internum;
2331 1643 2690 1712 bonumque,
2765 1641 2943 1710 ipsum
2995 1639 3134 1694 ﬁdes
3184 1638 3373 1693 ellicax
3415 1649 3521 1693 est.

1947 1735 2107 1803 Atqui
2156 1736 2301 1787 Deus
2355 1745 2553 1787 natura
2591 1733 2766 1786 ﬁdelis
2806 1748 2868 1786 ac
2898 1732 3078 1786 bonus
3129 1741 3244 1798 est;
3291 1732 3522 1785 alterum

1943 1826 2186 1895 quidem,
2220 1835 2279 1879 ut
2310 1828 2548 1894 primutn
2596 1825 2802 1878 bonum
2833 1841 2848 1884 ς
2885 1825 3118 1878 alterum
3150 1840 3316 1887 vero,
3346 1831 3406 1877 ut
3427 1839 3522 1877 su-

1944 1930 2194 1983 premum
2221 1915 2538 1984 appetibile.
2589 1914 2714 1969 Ilmc
2759 1929 2888 1968 vero
2922 1915 3064 1968 idem
3099 1914 3242 1970 inter
3285 1929 3345 1968 se
3373 1913 3521 1967 omni

1943 2005 2106 2078 modo
2137 2014 2285 2068 sunt,
2318 2006 2466 2058 nulla
2503 2021 2731 2075 prorsus
2777 2005 2994 2060 ratione
3036 2005 3318 2072 distincta,
3357 2022 3522 2075 quam

1942 2110 2062 2162 quae
2104 2095 2292 2148 subtili
2344 2096 2584 2162 cogitatu
2635 2095 2918 2160 noscitur;
2953 2095 3024 2148 ob
3075 2109 3266 2148 eorum
3311 2095 3522 2148 scilicet

1943 2195 2177 2250 motum;
2215 2201 2336 2254 qum
2367 2186 2436 2238 ab
2473 2186 2568 2238 illo
2606 2186 2815 2240 ducunt
2845 2186 3139 2254 originem,
3168 2194 3224 2240 et
3254 2186 3310 2239 in
3344 2185 3522 2254 ipsum

1943 2276 2227 2331 desinunt.
2286 2278 2486 2348 Myrias
2524 2277 2712 2347 igitur,
2745 2293 2866 2346 quae
2917 2277 3160 2344 supremi
3212 2276 3523 2344 appetibilis

1941 2368 2171 2421 formam
2203 2377 2375 2438 gerat,
2398 2384 2590 2423 eorum
2618 2409 2632 2433 ,
2666 2384 2788 2437 qua:
2836 2367 2892 2420 iu
2938 2367 3119 2435 ipsum
3177 2373 3524 2425 moveantur,

1941 2459 2240 2528 perfectam
2287 2459 2682 2528 appetitionem
2713 2457 2907 2512 deﬁnit
2945 2475 2958 2510 :
2995 2457 3282 2526 unitasque
3307 2495 3325 2520 ,
3361 2455 3521 2524 primi

1941 2549 2072 2603 boni
2100 2551 2368 2621 symbolo,
2396 2568 2589 2606 eorum
2615 2567 2736 2620 quae
2774 2551 2842 2604 ab
2869 2551 2990 2619 ipso
3025 2557 3338 2611 moventur,
3392 2562 3518 2616 per-

1939 2641 2137 2695 lectam
2173 2642 2347 2695 basim
2379 2642 2546 2696 infert
2571 2657 2634 2696 ac
2659 2641 3097 2712 fundamentum.

2009 2732 2096 2785 5|.
2123 2733 2306 2786 Prima
2351 2732 2590 2785 ἀπάθεια
2628 2739 2712 2786 εει
2740 2730 3164 2801 (imperturbatio
3218 2730 3522 2798 affectamu-

1941 2836 2039 2890 que
2064 2823 2325 2892 vacuitas)
2359 2837 2484 2876 cum
2506 2837 2535 2874 a
2565 2822 2722 2875 malis
2753 2820 2872 2889 ipso
2896 2835 3062 2888 opere
3091 2833 3321 2887 prorsus
3353 2816 3522 2870 absti-

1940 2926 2135 2964 nemus
2166 2928 2179 2963 :
2215 2911 2383 2979 inque
2427 2910 2536 2963 illis
2582 2910 2991 2971 consideratur,
3021 2907 3113 2976 qui
3141 2906 3324 2960 adhuc
3361 2905 3522 2958 indu-

1941 3009 2140 3052 cuntur
2176 3016 2188 3051 :
2223 2999 2482 3059 secunda,
2520 3014 2645 3052 cum
2669 3014 2860 3052 omnes
2902 2997 3105 3054 animo.
3133 2995 3334 3065 quibus
3367 2996 3525 3053 malis

1943 3091 2374 3153 consentiamus,
2433 3089 2796 3159 cogitationes
2856 3089 3174 3159 abigimus;
3207 3088 3373 3156 inque
3415 3086 3527 3140 illis

1943 3182 2233 3252 contingit,
2270 3182 2364 3250 qui
2391 3181 2602 3235 ratione
2633 3181 2832 3235 comite
2862 3181 3123 3235 virtutem
3157 3181 3364 3234 colunt.
3395 3179 3527 3231 Tcr-

1945 3275 2039 3339 tia,
2088 3291 2212 3328 cum
2238 3275 2532 3343 appetendi
2574 3275 2806 3329 facultas
2851 3275 3005 3327 nullo
3047 3273 3210 3326 modo
3236 3272 3528 3326 alieclibus

1942 3375 2193 3420 movetur
2224 3381 2287 3418 ac
2323 3366 2568 3429 libidine,
2623 3366 2679 3419 in
2736 3366 2803 3419 iis
2831 3365 2925 3433 qui
2967 3379 3065 3432 per
3103 3363 3302 3432 ﬁguras
3342 3378 3524 3433 rerum

1941 3459 2118 3512 oculis
2139 3459 2531 3528 subjectarum,
2556 3458 2881 3526 Spit-italiter
2906 3456 3147 3508 rationes
3171 3463 3522 3508 contucntur.

1940 3549 2142 3615 Quarta
2169 3549 2407 3618 denique
2440 3547 2884 3618 imperturbatio,
2914 3556 2999 3600 est
3037 3546 3118 3599 vel
3145 3545 3213 3598 ab
3238 3547 3353 3614 ipsa
3373 3545 3524 3599 nuda

1940 3633 2270 3704 cogitatione
2311 3635 2469 3703 plena
2506 3635 2825 3705 integraque
2851 3632 3210 3698 emundatio;
3243 3633 3298 3686 in
3329 3633 3395 3686 lis
3421 3633 3521 3703 qui

1938 3739 2040 3793 per
2061 3724 2349 3779 scientiam
2374 3733 2431 3779 et
2451 3725 2993 3794 contemplationem,
3010 3719 3292 3776 'mundum
3318 3738 3382 3777 ac
3409 3724 3526 3793 pel-

1939 3812 2182 3867 lucidum
2211 3813 2308 3868 Dei
2359 3814 2642 3882 speculum
2700 3820 2942 3866 mentem
2987 3811 3370 3867 reddiderunt.
3415 3812 3520 3883 Qui

1940 3906 2104 3978 igitur
2134 3906 2202 3960 ab
2232 3905 2348 3974 ipso
2380 3921 2438 3960 se
2461 3907 2721 3961 vitiorum
2749 3921 2844 3960 seu
2867 3904 3158 3959 libidinum
3187 3913 3309 3958 actu
3333 3920 3526 3959 emun-

1939 3997 2110 4062 davit,
2135 4012 2198 4050 ac
2233 4012 2304 4050 ne
2332 3995 2443 4051 illis
2468 3997 2652 4050 animo
2681 3996 2988 4052 consentiat
3026 3997 3168 4051 liber
3205 3998 3398 4062 evasit,
3439 3999 3521 4053 af-

1937 4088 2195 4157 fectuque
2238 4088 2304 4141 ad
2339 4104 2403 4143 ea
2440 4089 2649 4142 moveri
2700 4095 2863 4157 atque
2900 4088 3030 4142 illici
3063 4087 3229 4142 desiit
3264 4089 3399 4158 :qui
3435 4089 3522 4142 dc-

1937 4177 2105 4246 nique
2145 4193 2175 4230 a
2221 4177 2371 4231 nudo
2405 4178 2525 4247 ipso
2571 4178 2811 4247 cogitatu
2848 4177 3227 4233 intaminatam
3277 4186 3517 4233 mentem

1938 4269 2196 4333 reddidit,
2233 4270 2280 4325 is
2308 4269 2724 4340 quadruplicem
2765 4269 3077 4340 genericam
3104 4271 3368 4325 ἀπάθειαν
3395 4272 3520 4344 (im-

1937 4359 2412 4428 perturbatiouem
2454 4358 2686 4430 scilicet)
2737 4367 2952 4424 nactus,
3001 4375 3032 4414 e
3073 4369 3218 4415 terra
3253 4362 3516 4416 terrenis-

1865 4457 1910 4512 1)
1938 4467 2045 4520 que
2078 4450 2377 4519 egreditur,
2431 4459 2488 4504 et
2535 4449 2604 4504 ad
2652 4449 2918 4504 mentium
2952 4451 3306 4522 divinamque
3353 4460 3517 4522 atque

1938 4551 2188 4614 pacatam
2219 4542 2553 4612 Spiritalium
2587 4541 2856 4611 requiem,
2885 4542 3184 4613 beatasque
3209 4543 3368 4600 sedes
3385 4561 3518 4602 con-

1938 4634 2135 4690 tendit.

2005 4723 2092 4778 52.
2150 4723 2389 4778 Primam
2445 4723 2718 4778 ἀπάθειαν
2766 4724 3334 4793 (imperturbationem
3384 4726 3514 4796 απε-

1936 4821 2218 4882 ctuumque
2245 4813 2599 4882 vacuitatem)
2649 4821 2828 4876 vocat,
2867 4812 3138 4866 illibatum
3183 4814 3514 4883 corporisin

1934 4913 2221 4973 peccatum
2262 4905 2380 4974 ipso
2401 4912 2538 4958 actu
2567 4904 2722 4974 571
2755 4910 2994 4970 motum;
3025 4904 3248 4958 alteram
3273 4945 3286 4969 ,
3333 4905 3514 4974 perfe-

1935 5005 2022 5051 cte
2053 4997 2238 5051 animo
2263 4997 2546 5050 abdicatas
2595 4996 2920 5050 libidinosas
2960 4995 3207 5064 vitioque
3243 4997 3516 5052 haerentes

1936 5089 2319 5158 cogitationes,
2349 5104 2416 5144 ex
2440 5102 2548 5157 quo
2575 5097 2680 5151 est,
2711 5094 2771 5140 ut
2789 5101 2893 5156 pro
2921 5085 3122 5156 prioris
3150 5086 3520 5156 imperturba-

1936 5181 2104 5236 tionis
2126 5180 2310 5244 modo,
2338 5180 2631 5234 libidinum
2655 5188 2836 5232 motus
2857 5178 3260 5248 cxstinguatur,
3285 5178 3374 5233 cui
3393 5179 3520 5234 lihi-

1936 5273 2144 5326 dinosae
2165 5271 2528 5340 cogitationes
2560 5269 2762 5333 desint,
2795 5268 2997 5338 quibus
3028 5269 3084 5322 in
3111 5278 3294 5323 actum
3317 5286 3515 5326 accen-

1936 5361 2098 5416 datur
2129 5379 2142 5414 :
2172 5361 2411 5426 tertiam,
2437 5359 2738 5430 perfectam
2765 5359 3077 5428 appetentis
3102 5359 3268 5413 animi
3307 5359 3362 5412 in
3385 5359 3516 5414 vitia

1935 5468 2000 5507 ac
2033 5452 2297 5506 libidines
2323 5451 2706 5514 cessationem,
2733 5466 2841 5518 qua
2862 5459 2918 5504 et
2946 5450 3186 5504 secunda
3216 5449 3294 5510 ﬁt,
3319 5463 3438 5517 qua;
3460 5449 3516 5500 in

1935 5545 2332 5615 cogitationum
2367 5542 2609 5612 puritate
2643 5542 2900 5596 consistit
2929 5559 2942 5595 :
2972 5552 3224 5610 quartam
3251 5539 3514 5607 denique,

1936 5647 2043 5702 qua
2081 5630 2330 5684 omnium
2383 5644 2504 5698 qua:
2552 5644 2715 5682 sensu
2764 5628 3112 5697 attinguntur
3157 5627 3518 5696 cogitationes

1937 5722 2124 5778 animo
2173 5719 2550 5791 proﬁigamus,
2587 5719 2730 5774 unde
2779 5727 2835 5775 et
2863 5718 3025 5774 tertia
3068 5727 3251 5773 ortum
3300 5715 3510 5772 habuit.
