  <div class='ocr_page' id='page_1' title='image "/cluster/home/n/w/nwhite01/storage/ocr_20150623/90:no.1/coo.31924054869940/657.png"; bbox 0 0 4020 6408; ppageno 0'>
   <div class='ocr_carea' id='block_1_1' title="bbox 547 356 688 423">
    <p class='ocr_par' dir='ltr' id='par_1_1' title="bbox 547 356 688 423">
     <span class='ocr_line' id='line_1_1' title="bbox 547 356 688 423; baseline -0.007 0"><span class='ocrx_word' id='word_1_1' title='bbox 547 356 688 423; x_wconf 71' lang='lat'><strong>1988</strong></span> 
     </span>
    </p>
   </div>
   <div class='ocr_carea' id='block_1_2' title="bbox 1703 344 2632 408">
    <p class='ocr_par' dir='ltr' id='par_1_2' title="bbox 1703 344 2632 408">
     <span class='ocr_line' id='line_1_2' title="bbox 1703 344 2632 408; baseline -0.003 0"><span class='ocrx_word' id='word_1_2' title='bbox 1703 349 1763 408; x_wconf 93' lang='lat' dir='ltr'><strong>S.</strong></span> <span class='ocrx_word' id='word_1_3' title='bbox 1804 346 2090 408; x_wconf 77' lang='lat' dir='ltr'><strong>MAXIMI</strong></span> <span class='ocrx_word' id='word_1_4' title='bbox 2123 344 2632 407; x_wconf 82' lang='lat' dir='ltr'><strong>CONFESSORIS</strong></span> 
     </span>
    </p>
   </div>
   <div class='ocr_carea' id='block_1_3' title="bbox 3634 347 3743 414">
    <p class='ocr_par' dir='ltr' id='par_1_3' title="bbox 3634 347 3743 414">
     <span class='ocr_line' id='line_1_3' title="bbox 3634 347 3743 414; baseline 0.028 -3"><span class='ocrx_word' id='word_1_5' title='bbox 3634 347 3743 414; x_wconf 60' lang='lat'><strong>128!</strong></span> 
     </span>
    </p>
   </div>
   <div class='ocr_carea' id='block_1_4' title="bbox 540 452 2131 534">
    <p class='ocr_par' dir='ltr' id='par_1_4' title="bbox 540 456 2112 534">
     <span class='ocr_line' id='line_1_4' title="bbox 540 456 2112 534; baseline -0.004 -15"><span class='ocrx_word' id='word_1_6' title='bbox 540 477 728 520; x_wconf 89' lang='lat' dir='ltr'><strong>rerum</strong></span> <span class='ocrx_word' id='word_1_7' title='bbox 762 459 1032 534; x_wconf 65' lang='lat' dir='ltr'><strong>ejusmodi</strong></span> <span class='ocrx_word' id='word_1_8' title='bbox 1083 456 1510 531; x_wconf 72' lang='lat' dir='ltr'><strong>cogitationibus</strong></span> <span class='ocrx_word' id='word_1_9' title='bbox 1538 471 1754 522; x_wconf 89' lang='lat' dir='ltr'><strong>carens,</strong></span> <span class='ocrx_word' id='word_1_10' title='bbox 1805 457 2004 526; x_wconf 84' lang='lat' dir='ltr'><strong>quibus</strong></span> <span class='ocrx_word' id='word_1_11' title='bbox 2030 457 2112 512; x_wconf 92' lang='lat' dir='ltr'><strong>vi-</strong></span> 
     </span>
    </p>
   </div>
   <div class='ocr_carea' id='block_1_5' title="bbox 2231 452 3746 534">
    <p class='ocr_par' dir='ltr' id='par_1_5' title="bbox 2231 452 3746 532">
     <span class='ocr_line' id='line_1_5' title="bbox 2231 452 3746 532; baseline 0.003 -22"><span class='ocrx_word' id='word_1_12' title='bbox 2231 455 2517 523; x_wconf 74' lang='grc' dir='ltr'>ραντασίας</span> <span class='ocrx_word' id='word_1_13' title='bbox 2541 453 2650 508; x_wconf 84' lang='grc' dir='ltr'><strong>τῶν</strong></span> <span class='ocrx_word' id='word_1_14' title='bbox 2681 452 2953 526; x_wconf 72' lang='grc' dir='ltr'><strong>αἰσθητῶν</strong></span> <span class='ocrx_word' id='word_1_15' title='bbox 2988 453 3362 520; x_wconf 83' lang='grc' dir='ltr'>είδοποιούσας</span> <span class='ocrx_word' id='word_1_16' title='bbox 3394 455 3528 532; x_wconf 73' lang='grc' dir='ltr'>αὐτῇ</span> <span class='ocrx_word' id='word_1_17' title='bbox 3548 459 3645 513; x_wconf 85' lang='grc' dir='ltr'>τῶν</span> <span class='ocrx_word' id='word_1_18' title='bbox 3665 475 3746 514; x_wconf 73' lang='grc' dir='ltr'><strong>πα-</strong></span> 
     </span>
    </p>
   </div>
   <div class='ocr_carea' id='block_1_6' title="bbox 541 545 1994 622">
    <p class='ocr_par' dir='ltr' id='par_1_6' title="bbox 541 545 1994 622">
     <span class='ocr_line' id='line_1_6' title="bbox 541 545 1994 622; baseline -0.007 -14"><span class='ocrx_word' id='word_1_19' title='bbox 541 555 742 608; x_wconf 85' lang='lat' dir='ltr'><strong>tiorum</strong></span> <span class='ocrx_word' id='word_1_20' title='bbox 776 552 1043 622; x_wconf 87' lang='lat' dir='ltr'><strong>imagines</strong></span> <span class='ocrx_word' id='word_1_21' title='bbox 1071 566 1135 604; x_wconf 91' lang='lat' dir='ltr'><strong>ac</strong></span> <span class='ocrx_word' id='word_1_22' title='bbox 1171 550 1466 605; x_wconf 88' lang='lat' dir='ltr'><strong>simulacra</strong></span> <span class='ocrx_word' id='word_1_23' title='bbox 1497 547 1576 602; x_wconf 86' lang='lat' dir='ltr'><strong>illi</strong></span> <span class='ocrx_word' id='word_1_24' title='bbox 1604 545 1994 600; x_wconf 91' lang='lat' dir='ltr'><strong>informentur.</strong></span> 
     </span>
    </p>
   </div>
   <div class='ocr_carea' id='block_1_7' title="bbox 609 635 2116 711">
    <p class='ocr_par' dir='ltr' id='par_1_7' title="bbox 609 635 2116 711">
     <span class='ocr_line' id='line_1_7' title="bbox 609 635 2116 711; baseline -0.008 -13"><span class='ocrx_word' id='word_1_25' title='bbox 609 642 698 698; x_wconf 78' lang='lat'><strong>55.</strong></span> <span class='ocrx_word' id='word_1_26' title='bbox 729 641 987 711; x_wconf 80' lang='lat' dir='ltr'><strong>Quisquis</strong></span> <span class='ocrx_word' id='word_1_27' title='bbox 1041 639 1278 695; x_wconf 79' lang='lat' dir='ltr'><strong>actionis</strong></span> <span class='ocrx_word' id='word_1_28' title='bbox 1325 638 1506 692; x_wconf 90' lang='lat' dir='ltr'><strong>cultor</strong></span> <span class='ocrx_word' id='word_1_29' title='bbox 1536 637 1639 702; x_wconf 90' lang='lat' dir='ltr'><strong>sit,</strong></span> <span class='ocrx_word' id='word_1_30' title='bbox 1687 635 1817 690; x_wconf 89' lang='lat' dir='ltr'><strong>huic</strong></span> <span class='ocrx_word' id='word_1_31' title='bbox 1861 641 2116 704; x_wconf 90' lang='lat' dir='ltr'><strong>tanquam</strong></span> 
     </span>
    </p>
   </div>
   <div class='ocr_carea' id='block_1_8' title="bbox 540 725 2120 801">
    <p class='ocr_par' dir='ltr' id='par_1_8' title="bbox 540 725 2120 801">
     <span class='ocr_line' id='line_1_8' title="bbox 540 725 2120 801; baseline -0.004 -15"><span class='ocrx_word' id='word_1_32' title='bbox 540 731 684 786; x_wconf 82' lang='lat' dir='ltr'><strong>servi</strong></span> <span class='ocrx_word' id='word_1_33' title='bbox 715 741 881 801; x_wconf 89' lang='lat' dir='ltr'><strong>atque</strong></span> <span class='ocrx_word' id='word_1_34' title='bbox 921 730 1156 793; x_wconf 65' lang='lat' dir='ltr'><strong>ancillae,</strong></span> <span class='ocrx_word' id='word_1_35' title='bbox 1191 727 1334 782; x_wconf 86' lang='lat' dir='ltr'><strong>ratio</strong></span> <span class='ocrx_word' id='word_1_36' title='bbox 1357 727 1666 797; x_wconf 88' lang='lat' dir='ltr'><strong>mentisque</strong></span> <span class='ocrx_word' id='word_1_37' title='bbox 1687 725 1943 796; x_wconf 81' lang='lat' dir='ltr'><strong>cogitatio</strong></span> <span class='ocrx_word' id='word_1_38' title='bbox 1972 725 2120 779; x_wconf 89' lang='lat' dir='ltr'><strong>labo-</strong></span> 
     </span>
    </p>
   </div>
   <div class='ocr_carea' id='block_1_9' title="bbox 541 816 2121 886">
    <p class='ocr_par' dir='ltr' id='par_1_9' title="bbox 541 816 2121 886">
     <span class='ocr_line' id='line_1_9' title="bbox 541 816 2121 886; baseline -0.006 -9"><span class='ocrx_word' id='word_1_39' title='bbox 541 831 687 886; x_wconf 85' lang='lat' dir='ltr'><strong>rant,</strong></span> <span class='ocrx_word' id='word_1_40' title='bbox 720 822 854 876; x_wconf 93' lang='lat' dir='ltr'><strong>dum</strong></span> <span class='ocrx_word' id='word_1_41' title='bbox 884 821 1146 876; x_wconf 69' lang='lat' dir='ltr'><strong>studiosa:</strong></span> <span class='ocrx_word' id='word_1_42' title='bbox 1169 819 1404 875; x_wconf 87' lang='lat' dir='ltr'><strong>actionis</strong></span> <span class='ocrx_word' id='word_1_43' title='bbox 1429 818 1621 872; x_wconf 91' lang='lat' dir='ltr'><strong>modos</strong></span> <span class='ocrx_word' id='word_1_44' title='bbox 1649 816 2011 872; x_wconf 85' lang='lat' dir='ltr'><strong>adinveniunt</strong></span> <span class='ocrx_word' id='word_1_45' title='bbox 2035 826 2121 868; x_wconf 90' lang='lat' dir='ltr'><strong>at-</strong></span> 
     </span>
    </p>
   </div>
   <div class='ocr_carea' id='block_1_10' title="bbox 541 909 2121 986">
    <p class='ocr_par' dir='ltr' id='par_1_10' title="bbox 541 909 2121 986">
     <span class='ocr_line' id='line_1_10' title="bbox 541 909 2121 986; baseline -0.005 -17"><span class='ocrx_word' id='word_1_46' title='bbox 541 931 650 986; x_wconf 89' lang='lat' dir='ltr'><strong>que</strong></span> <span class='ocrx_word' id='word_1_47' title='bbox 674 914 966 977; x_wconf 81' lang='lat' dir='ltr'><strong>fabricant,</strong></span> <span class='ocrx_word' id='word_1_48' title='bbox 994 927 1325 982; x_wconf 91' lang='lat' dir='ltr'><strong>omnemque</strong></span> <span class='ocrx_word' id='word_1_49' title='bbox 1372 909 1771 980; x_wconf 82' lang='lat' dir='ltr'><strong>propemodum</strong></span> <span class='ocrx_word' id='word_1_50' title='bbox 1803 910 1912 962; x_wconf 97' lang='lat' dir='ltr'><strong>vim</strong></span> <span class='ocrx_word' id='word_1_51' title='bbox 1965 923 2121 963; x_wconf 89' lang='lat' dir='ltr'><strong>suam</strong></span> 
     </span>
    </p>
   </div>
   <div class='ocr_carea' id='block_1_11' title="bbox 541 999 2122 1075">
    <p class='ocr_par' dir='ltr' id='par_1_11' title="bbox 541 999 2122 1075">
     <span class='ocr_line' id='line_1_11' title="bbox 541 999 2122 1075; baseline -0.007 -15"><span class='ocrx_word' id='word_1_52' title='bbox 541 1006 599 1060; x_wconf 85' lang='lat' dir='ltr'><strong>in</strong></span> <span class='ocrx_word' id='word_1_53' title='bbox 627 1004 999 1075; x_wconf 89' lang='lat' dir='ltr'><strong>nequissimos</strong></span> <span class='ocrx_word' id='word_1_54' title='bbox 1049 1002 1278 1072; x_wconf 87' lang='lat' dir='ltr'><strong>spiritus</strong></span> <span class='ocrx_word' id='word_1_55' title='bbox 1302 999 1502 1054; x_wconf 89' lang='lat' dir='ltr'><strong>actioni</strong></span> <span class='ocrx_word' id='word_1_56' title='bbox 1530 999 1770 1053; x_wconf 89' lang='lat' dir='ltr'><strong>infensos</strong></span> <span class='ocrx_word' id='word_1_57' title='bbox 1800 999 2122 1072; x_wconf 69' lang='lat' dir='ltr'><strong>instructam</strong></span> 
     </span>
    </p>
   </div>
   <div class='ocr_carea' id='block_1_12' title="bbox 541 1086 2121 1165">
    <p class='ocr_par' dir='ltr' id='par_1_12' title="bbox 541 1086 2121 1165">
     <span class='ocr_line' id='line_1_12' title="bbox 541 1086 2121 1165; baseline -0.008 -14"><span class='ocrx_word' id='word_1_58' title='bbox 541 1097 752 1151; x_wconf 82' lang='lat' dir='ltr'><strong>habent</strong></span> <span class='ocrx_word' id='word_1_59' title='bbox 773 1105 936 1165; x_wconf 90' lang='lat' dir='ltr'><strong>atque</strong></span> <span class='ocrx_word' id='word_1_60' title='bbox 954 1101 1289 1148; x_wconf 89' lang='lat' dir='ltr'><strong>contentam.</strong></span> <span class='ocrx_word' id='word_1_61' title='bbox 1310 1092 1538 1161; x_wconf 76' lang='lat' dir='ltr'><strong>Expleta</strong></span> <span class='ocrx_word' id='word_1_62' title='bbox 1557 1097 1763 1152; x_wconf 90' lang='lat' dir='ltr'><strong>autem,</strong></span> <span class='ocrx_word' id='word_1_63' title='bbox 1783 1103 1904 1158; x_wconf 69' lang='lat' dir='ltr'><strong>quae</strong></span> <span class='ocrx_word' id='word_1_64' title='bbox 1920 1086 2121 1140; x_wconf 89' lang='lat' dir='ltr'><strong>actioni</strong></span> 
     </span>
    </p>
   </div>
   <div class='ocr_carea' id='block_1_13' title="bbox 542 1183 2126 1257">
    <p class='ocr_par' dir='ltr' id='par_1_13' title="bbox 542 1183 2126 1257">
     <span class='ocr_line' id='line_1_13' title="bbox 542 1183 2126 1257; baseline -0.006 -14"><span class='ocrx_word' id='word_1_65' title='bbox 542 1189 748 1253; x_wconf 88' lang='lat' dir='ltr'><strong>studet,</strong></span> <span class='ocrx_word' id='word_1_66' title='bbox 778 1186 1146 1257; x_wconf 85' lang='lat' dir='ltr'><strong>philosophia,</strong></span> <span class='ocrx_word' id='word_1_67' title='bbox 1177 1199 1339 1254; x_wconf 87' lang='lat' dir='ltr'><strong>quam</strong></span> <span class='ocrx_word' id='word_1_68' title='bbox 1363 1183 1614 1238; x_wconf 89' lang='lat' dir='ltr'><strong>senarius</strong></span> <span class='ocrx_word' id='word_1_69' title='bbox 1635 1195 1904 1235; x_wconf 88' lang='lat' dir='ltr'><strong>annorum</strong></span> <span class='ocrx_word' id='word_1_70' title='bbox 1933 1193 2126 1233; x_wconf 86' lang='lat' dir='ltr'><strong>nume-</strong></span> 
     </span>
    </p>
   </div>
   <div class='ocr_carea' id='block_1_14' title="bbox 543 1270 2122 1347">
    <p class='ocr_par' dir='ltr' id='par_1_14' title="bbox 543 1270 2122 1347">
     <span class='ocr_line' id='line_1_14' title="bbox 543 1270 2122 1347; baseline -0.008 -14"><span class='ocrx_word' id='word_1_71' title='bbox 543 1295 641 1334; x_wconf 91' lang='lat' dir='ltr'><strong>rus</strong></span> <span class='ocrx_word' id='word_1_72' title='bbox 672 1276 976 1347; x_wconf 74' lang='lat' dir='ltr'><strong>designavit</strong></span> <span class='ocrx_word' id='word_1_73' title='bbox 1009 1276 1240 1344; x_wconf 88' lang='lat' dir='ltr'><strong>(dictum</strong></span> <span class='ocrx_word' id='word_1_74' title='bbox 1281 1287 1519 1342; x_wconf 85' lang='lat' dir='ltr'><strong>namque</strong></span> <span class='ocrx_word' id='word_1_75' title='bbox 1552 1279 1658 1335; x_wconf 89' lang='lat' dir='ltr'><strong>est,</strong></span> <span class='ocrx_word' id='word_1_76' title='bbox 1693 1270 1968 1325; x_wconf 87' lang='lat' dir='ltr'><strong>senarium</strong></span> <span class='ocrx_word' id='word_1_77' title='bbox 2017 1284 2122 1322; x_wconf 89' lang='lat' dir='ltr'><strong>nu-</strong></span> 
     </span>
    </p>
   </div>
   <div class='ocr_carea' id='block_1_15' title="bbox 544 1360 2120 1438">
    <p class='ocr_par' dir='ltr' id='par_1_15' title="bbox 544 1360 2120 1438">
     <span class='ocr_line' id='line_1_15' title="bbox 544 1360 2120 1438; baseline -0.009 -12"><span class='ocrx_word' id='word_1_78' title='bbox 544 1386 756 1426; x_wconf 88' lang='lat' dir='ltr'><strong>merum</strong></span> <span class='ocrx_word' id='word_1_79' title='bbox 789 1385 909 1424; x_wconf 91' lang='lat' dir='ltr'><strong>eam</strong></span> <span class='ocrx_word' id='word_1_80' title='bbox 943 1376 1152 1438; x_wconf 90' lang='lat' dir='ltr'><strong>partem</strong></span> <span class='ocrx_word' id='word_1_81' title='bbox 1189 1363 1554 1435; x_wconf 63' lang='lat' dir='ltr'><strong>philosophia:</strong></span> <span class='ocrx_word' id='word_1_82' title='bbox 1595 1362 1842 1433; x_wconf 82' lang='lat' dir='ltr'><strong>symbolo</strong></span> <span class='ocrx_word' id='word_1_83' title='bbox 1891 1360 2120 1422; x_wconf 89' lang='lat' dir='ltr'><strong>referre,</strong></span> 
     </span>
    </p>
   </div>
   <div class='ocr_carea' id='block_1_16' title="bbox 542 1451 2126 1534">
    <p class='ocr_par' dir='ltr' id='par_1_16' title="bbox 542 1451 2126 1534">
     <span class='ocr_line' id='line_1_16' title="bbox 542 1451 2126 1534; baseline -0.006 -18"><span class='ocrx_word' id='word_1_84' title='bbox 542 1480 667 1534; x_wconf 70' lang='lat' dir='ltr'><strong>qua:</strong></span> <span class='ocrx_word' id='word_1_85' title='bbox 731 1463 1004 1516; x_wconf 88' lang='lat' dir='ltr'><strong>actionem</strong></span> <span class='ocrx_word' id='word_1_86' title='bbox 1063 1457 1216 1527; x_wconf 90' lang='lat' dir='ltr'><strong>colit)</strong></span> <span class='ocrx_word' id='word_1_87' title='bbox 1267 1457 1336 1510; x_wconf 89' lang='lat' dir='ltr'><strong>ad</strong></span> <span class='ocrx_word' id='word_1_88' title='bbox 1392 1455 1694 1524; x_wconf 87' lang='lat' dir='ltr'><strong>spiritalem</strong></span> <span class='ocrx_word' id='word_1_89' title='bbox 1730 1452 1893 1507; x_wconf 89' lang='lat' dir='ltr'><strong>liberi</strong></span> <span class='ocrx_word' id='word_1_90' title='bbox 1962 1451 2126 1520; x_wconf 89' lang='lat' dir='ltr'><strong>(ratio</strong></span> 
     </span>
    </p>
   </div>
   <div class='ocr_carea' id='block_1_17' title="bbox 543 1546 2126 1620">
    <p class='ocr_par' dir='ltr' id='par_1_17' title="bbox 543 1546 2126 1620">
     <span class='ocr_line' id='line_1_17' title="bbox 543 1546 2126 1620; baseline -0.008 -9"><span class='ocrx_word' id='word_1_91' title='bbox 543 1557 756 1612; x_wconf 87' lang='lat' dir='ltr'><strong>scilicet</strong></span> <span class='ocrx_word' id='word_1_92' title='bbox 804 1552 1114 1620; x_wconf 90' lang='lat' dir='ltr'><strong>mentisque</strong></span> <span class='ocrx_word' id='word_1_93' title='bbox 1163 1547 1441 1618; x_wconf 84' lang='lat' dir='ltr'><strong>cogitatio)</strong></span> <span class='ocrx_word' id='word_1_94' title='bbox 1493 1546 1886 1610; x_wconf 89' lang='lat' dir='ltr'><strong>dimittuntur;</strong></span> <span class='ocrx_word' id='word_1_95' title='bbox 1927 1557 2126 1612; x_wconf 85' lang='lat' dir='ltr'><strong>nempe</strong></span> 
     </span>
    </p>
   </div>
   <div class='ocr_carea' id='block_1_18' title="bbox 544 1636 2121 1706">
    <p class='ocr_par' dir='ltr' id='par_1_18' title="bbox 544 1636 2121 1706">
     <span class='ocr_line' id='line_1_18' title="bbox 544 1636 2121 1706; baseline -0.009 -4"><span class='ocrx_word' id='word_1_96' title='bbox 544 1647 612 1702; x_wconf 89' lang='lat' dir='ltr'><strong>ad</strong></span> <span class='ocrx_word' id='word_1_97' title='bbox 655 1646 902 1701; x_wconf 81' lang='lat' dir='ltr'><strong>afﬁnium</strong></span> <span class='ocrx_word' id='word_1_98' title='bbox 957 1644 1012 1697; x_wconf 92' lang='lat' dir='ltr'><strong>in</strong></span> <span class='ocrx_word' id='word_1_99' title='bbox 1045 1643 1211 1696; x_wconf 89' lang='lat' dir='ltr'><strong>rebus</strong></span> <span class='ocrx_word' id='word_1_100' title='bbox 1267 1640 1543 1693; x_wconf 87' lang='lat' dir='ltr'><strong>rationum</strong></span> <span class='ocrx_word' id='word_1_101' title='bbox 1600 1636 2121 1706; x_wconf 87' lang='lat' dir='ltr'><strong>contemplationem</strong></span> 
     </span>
    </p>
   </div>
   <div class='ocr_carea' id='block_1_19' title="bbox 543 1746 915 1794">
    <p class='ocr_par' dir='ltr' id='par_1_19' title="bbox 543 1746 915 1794">
     <span class='ocr_line' id='line_1_19' title="bbox 543 1746 915 1794; baseline -0.011 0"><span class='ocrx_word' id='word_1_102' title='bbox 543 1746 915 1794; x_wconf 85' lang='lat' dir='ltr'><strong>revertantur.</strong></span> 
     </span>
    </p>
   </div>
   <div class='ocr_carea' id='block_1_20' title="bbox 613 1817 2128 1894">
    <p class='ocr_par' dir='ltr' id='par_1_20' title="bbox 613 1817 2128 1894">
     <span class='ocr_line' id='line_1_20' title="bbox 613 1817 2128 1894; baseline -0.011 -9"><span class='ocrx_word' id='word_1_103' title='bbox 613 1831 702 1886; x_wconf 66' lang='lat' dir='ltr'><strong>5d.</strong></span> <span class='ocrx_word' id='word_1_104' title='bbox 751 1829 955 1882; x_wconf 82' lang='lat' dir='ltr'><strong>Servus</strong></span> <span class='ocrx_word' id='word_1_105' title='bbox 993 1825 1298 1894; x_wconf 85' lang='lat' dir='ltr'><strong>alienigena</strong></span> <span class='ocrx_word' id='word_1_106' title='bbox 1349 1835 1412 1875; x_wconf 90' lang='lat' dir='ltr'><strong>ac</strong></span> <span class='ocrx_word' id='word_1_107' title='bbox 1448 1819 1648 1874; x_wconf 88' lang='lat' dir='ltr'><strong>ancilla</strong></span> <span class='ocrx_word' id='word_1_108' title='bbox 1670 1818 1739 1883; x_wconf 79' lang='lat'><strong>&#39;°,</strong></span> <span class='ocrx_word' id='word_1_109' title='bbox 1781 1817 1862 1871; x_wconf 89' lang='lat' dir='ltr'><strong>ira</strong></span> <span class='ocrx_word' id='word_1_110' title='bbox 1899 1823 2028 1871; x_wconf 88' lang='lat' dir='ltr'><strong>sunt</strong></span> <span class='ocrx_word' id='word_1_111' title='bbox 2072 1826 2128 1870; x_wconf 90' lang='lat' dir='ltr'><strong>et</strong></span> 
     </span>
    </p>
   </div>
   <div class='ocr_carea' id='block_1_21' title="bbox 541 1906 2128 1988">
    <p class='ocr_par' dir='ltr' id='par_1_21' title="bbox 541 1906 2128 1988">
     <span class='ocr_line' id='line_1_21' title="bbox 541 1906 2128 1988; baseline -0.01 -14"><span class='ocrx_word' id='word_1_112' title='bbox 541 1918 842 1988; x_wconf 85' lang='lat' dir='ltr'><strong>cupiditas;</strong></span> <span class='ocrx_word' id='word_1_113' title='bbox 875 1931 1012 1986; x_wconf 87' lang='lat' dir='ltr'><strong>quos</strong></span> <span class='ocrx_word' id='word_1_114' title='bbox 1033 1914 1250 1969; x_wconf 89' lang='lat' dir='ltr'><strong>animus</strong></span> <span class='ocrx_word' id='word_1_115' title='bbox 1279 1908 1729 1980; x_wconf 85' lang='lat' dir='ltr'><strong>contemplationi</strong></span> <span class='ocrx_word' id='word_1_116' title='bbox 1761 1906 2000 1966; x_wconf 90' lang='lat' dir='ltr'><strong>deditus.</strong></span> <span class='ocrx_word' id='word_1_117' title='bbox 2027 1919 2128 1976; x_wconf 87' lang='lat' dir='ltr'><strong>per</strong></span> 
     </span>
    </p>
   </div>
   <div class='ocr_carea' id='block_1_22' title="bbox 541 1997 2128 2074">
    <p class='ocr_par' dir='ltr' id='par_1_22' title="bbox 541 1997 2128 2074">
     <span class='ocr_line' id='line_1_22' title="bbox 541 1997 2128 2074; baseline -0.009 -10"><span class='ocrx_word' id='word_1_118' title='bbox 541 2007 922 2064; x_wconf 81' lang='lat' dir='ltr'><strong>fortitudinem</strong></span> <span class='ocrx_word' id='word_1_119' title='bbox 963 2021 1026 2060; x_wconf 92' lang='lat' dir='ltr'><strong>ac</strong></span> <span class='ocrx_word' id='word_1_120' title='bbox 1046 2003 1488 2074; x_wconf 67' lang='lat' dir='ltr'><strong>temperantiam,</strong></span> <span class='ocrx_word' id='word_1_121' title='bbox 1517 2001 1748 2054; x_wconf 75' lang='lat' dir='ltr'><strong>rationis</strong></span> <span class='ocrx_word' id='word_1_122' title='bbox 1773 2013 1994 2067; x_wconf 87' lang='lat' dir='ltr'><strong>semper</strong></span> <span class='ocrx_word' id='word_1_123' title='bbox 2025 1997 2128 2058; x_wconf 79' lang='grc' dir='ltr'>(ιρ-</span> 
     </span>
    </p>
   </div>
   <div class='ocr_carea' id='block_1_23' title="bbox 542 2075 2128 2164">
    <p class='ocr_par' dir='ltr' id='par_1_23' title="bbox 542 2075 2128 2164">
     <span class='ocr_line' id='line_1_23' title="bbox 542 2075 2128 2164; baseline -0.009 -10"><span class='ocrx_word' id='word_1_124' title='bbox 542 2100 712 2155; x_wconf 90' lang='lat' dir='ltr'><strong>minio</strong></span> <span class='ocrx_word' id='word_1_125' title='bbox 743 2098 800 2152; x_wconf 90' lang='lat' dir='ltr'><strong>in</strong></span> <span class='ocrx_word' id='word_1_126' title='bbox 828 2098 1094 2153; x_wconf 90' lang='lat' dir='ltr'><strong>virtutum</strong></span> <span class='ocrx_word' id='word_1_127' title='bbox 1125 2094 1453 2164; x_wconf 84' lang='lat' dir='ltr'><strong>obsequium</strong></span> <span class='ocrx_word' id='word_1_128' title='bbox 1484 2075 1796 2160; x_wconf 74' lang='lat' dir='ltr'><strong>mancipat;</strong></span> <span class='ocrx_word' id='word_1_129' title='bbox 1829 2087 1976 2142; x_wconf 85' lang='lat' dir='ltr'><strong>haud</strong></span> <span class='ocrx_word' id='word_1_130' title='bbox 2007 2103 2128 2142; x_wconf 89' lang='lat' dir='ltr'><strong>om-</strong></span> 
     </span>
    </p>
   </div>
   <div class='ocr_carea' id='block_1_24' title="bbox 542 2179 2128 2251">
    <p class='ocr_par' dir='ltr' id='par_1_24' title="bbox 542 2179 2128 2251">
     <span class='ocr_line' id='line_1_24' title="bbox 542 2179 2128 2251; baseline -0.009 -6"><span class='ocrx_word' id='word_1_131' title='bbox 542 2193 677 2245; x_wconf 90' lang='lat' dir='ltr'><strong>nino</strong></span> <span class='ocrx_word' id='word_1_132' title='bbox 697 2189 951 2244; x_wconf 87' lang='lat' dir='ltr'><strong>libertate</strong></span> <span class='ocrx_word' id='word_1_133' title='bbox 983 2187 1217 2251; x_wconf 91' lang='lat' dir='ltr'><strong>donans,</strong></span> <span class='ocrx_word' id='word_1_134' title='bbox 1263 2194 1428 2239; x_wconf 92' lang='lat' dir='ltr'><strong>autve</strong></span> <span class='ocrx_word' id='word_1_135' title='bbox 1457 2183 1764 2245; x_wconf 86' lang='lat' dir='ltr'><strong>dimittens,</strong></span> <span class='ocrx_word' id='word_1_136' title='bbox 1797 2179 1976 2234; x_wconf 91' lang='lat' dir='ltr'><strong>donec</strong></span> <span class='ocrx_word' id='word_1_137' title='bbox 2028 2193 2128 2232; x_wconf 61' lang='lat' dir='ltr'><strong>na-</strong></span> 
     </span>
    </p>
   </div>
   <div class='ocr_carea' id='block_1_25' title="bbox 545 2267 2130 2346">
    <p class='ocr_par' dir='ltr' id='par_1_25' title="bbox 545 2267 2130 2346">
     <span class='ocr_line' id='line_1_25' title="bbox 545 2267 2130 2346; baseline -0.009 -12"><span class='ocrx_word' id='word_1_138' title='bbox 545 2288 686 2334; x_wconf 77' lang='lat' dir='ltr'><strong>turae</strong></span> <span class='ocrx_word' id='word_1_139' title='bbox 723 2280 811 2334; x_wconf 79' lang='lat' dir='ltr'><strong>lex</strong></span> <span class='ocrx_word' id='word_1_140' title='bbox 859 2279 928 2331; x_wconf 89' lang='lat' dir='ltr'><strong>ab</strong></span> <span class='ocrx_word' id='word_1_141' title='bbox 965 2276 1196 2346; x_wconf 87' lang='lat' dir='ltr'><strong>spiritus</strong></span> <span class='ocrx_word' id='word_1_142' title='bbox 1223 2275 1343 2345; x_wconf 86' lang='lat' dir='ltr'><strong>lege</strong></span> <span class='ocrx_word' id='word_1_143' title='bbox 1389 2274 1652 2342; x_wconf 86' lang='lat' dir='ltr'><strong>absorpta</strong></span> <span class='ocrx_word' id='word_1_144' title='bbox 1685 2269 1876 2332; x_wconf 84' lang='lat' dir='ltr'><strong>fuerit,</strong></span> <span class='ocrx_word' id='word_1_145' title='bbox 1922 2283 1987 2322; x_wconf 88' lang='lat' dir='ltr'><strong>ac</strong></span> <span class='ocrx_word' id='word_1_146' title='bbox 2021 2267 2066 2322; x_wconf 88' lang='lat' dir='ltr'><strong>si</strong></span> <span class='ocrx_word' id='word_1_147' title='bbox 2098 2280 2130 2319; x_wconf 76' lang='grc' dir='ltr'><strong>α</strong></span> 
     </span>
    </p>
   </div>
   <div class='ocr_carea' id='block_1_26' title="bbox 544 2355 2132 2426">
    <p class='ocr_par' dir='ltr' id='par_1_26' title="bbox 544 2355 2132 2426">
     <span class='ocr_line' id='line_1_26' title="bbox 544 2355 2132 2426; baseline -0.009 -3"><span class='ocrx_word' id='word_1_148' title='bbox 544 2370 658 2424; x_wconf 87' lang='lat' dir='ltr'><strong>vita</strong></span> <span class='ocrx_word' id='word_1_149' title='bbox 714 2366 929 2422; x_wconf 88' lang='lat' dir='ltr'><strong>infinita</strong></span> <span class='ocrx_word' id='word_1_150' title='bbox 982 2365 1198 2420; x_wconf 72' lang='lat' dir='ltr'><strong>miseras</strong></span> <span class='ocrx_word' id='word_1_151' title='bbox 1248 2362 1432 2418; x_wconf 88' lang='lat' dir='ltr'><strong>carnis</strong></span> <span class='ocrx_word' id='word_1_152' title='bbox 1481 2374 1651 2424; x_wconf 89' lang='lat' dir='ltr'><strong>mors,</strong></span> <span class='ocrx_word' id='word_1_153' title='bbox 1703 2365 1926 2426; x_wconf 87' lang='lat' dir='ltr'><strong>totaque</strong></span> <span class='ocrx_word' id='word_1_154' title='bbox 1986 2355 2132 2410; x_wconf 89' lang='lat' dir='ltr'><strong>clare</strong></span> 
     </span>
    </p>
   </div>
   <div class='ocr_carea' id='block_1_27' title="bbox 545 2449 2128 2529">
    <p class='ocr_par' dir='ltr' id='par_1_27' title="bbox 545 2449 2128 2529">
     <span class='ocr_line' id='line_1_27' title="bbox 545 2449 2128 2529; baseline -0.01 -13"><span class='ocrx_word' id='word_1_155' title='bbox 545 2462 739 2516; x_wconf 70' lang='lat' dir='ltr'><strong>aeterni</strong></span> <span class='ocrx_word' id='word_1_156' title='bbox 797 2459 951 2529; x_wconf 82' lang='lat' dir='ltr'><strong>regni</strong></span> <span class='ocrx_word' id='word_1_157' title='bbox 1002 2457 1181 2527; x_wconf 86' lang='lat' dir='ltr'><strong>imago</strong></span> <span class='ocrx_word' id='word_1_158' title='bbox 1235 2455 1466 2518; x_wconf 86' lang='lat' dir='ltr'><strong>eniteat,</strong></span> <span class='ocrx_word' id='word_1_159' title='bbox 1517 2466 1735 2506; x_wconf 88' lang='lat' dir='ltr'><strong>omnem</strong></span> <span class='ocrx_word' id='word_1_160' title='bbox 1775 2449 2128 2520; x_wconf 76' lang='lat' dir='ltr'><strong>exemplaris,</strong></span> 
     </span>
    </p>
   </div>
   <div class='ocr_carea' id='block_1_28' title="bbox 547 2543 2130 2615">
    <p class='ocr_par' dir='ltr' id='par_1_28' title="bbox 547 2543 2130 2615">
     <span class='ocr_line' id='line_1_28' title="bbox 547 2543 2130 2615; baseline -0.009 -8"><span class='ocrx_word' id='word_1_161' title='bbox 547 2550 800 2608; x_wconf 87' lang='lat' dir='ltr'><strong>imitandi</strong></span> <span class='ocrx_word' id='word_1_162' title='bbox 834 2551 965 2612; x_wconf 91' lang='lat' dir='ltr'><strong>ritu,</strong></span> <span class='ocrx_word' id='word_1_163' title='bbox 1005 2547 1239 2603; x_wconf 85' lang='lat' dir='ltr'><strong>formam</strong></span> <span class='ocrx_word' id='word_1_164' title='bbox 1285 2559 1600 2615; x_wconf 79' lang='lat' dir='ltr'><strong>expressam</strong></span> <span class='ocrx_word' id='word_1_165' title='bbox 1656 2543 1904 2596; x_wconf 76' lang='lat' dir='ltr'><strong>habens:</strong></span> <span class='ocrx_word' id='word_1_166' title='bbox 1967 2555 2130 2610; x_wconf 93' lang='lat' dir='ltr'><strong>quam</strong></span> 
     </span>
    </p>
   </div>
   <div class='ocr_carea' id='block_1_29' title="bbox 545 2632 2134 2707">
    <p class='ocr_par' dir='ltr' id='par_1_29' title="bbox 545 2632 2134 2707">
     <span class='ocr_line' id='line_1_29' title="bbox 545 2632 2134 2707; baseline -0.008 -11"><span class='ocrx_word' id='word_1_167' title='bbox 545 2650 743 2697; x_wconf 88' lang='lat' dir='ltr'><strong>nactus</strong></span> <span class='ocrx_word' id='word_1_168' title='bbox 769 2637 1220 2707; x_wconf 87' lang='lat' dir='ltr'><strong>contemplationi</strong></span> <span class='ocrx_word' id='word_1_169' title='bbox 1257 2635 1488 2692; x_wconf 88' lang='lat' dir='ltr'><strong>studens</strong></span> <span class='ocrx_word' id='word_1_170' title='bbox 1513 2634 1754 2696; x_wconf 89' lang='lat' dir='ltr'><strong>animus,</strong></span> <span class='ocrx_word' id='word_1_171' title='bbox 1797 2632 1934 2686; x_wconf 91' lang='lat' dir='ltr'><strong>iram</strong></span> <span class='ocrx_word' id='word_1_172' title='bbox 1959 2641 2014 2684; x_wconf 88' lang='lat' dir='ltr'><strong>et</strong></span> <span class='ocrx_word' id='word_1_173' title='bbox 2039 2646 2134 2685; x_wconf 80' lang='lat' dir='ltr'><strong>cu~</strong></span> 
     </span>
    </p>
   </div>
   <div class='ocr_carea' id='block_1_30' title="bbox 546 2720 2132 2800">
    <p class='ocr_par' dir='ltr' id='par_1_30' title="bbox 546 2720 2132 2800">
     <span class='ocr_line' id='line_1_30' title="bbox 546 2720 2132 2800; baseline -0.006 -16"><span class='ocrx_word' id='word_1_174' title='bbox 546 2729 834 2800; x_wconf 84' lang='lat' dir='ltr'><strong>piditatem</strong></span> <span class='ocrx_word' id='word_1_175' title='bbox 861 2727 1117 2781; x_wconf 87' lang='lat' dir='ltr'><strong>libertate</strong></span> <span class='ocrx_word' id='word_1_176' title='bbox 1157 2725 1366 2780; x_wconf 91' lang='lat' dir='ltr'><strong>donat:</strong></span> <span class='ocrx_word' id='word_1_177' title='bbox 1395 2725 1538 2778; x_wconf 87' lang='lat' dir='ltr'><strong>hanc</strong></span> <span class='ocrx_word' id='word_1_178' title='bbox 1572 2720 1828 2792; x_wconf 87' lang='lat' dir='ltr'><strong>quidem,</strong></span> <span class='ocrx_word' id='word_1_179' title='bbox 1865 2721 1922 2774; x_wconf 91' lang='lat' dir='ltr'><strong>in</strong></span> <span class='ocrx_word' id='word_1_180' title='bbox 1959 2720 2132 2774; x_wconf 85' lang='lat' dir='ltr'><strong>divini</strong></span> 
     </span>
    </p>
   </div>
   <div class='ocr_carea' id='block_1_31' title="bbox 547 2812 2136 2885">
    <p class='ocr_par' dir='ltr' id='par_1_31' title="bbox 547 2812 2136 2885">
     <span class='ocr_line' id='line_1_31' title="bbox 547 2812 2136 2885; baseline -0.007 -8"><span class='ocrx_word' id='word_1_181' title='bbox 547 2821 754 2878; x_wconf 89' lang='lat' dir='ltr'><strong>amoris</strong></span> <span class='ocrx_word' id='word_1_182' title='bbox 788 2820 1169 2874; x_wconf 75' lang='lat' dir='ltr'><strong>intemeratum</strong></span> <span class='ocrx_word' id='word_1_183' title='bbox 1191 2817 1527 2885; x_wconf 87' lang='lat' dir='ltr'><strong>voluptatem</strong></span> <span class='ocrx_word' id='word_1_184' title='bbox 1559 2829 1624 2868; x_wconf 88' lang='lat' dir='ltr'><strong>ac</strong></span> <span class='ocrx_word' id='word_1_185' title='bbox 1651 2813 1994 2882; x_wconf 88' lang='lat' dir='ltr'><strong>impollutam</strong></span> <span class='ocrx_word' id='word_1_186' title='bbox 2019 2812 2136 2866; x_wconf 83' lang='lat' dir='ltr'><strong>ille-</strong></span> 
     </span>
    </p>
   </div>
   <div class='ocr_carea' id='block_1_32' title="bbox 547 2901 2134 2972">
    <p class='ocr_par' dir='ltr' id='par_1_32' title="bbox 547 2901 2134 2972">
     <span class='ocr_line' id='line_1_32' title="bbox 547 2901 2134 2972; baseline -0.007 -7"><span class='ocrx_word' id='word_1_187' title='bbox 547 2911 769 2965; x_wconf 91' lang='lat' dir='ltr'><strong>cebram</strong></span> <span class='ocrx_word' id='word_1_188' title='bbox 794 2917 1157 2972; x_wconf 85' lang='lat' dir='ltr'><strong>convertens;</strong></span> <span class='ocrx_word' id='word_1_189' title='bbox 1190 2906 1338 2959; x_wconf 88' lang='lat' dir='ltr'><strong>illam</strong></span> <span class='ocrx_word' id='word_1_190' title='bbox 1367 2919 1521 2967; x_wconf 88' lang='lat' dir='ltr'><strong>vero,</strong></span> <span class='ocrx_word' id='word_1_191' title='bbox 1555 2904 1611 2957; x_wconf 92' lang='lat' dir='ltr'><strong>in</strong></span> <span class='ocrx_word' id='word_1_192' title='bbox 1643 2903 1917 2956; x_wconf 77' lang='lat' dir='ltr'><strong>fervorem</strong></span> <span class='ocrx_word' id='word_1_193' title='bbox 1967 2901 2134 2972; x_wconf 82' lang='lat' dir='ltr'><strong>spiri-</strong></span> 
     </span>
    </p>
   </div>
   <div class='ocr_carea' id='block_1_33' title="bbox 552 2993 2135 3066">
    <p class='ocr_par' dir='ltr' id='par_1_33' title="bbox 552 2993 2135 3066">
     <span class='ocr_line' id='line_1_33' title="bbox 552 2993 2135 3066; baseline -0.006 -11"><span class='ocrx_word' id='word_1_194' title='bbox 552 3001 716 3055; x_wconf 83' lang='lat' dir='ltr'><strong>talem</strong></span> <span class='ocrx_word' id='word_1_195' title='bbox 738 3012 1136 3066; x_wconf 88' lang='lat' dir='ltr'><strong>accensamque</strong></span> <span class='ocrx_word' id='word_1_196' title='bbox 1162 2995 1308 3065; x_wconf 83' lang='lat' dir='ltr'><strong>jugis</strong></span> <span class='ocrx_word' id='word_1_197' title='bbox 1338 3002 1522 3049; x_wconf 87' lang='lat' dir='ltr'><strong>motus</strong></span> <span class='ocrx_word' id='word_1_198' title='bbox 1542 2993 1895 3065; x_wconf 80' lang='lat' dir='ltr'><strong>agitationem</strong></span> <span class='ocrx_word' id='word_1_199' title='bbox 1933 3008 2000 3048; x_wconf 84' lang='lat' dir='ltr'><strong>ac</strong></span> <span class='ocrx_word' id='word_1_200' title='bbox 2045 3008 2135 3048; x_wconf 85' lang='lat' dir='ltr'><strong>so-</strong></span> 
     </span>
    </p>
   </div>
   <div class='ocr_carea' id='block_1_34' title="bbox 550 3086 1357 3146">
    <p class='ocr_par' dir='ltr' id='par_1_34' title="bbox 550 3086 1357 3146">
     <span class='ocr_line' id='line_1_34' title="bbox 550 3086 1357 3146; baseline -0.009 -1"><span class='ocrx_word' id='word_1_201' title='bbox 550 3091 736 3146; x_wconf 87' lang='lat' dir='ltr'><strong>brium</strong></span> <span class='ocrx_word' id='word_1_202' title='bbox 771 3087 1018 3143; x_wconf 88' lang='lat' dir='ltr'><strong>furorem</strong></span> <span class='ocrx_word' id='word_1_203' title='bbox 1043 3086 1357 3140; x_wconf 86' lang='lat' dir='ltr'><strong>traducens.</strong></span> 
     </span>
    </p>
   </div>
   <div class='ocr_carea' id='block_1_35' title="bbox 623 3259 2133 3335">
    <p class='ocr_par' dir='ltr' id='par_1_35' title="bbox 623 3259 2133 3335">
     <span class='ocr_line' id='line_1_35' title="bbox 623 3259 2133 3335; baseline -0.008 -11"><span class='ocrx_word' id='word_1_204' title='bbox 623 3269 711 3325; x_wconf 82' lang='lat'><strong>55.</strong></span> <span class='ocrx_word' id='word_1_205' title='bbox 736 3265 952 3324; x_wconf 68' lang='lat' dir='ltr'><strong>Aiterni</strong></span> <span class='ocrx_word' id='word_1_206' title='bbox 984 3262 1139 3335; x_wconf 86' lang='lat' dir='ltr'><strong>regni</strong></span> <span class='ocrx_word' id='word_1_207' title='bbox 1169 3265 1348 3333; x_wconf 84' lang='lat' dir='ltr'><strong>imago</strong></span> <span class='ocrx_word' id='word_1_208' title='bbox 1377 3275 1442 3317; x_wconf 89' lang='lat' dir='ltr'><strong>ac</strong></span> <span class='ocrx_word' id='word_1_209' title='bbox 1475 3261 1827 3316; x_wconf 85' lang='lat' dir='ltr'><strong>simulacrum</strong></span> <span class='ocrx_word' id='word_1_210' title='bbox 1847 3299 1862 3325; x_wconf 93' lang='lat'><strong>,</strong></span> <span class='ocrx_word' id='word_1_211' title='bbox 1890 3269 1977 3316; x_wconf 84' lang='lat' dir='ltr'><strong>est</strong></span> <span class='ocrx_word' id='word_1_212' title='bbox 2014 3259 2133 3314; x_wconf 88' lang='lat' dir='ltr'><strong>ani-</strong></span> 
     </span>
    </p>
   </div>
   <div class='ocr_carea' id='block_1_36' title="bbox 550 3349 2167 3429">
    <p class='ocr_par' dir='ltr' id='par_1_36' title="bbox 550 3349 2167 3429">
     <span class='ocr_line' id='line_1_36' title="bbox 550 3349 2167 3429; baseline -0.007 -13"><span class='ocrx_word' id='word_1_213' title='bbox 550 3375 676 3417; x_wconf 88' lang='lat' dir='ltr'><strong>mus</strong></span> <span class='ocrx_word' id='word_1_214' title='bbox 706 3355 1086 3429; x_wconf 90' lang='lat' dir='ltr'><strong>cognoscenda</strong></span> <span class='ocrx_word' id='word_1_215' title='bbox 1123 3354 1354 3408; x_wconf 88' lang='lat' dir='ltr'><strong>veritate</strong></span> <span class='ocrx_word' id='word_1_216' title='bbox 1388 3351 1748 3407; x_wconf 83' lang='lat' dir='ltr'><strong>immutabilis</strong></span> <span class='ocrx_word' id='word_1_217' title='bbox 1769 3391 1784 3416; x_wconf 91' lang='lat'><strong>,</strong></span> <span class='ocrx_word' id='word_1_218' title='bbox 1827 3365 2132 3420; x_wconf 78' lang='lat' dir='ltr'><strong>sensusque</strong></span> <span class='ocrx_word' id='word_1_219' title='bbox 2163 3349 2167 3352; x_wconf 79' lang='grc'><strong>’</strong></span> 
     </span>
    </p>
   </div>
   <div class='ocr_carea' id='block_1_37' title="bbox 551 3445 2136 3515">
    <p class='ocr_par' dir='ltr' id='par_1_37' title="bbox 551 3445 2136 3515">
     <span class='ocr_line' id='line_1_37' title="bbox 551 3445 2136 3515; baseline -0.006 -9"><span class='ocrx_word' id='word_1_220' title='bbox 551 3452 760 3506; x_wconf 78' lang='lat' dir='ltr'><strong>virtute</strong></span> <span class='ocrx_word' id='word_1_221' title='bbox 795 3447 1028 3503; x_wconf 87' lang='lat' dir='ltr'><strong>colenda</strong></span> <span class='ocrx_word' id='word_1_222' title='bbox 1056 3447 1444 3515; x_wconf 67' lang='lat' dir='ltr'><strong>incorruptus;</strong></span> <span class='ocrx_word' id='word_1_223' title='bbox 1480 3445 1666 3498; x_wconf 87' lang='lat' dir='ltr'><strong>animo</strong></span> <span class='ocrx_word' id='word_1_224' title='bbox 1691 3458 1891 3513; x_wconf 90' lang='lat' dir='ltr'><strong>nempe</strong></span> <span class='ocrx_word' id='word_1_225' title='bbox 1923 3458 1988 3497; x_wconf 91' lang='lat' dir='ltr'><strong>ac</strong></span> <span class='ocrx_word' id='word_1_226' title='bbox 2011 3458 2136 3497; x_wconf 87' lang='lat' dir='ltr'><strong>cor-</strong></span> 
     </span>
    </p>
   </div>
   <div class='ocr_carea' id='block_1_38' title="bbox 551 3533 2130 3614">
    <p class='ocr_par' dir='ltr' id='par_1_38' title="bbox 551 3533 2130 3614">
     <span class='ocr_line' id='line_1_38' title="bbox 551 3533 2130 3614; baseline -0.006 -16"><span class='ocrx_word' id='word_1_227' title='bbox 551 3558 709 3614; x_wconf 88' lang='lat' dir='ltr'><strong>pore,</strong></span> <span class='ocrx_word' id='word_1_228' title='bbox 741 3543 859 3598; x_wconf 89' lang='lat' dir='ltr'><strong>sola</strong></span> <span class='ocrx_word' id='word_1_229' title='bbox 889 3541 1076 3595; x_wconf 88' lang='lat' dir='ltr'><strong>divina</strong></span> <span class='ocrx_word' id='word_1_230' title='bbox 1107 3538 1337 3609; x_wconf 85' lang='lat' dir='ltr'><strong>spiritus</strong></span> <span class='ocrx_word' id='word_1_231' title='bbox 1364 3538 1482 3607; x_wconf 79' lang='lat' dir='ltr'><strong>lege</strong></span> <span class='ocrx_word' id='word_1_232' title='bbox 1522 3537 1668 3590; x_wconf 90' lang='lat' dir='ltr'><strong>inter</strong></span> <span class='ocrx_word' id='word_1_233' title='bbox 1715 3551 1775 3590; x_wconf 91' lang='lat' dir='ltr'><strong>se</strong></span> <span class='ocrx_word' id='word_1_234' title='bbox 1829 3533 2130 3598; x_wconf 89' lang='lat' dir='ltr'><strong>devinctis,</strong></span> 
     </span>
    </p>
   </div>
   <div class='ocr_carea' id='block_1_39' title="bbox 553 3626 2137 3704">
    <p class='ocr_par' dir='ltr' id='par_1_39' title="bbox 553 3626 2137 3704">
     <span class='ocr_line' id='line_1_39' title="bbox 553 3626 2137 3704; baseline -0.006 -14"><span class='ocrx_word' id='word_1_235' title='bbox 553 3652 620 3690; x_wconf 90' lang='lat' dir='ltr'><strong>ea</strong></span> <span class='ocrx_word' id='word_1_236' title='bbox 643 3636 877 3699; x_wconf 86' lang='lat' dir='ltr'><strong>ratione,</strong></span> <span class='ocrx_word' id='word_1_237' title='bbox 913 3649 1020 3704; x_wconf 90' lang='lat' dir='ltr'><strong>qua</strong></span> <span class='ocrx_word' id='word_1_238' title='bbox 1061 3645 1260 3687; x_wconf 86' lang='lat' dir='ltr'><strong>sensus</strong></span> <span class='ocrx_word' id='word_1_239' title='bbox 1306 3630 1363 3684; x_wconf 91' lang='lat' dir='ltr'><strong>in</strong></span> <span class='ocrx_word' id='word_1_240' title='bbox 1403 3628 1562 3698; x_wconf 76' lang='lat'><strong>572</strong></span> <span class='ocrx_word' id='word_1_241' title='bbox 1607 3636 1848 3682; x_wconf 90' lang='lat' dir='ltr'><strong>mentem</strong></span> <span class='ocrx_word' id='word_1_242' title='bbox 1904 3626 2137 3697; x_wconf 88' lang='lat' dir='ltr'><strong>spiritus</strong></span> 
     </span>
    </p>
   </div>
   <div class='ocr_carea' id='block_1_40' title="bbox 555 3718 2136 3792">
    <p class='ocr_par' dir='ltr' id='par_1_40' title="bbox 555 3718 2136 3792">
     <span class='ocr_line' id='line_1_40' title="bbox 555 3718 2136 3792; baseline -0.007 -10"><span class='ocrx_word' id='word_1_243' title='bbox 555 3727 936 3782; x_wconf 87' lang='lat' dir='ltr'><strong>immutatione</strong></span> <span class='ocrx_word' id='word_1_244' title='bbox 968 3723 1196 3790; x_wconf 88' lang='lat' dir='ltr'><strong>transit;</strong></span> <span class='ocrx_word' id='word_1_245' title='bbox 1229 3737 1339 3792; x_wconf 90' lang='lat' dir='ltr'><strong>qua</strong></span> <span class='ocrx_word' id='word_1_246' title='bbox 1376 3720 1677 3784; x_wconf 89' lang='lat' dir='ltr'><strong>nimirum,</strong></span> <span class='ocrx_word' id='word_1_247' title='bbox 1704 3718 1823 3789; x_wconf 82' lang='lat' dir='ltr'><strong>jugi</strong></span> <span class='ocrx_word' id='word_1_248' title='bbox 1855 3719 2136 3772; x_wconf 83' lang='lat' dir='ltr'><strong>incitatam</strong></span> 
     </span>
    </p>
   </div>
   <div class='ocr_carea' id='block_1_41' title="bbox 555 3810 2134 3886">
    <p class='ocr_par' dir='ltr' id='par_1_41' title="bbox 555 3810 2134 3886">
     <span class='ocr_line' id='line_1_41' title="bbox 555 3810 2134 3886; baseline -0.006 -12"><span class='ocrx_word' id='word_1_249' title='bbox 555 3829 710 3874; x_wconf 89' lang='lat' dir='ltr'><strong>motu</strong></span> <span class='ocrx_word' id='word_1_250' title='bbox 760 3817 1069 3886; x_wconf 87' lang='lat' dir='ltr'><strong>miramque</strong></span> <span class='ocrx_word' id='word_1_251' title='bbox 1121 3831 1187 3870; x_wconf 83' lang='lat' dir='ltr'><strong>ac</strong></span> <span class='ocrx_word' id='word_1_252' title='bbox 1239 3821 1487 3884; x_wconf 84' lang='lat' dir='ltr'><strong>vegetam</strong></span> <span class='ocrx_word' id='word_1_253' title='bbox 1519 3811 1706 3866; x_wconf 86' lang='lat' dir='ltr'><strong>omnia</strong></span> <span class='ocrx_word' id='word_1_254' title='bbox 1743 3810 2134 3881; x_wconf 82' lang='lat' dir='ltr'><strong>pervadentem</strong></span> 
     </span>
    </p>
   </div>
   <div class='ocr_carea' id='block_1_42' title="bbox 556 3899 2138 3975">
    <p class='ocr_par' dir='ltr' id='par_1_42' title="bbox 556 3899 2138 3975">
     <span class='ocr_line' id='line_1_42' title="bbox 556 3899 2138 3975; baseline -0.006 -13"><span class='ocrx_word' id='word_1_255' title='bbox 556 3907 789 3963; x_wconf 86' lang='lat' dir='ltr'><strong>rationis</strong></span> <span class='ocrx_word' id='word_1_256' title='bbox 820 3905 1196 3975; x_wconf 85' lang='lat' dir='ltr'><strong>operationem</strong></span> <span class='ocrx_word' id='word_1_257' title='bbox 1224 3903 1470 3967; x_wconf 82' lang='lat' dir='ltr'><strong>habent;</strong></span> <span class='ocrx_word' id='word_1_258' title='bbox 1502 3901 1558 3955; x_wconf 89' lang='lat' dir='ltr'><strong>in</strong></span> <span class='ocrx_word' id='word_1_259' title='bbox 1577 3917 1688 3972; x_wconf 85' lang='lat' dir='ltr'><strong>qua</strong></span> <span class='ocrx_word' id='word_1_260' title='bbox 1718 3899 1870 3954; x_wconf 87' lang='lat' dir='ltr'><strong>nulla</strong></span> <span class='ocrx_word' id='word_1_261' title='bbox 1909 3913 2138 3970; x_wconf 82' lang='lat' dir='ltr'><strong>prorsus</strong></span> 
     </span>
    </p>
   </div>
   <div class='ocr_carea' id='block_1_43' title="bbox 556 3996 1437 4055">
    <p class='ocr_par' dir='ltr' id='par_1_43' title="bbox 556 3996 1437 4055">
     <span class='ocr_line' id='line_1_43' title="bbox 556 3996 1437 4055; baseline -0.008 0"><span class='ocrx_word' id='word_1_262' title='bbox 556 4016 588 4055; x_wconf 89' lang='lat' dir='ltr'><strong>a</strong></span> <span class='ocrx_word' id='word_1_263' title='bbox 622 4001 736 4054; x_wconf 91' lang='lat' dir='ltr'><strong>Deo</strong></span> <span class='ocrx_word' id='word_1_264' title='bbox 757 3997 1149 4053; x_wconf 89' lang='lat' dir='ltr'><strong>dissimilitudo</strong></span> <span class='ocrx_word' id='word_1_265' title='bbox 1173 3996 1437 4050; x_wconf 87' lang='lat' dir='ltr'><strong>occurrit.</strong></span> 
     </span>
    </p>
   </div>
   <div class='ocr_carea' id='block_1_44' title="bbox 627 4083 2134 4160">
    <p class='ocr_par' dir='ltr' id='par_1_44' title="bbox 627 4083 2134 4160">
     <span class='ocr_line' id='line_1_44' title="bbox 627 4083 2134 4160; baseline -0.007 -13"><span class='ocrx_word' id='word_1_266' title='bbox 627 4092 715 4147; x_wconf 83' lang='lat'><strong>56.</strong></span> <span class='ocrx_word' id='word_1_267' title='bbox 745 4088 1116 4160; x_wconf 87' lang='lat' dir='ltr'><strong>Cupiditatem</strong></span> <span class='ocrx_word' id='word_1_268' title='bbox 1146 4103 1268 4157; x_wconf 64' lang='lat' dir='ltr'><strong>qum</strong></span> <span class='ocrx_word' id='word_1_269' title='bbox 1305 4096 1432 4142; x_wconf 88' lang='lat' dir='ltr'><strong>actu</strong></span> <span class='ocrx_word' id='word_1_270' title='bbox 1455 4085 1762 4155; x_wconf 78' lang='lat' dir='ltr'><strong>explealtr,</strong></span> <span class='ocrx_word' id='word_1_271' title='bbox 1797 4083 2134 4153; x_wconf 79' lang='lat' dir='ltr'><strong>voluptatem</strong></span> 
     </span>
    </p>
   </div>
   <div class='ocr_carea' id='block_1_45' title="bbox 556 4175 2140 4249">
    <p class='ocr_par' dir='ltr' id='par_1_45' title="bbox 556 4175 2140 4249">
     <span class='ocr_line' id='line_1_45' title="bbox 556 4175 2140 4249; baseline -0.006 -11"><span class='ocrx_word' id='word_1_272' title='bbox 556 4197 680 4238; x_wconf 86' lang='lat' dir='ltr'><strong>esse</strong></span> <span class='ocrx_word' id='word_1_273' title='bbox 708 4182 920 4245; x_wconf 89' lang='lat' dir='ltr'><strong>dicunt,</strong></span> <span class='ocrx_word' id='word_1_274' title='bbox 954 4194 1079 4235; x_wconf 90' lang='lat' dir='ltr'><strong>eum</strong></span> <span class='ocrx_word' id='word_1_275' title='bbox 1120 4179 1326 4234; x_wconf 89' lang='lat' dir='ltr'><strong>bonum</strong></span> <span class='ocrx_word' id='word_1_276' title='bbox 1369 4191 1613 4249; x_wconf 60' lang='lat' dir='ltr'><strong>praesens</strong></span> <span class='ocrx_word' id='word_1_277' title='bbox 1656 4175 1726 4230; x_wconf 87' lang='lat' dir='ltr'><strong>ad</strong></span> <span class='ocrx_word' id='word_1_278' title='bbox 1767 4177 1887 4246; x_wconf 84' lang='lat' dir='ltr'><strong>ejus</strong></span> <span class='ocrx_word' id='word_1_279' title='bbox 1927 4181 2140 4244; x_wconf 84' lang='lat' dir='ltr'><strong>spectet</strong></span> 
     </span>
    </p>
   </div>
   <div class='ocr_carea' id='block_1_46' title="bbox 560 4273 2140 4341">
    <p class='ocr_par' dir='ltr' id='par_1_46' title="bbox 560 4273 2140 4341">
     <span class='ocr_line' id='line_1_46' title="bbox 560 4273 2140 4341; baseline -0.008 -10"><span class='ocrx_word' id='word_1_280' title='bbox 560 4275 969 4340; x_wconf 84' lang='lat' dir='ltr'><strong>definitionem;</strong></span> <span class='ocrx_word' id='word_1_281' title='bbox 1000 4273 1342 4341; x_wconf 89' lang='lat' dir='ltr'><strong>voluptatem</strong></span> <span class='ocrx_word' id='word_1_282' title='bbox 1383 4278 1567 4324; x_wconf 89' lang='lat' dir='ltr'><strong>autem</strong></span> <span class='ocrx_word' id='word_1_283' title='bbox 1595 4283 1719 4338; x_wconf 67' lang='lat' dir='ltr'><strong>quae</strong></span> <span class='ocrx_word' id='word_1_284' title='bbox 1744 4282 1858 4321; x_wconf 87' lang='lat' dir='ltr'><strong>non</strong></span> <span class='ocrx_word' id='word_1_285' title='bbox 1890 4277 2017 4321; x_wconf 82' lang='lat' dir='ltr'><strong>actu</strong></span> <span class='ocrx_word' id='word_1_286' title='bbox 2045 4282 2140 4320; x_wconf 82' lang='lat' dir='ltr'><strong>ex-</strong></span> 
     </span>
    </p>
   </div>
   <div class='ocr_carea' id='block_1_47' title="bbox 560 4356 2142 4435">
    <p class='ocr_par' dir='ltr' id='par_1_47' title="bbox 560 4356 2142 4435">
     <span class='ocr_line' id='line_1_47' title="bbox 560 4356 2142 4435; baseline -0.005 -17"><span class='ocrx_word' id='word_1_287' title='bbox 560 4365 802 4435; x_wconf 89' lang='lat' dir='ltr'><strong>pleatur,</strong></span> <span class='ocrx_word' id='word_1_288' title='bbox 832 4362 1212 4431; x_wconf 85' lang='lat' dir='ltr'><strong>cupiditatem,</strong></span> <span class='ocrx_word' id='word_1_289' title='bbox 1249 4368 1312 4413; x_wconf 87' lang='lat' dir='ltr'><strong>ut</strong></span> <span class='ocrx_word' id='word_1_290' title='bbox 1334 4358 1401 4412; x_wconf 90' lang='lat' dir='ltr'><strong>ad</strong></span> <span class='ocrx_word' id='word_1_291' title='bbox 1423 4359 1583 4428; x_wconf 86' lang='lat' dir='ltr'><strong>cujus</strong></span> <span class='ocrx_word' id='word_1_292' title='bbox 1614 4356 1992 4412; x_wconf 81' lang='lat' dir='ltr'><strong>definitionem</strong></span> <span class='ocrx_word' id='word_1_293' title='bbox 2017 4370 2142 4424; x_wconf 85' lang='lat' dir='ltr'><strong>spe-</strong></span> 
     </span>
    </p>
   </div>
   <div class='ocr_carea' id='block_1_48' title="bbox 2219 544 2712 608">
    <p class='ocr_par' dir='ltr' id='par_1_48' title="bbox 2219 544 2712 608">
     <span class='ocr_line' id='line_1_48' title="bbox 2219 544 2712 608; baseline -0.002 -9"><span class='ocrx_word' id='word_1_294' title='bbox 2219 546 2326 600; x_wconf 83' lang='grc' dir='ltr'>θῶν</span> <span class='ocrx_word' id='word_1_295' title='bbox 2347 544 2447 608; x_wconf 83' lang='grc' dir='ltr'><strong>τὰς</strong></span> <span class='ocrx_word' id='word_1_296' title='bbox 2479 545 2712 608; x_wconf 74' lang='grc' dir='ltr'>εἰκόνας.</span> 
     </span>
    </p>
   </div>
   <div class='ocr_carea' id='block_1_49' title="bbox 2286 633 3749 710">
    <p class='ocr_par' dir='ltr' id='par_1_49' title="bbox 2286 633 3749 710">
     <span class='ocr_line' id='line_1_49' title="bbox 2286 633 3749 710; baseline 0.004 -22"><span class='ocrx_word' id='word_1_297' title='bbox 2286 634 2388 703; x_wconf 86' lang='grc' dir='ltr'>νγ’.</span> <span class='ocrx_word' id='word_1_298' title='bbox 2427 635 2598 689; x_wconf 73' lang='grc' dir='ltr'>Παντὶ</span> <span class='ocrx_word' id='word_1_299' title='bbox 2646 633 2966 705; x_wconf 79' lang='grc' dir='ltr'><strong>πρακτικῷ,</strong></span> <span class='ocrx_word' id='word_1_300' title='bbox 3011 634 3195 698; x_wconf 83' lang='grc' dir='ltr'>παιδὸς</span> <span class='ocrx_word' id='word_1_301' title='bbox 3241 635 3339 690; x_wconf 75' lang='grc' dir='ltr'><strong>καὶ</strong></span> <span class='ocrx_word' id='word_1_302' title='bbox 3383 637 3654 710; x_wconf 74' lang='grc' dir='ltr'><strong>παιδίσκης</strong></span> <span class='ocrx_word' id='word_1_303' title='bbox 3685 642 3749 695; x_wconf 85' lang='grc' dir='ltr'>δί-</span> 
     </span>
    </p>
   </div>
   <div class='ocr_carea' id='block_1_50' title="bbox 2219 717 3748 801">
    <p class='ocr_par' dir='ltr' id='par_1_50' title="bbox 2219 717 3748 801">
     <span class='ocr_line' id='line_1_50' title="bbox 2219 717 3748 801; baseline 0.003 -19"><span class='ocrx_word' id='word_1_304' title='bbox 2219 746 2323 800; x_wconf 84' lang='grc' dir='ltr'><strong>κην</strong></span> <span class='ocrx_word' id='word_1_305' title='bbox 2355 729 2447 801; x_wconf 84' lang='lat' dir='ltr'><strong>(c),</strong></span> <span class='ocrx_word' id='word_1_306' title='bbox 2483 731 2510 782; x_wconf 85' lang='grc' dir='ltr'>ὁ</span> <span class='ocrx_word' id='word_1_307' title='bbox 2547 728 2705 798; x_wconf 80' lang='grc' dir='ltr'><strong>λόγος</strong></span> <span class='ocrx_word' id='word_1_308' title='bbox 2734 731 2830 781; x_wconf 66' lang='grc' dir='ltr'>καὶ</span> <span class='ocrx_word' id='word_1_309' title='bbox 2872 717 2908 798; x_wconf 7' lang='grc' dir='ltr'><strong>ἡὴ</strong></span> <span class='ocrx_word' id='word_1_310' title='bbox 2958 727 3167 781; x_wconf 83' lang='grc' dir='ltr'><strong>διάνοια</strong></span> <span class='ocrx_word' id='word_1_311' title='bbox 3204 727 3483 798; x_wconf 83' lang='grc' dir='ltr'><strong>μοχθοῦσι,</strong></span> <span class='ocrx_word' id='word_1_312' title='bbox 3511 731 3626 794; x_wconf 81' lang='grc' dir='ltr'>τοὺς</span> <span class='ocrx_word' id='word_1_313' title='bbox 3650 734 3748 786; x_wconf 85' lang='grc' dir='ltr'>κατ’</span> 
     </span>
    </p>
   </div>
   <div class='ocr_carea' id='block_1_51' title="bbox 2220 818 3754 894">
    <p class='ocr_par' dir='ltr' id='par_1_51' title="bbox 2220 818 3754 894">
     <span class='ocr_line' id='line_1_51' title="bbox 2220 818 3754 894; baseline 0.001 -20"><span class='ocrx_word' id='word_1_314' title='bbox 2220 820 2422 891; x_wconf 82' lang='grc' dir='ltr'>ἀρετὴν</span> <span class='ocrx_word' id='word_1_315' title='bbox 2451 821 2548 892; x_wconf 85' lang='grc' dir='ltr'><strong>τῆς</strong></span> <span class='ocrx_word' id='word_1_316' title='bbox 2577 820 2830 892; x_wconf 80' lang='grc' dir='ltr'>πράξεως</span> <span class='ocrx_word' id='word_1_317' title='bbox 2859 818 3098 890; x_wconf 82' lang='grc' dir='ltr'><strong>τρόπους</strong></span> <span class='ocrx_word' id='word_1_318' title='bbox 3131 818 3470 884; x_wconf 74' lang='grc' dir='ltr'>ἐπινοοῦντες</span> <span class='ocrx_word' id='word_1_319' title='bbox 3495 837 3549 874; x_wconf 89' lang='grc' dir='ltr'><strong>τε</strong></span> <span class='ocrx_word' id='word_1_320' title='bbox 3571 822 3659 890; x_wconf 49' lang='grc' dir='ltr'>,καὶ</span> <span class='ocrx_word' id='word_1_321' title='bbox 3678 823 3754 894; x_wconf 80' lang='grc' dir='ltr'>δη-</span> 
     </span>
    </p>
   </div>
   <div class='ocr_carea' id='block_1_52' title="bbox 2224 905 3754 983">
    <p class='ocr_par' dir='ltr' id='par_1_52' title="bbox 2224 905 3754 983">
     <span class='ocr_line' id='line_1_52' title="bbox 2224 905 3754 983; baseline 0.003 -19"><span class='ocrx_word' id='word_1_322' title='bbox 2224 910 2635 983; x_wconf 78' lang='grc' dir='ltr'>μιουργοῦντες,</span> <span class='ocrx_word' id='word_1_323' title='bbox 2665 913 2762 965; x_wconf 75' lang='grc' dir='ltr'>καὶ</span> <span class='ocrx_word' id='word_1_324' title='bbox 2791 905 2902 964; x_wconf 72' lang='grc' dir='ltr'>οἷον</span> <span class='ocrx_word' id='word_1_325' title='bbox 2928 912 3110 964; x_wconf 84' lang='grc' dir='ltr'>πᾶσαν</span> <span class='ocrx_word' id='word_1_326' title='bbox 3152 911 3360 965; x_wconf 80' lang='grc' dir='ltr'><strong>ἑαυτῶν</strong></span> <span class='ocrx_word' id='word_1_327' title='bbox 3385 911 3523 966; x_wconf 83' lang='grc' dir='ltr'>κατὰ</span> <span class='ocrx_word' id='word_1_328' title='bbox 3554 913 3650 967; x_wconf 87' lang='grc' dir='ltr'><strong>τῶν</strong></span> <span class='ocrx_word' id='word_1_329' title='bbox 3674 914 3754 968; x_wconf 67' lang='grc' dir='ltr'><strong>ἀνα</strong></span> 
     </span>
    </p>
   </div>
   <div class='ocr_carea' id='block_1_53' title="bbox 2220 1001 3757 1077">
    <p class='ocr_par' dir='ltr' id='par_1_53' title="bbox 2220 1001 3757 1077">
     <span class='ocr_line' id='line_1_53' title="bbox 2220 1001 3757 1077; baseline 0.001 -21"><span class='ocrx_word' id='word_1_330' title='bbox 2220 1004 2546 1074; x_wconf 79' lang='grc' dir='ltr'>τικειμένων</span> <span class='ocrx_word' id='word_1_331' title='bbox 2575 1007 2642 1074; x_wconf 79' lang='grc' dir='ltr'>τῇ</span> <span class='ocrx_word' id='word_1_332' title='bbox 2692 1003 2972 1073; x_wconf 79' lang='grc' dir='ltr'><strong>πρακτικῇ</strong></span> <span class='ocrx_word' id='word_1_333' title='bbox 3009 1002 3337 1072; x_wconf 78' lang='grc' dir='ltr'><strong>πνευμάτων</strong></span> <span class='ocrx_word' id='word_1_334' title='bbox 3380 1001 3481 1072; x_wconf 82' lang='grc' dir='ltr'>τῆς</span> <span class='ocrx_word' id='word_1_335' title='bbox 3525 1005 3757 1077; x_wconf 76' lang='grc' dir='ltr'>πονηρίας</span> 
     </span>
    </p>
   </div>
   <div class='ocr_carea' id='block_1_54' title="bbox 2222 1093 3758 1166">
    <p class='ocr_par' dir='ltr' id='par_1_54' title="bbox 2222 1093 3758 1166">
     <span class='ocr_line' id='line_1_54' title="bbox 2222 1093 3758 1166; baseline 0.002 -18"><span class='ocrx_word' id='word_1_336' title='bbox 2222 1095 2319 1164; x_wconf 76' lang='grc' dir='ltr'>τὴν</span> <span class='ocrx_word' id='word_1_337' title='bbox 2346 1095 2576 1164; x_wconf 84' lang='grc' dir='ltr'>δύναμιν</span> <span class='ocrx_word' id='word_1_338' title='bbox 2627 1094 2843 1165; x_wconf 80' lang='grc' dir='ltr'>ἔχοντες</span> <span class='ocrx_word' id='word_1_339' title='bbox 2887 1094 3375 1165; x_wconf 77' lang='grc' dir='ltr'><strong>ἀντιτεταγμένην·</strong></span> <span class='ocrx_word' id='word_1_340' title='bbox 3408 1093 3758 1166; x_wconf 80' lang='grc' dir='ltr'>πληρώσαντες</span> 
     </span>
    </p>
   </div>
   <div class='ocr_carea' id='block_1_55' title="bbox 2223 1184 3760 1257">
    <p class='ocr_par' dir='ltr' id='par_1_55' title="bbox 2223 1184 3760 1257">
     <span class='ocr_line' id='line_1_55' title="bbox 2223 1184 3760 1257; baseline 0.003 -21"><span class='ocrx_word' id='word_1_341' title='bbox 2223 1185 2278 1238; x_wconf 77' lang='grc' dir='ltr'>δὲ</span> <span class='ocrx_word' id='word_1_342' title='bbox 2308 1184 2407 1257; x_wconf 78' lang='grc' dir='ltr'><strong>τὴν</strong></span> <span class='ocrx_word' id='word_1_343' title='bbox 2433 1186 2743 1257; x_wconf 77' lang='grc' dir='ltr'>πρακτικὴν</span> <span class='ocrx_word' id='word_1_344' title='bbox 2772 1186 3110 1255; x_wconf 73' lang='grc' dir='ltr'>φιλοσοφίαν,</span> <span class='ocrx_word' id='word_1_345' title='bbox 3142 1188 3209 1256; x_wconf 75' lang='grc' dir='ltr'>ἠν</span> <span class='ocrx_word' id='word_1_346' title='bbox 3230 1187 3257 1239; x_wconf 84' lang='grc'>6</span> <span class='ocrx_word' id='word_1_347' title='bbox 3287 1186 3448 1249; x_wconf 75' lang='grc' dir='ltr'>ἕκτος</span> <span class='ocrx_word' id='word_1_348' title='bbox 3474 1185 3577 1239; x_wconf 88' lang='grc' dir='ltr'><strong>τῶν</strong></span> <span class='ocrx_word' id='word_1_349' title='bbox 3608 1188 3760 1241; x_wconf 75' lang='grc' dir='ltr'>ὲνιαυ·</span> 
     </span>
    </p>
   </div>
   <div class='ocr_carea' id='block_1_56' title="bbox 2223 1275 3760 1349">
    <p class='ocr_par' dir='ltr' id='par_1_56' title="bbox 2223 1275 3760 1349">
     <span class='ocr_line' id='line_1_56' title="bbox 2223 1275 3760 1349; baseline 0 -19"><span class='ocrx_word' id='word_1_350' title='bbox 2223 1277 2329 1330; x_wconf 85' lang='grc' dir='ltr'>τῶν</span> <span class='ocrx_word' id='word_1_351' title='bbox 2365 1275 2749 1346; x_wconf 78' lang='grc' dir='ltr'>παρεδήλωσεν</span> <span class='ocrx_word' id='word_1_352' title='bbox 2781 1277 3045 1347; x_wconf 50' lang='grc' dir='ltr'>ἀριθμός</span> <span class='ocrx_word' id='word_1_353' title='bbox 3109 1275 3325 1349; x_wconf 81' lang='grc' dir='ltr'>εἴρηται</span> <span class='ocrx_word' id='word_1_354' title='bbox 3373 1277 3482 1346; x_wconf 80' lang='grc' dir='ltr'>γὰρ</span> <span class='ocrx_word' id='word_1_355' title='bbox 3522 1277 3598 1330; x_wconf 87' lang='grc' dir='ltr'>ὅτι</span> <span class='ocrx_word' id='word_1_356' title='bbox 3626 1280 3668 1349; x_wconf 16' lang='lat' dir='ltr'><strong>Ad</strong></span> <span class='ocrx_word' id='word_1_357' title='bbox 3711 1277 3760 1343; x_wconf 80' lang='grc' dir='ltr'>ἓξ</span> 
     </span>
    </p>
   </div>
   <div class='ocr_carea' id='block_1_57' title="bbox 2225 1347 3763 1439">
    <p class='ocr_par' dir='ltr' id='par_1_57' title="bbox 2225 1347 3763 1439">
     <span class='ocr_line' id='line_1_57' title="bbox 2225 1347 3763 1439; baseline 0.001 -20"><span class='ocrx_word' id='word_1_358' title='bbox 2225 1367 2476 1438; x_wconf 72' lang='grc' dir='ltr'>ἀριθμὸς,</span> <span class='ocrx_word' id='word_1_359' title='bbox 2507 1368 2603 1437; x_wconf 81' lang='grc' dir='ltr'>τὴν</span> <span class='ocrx_word' id='word_1_360' title='bbox 2635 1368 2948 1439; x_wconf 77' lang='grc' dir='ltr'>πρακτικὴν</span> <span class='ocrx_word' id='word_1_361' title='bbox 2983 1347 3239 1439; x_wconf 77' lang='grc' dir='ltr'><strong>σημαίνει</strong></span> <span class='ocrx_word' id='word_1_362' title='bbox 3272 1347 3763 1436; x_wconf 50' lang='grc' dir='ltr'>φιλοσοφίανίὲλεὺ·</span> 
     </span>
    </p>
   </div>
   <div class='ocr_carea' id='block_1_58' title="bbox 2227 1457 3763 1530">
    <p class='ocr_par' dir='ltr' id='par_1_58' title="bbox 2227 1457 3763 1530">
     <span class='ocr_line' id='line_1_58' title="bbox 2227 1457 3763 1530; baseline 0 -20"><span class='ocrx_word' id='word_1_363' title='bbox 2227 1458 2373 1529; x_wconf 87' lang='grc' dir='ltr'>θεροι</span> <span class='ocrx_word' id='word_1_364' title='bbox 2407 1459 2543 1530; x_wconf 74' lang='grc' dir='ltr'>πρὸς</span> <span class='ocrx_word' id='word_1_365' title='bbox 2590 1459 2689 1530; x_wconf 77' lang='grc' dir='ltr'>τὴν</span> <span class='ocrx_word' id='word_1_366' title='bbox 2744 1459 3128 1529; x_wconf 77' lang='grc' dir='ltr'>πνευματικὴν</span> <span class='ocrx_word' id='word_1_367' title='bbox 3173 1458 3521 1522; x_wconf 80' lang='grc' dir='ltr'>ἀπολύονται,</span> <span class='ocrx_word' id='word_1_368' title='bbox 3554 1457 3763 1528; x_wconf 78' lang='grc' dir='ltr'>δηλονότι</span> 
     </span>
    </p>
   </div>
   <div class='ocr_carea' id='block_1_59' title="bbox 2225 1546 3766 1621">
    <p class='ocr_par' dir='ltr' id='par_1_59' title="bbox 2225 1546 3766 1621">
     <span class='ocr_line' id='line_1_59' title="bbox 2225 1546 3766 1621; baseline -0.001 -20"><span class='ocrx_word' id='word_1_369' title='bbox 2225 1548 2332 1603; x_wconf 83' lang='grc' dir='ltr'><strong>τῶν</strong></span> <span class='ocrx_word' id='word_1_370' title='bbox 2362 1550 2422 1602; x_wconf 71' lang='grc' dir='ltr'>ὲν</span> <span class='ocrx_word' id='word_1_371' title='bbox 2447 1551 2558 1613; x_wconf 83' lang='grc' dir='ltr'>τοῖς</span> <span class='ocrx_word' id='word_1_372' title='bbox 2584 1546 2705 1603; x_wconf 78' lang='grc' dir='ltr'>οὖσι</span> <span class='ocrx_word' id='word_1_373' title='bbox 2741 1550 3017 1619; x_wconf 78' lang='grc' dir='ltr'>συγγενῶν</span> <span class='ocrx_word' id='word_1_374' title='bbox 3036 1549 3210 1618; x_wconf 79' lang='grc' dir='ltr'>λόγων</span> <span class='ocrx_word' id='word_1_375' title='bbox 3240 1549 3476 1621; x_wconf 80' lang='grc' dir='ltr'>θεωρίαν</span> <span class='ocrx_word' id='word_1_376' title='bbox 3506 1549 3766 1621; x_wconf 68' lang='grc' dir='ltr'>ἐπανερχόι</span> 
     </span>
    </p>
   </div>
   <div class='ocr_carea' id='block_1_60' title="bbox 2231 1639 3180 1710">
    <p class='ocr_par' dir='ltr' id='par_1_60' title="bbox 2231 1639 3180 1710">
     <span class='ocr_line' id='line_1_60' title="bbox 2231 1639 3180 1710; baseline 0 -18"><span class='ocrx_word' id='word_1_377' title='bbox 2231 1656 2401 1710; x_wconf 85' lang='grc' dir='ltr'>μενοι,</span> <span class='ocrx_word' id='word_1_378' title='bbox 2434 1639 2462 1692; x_wconf 85' lang='grc' dir='ltr'><strong>ὃ</strong></span> <span class='ocrx_word' id='word_1_379' title='bbox 2495 1657 2553 1692; x_wconf 86' lang='grc' dir='ltr'><strong>τε</strong></span> <span class='ocrx_word' id='word_1_380' title='bbox 2582 1639 2738 1709; x_wconf 83' lang='grc' dir='ltr'>λόγος</span> <span class='ocrx_word' id='word_1_381' title='bbox 2769 1639 2920 1710; x_wconf 78' lang='grc' dir='ltr'><strong>καὶὴ</strong></span> <span class='ocrx_word' id='word_1_382' title='bbox 2955 1639 3180 1693; x_wconf 80' lang='grc' dir='ltr'>διάνοια.</span> 
     </span>
    </p>
   </div>
   <div class='ocr_carea' id='block_1_61' title="bbox 2159 1785 3768 1868">
    <p class='ocr_par' dir='ltr' id='par_1_61' title="bbox 2159 1785 3768 1868">
     <span class='ocr_line' id='line_1_61' title="bbox 2159 1785 3768 1868; baseline -0.001 -20"><span class='ocrx_word' id='word_1_383' title='bbox 2159 1785 2203 1841; x_wconf 74' lang='grc' dir='ltr'><strong><em>Β</em></strong></span> <span class='ocrx_word' id='word_1_384' title='bbox 2298 1795 2391 1848; x_wconf 84' lang='grc' dir='ltr'>νδ’.</span> <span class='ocrx_word' id='word_1_385' title='bbox 2433 1793 2759 1866; x_wconf 83' lang='grc' dir='ltr'>Ἀλλόφυλος</span> <span class='ocrx_word' id='word_1_386' title='bbox 2794 1797 2925 1860; x_wconf 78' lang='grc' dir='ltr'>παῖς</span> <span class='ocrx_word' id='word_1_387' title='bbox 2969 1796 3084 1849; x_wconf 81' lang='grc' dir='ltr'>ἐστι</span> <span class='ocrx_word' id='word_1_388' title='bbox 3126 1796 3222 1848; x_wconf 76' lang='grc' dir='ltr'><strong>καὶ</strong></span> <span class='ocrx_word' id='word_1_389' title='bbox 3252 1795 3541 1868; x_wconf 80' lang='grc' dir='ltr'>παιδίσκη,</span> <span class='ocrx_word' id='word_1_390' title='bbox 3573 1797 3601 1850; x_wconf 80' lang='grc' dir='ltr'><strong>δ</strong></span> <span class='ocrx_word' id='word_1_391' title='bbox 3623 1794 3768 1865; x_wconf 74' lang='grc' dir='ltr'>θυμδς</span> 
     </span>
    </p>
   </div>
   <div class='ocr_carea' id='block_1_62' title="bbox 2229 1885 3768 1959">
    <p class='ocr_par' dir='ltr' id='par_1_62' title="bbox 2229 1885 3768 1959">
     <span class='ocr_line' id='line_1_62' title="bbox 2229 1885 3768 1959; baseline 0.001 -21"><span class='ocrx_word' id='word_1_392' title='bbox 2229 1887 2324 1950; x_wconf 67' lang='grc' dir='ltr'><strong>καὶ</strong></span> <span class='ocrx_word' id='word_1_393' title='bbox 2345 1888 2378 1956; x_wconf 83' lang='grc' dir='ltr'>ἡ</span> <span class='ocrx_word' id='word_1_394' title='bbox 2411 1885 2709 1956; x_wconf 70' lang='grc' dir='ltr'>ὶπιθυμία·</span> <span class='ocrx_word' id='word_1_395' title='bbox 2741 1886 2834 1950; x_wconf 79' lang='grc' dir='ltr'>οὓς</span> <span class='ocrx_word' id='word_1_396' title='bbox 2868 1885 3234 1956; x_wconf 79' lang='grc' dir='ltr'>ὑποζεύγνυσι</span> <span class='ocrx_word' id='word_1_397' title='bbox 3259 1887 3349 1940; x_wconf 75' lang='grc' dir='ltr'>διὰ</span> <span class='ocrx_word' id='word_1_398' title='bbox 3376 1887 3579 1951; x_wconf 73' lang='grc' dir='ltr'>παντὸς</span> <span class='ocrx_word' id='word_1_399' title='bbox 3604 1890 3664 1959; x_wconf 73' lang='grc' dir='ltr'>τῇ</span> <span class='ocrx_word' id='word_1_400' title='bbox 3696 1887 3768 1940; x_wconf 78' lang='grc' dir='ltr'>δε·</span> 
     </span>
    </p>
   </div>
   <div class='ocr_carea' id='block_1_63' title="bbox 2229 1977 3770 2050">
    <p class='ocr_par' dir='ltr' id='par_1_63' title="bbox 2229 1977 3770 2050">
     <span class='ocr_line' id='line_1_63' title="bbox 2229 1977 3770 2050; baseline 0.001 -21"><span class='ocrx_word' id='word_1_401' title='bbox 2229 1977 2460 2048; x_wconf 77' lang='grc' dir='ltr'>σποτείᾳ</span> <span class='ocrx_word' id='word_1_402' title='bbox 2487 1977 2581 2030; x_wconf 80' lang='grc' dir='ltr'>τοῦ</span> <span class='ocrx_word' id='word_1_403' title='bbox 2606 1977 2788 2046; x_wconf 85' lang='grc' dir='ltr'>λόγου,</span> <span class='ocrx_word' id='word_1_404' title='bbox 2820 1978 2956 2048; x_wconf 83' lang='grc' dir='ltr'>πρὸς</span> <span class='ocrx_word' id='word_1_405' title='bbox 2984 1977 3290 2048; x_wconf 86' lang='grc' dir='ltr'>ὑπηρεσίαν</span> <span class='ocrx_word' id='word_1_406' title='bbox 3314 1978 3422 2032; x_wconf 82' lang='grc' dir='ltr'><strong>τῶν</strong></span> <span class='ocrx_word' id='word_1_407' title='bbox 3467 1978 3687 2050; x_wconf 84' lang='grc' dir='ltr'>ἀρετῶν,</span> <span class='ocrx_word' id='word_1_408' title='bbox 3714 1977 3770 2031; x_wconf 85' lang='grc' dir='ltr'>δι’</span> 
     </span>
    </p>
   </div>
   <div class='ocr_carea' id='block_1_64' title="bbox 2229 2068 3772 2141">
    <p class='ocr_par' dir='ltr' id='par_1_64' title="bbox 2229 2068 3772 2141">
     <span class='ocr_line' id='line_1_64' title="bbox 2229 2068 3772 2141; baseline -0.001 -18"><span class='ocrx_word' id='word_1_409' title='bbox 2229 2069 2451 2140; x_wconf 80' lang='grc' dir='ltr'>ἀνδρίας</span> <span class='ocrx_word' id='word_1_410' title='bbox 2479 2068 2574 2122; x_wconf 70' lang='grc' dir='ltr'><strong>καὶ</strong></span> <span class='ocrx_word' id='word_1_411' title='bbox 2605 2069 2960 2141; x_wconf 81' lang='grc' dir='ltr'>σωφροσύνης</span> <span class='ocrx_word' id='word_1_412' title='bbox 2995 2068 3409 2140; x_wconf 76' lang='grc' dir='ltr'>ὁθεωρητηκὺς</span> <span class='ocrx_word' id='word_1_413' title='bbox 3433 2069 3579 2132; x_wconf 72' lang='grc' dir='ltr'>νοῦς,</span> <span class='ocrx_word' id='word_1_414' title='bbox 3612 2069 3678 2138; x_wconf 84' lang='grc' dir='ltr'><strong>μὴ</strong></span> <span class='ocrx_word' id='word_1_415' title='bbox 3710 2068 3772 2122; x_wconf 79' lang='grc' dir='ltr'>δι-</span> 
     </span>
    </p>
   </div>
   <div class='ocr_carea' id='block_1_65' title="bbox 2228 2157 3772 2231">
    <p class='ocr_par' dir='ltr' id='par_1_65' title="bbox 2228 2157 3772 2231">
     <span class='ocr_line' id='line_1_65' title="bbox 2228 2157 3772 2231; baseline -0.003 -17"><span class='ocrx_word' id='word_1_416' title='bbox 2228 2160 2352 2223; x_wconf 81' lang='grc' dir='ltr'>δοὺς</span> <span class='ocrx_word' id='word_1_417' title='bbox 2385 2161 2569 2223; x_wconf 79' lang='grc' dir='ltr'>αὐτοῖς</span> <span class='ocrx_word' id='word_1_418' title='bbox 2614 2160 2893 2223; x_wconf 86' lang='grc' dir='ltr'>παντελῶς</span> <span class='ocrx_word' id='word_1_419' title='bbox 2923 2161 3021 2231; x_wconf 82' lang='grc' dir='ltr'>τὴν</span> <span class='ocrx_word' id='word_1_420' title='bbox 3052 2160 3191 2230; x_wconf 69' lang='grc' dir='ltr'>πρὸς</span> <span class='ocrx_word' id='word_1_421' title='bbox 3245 2157 3562 2229; x_wconf 74' lang='grc' dir='ltr'>ἐλευθερίαν</span> <span class='ocrx_word' id='word_1_422' title='bbox 3586 2160 3772 2228; x_wconf 78' lang='grc' dir='ltr'>ἄφεσιν,</span> 
     </span>
    </p>
   </div>
   <div class='ocr_carea' id='block_1_66' title="bbox 2229 2249 3774 2324">
    <p class='ocr_par' dir='ltr' id='par_1_66' title="bbox 2229 2249 3774 2324">
     <span class='ocr_line' id='line_1_66' title="bbox 2229 2249 3774 2324; baseline -0.003 -17"><span class='ocrx_word' id='word_1_423' title='bbox 2229 2255 2334 2318; x_wconf 68' lang='grc' dir='ltr'><strong>ἕως</strong></span> <span class='ocrx_word' id='word_1_424' title='bbox 2361 2252 2428 2307; x_wconf 80' lang='grc' dir='ltr'>ἂν</span> <span class='ocrx_word' id='word_1_425' title='bbox 2455 2252 2736 2324; x_wconf 80' lang='grc' dir='ltr'>καταποθῇ</span> <span class='ocrx_word' id='word_1_426' title='bbox 2767 2251 2844 2323; x_wconf 80' lang='grc' dir='ltr'>τῷ</span> <span class='ocrx_word' id='word_1_427' title='bbox 2876 2253 3024 2323; x_wconf 85' lang='grc' dir='ltr'><strong>νόμῳ</strong></span> <span class='ocrx_word' id='word_1_428' title='bbox 3061 2251 3156 2305; x_wconf 81' lang='grc' dir='ltr'>τοῦ</span> <span class='ocrx_word' id='word_1_429' title='bbox 3186 2252 3503 2323; x_wconf 80' lang='grc' dir='ltr'>πνεύματος</span> <span class='ocrx_word' id='word_1_430' title='bbox 3533 2249 3774 2313; x_wconf 80' lang='grc' dir='ltr'>τελείωςό</span> 
     </span>
    </p>
   </div>
   <div class='ocr_carea' id='block_1_67' title="bbox 2231 2346 3776 2420">
    <p class='ocr_par' dir='ltr' id='par_1_67' title="bbox 2231 2346 3776 2420">
     <span class='ocr_line' id='line_1_67' title="bbox 2231 2346 3776 2420; baseline -0.003 -18"><span class='ocrx_word' id='word_1_431' title='bbox 2231 2350 2328 2420; x_wconf 83' lang='grc' dir='ltr'>τῆς</span> <span class='ocrx_word' id='word_1_432' title='bbox 2358 2347 2570 2416; x_wconf 73' lang='grc' dir='ltr'>φύσεως</span> <span class='ocrx_word' id='word_1_433' title='bbox 2593 2347 2777 2416; x_wconf 81' lang='grc' dir='ltr'>νόμος,</span> <span class='ocrx_word' id='word_1_434' title='bbox 2809 2346 3066 2418; x_wconf 80' lang='grc' dir='ltr'>καθάπερ</span> <span class='ocrx_word' id='word_1_435' title='bbox 3095 2346 3198 2400; x_wconf 83' lang='grc' dir='ltr'><strong>ὑπὸ</strong></span> <span class='ocrx_word' id='word_1_436' title='bbox 3223 2347 3370 2416; x_wconf 76' lang='grc' dir='ltr'><strong>ζωῆς</strong></span> <span class='ocrx_word' id='word_1_437' title='bbox 3393 2347 3639 2416; x_wconf 79' lang='grc' dir='ltr'>ἀπείρου,</span> <span class='ocrx_word' id='word_1_438' title='bbox 3667 2359 3776 2411; x_wconf 85' lang='grc' dir='ltr'>σαρ·</span> 
     </span>
    </p>
   </div>
   <div class='ocr_carea' id='block_1_68' title="bbox 2232 2437 3775 2510">
    <p class='ocr_par' dir='ltr' id='par_1_68' title="bbox 2232 2437 3775 2510">
     <span class='ocr_line' id='line_1_68' title="bbox 2232 2437 3775 2510; baseline -0.003 -16"><span class='ocrx_word' id='word_1_439' title='bbox 2232 2441 2327 2503; x_wconf 83' lang='grc' dir='ltr'>κὸς</span> <span class='ocrx_word' id='word_1_440' title='bbox 2351 2439 2616 2510; x_wconf 81' lang='grc' dir='ltr'>δυστήνου</span> <span class='ocrx_word' id='word_1_441' title='bbox 2643 2438 2895 2504; x_wconf 76' lang='grc' dir='ltr'>Θάνατος,</span> <span class='ocrx_word' id='word_1_442' title='bbox 2927 2437 3023 2491; x_wconf 75' lang='grc' dir='ltr'>καὶ</span> <span class='ocrx_word' id='word_1_443' title='bbox 3072 2439 3222 2491; x_wconf 80' lang='grc' dir='ltr'>πᾶσα</span> <span class='ocrx_word' id='word_1_444' title='bbox 3255 2437 3442 2508; x_wconf 76' lang='grc' dir='ltr'>δειχθῇ</span> <span class='ocrx_word' id='word_1_445' title='bbox 3476 2437 3714 2506; x_wconf 80' lang='grc' dir='ltr'>καθαρῶς</span> <span class='ocrx_word' id='word_1_446' title='bbox 3749 2437 3775 2505; x_wconf 85' lang='grc' dir='ltr'>ἠ</span> 
     </span>
    </p>
   </div>
   <div class='ocr_carea' id='block_1_69' title="bbox 2232 2525 3779 2599">
    <p class='ocr_par' dir='ltr' id='par_1_69' title="bbox 2232 2525 3779 2599">
     <span class='ocr_line' id='line_1_69' title="bbox 2232 2525 3779 2599; baseline -0.001 -16"><span class='ocrx_word' id='word_1_447' title='bbox 2232 2529 2332 2598; x_wconf 81' lang='grc' dir='ltr'>τῆς</span> <span class='ocrx_word' id='word_1_448' title='bbox 2361 2529 2598 2599; x_wconf 77' lang='grc' dir='ltr'>ἀνάρχου</span> <span class='ocrx_word' id='word_1_449' title='bbox 2629 2525 2908 2598; x_wconf 85' lang='grc' dir='ltr'>βασιλείας</span> <span class='ocrx_word' id='word_1_450' title='bbox 2937 2527 3121 2592; x_wconf 79' lang='grc' dir='ltr'>εἰκὼν,</span> <span class='ocrx_word' id='word_1_451' title='bbox 3155 2531 3335 2582; x_wconf 80' lang='grc' dir='ltr'>πᾶσαν</span> <span class='ocrx_word' id='word_1_452' title='bbox 3364 2529 3566 2598; x_wconf 73' lang='grc' dir='ltr'>ἔχουσα</span> <span class='ocrx_word' id='word_1_453' title='bbox 3596 2527 3679 2581; x_wconf 77' lang='grc' dir='ltr'>τοῦ</span> <span class='ocrx_word' id='word_1_454' title='bbox 3701 2529 3779 2596; x_wconf 82' lang='grc' dir='ltr'><strong>ἀρ·</strong></span> 
     </span>
    </p>
   </div>
   <div class='ocr_carea' id='block_1_70' title="bbox 2231 2617 3780 2690">
    <p class='ocr_par' dir='ltr' id='par_1_70' title="bbox 2231 2617 3780 2690">
     <span class='ocr_line' id='line_1_70' title="bbox 2231 2617 3780 2690; baseline -0.002 -19"><span class='ocrx_word' id='word_1_455' title='bbox 2231 2617 2466 2690; x_wconf 85' lang='grc' dir='ltr'>χετύπου</span> <span class='ocrx_word' id='word_1_456' title='bbox 2495 2619 2583 2672; x_wconf 78' lang='grc' dir='ltr'><strong>διὰ</strong></span> <span class='ocrx_word' id='word_1_457' title='bbox 2612 2619 2897 2689; x_wconf 82' lang='grc' dir='ltr'>μιμήσεως</span> <span class='ocrx_word' id='word_1_458' title='bbox 2925 2617 3025 2689; x_wconf 82' lang='grc' dir='ltr'>τὴν</span> <span class='ocrx_word' id='word_1_459' title='bbox 3061 2621 3296 2690; x_wconf 77' lang='grc' dir='ltr'>μορφήν·</span> <span class='ocrx_word' id='word_1_460' title='bbox 3339 2619 3466 2672; x_wconf 86' lang='grc' dir='ltr'>καθ’</span> <span class='ocrx_word' id='word_1_461' title='bbox 3497 2621 3562 2690; x_wconf 76' lang='grc' dir='ltr'>ἣν</span> <span class='ocrx_word' id='word_1_462' title='bbox 3586 2618 3780 2687; x_wconf 75' lang='grc' dir='ltr'>γενόμε-</span> 
     </span>
    </p>
   </div>
   <div class='ocr_carea' id='block_1_71' title="bbox 2234 2706 3783 2782">
    <p class='ocr_par' dir='ltr' id='par_1_71' title="bbox 2234 2706 3783 2782">
     <span class='ocr_line' id='line_1_71' title="bbox 2234 2706 3783 2782; baseline -0.002 -17"><span class='ocrx_word' id='word_1_463' title='bbox 2234 2728 2324 2775; x_wconf 86' lang='grc' dir='ltr'><strong>νος</strong></span> <span class='ocrx_word' id='word_1_464' title='bbox 2354 2713 2384 2764; x_wconf 86' lang='grc' dir='ltr'>ὁ</span> <span class='ocrx_word' id='word_1_465' title='bbox 2407 2710 2738 2782; x_wconf 70' lang='grc' dir='ltr'>θεωρητικὸς</span> <span class='ocrx_word' id='word_1_466' title='bbox 2771 2709 2918 2775; x_wconf 84' lang='grc' dir='ltr'>νοῦς,</span> <span class='ocrx_word' id='word_1_467' title='bbox 2973 2710 3294 2782; x_wconf 71' lang='grc' dir='ltr'>ἐλευθέρως</span> <span class='ocrx_word' id='word_1_468' title='bbox 3327 2714 3567 2764; x_wconf 82' lang='grc' dir='ltr'>ποιεῖται</span> <span class='ocrx_word' id='word_1_469' title='bbox 3613 2706 3695 2764; x_wconf 86' lang='grc' dir='ltr'><strong>τόν</strong></span> <span class='ocrx_word' id='word_1_470' title='bbox 3735 2725 3783 2762; x_wconf 81' lang='grc' dir='ltr'><strong>τε</strong></span> 
     </span>
    </p>
   </div>
   <div class='ocr_carea' id='block_1_72' title="bbox 2237 2796 3784 2872">
    <p class='ocr_par' dir='ltr' id='par_1_72' title="bbox 2237 2796 3784 2872">
     <span class='ocr_line' id='line_1_72' title="bbox 2237 2796 3784 2872; baseline -0.003 -17"><span class='ocrx_word' id='word_1_471' title='bbox 2237 2801 2405 2872; x_wconf 75' lang='grc' dir='ltr'>θυμὸν</span> <span class='ocrx_word' id='word_1_472' title='bbox 2433 2801 2527 2853; x_wconf 73' lang='grc' dir='ltr'><strong>καὶ</strong></span> <span class='ocrx_word' id='word_1_473' title='bbox 2555 2801 2656 2869; x_wconf 78' lang='grc' dir='ltr'>τὴν</span> <span class='ocrx_word' id='word_1_474' title='bbox 2686 2796 3006 2869; x_wconf 71' lang='grc' dir='ltr'>ἐπιθυμίανσ</span> <span class='ocrx_word' id='word_1_475' title='bbox 3032 2801 3132 2869; x_wconf 83' lang='grc' dir='ltr'>τὴν</span> <span class='ocrx_word' id='word_1_476' title='bbox 3161 2799 3280 2870; x_wconf 80' lang='grc' dir='ltr'>μὲν,</span> <span class='ocrx_word' id='word_1_477' title='bbox 3306 2798 3443 2870; x_wconf 74' lang='grc' dir='ltr'>πρὸς</span> <span class='ocrx_word' id='word_1_478' title='bbox 3484 2799 3581 2870; x_wconf 86' lang='grc' dir='ltr'>τὴν</span> <span class='ocrx_word' id='word_1_479' title='bbox 3603 2800 3784 2870; x_wconf 68' lang='grc' dir='ltr'>ἀκήραρ</span> 
     </span>
    </p>
   </div>
   <div class='ocr_carea' id='block_1_73' title="bbox 2233 2887 3780 2962">
    <p class='ocr_par' dir='ltr' id='par_1_73' title="bbox 2233 2887 3780 2962">
     <span class='ocr_line' id='line_1_73' title="bbox 2233 2887 3780 2962; baseline -0.003 -17"><span class='ocrx_word' id='word_1_480' title='bbox 2233 2909 2326 2945; x_wconf 87' lang='grc' dir='ltr'><strong>τον</strong></span> <span class='ocrx_word' id='word_1_481' title='bbox 2351 2889 2446 2944; x_wconf 79' lang='grc' dir='ltr'><strong>τοῦ</strong></span> <span class='ocrx_word' id='word_1_482' title='bbox 2474 2889 2620 2942; x_wconf 83' lang='grc' dir='ltr'>θείου</span> <span class='ocrx_word' id='word_1_483' title='bbox 2655 2887 2856 2960; x_wconf 72' lang='grc' dir='ltr'>ἔρωτος</span> <span class='ocrx_word' id='word_1_484' title='bbox 2904 2889 3098 2962; x_wconf 74' lang='grc' dir='ltr'>ἡδονὴν</span> <span class='ocrx_word' id='word_1_485' title='bbox 3130 2890 3225 2943; x_wconf 73' lang='grc' dir='ltr'>καὶ</span> <span class='ocrx_word' id='word_1_486' title='bbox 3254 2890 3354 2961; x_wconf 77' lang='grc' dir='ltr'>τὴν</span> <span class='ocrx_word' id='word_1_487' title='bbox 3384 2891 3654 2961; x_wconf 80' lang='grc' dir='ltr'>ἄχραντον</span> <span class='ocrx_word' id='word_1_488' title='bbox 3679 2889 3780 2942; x_wconf 71' lang='grc' dir='ltr'>θέλε</span> 
     </span>
    </p>
   </div>
   <div class='ocr_carea' id='block_1_74' title="bbox 2238 2977 3784 3052">
    <p class='ocr_par' dir='ltr' id='par_1_74' title="bbox 2238 2977 3784 3052">
     <span class='ocr_line' id='line_1_74' title="bbox 2238 2977 3784 3052; baseline -0.003 -17"><span class='ocrx_word' id='word_1_489' title='bbox 2238 2983 2321 3048; x_wconf 81' lang='grc' dir='ltr'>ξιν</span> <span class='ocrx_word' id='word_1_490' title='bbox 2350 2978 2774 3052; x_wconf 81' lang='grc' dir='ltr'>μετασκευάζων</span> <span class='ocrx_word' id='word_1_491' title='bbox 2800 2997 2813 3010; x_wconf 88' lang='grc'><strong>·</strong></span> <span class='ocrx_word' id='word_1_492' title='bbox 2846 2979 2945 3050; x_wconf 85' lang='grc' dir='ltr'><strong>τὴν</strong></span> <span class='ocrx_word' id='word_1_493' title='bbox 2972 2980 3050 3044; x_wconf 80' lang='grc' dir='ltr'>δὲ,</span> <span class='ocrx_word' id='word_1_494' title='bbox 3085 2981 3223 3050; x_wconf 70' lang='grc' dir='ltr'>πρὸς</span> <span class='ocrx_word' id='word_1_495' title='bbox 3257 2981 3406 3046; x_wconf 73' lang='grc' dir='ltr'>ζέσιν</span> <span class='ocrx_word' id='word_1_496' title='bbox 3435 2977 3784 3051; x_wconf 76' lang='grc' dir='ltr'>πνευματικὴν</span> 
     </span>
    </p>
   </div>
   <div class='ocr_carea' id='block_1_75' title="bbox 2237 3070 3785 3144">
    <p class='ocr_par' dir='ltr' id='par_1_75' title="bbox 2237 3070 3785 3144">
     <span class='ocr_line' id='line_1_75' title="bbox 2237 3070 3785 3144; baseline -0.002 -18"><span class='ocrx_word' id='word_1_497' title='bbox 2237 3075 2332 3126; x_wconf 80' lang='grc' dir='ltr'><strong>καὶ</strong></span> <span class='ocrx_word' id='word_1_498' title='bbox 2360 3073 2623 3143; x_wconf 80' lang='grc' dir='ltr'>διάπυρον</span> <span class='ocrx_word' id='word_1_499' title='bbox 2651 3071 2997 3143; x_wconf 77' lang='grc' dir='ltr'>ἀεικινησίαν</span> <span class='ocrx_word' id='word_1_500' title='bbox 3038 3070 3106 3144; x_wconf 77' lang='lat' dir='ltr'><strong>(f)</strong></span> <span class='ocrx_word' id='word_1_501' title='bbox 3161 3073 3256 3124; x_wconf 79' lang='grc' dir='ltr'>καὶ</span> <span class='ocrx_word' id='word_1_502' title='bbox 3306 3071 3563 3143; x_wconf 79' lang='grc' dir='ltr'>σώφρονα</span> <span class='ocrx_word' id='word_1_503' title='bbox 3613 3071 3785 3142; x_wconf 82' lang='grc' dir='ltr'>μανίαν</span> 
     </span>
    </p>
   </div>
   <div class='ocr_carea' id='block_1_76' title="bbox 2238 3165 2636 3238">
    <p class='ocr_par' dir='ltr' id='par_1_76' title="bbox 2238 3165 2636 3238">
     <span class='ocr_line' id='line_1_76' title="bbox 2238 3165 2636 3238; baseline 0 -19"><span class='ocrx_word' id='word_1_504' title='bbox 2238 3165 2636 3238; x_wconf 73' lang='grc' dir='ltr'><strong>μεταϐιὸἁζων.</strong></span> 
     </span>
    </p>
   </div>
   <div class='ocr_carea' id='block_1_77' title="bbox 2301 3250 3784 3328">
    <p class='ocr_par' dir='ltr' id='par_1_77' title="bbox 2301 3250 3784 3328">
     <span class='ocr_line' id='line_1_77' title="bbox 2301 3250 3784 3328; baseline -0.002 -19"><span class='ocrx_word' id='word_1_505' title='bbox 2301 3262 2394 3309; x_wconf 89' lang='grc' dir='ltr'>νε’.</span> <span class='ocrx_word' id='word_1_506' title='bbox 2437 3255 2699 3328; x_wconf 77' lang='grc' dir='ltr'>Ἀνάρχου</span> <span class='ocrx_word' id='word_1_507' title='bbox 2733 3251 3015 3325; x_wconf 78' lang='grc' dir='ltr'>βασιλείας</span> <span class='ocrx_word' id='word_1_508' title='bbox 3049 3254 3199 3307; x_wconf 66' lang='grc' dir='ltr'>ἐστὶν</span> <span class='ocrx_word' id='word_1_509' title='bbox 3251 3252 3439 3319; x_wconf 74' lang='grc' dir='ltr'>εἰκὼν,</span> <span class='ocrx_word' id='word_1_510' title='bbox 3485 3256 3518 3325; x_wconf 77' lang='grc' dir='ltr'><strong>ἡ</strong></span> <span class='ocrx_word' id='word_1_511' title='bbox 3571 3253 3662 3307; x_wconf 80' lang='grc' dir='ltr'><strong>τοῦ</strong></span> <span class='ocrx_word' id='word_1_512' title='bbox 3707 3250 3784 3305; x_wconf 71' lang='grc' dir='ltr'>νοῦ</span> 
     </span>
    </p>
   </div>
   <div class='ocr_carea' id='block_1_78' title="bbox 2233 3345 3788 3421">
    <p class='ocr_par' dir='ltr' id='par_1_78' title="bbox 2233 3345 3788 3421">
     <span class='ocr_line' id='line_1_78' title="bbox 2233 3345 3788 3421; baseline -0.005 -17"><span class='ocrx_word' id='word_1_513' title='bbox 2233 3349 2362 3421; x_wconf 77' lang='grc' dir='ltr'>περὶ</span> <span class='ocrx_word' id='word_1_514' title='bbox 2393 3349 2492 3420; x_wconf 75' lang='grc' dir='ltr'>τὴν</span> <span class='ocrx_word' id='word_1_515' title='bbox 2545 3346 2724 3418; x_wconf 80' lang='grc' dir='ltr'>ἁληθῆ</span> <span class='ocrx_word' id='word_1_516' title='bbox 2777 3349 2980 3416; x_wconf 80' lang='grc' dir='ltr'>γνῶσιν</span> <span class='ocrx_word' id='word_1_517' title='bbox 3011 3347 3266 3418; x_wconf 78' lang='grc' dir='ltr'>ἀτρεψία,</span> <span class='ocrx_word' id='word_1_518' title='bbox 3297 3347 3389 3400; x_wconf 79' lang='grc' dir='ltr'>καὶ</span> <span class='ocrx_word' id='word_1_519' title='bbox 3431 3348 3464 3418; x_wconf 78' lang='grc' dir='ltr'>ἡ</span> <span class='ocrx_word' id='word_1_520' title='bbox 3493 3348 3591 3417; x_wconf 81' lang='grc' dir='ltr'><strong>τῆς</strong></span> <span class='ocrx_word' id='word_1_521' title='bbox 3620 3345 3788 3414; x_wconf 52' lang='lat' dir='ltr'><strong>alaeq-</strong></span> 
     </span>
    </p>
   </div>
   <div class='ocr_carea' id='block_1_79' title="bbox 2235 3430 3788 3512">
    <p class='ocr_par' dir='ltr' id='par_1_79' title="bbox 2235 3430 3788 3512">
     <span class='ocr_line' id='line_1_79' title="bbox 2235 3430 3788 3512; baseline -0.006 -17"><span class='ocrx_word' id='word_1_522' title='bbox 2235 3459 2373 3506; x_wconf 85' lang='grc' dir='ltr'>σεως</span> <span class='ocrx_word' id='word_1_523' title='bbox 2409 3442 2538 3512; x_wconf 77' lang='grc' dir='ltr'>περὶ</span> <span class='ocrx_word' id='word_1_524' title='bbox 2561 3441 2660 3510; x_wconf 79' lang='grc' dir='ltr'><strong>τὴν</strong></span> <span class='ocrx_word' id='word_1_525' title='bbox 2679 3441 2879 3511; x_wconf 75' lang='grc' dir='ltr'>ἀρετὴν</span> <span class='ocrx_word' id='word_1_526' title='bbox 2906 3439 3190 3510; x_wconf 82' lang='grc' dir='ltr'>ἁφθαρσία</span> <span class='ocrx_word' id='word_1_527' title='bbox 3214 3456 3230 3471; x_wconf 88' lang='grc'><strong>·</strong></span> <span class='ocrx_word' id='word_1_528' title='bbox 3261 3442 3362 3510; x_wconf 76' lang='grc' dir='ltr'>τῆς</span> <span class='ocrx_word' id='word_1_529' title='bbox 3390 3439 3573 3510; x_wconf 77' lang='grc' dir='ltr'>ψυχῆς</span> <span class='ocrx_word' id='word_1_530' title='bbox 3601 3430 3788 3492; x_wconf 72' lang='grc' dir='ltr'>καὶτοῦ</span> 
     </span>
    </p>
   </div>
   <div class='ocr_carea' id='block_1_80' title="bbox 2237 3525 3791 3604">
    <p class='ocr_par' dir='ltr' id='par_1_80' title="bbox 2237 3525 3791 3604">
     <span class='ocr_line' id='line_1_80' title="bbox 2237 3525 3791 3604; baseline -0.005 -19"><span class='ocrx_word' id='word_1_531' title='bbox 2237 3529 2510 3604; x_wconf 81' lang='grc' dir='ltr'>σώματος,</span> <span class='ocrx_word' id='word_1_532' title='bbox 2542 3531 2685 3586; x_wconf 75' lang='grc' dir='ltr'>κατὰ</span> <span class='ocrx_word' id='word_1_533' title='bbox 2710 3529 2812 3599; x_wconf 80' lang='grc' dir='ltr'>τὴν</span> <span class='ocrx_word' id='word_1_534' title='bbox 2844 3532 2902 3583; x_wconf 83' lang='grc' dir='ltr'>ὲν</span> <span class='ocrx_word' id='word_1_535' title='bbox 2944 3529 3220 3600; x_wconf 84' lang='grc' dir='ltr'>πνεύματι</span> <span class='ocrx_word' id='word_1_536' title='bbox 3248 3530 3387 3600; x_wconf 74' lang='grc' dir='ltr'>πρὸς</span> <span class='ocrx_word' id='word_1_537' title='bbox 3436 3529 3529 3583; x_wconf 78' lang='grc' dir='ltr'>τὸν</span> <span class='ocrx_word' id='word_1_538' title='bbox 3563 3527 3682 3581; x_wconf 77' lang='grc' dir='ltr'>νοῦν</span> <span class='ocrx_word' id='word_1_539' title='bbox 3705 3525 3791 3594; x_wconf 80' lang='grc' dir='ltr'>τῆς</span> 
     </span>
    </p>
   </div>
   <div class='ocr_carea' id='block_1_81' title="bbox 2235 3614 3788 3694">
    <p class='ocr_par' dir='ltr' id='par_1_81' title="bbox 2235 3614 3788 3694">
     <span class='ocr_line' id='line_1_81' title="bbox 2235 3614 3788 3694; baseline -0.005 -18"><span class='ocrx_word' id='word_1_540' title='bbox 2235 3623 2539 3694; x_wconf 75' lang='grc' dir='ltr'>αἰσθήσεως</span> <span class='ocrx_word' id='word_1_541' title='bbox 2596 3622 2975 3693; x_wconf 76' lang='grc' dir='ltr'>μεταποίησιν,</span> <span class='ocrx_word' id='word_1_542' title='bbox 3011 3622 3156 3692; x_wconf 82' lang='grc' dir='ltr'>μόνῳ</span> <span class='ocrx_word' id='word_1_543' title='bbox 3213 3619 3294 3691; x_wconf 83' lang='grc' dir='ltr'><strong>τῷ</strong></span> <span class='ocrx_word' id='word_1_544' title='bbox 3339 3617 3474 3691; x_wconf 78' lang='grc' dir='ltr'>θείῳ</span> <span class='ocrx_word' id='word_1_545' title='bbox 3523 3620 3666 3690; x_wconf 81' lang='grc' dir='ltr'>νόμῳ</span> <span class='ocrx_word' id='word_1_546' title='bbox 3709 3614 3788 3669; x_wconf 74' lang='grc' dir='ltr'>τοῦ</span> 
     </span>
    </p>
   </div>
   <div class='ocr_carea' id='block_1_82' title="bbox 2235 3711 3790 3786">
    <p class='ocr_par' dir='ltr' id='par_1_82' title="bbox 2235 3711 3790 3786">
     <span class='ocr_line' id='line_1_82' title="bbox 2235 3711 3790 3786; baseline -0.005 -18"><span class='ocrx_word' id='word_1_547' title='bbox 2235 3714 2546 3784; x_wconf 82' lang='grc' dir='ltr'>πνεύματος</span> <span class='ocrx_word' id='word_1_548' title='bbox 2576 3713 2826 3786; x_wconf 79' lang='grc' dir='ltr'>ἀλλήλοις</span> <span class='ocrx_word' id='word_1_549' title='bbox 2854 3713 3276 3784; x_wconf 70' lang='grc' dir='ltr'>συνδεδεμένων,</span> <span class='ocrx_word' id='word_1_550' title='bbox 3308 3712 3436 3766; x_wconf 82' lang='grc' dir='ltr'>καθ’</span> <span class='ocrx_word' id='word_1_551' title='bbox 3477 3713 3547 3783; x_wconf 73' lang='grc' dir='ltr'>ἢν</span> <span class='ocrx_word' id='word_1_552' title='bbox 3574 3711 3667 3781; x_wconf 76' lang='grc' dir='ltr'>τὴν</span> <span class='ocrx_word' id='word_1_553' title='bbox 3693 3711 3790 3762; x_wconf 62' lang='grc' dir='ltr'>ἀεια</span> 
     </span>
    </p>
   </div>
   <div class='ocr_carea' id='block_1_83' title="bbox 2237 3799 3790 3877">
    <p class='ocr_par' dir='ltr' id='par_1_83' title="bbox 2237 3799 3790 3877">
     <span class='ocr_line' id='line_1_83' title="bbox 2237 3799 3790 3877; baseline -0.005 -17"><span class='ocrx_word' id='word_1_554' title='bbox 2237 3806 2457 3877; x_wconf 85' lang='grc' dir='ltr'>κίνητον</span> <span class='ocrx_word' id='word_1_555' title='bbox 2486 3804 2582 3858; x_wconf 82' lang='grc' dir='ltr'>τοῦ</span> <span class='ocrx_word' id='word_1_556' title='bbox 2613 3803 2776 3874; x_wconf 81' lang='grc' dir='ltr'>λόγου</span> <span class='ocrx_word' id='word_1_557' title='bbox 2813 3804 2913 3859; x_wconf 60' lang='grc' dir='ltr'><strong>καίν</strong></span> <span class='ocrx_word' id='word_1_558' title='bbox 2940 3805 3126 3870; x_wconf 82' lang='grc' dir='ltr'>ζῶσαν</span> <span class='ocrx_word' id='word_1_559' title='bbox 3171 3801 3471 3868; x_wconf 77' lang='grc' dir='ltr'>διαπαντὸς</span> <span class='ocrx_word' id='word_1_560' title='bbox 3504 3804 3683 3873; x_wconf 66' lang='grc' dir='ltr'>ἔχουσι</span> <span class='ocrx_word' id='word_1_561' title='bbox 3724 3799 3790 3852; x_wconf 73' lang='grc' dir='ltr'>δι·</span> 
     </span>
    </p>
   </div>
   <div class='ocr_carea' id='block_1_84' title="bbox 2241 3890 3791 3970">
    <p class='ocr_par' dir='ltr' id='par_1_84' title="bbox 2241 3890 3791 3970">
     <span class='ocr_line' id='line_1_84' title="bbox 2241 3890 3791 3970; baseline -0.006 -20"><span class='ocrx_word' id='word_1_562' title='bbox 2241 3898 2568 3967; x_wconf 83' lang='grc' dir='ltr'>ικνουμένην</span> <span class='ocrx_word' id='word_1_563' title='bbox 2601 3897 2883 3968; x_wconf 75' lang='grc' dir='ltr'>ἐνέργειαν</span> <span class='ocrx_word' id='word_1_564' title='bbox 2910 3912 2924 3927; x_wconf 87' lang='grc'><strong>·</strong></span> <span class='ocrx_word' id='word_1_565' title='bbox 2966 3898 3024 3949; x_wconf 81' lang='grc' dir='ltr'>ὲν</span> <span class='ocrx_word' id='word_1_566' title='bbox 3123 3898 3274 3950; x_wconf 77' lang='grc' dir='ltr'>πᾶσα</span> <span class='ocrx_word' id='word_1_567' title='bbox 3300 3895 3586 3958; x_wconf 79' lang='grc' dir='ltr'>παντελῶς</span> <span class='ocrx_word' id='word_1_568' title='bbox 3619 3893 3791 3947; x_wconf 78' lang='grc' dir='ltr'>ἄπεστι</span> 
     </span>
    </p>
   </div>
   <div class='ocr_carea' id='block_1_85' title="bbox 2238 3986 3004 4058">
    <p class='ocr_par' dir='ltr' id='par_1_85' title="bbox 2238 3986 3004 4058">
     <span class='ocr_line' id='line_1_85' title="bbox 2238 3986 3004 4058; baseline 0 -18"><span class='ocrx_word' id='word_1_569' title='bbox 2238 3988 2378 4058; x_wconf 72' lang='grc' dir='ltr'>πρδς</span> <span class='ocrx_word' id='word_1_570' title='bbox 2403 3986 2465 4039; x_wconf 75' lang='grc' dir='ltr'>τὸ</span> <span class='ocrx_word' id='word_1_571' title='bbox 2487 3986 2640 4040; x_wconf 85' lang='grc' dir='ltr'>Θεῖον</span> <span class='ocrx_word' id='word_1_572' title='bbox 2663 3987 3004 4056; x_wconf 75' lang='grc' dir='ltr'>ἀπέμφασις.</span> 
     </span>
    </p>
   </div>
   <div class='ocr_carea' id='block_1_86' title="bbox 2309 4069 3794 4149">
    <p class='ocr_par' dir='ltr' id='par_1_86' title="bbox 2309 4069 3794 4149">
     <span class='ocr_line' id='line_1_86' title="bbox 2309 4069 3794 4149; baseline -0.006 -17"><span class='ocrx_word' id='word_1_573' title='bbox 2309 4075 2422 4144; x_wconf 78' lang='lat' dir='ltr'><strong>vg.’</strong></span> <span class='ocrx_word' id='word_1_574' title='bbox 2462 4077 2896 4149; x_wconf 84' lang='grc' dir='ltr'>Ἐνεργουμένην</span> <span class='ocrx_word' id='word_1_575' title='bbox 2953 4075 3253 4147; x_wconf 64' lang='grc' dir='ltr'>ἐπιθυμίαν</span> <span class='ocrx_word' id='word_1_576' title='bbox 3310 4075 3480 4145; x_wconf 69' lang='grc' dir='ltr'>φασὶν</span> <span class='ocrx_word' id='word_1_577' title='bbox 3529 4070 3667 4128; x_wconf 73' lang='grc' dir='ltr'>εἶναι</span> <span class='ocrx_word' id='word_1_578' title='bbox 3711 4069 3794 4138; x_wconf 72' lang='grc' dir='ltr'>τὴν</span> 
     </span>
    </p>
   </div>
   <div class='ocr_carea' id='block_1_87' title="bbox 2239 4165 3792 4242">
    <p class='ocr_par' dir='ltr' id='par_1_87' title="bbox 2239 4165 3792 4242">
     <span class='ocr_line' id='line_1_87' title="bbox 2239 4165 3792 4242; baseline -0.008 -17"><span class='ocrx_word' id='word_1_579' title='bbox 2239 4171 2454 4242; x_wconf 77' lang='grc' dir='ltr'>ἡδονὴν,</span> <span class='ocrx_word' id='word_1_580' title='bbox 2490 4169 2651 4240; x_wconf 73' lang='grc' dir='ltr'>εἴπερ</span> <span class='ocrx_word' id='word_1_581' title='bbox 2687 4169 2866 4240; x_wconf 84' lang='grc' dir='ltr'>παρὸν</span> <span class='ocrx_word' id='word_1_582' title='bbox 2913 4168 3143 4238; x_wconf 81' lang='grc' dir='ltr'>ἀγαθὸν,</span> <span class='ocrx_word' id='word_1_583' title='bbox 3171 4167 3315 4222; x_wconf 79' lang='grc' dir='ltr'>κατὰ</span> <span class='ocrx_word' id='word_1_584' title='bbox 3342 4167 3440 4221; x_wconf 75' lang='grc' dir='ltr'><strong>τὸν</strong></span> <span class='ocrx_word' id='word_1_585' title='bbox 3466 4166 3638 4236; x_wconf 78' lang='grc' dir='ltr'>αὐτῆς</span> <span class='ocrx_word' id='word_1_586' title='bbox 3668 4165 3792 4214; x_wconf 73' lang='grc' dir='ltr'>ἐστιν</span> 
     </span>
    </p>
   </div>
   <div class='ocr_carea' id='block_1_88' title="bbox 2237 4252 3790 4333">
    <p class='ocr_par' dir='ltr' id='par_1_88' title="bbox 2237 4252 3790 4333">
     <span class='ocr_line' id='line_1_88' title="bbox 2237 4252 3790 4333; baseline -0.006 -20"><span class='ocrx_word' id='word_1_587' title='bbox 2237 4259 2502 4333; x_wconf 74' lang='grc' dir='ltr'>ὁρισμὸνο</span> <span class='ocrx_word' id='word_1_588' title='bbox 2555 4259 2916 4330; x_wconf 80' lang='grc' dir='ltr'>ἀνενέργητον</span> <span class='ocrx_word' id='word_1_589' title='bbox 2963 4258 3021 4312; x_wconf 78' lang='grc' dir='ltr'>δὲ</span> <span class='ocrx_word' id='word_1_590' title='bbox 3069 4257 3284 4329; x_wconf 80' lang='grc' dir='ltr'>ἡδονὴν,</span> <span class='ocrx_word' id='word_1_591' title='bbox 3344 4259 3444 4328; x_wconf 77' lang='grc' dir='ltr'>τὴν</span> <span class='ocrx_word' id='word_1_592' title='bbox 3501 4252 3790 4323; x_wconf 75' lang='grc' dir='ltr'>ἐπιθυμίαν,</span> 
     </span>
    </p>
   </div>
   <div class='ocr_carea' id='block_1_89' title="bbox 2241 4342 3790 4423">
    <p class='ocr_par' dir='ltr' id='par_1_89' title="bbox 2241 4342 3790 4423">
     <span class='ocr_line' id='line_1_89' title="bbox 2241 4342 3790 4423; baseline -0.005 -19"><span class='ocrx_word' id='word_1_593' title='bbox 2241 4351 2398 4423; x_wconf 82' lang='grc' dir='ltr'>εἴπερ</span> <span class='ocrx_word' id='word_1_594' title='bbox 2428 4350 2621 4422; x_wconf 81' lang='grc' dir='ltr'>μέλλον</span> <span class='ocrx_word' id='word_1_595' title='bbox 2651 4351 2874 4421; x_wconf 76' lang='grc' dir='ltr'>ἀγαθὸν,</span> <span class='ocrx_word' id='word_1_596' title='bbox 2907 4351 3049 4405; x_wconf 80' lang='grc' dir='ltr'>κατὰ</span> <span class='ocrx_word' id='word_1_597' title='bbox 3082 4351 3172 4405; x_wconf 84' lang='grc' dir='ltr'>τὸν</span> <span class='ocrx_word' id='word_1_598' title='bbox 3195 4351 3367 4420; x_wconf 82' lang='grc' dir='ltr'>αὐτῆς</span> <span class='ocrx_word' id='word_1_599' title='bbox 3392 4353 3544 4402; x_wconf 78' lang='grc' dir='ltr'>ἐστιν</span> <span class='ocrx_word' id='word_1_600' title='bbox 3575 4342 3790 4419; x_wconf 73' lang='grc' dir='ltr'>ὁρισμόν·</span> 
     </span>
    </p>
   </div>
   <div class='ocr_carea' id='block_1_90' title="bbox 562 4432 2131 4519">
    <p class='ocr_par' dir='ltr' id='par_1_90' title="bbox 562 4447 2131 4519">
     <span class='ocr_line' id='line_1_90' title="bbox 562 4447 2131 4519; baseline -0.007 -9"><span class='ocrx_word' id='word_1_601' title='bbox 562 4464 676 4510; x_wconf 88' lang='lat' dir='ltr'><strong>etet</strong></span> <span class='ocrx_word' id='word_1_602' title='bbox 715 4455 922 4509; x_wconf 86' lang='lat' dir='ltr'><strong>bonum</strong></span> <span class='ocrx_word' id='word_1_603' title='bbox 976 4453 1194 4506; x_wconf 82' lang='lat' dir='ltr'><strong>absens.</strong></span> <span class='ocrx_word' id='word_1_604' title='bbox 1239 4450 1403 4514; x_wconf 86' lang='lat' dir='ltr'><strong>Iram,</strong></span> <span class='ocrx_word' id='word_1_605' title='bbox 1449 4463 1610 4519; x_wconf 88' lang='lat' dir='ltr'><strong>quam</strong></span> <span class='ocrx_word' id='word_1_606' title='bbox 1659 4447 1843 4502; x_wconf 85' lang='lat' dir='ltr'><strong>animo</strong></span> <span class='ocrx_word' id='word_1_607' title='bbox 1876 4447 2131 4501; x_wconf 86' lang='lat' dir='ltr'><strong>molimur</strong></span> 
     </span>
    </p>
   </div>
   <div class='ocr_carea' id='block_1_91' title="bbox 2231 4432 3794 4519">
    <p class='ocr_par' dir='ltr' id='par_1_91' title="bbox 2238 4432 3794 4512">
     <span class='ocr_line' id='line_1_91' title="bbox 2238 4432 3794 4512; baseline -0.005 -16"><span class='ocrx_word' id='word_1_608' title='bbox 2238 4443 2332 4496; x_wconf 81' lang='grc' dir='ltr'>τὸν</span> <span class='ocrx_word' id='word_1_609' title='bbox 2363 4443 2417 4496; x_wconf 73' lang='grc' dir='ltr'>δὲ</span> <span class='ocrx_word' id='word_1_610' title='bbox 2447 4441 2639 4512; x_wconf 80' lang='grc' dir='ltr'>θυμὸν,</span> <span class='ocrx_word' id='word_1_611' title='bbox 2673 4442 2866 4512; x_wconf 86' lang='grc' dir='ltr'>μανίας</span> <span class='ocrx_word' id='word_1_612' title='bbox 2911 4442 3293 4512; x_wconf 84' lang='grc' dir='ltr'>μελετωμὲνην</span> <span class='ocrx_word' id='word_1_613' title='bbox 3323 4442 3565 4511; x_wconf 78' lang='grc' dir='ltr'>κίνησιν,</span> <span class='ocrx_word' id='word_1_614' title='bbox 3598 4437 3688 4491; x_wconf 77' lang='grc' dir='ltr'>καὶ</span> <span class='ocrx_word' id='word_1_615' title='bbox 3716 4432 3794 4501; x_wconf 72' lang='grc' dir='ltr'>τὴν</span> 
     </span>
    </p>
   </div>
   <div class='ocr_carea' id='block_1_92' title="bbox 562 4537 2133 4608">
    <p class='ocr_par' dir='ltr' id='par_1_92' title="bbox 562 4537 2133 4608">
     <span class='ocr_line' id='line_1_92' title="bbox 562 4537 2133 4608; baseline -0.005 -10"><span class='ocrx_word' id='word_1_616' title='bbox 562 4543 770 4598; x_wconf 82' lang='lat' dir='ltr'><strong>furoris</strong></span> <span class='ocrx_word' id='word_1_617' title='bbox 798 4542 1202 4605; x_wconf 85' lang='lat' dir='ltr'><strong>incitationem;</strong></span> <span class='ocrx_word' id='word_1_618' title='bbox 1254 4541 1519 4602; x_wconf 85' lang='lat' dir='ltr'><strong>furorem,</strong></span> <span class='ocrx_word' id='word_1_619' title='bbox 1565 4549 1728 4608; x_wconf 87' lang='lat' dir='ltr'><strong>quam</strong></span> <span class='ocrx_word' id='word_1_620' title='bbox 1777 4537 1900 4606; x_wconf 89' lang='lat' dir='ltr'><strong>ipso</strong></span> <span class='ocrx_word' id='word_1_621' title='bbox 1945 4551 2133 4606; x_wconf 88' lang='lat' dir='ltr'><strong>opere.</strong></span> 
     </span>
    </p>
   </div>
   <div class='ocr_carea' id='block_1_93' title="bbox 561 4625 2136 4704">
    <p class='ocr_par' dir='ltr' id='par_1_93' title="bbox 561 4625 2136 4704">
     <span class='ocr_line' id='line_1_93' title="bbox 561 4625 2136 4704; baseline -0.006 -14"><span class='ocrx_word' id='word_1_622' title='bbox 561 4634 668 4701; x_wconf 86' lang='lat' dir='ltr'><strong>Qui</strong></span> <span class='ocrx_word' id='word_1_623' title='bbox 695 4648 828 4704; x_wconf 90' lang='lat' dir='ltr'><strong>ergo</strong></span> <span class='ocrx_word' id='word_1_624' title='bbox 859 4633 960 4686; x_wconf 84' lang='lat' dir='ltr'><strong>has</strong></span> <span class='ocrx_word' id='word_1_625' title='bbox 1008 4629 1298 4683; x_wconf 88' lang='lat' dir='ltr'><strong>facultates</strong></span> <span class='ocrx_word' id='word_1_626' title='bbox 1330 4626 1531 4681; x_wconf 90' lang='lat' dir='ltr'><strong>rationi</strong></span> <span class='ocrx_word' id='word_1_627' title='bbox 1560 4625 1878 4696; x_wconf 85' lang='lat' dir='ltr'><strong>subjeeerit,</strong></span> <span class='ocrx_word' id='word_1_628' title='bbox 1915 4625 2136 4686; x_wconf 79' lang='lat' dir='ltr'><strong>cupidi-</strong></span> 
     </span>
    </p>
   </div>
   <div class='ocr_carea' id='block_1_94' title="bbox 634 4769 1279 4840">
    <p class='ocr_par' dir='ltr' id='par_1_94' title="bbox 634 4769 1279 4840">
     <span class='ocr_line' id='line_1_94' title="bbox 634 4769 1279 4840; baseline -0.003 -16"><span class='ocrx_word' id='word_1_629' title='bbox 634 4771 683 4803; x_wconf 82' lang='lat'><strong>”</strong></span> <span class='ocrx_word' id='word_1_630' title='bbox 715 4769 888 4824; x_wconf 75' lang='lat' dir='ltr'><strong>Exod.</strong></span> <span class='ocrx_word' id='word_1_631' title='bbox 921 4785 1034 4835; x_wconf 74' lang='lat' dir='ltr'><strong>ut,</strong></span> <span class='ocrx_word' id='word_1_632' title='bbox 1061 4769 1100 4823; x_wconf 76' lang='grc'>2</span> <span class='ocrx_word' id='word_1_633' title='bbox 1125 4785 1279 4840; x_wconf 85' lang='lat' dir='ltr'><strong>seqq.</strong></span> 
     </span>
    </p>
   </div>
   <div class='ocr_carea' id='block_1_95' title="bbox 637 4897 2130 4976">
    <p class='ocr_par' dir='ltr' id='par_1_95' title="bbox 637 4897 2130 4976">
     <span class='ocr_line' id='line_1_95' title="bbox 637 4897 2130 4976; baseline -0.003 -20"><span class='ocrx_word' id='word_1_634' title='bbox 637 4901 967 4976; x_wconf 44' lang='grc' dir='ltr'><strong>(εὴ-Παιδὸς</strong></span> <span class='ocrx_word' id='word_1_635' title='bbox 996 4901 1449 4976; x_wconf 40' lang='grc' dir='ltr'>κού-παιδίσκης</span> <span class='ocrx_word' id='word_1_636' title='bbox 1471 4899 1667 4976; x_wconf 46' lang='grc' dir='ltr'>δίκηνς</span> <span class='ocrx_word' id='word_1_637' title='bbox 1689 4899 1852 4976; x_wconf 62' lang='lat' dir='ltr'><strong>Clara</strong></span> <span class='ocrx_word' id='word_1_638' title='bbox 1885 4897 2130 4976; x_wconf 63' lang='lat' dir='ltr'><strong>tropolo-</strong></span> 
     </span>
    </p>
   </div>
   <div class='ocr_carea' id='block_1_96' title="bbox 563 4969 2132 5045">
    <p class='ocr_par' dir='ltr' id='par_1_96' title="bbox 563 4969 2132 5045">
     <span class='ocr_line' id='line_1_96' title="bbox 563 4969 2132 5045; baseline -0.005 -17"><span class='ocrx_word' id='word_1_639' title='bbox 563 4969 976 5045; x_wconf 55' lang='lat' dir='ltr'><strong>gia&#39;,&#39;de_servis</strong></span> <span class='ocrx_word' id='word_1_640' title='bbox 1018 4971 1280 5034; x_wconf 60' lang='lat' dir='ltr'><strong>Hebreis,</strong></span> <span class='ocrx_word' id='word_1_641' title='bbox 1303 4972 1398 5045; x_wconf 75' lang='lat' dir='ltr'><strong>qui</strong></span> <span class='ocrx_word' id='word_1_642' title='bbox 1449 4979 1577 5024; x_wconf 83' lang='lat' dir='ltr'><strong>sunt</strong></span> <span class='ocrx_word' id='word_1_643' title='bbox 1615 4970 1678 5022; x_wconf 81' lang='grc' dir='ltr'>τὸ</span> <span class='ocrx_word' id='word_1_644' title='bbox 1717 4969 2010 5045; x_wconf 64' lang='grc' dir='ltr'>ὁμόφυλον,</span> <span class='ocrx_word' id='word_1_645' title='bbox 2051 4969 2132 5045; x_wconf 75' lang='lat' dir='ltr'><strong>sic</strong></span> 
     </span>
    </p>
   </div>
   <div class='ocr_carea' id='block_1_97' title="bbox 567 5037 2134 5111">
    <p class='ocr_par' dir='ltr' id='par_1_97' title="bbox 567 5037 2134 5111">
     <span class='ocr_line' id='line_1_97' title="bbox 567 5037 2134 5111; baseline -0.004 -14"><span class='ocrx_word' id='word_1_646' title='bbox 567 5037 707 5098; x_wconf 68' lang='lat' dir='ltr'><strong>Belle</strong></span> <span class='ocrx_word' id='word_1_647' title='bbox 747 5043 873 5096; x_wconf 84' lang='lat' dir='ltr'><strong>Pico</strong></span> <span class='ocrx_word' id='word_1_648' title='bbox 907 5057 1074 5111; x_wconf 89' lang='lat' dir='ltr'><strong>supra</strong></span> <span class='ocrx_word' id='word_1_649' title='bbox 1127 5037 1471 5111; x_wconf 74' lang='lat' dir='ltr'><strong>expositum;</strong></span> <span class='ocrx_word' id='word_1_650' title='bbox 1508 5037 2021 5111; x_wconf 36' lang='lat' dir='ltr'><strong>quorunﬁservitus</strong></span> <span class='ocrx_word' id='word_1_651' title='bbox 2062 5037 2134 5111; x_wconf 80' lang='lat' dir='ltr'><strong>ad</strong></span> 
     </span>
    </p>
   </div>
   <div class='ocr_carea' id='block_1_98' title="bbox 567 5107 2133 5181">
    <p class='ocr_par' dir='ltr' id='par_1_98' title="bbox 567 5107 2133 5181">
     <span class='ocr_line' id='line_1_98' title="bbox 567 5107 2133 5181; baseline -0.003 -15"><span class='ocrx_word' id='word_1_652' title='bbox 567 5121 783 5181; x_wconf 87' lang='lat' dir='ltr'><strong>tempus</strong></span> <span class='ocrx_word' id='word_1_653' title='bbox 814 5107 1058 5174; x_wconf 57' lang='lat' dir='ltr'><strong>esset,&#39;id</strong></span> <span class='ocrx_word' id='word_1_654' title='bbox 1084 5107 1283 5174; x_wconf 52' lang='lat' dir='ltr'><strong>est,&#39;in</strong></span> <span class='ocrx_word' id='word_1_655' title='bbox 1314 5125 1486 5164; x_wconf 84' lang='lat' dir='ltr'><strong>annos</strong></span> <span class='ocrx_word' id='word_1_656' title='bbox 1516 5107 1704 5172; x_wconf 72' lang='lat' dir='ltr'><strong>Senos;</strong></span> <span class='ocrx_word' id='word_1_657' title='bbox 1736 5107 1913 5181; x_wconf 82' lang='lat' dir='ltr'><strong>deque</strong></span> <span class='ocrx_word' id='word_1_658' title='bbox 1955 5108 2133 5181; x_wconf 77' lang='lat' dir='ltr'><strong>servis</strong></span> 
     </span>
    </p>
   </div>
   <div class='ocr_carea' id='block_1_99' title="bbox 566 5175 2132 5250">
    <p class='ocr_par' dir='ltr' id='par_1_99' title="bbox 566 5175 2132 5250">
     <span class='ocr_line' id='line_1_99' title="bbox 566 5175 2132 5250; baseline -0.003 -15"><span class='ocrx_word' id='word_1_659' title='bbox 566 5175 890 5250; x_wconf 78' lang='lat' dir='ltr'><strong>alienigenis</strong></span> <span class='ocrx_word' id='word_1_660' title='bbox 913 5181 1012 5249; x_wconf 87' lang='lat' dir='ltr'><strong>qui</strong></span> <span class='ocrx_word' id='word_1_661' title='bbox 1053 5181 1109 5233; x_wconf 91' lang='lat' dir='ltr'><strong>in</strong></span> <span class='ocrx_word' id='word_1_662' title='bbox 1148 5189 1477 5250; x_wconf 86' lang='lat' dir='ltr'><strong>perpetuum</strong></span> <span class='ocrx_word' id='word_1_663' title='bbox 1510 5189 1698 5232; x_wconf 83' lang='lat' dir='ltr'><strong>essent</strong></span> <span class='ocrx_word' id='word_1_664' title='bbox 1739 5175 2028 5250; x_wconf 78' lang='lat' dir='ltr'><strong>servituri;</strong></span> <span class='ocrx_word' id='word_1_665' title='bbox 2063 5175 2132 5230; x_wconf 88' lang='lat' dir='ltr'><strong>de</strong></span> 
     </span>
    </p>
   </div>
   <div class='ocr_carea' id='block_1_100' title="bbox 567 5247 2130 5304">
    <p class='ocr_par' dir='ltr' id='par_1_100' title="bbox 567 5247 2130 5304">
     <span class='ocr_line' id='line_1_100' title="bbox 567 5247 2130 5304; baseline -0.003 0"><span class='ocrx_word' id='word_1_666' title='bbox 567 5247 1163 5304; x_wconf 41' lang='lat' dir='ltr'><strong>facultatibus—animh</strong></span> <span class='ocrx_word' id='word_1_667' title='bbox 1189 5247 1315 5304; x_wconf 68' lang='lat' dir='ltr'><strong>cuin</strong></span> <span class='ocrx_word' id='word_1_668' title='bbox 1364 5249 1576 5302; x_wconf 86' lang='lat' dir='ltr'><strong>ratione</strong></span> <span class='ocrx_word' id='word_1_669' title='bbox 1620 5257 1678 5301; x_wconf 87' lang='lat' dir='ltr'><strong>et</strong></span> <span class='ocrx_word' id='word_1_670' title='bbox 1720 5247 1839 5301; x_wconf 88' lang='lat' dir='ltr'><strong>sine</strong></span> <span class='ocrx_word' id='word_1_671' title='bbox 1893 5247 2130 5300; x_wconf 79' lang='lat' dir='ltr'><strong>ratione.</strong></span> 
     </span>
    </p>
   </div>
   <div class='ocr_carea' id='block_1_101' title="bbox 566 5317 2134 5388">
    <p class='ocr_par' dir='ltr' id='par_1_101' title="bbox 566 5317 2134 5388">
     <span class='ocr_line' id='line_1_101' title="bbox 566 5317 2134 5388; baseline -0.005 -13"><span class='ocrx_word' id='word_1_672' title='bbox 566 5318 717 5375; x_wconf 78' lang='lat' dir='ltr'><strong>Nihil</strong></span> <span class='ocrx_word' id='word_1_673' title='bbox 740 5319 879 5372; x_wconf 83' lang='lat' dir='ltr'><strong>bene</strong></span> <span class='ocrx_word' id='word_1_674' title='bbox 898 5319 1079 5381; x_wconf 86' lang='lat' dir='ltr'><strong>Picus,</strong></span> <span class='ocrx_word' id='word_1_675' title='bbox 1110 5320 1250 5374; x_wconf 85' lang='lat' dir='ltr'><strong>Puer</strong></span> <span class='ocrx_word' id='word_1_676' title='bbox 1276 5326 1325 5372; x_wconf 76' lang='lat' dir='ltr'><strong>et</strong></span> <span class='ocrx_word' id='word_1_677' title='bbox 1354 5317 1532 5388; x_wconf 79' lang='lat' dir='ltr'><strong>puella</strong></span> <span class='ocrx_word' id='word_1_678' title='bbox 1561 5319 1849 5388; x_wconf 67' lang='grc' dir='ltr'><strong>τιεθοεὶιιηιΔ</strong></span> <span class='ocrx_word' id='word_1_679' title='bbox 1870 5317 2134 5388; x_wconf 61' lang='lat' dir='ltr'><strong>facessunt</strong></span> 
     </span>
    </p>
   </div>
   <div class='ocr_carea' id='block_1_102' title="bbox 572 5385 2128 5458">
    <p class='ocr_par' dir='ltr' id='par_1_102' title="bbox 572 5385 2128 5458">
     <span class='ocr_line' id='line_1_102' title="bbox 572 5385 2128 5458; baseline -0.004 -13"><span class='ocrx_word' id='word_1_680' title='bbox 572 5391 680 5446; x_wconf 89' lang='lat' dir='ltr'><strong>imo</strong></span> <span class='ocrx_word' id='word_1_681' title='bbox 709 5397 879 5450; x_wconf 89' lang='lat' dir='ltr'><strong>certe,</strong></span> <span class='ocrx_word' id='word_1_682' title='bbox 901 5389 1208 5458; x_wconf 88' lang='lat' dir='ltr'><strong>suscipiunt</strong></span> <span class='ocrx_word' id='word_1_683' title='bbox 1239 5385 1596 5452; x_wconf 86' lang='lat' dir='ltr'><strong>seuhabent;</strong></span> <span class='ocrx_word' id='word_1_684' title='bbox 1623 5385 1686 5440; x_wconf 86' lang='lat' dir='ltr'><strong>ac</strong></span> <span class='ocrx_word' id='word_1_685' title='bbox 1707 5385 1852 5456; x_wconf 87' lang='lat' dir='ltr'><strong>quod</strong></span> <span class='ocrx_word' id='word_1_686' title='bbox 1872 5385 2128 5458; x_wconf 77' lang='lat' dir='ltr'><strong>reddidi,</strong></span> 
     </span>
    </p>
   </div>
   <div class='ocr_carea' id='block_1_103' title="bbox 576 5457 2139 5519">
    <p class='ocr_par' dir='ltr' id='par_1_103' title="bbox 576 5457 2139 5519">
     <span class='ocr_line' id='line_1_103' title="bbox 576 5457 2139 5519; baseline -0.004 -5"><span class='ocrx_word' id='word_1_687' title='bbox 576 5460 836 5514; x_wconf 76' lang='lat' dir='ltr'><strong>laborant.</strong></span> <span class='ocrx_word' id='word_1_688' title='bbox 855 5458 912 5510; x_wconf 88' lang='lat'><strong>&#39;0</strong></span> <span class='ocrx_word' id='word_1_689' title='bbox 940 5457 1097 5519; x_wconf 70' lang='grc' dir='ltr'>ἕκτος</span> <span class='ocrx_word' id='word_1_690' title='bbox 1124 5457 1232 5511; x_wconf 82' lang='grc' dir='ltr'><strong>τῶν</strong></span> <span class='ocrx_word' id='word_1_691' title='bbox 1263 5459 1423 5510; x_wconf 72' lang='grc' dir='ltr'><strong>ὲτῶψ</strong></span> <span class='ocrx_word' id='word_1_692' title='bbox 1462 5473 1723 5510; x_wconf 81' lang='lat' dir='ltr'><strong>annorum</strong></span> <span class='ocrx_word' id='word_1_693' title='bbox 1744 5457 2006 5518; x_wconf 76' lang='lat' dir='ltr'><strong>senarius,</strong></span> <span class='ocrx_word' id='word_1_694' title='bbox 2034 5472 2139 5508; x_wconf 86' lang='lat' dir='ltr'><strong>mt-</strong></span> 
     </span>
    </p>
   </div>
   <div class='ocr_carea' id='block_1_104' title="bbox 568 5525 2133 5597">
    <p class='ocr_par' dir='ltr' id='par_1_104' title="bbox 568 5525 2133 5597">
     <span class='ocr_line' id='line_1_104' title="bbox 568 5525 2133 5597; baseline -0.004 -14"><span class='ocrx_word' id='word_1_695' title='bbox 568 5545 744 5584; x_wconf 73' lang='lat' dir='ltr'><strong>merus</strong></span> <span class='ocrx_word' id='word_1_696' title='bbox 776 5544 794 5583; x_wconf 90' lang='lat'><em>:</em></span> <span class='ocrx_word' id='word_1_697' title='bbox 825 5529 968 5582; x_wconf 83' lang='lat' dir='ltr'><strong>male</strong></span> <span class='ocrx_word' id='word_1_698' title='bbox 999 5543 1225 5597; x_wconf 85' lang='lat' dir='ltr'><strong>prorsus</strong></span> <span class='ocrx_word' id='word_1_699' title='bbox 1255 5528 1420 5582; x_wconf 86' lang='lat' dir='ltr'><strong>editis</strong></span> <span class='ocrx_word' id='word_1_700' title='bbox 1443 5537 1583 5592; x_wconf 86' lang='lat' dir='ltr'><strong>erat,</strong></span> <span class='ocrx_word' id='word_1_701' title='bbox 1608 5525 1836 5597; x_wconf 74' lang='grc' dir='ltr'>ἀρετῶν,</span> <span class='ocrx_word' id='word_1_702' title='bbox 1859 5526 2133 5597; x_wconf 73' lang='lat' dir='ltr'><strong>virtutum,</strong></span> 
     </span>
    </p>
   </div>
   <div class='ocr_carea' id='block_1_105' title="bbox 567 5595 2137 5668">
    <p class='ocr_par' dir='ltr' id='par_1_105' title="bbox 567 5595 2137 5668">
     <span class='ocr_line' id='line_1_105' title="bbox 567 5595 2137 5668; baseline -0.004 -14"><span class='ocrx_word' id='word_1_703' title='bbox 567 5600 675 5654; x_wconf 84' lang='lat' dir='ltr'><strong>etsi</strong></span> <span class='ocrx_word' id='word_1_704' title='bbox 702 5599 957 5668; x_wconf 76' lang='lat' dir='ltr'><strong>excoquit</strong></span> <span class='ocrx_word' id='word_1_705' title='bbox 977 5595 1162 5668; x_wconf 76' lang='lat' dir='ltr'><strong>Picus.</strong></span> <span class='ocrx_word' id='word_1_706' title='bbox 1189 5597 1319 5665; x_wconf 65' lang='lat' dir='ltr'><strong>Quae</strong></span> <span class='ocrx_word' id='word_1_707' title='bbox 1348 5599 1496 5652; x_wconf 89' lang='lat' dir='ltr'><strong>enim</strong></span> <span class='ocrx_word' id='word_1_708' title='bbox 1538 5611 1682 5651; x_wconf 68' lang='lat' dir='ltr'><strong>sena:</strong></span> <span class='ocrx_word' id='word_1_709' title='bbox 1703 5595 1974 5668; x_wconf 72' lang='lat' dir='ltr'><strong>virtutes?</strong></span> <span class='ocrx_word' id='word_1_710' title='bbox 2002 5609 2137 5668; x_wconf 49' lang='lat' dir='ltr'><strong>qua;</strong></span> 
     </span>
    </p>
   </div>
   <div class='ocr_carea' id='block_1_106' title="bbox 572 5662 2132 5738">
    <p class='ocr_par' dir='ltr' id='par_1_106' title="bbox 572 5662 2132 5738">
     <span class='ocr_line' id='line_1_106' title="bbox 572 5662 2132 5738; baseline -0.004 -17"><span class='ocrx_word' id='word_1_711' title='bbox 572 5676 758 5724; x_wconf 87' lang='lat' dir='ltr'><strong>ternas</strong></span> <span class='ocrx_word' id='word_1_712' title='bbox 783 5662 987 5722; x_wconf 76' lang='lat' dir='ltr'><strong>norunt</strong></span> <span class='ocrx_word' id='word_1_713' title='bbox 1038 5662 1376 5738; x_wconf 73' lang='lat' dir='ltr'><strong>pbilosbphi,</strong></span> <span class='ocrx_word' id='word_1_714' title='bbox 1410 5677 1595 5721; x_wconf 89' lang='lat' dir='ltr'><strong>ternas</strong></span> <span class='ocrx_word' id='word_1_715' title='bbox 1643 5664 1910 5738; x_wconf 80' lang='lat' dir='ltr'><strong>theologi;</strong></span> <span class='ocrx_word' id='word_1_716' title='bbox 1947 5662 2132 5716; x_wconf 81' lang='lat' dir='ltr'><strong>neutri</strong></span> 
     </span>
    </p>
   </div>
   <div class='ocr_carea' id='block_1_107' title="bbox 573 5735 2134 5793">
    <p class='ocr_par' dir='ltr' id='par_1_107' title="bbox 573 5735 2134 5793">
     <span class='ocr_line' id='line_1_107' title="bbox 573 5735 2134 5793; baseline -0.003 -1"><span class='ocrx_word' id='word_1_717' title='bbox 573 5753 770 5793; x_wconf 85' lang='lat' dir='ltr'><strong>senas:</strong></span> <span class='ocrx_word' id='word_1_718' title='bbox 806 5753 908 5793; x_wconf 90' lang='lat' dir='ltr'><strong>nec</strong></span> <span class='ocrx_word' id='word_1_719' title='bbox 931 5739 986 5792; x_wconf 92' lang='lat' dir='ltr'><strong>in</strong></span> <span class='ocrx_word' id='word_1_720' title='bbox 1013 5735 1312 5792; x_wconf 77' lang='lat' dir='ltr'><strong>virtutibus</strong></span> <span class='ocrx_word' id='word_1_721' title='bbox 1342 5745 1696 5791; x_wconf 86' lang='lat' dir='ltr'><strong>consecratus</strong></span> <span class='ocrx_word' id='word_1_722' title='bbox 1732 5735 1822 5790; x_wconf 89' lang='lat' dir='ltr'><strong>hic</strong></span> <span class='ocrx_word' id='word_1_723' title='bbox 1868 5747 2134 5787; x_wconf 84' lang='lat' dir='ltr'><strong>numerus</strong></span> 
     </span>
    </p>
   </div>
   <div class='ocr_carea' id='block_1_108' title="bbox 2246 4522 3795 4606">
    <p class='ocr_par' dir='ltr' id='par_1_108' title="bbox 2246 4522 3795 4606">
     <span class='ocr_line' id='line_1_108' title="bbox 2246 4522 3795 4606; baseline -0.008 -18"><span class='ocrx_word' id='word_1_724' title='bbox 2246 4534 2461 4605; x_wconf 86' lang='grc' dir='ltr'>μανίαν,</span> <span class='ocrx_word' id='word_1_725' title='bbox 2487 4534 2656 4603; x_wconf 75' lang='grc' dir='ltr'>θυμὸν</span> <span class='ocrx_word' id='word_1_726' title='bbox 2693 4535 3106 4606; x_wconf 81' lang='grc' dir='ltr'>ὲνεργούμενον.</span> <span class='ocrx_word' id='word_1_727' title='bbox 3141 4534 3200 4588; x_wconf 91' lang='lat'><strong>&#39;0</strong></span> <span class='ocrx_word' id='word_1_728' title='bbox 3227 4531 3358 4601; x_wconf 81' lang='grc' dir='ltr'>γοῦν</span> <span class='ocrx_word' id='word_1_729' title='bbox 3390 4532 3598 4594; x_wconf 83' lang='grc' dir='ltr'>ταύτας</span> <span class='ocrx_word' id='word_1_730' title='bbox 3624 4522 3795 4581; x_wconf 80' lang='grc' dir='ltr'>ὑποτά-</span> 
     </span>
    </p>
   </div>
   <div class='ocr_carea' id='block_1_109' title="bbox 2243 4615 3794 4697">
    <p class='ocr_par' dir='ltr' id='par_1_109' title="bbox 2243 4615 3794 4697">
     <span class='ocr_line' id='line_1_109' title="bbox 2243 4615 3794 4697; baseline -0.008 -17"><span class='ocrx_word' id='word_1_731' title='bbox 2243 4626 2339 4694; x_wconf 81' lang='grc' dir='ltr'>ξας</span> <span class='ocrx_word' id='word_1_732' title='bbox 2367 4625 2444 4697; x_wconf 84' lang='grc' dir='ltr'><strong>τῷ</strong></span> <span class='ocrx_word' id='word_1_733' title='bbox 2476 4625 2622 4696; x_wconf 80' lang='grc' dir='ltr'>λόγῳ</span> <span class='ocrx_word' id='word_1_734' title='bbox 2652 4627 2750 4691; x_wconf 80' lang='grc' dir='ltr'><strong>τὰς</strong></span> <span class='ocrx_word' id='word_1_735' title='bbox 2780 4626 3062 4696; x_wconf 80' lang='grc' dir='ltr'>δυνάμεις,</span> <span class='ocrx_word' id='word_1_736' title='bbox 3094 4626 3338 4696; x_wconf 76' lang='grc' dir='ltr'>εὑρήσει,</span> <span class='ocrx_word' id='word_1_737' title='bbox 3369 4625 3472 4697; x_wconf 81' lang='grc' dir='ltr'>τὴν</span> <span class='ocrx_word' id='word_1_738' title='bbox 3509 4625 3607 4695; x_wconf 78' lang='grc' dir='ltr'><strong>μὲν</strong></span> <span class='ocrx_word' id='word_1_739' title='bbox 3631 4615 3794 4673; x_wconf 78' lang='grc' dir='ltr'>ἐπιθυ-</span> 
     </span>
    </p>
   </div>
   <div class='ocr_carea' id='block_1_110' title="bbox 2237 4893 3794 4970">
    <p class='ocr_par' dir='ltr' id='par_1_110' title="bbox 2237 4893 3794 4970">
     <span class='ocr_line' id='line_1_110' title="bbox 2237 4893 3794 4970; baseline -0.006 -16"><span class='ocrx_word' id='word_1_740' title='bbox 2237 4908 2343 4964; x_wconf 89' lang='lat' dir='ltr'><strong>est,</strong></span> <span class='ocrx_word' id='word_1_741' title='bbox 2369 4901 2486 4969; x_wconf 87' lang='lat' dir='ltr'><strong>ipse</strong></span> <span class='ocrx_word' id='word_1_742' title='bbox 2509 4899 2714 4970; x_wconf 84' lang='lat' dir='ltr'><strong>alioqui</strong></span> <span class='ocrx_word' id='word_1_743' title='bbox 2743 4901 2800 4954; x_wconf 91' lang='lat' dir='ltr'><strong>in</strong></span> <span class='ocrx_word' id='word_1_744' title='bbox 2829 4915 2888 4955; x_wconf 88' lang='lat' dir='ltr'><strong>se</strong></span> <span class='ocrx_word' id='word_1_745' title='bbox 2911 4899 3211 4970; x_wconf 81' lang='lat' dir='ltr'><strong>perfectus,</strong></span> <span class='ocrx_word' id='word_1_746' title='bbox 3240 4907 3296 4954; x_wconf 89' lang='lat' dir='ltr'><strong>et</strong></span> <span class='ocrx_word' id='word_1_747' title='bbox 3326 4899 3574 4970; x_wconf 82' lang='lat' dir='ltr'><strong>actionis</strong></span> <span class='ocrx_word' id='word_1_748' title='bbox 3607 4893 3794 4968; x_wconf 62' lang='lat' dir='ltr'><strong>symbo-</strong></span> 
     </span>
    </p>
   </div>
   <div class='ocr_carea' id='block_1_111' title="bbox 2235 4969 3792 5040">
    <p class='ocr_par' dir='ltr' id='par_1_111' title="bbox 2235 4969 3792 5040">
     <span class='ocr_line' id='line_1_111' title="bbox 2235 4969 3792 5040; baseline -0.002 -15"><span class='ocrx_word' id='word_1_749' title='bbox 2235 4971 2354 5025; x_wconf 79' lang='lat' dir='ltr'><strong>lum</strong></span> <span class='ocrx_word' id='word_1_750' title='bbox 2384 4971 2598 5026; x_wconf 85' lang='lat' dir='ltr'><strong>idcirco</strong></span> <span class='ocrx_word' id='word_1_751' title='bbox 2622 4969 2771 5040; x_wconf 71' lang='lat' dir='ltr'><strong>quod</strong></span> <span class='ocrx_word' id='word_1_752' title='bbox 2808 4969 3130 5025; x_wconf 32' lang='lat' dir='ltr'><strong>sex’diebus</strong></span> <span class='ocrx_word' id='word_1_753' title='bbox 3169 4969 3410 5040; x_wconf 78' lang='lat' dir='ltr'><strong>mandas</strong></span> <span class='ocrx_word' id='word_1_754' title='bbox 3429 4969 3684 5040; x_wconf 78' lang='lat' dir='ltr'><strong>conditus</strong></span> <span class='ocrx_word' id='word_1_755' title='bbox 3706 4973 3792 5022; x_wconf 67' lang='lat' dir='ltr'><strong>est.</strong></span> 
     </span>
    </p>
   </div>
   <div class='ocr_carea' id='block_1_112' title="bbox 2239 5039 3793 5110">
    <p class='ocr_par' dir='ltr' id='par_1_112' title="bbox 2239 5039 3793 5110">
     <span class='ocr_line' id='line_1_112' title="bbox 2239 5039 3793 5110; baseline -0.006 -16"><span class='ocrx_word' id='word_1_756' title='bbox 2239 5041 2472 5110; x_wconf 88' lang='lat' dir='ltr'><strong>septimo</strong></span> <span class='ocrx_word' id='word_1_757' title='bbox 2499 5039 2674 5110; x_wconf 85' lang='lat' dir='ltr'><strong>quieti</strong></span> <span class='ocrx_word' id='word_1_758' title='bbox 2709 5040 2951 5103; x_wconf 89' lang='lat' dir='ltr'><strong>addicto,</strong></span> <span class='ocrx_word' id='word_1_759' title='bbox 2975 5041 3068 5110; x_wconf 89' lang='lat' dir='ltr'><strong>qui</strong></span> <span class='ocrx_word' id='word_1_760' title='bbox 3113 5049 3199 5094; x_wconf 87' lang='lat' dir='ltr'><strong>est</strong></span> <span class='ocrx_word' id='word_1_761' title='bbox 3223 5041 3342 5096; x_wconf 85' lang='lat' dir='ltr'><strong>dies</strong></span> <span class='ocrx_word' id='word_1_762' title='bbox 3389 5039 3648 5110; x_wconf 78' lang='lat' dir='ltr'><strong>Sabbati;</strong></span> <span class='ocrx_word' id='word_1_763' title='bbox 3679 5047 3793 5110; x_wconf 74' lang='lat' dir='ltr'><strong>nova</strong></span> 
     </span>
    </p>
   </div>
   <div class='ocr_carea' id='block_1_113' title="bbox 2240 5103 3792 5178">
    <p class='ocr_par' dir='ltr' id='par_1_113' title="bbox 2240 5103 3792 5178">
     <span class='ocr_line' id='line_1_113' title="bbox 2240 5103 3792 5178; baseline -0.005 -15"><span class='ocrx_word' id='word_1_764' title='bbox 2240 5103 2404 5166; x_wconf 70' lang='lat' dir='ltr'><strong>nobis</strong></span> <span class='ocrx_word' id='word_1_765' title='bbox 2429 5103 2709 5166; x_wconf 71' lang='lat' dir='ltr'><strong>creatione</strong></span> <span class='ocrx_word' id='word_1_766' title='bbox 2733 5111 2788 5164; x_wconf 93' lang='lat' dir='ltr'><strong>in</strong></span> <span class='ocrx_word' id='word_1_767' title='bbox 2818 5110 2966 5164; x_wconf 91' lang='lat' dir='ltr'><strong>diem</strong></span> <span class='ocrx_word' id='word_1_768' title='bbox 2991 5103 3349 5164; x_wconf 48' lang='lat' dir='ltr'><strong>&quot;Dominicum</strong></span> <span class='ocrx_word' id='word_1_769' title='bbox 3377 5108 3661 5178; x_wconf 82' lang='lat' dir='ltr'><strong>auspicata</strong></span> <span class='ocrx_word' id='word_1_770' title='bbox 3695 5103 3792 5178; x_wconf 70' lang='lat' dir='ltr'><strong>ejus</strong></span> 
     </span>
    </p>
   </div>
   <div class='ocr_carea' id='block_1_114' title="bbox 2240 5175 3796 5249">
    <p class='ocr_par' dir='ltr' id='par_1_114' title="bbox 2240 5175 3796 5249">
     <span class='ocr_line' id='line_1_114' title="bbox 2240 5175 3796 5249; baseline -0.003 -16"><span class='ocrx_word' id='word_1_771' title='bbox 2240 5181 2652 5235; x_wconf 89' lang='lat' dir='ltr'><strong>resurrectione</strong></span> <span class='ocrx_word' id='word_1_772' title='bbox 2690 5192 2986 5249; x_wconf 87' lang='lat' dir='ltr'><strong>nostraque</strong></span> <span class='ocrx_word' id='word_1_773' title='bbox 3018 5181 3072 5233; x_wconf 91' lang='lat' dir='ltr'><strong>in</strong></span> <span class='ocrx_word' id='word_1_774' title='bbox 3099 5180 3212 5244; x_wconf 86' lang='lat' dir='ltr'><strong>illo,</strong></span> <span class='ocrx_word' id='word_1_775' title='bbox 3247 5195 3444 5233; x_wconf 81' lang='lat' dir='ltr'><strong>versus</strong></span> <span class='ocrx_word' id='word_1_776' title='bbox 3476 5175 3502 5228; x_wconf 68' lang='grc' dir='ltr'><em>ἔ</em></span> <span class='ocrx_word' id='word_1_777' title='bbox 3539 5193 3636 5248; x_wconf 88' lang='lat' dir='ltr'><strong>per</strong></span> <span class='ocrx_word' id='word_1_778' title='bbox 3663 5175 3796 5249; x_wconf 74' lang='lat' dir='ltr'><strong>cuius</strong></span> 
     </span>
    </p>
   </div>
   <div class='ocr_carea' id='block_1_115' title="bbox 2238 5244 3796 5320">
    <p class='ocr_par' dir='ltr' id='par_1_115' title="bbox 2238 5244 3796 5320">
     <span class='ocr_line' id='line_1_115' title="bbox 2238 5244 3796 5320; baseline -0.001 -18"><span class='ocrx_word' id='word_1_779' title='bbox 2238 5251 2562 5320; x_wconf 77' lang='grc' dir='ltr'>προεόρτιον</span> <span class='ocrx_word' id='word_1_780' title='bbox 2588 5251 2681 5305; x_wconf 87' lang='lat' dir='ltr'><strong>die</strong></span> <span class='ocrx_word' id='word_1_781' title='bbox 2716 5244 2916 5320; x_wconf 69' lang='lat' dir='ltr'><strong>magno</strong></span> <span class='ocrx_word' id='word_1_782' title='bbox 2939 5250 3190 5313; x_wconf 81' lang='lat' dir='ltr'><strong>Sabbat&#39;r,</strong></span> <span class='ocrx_word' id='word_1_783' title='bbox 3237 5263 3358 5304; x_wconf 80' lang='lat' dir='ltr'><strong>mea</strong></span> <span class='ocrx_word' id='word_1_784' title='bbox 3399 5244 3656 5319; x_wconf 62' lang='lat' dir='ltr'><strong>relegens</strong></span> <span class='ocrx_word' id='word_1_785' title='bbox 3701 5244 3796 5296; x_wconf 57' lang='lat' dir='ltr'><strong>hac</strong></span> 
     </span>
    </p>
   </div>
   <div class='ocr_carea' id='block_1_116' title="bbox 2236 5320 3250 5390">
    <p class='ocr_par' dir='ltr' id='par_1_116' title="bbox 2236 5320 3250 5390">
     <span class='ocr_line' id='line_1_116' title="bbox 2236 5320 3250 5390; baseline 0 -16"><span class='ocrx_word' id='word_1_786' title='bbox 2236 5321 2604 5390; x_wconf 85' lang='lat' dir='ltr'><strong>subnotabam</strong></span> <span class='ocrx_word' id='word_1_787' title='bbox 2623 5321 2746 5376; x_wconf 84' lang='lat' dir='ltr'><strong>Kal.</strong></span> <span class='ocrx_word' id='word_1_788' title='bbox 2778 5321 2958 5390; x_wconf 84' lang='lat' dir='ltr'><strong>April.</strong></span> <span class='ocrx_word' id='word_1_789' title='bbox 2995 5320 3110 5374; x_wconf 85' lang='lat' dir='ltr'><strong>ind.</strong></span> <span class='ocrx_word' id='word_1_790' title='bbox 3139 5337 3250 5374; x_wconf 75' lang='lat' dir='ltr'><strong>xvi.</strong></span> 
     </span>
    </p>
   </div>
   <div class='ocr_carea' id='block_1_117' title="bbox 2314 5381 3792 5460">
    <p class='ocr_par' dir='ltr' id='par_1_117' title="bbox 2314 5381 3792 5460">
     <span class='ocr_line' id='line_1_117' title="bbox 2314 5381 3792 5460; baseline -0.001 -18"><span class='ocrx_word' id='word_1_791' title='bbox 2314 5389 2378 5460; x_wconf 75' lang='grc' dir='ltr'><strong>(ι’)</strong></span> <span class='ocrx_word' id='word_1_792' title='bbox 2414 5389 2714 5458; x_wconf 81' lang='grc' dir='ltr'>Διάπυρον</span> <span class='ocrx_word' id='word_1_793' title='bbox 2747 5381 3148 5460; x_wconf 52' lang='lat' dir='ltr'><strong>deiminio/ar.</strong></span> <span class='ocrx_word' id='word_1_794' title='bbox 3201 5389 3302 5444; x_wconf 82' lang='lat' dir='ltr'><strong>llic</strong></span> <span class='ocrx_word' id='word_1_795' title='bbox 3369 5401 3572 5460; x_wconf 81' lang='lat' dir='ltr'><strong>nempe</strong></span> <span class='ocrx_word' id='word_1_796' title='bbox 3628 5381 3792 5460; x_wconf 78' lang='lat' dir='ltr'><strong>ardqr.</strong></span> 
     </span>
    </p>
   </div>
   <div class='ocr_carea' id='block_1_118' title="bbox 2245 5459 2805 5530">
    <p class='ocr_par' dir='ltr' id='par_1_118' title="bbox 2245 5459 2805 5530">
     <span class='ocr_line' id='line_1_118' title="bbox 2245 5459 2805 5530; baseline 0.005 -18"><span class='ocrx_word' id='word_1_797' title='bbox 2245 5459 2474 5528; x_wconf 72' lang='lat' dir='ltr'><strong>haecque</strong></span> <span class='ocrx_word' id='word_1_798' title='bbox 2495 5461 2805 5530; x_wconf 86' lang='lat' dir='ltr'><strong>proprietas</strong></span> 
     </span>
    </p>
   </div>
   <div class='ocr_carea' id='block_1_119' title="bbox 2246 5530 2812 5600">
    <p class='ocr_par' dir='ltr' id='par_1_119' title="bbox 2246 5530 2812 5600">
     <span class='ocr_line' id='line_1_119' title="bbox 2246 5530 2812 5600; baseline 0.009 -20"><span class='ocrx_word' id='word_1_799' title='bbox 2246 5530 2337 5592; x_wconf 83' lang='grc' dir='ltr'><strong>Τὸ,</strong></span> <span class='ocrx_word' id='word_1_800' title='bbox 2369 5530 2672 5600; x_wconf 74' lang='grc' dir='ltr'>διάπειρον,</span> <span class='ocrx_word' id='word_1_801' title='bbox 2701 5546 2812 5600; x_wconf 85' lang='lat' dir='ltr'><strong>quo</strong></span> 
     </span>
    </p>
   </div>
   <div class='ocr_carea' id='block_1_120' title="bbox 2877 5449 3793 5514">
    <p class='ocr_par' dir='ltr' id='par_1_120' title="bbox 2877 5449 3793 5514">
     <span class='ocr_line' id='line_1_120' title="bbox 2877 5449 3793 5514; baseline -0.014 0"><span class='ocrx_word' id='word_1_802' title='bbox 2877 5449 3254 5514; x_wconf 74' lang='lat' dir='ltr'><strong>erfectissinne</strong></span> <span class='ocrx_word' id='word_1_803' title='bbox 3278 5460 3484 5514; x_wconf 69' lang='lat' dir='ltr'><strong>divinae</strong></span> <span class='ocrx_word' id='word_1_804' title='bbox 3506 5449 3793 5510; x_wconf 58' lang='lat' dir='ltr'><strong>&#39;cbaritatis:</strong></span> 
     </span>
    </p>
   </div>
   <div class='ocr_carea' id='block_1_121' title="bbox 2889 5526 3793 5600">
    <p class='ocr_par' dir='ltr' id='par_1_121' title="bbox 2889 5526 3793 5600">
     <span class='ocr_line' id='line_1_121' title="bbox 2889 5526 3793 5600; baseline -0.007 -16"><span class='ocrx_word' id='word_1_805' title='bbox 2889 5539 3030 5594; x_wconf 87' lang='lat' dir='ltr'><strong>erat,</strong></span> <span class='ocrx_word' id='word_1_806' title='bbox 3087 5545 3194 5600; x_wconf 77' lang='lat' dir='ltr'><strong>nec</strong></span> <span class='ocrx_word' id='word_1_807' title='bbox 3250 5529 3423 5600; x_wconf 89' lang='lat' dir='ltr'><strong>probe</strong></span> <span class='ocrx_word' id='word_1_808' title='bbox 3468 5526 3655 5582; x_wconf 81' lang='lat' dir='ltr'><strong>Graeca</strong></span> <span class='ocrx_word' id='word_1_809' title='bbox 3687 5533 3793 5578; x_wconf 70' lang='grc' dir='ltr'>νων</span> 
     </span>
    </p>
   </div>
   <div class='ocr_carea' id='block_1_122' title="bbox 2243 5598 3794 5681">
    <p class='ocr_par' dir='ltr' id='par_1_122' title="bbox 2243 5598 3794 5681">
     <span class='ocr_line' id='line_1_122' title="bbox 2243 5598 3794 5681; baseline -0.004 -28"><span class='ocrx_word' id='word_1_810' title='bbox 2243 5614 2347 5681; x_wconf 79' lang='lat' dir='ltr'><strong>nec</strong></span> <span class='ocrx_word' id='word_1_811' title='bbox 2367 5598 2669 5681; x_wconf 69' lang='lat' dir='ltr'><strong>quidquam</strong></span> <span class='ocrx_word' id='word_1_812' title='bbox 2717 5598 2863 5670; x_wconf 80' lang='lat' dir='ltr'><strong>apta.</strong></span> <span class='ocrx_word' id='word_1_813' title='bbox 2899 5600 3050 5656; x_wconf 80' lang='lat' dir='ltr'><strong>Pico.</strong></span> <span class='ocrx_word' id='word_1_814' title='bbox 3084 5598 3338 5672; x_wconf 65' lang='lat' dir='ltr'><strong>Ignotum</strong></span> <span class='ocrx_word' id='word_1_815' title='bbox 3361 5607 3671 5669; x_wconf 79' lang='lat' dir='ltr'><strong>perpetuum</strong></span> <span class='ocrx_word' id='word_1_816' title='bbox 3699 5602 3794 5646; x_wconf 79' lang='lat' dir='ltr'><strong>uro-</strong></span> 
     </span>
    </p>
   </div>
   <div class='ocr_carea' id='block_1_123' title="bbox 2242 5677 2899 5738">
    <p class='ocr_par' dir='ltr' id='par_1_123' title="bbox 2242 5677 2899 5738">
     <span class='ocr_line' id='line_1_123' title="bbox 2242 5677 2899 5738; baseline 0.006 -16"><span class='ocrx_word' id='word_1_817' title='bbox 2242 5677 2354 5723; x_wconf 82' lang='lat' dir='ltr'><strong>tum</strong></span> <span class='ocrx_word' id='word_1_818' title='bbox 2381 5685 2395 5724; x_wconf 87' lang='lat'><strong>:</strong></span> <span class='ocrx_word' id='word_1_819' title='bbox 2426 5677 2559 5738; x_wconf 87' lang='lat' dir='ltr'><strong>imo,</strong></span> <span class='ocrx_word' id='word_1_820' title='bbox 2594 5687 2899 5726; x_wconf 73' lang='lat' dir='ltr'><strong>accensum.</strong></span> 
     </span>
    </p>
   </div>
  </div>
