  <div class='ocr_page' id='page_1' title='image "/cluster/home/n/w/nwhite01/storage/ocr_20150623/90:no.1/coo.31924054869940/658.png"; bbox 0 0 4020 6394; ppageno 0'>
   <div class='ocr_carea' id='block_1_1' title="bbox 213 933 245 943">
    <p class='ocr_par' dir='ltr' id='par_1_1' title="bbox 213 933 245 943">
     <span class='ocr_line' id='line_1_1' title="bbox 213 933 245 943; baseline 0 -3"><span class='ocrx_word' id='word_1_1' title='bbox 213 933 245 943; x_wconf 70' lang='grc' dir='ltr'><strong>,ο</strong></span> 
     </span>
    </p>
   </div>
   <div class='ocr_carea' id='block_1_2' title="bbox 304 398 441 462">
    <p class='ocr_par' dir='ltr' id='par_1_2' title="bbox 304 398 441 462">
     <span class='ocr_line' id='line_1_2' title="bbox 304 398 441 462; baseline 0 0"><span class='ocrx_word' id='word_1_2' title='bbox 304 398 441 462; x_wconf 68' lang='lat'><strong>1:285</strong></span> 
     </span>
    </p>
   </div>
   <div class='ocr_carea' id='block_1_3' title="bbox 967 376 2906 456">
    <p class='ocr_par' dir='ltr' id='par_1_3' title="bbox 967 376 2906 456">
     <span class='ocr_line' id='line_1_3' title="bbox 967 376 2906 456; baseline -0.007 -5"><span class='ocrx_word' id='word_1_3' title='bbox 967 387 1297 452; x_wconf 82' lang='lat' dir='ltr'><strong>CAPITUM</strong></span> <span class='ocrx_word' id='word_1_4' title='bbox 1332 381 1752 456; x_wconf 85' lang='lat' dir='ltr'><strong>QUINQUIES</strong></span> <span class='ocrx_word' id='word_1_5' title='bbox 1790 377 2308 439; x_wconf 78' lang='lat' dir='ltr'><strong>CENTENORUM</strong></span> <span class='ocrx_word' id='word_1_6' title='bbox 2347 377 2739 438; x_wconf 71' lang='lat' dir='ltr'><strong>CENTURIA</strong></span> <span class='ocrx_word' id='word_1_7' title='bbox 2787 376 2906 437; x_wconf 82' lang='lat' dir='ltr'>III.</span> 
     </span>
    </p>
   </div>
   <div class='ocr_carea' id='block_1_4' title="bbox 3419 371 3555 436">
    <p class='ocr_par' dir='ltr' id='par_1_4' title="bbox 3419 371 3555 436">
     <span class='ocr_line' id='line_1_4' title="bbox 3419 371 3555 436; baseline -0.015 0"><span class='ocrx_word' id='word_1_8' title='bbox 3419 371 3555 436; x_wconf 74' lang='lat'><strong>19.86</strong></span> 
     </span>
    </p>
   </div>
   <div class='ocr_carea' id='block_1_5' title="bbox 300 481 1892 576">
    <p class='ocr_par' dir='ltr' id='par_1_5' title="bbox 300 487 1868 576">
     <span class='ocr_line' id='line_1_5' title="bbox 300 487 1868 576; baseline -0.015 -17"><span class='ocrx_word' id='word_1_9' title='bbox 300 508 450 576; x_wconf 72' lang='grc' dir='ltr'>μίαν,</span> <span class='ocrx_word' id='word_1_10' title='bbox 482 500 632 571; x_wconf 69' lang='grc' dir='ltr'>αὐτῷ</span> <span class='ocrx_word' id='word_1_11' title='bbox 662 498 956 568; x_wconf 68' lang='grc' dir='ltr'>γινομένην</span> <span class='ocrx_word' id='word_1_12' title='bbox 990 496 1203 566; x_wconf 76' lang='grc' dir='ltr'>ἡδονὴν,</span> <span class='ocrx_word' id='word_1_13' title='bbox 1260 491 1401 545; x_wconf 84' lang='grc' dir='ltr'><strong>κατὰ</strong></span> <span class='ocrx_word' id='word_1_14' title='bbox 1450 491 1548 559; x_wconf 84' lang='grc' dir='ltr'><strong>τὴν</strong></span> <span class='ocrx_word' id='word_1_15' title='bbox 1595 490 1652 540; x_wconf 73' lang='grc' dir='ltr'>ἐν</span> <span class='ocrx_word' id='word_1_16' title='bbox 1687 487 1868 556; x_wconf 69' lang='grc' dir='ltr'>χάριτι</span> 
     </span>
    </p>
   </div>
   <div class='ocr_carea' id='block_1_6' title="bbox 1996 481 3557 576">
    <p class='ocr_par' dir='ltr' id='par_1_6' title="bbox 1997 481 3557 554">
     <span class='ocr_line' id='line_1_6' title="bbox 1997 481 3557 554; baseline 0.001 -17"><span class='ocrx_word' id='word_1_17' title='bbox 1997 494 2142 538; x_wconf 87' lang='lat' dir='ltr'><strong>atem</strong></span> <span class='ocrx_word' id='word_1_18' title='bbox 2179 485 2233 537; x_wconf 90' lang='lat' dir='ltr'><strong>in</strong></span> <span class='ocrx_word' id='word_1_19' title='bbox 2268 485 2611 554; x_wconf 86' lang='lat' dir='ltr'><strong>voluptatem</strong></span> <span class='ocrx_word' id='word_1_20' title='bbox 2640 485 2928 548; x_wconf 78' lang='lat' dir='ltr'><strong>transisse,</strong></span> <span class='ocrx_word' id='word_1_21' title='bbox 2965 498 3065 552; x_wconf 87' lang='lat' dir='ltr'><strong>per</strong></span> <span class='ocrx_word' id='word_1_22' title='bbox 3099 481 3267 538; x_wconf 88' lang='lat' dir='ltr'><strong>animi</strong></span> <span class='ocrx_word' id='word_1_23' title='bbox 3294 499 3420 538; x_wconf 91' lang='lat' dir='ltr'><strong>eum</strong></span> <span class='ocrx_word' id='word_1_24' title='bbox 3443 484 3557 538; x_wconf 87' lang='lat' dir='ltr'><strong>Deo</strong></span> 
     </span>
    </p>
   </div>
   <div class='ocr_carea' id='block_1_7' title="bbox 295 578 1874 670">
    <p class='ocr_par' dir='ltr' id='par_1_7' title="bbox 295 578 1874 670">
     <span class='ocr_line' id='line_1_7' title="bbox 295 578 1874 670; baseline -0.015 -18"><span class='ocrx_word' id='word_1_25' title='bbox 295 600 432 670; x_wconf 70' lang='grc' dir='ltr'>πρὸς</span> <span class='ocrx_word' id='word_1_26' title='bbox 463 598 520 649; x_wconf 85' lang='grc' dir='ltr'><strong>τὸ</strong></span> <span class='ocrx_word' id='word_1_27' title='bbox 549 596 701 647; x_wconf 89' lang='grc' dir='ltr'>Θεῖον</span> <span class='ocrx_word' id='word_1_28' title='bbox 746 593 844 662; x_wconf 83' lang='grc' dir='ltr'>τῆς</span> <span class='ocrx_word' id='word_1_29' title='bbox 887 590 1065 659; x_wconf 69' lang='grc' dir='ltr'>ψυχῆς</span> <span class='ocrx_word' id='word_1_30' title='bbox 1093 589 1361 657; x_wconf 79' lang='grc' dir='ltr'>ἄχραντον</span> <span class='ocrx_word' id='word_1_31' title='bbox 1392 581 1742 652; x_wconf 78' lang='grc' dir='ltr'>συμπλοκήν·</span> <span class='ocrx_word' id='word_1_32' title='bbox 1784 578 1874 630; x_wconf 77' lang='grc' dir='ltr'><strong>τὸν</strong></span> 
     </span>
    </p>
   </div>
   <div class='ocr_carea' id='block_1_8' title="bbox 295 667 1875 758">
    <p class='ocr_par' dir='ltr' id='par_1_8' title="bbox 295 667 1875 758">
     <span class='ocr_line' id='line_1_8' title="bbox 295 667 1875 758; baseline -0.018 -14"><span class='ocrx_word' id='word_1_33' title='bbox 295 694 353 745; x_wconf 77' lang='grc' dir='ltr'><strong>δὲ</strong></span> <span class='ocrx_word' id='word_1_34' title='bbox 382 689 571 758; x_wconf 75' lang='grc' dir='ltr'>θυμὸν,</span> <span class='ocrx_word' id='word_1_35' title='bbox 609 685 756 748; x_wconf 76' lang='grc' dir='ltr'>ζέσιν</span> <span class='ocrx_word' id='word_1_36' title='bbox 786 684 1080 751; x_wconf 83' lang='grc' dir='ltr'>ἀκήρατον,</span> <span class='ocrx_word' id='word_1_37' title='bbox 1113 679 1211 746; x_wconf 72' lang='grc' dir='ltr'>τῆς</span> <span class='ocrx_word' id='word_1_38' title='bbox 1243 675 1370 746; x_wconf 66' lang='grc' dir='ltr'>περὶ</span> <span class='ocrx_word' id='word_1_39' title='bbox 1397 673 1456 724; x_wconf 81' lang='grc' dir='ltr'><strong>τὸ</strong></span> <span class='ocrx_word' id='word_1_40' title='bbox 1485 673 1636 724; x_wconf 84' lang='grc' dir='ltr'>Θεῖον</span> <span class='ocrx_word' id='word_1_41' title='bbox 1681 667 1875 736; x_wconf 74' lang='grc' dir='ltr'>ἡδονῆς</span> 
     </span>
    </p>
   </div>
   <div class='ocr_carea' id='block_1_9' title="bbox 299 756 1875 852">
    <p class='ocr_par' dir='ltr' id='par_1_9' title="bbox 299 756 1875 852">
     <span class='ocr_line' id='line_1_9' title="bbox 299 756 1875 852; baseline -0.019 -17"><span class='ocrx_word' id='word_1_42' title='bbox 299 779 695 852; x_wconf 75' lang='grc' dir='ltr'>φρουρητικὴν,</span> <span class='ocrx_word' id='word_1_43' title='bbox 748 774 842 827; x_wconf 74' lang='grc' dir='ltr'><strong>καὶ</strong></span> <span class='ocrx_word' id='word_1_44' title='bbox 897 772 1151 841; x_wconf 66' lang='grc' dir='ltr'>σώφρονα</span> <span class='ocrx_word' id='word_1_45' title='bbox 1195 767 1412 838; x_wconf 85' lang='grc' dir='ltr'>μανίαν,</span> <span class='ocrx_word' id='word_1_46' title='bbox 1449 765 1544 832; x_wconf 79' lang='grc' dir='ltr'>τῆς</span> <span class='ocrx_word' id='word_1_47' title='bbox 1593 760 1734 812; x_wconf 79' lang='grc' dir='ltr'>κατᾶ</span> <span class='ocrx_word' id='word_1_48' title='bbox 1777 756 1875 825; x_wconf 75' lang='grc' dir='ltr'>τὴν</span> 
     </span>
    </p>
   </div>
   <div class='ocr_carea' id='block_1_10' title="bbox 297 848 1868 941">
    <p class='ocr_par' dir='ltr' id='par_1_10' title="bbox 297 848 1868 941">
     <span class='ocr_line' id='line_1_10' title="bbox 297 848 1868 941; baseline -0.019 -14"><span class='ocrx_word' id='word_1_49' title='bbox 297 876 488 941; x_wconf 66' lang='grc' dir='ltr'>ἔφεσιν</span> <span class='ocrx_word' id='word_1_50' title='bbox 521 871 622 938; x_wconf 82' lang='grc' dir='ltr'>τῆς</span> <span class='ocrx_word' id='word_1_51' title='bbox 646 867 823 936; x_wconf 70' lang='grc' dir='ltr'>ψυχῆς</span> <span class='ocrx_word' id='word_1_52' title='bbox 861 864 1149 930; x_wconf 77' lang='grc' dir='ltr'>θελκτικῆς</span> <span class='ocrx_word' id='word_1_53' title='bbox 1194 860 1477 925; x_wconf 77' lang='grc' dir='ltr'>δυνάμεως</span> <span class='ocrx_word' id='word_1_54' title='bbox 1505 853 1613 906; x_wconf 74' lang='grc' dir='ltr'><strong>ἀπὸ</strong></span> <span class='ocrx_word' id='word_1_55' title='bbox 1651 850 1758 903; x_wconf 82' lang='grc' dir='ltr'><strong>τῶν</strong></span> <span class='ocrx_word' id='word_1_56' title='bbox 1788 848 1868 900; x_wconf 69' lang='lat' dir='ltr'><strong>5v-</strong></span> 
     </span>
    </p>
   </div>
   <div class='ocr_carea' id='block_1_11' title="bbox 294 939 1876 1023">
    <p class='ocr_par' dir='ltr' id='par_1_11' title="bbox 294 939 1876 1023">
     <span class='ocr_line' id='line_1_11' title="bbox 294 939 1876 1023; baseline -0.017 -6"><span class='ocrx_word' id='word_1_57' title='bbox 294 985 406 1017; x_wconf 84' lang='grc' dir='ltr'><strong>των</strong></span> <span class='ocrx_word' id='word_1_58' title='bbox 440 961 659 1022; x_wconf 79' lang='grc' dir='ltr'><strong>τελείως</strong></span> <span class='ocrx_word' id='word_1_59' title='bbox 700 955 1052 1023; x_wconf 82' lang='grc' dir='ltr'>ἐκστατικὴν.</span> <span class='ocrx_word' id='word_1_60' title='bbox 1092 951 1301 1004; x_wconf 78' lang='grc' dir='ltr'>Οὐκοῦν</span> <span class='ocrx_word' id='word_1_61' title='bbox 1337 949 1440 1009; x_wconf 72' lang='grc' dir='ltr'><strong>ἕως</strong></span> <span class='ocrx_word' id='word_1_62' title='bbox 1473 949 1531 998; x_wconf 80' lang='grc' dir='ltr'><strong>ἐν</strong></span> <span class='ocrx_word' id='word_1_63' title='bbox 1569 945 1702 1013; x_wconf 79' lang='grc' dir='ltr'>ἡμῖν</span> <span class='ocrx_word' id='word_1_64' title='bbox 1729 943 1757 993; x_wconf 86' lang='grc' dir='ltr'>ὁ</span> <span class='ocrx_word' id='word_1_65' title='bbox 1786 939 1876 992; x_wconf 85' lang='grc' dir='ltr'><strong>κό-</strong></span> 
     </span>
    </p>
   </div>
   <div class='ocr_carea' id='block_1_12' title="bbox 302 1029 1875 1126">
    <p class='ocr_par' dir='ltr' id='par_1_12' title="bbox 302 1029 1875 1126">
     <span class='ocr_line' id='line_1_12' title="bbox 302 1029 1875 1126; baseline -0.019 -19"><span class='ocrx_word' id='word_1_66' title='bbox 302 1070 439 1126; x_wconf 81' lang='grc' dir='ltr'>σμος</span> <span class='ocrx_word' id='word_1_67' title='bbox 475 1054 562 1122; x_wconf 81' lang='grc' dir='ltr'><strong>ζῇ,</strong></span> <span class='ocrx_word' id='word_1_68' title='bbox 599 1050 694 1102; x_wconf 73' lang='grc' dir='ltr'><strong>καὶ</strong></span> <span class='ocrx_word' id='word_1_69' title='bbox 727 1050 759 1118; x_wconf 81' lang='grc' dir='ltr'>ἡ</span> <span class='ocrx_word' id='word_1_70' title='bbox 789 1046 924 1116; x_wconf 68' lang='grc' dir='ltr'>πρὸς</span> <span class='ocrx_word' id='word_1_71' title='bbox 952 1045 1020 1096; x_wconf 76' lang='grc' dir='ltr'><strong>τὰ</strong></span> <span class='ocrx_word' id='word_1_72' title='bbox 1067 1041 1227 1094; x_wconf 76' lang='grc' dir='ltr'>ὑλικὰ</span> <span class='ocrx_word' id='word_1_73' title='bbox 1270 1039 1367 1107; x_wconf 79' lang='grc' dir='ltr'><strong>τῆς</strong></span> <span class='ocrx_word' id='word_1_74' title='bbox 1421 1034 1599 1103; x_wconf 82' lang='grc' dir='ltr'>ψυχῆς</span> <span class='ocrx_word' id='word_1_75' title='bbox 1629 1029 1875 1126; x_wconf 65' lang='grc' dir='ltr'>ἑκούσιος</span> 
     </span>
    </p>
   </div>
   <div class='ocr_carea' id='block_1_13' title="bbox 298 1119 1877 1215">
    <p class='ocr_par' dir='ltr' id='par_1_13' title="bbox 298 1119 1877 1215">
     <span class='ocr_line' id='line_1_13' title="bbox 298 1119 1877 1215; baseline -0.019 -16"><span class='ocrx_word' id='word_1_76' title='bbox 298 1119 597 1215; x_wconf 36' lang='grc' dir='ltr'>σγέσιςίού</span> <span class='ocrx_word' id='word_1_77' title='bbox 639 1140 721 1192; x_wconf 87' lang='grc' dir='ltr'><strong>δεῖ</strong></span> <span class='ocrx_word' id='word_1_78' title='bbox 757 1137 983 1197; x_wconf 75' lang='grc' dir='ltr'><strong>ταύταις</strong></span> <span class='ocrx_word' id='word_1_79' title='bbox 1013 1132 1272 1201; x_wconf 84' lang='grc' dir='ltr'>παρέχειν</span> <span class='ocrx_word' id='word_1_80' title='bbox 1303 1125 1612 1193; x_wconf 74' lang='grc' dir='ltr'>ἐλευθερίαν</span> <span class='ocrx_word' id='word_1_81' title='bbox 1640 1123 1759 1182; x_wconf 88' lang='grc' dir='ltr'>ταῖς</span> <span class='ocrx_word' id='word_1_82' title='bbox 1789 1119 1877 1215; x_wconf 83' lang='grc' dir='ltr'>δυ-</span> 
     </span>
    </p>
   </div>
   <div class='ocr_carea' id='block_1_14' title="bbox 297 1207 1876 1304">
    <p class='ocr_par' dir='ltr' id='par_1_14' title="bbox 297 1207 1876 1304">
     <span class='ocr_line' id='line_1_14' title="bbox 297 1207 1876 1304; baseline -0.019 -15"><span class='ocrx_word' id='word_1_83' title='bbox 297 1207 524 1304; x_wconf 66' lang='grc' dir='ltr'>νάμεσι,</span> <span class='ocrx_word' id='word_1_84' title='bbox 582 1232 778 1302; x_wconf 83' lang='grc' dir='ltr'><strong>μήπως</strong></span> <span class='ocrx_word' id='word_1_85' title='bbox 838 1228 1080 1298; x_wconf 77' lang='grc' dir='ltr'>μιγεῖσαι</span> <span class='ocrx_word' id='word_1_86' title='bbox 1119 1225 1230 1284; x_wconf 89' lang='grc' dir='ltr'>τοῖς</span> <span class='ocrx_word' id='word_1_87' title='bbox 1260 1219 1537 1287; x_wconf 74' lang='grc' dir='ltr'><strong>αἰσθητοῖς</strong></span> <span class='ocrx_word' id='word_1_88' title='bbox 1565 1213 1640 1275; x_wconf 86' lang='grc' dir='ltr'>ὼς</span> <span class='ocrx_word' id='word_1_89' title='bbox 1672 1207 1876 1304; x_wconf 73' lang='grc' dir='ltr'>ὁμοφύ-</span> 
     </span>
    </p>
   </div>
   <div class='ocr_carea' id='block_1_15' title="bbox 223 1299 1876 1398">
    <p class='ocr_par' dir='ltr' id='par_1_15' title="bbox 223 1299 1876 1398">
     <span class='ocr_line' id='line_1_15' title="bbox 223 1299 1876 1398; baseline -0.016 -20"><span class='ocrx_word' id='word_1_90' title='bbox 223 1391 228 1398; x_wconf 87' lang='lat'><strong>_</strong></span> <span class='ocrx_word' id='word_1_91' title='bbox 296 1299 435 1388; x_wconf 74' lang='grc' dir='ltr'>λοις,</span> <span class='ocrx_word' id='word_1_92' title='bbox 491 1299 848 1390; x_wconf 73' lang='grc' dir='ltr'>πολεμήσωσι</span> <span class='ocrx_word' id='word_1_93' title='bbox 891 1319 989 1385; x_wconf 75' lang='grc' dir='ltr'><strong>τὴν</strong></span> <span class='ocrx_word' id='word_1_94' title='bbox 1032 1314 1236 1384; x_wconf 81' lang='grc' dir='ltr'>ψυχὴν,</span> <span class='ocrx_word' id='word_1_95' title='bbox 1282 1307 1659 1364; x_wconf 72' lang='grc' dir='ltr'>καὶ.).ά6ωσιν</span> <span class='ocrx_word' id='word_1_96' title='bbox 1706 1299 1876 1398; x_wconf 74' lang='grc' dir='ltr'>αύτὴν</span> 
     </span>
    </p>
   </div>
   <div class='ocr_carea' id='block_1_16' title="bbox 298 1393 1875 1486">
    <p class='ocr_par' dir='ltr' id='par_1_16' title="bbox 298 1393 1875 1486">
     <span class='ocr_line' id='line_1_16' title="bbox 298 1393 1875 1486; baseline -0.016 -17"><span class='ocrx_word' id='word_1_97' title='bbox 298 1415 640 1486; x_wconf 82' lang='grc' dir='ltr'>δορυάλωτον</span> <span class='ocrx_word' id='word_1_98' title='bbox 689 1407 1067 1478; x_wconf 74' lang='grc' dir='ltr'>γεγενημένην</span> <span class='ocrx_word' id='word_1_99' title='bbox 1123 1405 1238 1465; x_wconf 80' lang='grc' dir='ltr'>τοῖς</span> <span class='ocrx_word' id='word_1_100' title='bbox 1292 1401 1544 1463; x_wconf 81' lang='grc' dir='ltr'>πάθεσιν,</span> <span class='ocrx_word' id='word_1_101' title='bbox 1593 1395 1667 1458; x_wconf 77' lang='grc' dir='ltr'>ὡς</span> <span class='ocrx_word' id='word_1_102' title='bbox 1708 1393 1875 1446; x_wconf 80' lang='grc' dir='ltr'>πάλαι</span> 
     </span>
    </p>
   </div>
   <div class='ocr_carea' id='block_1_17' title="bbox 299 1485 1875 1576">
    <p class='ocr_par' dir='ltr' id='par_1_17' title="bbox 299 1485 1875 1576">
     <span class='ocr_line' id='line_1_17' title="bbox 299 1485 1875 1576; baseline -0.015 -17"><span class='ocrx_word' id='word_1_103' title='bbox 299 1485 811 1576; x_wconf 76' lang='grc' dir='ltr'>τὴνἹερουσαλὴμ,</span> <span class='ocrx_word' id='word_1_104' title='bbox 847 1501 897 1552; x_wconf 87' lang='lat' dir='ltr'><strong>oi.</strong></span> <span class='ocrx_word' id='word_1_105' title='bbox 954 1496 1312 1551; x_wconf 79' lang='grc' dir='ltr'>Βαϐυλώνιοι.</span> <span class='ocrx_word' id='word_1_106' title='bbox 1375 1493 1479 1545; x_wconf 85' lang='grc' dir='ltr'><strong>Τὸν</strong></span> <span class='ocrx_word' id='word_1_107' title='bbox 1537 1489 1647 1560; x_wconf 77' lang='grc' dir='ltr'><strong>γὰρ</strong></span> <span class='ocrx_word' id='word_1_108' title='bbox 1704 1485 1875 1539; x_wconf 72' lang='grc' dir='ltr'>αἰῶνα</span> 
     </span>
    </p>
   </div>
   <div class='ocr_carea' id='block_1_18' title="bbox 301 1576 1876 1659">
    <p class='ocr_par' dir='ltr' id='par_1_18' title="bbox 301 1576 1876 1659">
     <span class='ocr_line' id='line_1_18' title="bbox 301 1576 1876 1659; baseline -0.017 -7"><span class='ocrx_word' id='word_1_109' title='bbox 301 1597 431 1652; x_wconf 78' lang='grc' dir='ltr'>καθ’</span> <span class='ocrx_word' id='word_1_110' title='bbox 458 1597 518 1650; x_wconf 80' lang='grc' dir='ltr'><strong>δν</strong></span> <span class='ocrx_word' id='word_1_111' title='bbox 547 1596 674 1657; x_wconf 81' lang='grc' dir='ltr'>τοὺς</span> <span class='ocrx_word' id='word_1_112' title='bbox 721 1591 1054 1659; x_wconf 77' lang='grc' dir='ltr'>ἀλλοφύλους</span> <span class='ocrx_word' id='word_1_113' title='bbox 1104 1587 1302 1648; x_wconf 82' lang='grc' dir='ltr'>παῖδας</span> <span class='ocrx_word' id='word_1_114' title='bbox 1329 1580 1608 1638; x_wconf 79' lang='grc' dir='ltr'>δουλεύειν</span> <span class='ocrx_word' id='word_1_115' title='bbox 1639 1579 1667 1630; x_wconf 86' lang='grc' dir='ltr'>ὁ</span> <span class='ocrx_word' id='word_1_116' title='bbox 1715 1576 1876 1646; x_wconf 79' lang='grc' dir='ltr'>νόμος</span> 
     </span>
    </p>
   </div>
   <div class='ocr_carea' id='block_1_19' title="bbox 304 1671 1878 1756">
    <p class='ocr_par' dir='ltr' id='par_1_19' title="bbox 304 1671 1878 1756">
     <span class='ocr_line' id='line_1_19' title="bbox 304 1671 1878 1756; baseline -0.013 -13"><span class='ocrx_word' id='word_1_117' title='bbox 304 1690 587 1752; x_wconf 76' lang='grc' dir='ltr'>ἐκέλευσε,</span> <span class='ocrx_word' id='word_1_118' title='bbox 621 1689 722 1756; x_wconf 76' lang='grc' dir='ltr'>τὴν</span> <span class='ocrx_word' id='word_1_119' title='bbox 776 1685 912 1756; x_wconf 70' lang='grc' dir='ltr'>πρὸς</span> <span class='ocrx_word' id='word_1_120' title='bbox 960 1683 1052 1736; x_wconf 83' lang='grc' dir='ltr'><strong>τὸν</strong></span> <span class='ocrx_word' id='word_1_121' title='bbox 1086 1682 1292 1750; x_wconf 82' lang='grc' dir='ltr'>κόσμον</span> <span class='ocrx_word' id='word_1_122' title='bbox 1321 1677 1528 1739; x_wconf 78' lang='grc' dir='ltr'>τοῦτον,</span> <span class='ocrx_word' id='word_1_123' title='bbox 1565 1676 1732 1745; x_wconf 69' lang='grc' dir='ltr'>ἤγουν</span> <span class='ocrx_word' id='word_1_124' title='bbox 1778 1671 1878 1738; x_wconf 82' lang='grc' dir='ltr'><strong>τὴν</strong></span> 
     </span>
    </p>
   </div>
   <div class='ocr_carea' id='block_1_20' title="bbox 304 1759 1876 1850">
    <p class='ocr_par' dir='ltr' id='par_1_20' title="bbox 304 1759 1876 1850">
     <span class='ocr_line' id='line_1_20' title="bbox 304 1759 1876 1850; baseline -0.015 -16"><span class='ocrx_word' id='word_1_125' title='bbox 304 1781 590 1850; x_wconf 82' lang='grc' dir='ltr'>παροῦσαν</span> <span class='ocrx_word' id='word_1_126' title='bbox 616 1775 782 1846; x_wconf 80' lang='grc' dir='ltr'>ζωὴν,</span> <span class='ocrx_word' id='word_1_127' title='bbox 811 1773 1102 1844; x_wconf 69' lang='grc' dir='ltr'>γνωμικὴν</span> <span class='ocrx_word' id='word_1_128' title='bbox 1135 1771 1234 1841; x_wconf 82' lang='grc' dir='ltr'>τῆς</span> <span class='ocrx_word' id='word_1_129' title='bbox 1268 1770 1448 1839; x_wconf 82' lang='grc' dir='ltr'>ψυχῆς</span> <span class='ocrx_word' id='word_1_130' title='bbox 1482 1767 1723 1834; x_wconf 76' lang='grc' dir='ltr'>ὲσήμανε</span> <span class='ocrx_word' id='word_1_131' title='bbox 1757 1759 1876 1829; x_wconf 75' lang='grc' dir='ltr'>σχέ-</span> 
     </span>
    </p>
   </div>
   <div class='ocr_carea' id='block_1_21' title="bbox 305 1839 1955 1937">
    <p class='ocr_par' dir='ltr' id='par_1_21' title="bbox 305 1839 1955 1937">
     <span class='ocr_line' id='line_1_21' title="bbox 305 1839 1955 1937; baseline -0.013 -13"><span class='ocrx_word' id='word_1_132' title='bbox 305 1839 451 1924; x_wconf 71' lang='grc' dir='ltr'>σινὸ</span> <span class='ocrx_word' id='word_1_133' title='bbox 481 1839 661 1937; x_wconf 76' lang='grc' dir='ltr'>λόγος,</span> <span class='ocrx_word' id='word_1_134' title='bbox 710 1839 800 1922; x_wconf 85' lang='grc' dir='ltr'>διὰ</span> <span class='ocrx_word' id='word_1_135' title='bbox 823 1839 946 1920; x_wconf 65' lang='grc' dir='ltr'><strong>⁷τῶν⁷</strong></span> <span class='ocrx_word' id='word_1_136' title='bbox 984 1839 1380 1935; x_wconf 78' lang='grc' dir='ltr'>ἱστορουμένων</span> <span class='ocrx_word' id='word_1_137' title='bbox 1415 1855 1776 1928; x_wconf 74' lang='grc' dir='ltr'>παραδεικνυς</span> <span class='ocrx_word' id='word_1_138' title='bbox 1810 1852 1877 1904; x_wconf 77' lang='grc' dir='ltr'><strong>τὰ</strong></span> <span class='ocrx_word' id='word_1_139' title='bbox 1912 1839 1955 1898; x_wconf 80' lang='grc' dir='ltr'><strong>Β</strong></span> 
     </span>
    </p>
   </div>
   <div class='ocr_carea' id='block_1_22' title="bbox 302 1960 594 2028">
    <p class='ocr_par' dir='ltr' id='par_1_22' title="bbox 302 1960 594 2028">
     <span class='ocr_line' id='line_1_22' title="bbox 302 1960 594 2028; baseline 0.003 -18"><span class='ocrx_word' id='word_1_140' title='bbox 302 1960 572 2028; x_wconf 85' lang='grc' dir='ltr'>νοούμενα</span> <span class='ocrx_word' id='word_1_141' title='bbox 582 1997 594 2011; x_wconf 89' lang='grc'><strong>.</strong></span> 
     </span>
    </p>
   </div>
   <div class='ocr_carea' id='block_1_23' title="bbox 381 2204 1883 2281">
    <p class='ocr_par' dir='ltr' id='par_1_23' title="bbox 381 2204 1883 2281">
     <span class='ocr_line' id='line_1_23' title="bbox 381 2204 1883 2281; baseline -0.007 -14"><span class='ocrx_word' id='word_1_142' title='bbox 381 2213 479 2278; x_wconf 81' lang='grc' dir='ltr'><strong>νζ’.</strong></span> <span class='ocrx_word' id='word_1_143' title='bbox 521 2211 828 2281; x_wconf 85' lang='grc' dir='ltr'>Ἦργμένον</span> <span class='ocrx_word' id='word_1_144' title='bbox 867 2209 1037 2278; x_wconf 84' lang='grc' dir='ltr'>λέγει,</span> <span class='ocrx_word' id='word_1_145' title='bbox 1086 2208 1147 2262; x_wconf 77' lang='grc' dir='ltr'>τὸ</span> <span class='ocrx_word' id='word_1_146' title='bbox 1188 2207 1389 2262; x_wconf 60' lang='grc' dir='ltr'>κακόν</span> <span class='ocrx_word' id='word_1_147' title='bbox 1424 2207 1600 2278; x_wconf 80' lang='grc' dir='ltr'>ἀρχὴν</span> <span class='ocrx_word' id='word_1_148' title='bbox 1631 2204 1741 2276; x_wconf 83' lang='grc' dir='ltr'>γὰρ</span> <span class='ocrx_word' id='word_1_149' title='bbox 1771 2205 1883 2274; x_wconf 82' lang='grc' dir='ltr'>ἔχει</span> 
     </span>
    </p>
   </div>
   <div class='ocr_carea' id='block_1_24' title="bbox 302 2296 1886 2376">
    <p class='ocr_par' dir='ltr' id='par_1_24' title="bbox 302 2296 1886 2376">
     <span class='ocr_line' id='line_1_24' title="bbox 302 2296 1886 2376; baseline -0.007 -18"><span class='ocrx_word' id='word_1_150' title='bbox 302 2305 408 2376; x_wconf 81' lang='grc' dir='ltr'>τὴν</span> <span class='ocrx_word' id='word_1_151' title='bbox 432 2304 589 2374; x_wconf 84' lang='grc' dir='ltr'>ἡμῶν</span> <span class='ocrx_word' id='word_1_152' title='bbox 619 2303 770 2372; x_wconf 77' lang='grc' dir='ltr'>παρὰ</span> <span class='ocrx_word' id='word_1_153' title='bbox 811 2301 973 2370; x_wconf 83' lang='grc' dir='ltr'>φύσιν</span> <span class='ocrx_word' id='word_1_154' title='bbox 1006 2301 1220 2371; x_wconf 88' lang='grc' dir='ltr'>κίνησιν</span> <span class='ocrx_word' id='word_1_155' title='bbox 1243 2318 1255 2330; x_wconf 88' lang='grc'><strong>·</strong></span> <span class='ocrx_word' id='word_1_156' title='bbox 1290 2301 1388 2353; x_wconf 85' lang='grc' dir='ltr'><strong>οὐκ</strong></span> <span class='ocrx_word' id='word_1_157' title='bbox 1411 2298 1688 2370; x_wconf 71' lang='grc' dir='ltr'>ἠργμένον</span> <span class='ocrx_word' id='word_1_158' title='bbox 1719 2297 1796 2363; x_wconf 86' lang='grc' dir='ltr'><strong>δὲ,</strong></span> <span class='ocrx_word' id='word_1_159' title='bbox 1825 2296 1886 2348; x_wconf 83' lang='grc' dir='ltr'><strong>τὸ</strong></span> 
     </span>
    </p>
   </div>
   <div class='ocr_carea' id='block_1_25' title="bbox 305 2389 1884 2467">
    <p class='ocr_par' dir='ltr' id='par_1_25' title="bbox 305 2389 1884 2467">
     <span class='ocr_line' id='line_1_25' title="bbox 305 2389 1884 2467; baseline -0.006 -16"><span class='ocrx_word' id='word_1_160' title='bbox 305 2397 517 2466; x_wconf 83' lang='grc' dir='ltr'>ἀγαθόν</span> <span class='ocrx_word' id='word_1_161' title='bbox 550 2397 649 2467; x_wconf 70' lang='grc'><strong>(9)·</strong></span> <span class='ocrx_word' id='word_1_162' title='bbox 683 2396 791 2466; x_wconf 83' lang='grc' dir='ltr'><strong>πρὸ</strong></span> <span class='ocrx_word' id='word_1_163' title='bbox 819 2394 1022 2458; x_wconf 81' lang='grc' dir='ltr'>παντὸς</span> <span class='ocrx_word' id='word_1_164' title='bbox 1060 2393 1168 2463; x_wconf 80' lang='grc' dir='ltr'><strong>γὰρ</strong></span> <span class='ocrx_word' id='word_1_165' title='bbox 1192 2393 1389 2454; x_wconf 77' lang='grc' dir='ltr'>αἰῶνος</span> <span class='ocrx_word' id='word_1_166' title='bbox 1412 2393 1504 2445; x_wconf 71' lang='grc' dir='ltr'><strong>καὶ</strong></span> <span class='ocrx_word' id='word_1_167' title='bbox 1538 2389 1753 2460; x_wconf 72' lang='grc' dir='ltr'>χρόνου,</span> <span class='ocrx_word' id='word_1_168' title='bbox 1783 2389 1884 2456; x_wconf 73' lang='grc' dir='ltr'><strong>φύ-</strong></span> 
     </span>
    </p>
   </div>
   <div class='ocr_carea' id='block_1_26' title="bbox 307 2481 1884 2554">
    <p class='ocr_par' dir='ltr' id='par_1_26' title="bbox 307 2481 1884 2554">
     <span class='ocr_line' id='line_1_26' title="bbox 307 2481 1884 2554; baseline -0.007 -11"><span class='ocrx_word' id='word_1_169' title='bbox 307 2506 397 2543; x_wconf 83' lang='grc' dir='ltr'><strong>σει</strong></span> <span class='ocrx_word' id='word_1_170' title='bbox 433 2489 494 2541; x_wconf 82' lang='grc' dir='ltr'>τὸ</span> <span class='ocrx_word' id='word_1_171' title='bbox 522 2487 750 2554; x_wconf 79' lang='grc' dir='ltr'>ἀγαθόν.</span> <span class='ocrx_word' id='word_1_172' title='bbox 787 2486 996 2552; x_wconf 81' lang='grc' dir='ltr'>Νοητὸν</span> <span class='ocrx_word' id='word_1_173' title='bbox 1025 2485 1174 2552; x_wconf 84' lang='grc' dir='ltr'>λέγει</span> <span class='ocrx_word' id='word_1_174' title='bbox 1206 2484 1266 2536; x_wconf 81' lang='grc' dir='ltr'>τὸ</span> <span class='ocrx_word' id='word_1_175' title='bbox 1295 2482 1520 2550; x_wconf 80' lang='grc' dir='ltr'>ἀγαθὸν,</span> <span class='ocrx_word' id='word_1_176' title='bbox 1555 2482 1584 2534; x_wconf 86' lang='grc' dir='ltr'><strong>ὂ</strong></span> <span class='ocrx_word' id='word_1_177' title='bbox 1612 2481 1694 2534; x_wconf 81' lang='grc' dir='ltr'><strong>δεῖ</strong></span> <span class='ocrx_word' id='word_1_178' title='bbox 1727 2481 1884 2551; x_wconf 86' lang='grc' dir='ltr'>μόνον</span> 
     </span>
    </p>
   </div>
   <div class='ocr_carea' id='block_1_27' title="bbox 307 2571 1884 2647">
    <p class='ocr_par' dir='ltr' id='par_1_27' title="bbox 307 2571 1884 2647">
     <span class='ocr_line' id='line_1_27' title="bbox 307 2571 1884 2647; baseline -0.006 -15"><span class='ocrx_word' id='word_1_179' title='bbox 307 2583 484 2634; x_wconf 62' lang='grc' dir='ltr'>νοεῖν</span> <span class='ocrx_word' id='word_1_180' title='bbox 523 2580 584 2632; x_wconf 80' lang='grc' dir='ltr'><strong>οὐ</strong></span> <span class='ocrx_word' id='word_1_181' title='bbox 641 2578 829 2647; x_wconf 82' lang='grc' dir='ltr'>νοητὸν</span> <span class='ocrx_word' id='word_1_182' title='bbox 867 2577 944 2640; x_wconf 84' lang='grc' dir='ltr'><strong>δὲ,</strong></span> <span class='ocrx_word' id='word_1_183' title='bbox 979 2577 1042 2630; x_wconf 79' lang='grc' dir='ltr'><strong>τὸ</strong></span> <span class='ocrx_word' id='word_1_184' title='bbox 1085 2575 1275 2639; x_wconf 77' lang='grc' dir='ltr'>κακὸν,</span> <span class='ocrx_word' id='word_1_185' title='bbox 1313 2577 1448 2645; x_wconf 84' lang='grc' dir='ltr'>ὅπερ</span> <span class='ocrx_word' id='word_1_186' title='bbox 1487 2575 1568 2627; x_wconf 87' lang='grc' dir='ltr'><strong>δεῖ</strong></span> <span class='ocrx_word' id='word_1_187' title='bbox 1618 2573 1777 2642; x_wconf 78' lang='grc' dir='ltr'>μόνον</span> <span class='ocrx_word' id='word_1_188' title='bbox 1811 2571 1884 2641; x_wconf 82' lang='grc' dir='ltr'>μὴ</span> 
     </span>
    </p>
   </div>
   <div class='ocr_carea' id='block_1_28' title="bbox 309 2663 1885 2742">
    <p class='ocr_par' dir='ltr' id='par_1_28' title="bbox 309 2663 1885 2742">
     <span class='ocr_line' id='line_1_28' title="bbox 309 2663 1885 2742; baseline -0.008 -16"><span class='ocrx_word' id='word_1_189' title='bbox 309 2675 456 2726; x_wconf 86' lang='grc' dir='ltr'>νοεῖν</span> <span class='ocrx_word' id='word_1_190' title='bbox 479 2687 494 2701; x_wconf 78' lang='grc'><strong><em>⁸</em></strong></span> <span class='ocrx_word' id='word_1_191' title='bbox 534 2670 700 2742; x_wconf 78' lang='grc' dir='ltr'>ῥητὸν</span> <span class='ocrx_word' id='word_1_192' title='bbox 725 2670 782 2722; x_wconf 80' lang='grc' dir='ltr'>δὲ</span> <span class='ocrx_word' id='word_1_193' title='bbox 809 2668 958 2736; x_wconf 81' lang='grc' dir='ltr'>λέγει</span> <span class='ocrx_word' id='word_1_194' title='bbox 991 2671 1052 2721; x_wconf 72' lang='grc' dir='ltr'>τὸ</span> <span class='ocrx_word' id='word_1_195' title='bbox 1089 2667 1313 2735; x_wconf 82' lang='grc' dir='ltr'>ἀγαθὸν,</span> <span class='ocrx_word' id='word_1_196' title='bbox 1350 2667 1484 2719; x_wconf 83' lang='grc' dir='ltr'>αὐτὸ</span> <span class='ocrx_word' id='word_1_197' title='bbox 1507 2665 1614 2736; x_wconf 84' lang='grc' dir='ltr'>γὰρ</span> <span class='ocrx_word' id='word_1_198' title='bbox 1653 2663 1734 2716; x_wconf 89' lang='grc' dir='ltr'><strong>δεῖ</strong></span> <span class='ocrx_word' id='word_1_199' title='bbox 1788 2663 1885 2732; x_wconf 82' lang='grc' dir='ltr'>μό-</span> 
     </span>
    </p>
   </div>
   <div class='ocr_carea' id='block_1_29' title="bbox 307 2751 1886 2828">
    <p class='ocr_par' dir='ltr' id='par_1_29' title="bbox 307 2751 1886 2828">
     <span class='ocr_line' id='line_1_29' title="bbox 307 2751 1886 2828; baseline -0.008 -11"><span class='ocrx_word' id='word_1_200' title='bbox 307 2781 405 2817; x_wconf 85' lang='grc' dir='ltr'><strong>νον</strong></span> <span class='ocrx_word' id='word_1_201' title='bbox 434 2761 733 2816; x_wconf 82' lang='grc' dir='ltr'>λαλεῖσθαι.</span> <span class='ocrx_word' id='word_1_202' title='bbox 769 2761 880 2812; x_wconf 79' lang='grc' dir='ltr'>Κα¹ι</span> <span class='ocrx_word' id='word_1_203' title='bbox 916 2758 1200 2828; x_wconf 86' lang='grc' dir='ltr'>γινόμενον</span> <span class='ocrx_word' id='word_1_204' title='bbox 1223 2758 1374 2826; x_wconf 83' lang='grc' dir='ltr'>λέγει</span> <span class='ocrx_word' id='word_1_205' title='bbox 1407 2757 1469 2809; x_wconf 85' lang='grc' dir='ltr'><strong>τὸ</strong></span> <span class='ocrx_word' id='word_1_206' title='bbox 1493 2755 1715 2823; x_wconf 83' lang='grc' dir='ltr'>ἀγαθόν·</span> <span class='ocrx_word' id='word_1_207' title='bbox 1747 2751 1886 2806; x_wconf 71' lang='grc' dir='ltr'>κατὰ</span> 
     </span>
    </p>
   </div>
   <div class='ocr_carea' id='block_1_30' title="bbox 311 2844 1880 2924">
    <p class='ocr_par' dir='ltr' id='par_1_30' title="bbox 311 2844 1880 2924">
     <span class='ocr_line' id='line_1_30' title="bbox 311 2844 1880 2924; baseline -0.008 -16"><span class='ocrx_word' id='word_1_208' title='bbox 311 2855 478 2924; x_wconf 76' lang='grc' dir='ltr'>φύσιν</span> <span class='ocrx_word' id='word_1_209' title='bbox 499 2853 609 2924; x_wconf 82' lang='grc' dir='ltr'>γὰρ</span> <span class='ocrx_word' id='word_1_210' title='bbox 643 2851 888 2923; x_wconf 80' lang='grc' dir='ltr'>ὑπάρχον</span> <span class='ocrx_word' id='word_1_211' title='bbox 923 2849 1241 2921; x_wconf 87' lang='grc' dir='ltr'>ἀγέννητον,</span> <span class='ocrx_word' id='word_1_212' title='bbox 1273 2847 1416 2902; x_wconf 73' lang='grc' dir='ltr'>κατὰ</span> <span class='ocrx_word' id='word_1_213' title='bbox 1458 2847 1617 2917; x_wconf 84' lang='grc' dir='ltr'>χάριν</span> <span class='ocrx_word' id='word_1_214' title='bbox 1643 2845 1731 2897; x_wconf 72' lang='grc' dir='ltr'>διὰ</span> <span class='ocrx_word' id='word_1_215' title='bbox 1763 2844 1880 2912; x_wconf 79' lang='grc' dir='ltr'>φιλ-</span> 
     </span>
    </p>
   </div>
   <div class='ocr_carea' id='block_1_31' title="bbox 313 2938 1888 3016">
    <p class='ocr_par' dir='ltr' id='par_1_31' title="bbox 313 2938 1888 3016">
     <span class='ocr_line' id='line_1_31' title="bbox 313 2938 1888 3016; baseline -0.01 -14"><span class='ocrx_word' id='word_1_216' title='bbox 313 2947 636 3016; x_wconf 80' lang='grc' dir='ltr'>ανθρωπίαν</span> <span class='ocrx_word' id='word_1_217' title='bbox 664 2945 794 3014; x_wconf 78' lang='grc' dir='ltr'>παρ’</span> <span class='ocrx_word' id='word_1_218' title='bbox 819 2943 979 3014; x_wconf 80' lang='grc' dir='ltr'>ἡμῶν</span> <span class='ocrx_word' id='word_1_219' title='bbox 1013 2943 1265 3012; x_wconf 84' lang='grc' dir='ltr'>ἀνέχεται</span> <span class='ocrx_word' id='word_1_220' title='bbox 1292 2939 1567 3008; x_wconf 85' lang='grc' dir='ltr'>γίνεσθαι,</span> <span class='ocrx_word' id='word_1_221' title='bbox 1609 2938 1744 3007; x_wconf 78' lang='grc' dir='ltr'>πρὸς</span> <span class='ocrx_word' id='word_1_222' title='bbox 1789 2940 1888 3006; x_wconf 78' lang='grc' dir='ltr'><strong>τὴν</strong></span> 
     </span>
    </p>
   </div>
   <div class='ocr_carea' id='block_1_32' title="bbox 310 3029 1888 3108">
    <p class='ocr_par' dir='ltr' id='par_1_32' title="bbox 310 3029 1888 3108">
     <span class='ocr_line' id='line_1_32' title="bbox 310 3029 1888 3108; baseline -0.008 -17"><span class='ocrx_word' id='word_1_223' title='bbox 310 3039 476 3108; x_wconf 79' lang='grc' dir='ltr'>ἡμῶν</span> <span class='ocrx_word' id='word_1_224' title='bbox 503 3037 610 3091; x_wconf 84' lang='grc' dir='ltr'><strong>τῶν</strong></span> <span class='ocrx_word' id='word_1_225' title='bbox 647 3038 944 3090; x_wconf 79' lang='grc' dir='ltr'>ποιούντων</span> <span class='ocrx_word' id='word_1_226' title='bbox 978 3035 1070 3088; x_wconf 73' lang='grc' dir='ltr'><strong>καὶ</strong></span> <span class='ocrx_word' id='word_1_227' title='bbox 1095 3032 1403 3086; x_wconf 78' lang='grc' dir='ltr'>λαλούντων</span> <span class='ocrx_word' id='word_1_228' title='bbox 1432 3029 1716 3089; x_wconf 85' lang='grc' dir='ltr'>ὲκθέωσιν,</span> <span class='ocrx_word' id='word_1_229' title='bbox 1751 3029 1888 3096; x_wconf 80' lang='grc' dir='ltr'>ὅπερ</span> 
     </span>
    </p>
   </div>
   <div class='ocr_carea' id='block_1_33' title="bbox 309 3115 1887 3197">
    <p class='ocr_par' dir='ltr' id='par_1_33' title="bbox 309 3115 1887 3197">
     <span class='ocr_line' id='line_1_33' title="bbox 309 3115 1887 3197; baseline -0.01 -13"><span class='ocrx_word' id='word_1_230' title='bbox 309 3131 401 3184; x_wconf 77' lang='grc' dir='ltr'><strong>δεῖ</strong></span> <span class='ocrx_word' id='word_1_231' title='bbox 431 3127 738 3197; x_wconf 83' lang='grc' dir='ltr'>μονώτατον</span> <span class='ocrx_word' id='word_1_232' title='bbox 766 3125 1041 3196; x_wconf 81' lang='grc' dir='ltr'>γίνεσθαι⁶</span> <span class='ocrx_word' id='word_1_233' title='bbox 1075 3123 1137 3176; x_wconf 79' lang='grc' dir='ltr'><strong>οὑ</strong></span> <span class='ocrx_word' id='word_1_234' title='bbox 1168 3120 1490 3191; x_wconf 85' lang='grc' dir='ltr'>ποιούμενον</span> <span class='ocrx_word' id='word_1_235' title='bbox 1517 3118 1572 3170; x_wconf 85' lang='grc' dir='ltr'>δὲ</span> <span class='ocrx_word' id='word_1_236' title='bbox 1610 3117 1670 3170; x_wconf 79' lang='grc' dir='ltr'>τὸ</span> <span class='ocrx_word' id='word_1_237' title='bbox 1699 3115 1887 3178; x_wconf 81' lang='grc' dir='ltr'>κακὸν,</span> 
     </span>
    </p>
   </div>
   <div class='ocr_carea' id='block_1_34' title="bbox 312 3189 1960 3292">
    <p class='ocr_par' dir='ltr' id='par_1_34' title="bbox 312 3189 1960 3292">
     <span class='ocr_line' id='line_1_34' title="bbox 312 3189 1960 3292; baseline -0.008 -17"><span class='ocrx_word' id='word_1_238' title='bbox 312 3189 456 3292; x_wconf 74' lang='grc' dir='ltr'>ὅπερ</span> <span class='ocrx_word' id='word_1_239' title='bbox 482 3222 564 3274; x_wconf 82' lang='grc' dir='ltr'><strong>δεῖ</strong></span> <span class='ocrx_word' id='word_1_240' title='bbox 594 3221 753 3291; x_wconf 87' lang='grc' dir='ltr'>μόνον</span> <span class='ocrx_word' id='word_1_241' title='bbox 778 3189 865 3289; x_wconf 41' lang='grc' dir='ltr'>-μὴ</span> <span class='ocrx_word' id='word_1_242' title='bbox 899 3215 1171 3284; x_wconf 84' lang='grc' dir='ltr'>γίνεσθαι.</span> <span class='ocrx_word' id='word_1_243' title='bbox 1209 3189 1454 3283; x_wconf 75' lang='grc' dir='ltr'>Φθαρτδν</span> <span class='ocrx_word' id='word_1_244' title='bbox 1500 3211 1650 3280; x_wconf 86' lang='grc' dir='ltr'>λέγει</span> <span class='ocrx_word' id='word_1_245' title='bbox 1679 3209 1740 3261; x_wconf 77' lang='grc' dir='ltr'><strong>τὸ</strong></span> <span class='ocrx_word' id='word_1_246' title='bbox 1789 3225 1892 3262; x_wconf 67' lang='grc' dir='ltr'>και</span> <span class='ocrx_word' id='word_1_247' title='bbox 1918 3189 1960 3244; x_wconf 77' lang='lat' dir='ltr'><strong><em>C</em></strong></span> 
     </span>
    </p>
   </div>
   <div class='ocr_carea' id='block_1_35' title="bbox 316 3301 1895 3384">
    <p class='ocr_par' dir='ltr' id='par_1_35' title="bbox 316 3301 1895 3384">
     <span class='ocr_line' id='line_1_35' title="bbox 316 3301 1895 3384; baseline -0.01 -16"><span class='ocrx_word' id='word_1_248' title='bbox 316 3315 447 3368; x_wconf 77' lang='grc' dir='ltr'><strong>κόνο</strong></span> <span class='ocrx_word' id='word_1_249' title='bbox 485 3313 658 3384; x_wconf 80' lang='grc' dir='ltr'>φθορὰ</span> <span class='ocrx_word' id='word_1_250' title='bbox 693 3313 803 3383; x_wconf 86' lang='grc' dir='ltr'><strong>γάρ</strong></span> <span class='ocrx_word' id='word_1_251' title='bbox 837 3315 986 3364; x_wconf 78' lang='grc' dir='ltr'>ἐστιν</span> <span class='ocrx_word' id='word_1_252' title='bbox 1017 3311 1051 3378; x_wconf 80' lang='grc' dir='ltr'><strong>ἡ</strong></span> <span class='ocrx_word' id='word_1_253' title='bbox 1085 3309 1179 3362; x_wconf 83' lang='grc' dir='ltr'>τοῦ</span> <span class='ocrx_word' id='word_1_254' title='bbox 1218 3305 1392 3362; x_wconf 78' lang='grc' dir='ltr'>κακοῦ</span> <span class='ocrx_word' id='word_1_255' title='bbox 1429 3304 1614 3375; x_wconf 81' lang='grc' dir='ltr'>φύσις,</span> <span class='ocrx_word' id='word_1_256' title='bbox 1644 3301 1895 3372; x_wconf 81' lang='grc' dir='ltr'>οὐδαμῶς</span> 
     </span>
    </p>
   </div>
   <div class='ocr_carea' id='block_1_36' title="bbox 317 3391 1893 3472">
    <p class='ocr_par' dir='ltr' id='par_1_36' title="bbox 317 3391 1893 3472">
     <span class='ocr_line' id='line_1_36' title="bbox 317 3391 1893 3472; baseline -0.011 -14"><span class='ocrx_word' id='word_1_257' title='bbox 317 3405 446 3458; x_wconf 82' lang='grc' dir='ltr'>κατ’</span> <span class='ocrx_word' id='word_1_258' title='bbox 471 3405 624 3457; x_wconf 78' lang='grc' dir='ltr'>οὐδὲν</span> <span class='ocrx_word' id='word_1_259' title='bbox 651 3401 886 3472; x_wconf 75' lang='grc' dir='ltr'>ὓπαρξιν</span> <span class='ocrx_word' id='word_1_260' title='bbox 912 3401 1111 3469; x_wconf 76' lang='grc' dir='ltr'>ἔχουσα</span> <span class='ocrx_word' id='word_1_261' title='bbox 1133 3414 1146 3428; x_wconf 78' lang='grc'><strong>⁸</strong></span> <span class='ocrx_word' id='word_1_262' title='bbox 1188 3396 1466 3468; x_wconf 76' lang='grc' dir='ltr'>ἄφθαρτον</span> <span class='ocrx_word' id='word_1_263' title='bbox 1495 3395 1552 3447; x_wconf 82' lang='grc' dir='ltr'><strong>δὲ</strong></span> <span class='ocrx_word' id='word_1_264' title='bbox 1584 3394 1644 3446; x_wconf 83' lang='grc' dir='ltr'><strong>τὸ</strong></span> <span class='ocrx_word' id='word_1_265' title='bbox 1667 3391 1893 3458; x_wconf 82' lang='grc' dir='ltr'>ἀγαθὸν,</span> 
     </span>
    </p>
   </div>
   <div class='ocr_carea' id='block_1_37' title="bbox 315 3483 1894 3564">
    <p class='ocr_par' dir='ltr' id='par_1_37' title="bbox 315 3483 1894 3564">
     <span class='ocr_line' id='line_1_37' title="bbox 315 3483 1894 3564; baseline -0.009 -16"><span class='ocrx_word' id='word_1_266' title='bbox 315 3495 399 3558; x_wconf 82' lang='grc' dir='ltr'>ὡς</span> <span class='ocrx_word' id='word_1_267' title='bbox 425 3495 514 3548; x_wconf 73' lang='grc' dir='ltr'>ἀεὶ</span> <span class='ocrx_word' id='word_1_268' title='bbox 561 3494 640 3558; x_wconf 83' lang='grc' dir='ltr'>ὃν,</span> <span class='ocrx_word' id='word_1_269' title='bbox 689 3495 788 3547; x_wconf 74' lang='grc' dir='ltr'>καὶ</span> <span class='ocrx_word' id='word_1_270' title='bbox 818 3493 1086 3564; x_wconf 82' lang='grc' dir='ltr'>μηδέποτε</span> <span class='ocrx_word' id='word_1_271' title='bbox 1129 3489 1224 3543; x_wconf 79' lang='grc' dir='ltr'>τοῦ</span> <span class='ocrx_word' id='word_1_272' title='bbox 1261 3485 1403 3541; x_wconf 79' lang='grc' dir='ltr'>εἶναι</span> <span class='ocrx_word' id='word_1_273' title='bbox 1433 3485 1764 3555; x_wconf 81' lang='grc' dir='ltr'>παυόμενον,</span> <span class='ocrx_word' id='word_1_274' title='bbox 1800 3483 1894 3535; x_wconf 72' lang='grc' dir='ltr'>καὶ</span> 
     </span>
    </p>
   </div>
   <div class='ocr_carea' id='block_1_38' title="bbox 320 3574 1895 3656">
    <p class='ocr_par' dir='ltr' id='par_1_38' title="bbox 320 3574 1895 3656">
     <span class='ocr_line' id='line_1_38' title="bbox 320 3574 1895 3656; baseline -0.011 -14"><span class='ocrx_word' id='word_1_275' title='bbox 320 3591 544 3644; x_wconf 72' lang='grc' dir='ltr'>πάντων</span> <span class='ocrx_word' id='word_1_276' title='bbox 575 3583 656 3653; x_wconf 77' lang='grc' dir='ltr'>οἷς</span> <span class='ocrx_word' id='word_1_277' title='bbox 684 3587 994 3656; x_wconf 75' lang='grc' dir='ltr'>ἐγγίνηται,</span> <span class='ocrx_word' id='word_1_278' title='bbox 1022 3581 1411 3653; x_wconf 75' lang='grc' dir='ltr'>φρουρητικόν.</span> <span class='ocrx_word' id='word_1_279' title='bbox 1439 3577 1611 3632; x_wconf 77' lang='grc' dir='ltr'>Τοῦτο</span> <span class='ocrx_word' id='word_1_280' title='bbox 1641 3575 1793 3645; x_wconf 81' lang='grc' dir='ltr'>γοῦν,</span> <span class='ocrx_word' id='word_1_281' title='bbox 1818 3574 1895 3643; x_wconf 79' lang='grc' dir='ltr'><strong>τῷ</strong></span> 
     </span>
    </p>
   </div>
   <div class='ocr_carea' id='block_1_39' title="bbox 323 3665 1893 3752">
    <p class='ocr_par' dir='ltr' id='par_1_39' title="bbox 323 3665 1893 3752">
     <span class='ocr_line' id='line_1_39' title="bbox 323 3665 1893 3752; baseline -0.012 -17"><span class='ocrx_word' id='word_1_282' title='bbox 323 3682 428 3752; x_wconf 76' lang='grc' dir='ltr'>μὲν</span> <span class='ocrx_word' id='word_1_283' title='bbox 458 3677 775 3747; x_wconf 83' lang='grc' dir='ltr'>λογιστικῷ.</span> <span class='ocrx_word' id='word_1_284' title='bbox 812 3675 1080 3745; x_wconf 78' lang='grc' dir='ltr'>ζητοῦμεν</span> <span class='ocrx_word' id='word_1_285' title='bbox 1100 3691 1114 3704; x_wconf 84' lang='grc'><strong>·</strong></span> <span class='ocrx_word' id='word_1_286' title='bbox 1164 3672 1243 3743; x_wconf 85' lang='grc' dir='ltr'>τῷ</span> <span class='ocrx_word' id='word_1_287' title='bbox 1270 3672 1326 3725; x_wconf 84' lang='grc' dir='ltr'><strong>δὲ</strong></span> <span class='ocrx_word' id='word_1_288' title='bbox 1353 3665 1756 3740; x_wconf 77' lang='grc' dir='ltr'>ἐπιθυμητικῷ,</span> <span class='ocrx_word' id='word_1_289' title='bbox 1797 3683 1893 3717; x_wconf 57' lang='grc' dir='ltr'>ποκ</span> 
     </span>
    </p>
   </div>
   <div class='ocr_carea' id='block_1_40' title="bbox 322 3757 1896 3842">
    <p class='ocr_par' dir='ltr' id='par_1_40' title="bbox 322 3757 1896 3842">
     <span class='ocr_line' id='line_1_40' title="bbox 322 3757 1896 3842; baseline -0.01 -18"><span class='ocrx_word' id='word_1_290' title='bbox 322 3771 528 3842; x_wconf 79' lang='grc' dir='ltr'>Οοῦμεν</span> <span class='ocrx_word' id='word_1_291' title='bbox 553 3787 565 3799; x_wconf 82' lang='lat'><strong><em>°</em></strong></span> <span class='ocrx_word' id='word_1_292' title='bbox 600 3770 678 3840; x_wconf 86' lang='grc' dir='ltr'>τῷ</span> <span class='ocrx_word' id='word_1_293' title='bbox 710 3769 768 3822; x_wconf 76' lang='grc' dir='ltr'><strong>δὲ</strong></span> <span class='ocrx_word' id='word_1_294' title='bbox 813 3767 1052 3839; x_wconf 80' lang='grc' dir='ltr'>θυμικῷ,</span> <span class='ocrx_word' id='word_1_295' title='bbox 1085 3765 1426 3835; x_wconf 81' lang='grc' dir='ltr'>φυλάττομεν</span> <span class='ocrx_word' id='word_1_296' title='bbox 1467 3763 1667 3817; x_wconf 78' lang='grc' dir='ltr'>ἄσυλον</span> <span class='ocrx_word' id='word_1_297' title='bbox 1693 3778 1705 3792; x_wconf 86' lang='grc'><strong>·</strong></span> <span class='ocrx_word' id='word_1_298' title='bbox 1744 3757 1819 3828; x_wconf 79' lang='grc' dir='ltr'><strong>τῷ</strong></span> <span class='ocrx_word' id='word_1_299' title='bbox 1853 3757 1896 3810; x_wconf 85' lang='grc' dir='ltr'>δ’</span> 
     </span>
    </p>
   </div>
   <div class='ocr_carea' id='block_1_41' title="bbox 322 3856 1895 3934">
    <p class='ocr_par' dir='ltr' id='par_1_41' title="bbox 322 3856 1895 3934">
     <span class='ocr_line' id='line_1_41' title="bbox 322 3856 1895 3934; baseline -0.007 -16"><span class='ocrx_word' id='word_1_300' title='bbox 322 3861 634 3934; x_wconf 76' lang='grc' dir='ltr'>αἰσθητικῷ</span> <span class='ocrx_word' id='word_1_301' title='bbox 679 3862 799 3916; x_wconf 87' lang='grc' dir='ltr'>κατ’</span> <span class='ocrx_word' id='word_1_302' title='bbox 848 3863 1179 3930; x_wconf 77' lang='grc' dir='ltr'>ἐπιστήμην,</span> <span class='ocrx_word' id='word_1_303' title='bbox 1215 3859 1414 3928; x_wconf 83' lang='grc' dir='ltr'>ἀμιγὲς</span> <span class='ocrx_word' id='word_1_304' title='bbox 1443 3857 1574 3910; x_wconf 79' lang='grc' dir='ltr'>αὐτὸ</span> <span class='ocrx_word' id='word_1_305' title='bbox 1600 3856 1709 3908; x_wconf 84' lang='grc' dir='ltr'><strong>τῶν</strong></span> <span class='ocrx_word' id='word_1_306' title='bbox 1741 3857 1895 3908; x_wconf 77' lang='grc' dir='ltr'>ἐναν-</span> 
     </span>
    </p>
   </div>
   <div class='ocr_carea' id='block_1_42' title="bbox 321 3947 1898 4026">
    <p class='ocr_par' dir='ltr' id='par_1_42' title="bbox 321 3947 1898 4026">
     <span class='ocr_line' id='line_1_42' title="bbox 321 3947 1898 4026; baseline -0.008 -15"><span class='ocrx_word' id='word_1_307' title='bbox 321 3957 457 4011; x_wconf 79' lang='grc' dir='ltr'>τίων</span> <span class='ocrx_word' id='word_1_308' title='bbox 482 3956 863 4026; x_wconf 78' lang='grc' dir='ltr'>διακρίνομεν·</span> <span class='ocrx_word' id='word_1_309' title='bbox 905 3953 983 4023; x_wconf 82' lang='grc' dir='ltr'>τῷ</span> <span class='ocrx_word' id='word_1_310' title='bbox 1008 3953 1064 4005; x_wconf 82' lang='grc' dir='ltr'>δὲ</span> <span class='ocrx_word' id='word_1_311' title='bbox 1093 3947 1404 4022; x_wconf 80' lang='grc' dir='ltr'>φωνητικῷ,</span> <span class='ocrx_word' id='word_1_312' title='bbox 1437 3948 1724 4013; x_wconf 75' lang='grc' dir='ltr'>λαλοῦντες</span> <span class='ocrx_word' id='word_1_313' title='bbox 1767 3948 1898 3999; x_wconf 76' lang='grc' dir='ltr'>αὐτὸ</span> 
     </span>
    </p>
   </div>
   <div class='ocr_carea' id='block_1_43' title="bbox 323 4038 1895 4118">
    <p class='ocr_par' dir='ltr' id='par_1_43' title="bbox 323 4038 1895 4118">
     <span class='ocr_line' id='line_1_43' title="bbox 323 4038 1895 4118; baseline -0.005 -16"><span class='ocrx_word' id='word_1_314' title='bbox 323 4047 592 4118; x_wconf 79' lang='grc' dir='ltr'>ποιοῦμεν</span> <span class='ocrx_word' id='word_1_315' title='bbox 639 4049 752 4110; x_wconf 90' lang='grc' dir='ltr'>τοῖς</span> <span class='ocrx_word' id='word_1_316' title='bbox 805 4043 1059 4113; x_wconf 75' lang='grc' dir='ltr'>ἀγνοοῦσι</span> <span class='ocrx_word' id='word_1_317' title='bbox 1112 4041 1371 4112; x_wconf 78' lang='grc' dir='ltr'>φανερόν·</span> <span class='ocrx_word' id='word_1_318' title='bbox 1429 4041 1523 4093; x_wconf 71' lang='grc' dir='ltr'><strong>καὶ</strong></span> <span class='ocrx_word' id='word_1_319' title='bbox 1552 4038 1632 4109; x_wconf 82' lang='grc' dir='ltr'>τῷ</span> <span class='ocrx_word' id='word_1_320' title='bbox 1666 4038 1895 4108; x_wconf 79' lang='grc' dir='ltr'>γονίμῳ,</span> 
     </span>
    </p>
   </div>
   <div class='ocr_carea' id='block_1_44' title="bbox 322 4129 1897 4209">
    <p class='ocr_par' dir='ltr' id='par_1_44' title="bbox 322 4129 1897 4209">
     <span class='ocr_line' id='line_1_44' title="bbox 322 4129 1897 4209; baseline -0.004 -18"><span class='ocrx_word' id='word_1_321' title='bbox 322 4137 676 4209; x_wconf 81' lang='grc' dir='ltr'>πληθύνομεν</span> <span class='ocrx_word' id='word_1_322' title='bbox 702 4137 835 4190; x_wconf 84' lang='grc' dir='ltr'>αὐτό</span> <span class='ocrx_word' id='word_1_323' title='bbox 855 4153 867 4164; x_wconf 93' lang='grc'>·</span> <span class='ocrx_word' id='word_1_324' title='bbox 935 4132 1138 4204; x_wconf 73' lang='grc' dir='ltr'>μᾶλλον</span> <span class='ocrx_word' id='word_1_325' title='bbox 1186 4132 1231 4184; x_wconf 86' lang='grc' dir='ltr'>δ’</span> <span class='ocrx_word' id='word_1_326' title='bbox 1279 4129 1478 4202; x_wconf 77' lang='grc' dir='ltr'>ἀληθὲς</span> <span class='ocrx_word' id='word_1_327' title='bbox 1507 4131 1706 4194; x_wconf 86' lang='grc' dir='ltr'>εἰπεῖν,</span> <span class='ocrx_word' id='word_1_328' title='bbox 1737 4133 1897 4201; x_wconf 80' lang='grc' dir='ltr'>ἡμεῖς</span> 
     </span>
    </p>
   </div>
   <div class='ocr_carea' id='block_1_45' title="bbox 321 4224 1050 4296">
    <p class='ocr_par' dir='ltr' id='par_1_45' title="bbox 321 4224 1050 4296">
     <span class='ocr_line' id='line_1_45' title="bbox 321 4224 1050 4296; baseline -0.007 -14"><span class='ocrx_word' id='word_1_329' title='bbox 321 4229 449 4282; x_wconf 80' lang='grc' dir='ltr'>κατ’</span> <span class='ocrx_word' id='word_1_330' title='bbox 475 4227 608 4282; x_wconf 77' lang='grc' dir='ltr'>αὐτὸ</span> <span class='ocrx_word' id='word_1_331' title='bbox 641 4224 1050 4296; x_wconf 76' lang='grc' dir='ltr'>πληθυνόμεθα.</span> 
     </span>
    </p>
   </div>
   <div class='ocr_carea' id='block_1_46' title="bbox 1982 572 3558 644">
    <p class='ocr_par' dir='ltr' id='par_1_46' title="bbox 1982 572 3558 644">
     <span class='ocr_line' id='line_1_46' title="bbox 1982 572 3558 644; baseline -0.003 -15"><span class='ocrx_word' id='word_1_332' title='bbox 1982 577 2328 644; x_wconf 77' lang='lat' dir='ltr'><strong>impollutam</strong></span> <span class='ocrx_word' id='word_1_333' title='bbox 2356 576 2412 628; x_wconf 91' lang='lat' dir='ltr'><strong>in</strong></span> <span class='ocrx_word' id='word_1_334' title='bbox 2436 575 2613 644; x_wconf 79' lang='lat' dir='ltr'><strong>gratia</strong></span> <span class='ocrx_word' id='word_1_335' title='bbox 2633 573 2996 628; x_wconf 67' lang='lat' dir='ltr'><strong>colitesionem</strong></span> <span class='ocrx_word' id='word_1_336' title='bbox 3020 573 3289 638; x_wconf 89' lang='lat' dir='ltr'><strong>inveniet;</strong></span> <span class='ocrx_word' id='word_1_337' title='bbox 3307 572 3558 640; x_wconf 68' lang='lat' dir='ltr'><strong>iramque</strong></span> 
     </span>
    </p>
   </div>
   <div class='ocr_carea' id='block_1_47' title="bbox 1981 665 3556 734">
    <p class='ocr_par' dir='ltr' id='par_1_47' title="bbox 1981 665 3556 734">
     <span class='ocr_line' id='line_1_47' title="bbox 1981 665 3556 734; baseline -0.004 -12"><span class='ocrx_word' id='word_1_338' title='bbox 1981 669 2039 723; x_wconf 88' lang='lat' dir='ltr'><strong>in</strong></span> <span class='ocrx_word' id='word_1_339' title='bbox 2073 669 2465 722; x_wconf 91' lang='lat' dir='ltr'><strong>intemeratum</strong></span> <span class='ocrx_word' id='word_1_340' title='bbox 2522 667 2798 720; x_wconf 82' lang='lat' dir='ltr'><strong>fervorem</strong></span> <span class='ocrx_word' id='word_1_341' title='bbox 2824 705 2837 727; x_wconf 90' lang='lat'><strong>,</strong></span> <span class='ocrx_word' id='word_1_342' title='bbox 2865 665 3164 734; x_wconf 73' lang='lat' dir='ltr'><strong>voluptatis</strong></span> <span class='ocrx_word' id='word_1_343' title='bbox 3201 665 3347 719; x_wconf 87' lang='lat' dir='ltr'><strong>circa</strong></span> <span class='ocrx_word' id='word_1_344' title='bbox 3382 665 3556 718; x_wconf 80' lang='lat' dir='ltr'><strong>Deum</strong></span> 
     </span>
    </p>
   </div>
   <div class='ocr_carea' id='block_1_48' title="bbox 1979 756 3558 830">
    <p class='ocr_par' dir='ltr' id='par_1_48' title="bbox 1979 756 3558 830">
     <span class='ocr_line' id='line_1_48' title="bbox 1979 756 3558 830; baseline -0.004 -14"><span class='ocrx_word' id='word_1_345' title='bbox 1979 763 2277 825; x_wconf 77' lang='lat' dir='ltr'><strong>vindicem,</strong></span> <span class='ocrx_word' id='word_1_346' title='bbox 2316 762 2678 830; x_wconf 88' lang='lat' dir='ltr'><strong>sobriumque</strong></span> <span class='ocrx_word' id='word_1_347' title='bbox 2729 760 3027 821; x_wconf 81' lang='lat' dir='ltr'><strong>fervorem,</strong></span> <span class='ocrx_word' id='word_1_348' title='bbox 3091 773 3223 826; x_wconf 93' lang='lat' dir='ltr'><strong>quo,</strong></span> <span class='ocrx_word' id='word_1_349' title='bbox 3279 756 3558 811; x_wconf 90' lang='lat' dir='ltr'><strong>desiderio</strong></span> 
     </span>
    </p>
   </div>
   <div class='ocr_carea' id='block_1_49' title="bbox 1981 849 3557 918">
    <p class='ocr_par' dir='ltr' id='par_1_49' title="bbox 1981 849 3557 918">
     <span class='ocr_line' id='line_1_49' title="bbox 1981 849 3557 918; baseline -0.005 -8"><span class='ocrx_word' id='word_1_350' title='bbox 1981 857 2234 910; x_wconf 89' lang='lat' dir='ltr'><strong>mulcens</strong></span> <span class='ocrx_word' id='word_1_351' title='bbox 2271 863 2327 908; x_wconf 89' lang='lat' dir='ltr'><strong>et</strong></span> <span class='ocrx_word' id='word_1_352' title='bbox 2357 853 2680 908; x_wconf 87' lang='lat' dir='ltr'><strong>illecebrosa</strong></span> <span class='ocrx_word' id='word_1_353' title='bbox 2725 851 2894 905; x_wconf 89' lang='lat' dir='ltr'><strong>animi</strong></span> <span class='ocrx_word' id='word_1_354' title='bbox 2944 850 3174 903; x_wconf 79' lang='lat' dir='ltr'><strong>facultas</strong></span> <span class='ocrx_word' id='word_1_355' title='bbox 3197 888 3210 910; x_wconf 87' lang='lat'><strong>,</strong></span> <span class='ocrx_word' id='word_1_356' title='bbox 3261 849 3501 918; x_wconf 86' lang='lat' dir='ltr'><strong>perfecte</strong></span> <span class='ocrx_word' id='word_1_357' title='bbox 3527 865 3557 902; x_wconf 90' lang='lat' dir='ltr'><strong>a</strong></span> 
     </span>
    </p>
   </div>
   <div class='ocr_carea' id='block_1_50' title="bbox 1982 942 3547 1012">
    <p class='ocr_par' dir='ltr' id='par_1_50' title="bbox 1982 942 3547 1012">
     <span class='ocr_line' id='line_1_50' title="bbox 1982 942 3547 1012; baseline -0.003 -12"><span class='ocrx_word' id='word_1_358' title='bbox 1982 948 2153 1001; x_wconf 85' lang='lat' dir='ltr'><strong>rebus</strong></span> <span class='ocrx_word' id='word_1_359' title='bbox 2185 945 2423 1000; x_wconf 80' lang='lat' dir='ltr'><strong>excedit.</strong></span> <span class='ocrx_word' id='word_1_360' title='bbox 2459 944 2716 1010; x_wconf 87' lang='lat' dir='ltr'><strong>Quandiu</strong></span> <span class='ocrx_word' id='word_1_361' title='bbox 2744 943 2913 1012; x_wconf 79' lang='lat' dir='ltr'><strong>igitur</strong></span> <span class='ocrx_word' id='word_1_362' title='bbox 2938 942 3179 995; x_wconf 89' lang='lat' dir='ltr'><strong>mundus</strong></span> <span class='ocrx_word' id='word_1_363' title='bbox 3207 942 3262 995; x_wconf 91' lang='lat' dir='ltr'><strong>in</strong></span> <span class='ocrx_word' id='word_1_364' title='bbox 3289 943 3448 996; x_wconf 88' lang='lat' dir='ltr'><strong>nobis</strong></span> <span class='ocrx_word' id='word_1_365' title='bbox 3471 943 3547 996; x_wconf 88' lang='lat' dir='ltr'><strong>vi-</strong></span> 
     </span>
    </p>
   </div>
   <div class='ocr_carea' id='block_1_51' title="bbox 1979 1032 3556 1105">
    <p class='ocr_par' dir='ltr' id='par_1_51' title="bbox 1979 1032 3556 1105">
     <span class='ocr_line' id='line_1_51' title="bbox 1979 1032 3556 1105; baseline -0.006 -12"><span class='ocrx_word' id='word_1_366' title='bbox 1979 1040 2079 1105; x_wconf 86' lang='lat' dir='ltr'><strong>vit,</strong></span> <span class='ocrx_word' id='word_1_367' title='bbox 2113 1037 2536 1104; x_wconf 87' lang='lat' dir='ltr'><strong>voluutariaquc</strong></span> <span class='ocrx_word' id='word_1_368' title='bbox 2582 1035 2752 1089; x_wconf 90' lang='lat' dir='ltr'><strong>animi</strong></span> <span class='ocrx_word' id='word_1_369' title='bbox 2799 1033 2866 1088; x_wconf 89' lang='lat' dir='ltr'><strong>ad</strong></span> <span class='ocrx_word' id='word_1_370' title='bbox 2909 1048 2998 1087; x_wconf 88' lang='lat' dir='ltr'><strong>res</strong></span> <span class='ocrx_word' id='word_1_371' title='bbox 3029 1041 3277 1086; x_wconf 87' lang='lat' dir='ltr'><strong>terrenas</strong></span> <span class='ocrx_word' id='word_1_372' title='bbox 3316 1032 3556 1096; x_wconf 72' lang='lat' dir='ltr'><strong>affectio,</strong></span> 
     </span>
    </p>
   </div>
   <div class='ocr_carea' id='block_1_52' title="bbox 1981 1121 3560 1186">
    <p class='ocr_par' dir='ltr' id='par_1_52' title="bbox 1981 1121 3560 1186">
     <span class='ocr_line' id='line_1_52' title="bbox 1981 1121 3560 1186; baseline -0.004 -3"><span class='ocrx_word' id='word_1_373' title='bbox 1981 1128 2289 1183; x_wconf 88' lang='lat' dir='ltr'><strong>cavendum</strong></span> <span class='ocrx_word' id='word_1_374' title='bbox 2312 1125 2474 1179; x_wconf 88' lang='lat' dir='ltr'><strong>nobis</strong></span> <span class='ocrx_word' id='word_1_375' title='bbox 2505 1124 2695 1183; x_wconf 76' lang='lat' dir='ltr'><strong>nelias</strong></span> <span class='ocrx_word' id='word_1_376' title='bbox 2716 1122 2868 1176; x_wconf 86' lang='lat' dir='ltr'><strong>vires</strong></span> <span class='ocrx_word' id='word_1_377' title='bbox 2893 1122 3149 1176; x_wconf 81' lang='lat' dir='ltr'><strong>libertate</strong></span> <span class='ocrx_word' id='word_1_378' title='bbox 3177 1121 3466 1186; x_wconf 87' lang='lat' dir='ltr'><strong>donemus,</strong></span> <span class='ocrx_word' id='word_1_379' title='bbox 3494 1138 3560 1176; x_wconf 89' lang='lat' dir='ltr'><strong>ne</strong></span> 
     </span>
    </p>
   </div>
   <div class='ocr_carea' id='block_1_53' title="bbox 1983 1203 3560 1276">
    <p class='ocr_par' dir='ltr' id='par_1_53' title="bbox 1983 1203 3560 1276">
     <span class='ocr_line' id='line_1_53' title="bbox 1983 1203 3560 1276; baseline -0.006 0"><span class='ocrx_word' id='word_1_380' title='bbox 1983 1223 2126 1276; x_wconf 88' lang='lat' dir='ltr'><strong>forte</strong></span> <span class='ocrx_word' id='word_1_381' title='bbox 2156 1235 2282 1274; x_wconf 86' lang='lat' dir='ltr'><strong>cum</strong></span> <span class='ocrx_word' id='word_1_382' title='bbox 2317 1218 2485 1272; x_wconf 85' lang='lat' dir='ltr'><strong>rebus</strong></span> <span class='ocrx_word' id='word_1_383' title='bbox 2521 1217 2578 1270; x_wconf 91' lang='lat' dir='ltr'><strong>in</strong></span> <span class='ocrx_word' id='word_1_384' title='bbox 2614 1231 2838 1270; x_wconf 82' lang='lat' dir='ltr'><strong>sensum</strong></span> <span class='ocrx_word' id='word_1_385' title='bbox 2876 1203 3203 1269; x_wconf 77' lang='lat' dir='ltr'><strong>cadentibus</strong></span> <span class='ocrx_word' id='word_1_386' title='bbox 3245 1215 3400 1268; x_wconf 88' lang='lat' dir='ltr'><strong>velut</strong></span> <span class='ocrx_word' id='word_1_387' title='bbox 3437 1230 3560 1268; x_wconf 90' lang='lat' dir='ltr'><strong>cum</strong></span> 
     </span>
    </p>
   </div>
   <div class='ocr_carea' id='block_1_54' title="bbox 1983 1305 3560 1370">
    <p class='ocr_par' dir='ltr' id='par_1_54' title="bbox 1983 1305 3560 1370">
     <span class='ocr_line' id='line_1_54' title="bbox 1983 1305 3560 1370; baseline -0.006 -3"><span class='ocrx_word' id='word_1_388' title='bbox 1983 1311 2281 1367; x_wconf 83' lang='lat' dir='ltr'><strong>tribulibus</strong></span> <span class='ocrx_word' id='word_1_389' title='bbox 2306 1308 2629 1370; x_wconf 69' lang='lat' dir='ltr'><strong>commistaa,</strong></span> <span class='ocrx_word' id='word_1_390' title='bbox 2663 1305 2906 1360; x_wconf 89' lang='lat' dir='ltr'><strong>animum</strong></span> <span class='ocrx_word' id='word_1_391' title='bbox 2935 1306 3084 1360; x_wconf 81' lang='lat' dir='ltr'><strong>bello</strong></span> <span class='ocrx_word' id='word_1_392' title='bbox 3123 1314 3356 1370; x_wconf 88' lang='lat' dir='ltr'><strong>tentent,</strong></span> <span class='ocrx_word' id='word_1_393' title='bbox 3381 1305 3560 1359; x_wconf 85' lang='lat' dir='ltr'><strong>vitiis-</strong></span> 
     </span>
    </p>
   </div>
   <div class='ocr_carea' id='block_1_55' title="bbox 1981 1397 3560 1473">
    <p class='ocr_par' dir='ltr' id='par_1_55' title="bbox 1981 1397 3560 1473">
     <span class='ocr_line' id='line_1_55' title="bbox 1981 1397 3560 1473; baseline -0.004 -16"><span class='ocrx_word' id='word_1_394' title='bbox 1981 1419 2088 1473; x_wconf 92' lang='lat' dir='ltr'><strong>que</strong></span> <span class='ocrx_word' id='word_1_395' title='bbox 2135 1417 2197 1457; x_wconf 88' lang='lat' dir='ltr'><strong>ac</strong></span> <span class='ocrx_word' id='word_1_396' title='bbox 2239 1401 2531 1456; x_wconf 77' lang='lat' dir='ltr'><strong>affectibus</strong></span> <span class='ocrx_word' id='word_1_397' title='bbox 2580 1399 2899 1454; x_wconf 87' lang='lat' dir='ltr'><strong>dedititium</strong></span> <span class='ocrx_word' id='word_1_398' title='bbox 2953 1398 3342 1467; x_wconf 87' lang='lat' dir='ltr'><strong>captivumque</strong></span> <span class='ocrx_word' id='word_1_399' title='bbox 3392 1397 3560 1467; x_wconf 81' lang='lat' dir='ltr'><strong>(haud</strong></span> 
     </span>
    </p>
   </div>
   <div class='ocr_carea' id='block_1_56' title="bbox 1980 1489 3562 1562">
    <p class='ocr_par' dir='ltr' id='par_1_56' title="bbox 1980 1489 3562 1562">
     <span class='ocr_line' id='line_1_56' title="bbox 1980 1489 3562 1562; baseline -0.005 -11"><span class='ocrx_word' id='word_1_400' title='bbox 1980 1511 2140 1551; x_wconf 88' lang='lat' dir='ltr'><strong>secus</strong></span> <span class='ocrx_word' id='word_1_401' title='bbox 2184 1509 2248 1548; x_wconf 92' lang='lat' dir='ltr'><strong>ac</strong></span> <span class='ocrx_word' id='word_1_402' title='bbox 2286 1494 2416 1548; x_wconf 89' lang='lat' dir='ltr'><strong>olim</strong></span> <span class='ocrx_word' id='word_1_403' title='bbox 2462 1493 2744 1562; x_wconf 81' lang='lat' dir='ltr'><strong>Babylonii</strong></span> <span class='ocrx_word' id='word_1_404' title='bbox 2774 1489 3136 1561; x_wconf 81' lang='lat' dir='ltr'><strong>Jcrosolyma)</strong></span> <span class='ocrx_word' id='word_1_405' title='bbox 3168 1491 3404 1559; x_wconf 87' lang='lat' dir='ltr'><strong>capiant.</strong></span> <span class='ocrx_word' id='word_1_406' title='bbox 3449 1489 3562 1543; x_wconf 63' lang='lat' dir='ltr'><strong>Str.-</strong></span> 
     </span>
    </p>
   </div>
   <div class='ocr_carea' id='block_1_57' title="bbox 1982 1579 3561 1650">
    <p class='ocr_par' dir='ltr' id='par_1_57' title="bbox 1982 1579 3561 1650">
     <span class='ocr_line' id='line_1_57' title="bbox 1982 1579 3561 1650; baseline -0.004 -13"><span class='ocrx_word' id='word_1_407' title='bbox 1982 1584 2169 1637; x_wconf 91' lang='lat' dir='ltr'><strong>culum</strong></span> <span class='ocrx_word' id='word_1_408' title='bbox 2211 1581 2358 1635; x_wconf 90' lang='lat' dir='ltr'><strong>enim</strong></span> <span class='ocrx_word' id='word_1_409' title='bbox 2387 1621 2401 1642; x_wconf 90' lang='lat'><strong>,</strong></span> <span class='ocrx_word' id='word_1_410' title='bbox 2438 1596 2547 1650; x_wconf 91' lang='lat' dir='ltr'><strong>quo</strong></span> <span class='ocrx_word' id='word_1_411' title='bbox 2579 1589 2696 1636; x_wconf 90' lang='lat' dir='ltr'><strong>toto</strong></span> <span class='ocrx_word' id='word_1_412' title='bbox 2724 1580 2813 1634; x_wconf 78' lang='lat' dir='ltr'><strong>lex</strong></span> <span class='ocrx_word' id='word_1_413' title='bbox 2853 1595 3044 1634; x_wconf 87' lang='lat' dir='ltr'><strong>servos</strong></span> <span class='ocrx_word' id='word_1_414' title='bbox 3077 1579 3415 1648; x_wconf 81' lang='lat' dir='ltr'><strong>alienigenas</strong></span> <span class='ocrx_word' id='word_1_415' title='bbox 3444 1593 3561 1632; x_wconf 86' lang='lat' dir='ltr'><strong>ser-</strong></span> 
     </span>
    </p>
   </div>
   <div class='ocr_carea' id='block_1_58' title="bbox 1981 1671 3564 1744">
    <p class='ocr_par' dir='ltr' id='par_1_58' title="bbox 1981 1671 3564 1744">
     <span class='ocr_line' id='line_1_58' title="bbox 1981 1671 3564 1744; baseline -0.004 -16"><span class='ocrx_word' id='word_1_416' title='bbox 1981 1676 2100 1730; x_wconf 86' lang='lat' dir='ltr'><strong>vire</strong></span> <span class='ocrx_word' id='word_1_417' title='bbox 2143 1682 2503 1744; x_wconf 66' lang='lat' dir='ltr'><strong>praeceperat,</strong></span> <span class='ocrx_word' id='word_1_418' title='bbox 2533 1687 2653 1727; x_wconf 89' lang='lat' dir='ltr'><strong>eam</strong></span> <span class='ocrx_word' id='word_1_419' title='bbox 2675 1688 2799 1742; x_wconf 73' lang='lat' dir='ltr'><strong>quae</strong></span> <span class='ocrx_word' id='word_1_420' title='bbox 2840 1673 3046 1726; x_wconf 90' lang='lat' dir='ltr'><strong>mentis</strong></span> <span class='ocrx_word' id='word_1_421' title='bbox 3073 1671 3350 1726; x_wconf 82' lang='lat' dir='ltr'><strong>sententia</strong></span> <span class='ocrx_word' id='word_1_422' title='bbox 3375 1686 3439 1724; x_wconf 91' lang='lat' dir='ltr'><strong>ac</strong></span> <span class='ocrx_word' id='word_1_423' title='bbox 3467 1686 3564 1722; x_wconf 87' lang='lat' dir='ltr'><strong>vo-</strong></span> 
     </span>
    </p>
   </div>
   <div class='ocr_carea' id='block_1_59' title="bbox 1983 1761 3562 1832">
    <p class='ocr_par' dir='ltr' id='par_1_59' title="bbox 1983 1761 3562 1832">
     <span class='ocr_line' id='line_1_59' title="bbox 1983 1761 3562 1832; baseline -0.004 -14"><span class='ocrx_word' id='word_1_424' title='bbox 1983 1765 2218 1826; x_wconf 86' lang='lat' dir='ltr'><strong>luntate.</strong></span> <span class='ocrx_word' id='word_1_425' title='bbox 2247 1763 2312 1817; x_wconf 92' lang='lat' dir='ltr'><strong>ad</strong></span> <span class='ocrx_word' id='word_1_426' title='bbox 2349 1762 2616 1816; x_wconf 87' lang='lat' dir='ltr'><strong>mundum</strong></span> <span class='ocrx_word' id='word_1_427' title='bbox 2648 1762 2814 1815; x_wconf 89' lang='lat' dir='ltr'><strong>istum</strong></span> <span class='ocrx_word' id='word_1_428' title='bbox 2862 1762 2950 1832; x_wconf 89' lang='lat' dir='ltr'><strong>(ad</strong></span> <span class='ocrx_word' id='word_1_429' title='bbox 2985 1776 3105 1816; x_wconf 90' lang='lat' dir='ltr'><strong>eam</strong></span> <span class='ocrx_word' id='word_1_430' title='bbox 3146 1761 3358 1815; x_wconf 87' lang='lat' dir='ltr'><strong>scilicet</strong></span> <span class='ocrx_word' id='word_1_431' title='bbox 3397 1776 3562 1830; x_wconf 88' lang='lat' dir='ltr'><strong>quam</strong></span> 
     </span>
    </p>
   </div>
   <div class='ocr_carea' id='block_1_60' title="bbox 1987 1850 3566 1921">
    <p class='ocr_par' dir='ltr' id='par_1_60' title="bbox 1987 1850 3566 1921">
     <span class='ocr_line' id='line_1_60' title="bbox 1987 1850 3566 1921; baseline -0.004 -12"><span class='ocrx_word' id='word_1_432' title='bbox 1987 1855 2043 1909; x_wconf 90' lang='lat' dir='ltr'><strong>in</strong></span> <span class='ocrx_word' id='word_1_433' title='bbox 2065 1871 2131 1909; x_wconf 92' lang='lat' dir='ltr'><strong>eo</strong></span> <span class='ocrx_word' id='word_1_434' title='bbox 2174 1855 2413 1908; x_wconf 87' lang='lat' dir='ltr'><strong>vivimus</strong></span> <span class='ocrx_word' id='word_1_435' title='bbox 2446 1852 2651 1921; x_wconf 84' lang='lat' dir='ltr'><strong>vitam)</strong></span> <span class='ocrx_word' id='word_1_436' title='bbox 2687 1851 2909 1907; x_wconf 71' lang='lat' dir='ltr'><strong>affectio</strong></span> <span class='ocrx_word' id='word_1_437' title='bbox 2956 1867 3020 1905; x_wconf 88' lang='lat' dir='ltr'><strong>ac</strong></span> <span class='ocrx_word' id='word_1_438' title='bbox 3048 1851 3222 1905; x_wconf 89' lang='lat' dir='ltr'><strong>libido</strong></span> <span class='ocrx_word' id='word_1_439' title='bbox 3260 1860 3345 1905; x_wconf 86' lang='lat' dir='ltr'><strong>est</strong></span> <span class='ocrx_word' id='word_1_440' title='bbox 3369 1890 3385 1914; x_wconf 91' lang='lat'><strong>,</strong></span> <span class='ocrx_word' id='word_1_441' title='bbox 3418 1850 3566 1904; x_wconf 87' lang='lat' dir='ltr'><strong>Scri-</strong></span> 
     </span>
    </p>
   </div>
   <div class='ocr_carea' id='block_1_61' title="bbox 1985 1945 3563 2018">
    <p class='ocr_par' dir='ltr' id='par_1_61' title="bbox 1985 1945 3563 2018">
     <span class='ocr_line' id='line_1_61' title="bbox 1985 1945 3563 2018; baseline -0.004 -19"><span class='ocrx_word' id='word_1_442' title='bbox 1985 1957 2146 2018; x_wconf 89' lang='lat' dir='ltr'><strong>ptura</strong></span> <span class='ocrx_word' id='word_1_443' title='bbox 2170 1945 2537 2015; x_wconf 82' lang='lat' dir='ltr'><strong>signiﬁcavit;</strong></span> <span class='ocrx_word' id='word_1_444' title='bbox 2566 1961 2664 2013; x_wconf 84' lang='lat' dir='ltr'><strong>per</strong></span> <span class='ocrx_word' id='word_1_445' title='bbox 2712 1959 2776 1997; x_wconf 86' lang='lat' dir='ltr'><strong>ea</strong></span> <span class='ocrx_word' id='word_1_446' title='bbox 2803 1958 2926 2012; x_wconf 70' lang='lat' dir='ltr'><strong>quae</strong></span> <span class='ocrx_word' id='word_1_447' title='bbox 2955 1951 3106 2012; x_wconf 80' lang='lat' dir='ltr'><strong>gesta</strong></span> <span class='ocrx_word' id='word_1_448' title='bbox 3150 1949 3470 2002; x_wconf 87' lang='lat' dir='ltr'><strong>narrantur.</strong></span> <span class='ocrx_word' id='word_1_449' title='bbox 3497 1956 3563 1994; x_wconf 84' lang='lat' dir='ltr'><strong>ea</strong></span> 
     </span>
    </p>
   </div>
   <div class='ocr_carea' id='block_1_62' title="bbox 1985 2029 3564 2108">
    <p class='ocr_par' dir='ltr' id='par_1_62' title="bbox 1985 2029 3564 2108">
     <span class='ocr_line' id='line_1_62' title="bbox 1985 2029 3564 2108; baseline -0.006 -16"><span class='ocrx_word' id='word_1_450' title='bbox 1985 2055 2106 2108; x_wconf 72' lang='lat' dir='ltr'><strong>(pne</strong></span> <span class='ocrx_word' id='word_1_451' title='bbox 2147 2036 2383 2108; x_wconf 85' lang='lat' dir='ltr'><strong>spiritali</strong></span> <span class='ocrx_word' id='word_1_452' title='bbox 2413 2050 2578 2090; x_wconf 88' lang='lat' dir='ltr'><strong>sensu</strong></span> <span class='ocrx_word' id='word_1_453' title='bbox 2612 2033 2968 2103; x_wconf 82' lang='lat' dir='ltr'><strong>intelligenda</strong></span> <span class='ocrx_word' id='word_1_454' title='bbox 2999 2041 3151 2097; x_wconf 89' lang='lat' dir='ltr'><strong>sunt,</strong></span> <span class='ocrx_word' id='word_1_455' title='bbox 3198 2031 3382 2086; x_wconf 90' lang='lat' dir='ltr'><strong>obiter</strong></span> <span class='ocrx_word' id='word_1_456' title='bbox 3422 2029 3564 2085; x_wconf 81' lang='lat' dir='ltr'><strong>indi-</strong></span> 
     </span>
    </p>
   </div>
   <div class='ocr_carea' id='block_1_63' title="bbox 1985 2144 2137 2182">
    <p class='ocr_par' dir='ltr' id='par_1_63' title="bbox 1985 2144 2137 2182">
     <span class='ocr_line' id='line_1_63' title="bbox 1985 2144 2137 2182; baseline 0.007 -1"><span class='ocrx_word' id='word_1_457' title='bbox 1985 2144 2137 2182; x_wconf 70' lang='lat' dir='ltr'><strong>cans.</strong></span> 
     </span>
    </p>
   </div>
   <div class='ocr_carea' id='block_1_64' title="bbox 2057 2213 3565 2284">
    <p class='ocr_par' dir='ltr' id='par_1_64' title="bbox 2057 2213 3565 2284">
     <span class='ocr_line' id='line_1_64' title="bbox 2057 2213 3565 2284; baseline -0.003 -14"><span class='ocrx_word' id='word_1_458' title='bbox 2057 2218 2144 2271; x_wconf 83' lang='lat'><strong>57.</strong></span> <span class='ocrx_word' id='word_1_459' title='bbox 2177 2216 2376 2270; x_wconf 87' lang='lat' dir='ltr'><strong>Malum</strong></span> <span class='ocrx_word' id='word_1_460' title='bbox 2411 2224 2700 2284; x_wconf 88' lang='lat' dir='ltr'><strong>occeptum</strong></span> <span class='ocrx_word' id='word_1_461' title='bbox 2733 2213 2868 2268; x_wconf 87' lang='lat' dir='ltr'><strong>dicit</strong></span> <span class='ocrx_word' id='word_1_462' title='bbox 2899 2231 2912 2266; x_wconf 94' lang='lat'><strong>:</strong></span> <span class='ocrx_word' id='word_1_463' title='bbox 2946 2214 3149 2284; x_wconf 82' lang='lat' dir='ltr'><strong>quippe</strong></span> <span class='ocrx_word' id='word_1_464' title='bbox 3183 2229 3307 2268; x_wconf 91' lang='lat' dir='ltr'><strong>cum</strong></span> <span class='ocrx_word' id='word_1_465' title='bbox 3339 2213 3565 2266; x_wconf 87' lang='lat' dir='ltr'><strong>innatu-</strong></span> 
     </span>
    </p>
   </div>
   <div class='ocr_carea' id='block_1_65' title="bbox 1987 2294 3659 2374">
    <p class='ocr_par' dir='ltr' id='par_1_65' title="bbox 1987 2294 3659 2374">
     <span class='ocr_line' id='line_1_65' title="bbox 1987 2294 3659 2374; baseline -0.002 -13"><span class='ocrx_word' id='word_1_466' title='bbox 1987 2308 2159 2362; x_wconf 89' lang='lat' dir='ltr'><strong>ralem</strong></span> <span class='ocrx_word' id='word_1_467' title='bbox 2207 2315 2417 2360; x_wconf 84' lang='lat' dir='ltr'><strong>motum</strong></span> <span class='ocrx_word' id='word_1_468' title='bbox 2470 2313 2723 2360; x_wconf 85' lang='lat' dir='ltr'><strong>nostrum</strong></span> <span class='ocrx_word' id='word_1_469' title='bbox 2768 2306 3038 2374; x_wconf 76' lang='lat' dir='ltr'><strong>originem</strong></span> <span class='ocrx_word' id='word_1_470' title='bbox 3088 2305 3306 2358; x_wconf 86' lang='lat' dir='ltr'><strong>habeat.</strong></span> <span class='ocrx_word' id='word_1_471' title='bbox 3354 2304 3565 2358; x_wconf 89' lang='lat' dir='ltr'><strong>Bonum</strong></span> <span class='ocrx_word' id='word_1_472' title='bbox 3658 2294 3659 2297; x_wconf 32' lang='grc'><em>“</em></span> 
     </span>
    </p>
   </div>
   <div class='ocr_carea' id='block_1_66' title="bbox 1987 2397 3565 2472">
    <p class='ocr_par' dir='ltr' id='par_1_66' title="bbox 1987 2397 3565 2472">
     <span class='ocr_line' id='line_1_66' title="bbox 1987 2397 3565 2472; baseline -0.005 -15"><span class='ocrx_word' id='word_1_473' title='bbox 1987 2413 2170 2458; x_wconf 85' lang='lat' dir='ltr'><strong>autem</strong></span> <span class='ocrx_word' id='word_1_474' title='bbox 2193 2416 2304 2457; x_wconf 84' lang='lat' dir='ltr'><strong>non</strong></span> <span class='ocrx_word' id='word_1_475' title='bbox 2327 2407 2649 2472; x_wconf 82' lang='lat' dir='ltr'><strong>occeptum;</strong></span> <span class='ocrx_word' id='word_1_476' title='bbox 2671 2397 2818 2466; x_wconf 86' lang='lat' dir='ltr'><strong>quod</strong></span> <span class='ocrx_word' id='word_1_477' title='bbox 2843 2397 3104 2451; x_wconf 86' lang='lat' dir='ltr'><strong>nimirum</strong></span> <span class='ocrx_word' id='word_1_478' title='bbox 3121 2406 3314 2450; x_wconf 89' lang='lat' dir='ltr'><strong>natura</strong></span> <span class='ocrx_word' id='word_1_479' title='bbox 3338 2397 3565 2459; x_wconf 87' lang='lat' dir='ltr'><strong>bonum,</strong></span> 
     </span>
    </p>
   </div>
   <div class='ocr_carea' id='block_1_67' title="bbox 1987 2488 3570 2563">
    <p class='ocr_par' dir='ltr' id='par_1_67' title="bbox 1987 2488 3570 2563">
     <span class='ocr_line' id='line_1_67' title="bbox 1987 2488 3570 2563; baseline -0.003 -15"><span class='ocrx_word' id='word_1_480' title='bbox 1987 2495 2135 2548; x_wconf 91' lang='lat' dir='ltr'><strong>omni</strong></span> <span class='ocrx_word' id='word_1_481' title='bbox 2163 2503 2408 2563; x_wconf 87' lang='lat' dir='ltr'><strong>tempore</strong></span> <span class='ocrx_word' id='word_1_482' title='bbox 2442 2508 2672 2562; x_wconf 78' lang='lat' dir='ltr'><strong>aevoque</strong></span> <span class='ocrx_word' id='word_1_483' title='bbox 2696 2489 2948 2547; x_wconf 79' lang='lat' dir='ltr'><strong>anterius</strong></span> <span class='ocrx_word' id='word_1_484' title='bbox 2980 2496 3084 2546; x_wconf 86' lang='lat' dir='ltr'><strong>est.</strong></span> <span class='ocrx_word' id='word_1_485' title='bbox 3115 2488 3464 2561; x_wconf 81' lang='lat' dir='ltr'><strong>lntelligibile</strong></span> <span class='ocrx_word' id='word_1_486' title='bbox 3488 2488 3570 2544; x_wconf 68' lang='lat' dir='ltr'><strong>ciii-</strong></span> 
     </span>
    </p>
   </div>
   <div class='ocr_carea' id='block_1_68' title="bbox 1987 2585 3568 2655">
    <p class='ocr_par' dir='ltr' id='par_1_68' title="bbox 1987 2585 3568 2655">
     <span class='ocr_line' id='line_1_68' title="bbox 1987 2585 3568 2655; baseline -0.002 -15"><span class='ocrx_word' id='word_1_487' title='bbox 1987 2589 2063 2642; x_wconf 90' lang='lat' dir='ltr'><strong>cit</strong></span> <span class='ocrx_word' id='word_1_488' title='bbox 2092 2588 2318 2649; x_wconf 88' lang='lat' dir='ltr'><strong>bonum,</strong></span> <span class='ocrx_word' id='word_1_489' title='bbox 2347 2586 2495 2655; x_wconf 92' lang='lat' dir='ltr'><strong>quod</strong></span> <span class='ocrx_word' id='word_1_490' title='bbox 2535 2587 2714 2640; x_wconf 90' lang='lat' dir='ltr'><strong>solum</strong></span> <span class='ocrx_word' id='word_1_491' title='bbox 2755 2593 2815 2638; x_wconf 86' lang='lat' dir='ltr'><strong>ut</strong></span> <span class='ocrx_word' id='word_1_492' title='bbox 2841 2585 3214 2653; x_wconf 77' lang='lat' dir='ltr'><strong>intelligamus</strong></span> <span class='ocrx_word' id='word_1_493' title='bbox 3242 2599 3422 2652; x_wconf 63' lang='lat' dir='ltr'><strong>operm</strong></span> <span class='ocrx_word' id='word_1_494' title='bbox 3440 2599 3568 2651; x_wconf 90' lang='lat' dir='ltr'><strong>pre-</strong></span> 
     </span>
    </p>
   </div>
   <div class='ocr_carea' id='block_1_69' title="bbox 1988 2672 3569 2746">
    <p class='ocr_par' dir='ltr' id='par_1_69' title="bbox 1988 2672 3569 2746">
     <span class='ocr_line' id='line_1_69' title="bbox 1988 2672 3569 2746; baseline -0.005 -13"><span class='ocrx_word' id='word_1_495' title='bbox 1988 2681 2123 2733; x_wconf 88' lang='lat' dir='ltr'><strong>tium</strong></span> <span class='ocrx_word' id='word_1_496' title='bbox 2183 2689 2306 2732; x_wconf 85' lang='lat' dir='ltr'><strong>est:</strong></span> <span class='ocrx_word' id='word_1_497' title='bbox 2335 2694 2444 2731; x_wconf 91' lang='lat' dir='ltr'><strong>non</strong></span> <span class='ocrx_word' id='word_1_498' title='bbox 2496 2677 2844 2746; x_wconf 79' lang='lat' dir='ltr'><strong>intelligibile</strong></span> <span class='ocrx_word' id='word_1_499' title='bbox 2891 2683 3076 2728; x_wconf 89' lang='lat' dir='ltr'><strong>autem</strong></span> <span class='ocrx_word' id='word_1_500' title='bbox 3122 2674 3361 2733; x_wconf 82' lang='lat' dir='ltr'><strong>malum,</strong></span> <span class='ocrx_word' id='word_1_501' title='bbox 3421 2672 3569 2742; x_wconf 83' lang='lat' dir='ltr'><strong>quod</strong></span> 
     </span>
    </p>
   </div>
   <div class='ocr_carea' id='block_1_70' title="bbox 1988 2764 3567 2837">
    <p class='ocr_par' dir='ltr' id='par_1_70' title="bbox 1988 2764 3567 2837">
     <span class='ocr_line' id='line_1_70' title="bbox 1988 2764 3567 2837; baseline -0.004 -14"><span class='ocrx_word' id='word_1_502' title='bbox 1988 2771 2166 2824; x_wconf 91' lang='lat' dir='ltr'><strong>solum</strong></span> <span class='ocrx_word' id='word_1_503' title='bbox 2204 2785 2314 2822; x_wconf 89' lang='lat' dir='ltr'><strong>non</strong></span> <span class='ocrx_word' id='word_1_504' title='bbox 2351 2769 2657 2837; x_wconf 85' lang='lat' dir='ltr'><strong>intelligere</strong></span> <span class='ocrx_word' id='word_1_505' title='bbox 2705 2783 2802 2821; x_wconf 89' lang='lat' dir='ltr'><strong>seu</strong></span> <span class='ocrx_word' id='word_1_506' title='bbox 2848 2767 3090 2836; x_wconf 78' lang='lat' dir='ltr'><strong>cogitare</strong></span> <span class='ocrx_word' id='word_1_507' title='bbox 3124 2764 3286 2818; x_wconf 90' lang='lat' dir='ltr'><strong>nobis</strong></span> <span class='ocrx_word' id='word_1_508' title='bbox 3330 2772 3567 2833; x_wconf 66' lang='lat' dir='ltr'><strong>praestet.</strong></span> 
     </span>
    </p>
   </div>
   <div class='ocr_carea' id='block_1_71' title="bbox 1987 2840 3572 2925">
    <p class='ocr_par' dir='ltr' id='par_1_71' title="bbox 1987 2840 3572 2925">
     <span class='ocr_line' id='line_1_71' title="bbox 1987 2840 3572 2925; baseline -0.003 -11"><span class='ocrx_word' id='word_1_509' title='bbox 1987 2863 2157 2916; x_wconf 89' lang='lat' dir='ltr'><strong>Porro</strong></span> <span class='ocrx_word' id='word_1_510' title='bbox 2181 2861 2401 2914; x_wconf 87' lang='lat' dir='ltr'><strong>fandum</strong></span> <span class='ocrx_word' id='word_1_511' title='bbox 2431 2869 2587 2912; x_wconf 87' lang='lat' dir='ltr'><strong>vocat</strong></span> <span class='ocrx_word' id='word_1_512' title='bbox 2608 2859 2815 2912; x_wconf 84' lang='lat' dir='ltr'><strong>bonum</strong></span> <span class='ocrx_word' id='word_1_513' title='bbox 2838 2897 2852 2921; x_wconf 92' lang='lat'><strong>,</strong></span> <span class='ocrx_word' id='word_1_514' title='bbox 2887 2857 3032 2925; x_wconf 91' lang='lat' dir='ltr'><strong>quod</strong></span> <span class='ocrx_word' id='word_1_515' title='bbox 3069 2840 3247 2925; x_wconf 80' lang='lat' dir='ltr'><strong>ipsum</strong></span> <span class='ocrx_word' id='word_1_516' title='bbox 3273 2856 3447 2908; x_wconf 88' lang='lat' dir='ltr'><strong>solum</strong></span> <span class='ocrx_word' id='word_1_517' title='bbox 3472 2870 3572 2909; x_wconf 87' lang='lat' dir='ltr'><strong>nos</strong></span> 
     </span>
    </p>
   </div>
   <div class='ocr_carea' id='block_1_72' title="bbox 1989 2945 3572 3020">
    <p class='ocr_par' dir='ltr' id='par_1_72' title="bbox 1989 2945 3572 3020">
     <span class='ocr_line' id='line_1_72' title="bbox 1989 2945 3572 3020; baseline -0.004 -16"><span class='ocrx_word' id='word_1_518' title='bbox 1989 2952 2137 3020; x_wconf 88' lang='lat' dir='ltr'><strong>loqui</strong></span> <span class='ocrx_word' id='word_1_519' title='bbox 2163 2967 2262 3020; x_wconf 89' lang='lat' dir='ltr'><strong>par</strong></span> <span class='ocrx_word' id='word_1_520' title='bbox 2294 2958 2407 3014; x_wconf 85' lang='lat' dir='ltr'><strong>est,</strong></span> <span class='ocrx_word' id='word_1_521' title='bbox 2452 2951 2697 3018; x_wconf 87' lang='lat' dir='ltr'><strong>dicitque</strong></span> <span class='ocrx_word' id='word_1_522' title='bbox 2729 2949 2936 3002; x_wconf 84' lang='lat' dir='ltr'><strong>bonum</strong></span> <span class='ocrx_word' id='word_1_523' title='bbox 2967 2963 3088 3000; x_wconf 85' lang='lat' dir='ltr'><strong>esse</strong></span> <span class='ocrx_word' id='word_1_524' title='bbox 3122 2946 3269 3016; x_wconf 87' lang='lat' dir='ltr'><strong>quod</strong></span> <span class='ocrx_word' id='word_1_525' title='bbox 3314 2945 3393 3009; x_wconf 86' lang='lat' dir='ltr'><strong>fit,</strong></span> <span class='ocrx_word' id='word_1_526' title='bbox 3425 2945 3572 3014; x_wconf 85' lang='lat' dir='ltr'><strong>quod</strong></span> 
     </span>
    </p>
   </div>
   <div class='ocr_carea' id='block_1_73' title="bbox 1991 3035 3572 3108">
    <p class='ocr_par' dir='ltr' id='par_1_73' title="bbox 1991 3035 3572 3108">
     <span class='ocr_line' id='line_1_73' title="bbox 1991 3035 3572 3108; baseline -0.006 -13"><span class='ocrx_word' id='word_1_527' title='bbox 1991 3059 2113 3095; x_wconf 89' lang='lat' dir='ltr'><strong>cum</strong></span> <span class='ocrx_word' id='word_1_528' title='bbox 2144 3050 2343 3094; x_wconf 86' lang='lat' dir='ltr'><strong>natura</strong></span> <span class='ocrx_word' id='word_1_529' title='bbox 2372 3039 2677 3108; x_wconf 83' lang='lat' dir='ltr'><strong>ingenitum</strong></span> <span class='ocrx_word' id='word_1_530' title='bbox 2720 3039 2790 3092; x_wconf 87' lang='lat' dir='ltr'><strong>sit</strong></span> <span class='ocrx_word' id='word_1_531' title='bbox 2814 3054 2878 3092; x_wconf 89' lang='lat' dir='ltr'><strong>ac</strong></span> <span class='ocrx_word' id='word_1_532' title='bbox 2912 3051 3021 3090; x_wconf 92' lang='lat' dir='ltr'><strong>non</strong></span> <span class='ocrx_word' id='word_1_533' title='bbox 3063 3035 3291 3101; x_wconf 87' lang='lat' dir='ltr'><strong>factum,</strong></span> <span class='ocrx_word' id='word_1_534' title='bbox 3324 3035 3396 3089; x_wconf 94' lang='lat' dir='ltr'><strong>ob</strong></span> <span class='ocrx_word' id='word_1_535' title='bbox 3421 3051 3572 3088; x_wconf 89' lang='lat' dir='ltr'><strong>sum-</strong></span> 
     </span>
    </p>
   </div>
   <div class='ocr_carea' id='block_1_74' title="bbox 1993 3127 3568 3201">
    <p class='ocr_par' dir='ltr' id='par_1_74' title="bbox 1993 3127 3568 3201">
     <span class='ocr_line' id='line_1_74' title="bbox 1993 3127 3568 3201; baseline -0.004 -15"><span class='ocrx_word' id='word_1_536' title='bbox 1993 3148 2136 3186; x_wconf 88' lang='lat' dir='ltr'><strong>mam</strong></span> <span class='ocrx_word' id='word_1_537' title='bbox 2172 3132 2592 3201; x_wconf 78' lang='lat' dir='ltr'><strong>benignitatem,</strong></span> <span class='ocrx_word' id='word_1_538' title='bbox 2629 3140 2689 3185; x_wconf 91' lang='lat' dir='ltr'><strong>ut</strong></span> <span class='ocrx_word' id='word_1_539' title='bbox 2719 3145 2749 3184; x_wconf 90' lang='lat' dir='ltr'><strong>a</strong></span> <span class='ocrx_word' id='word_1_540' title='bbox 2778 3131 2961 3194; x_wconf 90' lang='lat' dir='ltr'><strong>nobis,</strong></span> <span class='ocrx_word' id='word_1_541' title='bbox 2989 3129 3061 3182; x_wconf 92' lang='lat' dir='ltr'><strong>ob</strong></span> <span class='ocrx_word' id='word_1_542' title='bbox 3081 3137 3329 3182; x_wconf 88' lang='lat' dir='ltr'><strong>nostram</strong></span> <span class='ocrx_word' id='word_1_543' title='bbox 3361 3127 3454 3196; x_wconf 92' lang='lat' dir='ltr'><strong>qui</strong></span> <span class='ocrx_word' id='word_1_544' title='bbox 3484 3127 3568 3181; x_wconf 83' lang='lat' dir='ltr'><strong>fa-</strong></span> 
     </span>
    </p>
   </div>
   <div class='ocr_carea' id='block_1_75' title="bbox 2001 3219 3577 3292">
    <p class='ocr_par' dir='ltr' id='par_1_75' title="bbox 2001 3219 3577 3292">
     <span class='ocr_line' id='line_1_75' title="bbox 2001 3219 3577 3292; baseline -0.005 -12"><span class='ocrx_word' id='word_1_545' title='bbox 2001 3226 2176 3280; x_wconf 82' lang='lat' dir='ltr'><strong>cimus</strong></span> <span class='ocrx_word' id='word_1_546' title='bbox 2221 3233 2387 3292; x_wconf 88' lang='lat' dir='ltr'><strong>atque</strong></span> <span class='ocrx_word' id='word_1_547' title='bbox 2432 3223 2714 3292; x_wconf 84' lang='lat' dir='ltr'><strong>loquimur</strong></span> <span class='ocrx_word' id='word_1_548' title='bbox 2752 3221 3175 3286; x_wconf 84' lang='lat' dir='ltr'><strong>deificationcm,</strong></span> <span class='ocrx_word' id='word_1_549' title='bbox 3208 3236 3306 3289; x_wconf 86' lang='lat' dir='ltr'><strong>per</strong></span> <span class='ocrx_word' id='word_1_550' title='bbox 3345 3219 3577 3289; x_wconf 78' lang='lat' dir='ltr'><strong>gratiam</strong></span> 
     </span>
    </p>
   </div>
   <div class='ocr_carea' id='block_1_76' title="bbox 2005 3310 3578 3385">
    <p class='ocr_par' dir='ltr' id='par_1_76' title="bbox 2005 3310 3578 3385">
     <span class='ocr_line' id='line_1_76' title="bbox 2005 3310 3578 3385; baseline -0.005 -16"><span class='ocrx_word' id='word_1_551' title='bbox 2005 3318 2118 3378; x_wconf 86' lang='lat' dir='ltr'><strong>fiat,</strong></span> <span class='ocrx_word' id='word_1_552' title='bbox 2168 3315 2498 3385; x_wconf 86' lang='lat' dir='ltr'><strong>propensius</strong></span> <span class='ocrx_word' id='word_1_553' title='bbox 2521 3313 2797 3378; x_wconf 89' lang='lat' dir='ltr'><strong>admittit;</strong></span> <span class='ocrx_word' id='word_1_554' title='bbox 2835 3311 2982 3381; x_wconf 83' lang='lat' dir='ltr'><strong>quod</strong></span> <span class='ocrx_word' id='word_1_555' title='bbox 3027 3327 3199 3366; x_wconf 87' lang='lat' dir='ltr'><strong>unum</strong></span> <span class='ocrx_word' id='word_1_556' title='bbox 3235 3310 3469 3365; x_wconf 85' lang='lat' dir='ltr'><strong>maxime</strong></span> <span class='ocrx_word' id='word_1_557' title='bbox 3514 3326 3578 3364; x_wconf 82' lang='lat' dir='ltr'><strong>ac</strong></span> 
     </span>
    </p>
   </div>
   <div class='ocr_carea' id='block_1_77' title="bbox 2003 3404 3576 3476">
    <p class='ocr_par' dir='ltr' id='par_1_77' title="bbox 2003 3404 3576 3476">
     <span class='ocr_line' id='line_1_77' title="bbox 2003 3404 3576 3476; baseline -0.003 -15"><span class='ocrx_word' id='word_1_558' title='bbox 2003 3407 2498 3476; x_wconf 74' lang='lat' dir='ltr'><strong>singularissimum</strong></span> <span class='ocrx_word' id='word_1_559' title='bbox 2545 3405 2684 3468; x_wconf 88' lang='lat' dir='ltr'><strong>fieri,</strong></span> <span class='ocrx_word' id='word_1_560' title='bbox 2721 3420 2902 3473; x_wconf 69' lang='lat' dir='ltr'><strong>operte</strong></span> <span class='ocrx_word' id='word_1_561' title='bbox 2949 3405 3186 3473; x_wconf 87' lang='lat' dir='ltr'><strong>pretium</strong></span> <span class='ocrx_word' id='word_1_562' title='bbox 3221 3412 3342 3468; x_wconf 75' lang='lat' dir='ltr'><strong>est:</strong></span> <span class='ocrx_word' id='word_1_563' title='bbox 3373 3404 3576 3456; x_wconf 78' lang='lat' dir='ltr'><strong>malum</strong></span> 
     </span>
    </p>
   </div>
   <div class='ocr_carea' id='block_1_78' title="bbox 2002 3491 3577 3568">
    <p class='ocr_par' dir='ltr' id='par_1_78' title="bbox 2002 3491 3577 3568">
     <span class='ocr_line' id='line_1_78' title="bbox 2002 3491 3577 3568; baseline -0.004 -16"><span class='ocrx_word' id='word_1_564' title='bbox 2002 3515 2134 3552; x_wconf 85' lang='lat' dir='ltr'><strong>vero</strong></span> <span class='ocrx_word' id='word_1_565' title='bbox 2161 3498 2308 3568; x_wconf 90' lang='lat' dir='ltr'><strong>quod</strong></span> <span class='ocrx_word' id='word_1_566' title='bbox 2337 3513 2446 3552; x_wconf 84' lang='lat' dir='ltr'><strong>non</strong></span> <span class='ocrx_word' id='word_1_567' title='bbox 2473 3497 2588 3561; x_wconf 87' lang='lat' dir='ltr'><strong>fiat,</strong></span> <span class='ocrx_word' id='word_1_568' title='bbox 2618 3495 2764 3564; x_wconf 91' lang='lat' dir='ltr'><strong>quod</strong></span> <span class='ocrx_word' id='word_1_569' title='bbox 2792 3496 2968 3548; x_wconf 91' lang='lat' dir='ltr'><strong>solum</strong></span> <span class='ocrx_word' id='word_1_570' title='bbox 2999 3510 3111 3547; x_wconf 91' lang='lat' dir='ltr'><strong>non</strong></span> <span class='ocrx_word' id='word_1_571' title='bbox 3135 3493 3296 3562; x_wconf 82' lang='lat'><strong>573</strong></span> <span class='ocrx_word' id='word_1_572' title='bbox 3328 3491 3446 3546; x_wconf 87' lang='lat' dir='ltr'><strong>fieri</strong></span> <span class='ocrx_word' id='word_1_573' title='bbox 3489 3494 3577 3546; x_wconf 81' lang='lat' dir='ltr'><strong>de-</strong></span> 
     </span>
    </p>
   </div>
   <div class='ocr_carea' id='block_1_79' title="bbox 2003 3583 3578 3656">
    <p class='ocr_par' dir='ltr' id='par_1_79' title="bbox 2003 3583 3578 3656">
     <span class='ocr_line' id='line_1_79' title="bbox 2003 3583 3578 3656; baseline -0.003 -15"><span class='ocrx_word' id='word_1_574' title='bbox 2003 3597 2144 3642; x_wconf 90' lang='lat' dir='ltr'><strong>ceat.</strong></span> <span class='ocrx_word' id='word_1_575' title='bbox 2188 3586 2561 3656; x_wconf 86' lang='lat' dir='ltr'><strong>Corruptibilc</strong></span> <span class='ocrx_word' id='word_1_576' title='bbox 2611 3586 2814 3639; x_wconf 85' lang='lat' dir='ltr'><strong>malum</strong></span> <span class='ocrx_word' id='word_1_577' title='bbox 2845 3585 3096 3639; x_wconf 88' lang='lat' dir='ltr'><strong>vocitat:</strong></span> <span class='ocrx_word' id='word_1_578' title='bbox 3138 3594 3225 3639; x_wconf 92' lang='lat' dir='ltr'><strong>est</strong></span> <span class='ocrx_word' id='word_1_579' title='bbox 3261 3583 3408 3638; x_wconf 91' lang='lat' dir='ltr'><strong>enim</strong></span> <span class='ocrx_word' id='word_1_580' title='bbox 3456 3599 3578 3638; x_wconf 90' lang='lat' dir='ltr'><strong>cor-</strong></span> 
     </span>
    </p>
   </div>
   <div class='ocr_carea' id='block_1_80' title="bbox 1999 3675 3578 3748">
    <p class='ocr_par' dir='ltr' id='par_1_80' title="bbox 1999 3675 3578 3748">
     <span class='ocr_line' id='line_1_80' title="bbox 1999 3675 3578 3748; baseline -0.004 -15"><span class='ocrx_word' id='word_1_581' title='bbox 1999 3679 2184 3748; x_wconf 89' lang='lat' dir='ltr'><strong>ruptio</strong></span> <span class='ocrx_word' id='word_1_582' title='bbox 2217 3678 2345 3732; x_wconf 86' lang='lat' dir='ltr'><strong>mali</strong></span> <span class='ocrx_word' id='word_1_583' title='bbox 2392 3687 2612 3741; x_wconf 86' lang='lat' dir='ltr'><strong>natura,</strong></span> <span class='ocrx_word' id='word_1_584' title='bbox 2645 3692 2768 3746; x_wconf 66' lang='lat' dir='ltr'><strong>qua:</strong></span> <span class='ocrx_word' id='word_1_585' title='bbox 2802 3677 3008 3730; x_wconf 90' lang='lat' dir='ltr'><strong>nullam</strong></span> <span class='ocrx_word' id='word_1_586' title='bbox 3051 3691 3278 3744; x_wconf 81' lang='lat' dir='ltr'><strong>prorsus</strong></span> <span class='ocrx_word' id='word_1_587' title='bbox 3310 3675 3578 3729; x_wconf 82' lang='lat' dir='ltr'><strong>cxsistcn-</strong></span> 
     </span>
    </p>
   </div>
   <div class='ocr_carea' id='block_1_81' title="bbox 1999 3765 3580 3825">
    <p class='ocr_par' dir='ltr' id='par_1_81' title="bbox 1999 3765 3580 3825">
     <span class='ocr_line' id='line_1_81' title="bbox 1999 3765 3580 3825; baseline -0.004 -1"><span class='ocrx_word' id='word_1_588' title='bbox 1999 3771 2129 3825; x_wconf 85' lang='lat' dir='ltr'><strong>tiam</strong></span> <span class='ocrx_word' id='word_1_589' title='bbox 2149 3779 2242 3824; x_wconf 89' lang='lat' dir='ltr'><strong>aut</strong></span> <span class='ocrx_word' id='word_1_590' title='bbox 2271 3768 2628 3825; x_wconf 86' lang='lat' dir='ltr'><strong>substantiam</strong></span> <span class='ocrx_word' id='word_1_591' title='bbox 2657 3767 2857 3823; x_wconf 87' lang='lat' dir='ltr'><strong>habeat</strong></span> <span class='ocrx_word' id='word_1_592' title='bbox 2890 3785 2902 3820; x_wconf 92' lang='lat'>:</span> <span class='ocrx_word' id='word_1_593' title='bbox 2937 3766 3140 3821; x_wconf 87' lang='lat' dir='ltr'><strong>bonum</strong></span> <span class='ocrx_word' id='word_1_594' title='bbox 3185 3775 3365 3820; x_wconf 87' lang='lat' dir='ltr'><strong>autem</strong></span> <span class='ocrx_word' id='word_1_595' title='bbox 3399 3765 3580 3819; x_wconf 77' lang='lat' dir='ltr'><strong>incor-</strong></span> 
     </span>
    </p>
   </div>
   <div class='ocr_carea' id='block_1_82' title="bbox 2000 3856 3579 3930">
    <p class='ocr_par' dir='ltr' id='par_1_82' title="bbox 2000 3856 3579 3930">
     <span class='ocr_line' id='line_1_82' title="bbox 2000 3856 3579 3930; baseline -0.004 -16"><span class='ocrx_word' id='word_1_596' title='bbox 2000 3861 2282 3930; x_wconf 89' lang='lat' dir='ltr'><strong>ruptibile,</strong></span> <span class='ocrx_word' id='word_1_597' title='bbox 2320 3867 2380 3913; x_wconf 91' lang='lat' dir='ltr'><strong>ut</strong></span> <span class='ocrx_word' id='word_1_598' title='bbox 2412 3857 2554 3929; x_wconf 85' lang='lat' dir='ltr'><strong>quod</strong></span> <span class='ocrx_word' id='word_1_599' title='bbox 2583 3859 2654 3913; x_wconf 87' lang='lat' dir='ltr'><strong>sit</strong></span> <span class='ocrx_word' id='word_1_600' title='bbox 2681 3875 2918 3928; x_wconf 88' lang='lat' dir='ltr'><strong>semper,</strong></span> <span class='ocrx_word' id='word_1_601' title='bbox 2941 3866 2995 3913; x_wconf 92' lang='lat' dir='ltr'><strong>et</strong></span> <span class='ocrx_word' id='word_1_602' title='bbox 3017 3873 3298 3926; x_wconf 85' lang='lat' dir='ltr'><strong>nunquam</strong></span> <span class='ocrx_word' id='word_1_603' title='bbox 3336 3872 3457 3910; x_wconf 88' lang='lat' dir='ltr'><strong>esse</strong></span> <span class='ocrx_word' id='word_1_604' title='bbox 3483 3856 3579 3908; x_wconf 83' lang='lat' dir='ltr'><strong>dc-</strong></span> 
     </span>
    </p>
   </div>
   <div class='ocr_carea' id='block_1_83' title="bbox 2003 3952 3577 4022">
    <p class='ocr_par' dir='ltr' id='par_1_83' title="bbox 2003 3952 3577 4022">
     <span class='ocr_line' id='line_1_83' title="bbox 2003 3952 3577 4022; baseline -0.003 -14"><span class='ocrx_word' id='word_1_605' title='bbox 2003 3955 2167 4019; x_wconf 87' lang='lat' dir='ltr'><strong>sinat,</strong></span> <span class='ocrx_word' id='word_1_606' title='bbox 2202 3969 2266 4008; x_wconf 90' lang='lat' dir='ltr'><strong>ac</strong></span> <span class='ocrx_word' id='word_1_607' title='bbox 2287 3953 2488 4022; x_wconf 90' lang='lat' dir='ltr'><strong>quibus</strong></span> <span class='ocrx_word' id='word_1_608' title='bbox 2519 3953 2678 4014; x_wconf 88' lang='lat' dir='ltr'><strong>inest,</strong></span> <span class='ocrx_word' id='word_1_609' title='bbox 2714 3952 3142 4005; x_wconf 85' lang='lat' dir='ltr'><strong>incolumitatem</strong></span> <span class='ocrx_word' id='word_1_610' title='bbox 3174 3965 3237 4004; x_wconf 88' lang='lat' dir='ltr'><strong>ac</strong></span> <span class='ocrx_word' id='word_1_611' title='bbox 3263 3958 3577 4019; x_wconf 79' lang='lat' dir='ltr'><strong>perennita-</strong></span> 
     </span>
    </p>
   </div>
   <div class='ocr_carea' id='block_1_84' title="bbox 2005 4041 3579 4114">
    <p class='ocr_par' dir='ltr' id='par_1_84' title="bbox 2005 4041 3579 4114">
     <span class='ocr_line' id='line_1_84' title="bbox 2005 4041 3579 4114; baseline -0.003 -15"><span class='ocrx_word' id='word_1_612' title='bbox 2005 4056 2115 4099; x_wconf 72' lang='lat' dir='ltr'><strong>tem</strong></span> <span class='ocrx_word' id='word_1_613' title='bbox 2157 4045 2378 4100; x_wconf 84' lang='lat' dir='ltr'><strong>tribuat.</strong></span> <span class='ocrx_word' id='word_1_614' title='bbox 2427 4044 2578 4099; x_wconf 86' lang='lat' dir='ltr'><strong>lstud</strong></span> <span class='ocrx_word' id='word_1_615' title='bbox 2615 4044 2781 4114; x_wconf 84' lang='lat' dir='ltr'><strong>igitur</strong></span> <span class='ocrx_word' id='word_1_616' title='bbox 2815 4044 3032 4112; x_wconf 88' lang='lat' dir='ltr'><strong>(nempe</strong></span> <span class='ocrx_word' id='word_1_617' title='bbox 3068 4041 3293 4112; x_wconf 87' lang='lat' dir='ltr'><strong>bonum)</strong></span> <span class='ocrx_word' id='word_1_618' title='bbox 3325 4041 3579 4096; x_wconf 84' lang='lat' dir='ltr'><strong>facultate</strong></span> 
     </span>
    </p>
   </div>
   <div class='ocr_carea' id='block_1_85' title="bbox 2004 4132 3578 4206">
    <p class='ocr_par' dir='ltr' id='par_1_85' title="bbox 2004 4132 3578 4206">
     <span class='ocr_line' id='line_1_85' title="bbox 2004 4132 3578 4206; baseline -0.003 -16"><span class='ocrx_word' id='word_1_619' title='bbox 2004 4137 2231 4192; x_wconf 84' lang='lat' dir='ltr'><strong>rationis</strong></span> <span class='ocrx_word' id='word_1_620' title='bbox 2271 4135 2606 4206; x_wconf 68' lang='lat' dir='ltr'><strong>qumrimus:</strong></span> <span class='ocrx_word' id='word_1_621' title='bbox 2639 4132 2942 4204; x_wconf 85' lang='lat' dir='ltr'><strong>cupiditate</strong></span> <span class='ocrx_word' id='word_1_622' title='bbox 2986 4149 3233 4188; x_wconf 88' lang='lat' dir='ltr'><strong>amamus</strong></span> <span class='ocrx_word' id='word_1_623' title='bbox 3267 4147 3330 4187; x_wconf 82' lang='lat' dir='ltr'><strong>ac</strong></span> <span class='ocrx_word' id='word_1_624' title='bbox 3361 4132 3578 4186; x_wconf 88' lang='lat' dir='ltr'><strong>deside-</strong></span> 
     </span>
    </p>
   </div>
   <div class='ocr_carea' id='block_1_86' title="bbox 2005 4224 3580 4294">
    <p class='ocr_par' dir='ltr' id='par_1_86' title="bbox 2005 4224 3580 4294">
     <span class='ocr_line' id='line_1_86' title="bbox 2005 4224 3580 4294; baseline -0.002 -13"><span class='ocrx_word' id='word_1_625' title='bbox 2005 4243 2224 4294; x_wconf 87' lang='lat' dir='ltr'><strong>ramus;</strong></span> <span class='ocrx_word' id='word_1_626' title='bbox 2258 4228 2359 4291; x_wconf 88' lang='lat' dir='ltr'><strong>ira,</strong></span> <span class='ocrx_word' id='word_1_627' title='bbox 2392 4225 2711 4280; x_wconf 87' lang='lat' dir='ltr'><strong>inviolabile</strong></span> <span class='ocrx_word' id='word_1_628' title='bbox 2742 4241 3061 4290; x_wconf 87' lang='lat' dir='ltr'><strong>servamus;</strong></span> <span class='ocrx_word' id='word_1_629' title='bbox 3089 4240 3283 4279; x_wconf 85' lang='lat' dir='ltr'><strong>sensus</strong></span> <span class='ocrx_word' id='word_1_630' title='bbox 3319 4224 3580 4280; x_wconf 86' lang='lat' dir='ltr'><strong>facultate</strong></span> 
     </span>
    </p>
   </div>
   <div class='ocr_carea' id='block_1_87' title="bbox 322 4313 3583 4392">
    <p class='ocr_par' dir='ltr' id='par_1_87' title="bbox 322 4313 3583 4392">
     <span class='ocr_line' id='line_1_87' title="bbox 322 4313 3583 4392; baseline -0.002 -18"><span class='ocrx_word' id='word_1_631' title='bbox 322 4338 428 4392; x_wconf 84' lang='lat' dir='ltr'><strong>per</strong></span> <span class='ocrx_word' id='word_1_632' title='bbox 461 4320 744 4376; x_wconf 80' lang='lat' dir='ltr'><strong>scientiam</strong></span> <span class='ocrx_word' id='word_1_633' title='bbox 778 4334 843 4372; x_wconf 85' lang='lat' dir='ltr'><strong>ac</strong></span> <span class='ocrx_word' id='word_1_634' title='bbox 880 4316 1191 4380; x_wconf 81' lang='lat' dir='ltr'><strong>solertiam,</strong></span> <span class='ocrx_word' id='word_1_635' title='bbox 1230 4313 1630 4368; x_wconf 85' lang='lat' dir='ltr'><strong>incommistum</strong></span> <span class='ocrx_word' id='word_1_636' title='bbox 1692 4314 1871 4384; x_wconf 88' lang='lat' dir='ltr'><strong>ipsum</strong></span> <span class='ocrx_word' id='word_1_637' title='bbox 1907 4332 1935 4371; x_wconf 91' lang='lat' dir='ltr'><strong>a</strong></span> <span class='ocrx_word' id='word_1_638' title='bbox 1975 4321 2268 4376; x_wconf 87' lang='lat' dir='ltr'><strong>contrariis</strong></span> <span class='ocrx_word' id='word_1_639' title='bbox 2306 4319 2704 4386; x_wconf 86' lang='lat' dir='ltr'><strong>discernimus;</strong></span> <span class='ocrx_word' id='word_1_640' title='bbox 2752 4319 2902 4374; x_wconf 87' lang='lat' dir='ltr'><strong>vocis</strong></span> <span class='ocrx_word' id='word_1_641' title='bbox 2966 4333 3208 4389; x_wconf 83' lang='lat' dir='ltr'><strong>organo,</strong></span> <span class='ocrx_word' id='word_1_642' title='bbox 3251 4317 3319 4372; x_wconf 90' lang='lat' dir='ltr'><strong>ad</strong></span> <span class='ocrx_word' id='word_1_643' title='bbox 3365 4333 3459 4371; x_wconf 88' lang='lat' dir='ltr'><strong>cos</strong></span> <span class='ocrx_word' id='word_1_644' title='bbox 3487 4317 3583 4385; x_wconf 84' lang='lat' dir='ltr'><strong>qui</strong></span> 
     </span>
    </p>
   </div>
   <div class='ocr_carea' id='block_1_88' title="bbox 325 4402 3582 4480">
    <p class='ocr_par' dir='ltr' id='par_1_88' title="bbox 325 4402 3582 4480">
     <span class='ocr_line' id='line_1_88' title="bbox 325 4402 3582 4480; baseline -0.002 -15"><span class='ocrx_word' id='word_1_645' title='bbox 325 4409 599 4476; x_wconf 86' lang='lat' dir='ltr'><strong>nesciant,</strong></span> <span class='ocrx_word' id='word_1_646' title='bbox 617 4407 892 4478; x_wconf 77' lang='lat' dir='ltr'><strong>loquendo</strong></span> <span class='ocrx_word' id='word_1_647' title='bbox 908 4403 1588 4476; x_wconf 81' lang='lat' dir='ltr'><strong>mauifestamus;gcnitali</strong></span> <span class='ocrx_word' id='word_1_648' title='bbox 1621 4402 1901 4472; x_wconf 85' lang='lat' dir='ltr'><strong>facultate,</strong></span> <span class='ocrx_word' id='word_1_649' title='bbox 1943 4407 2120 4478; x_wconf 85' lang='lat' dir='ltr'><strong>ipsum</strong></span> <span class='ocrx_word' id='word_1_650' title='bbox 2169 4410 2630 4480; x_wconf 70' lang='lat' dir='ltr'><strong>multiplicantes;</strong></span> <span class='ocrx_word' id='word_1_651' title='bbox 2677 4425 2772 4466; x_wconf 83' lang='lat' dir='ltr'><strong>seu</strong></span> <span class='ocrx_word' id='word_1_652' title='bbox 2842 4410 3048 4480; x_wconf 85' lang='lat' dir='ltr'><strong>potius,</strong></span> <span class='ocrx_word' id='word_1_653' title='bbox 3083 4419 3145 4464; x_wconf 90' lang='lat' dir='ltr'><strong>ut</strong></span> <span class='ocrx_word' id='word_1_654' title='bbox 3209 4425 3338 4464; x_wconf 86' lang='lat' dir='ltr'><strong>vere</strong></span> <span class='ocrx_word' id='word_1_655' title='bbox 3382 4409 3582 4473; x_wconf 84' lang='lat' dir='ltr'><strong>dicam,</strong></span> 
     </span>
    </p>
   </div>
   <div class='ocr_carea' id='block_1_89' title="bbox 324 4498 1481 4573">
    <p class='ocr_par' dir='ltr' id='par_1_89' title="bbox 324 4498 1481 4573">
     <span class='ocr_line' id='line_1_89' title="bbox 324 4498 1481 4573; baseline -0.004 -17"><span class='ocrx_word' id='word_1_656' title='bbox 324 4519 399 4562; x_wconf 82' lang='lat' dir='ltr'><strong>ex</strong></span> <span class='ocrx_word' id='word_1_657' title='bbox 423 4503 542 4573; x_wconf 89' lang='lat' dir='ltr'><strong>ejus</strong></span> <span class='ocrx_word' id='word_1_658' title='bbox 576 4516 676 4556; x_wconf 87' lang='lat' dir='ltr'><strong>nos</strong></span> <span class='ocrx_word' id='word_1_659' title='bbox 699 4500 1006 4554; x_wconf 89' lang='lat' dir='ltr'><strong>rationibus</strong></span> <span class='ocrx_word' id='word_1_660' title='bbox 1033 4498 1481 4567; x_wconf 69' lang='lat' dir='ltr'><strong>multiplicantur.</strong></span> 
     </span>
    </p>
   </div>
   <div class='ocr_carea' id='block_1_90' title="bbox 403 4613 1892 4692">
    <p class='ocr_par' dir='ltr' id='par_1_90' title="bbox 403 4613 1892 4692">
     <span class='ocr_line' id='line_1_90' title="bbox 403 4613 1892 4692; baseline -0.005 -17"><span class='ocrx_word' id='word_1_661' title='bbox 403 4619 505 4692; x_wconf 85' lang='grc' dir='ltr'>νη’.</span> <span class='ocrx_word' id='word_1_662' title='bbox 539 4621 631 4674; x_wconf 86' lang='grc' dir='ltr'>Δεῖ</span> <span class='ocrx_word' id='word_1_663' title='bbox 658 4619 749 4672; x_wconf 73' lang='grc' dir='ltr'><strong>τὸν</strong></span> <span class='ocrx_word' id='word_1_664' title='bbox 787 4616 1121 4687; x_wconf 79' lang='grc' dir='ltr'>θεωρητικὸν</span> <span class='ocrx_word' id='word_1_665' title='bbox 1149 4614 1292 4680; x_wconf 83' lang='grc' dir='ltr'>νοῦν,</span> <span class='ocrx_word' id='word_1_666' title='bbox 1328 4613 1684 4684; x_wconf 83' lang='grc' dir='ltr'>βασιλεύοντα</span> <span class='ocrx_word' id='word_1_667' title='bbox 1713 4615 1823 4669; x_wconf 78' lang='grc' dir='ltr'>τῶν</span> <span class='ocrx_word' id='word_1_668' title='bbox 1848 4619 1892 4668; x_wconf 66' lang='grc' dir='ltr'>ἐι.</span> 
     </span>
    </p>
   </div>
   <div class='ocr_carea' id='block_1_91' title="bbox 1996 4613 3580 4692">
    <p class='ocr_par' dir='ltr' id='par_1_91' title="bbox 2081 4618 3580 4689">
     <span class='ocr_line' id='line_1_91' title="bbox 2081 4618 3580 4689; baseline 0.001 -17"><span class='ocrx_word' id='word_1_669' title='bbox 2081 4618 2170 4672; x_wconf 85' lang='grc'><strong>58.</strong></span> <span class='ocrx_word' id='word_1_670' title='bbox 2203 4618 2397 4689; x_wconf 71' lang='lat' dir='ltr'><strong>Opera:</strong></span> <span class='ocrx_word' id='word_1_671' title='bbox 2447 4619 2687 4689; x_wconf 84' lang='lat' dir='ltr'><strong>pretium</strong></span> <span class='ocrx_word' id='word_1_672' title='bbox 2719 4628 2803 4673; x_wconf 87' lang='lat' dir='ltr'><strong>est</strong></span> <span class='ocrx_word' id='word_1_673' title='bbox 2840 4626 3083 4673; x_wconf 85' lang='lat' dir='ltr'><strong>mentem</strong></span> <span class='ocrx_word' id='word_1_674' title='bbox 3129 4619 3580 4688; x_wconf 83' lang='lat' dir='ltr'><strong>contemplationi</strong></span> 
     </span>
    </p>
   </div>
   <div class='ocr_carea' id='block_1_92' title="bbox 327 4707 1904 4782">
    <p class='ocr_par' dir='ltr' id='par_1_92' title="bbox 327 4707 1904 4782">
     <span class='ocr_line' id='line_1_92' title="bbox 327 4707 1904 4782; baseline -0.005 -14"><span class='ocrx_word' id='word_1_675' title='bbox 327 4716 446 4775; x_wconf 78' lang='grc' dir='ltr'>τοῖς</span> <span class='ocrx_word' id='word_1_676' title='bbox 470 4708 591 4766; x_wconf 83' lang='grc' dir='ltr'>οὖσι</span> <span class='ocrx_word' id='word_1_677' title='bbox 620 4711 908 4782; x_wconf 78' lang='grc' dir='ltr'>νοημάτων</span> <span class='ocrx_word' id='word_1_678' title='bbox 941 4726 1000 4761; x_wconf 83' lang='grc' dir='ltr'><strong>τε</strong></span> <span class='ocrx_word' id='word_1_679' title='bbox 1049 4709 1146 4761; x_wconf 82' lang='grc' dir='ltr'>καὶ</span> <span class='ocrx_word' id='word_1_680' title='bbox 1192 4707 1500 4776; x_wconf 76' lang='grc' dir='ltr'>θεαμάτων,</span> <span class='ocrx_word' id='word_1_681' title='bbox 1549 4709 1645 4761; x_wconf 71' lang='grc' dir='ltr'>καὶ</span> <span class='ocrx_word' id='word_1_682' title='bbox 1674 4708 1788 4764; x_wconf 86' lang='grc' dir='ltr'>τῶν</span> <span class='ocrx_word' id='word_1_683' title='bbox 1823 4710 1904 4760; x_wconf 83' lang='grc' dir='ltr'><strong>οἰ-</strong></span> 
     </span>
    </p>
   </div>
   <div class='ocr_carea' id='block_1_93' title="bbox 331 4796 1903 4870">
    <p class='ocr_par' dir='ltr' id='par_1_93' title="bbox 331 4796 1903 4870">
     <span class='ocr_line' id='line_1_93' title="bbox 331 4796 1903 4870; baseline -0.003 -14"><span class='ocrx_word' id='word_1_684' title='bbox 331 4803 501 4858; x_wconf 82' lang='grc' dir='ltr'>κείων</span> <span class='ocrx_word' id='word_1_685' title='bbox 539 4801 881 4870; x_wconf 79' lang='grc' dir='ltr'>κινημάτων,</span> <span class='ocrx_word' id='word_1_686' title='bbox 913 4799 1026 4863; x_wconf 72' lang='grc' dir='ltr'>ἱξιν</span> <span class='ocrx_word' id='word_1_687' title='bbox 1069 4799 1263 4866; x_wconf 80' lang='grc' dir='ltr'>ᾶγονον</span> <span class='ocrx_word' id='word_1_688' title='bbox 1293 4796 1437 4868; x_wconf 75' lang='grc' dir='ltr'>ἔχειν</span> <span class='ocrx_word' id='word_1_689' title='bbox 1470 4797 1667 4862; x_wconf 77' lang='grc' dir='ltr'>κακίας</span> <span class='ocrx_word' id='word_1_690' title='bbox 1691 4815 1706 4828; x_wconf 87' lang='grc'><strong>·</strong></span> <span class='ocrx_word' id='word_1_691' title='bbox 1745 4816 1903 4852; x_wconf 81' lang='grc' dir='ltr'>τουτ-</span> 
     </span>
    </p>
   </div>
   <div class='ocr_carea' id='block_1_94' title="bbox 334 4887 1903 4959">
    <p class='ocr_par' dir='ltr' id='par_1_94' title="bbox 334 4887 1903 4959">
     <span class='ocr_line' id='line_1_94' title="bbox 334 4887 1903 4959; baseline -0.003 -13"><span class='ocrx_word' id='word_1_692' title='bbox 334 4895 475 4955; x_wconf 88' lang='grc' dir='ltr'>έστι,</span> <span class='ocrx_word' id='word_1_693' title='bbox 510 4892 710 4944; x_wconf 79' lang='grc' dir='ltr'>κακίαν</span> <span class='ocrx_word' id='word_1_694' title='bbox 744 4891 881 4959; x_wconf 84' lang='grc' dir='ltr'>μήτε</span> <span class='ocrx_word' id='word_1_695' title='bbox 918 4887 1395 4957; x_wconf 84' lang='grc' dir='ltr'>συλλαμϐάνουσαν</span> <span class='ocrx_word' id='word_1_696' title='bbox 1430 4887 1730 4955; x_wconf 78' lang='grc' dir='ltr'>παντελῶς,</span> <span class='ocrx_word' id='word_1_697' title='bbox 1768 4893 1903 4959; x_wconf 74' lang='grc' dir='ltr'>μήτε</span> 
     </span>
    </p>
   </div>
   <div class='ocr_carea' id='block_1_95' title="bbox 332 4976 1904 5052">
    <p class='ocr_par' dir='ltr' id='par_1_95' title="bbox 332 4976 1904 5052">
     <span class='ocr_line' id='line_1_95' title="bbox 332 4976 1904 5052; baseline -0.003 -16"><span class='ocrx_word' id='word_1_698' title='bbox 332 4983 628 5036; x_wconf 70' lang='grc' dir='ltr'>τίκτουσαν</span> <span class='ocrx_word' id='word_1_699' title='bbox 648 4997 662 5013; x_wconf 79' lang='grc' dir='ltr'><strong><em>ο</em></strong></span> <span class='ocrx_word' id='word_1_700' title='bbox 694 4983 780 5050; x_wconf 71' lang='grc' dir='ltr'><strong>ἐφ’</strong></span> <span class='ocrx_word' id='word_1_701' title='bbox 803 4976 870 5052; x_wconf 82' lang='grc' dir='ltr'>ἦς</span> <span class='ocrx_word' id='word_1_702' title='bbox 898 4979 1062 5032; x_wconf 71' lang='grc' dir='ltr'>αὑτὸν</span> <span class='ocrx_word' id='word_1_703' title='bbox 1087 4979 1168 5032; x_wconf 80' lang='grc' dir='ltr'><strong>δεῖ</strong></span> <span class='ocrx_word' id='word_1_704' title='bbox 1223 4977 1351 5050; x_wconf 71' lang='grc' dir='ltr'>περὶ</span> <span class='ocrx_word' id='word_1_705' title='bbox 1379 4977 1614 5044; x_wconf 73' lang='grc' dir='ltr'>θεωρίαν</span> <span class='ocrx_word' id='word_1_706' title='bbox 1648 4980 1904 5051; x_wconf 82' lang='grc' dir='ltr'>κινούμε-</span> 
     </span>
    </p>
   </div>
   <div class='ocr_carea' id='block_1_96' title="bbox 336 5066 1910 5141">
    <p class='ocr_par' dir='ltr' id='par_1_96' title="bbox 336 5066 1910 5141">
     <span class='ocr_line' id='line_1_96' title="bbox 336 5066 1910 5141; baseline -0.001 -18"><span class='ocrx_word' id='word_1_707' title='bbox 336 5087 432 5124; x_wconf 86' lang='grc' dir='ltr'><strong>νον</strong></span> <span class='ocrx_word' id='word_1_708' title='bbox 475 5069 758 5141; x_wconf 84' lang='grc' dir='ltr'>φέρεσθαι,</span> <span class='ocrx_word' id='word_1_709' title='bbox 794 5070 992 5138; x_wconf 83' lang='grc' dir='ltr'>μήπως</span> <span class='ocrx_word' id='word_1_710' title='bbox 1042 5067 1429 5137; x_wconf 74' lang='grc' dir='ltr'>πνευματικὴν</span> <span class='ocrx_word' id='word_1_711' title='bbox 1457 5066 1782 5138; x_wconf 78' lang='grc' dir='ltr'>ποιούμενος</span> <span class='ocrx_word' id='word_1_712' title='bbox 1811 5070 1910 5139; x_wconf 81' lang='grc' dir='ltr'>τὴν</span> 
     </span>
    </p>
   </div>
   <div class='ocr_carea' id='block_1_97' title="bbox 334 5158 1912 5230">
    <p class='ocr_par' dir='ltr' id='par_1_97' title="bbox 334 5158 1912 5230">
     <span class='ocr_line' id='line_1_97' title="bbox 334 5158 1912 5230; baseline -0.004 -14"><span class='ocrx_word' id='word_1_713' title='bbox 334 5163 450 5216; x_wconf 85' lang='grc' dir='ltr'>τῶν</span> <span class='ocrx_word' id='word_1_714' title='bbox 501 5163 673 5216; x_wconf 74' lang='grc' dir='ltr'>ὄντων</span> <span class='ocrx_word' id='word_1_715' title='bbox 712 5159 1020 5230; x_wconf 79' lang='grc' dir='ltr'>διάσκεψιν,</span> <span class='ocrx_word' id='word_1_716' title='bbox 1083 5158 1262 5212; x_wconf 85' lang='grc' dir='ltr'>λαθὼν</span> <span class='ocrx_word' id='word_1_717' title='bbox 1316 5161 1590 5230; x_wconf 79' lang='grc' dir='ltr'>περιπέσῃ</span> <span class='ocrx_word' id='word_1_718' title='bbox 1646 5160 1752 5212; x_wconf 78' lang='grc' dir='ltr'>τινὶ</span> <span class='ocrx_word' id='word_1_719' title='bbox 1803 5160 1912 5214; x_wconf 79' lang='grc' dir='ltr'>τῶν</span> 
     </span>
    </p>
   </div>
   <div class='ocr_carea' id='block_1_98' title="bbox 337 5251 1914 5327">
    <p class='ocr_par' dir='ltr' id='par_1_98' title="bbox 337 5251 1914 5327">
     <span class='ocr_line' id='line_1_98' title="bbox 337 5251 1914 5327; baseline -0.001 -19"><span class='ocrx_word' id='word_1_720' title='bbox 337 5255 742 5327; x_wconf 74' lang='grc' dir='ltr'>παραφθείρειν</span> <span class='ocrx_word' id='word_1_721' title='bbox 795 5253 884 5306; x_wconf 73' lang='grc' dir='ltr'>διὰ</span> <span class='ocrx_word' id='word_1_722' title='bbox 931 5252 1077 5316; x_wconf 69' lang='grc' dir='ltr'>τινὸς</span> <span class='ocrx_word' id='word_1_723' title='bbox 1119 5251 1227 5304; x_wconf 84' lang='grc' dir='ltr'><strong>τῶν</strong></span> <span class='ocrx_word' id='word_1_724' title='bbox 1265 5251 1545 5322; x_wconf 81' lang='grc' dir='ltr'>αἰσθητῶν</span> <span class='ocrx_word' id='word_1_725' title='bbox 1592 5251 1914 5322; x_wconf 74' lang='grc' dir='ltr'>πεφυκότων</span> 
     </span>
    </p>
   </div>
   <div class='ocr_carea' id='block_1_99' title="bbox 432 5416 1064 5488">
    <p class='ocr_par' dir='ltr' id='par_1_99' title="bbox 432 5416 1064 5488">
     <span class='ocr_line' id='line_1_99' title="bbox 432 5416 1064 5488; baseline 0 -18"><span class='ocrx_word' id='word_1_726' title='bbox 432 5416 673 5488; x_wconf 80' lang='lat' dir='ltr'><strong>’Dionys.</strong></span> <span class='ocrx_word' id='word_1_727' title='bbox 698 5416 759 5469; x_wconf 82' lang='lat' dir='ltr'><strong>de</strong></span> <span class='ocrx_word' id='word_1_728' title='bbox 786 5417 890 5472; x_wconf 81' lang='lat' dir='ltr'><strong>div.</strong></span> <span class='ocrx_word' id='word_1_729' title='bbox 921 5431 1064 5470; x_wconf 75' lang='lat' dir='ltr'><strong>nam.</strong></span> 
     </span>
    </p>
   </div>
   <div class='ocr_carea' id='block_1_100' title="bbox 417 5572 1911 5643">
    <p class='ocr_par' dir='ltr' id='par_1_100' title="bbox 417 5572 1911 5643">
     <span class='ocr_line' id='line_1_100' title="bbox 417 5572 1911 5643; baseline 0.003 -17"><span class='ocrx_word' id='word_1_730' title='bbox 417 5572 492 5643; x_wconf 86' lang='lat' dir='ltr'><strong>(g)</strong></span> <span class='ocrx_word' id='word_1_731' title='bbox 539 5573 864 5642; x_wconf 76' lang='grc' dir='ltr'>Ἠργμένον</span> <span class='ocrx_word' id='word_1_732' title='bbox 923 5574 990 5627; x_wconf 73' lang='grc' dir='ltr'>τὸ</span> <span class='ocrx_word' id='word_1_733' title='bbox 1049 5574 1271 5627; x_wconf 69' lang='grc' dir='ltr'>κακόιυ</span> <span class='ocrx_word' id='word_1_734' title='bbox 1329 5573 1441 5626; x_wconf 77' lang='grc' dir='ltr'>οὐκ</span> <span class='ocrx_word' id='word_1_735' title='bbox 1487 5573 1784 5642; x_wconf 78' lang='grc' dir='ltr'>ἠργμένον</span> <span class='ocrx_word' id='word_1_736' title='bbox 1846 5577 1911 5629; x_wconf 79' lang='grc' dir='ltr'>τὸ</span> 
     </span>
    </p>
   </div>
   <div class='ocr_carea' id='block_1_101' title="bbox 342 5643 1913 5712">
    <p class='ocr_par' dir='ltr' id='par_1_101' title="bbox 342 5643 1913 5712">
     <span class='ocr_line' id='line_1_101' title="bbox 342 5643 1913 5712; baseline 0.003 -16"><span class='ocrx_word' id='word_1_737' title='bbox 342 5643 587 5712; x_wconf 75' lang='grc' dir='ltr'>ἀγαθόν.</span> <span class='ocrx_word' id='word_1_738' title='bbox 627 5643 861 5712; x_wconf 72' lang='grc' dir='ltr'>σωρειιηι</span> <span class='ocrx_word' id='word_1_739' title='bbox 881 5643 1081 5697; x_wconf 75' lang='lat' dir='ltr'><strong>malum</strong></span> <span class='ocrx_word' id='word_1_740' title='bbox 1104 5661 1122 5708; x_wconf 87' lang='lat'><strong><em>;</em></strong></span> <span class='ocrx_word' id='word_1_741' title='bbox 1152 5645 1343 5697; x_wconf 71' lang='lat' dir='ltr'><strong>bonum</strong></span> <span class='ocrx_word' id='word_1_742' title='bbox 1372 5659 1475 5696; x_wconf 79' lang='lat' dir='ltr'><strong>non</strong></span> <span class='ocrx_word' id='word_1_743' title='bbox 1499 5646 1913 5712; x_wconf 69' lang='lat' dir='ltr'><strong>cmptum;cujus</strong></span> 
     </span>
    </p>
   </div>
   <div class='ocr_carea' id='block_1_102' title="bbox 346 5711 1908 5781">
    <p class='ocr_par' dir='ltr' id='par_1_102' title="bbox 346 5711 1908 5781">
     <span class='ocr_line' id='line_1_102' title="bbox 346 5711 1908 5781; baseline 0.001 -15"><span class='ocrx_word' id='word_1_744' title='bbox 346 5711 632 5781; x_wconf 78' lang='lat' dir='ltr'><strong>utriusque</strong></span> <span class='ocrx_word' id='word_1_745' title='bbox 663 5713 807 5766; x_wconf 88' lang='lat' dir='ltr'><strong>clara</strong></span> <span class='ocrx_word' id='word_1_746' title='bbox 830 5714 968 5768; x_wconf 89' lang='lat' dir='ltr'><strong>ratio</strong></span> <span class='ocrx_word' id='word_1_747' title='bbox 995 5715 1228 5767; x_wconf 75' lang='lat' dir='ltr'><strong>Maximo</strong></span> <span class='ocrx_word' id='word_1_748' title='bbox 1261 5712 1458 5766; x_wconf 88' lang='lat' dir='ltr'><strong>tradita</strong></span> <span class='ocrx_word' id='word_1_749' title='bbox 1485 5730 1496 5764; x_wconf 90' lang='lat'>:</span> <span class='ocrx_word' id='word_1_750' title='bbox 1527 5711 1672 5781; x_wconf 88' lang='lat' dir='ltr'><strong>quod</strong></span> <span class='ocrx_word' id='word_1_751' title='bbox 1703 5711 1908 5768; x_wconf 84' lang='lat' dir='ltr'><strong>malum</strong></span> 
     </span>
    </p>
   </div>
   <div class='ocr_carea' id='block_1_103' title="bbox 349 5780 1904 5852">
    <p class='ocr_par' dir='ltr' id='par_1_103' title="bbox 349 5780 1904 5852">
     <span class='ocr_line' id='line_1_103' title="bbox 349 5780 1904 5852; baseline 0.006 -22"><span class='ocrx_word' id='word_1_752' title='bbox 349 5795 378 5831; x_wconf 87' lang='lat' dir='ltr'><strong>a</strong></span> <span class='ocrx_word' id='word_1_753' title='bbox 417 5780 572 5836; x_wconf 84' lang='lat' dir='ltr'><strong>nobis</strong></span> <span class='ocrx_word' id='word_1_754' title='bbox 605 5793 900 5852; x_wconf 87' lang='lat' dir='ltr'><strong>nostraque</strong></span> <span class='ocrx_word' id='word_1_755' title='bbox 937 5785 1340 5844; x_wconf 86' lang='lat' dir='ltr'><strong>sitvoluntate;</strong></span> <span class='ocrx_word' id='word_1_756' title='bbox 1379 5780 1586 5837; x_wconf 84' lang='lat' dir='ltr'><strong>bonum</strong></span> <span class='ocrx_word' id='word_1_757' title='bbox 1625 5793 1814 5852; x_wconf 86' lang='lat' dir='ltr'><strong>autem</strong></span> <span class='ocrx_word' id='word_1_758' title='bbox 1851 5787 1904 5840; x_wconf 90' lang='lat' dir='ltr'><strong>in</strong></span> 
     </span>
    </p>
   </div>
   <div class='ocr_carea' id='block_1_104' title="bbox 2011 4706 3581 4777">
    <p class='ocr_par' dir='ltr' id='par_1_104' title="bbox 2011 4706 3581 4777">
     <span class='ocr_line' id='line_1_104' title="bbox 2011 4706 3581 4777; baseline 0.001 -16"><span class='ocrx_word' id='word_1_759' title='bbox 2011 4706 2276 4770; x_wconf 87' lang='lat' dir='ltr'><strong>deditam,</strong></span> <span class='ocrx_word' id='word_1_760' title='bbox 2303 4723 2424 4777; x_wconf 70' lang='lat' dir='ltr'><strong>qua:</strong></span> <span class='ocrx_word' id='word_1_761' title='bbox 2453 4708 2845 4762; x_wconf 62' lang='lat' dir='ltr'><strong>exsistentibus</strong></span> <span class='ocrx_word' id='word_1_762' title='bbox 2874 4708 2930 4761; x_wconf 87' lang='lat' dir='ltr'><strong>in</strong></span> <span class='ocrx_word' id='word_1_763' title='bbox 2959 4708 3122 4760; x_wconf 87' lang='lat' dir='ltr'><strong>rebus</strong></span> <span class='ocrx_word' id='word_1_764' title='bbox 3159 4706 3483 4762; x_wconf 82' lang='lat' dir='ltr'><strong>notionibus</strong></span> <span class='ocrx_word' id='word_1_765' title='bbox 3518 4723 3581 4763; x_wconf 83' lang='lat' dir='ltr'><strong>ac</strong></span> 
     </span>
    </p>
   </div>
   <div class='ocr_carea' id='block_1_105' title="bbox 2014 4799 3579 4870">
    <p class='ocr_par' dir='ltr' id='par_1_105' title="bbox 2014 4799 3579 4870">
     <span class='ocr_line' id='line_1_105' title="bbox 2014 4799 3579 4870; baseline 0.001 -17"><span class='ocrx_word' id='word_1_766' title='bbox 2014 4800 2461 4870; x_wconf 88' lang='lat' dir='ltr'><strong>spcculabilibus,</strong></span> <span class='ocrx_word' id='word_1_767' title='bbox 2513 4800 2734 4868; x_wconf 87' lang='lat' dir='ltr'><strong>suisque</strong></span> <span class='ocrx_word' id='word_1_768' title='bbox 2776 4799 2890 4868; x_wconf 87' lang='lat' dir='ltr'><strong>ipsa</strong></span> <span class='ocrx_word' id='word_1_769' title='bbox 2935 4799 3177 4854; x_wconf 83' lang='lat' dir='ltr'><strong>motibus</strong></span> <span class='ocrx_word' id='word_1_770' title='bbox 3223 4799 3579 4862; x_wconf 88' lang='lat' dir='ltr'><strong>dominetur.</strong></span> 
     </span>
    </p>
   </div>
   <div class='ocr_carea' id='block_1_106' title="bbox 2015 4882 3582 4959">
    <p class='ocr_par' dir='ltr' id='par_1_106' title="bbox 2015 4882 3582 4959">
     <span class='ocr_line' id='line_1_106' title="bbox 2015 4882 3582 4959; baseline 0.002 -16"><span class='ocrx_word' id='word_1_771' title='bbox 2015 4889 2314 4944; x_wconf 87' lang='lat' dir='ltr'><strong>infecundo</strong></span> <span class='ocrx_word' id='word_1_772' title='bbox 2347 4889 2465 4944; x_wconf 85' lang='lat' dir='ltr'><strong>vitii</strong></span> <span class='ocrx_word' id='word_1_773' title='bbox 2505 4905 2570 4944; x_wconf 91' lang='lat' dir='ltr'><strong>ac</strong></span> <span class='ocrx_word' id='word_1_774' title='bbox 2603 4889 2823 4943; x_wconf 61' lang='lat' dir='ltr'><strong>malitia:</strong></span> <span class='ocrx_word' id='word_1_775' title='bbox 2857 4889 3048 4943; x_wconf 86' lang='lat' dir='ltr'><strong>habitu</strong></span> <span class='ocrx_word' id='word_1_776' title='bbox 3095 4890 3381 4959; x_wconf 69' lang='lat' dir='ltr'><strong>prteditam</strong></span> <span class='ocrx_word' id='word_1_777' title='bbox 3412 4882 3532 4946; x_wconf 84' lang='lat' dir='ltr'><strong>esse</strong></span> <span class='ocrx_word' id='word_1_778' title='bbox 3566 4907 3582 4945; x_wconf 75' lang='grc' dir='ltr'><strong>ε</strong></span> 
     </span>
    </p>
   </div>
   <div class='ocr_carea' id='block_1_107' title="bbox 2013 4979 3586 5049">
    <p class='ocr_par' dir='ltr' id='par_1_107' title="bbox 2013 4979 3586 5049">
     <span class='ocr_line' id='line_1_107' title="bbox 2013 4979 3586 5049; baseline 0.003 -17"><span class='ocrx_word' id='word_1_779' title='bbox 2013 4979 2522 5049; x_wconf 82' lang='lat' dir='ltr'><strong>ejusmodiscilicet</strong></span> <span class='ocrx_word' id='word_1_780' title='bbox 2556 4980 2768 5042; x_wconf 85' lang='lat' dir='ltr'><strong>habitu,</strong></span> <span class='ocrx_word' id='word_1_781' title='bbox 2825 4980 2919 5049; x_wconf 89' lang='lat' dir='ltr'><strong>qui</strong></span> <span class='ocrx_word' id='word_1_782' title='bbox 2967 4995 3070 5034; x_wconf 88' lang='lat' dir='ltr'><strong>nec</strong></span> <span class='ocrx_word' id='word_1_783' title='bbox 3123 4980 3315 5034; x_wconf 86' lang='lat' dir='ltr'><strong>vitium</strong></span> <span class='ocrx_word' id='word_1_784' title='bbox 3357 4996 3421 5034; x_wconf 92' lang='lat' dir='ltr'><strong>ac</strong></span> <span class='ocrx_word' id='word_1_785' title='bbox 3467 4997 3586 5037; x_wconf 85' lang='lat' dir='ltr'><strong>ma-</strong></span> 
     </span>
    </p>
   </div>
   <div class='ocr_carea' id='block_1_108' title="bbox 2010 5069 3589 5141">
    <p class='ocr_par' dir='ltr' id='par_1_108' title="bbox 2010 5069 3589 5141">
     <span class='ocr_line' id='line_1_108' title="bbox 2010 5069 3589 5141; baseline 0.003 -19"><span class='ocrx_word' id='word_1_786' title='bbox 2010 5069 2190 5124; x_wconf 89' lang='lat' dir='ltr'><strong>litiam</strong></span> <span class='ocrx_word' id='word_1_787' title='bbox 2234 5070 2462 5124; x_wconf 90' lang='lat' dir='ltr'><strong>omnino</strong></span> <span class='ocrx_word' id='word_1_788' title='bbox 2510 5069 2809 5139; x_wconf 82' lang='lat' dir='ltr'><strong>concipiat,</strong></span> <span class='ocrx_word' id='word_1_789' title='bbox 2868 5085 3049 5140; x_wconf 87' lang='lat' dir='ltr'><strong>neque</strong></span> <span class='ocrx_word' id='word_1_790' title='bbox 3103 5071 3318 5140; x_wconf 87' lang='lat' dir='ltr'><strong>pariat:</strong></span> <span class='ocrx_word' id='word_1_791' title='bbox 3350 5087 3459 5141; x_wconf 82' lang='lat' dir='ltr'><strong>quo</strong></span> <span class='ocrx_word' id='word_1_792' title='bbox 3503 5072 3589 5126; x_wconf 87' lang='lat' dir='ltr'><strong>in-</strong></span> 
     </span>
    </p>
   </div>
   <div class='ocr_carea' id='block_1_109' title="bbox 2012 5163 3592 5233">
    <p class='ocr_par' dir='ltr' id='par_1_109' title="bbox 2012 5163 3592 5233">
     <span class='ocr_line' id='line_1_109' title="bbox 2012 5163 3592 5233; baseline 0.004 -19"><span class='ocrx_word' id='word_1_793' title='bbox 2012 5168 2300 5227; x_wconf 86' lang='lat' dir='ltr'><strong>structam,</strong></span> <span class='ocrx_word' id='word_1_794' title='bbox 2327 5163 2462 5217; x_wconf 88' lang='lat' dir='ltr'><strong>ferri</strong></span> <span class='ocrx_word' id='word_1_795' title='bbox 2490 5179 2612 5218; x_wconf 88' lang='lat' dir='ltr'><strong>eam</strong></span> <span class='ocrx_word' id='word_1_796' title='bbox 2637 5163 2795 5218; x_wconf 86' lang='lat' dir='ltr'><strong>decet</strong></span> <span class='ocrx_word' id='word_1_797' title='bbox 2820 5173 2982 5233; x_wconf 88' lang='lat' dir='ltr'><strong>atque</strong></span> <span class='ocrx_word' id='word_1_798' title='bbox 3007 5165 3215 5219; x_wconf 90' lang='lat' dir='ltr'><strong>moveri</strong></span> <span class='ocrx_word' id='word_1_799' title='bbox 3248 5165 3317 5219; x_wconf 68' lang='lat' dir='ltr'><strong>ad”</strong></span> <span class='ocrx_word' id='word_1_800' title='bbox 3343 5175 3592 5220; x_wconf 49' lang='lat' dir='ltr'><strong>contem-</strong></span> 
     </span>
    </p>
   </div>
   <div class='ocr_carea' id='block_1_110' title="bbox 2012 5253 3587 5328">
    <p class='ocr_par' dir='ltr' id='par_1_110' title="bbox 2012 5253 3587 5328">
     <span class='ocr_line' id='line_1_110' title="bbox 2012 5253 3587 5328; baseline 0.004 -21"><span class='ocrx_word' id='word_1_801' title='bbox 2012 5253 2347 5322; x_wconf 74' lang='lat' dir='ltr'><strong>phtionem;</strong></span> <span class='ocrx_word' id='word_1_802' title='bbox 2375 5270 2446 5309; x_wconf 89' lang='lat' dir='ltr'><strong>ne</strong></span> <span class='ocrx_word' id='word_1_803' title='bbox 2468 5253 2609 5308; x_wconf 87' lang='lat' dir='ltr'><strong>forte</strong></span> <span class='ocrx_word' id='word_1_804' title='bbox 2623 5253 2752 5309; x_wconf 80' lang='lat' dir='ltr'><strong>dum</strong></span> <span class='ocrx_word' id='word_1_805' title='bbox 2780 5255 3011 5325; x_wconf 86' lang='lat' dir='ltr'><strong>spiritali</strong></span> <span class='ocrx_word' id='word_1_806' title='bbox 3032 5272 3218 5312; x_wconf 87' lang='lat' dir='ltr'><strong>rerum</strong></span> <span class='ocrx_word' id='word_1_807' title='bbox 3255 5257 3587 5328; x_wconf 86' lang='lat' dir='ltr'><strong>inspectioni</strong></span> 
     </span>
    </p>
   </div>
   <div class='ocr_carea' id='block_1_111' title="bbox 2023 5573 3588 5646">
    <p class='ocr_par' dir='ltr' id='par_1_111' title="bbox 2023 5573 3588 5646">
     <span class='ocr_line' id='line_1_111' title="bbox 2023 5573 3588 5646; baseline -0.001 -16"><span class='ocrx_word' id='word_1_808' title='bbox 2023 5584 2135 5631; x_wconf 88' lang='lat' dir='ltr'><strong>tota</strong></span> <span class='ocrx_word' id='word_1_809' title='bbox 2162 5592 2258 5630; x_wconf 88' lang='lat' dir='ltr'><strong>sua</strong></span> <span class='ocrx_word' id='word_1_810' title='bbox 2275 5575 2567 5632; x_wconf 85' lang='lat' dir='ltr'><strong>latitudine</strong></span> <span class='ocrx_word' id='word_1_811' title='bbox 2587 5577 2868 5631; x_wconf 84' lang='lat' dir='ltr'><strong>abstrahat</strong></span> <span class='ocrx_word' id='word_1_812' title='bbox 2885 5577 2953 5632; x_wconf 89' lang='lat' dir='ltr'><strong>ab</strong></span> <span class='ocrx_word' id='word_1_813' title='bbox 2967 5593 3034 5633; x_wconf 94' lang='lat' dir='ltr'><strong>eo</strong></span> <span class='ocrx_word' id='word_1_814' title='bbox 3055 5578 3198 5646; x_wconf 85' lang='lat' dir='ltr'><strong>quod</strong></span> <span class='ocrx_word' id='word_1_815' title='bbox 3216 5585 3296 5632; x_wconf 89' lang='lat' dir='ltr'><strong>est</strong></span> <span class='ocrx_word' id='word_1_816' title='bbox 3321 5573 3588 5645; x_wconf 67' lang='lat' dir='ltr'><strong>owpisse;</strong></span> 
     </span>
    </p>
   </div>
   <div class='ocr_carea' id='block_1_112' title="bbox 2017 5645 3588 5716">
    <p class='ocr_par' dir='ltr' id='par_1_112' title="bbox 2017 5645 3588 5716">
     <span class='ocr_line' id='line_1_112' title="bbox 2017 5645 3588 5716; baseline 0.001 -17"><span class='ocrx_word' id='word_1_817' title='bbox 2017 5647 2162 5715; x_wconf 86' lang='lat' dir='ltr'><strong>quod</strong></span> <span class='ocrx_word' id='word_1_818' title='bbox 2204 5647 2275 5700; x_wconf 89' lang='lat' dir='ltr'><strong>sit</strong></span> <span class='ocrx_word' id='word_1_819' title='bbox 2307 5645 2512 5716; x_wconf 86' lang='lat' dir='ltr'><strong>bonum</strong></span> <span class='ocrx_word' id='word_1_820' title='bbox 2546 5655 2766 5709; x_wconf 84' lang='lat' dir='ltr'><strong>natura,</strong></span> <span class='ocrx_word' id='word_1_821' title='bbox 2793 5648 2970 5716; x_wconf 91' lang='lat' dir='ltr'><strong>ipsum</strong></span> <span class='ocrx_word' id='word_1_822' title='bbox 3018 5645 3282 5702; x_wconf 64' lang='lat' dir='ltr'><strong>aeternum</strong></span> <span class='ocrx_word' id='word_1_823' title='bbox 3313 5646 3588 5714; x_wconf 80' lang='lat' dir='ltr'><strong>Deosque.</strong></span> 
     </span>
    </p>
   </div>
   <div class='ocr_carea' id='block_1_113' title="bbox 2009 5715 3589 5787">
    <p class='ocr_par' dir='ltr' id='par_1_113' title="bbox 2009 5715 3589 5787">
     <span class='ocr_line' id='line_1_113' title="bbox 2009 5715 3589 5787; baseline -0.002 -18"><span class='ocrx_word' id='word_1_824' title='bbox 2009 5716 2251 5784; x_wconf 88' lang='lat' dir='ltr'><strong>lnsipide</strong></span> <span class='ocrx_word' id='word_1_825' title='bbox 2285 5715 2450 5769; x_wconf 85' lang='lat' dir='ltr'><strong>Picus</strong></span> <span class='ocrx_word' id='word_1_826' title='bbox 2499 5724 2554 5769; x_wconf 90' lang='lat' dir='ltr'><strong>et</strong></span> <span class='ocrx_word' id='word_1_827' title='bbox 2596 5715 2959 5787; x_wconf 57' lang='grc' dir='ltr'>ἀφιλοσὸςςως,</span> <span class='ocrx_word' id='word_1_828' title='bbox 2997 5717 3202 5780; x_wconf 83' lang='lat' dir='ltr'><strong>malum</strong></span> <span class='ocrx_word' id='word_1_829' title='bbox 3235 5724 3589 5782; x_wconf 83' lang='lat' dir='ltr'><strong>coarctatum,</strong></span> 
     </span>
    </p>
   </div>
   <div class='ocr_carea' id='block_1_114' title="bbox 2007 5787 2648 5839">
    <p class='ocr_par' dir='ltr' id='par_1_114' title="bbox 2007 5787 2648 5839">
     <span class='ocr_line' id='line_1_114' title="bbox 2007 5787 2648 5839; baseline 0.002 -1"><span class='ocrx_word' id='word_1_830' title='bbox 2007 5787 2200 5839; x_wconf 79' lang='lat' dir='ltr'><strong>bonum</strong></span> <span class='ocrx_word' id='word_1_831' title='bbox 2232 5801 2333 5838; x_wconf 82' lang='lat' dir='ltr'><strong>non</strong></span> <span class='ocrx_word' id='word_1_832' title='bbox 2363 5794 2648 5839; x_wconf 81' lang='lat' dir='ltr'><strong>arctatum.</strong></span> 
     </span>
    </p>
   </div>
  </div>
