4020 6408
541 365 675 432 ῘΞΕΠ

1708 363 1769 423 S.
1809 358 2098 423 ΜΑΧΙΜΙ
2131 358 2643 422 CONFESSORIS

3638 358 3750 429 1288

539 475 899 549 impenditur,
926 472 1249 545 imprudens
1290 473 1348 529 in
1393 472 1712 545 quempiam
1748 472 2111 544 nequissimo-

2229 472 2483 543 πονηρῶν
2533 474 2884 545 πνευμάτων,
2916 470 3015 545 τήν
3047 472 3223 544 ἁγνὴν
3271 470 3366 543 τῆς
3418 471 3629 544 καρδίας
3652 475 3752 530 διά.

538 582 663 624 rum
696 569 990 639 spirituum
1016 566 1241 633 incidat,
1281 566 1376 637 qui
1403 566 1587 637 aliquo
1612 566 1900 622 sensilium
1932 582 2120 622 rerum

538 661 795 726 incursu,
821 668 1031 715 castam
1061 658 1249 714 cordis
1300 658 1705 729 dispectionem
1753 672 2120 729 corrumpere

534 749 763 805 soleant.

606 842 696 897 59.
751 840 858 907 Qui
910 840 1136 895 virtutis
1186 849 1283 896 aut
1338 840 1586 897 scientize
1631 842 1880 908 nomine,
1936 842 2120 898 inanis

534 933 727 1004 gloriae
752 932 945 988 aculeo
973 932 1087 987 ullo
1124 933 1450 988 vulneratus
1489 943 1597 1000 est,
1649 934 1911 990 elationis
1946 933 2119 989 animi

535 1043 773 1092 comam,
802 1029 979 1083 instar
1001 1026 1314 1093 Absalonis,
1349 1028 1518 1084 stulte
1579 1029 1836 1085 nutriens
1864 1030 1946 1095 ";
1998 1035 2119 1084 arte

534 1120 774 1175 fucatam
801 1119 1132 1189 mistamque
1172 1120 1322 1173 velut
1354 1120 1590 1185 mulum,
1638 1136 1746 1191 qua
1779 1130 2120 1191 spectatores

535 1213 782 1279 seducat,
796 1212 1061 1267 moralem
1074 1220 1316 1267 ostentat
1333 1212 1688 1283 disciplinam
1725 1230 1739 1266 :
1771 1228 1880 1283 qua
1898 1221 2119 1270 tumens

534 1313 699 1376 atque
721 1303 962 1370 inflatus,
997 1303 1115 1359 fore
1146 1290 1451 1371 existimat,
1480 1316 1545 1360 ut
1567 1305 1662 1376 qui
1683 1305 1940 1361 doctrina
1958 1305 2118 1360 verbi

533 1397 746 1467 genuit,
783 1404 1069 1466 parentem
1119 1396 1381 1466 subigat;
1429 1396 1537 1451 hoc
1590 1406 1790 1465 nempe
1834 1404 2114 1467 satagens,

532 1495 596 1542 ut
633 1492 855 1541 omnem
903 1487 1128 1541 virtutis
1183 1502 1248 1542 ac
1285 1486 1533 1542 scientia:
1588 1487 1899 1542 claritatem
1936 1527 1951 1552 ,
1996 1502 2120 1558 quze

532 1578 720 1633 divino
754 1593 984 1633 munere
1006 1577 1150 1648 patri
1183 1577 1447 1648 suppetit,
1480 1578 1539 1632 in
1584 1591 1643 1633 se
1677 1577 1795 1648 ipse
1837 1578 1993 1632 velut
2022 1592 2120 1632 su-

530 1670 736 1740 perbus
769 1668 1051 1741 tyrannice
1083 1667 1399 1724 transferat.
1442 1668 1646 1724 Verum
1711 1668 1806 1723 hic
1840 1668 1968 1724 talis
1991 1707 2006 1734 ,
2048 1667 2118 1722 ad

531 1760 802 1815 naturalis
832 1761 888 1814 in
925 1760 1123 1830 spiritu
1149 1745 1547 1830 speculationis
1574 1759 1687 1815 lata
1718 1774 2002 1831 egressus,
2048 1759 2118 1815 ad

2224 564 2440 636 σκεψιν.

2292 833 2390 891 νθ’.
2428 836 2487 888 '0
2540 834 2818 908 κενοδοξία
2866 835 2995 897 τινὶ,
3029 834 3095 887 δι’
3135 832 3337 902 ἀρετὴν
3365 833 3398 904 ἢ
3430 832 3618 900 γνῶσιν
3638 850 3760 904 τρω-

2221 927 2357 994 θεὶς,
2387 928 2487 997 τὴν
2512 928 2690 1000 κόμην
2723 927 2973 997 ματαίως
3003 927 3332 997 διατρέφων,
3363 924 3600 996 καθάπερ
3623 923 3763 978 Ἀϐε-

2223 1018 2420 1084 σαλὼν,
2456 1020 2556 1089 τῆς
2591 1022 2841 1090 οἰήσεως,
2874 1017 3409 1089 ὲπιτετεχνασμὲνην
3457 1034 3514 1070 τε
3569 1017 3656 1071 καὶ
3686 1033 3765 1090 μι-

2223 1110 2360 1178 κτὴν
2382 1110 2573 1181 ὥσπερ
2594 1112 2821 1181 ἡμίονον
2834 1112 2972 1181 πρὸς
2995 1111 3216 1181 ἀπάτην
3242 1108 3351 1163 τῶν
3367 1108 3663 1179 θεωμένων,
3680 1110 3765 1184 τὴν

2221 1201 2421 1274 ἠθικὴν
2470 1202 2841 1257 ἐπιδείκνυται
2892 1202 3205 1256 πολιτείανο
3247 1202 3333 1270 ἐφ’
3383 1196 3453 1273 ἧς
3496 1201 3767 1272 αἰωρούμε-

2221 1310 2334 1361 νος,
2366 1294 2540 1348 οἴεται
2570 1294 2664 1350 τὸν
2702 1296 3053 1366 γεννήσαντα
3077 1295 3166 1349 διὰ
3195 1295 3295 1366 τῆς
3321 1294 3659 1360 διδασκαλίας
3687 1294 3767 1349 τοῦ

2220 1387 2382 1455 λόγου
2431 1386 2649 1458 πατέρα
2696 1385 3089 1459 χειρώσασθαι,
3132 1388 3314 1441 πᾶσαν
3354 1385 3663 1457 βουλόμενος
3688 1386 3770 1458 τήν

2219 1477 2300 1550 τῷ
2329 1479 2500 1547 πατρὶ
2532 1476 2848 1550 προσοῦσαν
2888 1477 3076 1533 θεόθεν
3123 1476 3285 1543 δόξαν
3329 1477 3431 1548 τῆς
3475 1478 3669 1548 ἀρετῆς
3693 1478 3771 1531 καὶ

2220 1571 2322 1642 τῆς
2348 1570 2623 1641 γνώσεως,
2648 1571 2724 1635 ὡς
2756 1571 3109 1643 ὑπερήφανος
3137 1572 3217 1636 είς
3244 1571 3438 1625 ἑαυτὸν
3467 1570 3774 1643 τυραννικῶς

2222 1662 2655 1733 ὲφελκύσασθαι.
2690 1663 2832 1717 Ἀλλ’
2864 1665 2892 1718 ό
2923 1662 3167 1729 τοιοῦτος
3207 1662 3440 1729 ἐξελθὼν
3470 1664 3550 1728 είς
3574 1663 3631 1716 τὸ
3655 1662 3772 1716 πλά-

2221 1770 2315 1819 τος
2358 1754 2457 1825 τῆς
2491 1755 2551 1808 έν
2588 1754 2866 1825 πνεύματι
2919 1755 3157 1828 φυσικῆς
3206 1754 3466 1827 θεωρίας,
3518 1754 3647 1826 πρὸς
3699 1753 3775 1808 τὸν

530 1851 736 1906 bellum
767 1850 916 1920 quod
934 1866 1035 1921 pro
1061 1850 1298 1907 veritate
1338 1851 1553 1906 ratione
1586 1851 1953 1906 committitur
1976 1890 1992 1916 ,
2038 1850 2111 1904 vi-

2223 1845 2363 1917 ῠπὲρ
2393 1844 2658 1917 ἀληθείας
2710 1846 2931 1916 λογικὸν
2961 1848 3221 1919 πόλεμον,
3249 1848 3338 1905 διὰ
3382 1848 3480 1920 τὴν
3508 1848 3677 1913 ζῶσαν
3705 1849 3776 1902 ai-

530 1954 695 2015 gente
722 1944 779 1998 in
799 1957 868 1999 eo
898 1958 1084 2010 sensu,
1113 1958 1144 1999 e
1165 1943 1337 1999 densa
1367 1958 1577 2013 quercu
1603 1951 1961 1999 terrenorum
1990 1958 2120 2014 spe-

532 2036 899 2102 culabilium,
961 2050 1118 2091 coma
1171 2044 1413 2101 tenetur,
1461 2037 1637 2107 ipsam
1689 2038 1909 2094 inanem
1954 2039 2126 2094 animi

529 2127 835 2182 elationem
872 2127 1039 2182 morti
1069 2128 1444 2184 innectentem
1479 2168 1495 2193 ,
1548 2129 1864 2200 coelumque
1891 2130 2037 2185 inter
2068 2139 2126 2187 et

533 2229 760 2283 terram,
797 2218 1042 2273 medium
1067 2218 1530 2288 suspendentem,
1567 2219 1801 2275 habens.
1835 2219 1940 2287 Qui
1975 2220 2123 2276 enim

530 2307 714 2362 inanis
734 2308 921 2378 gloria:
948 2308 1086 2363 vitio
1113 2309 1349 2374 laborat,
1404 2310 1582 2365 instar
1630 2311 1759 2366 caeli
1783 2350 1798 2376 ,
1831 2308 2121 2368 scientiam

528 2414 642 2454 non
673 2399 861 2464 habet,
888 2414 1011 2469 qua:
1033 2414 1254 2454 sursum
1313 2399 1457 2456 ferat
1506 2417 1538 2456 a
1589 2401 1919 2459 detrahente
1954 2404 2120 2459 stulta

532 2491 619 2545 sui
665 2490 931 2560 opinione
967 2508 981 2544 :
1016 2506 1080 2546 ac
1122 2506 1308 2562 neque
1369 2506 1564 2548 rursus
1607 2501 1813 2548 terram
1864 2493 2123 2560 (actionis

536 2583 753 2637 scilicet
803 2584 859 2638 in
921 2582 1234 2639 humilitate
1290 2582 1491 2655 basim)
1538 2600 1569 2639 a
1625 2600 1845 2640 sursum
1892 2586 2123 2644 tollente

528 2673 673 2729 fastu
728 2674 893 2746 5³1ἀΙ
940 2689 1005 2729 ac
1056 2675 1337 2742 elatione,
1396 2676 1643 2746 proclive
1693 2677 2119 2747 deprimentem.

538 2763 717 2830 Hunc,
758 2765 853 2835 qui
887 2765 1079 2836 genuit
1108 2765 1327 2833 doctor,
1375 2766 1737 2823 humanitatis
1764 2783 1951 2835 sensu,
1994 2778 2121 2825 tan-

526 2872 692 2926 quam
723 2858 851 2928 pius
890 2872 955 2912 ac
1002 2857 1318 2929 religiosus,
1355 2868 1413 2914 et
1458 2869 1746 2915 mortuum
1787 2860 1972 2932 luget;
2020 2862 2118 2917 Dei

527 2948 743 3003 scilicet
775 2949 1053 3018 exemplo,
1109 2950 1307 3004 nolens
1339 2958 1573 3006 mortem
1621 2953 1932 3021 peccatoris
1958 2993 1973 3019 ,
2020 2953 2118 3009 sed
2158 2948 2165 2955 ’

526 3049 590 3095 ut
618 3047 976 3095 convertatur
1000 3048 1057 3094 et
1085 3041 1236 3094 vivat
1269 3041 1339 3093 θ’.

597 3130 688 3186 60.
721 3130 1169 3201 Uniuscujusque
1218 3131 1462 3187 hominis
1510 3131 1710 3189 salutis
1755 3133 1976 3189 initium
2025 3150 2114 3190 sa-

526 3222 735 3293 pientia
749 3230 863 3289 est;
878 3238 1000 3293 quae
1015 3223 1238 3293 quidem
1266 3223 1560 3295 incipiens,
1587 3226 1830 3297 primum
1857 3228 2115 3284 timorem

526 3313 714 3380 efficit,
769 3318 1074 3386 posteaque
1120 3332 1248 3371 cum
1291 3316 1466 3374 fuerit
1512 3328 1935 3387 consummata,
1972 3322 2119 3378 desi-

523 3406 742 3462 derium
791 3422 1148 3479 amoremque
1196 3410 1507 3465 constituit.
1547 3411 1645 3468 Vel
1694 3413 1880 3483 potius
1926 3413 2045 3483 ipSa
2084 3429 2116 3470 a

522 3499 798 3571 principio
817 3508 1044 3570 propter
1066 3516 1168 3556 nos
1189 3501 1603 3572 dispensatione
1627 3504 1795 3560 timor
1815 3506 2111 3570 exsistens,

523 3598 585 3646 ut
612 3599 886 3646 amantem
917 3606 947 3647 a
977 3592 1113 3649 vitio
1141 3608 1205 3648 ac
1228 3596 1501 3665 pravitate
1538 3606 1880 3667 compescat,
1909 3614 1975 3654 ac
1990 3614 2114 3670 quas

519 3692 711 3753 postea
743 3683 860 3754 ipsa
889 3693 1117 3754 propter
1159 3701 1218 3740 se
1245 3701 1402 3740 amor
1439 3696 1638 3743 natura
1684 3689 1740 3743 in
1792 3688 1902 3745 fine
1956 3690 2113 3746 inve-

520 3776 730 3842 niatur,
768 3784 830 3830 ut
856 3792 953 3831 eos
979 3777 1075 3847 qui
1121 3780 1242 3849 ejus
1280 3779 1599 3835 convictum
1638 3781 1811 3836 rebus
1844 3782 2111 3839 omnibus

518 3866 889 3935 antiquiorem
916 3868 1253 3933 habuerunt,
1288 3870 1525 3940 spiritali
1555 3872 1674 3927 risu
1715 3873 2033 3944 adimpleat.

589 3956 678 4012 6|.
712 3957 992 4028 Sapientia
1017 3967 1074 4015 et
1114 3960 1279 4016 timor
1309 3971 1416 4030 est,
1458 3979 1582 4034 quae
1627 3967 1933 4022 secundum
1966 3967 2110 4040 fuga:

517 4044 791 4101 rationem
816 4086 831 4111 ,
888 4063 997 4102 non
1033 4051 1426 4120 appetentibus
1457 4053 1699 4124 privatio
1724 4056 1956 4112 exsistat
1984 4074 1998 4124 ;
2046 4064 2106 4113 et

517 4151 674 4189 amor
713 4153 809 4192 seu
839 4138 1202 4207 desiderium,
1234 4157 1357 4212 quae,
1395 4144 1634 4201 {ruentis
1673 4147 1844 4202 animi
1878 4148 2106 4205 habitus

516 4227 875 4298 diligentibus
911 4232 1025 4287 fiat.
1055 4232 1181 4290 Haec
1206 4236 1355 4289 enim
1383 4238 1642 4307 supplicii
1687 4241 2103 4309 exspectatione

517 4333 550 4373 a
577 4319 730 4374 vitiis
753 4321 1023 4389 liberans,
1052 4331 1109 4379 et
1141 4325 1399 4381 timorem
1420 4327 1572 4394 facit,
1600 4338 1659 4384 et
1687 4342 1931 4387 amorem
1969 4351 2103 4405 ope-

517 4419 692 4474 ratur,
727 4426 850 4480 quae
872 4411 1147 4468 virtutum
1183 4416 1550 4484 acquisitione
1577 4419 1645 4474 ad
1692 4420 1932 4478 videnda
1977 4438 2101 4496 quae

400 4578 406 4585 .
515 4500 701 4556 futura
728 4509 880 4565 sunt,
913 4514 1156 4560 mentem
1191 4506 1541 4565 assuefaciat.

587 4592 675 4647 62.
727 4593 921 4651 Omnis
963 4595 1244 4653 confessio
1288 4597 1535 4654 animum
1583 4598 1880 4670 bumiliat;
1930 4605 2106 4662 altera

512 4682 762 4752 quidem,
804 4687 982 4757 gratia
1010 4687 1411 4761 iustificatam;
1451 4691 1634 4748 altera.
1669 4710 1826 4763 vero,
1868 4697 2105 4769 propriae

514 4775 715 4830 mentis
746 4776 983 4847 ignavia,
1034 4793 1183 4833 ream
1213 4779 1387 4850 ipsam
1409 4780 1637 4839 docens.

582 4951 671 5006 65.
702 4952 1079 5012 Confessionis
1124 4958 1329 5028 duplex
1379 4969 1466 5015 est
1508 4962 1651 5017 ratio
1680 4980 1694 5016 :
1726 4965 1935 5032 altera,
1971 4983 2094 5037 quae

512 5043 816 5112 gratiarum
850 5047 1089 5104 actionis
1139 5065 1304 5105 causa
1348 5052 1419 5107 ob
1463 5052 1611 5109 bona
1661 5058 1906 5125 praestita
1954 5058 2089 5127 fiat;

514 5134 687 5187 altera
712 5174 726 5199 ,
764 5152 884 5205 quae
916 5138 1134 5194 dicatur
1186 5141 1253 5196 ad
1292 5144 1575 5212 arguenda
1617 5162 1681 5202 ac
1726 5148 2091 5207 examinanda

514 5230 727 5290 patrata
767 5228 926 5282 mala.
958 5229 1197 5285 Vocatur
1239 5233 1387 5287 enim
1423 5235 1717 5303 confessio,
1757 5248 1871 5294 tum
1919 5240 2092 5298 bene—

515 5309 764 5364 ficiorum
782 5315 1029 5382 quibusa
1052 5319 1165 5374 Deo
1195 5318 1377 5376 affecti
1405 5338 1617 5391 sumus,
1634 5341 1759 5381 cum
1791 5330 2093 5399 gratiarum

513 5400 730 5456 actione
750 5409 1224 5474 commemoratio,
1271 5421 1389 5466 tum
1418 5415 1558 5470 male
1584 5427 1886 5487 gestorum,
1923 5422 1991 5476 ab
2026 5421 2094 5478 iis

512 5493 606 5561 qui
634 5493 714 5548 rei
745 5505 893 5561 sunt,
930 5497 1072 5553 facta
1114 5503 1413 5574 evulgatio.
1462 5508 1706 5578 Utraque
1754 5512 1902 5568 enim
1943 5515 2093 5585 ejus~

513 5586 660 5640 modi
680 5598 810 5643 sunt
831 5601 952 5659 qua:
972 5590 1233 5649 humilem
1258 5612 1480 5652 sensum
1504 5600 1743 5670 pariant.
1775 5604 1913 5660 Tum
1940 5604 2090 5663 enim

579 5764 623 5827 ’Ῡ
658 5766 705 5823 ll
742 5770 875 5842 Reg.
908 5789 1058 5839 xvm,
1093 5774 1148 5830 9.
1224 5779 1271 5813 ”
1301 5780 1506 5835 Ezech.
1544 5798 1695 5850 xvm,
1725 5785 1814 5840 59..

2226 1939 2443 2012 σθησιν,
2474 1941 2553 2012 τῷ
2596 1941 2750 1997 δάσει
2804 1941 2908 2013 τῆς
2957 1941 3117 2013 δρυὸς
3142 1941 3250 1998 τῶν
3279 1941 3486 1997 ὑλικῶν
3516 1942 3776 2014 θεαμάτων

2225 2034 2513 2104 κρατεῖται
2564 2033 2665 2103 τῆς
2712 2031 2917 2104 κόμης,
2981 2033 3155 2105 αὐτὴν
3209 2032 3351 2105 έχων
3403 2033 3777 2105 ωνδεσμοῦσαν

2225 2125 2364 2196 πρὸς
2397 2123 2652 2190 θάνατον,
2684 2126 2784 2197 τήν
2818 2125 3068 2180 διάκενον
3097 2126 3300 2197 οῐησιν,
3332 2127 3434 2196 τὴν
3464 2125 3778 2198 κρεμνοῦσαν

2223 2215 2385 2269 αὐτὸν
2407 2216 2683 2287 ἀναμέσον
2706 2214 2801 2269 τοῦ
2834 2214 3092 2288 οὐρανοῦ,
3123 2216 3222 2271 καὶ
3253 2217 3531 2286 ἀναμέσον
3557 2216 3654 2286 τῆς
3674 2218 3776 2287 γῆς.

2223 2309 2300 2362 Οὐ
2337 2308 2446 2392 γάρ
2481 2307 2596 2379 ἔχει
2626 2307 2833 2377 γνῶσιν
2870 2310 2899 2361 ὁ
2947 2306 3249 2374 κενόδοξος,
3280 2308 3539 2378 καθάπερ
3581 2309 3779 2381 οὐρανὸν

2221 2397 2558 2452 ἀνέλκουσαν
2590 2399 2755 2452 αὐτὸν
2784 2399 2888 2470 τῆς
2934 2400 3310 2471 κατασπώσης
3362 2402 3599 2472 οἰήσεως
3621 2415 3635 2431 ·
3688 2400 3778 2455 οὐδ’

2224 2485 2294 2543 αὖ
2324 2488 2491 2543 πάλιν
2531 2489 2658 2559 γῆν,
2691 2488 2792 2561 τὴν
2842 2490 2902 2544 ὲν
2932 2486 3000 2561 τῇ
3049 2487 3390 2567 ταπεινῶσει
3451 2488 3595 2559 λέγω
3648 2488 3780 2560 βάσιν

2220 2583 2325 2652 τῆς
2354 2583 2632 2655 πράξεως,
2673 2584 3052 2639 καθέλκουσαν
3107 2578 3272 2639 αὐτὸν
3315 2585 3422 2656 τῆς
3478 2583 3782 2654 ἀνασπώςης

2223 2676 2546 2747 φυσιώσεως
2570 2694 2584 2711 ⁸
2623 2678 2683 2732 ὃν
2734 2678 2926 2733 πενθεί
2957 2679 3055 2733 κα)⁵
3103 2678 3337 2734 θανόντα
3375 2679 3469 2732 διὰ
3500 2676 3783 2750 φιλανθρω-

2222 2769 2352 2823 πίαν
2385 2770 2459 2835 ὼς
2493 2769 2740 2840 φιλόθεος
2774 2774 2803 2825 ό
2844 2772 3117 2843 γεννήσας
3164 2770 3515 2838 διδάσκαλος,
3579 2772 3784 2842 μιμήσει

2222 2861 2384 2928 Θεοῦ,
2448 2862 2523 2934 μὴ
2576 2863 2903 2936 βουλόμενος
2936 2864 3028 2917 τὸν
3063 2863 3296 2919 θάνατον
3320 2865 3423 2919 τοῦ
3454 2862 3783 2937 ἀμαρτωλοῦ,

2219 2955 2297 3020 ὡς
2324 2954 2385 3010 τὸ
2416 2955 2769 3027 ἐπιστρέψαι,
2800 2957 2895 3011 καὶ
2924 2955 3024 3028 ζῇν
3047 2956 3233 3010 αὐτόν.

2294 3131 2359 3202 ξ’.
2405 3134 2575 3208 Ἀρχὴ
2619 3136 2713 3189 καὶ
2764 3134 2919 3200 τέλος
2948 3137 3067 3190 ἐστὶ
3097 3137 3197 3207 τῆς
3228 3137 3474 3193 ἑκάστου
3509 3138 3784 3209 σωτηρίας,

2220 3226 2256 3299 ή
2312 3227 2507 3296 σοφία’
2566 3227 2732 3297 φόϐον
2789 3228 2889 3299 μὲν
2934 3228 3217 3300 ἀρχομένη
3266 3229 3493 3301 πρῶτον
3546 3230 3785 3302 δημιουρ-

2218 3314 2540 3388 γοῦσα,’καὶ
2587 3319 2753 3375 πόθον
2786 3319 3015 3391 ὕστερον
3045 3321 3408 3395 τελειουμένη
3458 3322 3751 3377 συνιστῶσα
3771 3338 3783 3352 ·

2222 3407 2425 3481 μᾶλλον
2459 3407 2519 3463 δὲ
2544 3409 2715 3479 φόϐος
2738 3410 2880 3483 αὐτὴ
2912 3413 3036 3466 κατ’
3065 3414 3239 3485 ἀρχὰς
3260 3414 3329 3467 δι’
3351 3415 3508 3486 ἡμᾶς
3533 3417 3786 3485 οἰκονομι-

2217 3503 2331 3567 κῶς
2358 3503 2644 3575 γινομένη,
2678 3503 2765 3558 ἵνα
2809 3504 2992 3579 παύσῃ
3044 3506 3246 3572 κακίας
3288 3507 3387 3561 τὸν
3419 3509 3675 3581 ἐραστὴν,
3704 3510 3785 3562 καὶ

2216 3594 2384 3659 πόθος
2415 3593 2643 3667 ὕστερον
2662 3597 2912 3666 φυσικῶς
2939 3599 3311 3671 εὑρισκομένη
3344 3599 3416 3654 δι’
3435 3601 3634 3674 ἑαυτὴν
3662 3600 3785 3653 κατά

2214 3685 2276 3740 τὸ
2301 3685 2476 3753 τέλος,
2503 3686 2592 3741 ἵνα
2622 3686 2888 3761 πληρώση
2914 3689 3154 3757 γέλωτος
3178 3691 3399 3762 νοητοῦ,
3429 3693 3563 3758 τοὺς
3583 3692 3679 3765 τὴν
3697 3691 3785 3745 αὔ-

2212 3776 2312 3848 τῆς
2341 3778 2561 3834 πάντων
2589 3778 2698 3833 τῶν
2726 3778 2898 3834 ὄντων
2922 3779 3333 3855 ἀλλαξαμένους
3359 3785 3689 3856 συμϐίωσιν.

2281 3952 2385 4022 ξαῆ
2420 3955 2490 4010 'H
2517 3955 2681 4025 σοφία
2712 3956 2810 4011 καὶ
2838 3956 3005 4027 φόϐος
3041 3956 3181 4022 ἐστὶ,
3212 3958 3358 4014 κατὰ
3387 3959 3490 4032 τὴν
3512 3958 3781 4031 ἀποφυγὴν

2208 4048 2473 4120 γινομένη
2534 4050 2812 4123 στέρησις,
2868 4054 2984 4116 τοῖς
3035 4053 3136 4106 οὐκ
3172 4052 3536 4126 ὀρεγομένοις
3590 4055 3777 4125 αὐτῆς

2205 4142 2303 4195 καὶ
2328 4141 2495 4207 πόθος
2549 4144 2722 4209 ἐστὶν,
2750 4142 2864 4210 ἕξις
2897 4144 3306 4216 ἀπολαυστικῆς
3334 4147 3625 4220 ἐνεργείας
3651 4147 3784 4218 εὑρι-

2208 4235 2449 4306 σκομένη
2481 4238 2596 4299 τοῖς
2622 4235 2919 4305 ἀγαπῶσιν
2947 4236 3140 4308 αὐτήν.
3165 4235 3317 4309 Αὕτη
3343 4237 3460 4311 γὰρ
3494 4239 3670 4293 ἐλπίδι
3701 4250 3781 4291 κο-

2203 4325 2414 4391 λάσεως
2442 4326 2633 4382 παθῶν
2672 4327 3124 4394 ἀπαλλάσσουσα,
3158 4329 3256 4381 καὶ
3276 4328 3456 4398 ,φόϐον
3490 4331 3664 4383 ποιεῖ·
3697 4326 3778 4383 καὶ

2204 4418 2368 4473 πόθον
2398 4418 2712 4492 ἐργάζεται,
2741 4422 2808 4492 τῇ
2842 4419 2954 4473 τῶν
2982 4418 3195 4490 ἀρετῶν
3218 4419 3514 4494 έπικτήσει
3547 4423 3638 4477 τὸν
3668 4420 3778 4476 νοῦν

2133 4535 2179 4590 D
2204 4508 2458 4574 ἐθίζουσα
2492 4509 2712 4581 βλέπειν
2735 4511 2804 4566 τὰ
2835 4511 3121 4583 μέλλοντα.

2278 4598 2376 4671 es.
2407 4602 2567 4656 Πᾶσα
2619 4602 3030 4676 ἐξομολόγησις,
3069 4612 3323 4664 ταπεινοῖ
3359 4611 3465 4683 τὴν
3509 4613 3715 4684 ψυχήν·
3745 4609 3774 4678 ἡ

2206 4689 2327 4762 μὲν,
2356 4692 2542 4764 χάριτι
2569 4693 2707 4748 Θεοῦ
2733 4694 3119 4753 δικαιωθεῖσαν
3137 4716 3154 4731 ο
3189 4702 3223 4772 ή
3257 4702 3335 4767 δὲ,
3371 4703 3625 4778 ῥᾳθυμίᾳ
3651 4701 3773 4775 γνὼ-

2205 4799 2315 4853 μης
2334 4783 2545 4848 οἰκείας
2598 4784 2688 4838 ἐπ’
2721 4786 3063 4859 ἐγκλήμασιν
3106 4791 3465 4865 ὲνεχομένην,
3497 4797 3666 4869 αὐτὴν
3702 4797 3774 4849 ὲκ.

2198 4874 2549 4932 διδάσκουσα.

2274 4966 2375 5036 ξγ¹.
2403 4970 2588 5034 Διττὸς
2613 4972 2642 5025 ὁ
2666 4972 2768 5044 τῆς
2796 4973 3242 5049 ὲξομολογήσεως
3262 4979 3421 5051 λόγος
3447 5001 3462 5016 υ
3491 4986 3521 5038 ό
3552 4985 3670 5055 μὲν,
3695 4983 3772 5039 ἐπ’

2200 5055 2667 5139 εὐχαριστίᾳλτῶν
2707 5062 3097 5137 δεδωρημένων
3126 5069 3350 5138 ἀγαθῶν
3381 5074 3701 5145 γενόμενος’
3747 5075 3772 5127 ό

2197 5147 2277 5215 δὲ,
2311 5150 2400 5203 ἐπ’
2433 5151 2645 5224 ἐλέγχῳ
2699 5153 2795 5209 καὶ
2823 5157 3048 5229 ὲτασμῷ
3091 5158 3203 5213 τῶν
3239 5162 3431 5227 κακῶς
3457 5164 3772 5237 πεπραγμέ·

2199 5257 2305 5294 νων
2329 5240 2647 5313 λεγόμενος.
2698 5244 3121 5320 Ἐξομολόγησις
3154 5251 3263 5324 γάρ
3311 5253 3557 5322 λέγεται,
3609 5261 3697 5312 καὶ
3738 5258 3767 5327 ή

2189 5333 2298 5387 τῶν
2326 5330 2386 5389 εὖ
2419 5337 2770 5393 πεπονθότων
2804 5341 2921 5412 μετ’
2949 5342 3302 5416 εὐχαριστίας
3331 5348 3441 5403 τῶν
3477 5350 3640 5406 θείων
3686 5351 3761 5404 εὑ-

2191 5428 2459 5497 εργεσιῶν
2484 5431 2884 5504 ἀπαρίθμησις,
2915 5438 3009 5490 καὶ
3030 5438 3065 5507 ή
3098 5437 3208 5493 τῶν
3232 5440 3419 5507 κακῶς
3451 5440 3764 5517 πεπραγμέ-

2190 5535 2296 5575 νων
2330 5522 2484 5592 παρά
2521 5524 2632 5579 τῶν
2657 5525 2926 5582 ὑπαιτίων
2954 5529 3338 5604 ὲξαγόρευσις’
3374 5536 3663 5609 ἀμφότερα
3691 5537 3760 5598 δὲ,

2190 5613 2579 5682 ταπεινώσεως
2605 5618 2845 5692 ὑπάρχει
2874 5624 3155 5694 ποιητικά.
3208 5627 3277 5684 "0
3301 5645 3360 5683 τε
3387 5629 3502 5703 γὰρ
3532 5630 3618 5686 ἐπ’
3643 5631 3765 5699 ἅγιε
