  <div class='ocr_page' id='page_1' title='image "/cluster/home/n/w/nwhite01/storage/ocr_20150623/90:no.1/coo.31924054869940/660.png"; bbox 0 0 4020 6464; ppageno 0'>
   <div class='ocr_carea' id='block_1_1' title="bbox 191 595 217 620">
    <p class='ocr_par' dir='ltr' id='par_1_1' title="bbox 191 595 217 620">
     <span class='ocr_line' id='line_1_1' title="bbox 191 595 217 620; baseline 0 0"><span class='ocrx_word' id='word_1_1' title='bbox 191 595 217 620; x_wconf 69' lang='grc' dir='ltr'><em>ν</em></span> 
     </span>
    </p>
   </div>
   <div class='ocr_carea' id='block_1_2' title="bbox 385 389 518 458">
    <p class='ocr_par' dir='ltr' id='par_1_2' title="bbox 385 389 518 458">
     <span class='ocr_line' id='line_1_2' title="bbox 385 389 518 458; baseline 0.015 -4"><span class='ocrx_word' id='word_1_2' title='bbox 385 389 518 458; x_wconf 66' lang='grc' dir='ltr'><strong>ιὲὃθ</strong></span> 
     </span>
    </p>
   </div>
   <div class='ocr_carea' id='block_1_3' title="bbox 1027 396 2955 472">
    <p class='ocr_par' dir='ltr' id='par_1_3' title="bbox 1027 396 2955 472">
     <span class='ocr_line' id='line_1_3' title="bbox 1027 396 2955 472; baseline 0.002 -15"><span class='ocrx_word' id='word_1_3' title='bbox 1027 396 1360 459; x_wconf 76' lang='lat' dir='ltr'><strong>CAPITUM</strong></span> <span class='ocrx_word' id='word_1_4' title='bbox 1397 397 1819 472; x_wconf 83' lang='lat' dir='ltr'><strong>QUINQUIES</strong></span> <span class='ocrx_word' id='word_1_5' title='bbox 1855 397 2373 461; x_wconf 79' lang='lat' dir='ltr'><strong>CENTENORUM</strong></span> <span class='ocrx_word' id='word_1_6' title='bbox 2411 401 2791 461; x_wconf 72' lang='lat' dir='ltr'><strong>CENTURIA</strong></span> <span class='ocrx_word' id='word_1_7' title='bbox 2840 401 2955 462; x_wconf 86' lang='lat' dir='ltr'><strong>III.</strong></span> 
     </span>
    </p>
   </div>
   <div class='ocr_carea' id='block_1_4' title="bbox 3501 407 3635 472">
    <p class='ocr_par' dir='ltr' id='par_1_4' title="bbox 3501 407 3635 472">
     <span class='ocr_line' id='line_1_4' title="bbox 3501 407 3635 472; baseline 0.03 -4"><span class='ocrx_word' id='word_1_8' title='bbox 3501 407 3635 472; x_wconf 72' lang='lat'><strong>1200</strong></span> 
     </span>
    </p>
   </div>
   <div class='ocr_carea' id='block_1_5' title="bbox 381 503 1973 581">
    <p class='ocr_par' dir='ltr' id='par_1_5' title="bbox 381 503 1952 581">
     <span class='ocr_line' id='line_1_5' title="bbox 381 503 1952 581; baseline 0.002 -23"><span class='ocrx_word' id='word_1_9' title='bbox 381 506 492 568; x_wconf 82' lang='grc' dir='ltr'>θοῖς</span> <span class='ocrx_word' id='word_1_10' title='bbox 525 503 870 575; x_wconf 72' lang='grc' dir='ltr'><strong>εὐχαριστῶν</strong></span> <span class='ocrx_word' id='word_1_11' title='bbox 900 505 1056 576; x_wconf 80' lang='grc' dir='ltr'>ὁμοῦ,</span> <span class='ocrx_word' id='word_1_12' title='bbox 1094 509 1187 562; x_wconf 74' lang='grc' dir='ltr'><strong>καὶ</strong></span> <span class='ocrx_word' id='word_1_13' title='bbox 1211 510 1239 560; x_wconf 92' lang='lat'><strong>6</strong></span> <span class='ocrx_word' id='word_1_14' title='bbox 1263 509 1350 562; x_wconf 74' lang='grc' dir='ltr'><strong>ἐπ’</strong></span> <span class='ocrx_word' id='word_1_15' title='bbox 1384 509 1726 581; x_wconf 69' lang='grc' dir='ltr'><strong>ἐγκλήμασιν</strong></span> <span class='ocrx_word' id='word_1_16' title='bbox 1762 508 1952 572; x_wconf 69' lang='grc' dir='ltr'>ἐταξό-</span> 
     </span>
    </p>
   </div>
   <div class='ocr_carea' id='block_1_6' title="bbox 2085 503 3640 581">
    <p class='ocr_par' dir='ltr' id='par_1_6' title="bbox 2085 509 3640 581">
     <span class='ocr_line' id='line_1_6' title="bbox 2085 509 3640 581; baseline 0.006 -19"><span class='ocrx_word' id='word_1_17' title='bbox 2085 511 2150 579; x_wconf 72' lang='grc' dir='ltr'><strong>ιιιί</strong></span> <span class='ocrx_word' id='word_1_18' title='bbox 2186 509 2255 564; x_wconf 93' lang='lat' dir='ltr'><strong>ob</strong></span> <span class='ocrx_word' id='word_1_19' title='bbox 2284 510 2425 564; x_wconf 87' lang='lat' dir='ltr'><strong>dona</strong></span> <span class='ocrx_word' id='word_1_20' title='bbox 2457 512 2651 564; x_wconf 69' lang='lat' dir='ltr'><strong>eallata</strong></span> <span class='ocrx_word' id='word_1_21' title='bbox 2689 511 2890 580; x_wconf 79' lang='lat' dir='ltr'><strong>gratias</strong></span> <span class='ocrx_word' id='word_1_22' title='bbox 2917 511 3044 581; x_wconf 75' lang='lat' dir='ltr'><strong>agit,</strong></span> <span class='ocrx_word' id='word_1_23' title='bbox 3095 526 3155 567; x_wconf 88' lang='lat' dir='ltr'><strong>se</strong></span> <span class='ocrx_word' id='word_1_24' title='bbox 3190 512 3468 580; x_wconf 86' lang='lat' dir='ltr'><strong>humiliat,</strong></span> <span class='ocrx_word' id='word_1_25' title='bbox 3518 526 3640 572; x_wconf 84' lang='lat' dir='ltr'><strong>tum‘</strong></span> 
     </span>
    </p>
   </div>
   <div class='ocr_carea' id='block_1_7' title="bbox 383 596 1958 674">
    <p class='ocr_par' dir='ltr' id='par_1_7' title="bbox 383 596 1958 674">
     <span class='ocr_line' id='line_1_7' title="bbox 383 596 1958 674; baseline 0.003 -24"><span class='ocrx_word' id='word_1_26' title='bbox 383 614 560 669; x_wconf 84' lang='grc' dir='ltr'>μενος,</span> <span class='ocrx_word' id='word_1_27' title='bbox 589 596 944 652; x_wconf 77' lang='grc' dir='ltr'><strong>ταπεινοῦται</strong></span> <span class='ocrx_word' id='word_1_28' title='bbox 972 614 986 628; x_wconf 86' lang='grc'><strong>·</strong></span> <span class='ocrx_word' id='word_1_29' title='bbox 1036 601 1064 652; x_wconf 88' lang='grc' dir='ltr'>ὁ</span> <span class='ocrx_word' id='word_1_30' title='bbox 1112 601 1230 670; x_wconf 86' lang='grc' dir='ltr'>μὲν,</span> <span class='ocrx_word' id='word_1_31' title='bbox 1263 604 1454 656; x_wconf 77' lang='grc' dir='ltr'>ἑαυτὸν</span> <span class='ocrx_word' id='word_1_32' title='bbox 1487 605 1707 668; x_wconf 86' lang='grc' dir='ltr'>ἀνάξιον</span> <span class='ocrx_word' id='word_1_33' title='bbox 1753 604 1958 674; x_wconf 85' lang='grc' dir='ltr'>κρίνων</span> 
     </span>
    </p>
   </div>
   <div class='ocr_carea' id='block_1_8' title="bbox 378 689 1958 766">
    <p class='ocr_par' dir='ltr' id='par_1_8' title="bbox 378 689 1958 766">
     <span class='ocr_line' id='line_1_8' title="bbox 378 689 1958 766; baseline 0.001 -22"><span class='ocrx_word' id='word_1_34' title='bbox 378 690 486 744; x_wconf 82' lang='grc' dir='ltr'><strong>τῶν</strong></span> <span class='ocrx_word' id='word_1_35' title='bbox 514 689 776 744; x_wconf 80' lang='grc' dir='ltr'><strong>δοθέντων</strong></span> <span class='ocrx_word' id='word_1_36' title='bbox 805 689 1007 744; x_wconf 86' lang='grc' dir='ltr'>καλῶν·</span> <span class='ocrx_word' id='word_1_37' title='bbox 1037 694 1065 745; x_wconf 89' lang='lat'><strong>6</strong></span> <span class='ocrx_word' id='word_1_38' title='bbox 1099 693 1180 756; x_wconf 83' lang='grc' dir='ltr'><strong>δὲ,</strong></span> <span class='ocrx_word' id='word_1_39' title='bbox 1209 693 1395 748; x_wconf 85' lang='grc' dir='ltr'>λαϐεῖν</span> <span class='ocrx_word' id='word_1_40' title='bbox 1419 697 1613 766; x_wconf 69' lang='grc' dir='ltr'>ἄφεσιν</span> <span class='ocrx_word' id='word_1_41' title='bbox 1642 696 1750 748; x_wconf 91' lang='grc' dir='ltr'><strong>τῶν</strong></span> <span class='ocrx_word' id='word_1_42' title='bbox 1778 695 1958 765; x_wconf 85' lang='grc' dir='ltr'>πλημ-</span> 
     </span>
    </p>
   </div>
   <div class='ocr_carea' id='block_1_9' title="bbox 383 781 1035 853">
    <p class='ocr_par' dir='ltr' id='par_1_9' title="bbox 383 781 1035 853">
     <span class='ocr_line' id='line_1_9' title="bbox 383 781 1035 853; baseline 0.005 -19"><span class='ocrx_word' id='word_1_43' title='bbox 383 781 731 852; x_wconf 80' lang='grc' dir='ltr'>μεληθέντων</span> <span class='ocrx_word' id='word_1_44' title='bbox 759 782 1035 853; x_wconf 85' lang='grc' dir='ltr'>δεόμενος.</span> 
     </span>
    </p>
   </div>
   <div class='ocr_carea' id='block_1_10' title="bbox 451 873 1959 950">
    <p class='ocr_par' dir='ltr' id='par_1_10' title="bbox 451 873 1959 950">
     <span class='ocr_line' id='line_1_10' title="bbox 451 873 1959 950; baseline 0.003 -21"><span class='ocrx_word' id='word_1_45' title='bbox 451 873 544 940; x_wconf 82' lang='grc' dir='ltr'>ξδ’.</span> <span class='ocrx_word' id='word_1_46' title='bbox 571 876 645 927; x_wconf 83' lang='grc' dir='ltr'>Τὸ</span> <span class='ocrx_word' id='word_1_47' title='bbox 668 874 769 944; x_wconf 82' lang='grc' dir='ltr'>τῆς</span> <span class='ocrx_word' id='word_1_48' title='bbox 795 876 1174 946; x_wconf 75' lang='grc' dir='ltr'>ὑπερηφανίας</span> <span class='ocrx_word' id='word_1_49' title='bbox 1203 879 1392 941; x_wconf 79' lang='grc' dir='ltr'>πάθος,</span> <span class='ocrx_word' id='word_1_50' title='bbox 1426 883 1489 932; x_wconf 79' lang='grc' dir='ltr'><strong>ἐκ</strong></span> <span class='ocrx_word' id='word_1_51' title='bbox 1517 881 1610 934; x_wconf 76' lang='grc' dir='ltr'><strong>δύο</strong></span> <span class='ocrx_word' id='word_1_52' title='bbox 1630 881 1959 950; x_wconf 60' lang='grc' dir='ltr'>συνέστηκεν</span> 
     </span>
    </p>
   </div>
   <div class='ocr_carea' id='block_1_11' title="bbox 379 966 1955 1042">
    <p class='ocr_par' dir='ltr' id='par_1_11' title="bbox 379 966 1955 1042">
     <span class='ocr_line' id='line_1_11' title="bbox 379 966 1955 1042; baseline 0.003 -20"><span class='ocrx_word' id='word_1_53' title='bbox 379 966 632 1036; x_wconf 86' lang='grc' dir='ltr'>ἀγνοιῶν.</span> <span class='ocrx_word' id='word_1_54' title='bbox 670 966 773 1020; x_wconf 85' lang='grc' dir='ltr'><strong>Δύο</strong></span> <span class='ocrx_word' id='word_1_55' title='bbox 817 969 872 1022; x_wconf 79' lang='grc' dir='ltr'>δὲ</span> <span class='ocrx_word' id='word_1_56' title='bbox 914 970 1267 1024; x_wconf 76' lang='grc' dir='ltr'><strong>συνελθοῦσαι</strong></span> <span class='ocrx_word' id='word_1_57' title='bbox 1307 973 1442 1042; x_wconf 67' lang='grc' dir='ltr'>προς</span> <span class='ocrx_word' id='word_1_58' title='bbox 1493 974 1687 1026; x_wconf 74' lang='grc' dir='ltr'>ἕνωσιν</span> <span class='ocrx_word' id='word_1_59' title='bbox 1719 975 1955 1041; x_wconf 76' lang='grc' dir='ltr'><strong>ἄγνοιαι,</strong></span> 
     </span>
    </p>
   </div>
   <div class='ocr_carea' id='block_1_12' title="bbox 384 1061 1959 1136">
    <p class='ocr_par' dir='ltr' id='par_1_12' title="bbox 384 1061 1959 1136">
     <span class='ocr_line' id='line_1_12' title="bbox 384 1061 1959 1136; baseline 0.004 -24"><span class='ocrx_word' id='word_1_60' title='bbox 384 1061 513 1131; x_wconf 86' lang='grc' dir='ltr'>μίαν</span> <span class='ocrx_word' id='word_1_61' title='bbox 544 1062 807 1132; x_wconf 73' lang='grc' dir='ltr'>φρόνησιν</span> <span class='ocrx_word' id='word_1_62' title='bbox 830 1063 1243 1132; x_wconf 69' lang='grc' dir='ltr'><strong>συγκεχυμένην</strong></span> <span class='ocrx_word' id='word_1_63' title='bbox 1266 1064 1611 1119; x_wconf 74' lang='grc' dir='ltr'>ἀποτελοῦσι.</span> <span class='ocrx_word' id='word_1_64' title='bbox 1647 1066 1822 1127; x_wconf 85' lang='grc' dir='ltr'>Μόνος</span> <span class='ocrx_word' id='word_1_65' title='bbox 1851 1065 1959 1136; x_wconf 74' lang='grc' dir='ltr'><strong>γάρ</strong></span> 
     </span>
    </p>
   </div>
   <div class='ocr_carea' id='block_1_13' title="bbox 381 1153 1957 1228">
    <p class='ocr_par' dir='ltr' id='par_1_13' title="bbox 381 1153 1957 1228">
     <span class='ocr_line' id='line_1_13' title="bbox 381 1153 1957 1228; baseline 0.004 -24"><span class='ocrx_word' id='word_1_66' title='bbox 381 1153 586 1215; x_wconf 78' lang='grc' dir='ltr'>ἐκεῖνός</span> <span class='ocrx_word' id='word_1_67' title='bbox 608 1155 758 1205; x_wconf 79' lang='grc' dir='ltr'>ἐστιν</span> <span class='ocrx_word' id='word_1_68' title='bbox 785 1154 1152 1222; x_wconf 81' lang='grc' dir='ltr'>ὑπερήφανος,</span> <span class='ocrx_word' id='word_1_69' title='bbox 1186 1157 1212 1207; x_wconf 97' lang='lat'><strong>6</strong></span> <span class='ocrx_word' id='word_1_70' title='bbox 1247 1156 1340 1208; x_wconf 75' lang='grc' dir='ltr'><strong>καὶ</strong></span> <span class='ocrx_word' id='word_1_71' title='bbox 1379 1157 1474 1224; x_wconf 75' lang='grc' dir='ltr'>τὴν</span> <span class='ocrx_word' id='word_1_72' title='bbox 1503 1157 1651 1209; x_wconf 80' lang='grc' dir='ltr'>θείαν</span> <span class='ocrx_word' id='word_1_73' title='bbox 1686 1157 1957 1228; x_wconf 83' lang='grc' dir='ltr'>βοήθειαν,</span> 
     </span>
    </p>
   </div>
   <div class='ocr_carea' id='block_1_14' title="bbox 381 1245 1961 1316">
    <p class='ocr_par' dir='ltr' id='par_1_14' title="bbox 381 1245 1961 1316">
     <span class='ocr_line' id='line_1_14' title="bbox 381 1245 1961 1316; baseline 0.003 -19"><span class='ocrx_word' id='word_1_74' title='bbox 381 1245 474 1297; x_wconf 73' lang='grc' dir='ltr'><strong>καὶ</strong></span> <span class='ocrx_word' id='word_1_75' title='bbox 521 1245 621 1314; x_wconf 80' lang='grc' dir='ltr'><strong>τὴν</strong></span> <span class='ocrx_word' id='word_1_76' title='bbox 678 1245 1029 1315; x_wconf 78' lang='grc' dir='ltr'>ἀνθρωπίνην</span> <span class='ocrx_word' id='word_1_77' title='bbox 1083 1248 1356 1316; x_wconf 81' lang='grc' dir='ltr'>ἀγνοήσας</span> <span class='ocrx_word' id='word_1_78' title='bbox 1409 1247 1713 1301; x_wconf 78' lang='grc' dir='ltr'>ἀσθένειαν.</span> <span class='ocrx_word' id='word_1_79' title='bbox 1752 1248 1961 1302; x_wconf 82' lang='grc' dir='ltr'>υὺκοῦν</span> 
     </span>
    </p>
   </div>
   <div class='ocr_carea' id='block_1_15' title="bbox 382 1337 1961 1410">
    <p class='ocr_par' dir='ltr' id='par_1_15' title="bbox 382 1337 1961 1410">
     <span class='ocr_line' id='line_1_15' title="bbox 382 1337 1961 1410; baseline 0.004 -22"><span class='ocrx_word' id='word_1_80' title='bbox 382 1337 735 1407; x_wconf 74' lang='grc' dir='ltr'><strong>ὑπερηφανία</strong></span> <span class='ocrx_word' id='word_1_81' title='bbox 773 1339 910 1401; x_wconf 72' lang='grc' dir='ltr'>ἐστὶ,</span> <span class='ocrx_word' id='word_1_82' title='bbox 961 1339 1112 1403; x_wconf 84' lang='grc' dir='ltr'>θείας</span> <span class='ocrx_word' id='word_1_83' title='bbox 1159 1341 1254 1393; x_wconf 75' lang='grc' dir='ltr'><strong>καὶ</strong></span> <span class='ocrx_word' id='word_1_84' title='bbox 1303 1339 1654 1410; x_wconf 80' lang='grc' dir='ltr'><strong>ἀνθρωπίνης</strong></span> <span class='ocrx_word' id='word_1_85' title='bbox 1706 1339 1961 1408; x_wconf 80' lang='grc' dir='ltr'>γνώσεως</span> 
     </span>
    </p>
   </div>
   <div class='ocr_carea' id='block_1_16' title="bbox 385 1431 1958 1504">
    <p class='ocr_par' dir='ltr' id='par_1_16' title="bbox 385 1431 1958 1504">
     <span class='ocr_line' id='line_1_16' title="bbox 385 1431 1958 1504; baseline 0.001 -21"><span class='ocrx_word' id='word_1_86' title='bbox 385 1431 662 1501; x_wconf 83' lang='grc' dir='ltr'>στέρησις.</span> <span class='ocrx_word' id='word_1_87' title='bbox 698 1432 776 1500; x_wconf 86' lang='grc' dir='ltr'><strong>Τῇ</strong></span> <span class='ocrx_word' id='word_1_88' title='bbox 839 1431 1104 1501; x_wconf 84' lang='grc' dir='ltr'>γάρ¹τῶν</span> <span class='ocrx_word' id='word_1_89' title='bbox 1143 1431 1359 1504; x_wconf 84' lang='grc' dir='ltr'>ἀληθῶν</span> <span class='ocrx_word' id='word_1_90' title='bbox 1409 1432 1595 1504; x_wconf 76' lang='grc' dir='ltr'>ἄκρων</span> <span class='ocrx_word' id='word_1_91' title='bbox 1661 1431 1958 1502; x_wconf 76' lang='grc' dir='ltr'>ἀποφάσει,</span> 
     </span>
    </p>
   </div>
   <div class='ocr_carea' id='block_1_17' title="bbox 387 1523 1464 1595">
    <p class='ocr_par' dir='ltr' id='par_1_17' title="bbox 387 1523 1464 1595">
     <span class='ocr_line' id='line_1_17' title="bbox 387 1523 1464 1595; baseline 0.001 -20"><span class='ocrx_word' id='word_1_92' title='bbox 387 1523 484 1593; x_wconf 88' lang='grc' dir='ltr'><strong>μία</strong></span> <span class='ocrx_word' id='word_1_93' title='bbox 513 1524 608 1576; x_wconf 74' lang='grc' dir='ltr'><strong>καὶ</strong></span> <span class='ocrx_word' id='word_1_94' title='bbox 636 1523 838 1594; x_wconf 68' lang='grc' dir='ltr'>ψευδὴς</span> <span class='ocrx_word' id='word_1_95' title='bbox 869 1525 1104 1595; x_wconf 80' lang='grc' dir='ltr'>ὑπάρχει</span> <span class='ocrx_word' id='word_1_96' title='bbox 1132 1525 1464 1592; x_wconf 72' lang='grc' dir='ltr'>κατάφασις.</span> 
     </span>
    </p>
   </div>
   <div class='ocr_carea' id='block_1_18' title="bbox 455 1610 1962 1686">
    <p class='ocr_par' dir='ltr' id='par_1_18' title="bbox 455 1610 1962 1686">
     <span class='ocr_line' id='line_1_18' title="bbox 455 1610 1962 1686; baseline 0.003 -22"><span class='ocrx_word' id='word_1_97' title='bbox 455 1610 549 1679; x_wconf 82' lang='grc' dir='ltr'>ξε’.</span> <span class='ocrx_word' id='word_1_98' title='bbox 611 1613 675 1666; x_wconf 83' lang='grc' dir='ltr'><strong>Ἦ</strong></span> <span class='ocrx_word' id='word_1_99' title='bbox 727 1614 1024 1680; x_wconf 73' lang='grc' dir='ltr'>κενοδοξία,</span> <span class='ocrx_word' id='word_1_100' title='bbox 1083 1614 1287 1669; x_wconf 79' lang='grc' dir='ltr'>σκοποῦ</span> <span class='ocrx_word' id='word_1_101' title='bbox 1345 1615 1443 1686; x_wconf 86' lang='grc' dir='ltr'><strong>μὲν</strong></span> <span class='ocrx_word' id='word_1_102' title='bbox 1492 1615 1587 1668; x_wconf 81' lang='grc' dir='ltr'>τοῦ</span> <span class='ocrx_word' id='word_1_103' title='bbox 1641 1613 1783 1669; x_wconf 88' lang='grc' dir='ltr'><strong>κατά</strong></span> <span class='ocrx_word' id='word_1_104' title='bbox 1830 1615 1962 1670; x_wconf 88' lang='grc' dir='ltr'>Θεόν</span> 
     </span>
    </p>
   </div>
   <div class='ocr_carea' id='block_1_19' title="bbox 384 1704 1963 1778">
    <p class='ocr_par' dir='ltr' id='par_1_19' title="bbox 384 1704 1963 1778">
     <span class='ocr_line' id='line_1_19' title="bbox 384 1704 1963 1778; baseline 0.003 -20"><span class='ocrx_word' id='word_1_105' title='bbox 384 1706 531 1758; x_wconf 74' lang='grc' dir='ltr'>ἐστιν</span> <span class='ocrx_word' id='word_1_106' title='bbox 577 1704 874 1768; x_wconf 75' lang='grc' dir='ltr'>ἔκστασις·</span> <span class='ocrx_word' id='word_1_107' title='bbox 947 1707 1083 1776; x_wconf 76' lang='grc' dir='ltr'>πρὸς</span> <span class='ocrx_word' id='word_1_108' title='bbox 1136 1706 1194 1759; x_wconf 77' lang='grc' dir='ltr'>δὲ</span> <span class='ocrx_word' id='word_1_109' title='bbox 1244 1706 1404 1760; x_wconf 73' lang='grc' dir='ltr'>ἄλλον</span> <span class='ocrx_word' id='word_1_110' title='bbox 1457 1708 1661 1761; x_wconf 86' lang='grc' dir='ltr'>σκοπὸν</span> <span class='ocrx_word' id='word_1_111' title='bbox 1696 1709 1847 1778; x_wconf 77' lang='grc' dir='ltr'>παρὰ</span> <span class='ocrx_word' id='word_1_112' title='bbox 1873 1709 1963 1763; x_wconf 76' lang='grc' dir='ltr'><strong>τὸν</strong></span> 
     </span>
    </p>
   </div>
   <div class='ocr_carea' id='block_1_20' title="bbox 383 1793 1964 1870">
    <p class='ocr_par' dir='ltr' id='par_1_20' title="bbox 383 1793 1964 1870">
     <span class='ocr_line' id='line_1_20' title="bbox 383 1793 1964 1870; baseline 0.003 -21"><span class='ocrx_word' id='word_1_113' title='bbox 383 1793 528 1850; x_wconf 75' lang='grc' dir='ltr'>θεῖον</span> <span class='ocrx_word' id='word_1_114' title='bbox 586 1797 820 1868; x_wconf 82' lang='grc' dir='ltr'>ὑπάρχει</span> <span class='ocrx_word' id='word_1_115' title='bbox 878 1797 1200 1868; x_wconf 87' lang='grc' dir='ltr'>μετάϐασις.</span> <span class='ocrx_word' id='word_1_116' title='bbox 1251 1798 1538 1864; x_wconf 79' lang='grc' dir='ltr'>Κενόδοξος</span> <span class='ocrx_word' id='word_1_117' title='bbox 1587 1799 1695 1870; x_wconf 88' lang='grc' dir='ltr'><strong>γάρ</strong></span> <span class='ocrx_word' id='word_1_118' title='bbox 1733 1801 1904 1865; x_wconf 79' lang='grc' dir='ltr'>ἐστιν,</span> <span class='ocrx_word' id='word_1_119' title='bbox 1935 1801 1964 1854; x_wconf 89' lang='lat'><strong>6</strong></span> 
     </span>
    </p>
   </div>
   <div class='ocr_carea' id='block_1_21' title="bbox 383 1888 1966 1962">
    <p class='ocr_par' dir='ltr' id='par_1_21' title="bbox 383 1888 1966 1962">
     <span class='ocr_line' id='line_1_21' title="bbox 383 1888 1966 1962; baseline 0.003 -22"><span class='ocrx_word' id='word_1_120' title='bbox 383 1888 483 1957; x_wconf 75' lang='grc' dir='ltr'><strong>τῆς</strong></span> <span class='ocrx_word' id='word_1_121' title='bbox 513 1889 742 1954; x_wconf 87' lang='grc' dir='ltr'>οίκείας,</span> <span class='ocrx_word' id='word_1_122' title='bbox 792 1889 930 1944; x_wconf 84' lang='grc' dir='ltr'><strong>ἀλλά</strong></span> <span class='ocrx_word' id='word_1_123' title='bbox 979 1889 1056 1962; x_wconf 82' lang='grc' dir='ltr'>μὴ</span> <span class='ocrx_word' id='word_1_124' title='bbox 1093 1890 1191 1960; x_wconf 85' lang='grc' dir='ltr'>τῆς</span> <span class='ocrx_word' id='word_1_125' title='bbox 1241 1889 1393 1954; x_wconf 79' lang='grc' dir='ltr'>θείοις</span> <span class='ocrx_word' id='word_1_126' title='bbox 1443 1891 1607 1944; x_wconf 74' lang='grc' dir='ltr'>ἕνεκα</span> <span class='ocrx_word' id='word_1_127' title='bbox 1659 1891 1966 1962; x_wconf 78' lang='grc' dir='ltr'>δόξης.τὴν</span> 
     </span>
    </p>
   </div>
   <div class='ocr_carea' id='block_1_22' title="bbox 385 1978 1969 2050">
    <p class='ocr_par' dir='ltr' id='par_1_22' title="bbox 385 1978 1969 2050">
     <span class='ocr_line' id='line_1_22' title="bbox 385 1978 1969 2050; baseline 0.003 -18"><span class='ocrx_word' id='word_1_128' title='bbox 385 1978 586 2050; x_wconf 77' lang='grc' dir='ltr'>ἀρετὴν</span> <span class='ocrx_word' id='word_1_129' title='bbox 620 1978 980 2050; x_wconf 78' lang='grc' dir='ltr'>ἐπιτηδεύων,</span> <span class='ocrx_word' id='word_1_130' title='bbox 1011 1981 1106 2033; x_wconf 77' lang='grc' dir='ltr'><strong>καὶ</strong></span> <span class='ocrx_word' id='word_1_131' title='bbox 1150 1979 1332 2043; x_wconf 83' lang='grc' dir='ltr'>πόνοις</span> <span class='ocrx_word' id='word_1_132' title='bbox 1375 1981 1597 2045; x_wconf 69' lang='grc' dir='ltr'>οἰκείοις</span> <span class='ocrx_word' id='word_1_133' title='bbox 1632 1983 1760 2046; x_wconf 88' lang='grc' dir='ltr'>τοὺς</span> <span class='ocrx_word' id='word_1_134' title='bbox 1789 1983 1846 2048; x_wconf 79' lang='grc' dir='ltr'>ἐξ</span> <span class='ocrx_word' id='word_1_135' title='bbox 1875 1983 1969 2037; x_wconf 87' lang='grc' dir='ltr'>ἀν-</span> 
     </span>
    </p>
   </div>
   <div class='ocr_carea' id='block_1_23' title="bbox 388 2069 1982 2147">
    <p class='ocr_par' dir='ltr' id='par_1_23' title="bbox 388 2069 1716 2144">
     <span class='ocr_line' id='line_1_23' title="bbox 388 2069 1716 2144; baseline 0.005 -23"><span class='ocrx_word' id='word_1_136' title='bbox 388 2069 623 2143; x_wconf 83' lang='grc' dir='ltr'>θρώπων</span> <span class='ocrx_word' id='word_1_137' title='bbox 652 2071 1062 2135; x_wconf 75' lang='grc' dir='ltr'>ἀνυποστάτους</span> <span class='ocrx_word' id='word_1_138' title='bbox 1090 2071 1350 2135; x_wconf 77' lang='grc' dir='ltr'>ἐπαίνους</span> <span class='ocrx_word' id='word_1_139' title='bbox 1378 2073 1716 2144; x_wconf 81' lang='grc' dir='ltr'>ὠνούμενος.</span> 
     </span>
    </p>
   </div>
   <div class='ocr_carea' id='block_1_24' title="bbox 460 2159 1968 2239">
    <p class='ocr_par' dir='ltr' id='par_1_24' title="bbox 460 2159 1968 2239">
     <span class='ocr_line' id='line_1_24' title="bbox 460 2159 1968 2239; baseline 0.004 -23"><span class='ocrx_word' id='word_1_140' title='bbox 460 2159 565 2226; x_wconf 83' lang='grc' dir='ltr'>ξς’.</span> <span class='ocrx_word' id='word_1_141' title='bbox 611 2163 668 2215; x_wconf 87' lang='lat'><strong>&#39;0</strong></span> <span class='ocrx_word' id='word_1_142' title='bbox 719 2163 1208 2233; x_wconf 80' lang='grc' dir='ltr'>ἀνθρωπάρεσκος,</span> <span class='ocrx_word' id='word_1_143' title='bbox 1263 2164 1440 2236; x_wconf 79' lang='grc' dir='ltr'>μόνων</span> <span class='ocrx_word' id='word_1_144' title='bbox 1479 2167 1828 2239; x_wconf 77' lang='grc' dir='ltr'>ἐπιμελεῖται</span> <span class='ocrx_word' id='word_1_145' title='bbox 1857 2166 1968 2222; x_wconf 84' lang='grc' dir='ltr'><strong>τῶν</strong></span> 
     </span>
    </p>
   </div>
   <div class='ocr_carea' id='block_1_25' title="bbox 387 2253 1964 2331">
    <p class='ocr_par' dir='ltr' id='par_1_25' title="bbox 387 2253 1964 2331">
     <span class='ocr_line' id='line_1_25' title="bbox 387 2253 1964 2331; baseline 0.005 -26"><span class='ocrx_word' id='word_1_146' title='bbox 387 2253 731 2323; x_wconf 76' lang='grc' dir='ltr'>φαινομένων</span> <span class='ocrx_word' id='word_1_147' title='bbox 761 2254 929 2324; x_wconf 76' lang='grc' dir='ltr'>ηθῶν,</span> <span class='ocrx_word' id='word_1_148' title='bbox 961 2256 1055 2309; x_wconf 75' lang='grc' dir='ltr'>καὶ</span> <span class='ocrx_word' id='word_1_149' title='bbox 1089 2258 1195 2331; x_wconf 80' lang='grc' dir='ltr'><strong>μὴν</strong></span> <span class='ocrx_word' id='word_1_150' title='bbox 1223 2261 1318 2314; x_wconf 77' lang='grc' dir='ltr'><strong>καὶ</strong></span> <span class='ocrx_word' id='word_1_151' title='bbox 1347 2259 1507 2328; x_wconf 86' lang='grc' dir='ltr'>λόγου</span> <span class='ocrx_word' id='word_1_152' title='bbox 1545 2258 1640 2312; x_wconf 82' lang='grc' dir='ltr'>τοῦ</span> <span class='ocrx_word' id='word_1_153' title='bbox 1687 2260 1918 2323; x_wconf 85' lang='grc' dir='ltr'>κόλακος</span> <span class='ocrx_word' id='word_1_154' title='bbox 1948 2275 1964 2291; x_wconf 75' lang='grc' dir='ltr'><strong>ο</strong></span> 
     </span>
    </p>
   </div>
   <div class='ocr_carea' id='block_1_26' title="bbox 390 2343 1970 2419">
    <p class='ocr_par' dir='ltr' id='par_1_26' title="bbox 390 2343 1970 2419">
     <span class='ocr_line' id='line_1_26' title="bbox 390 2343 1970 2419; baseline 0.005 -26"><span class='ocrx_word' id='word_1_155' title='bbox 390 2343 479 2394; x_wconf 82' lang='grc' dir='ltr'><strong>ἵνα</strong></span> <span class='ocrx_word' id='word_1_156' title='bbox 510 2344 624 2405; x_wconf 84' lang='grc' dir='ltr'>τοῖς</span> <span class='ocrx_word' id='word_1_157' title='bbox 659 2343 756 2412; x_wconf 86' lang='grc' dir='ltr'>μὲν</span> <span class='ocrx_word' id='word_1_158' title='bbox 801 2343 898 2414; x_wconf 79' lang='grc' dir='ltr'><strong>τὴν</strong></span> <span class='ocrx_word' id='word_1_159' title='bbox 927 2345 1119 2415; x_wconf 82' lang='grc' dir='ltr'>ὅρασιν</span> <span class='ocrx_word' id='word_1_160' title='bbox 1141 2389 1155 2412; x_wconf 89' lang='grc'><strong>,</strong></span> <span class='ocrx_word' id='word_1_161' title='bbox 1182 2347 1261 2419; x_wconf 81' lang='grc' dir='ltr'><strong>τῷ</strong></span> <span class='ocrx_word' id='word_1_162' title='bbox 1301 2349 1360 2401; x_wconf 85' lang='grc' dir='ltr'>δὲ</span> <span class='ocrx_word' id='word_1_163' title='bbox 1401 2349 1501 2418; x_wconf 84' lang='grc' dir='ltr'><strong>τὴν</strong></span> <span class='ocrx_word' id='word_1_164' title='bbox 1525 2349 1696 2419; x_wconf 86' lang='grc' dir='ltr'>ἀκοὴν</span> <span class='ocrx_word' id='word_1_165' title='bbox 1722 2348 1970 2419; x_wconf 84' lang='grc' dir='ltr'>σφετερί-</span> 
     </span>
    </p>
   </div>
   <div class='ocr_carea' id='block_1_27' title="bbox 389 2433 1970 2509">
    <p class='ocr_par' dir='ltr' id='par_1_27' title="bbox 389 2433 1970 2509">
     <span class='ocr_line' id='line_1_27' title="bbox 389 2433 1970 2509; baseline 0.005 -25"><span class='ocrx_word' id='word_1_166' title='bbox 389 2433 573 2502; x_wconf 47' lang='lat' dir='ltr'><strong>(rgat,</strong></span> <span class='ocrx_word' id='word_1_167' title='bbox 614 2433 723 2487; x_wconf 86' lang='grc' dir='ltr'><strong>τῶν</strong></span> <span class='ocrx_word' id='word_1_168' title='bbox 759 2434 939 2504; x_wconf 85' lang='grc' dir='ltr'>μόνοις</span> <span class='ocrx_word' id='word_1_169' title='bbox 977 2439 1252 2506; x_wconf 71' lang='grc' dir='ltr'>ἡδομένων</span> <span class='ocrx_word' id='word_1_170' title='bbox 1302 2439 1333 2509; x_wconf 87' lang='grc' dir='ltr'>ἣ</span> <span class='ocrx_word' id='word_1_171' title='bbox 1387 2440 1484 2492; x_wconf 71' lang='grc' dir='ltr'>καὶ</span> <span class='ocrx_word' id='word_1_172' title='bbox 1516 2439 1970 2509; x_wconf 78' lang='grc' dir='ltr'>καταπληττομέ-</span> 
     </span>
    </p>
   </div>
   <div class='ocr_carea' id='block_1_28' title="bbox 390 2529 1971 2603">
    <p class='ocr_par' dir='ltr' id='par_1_28' title="bbox 390 2529 1971 2603">
     <span class='ocr_line' id='line_1_28' title="bbox 390 2529 1971 2603; baseline 0.004 -25"><span class='ocrx_word' id='word_1_173' title='bbox 390 2542 498 2579; x_wconf 86' lang='grc' dir='ltr'><strong>νων</strong></span> <span class='ocrx_word' id='word_1_174' title='bbox 542 2529 655 2590; x_wconf 80' lang='grc' dir='ltr'>τοῖς</span> <span class='ocrx_word' id='word_1_175' title='bbox 688 2529 1036 2596; x_wconf 82' lang='grc' dir='ltr'>φαινομένοις</span> <span class='ocrx_word' id='word_1_176' title='bbox 1075 2547 1132 2582; x_wconf 90' lang='grc' dir='ltr'><strong>τε</strong></span> <span class='ocrx_word' id='word_1_177' title='bbox 1169 2532 1263 2584; x_wconf 74' lang='grc' dir='ltr'><strong>καὶ</strong></span> <span class='ocrx_word' id='word_1_178' title='bbox 1291 2532 1668 2601; x_wconf 79' lang='grc' dir='ltr'>άκουομένοις,</span> <span class='ocrx_word' id='word_1_179' title='bbox 1700 2531 1793 2583; x_wconf 84' lang='grc' dir='ltr'>καὶ</span> <span class='ocrx_word' id='word_1_180' title='bbox 1832 2531 1971 2603; x_wconf 82' lang='grc' dir='ltr'>μόνῃ</span> 
     </span>
    </p>
   </div>
   <div class='ocr_carea' id='block_1_29' title="bbox 389 2616 1972 2691">
    <p class='ocr_par' dir='ltr' id='par_1_29' title="bbox 389 2616 1972 2691">
     <span class='ocr_line' id='line_1_29' title="bbox 389 2616 1972 2691; baseline 0.003 -23"><span class='ocrx_word' id='word_1_181' title='bbox 389 2619 458 2686; x_wconf 81' lang='grc' dir='ltr'>τῇ</span> <span class='ocrx_word' id='word_1_182' title='bbox 489 2616 744 2687; x_wconf 82' lang='grc' dir='ltr'>αἰσθήσει</span> <span class='ocrx_word' id='word_1_183' title='bbox 777 2619 1231 2689; x_wconf 74' lang='grc' dir='ltr'>περιγραφὸντων</span> <span class='ocrx_word' id='word_1_184' title='bbox 1258 2621 1356 2691; x_wconf 75' lang='grc' dir='ltr'>τὴν</span> <span class='ocrx_word' id='word_1_185' title='bbox 1417 2621 1644 2690; x_wconf 84' lang='grc' dir='ltr'>ἀρετήν.</span> <span class='ocrx_word' id='word_1_186' title='bbox 1690 2619 1972 2690; x_wconf 83' lang='grc' dir='ltr'>Ἀνθρωπ-</span> 
     </span>
    </p>
   </div>
   <div class='ocr_carea' id='block_1_30' title="bbox 388 2706 1973 2782">
    <p class='ocr_par' dir='ltr' id='par_1_30' title="bbox 388 2706 1973 2782">
     <span class='ocr_line' id='line_1_30' title="bbox 388 2706 1973 2782; baseline 0.002 -22"><span class='ocrx_word' id='word_1_187' title='bbox 388 2709 692 2779; x_wconf 79' lang='grc' dir='ltr'>αρὲσκειαν</span> <span class='ocrx_word' id='word_1_188' title='bbox 715 2706 808 2762; x_wconf 75' lang='grc' dir='ltr'><strong>οὖν</strong></span> <span class='ocrx_word' id='word_1_189' title='bbox 844 2728 1044 2780; x_wconf 79' lang='grc' dir='ltr'>φαμεν,</span> <span class='ocrx_word' id='word_1_190' title='bbox 1094 2711 1194 2782; x_wconf 83' lang='grc' dir='ltr'>τὴν</span> <span class='ocrx_word' id='word_1_191' title='bbox 1237 2711 1312 2774; x_wconf 81' lang='grc' dir='ltr'><strong>ὡς</strong></span> <span class='ocrx_word' id='word_1_192' title='bbox 1341 2712 1428 2764; x_wconf 79' lang='grc' dir='ltr'>ἐπ’</span> <span class='ocrx_word' id='word_1_193' title='bbox 1454 2714 1621 2782; x_wconf 84' lang='grc' dir='ltr'>ἀρετῇ</span> <span class='ocrx_word' id='word_1_194' title='bbox 1656 2710 1721 2763; x_wconf 73' lang='grc' dir='ltr'>δι’</span> <span class='ocrx_word' id='word_1_195' title='bbox 1763 2710 1973 2781; x_wconf 84' lang='grc' dir='ltr'>ἀνθρώ-</span> 
     </span>
    </p>
   </div>
   <div class='ocr_carea' id='block_1_31' title="bbox 393 2800 1768 2872">
    <p class='ocr_par' dir='ltr' id='par_1_31' title="bbox 393 2800 1768 2872">
     <span class='ocr_line' id='line_1_31' title="bbox 393 2800 1768 2872; baseline 0.002 -21"><span class='ocrx_word' id='word_1_196' title='bbox 393 2816 530 2863; x_wconf 85' lang='grc' dir='ltr'>πους</span> <span class='ocrx_word' id='word_1_197' title='bbox 563 2801 856 2871; x_wconf 77' lang='grc' dir='ltr'>γινομένην</span> <span class='ocrx_word' id='word_1_198' title='bbox 889 2802 996 2854; x_wconf 84' lang='grc' dir='ltr'><strong>τῶν</strong></span> <span class='ocrx_word' id='word_1_199' title='bbox 1022 2802 1166 2872; x_wconf 70' lang='grc' dir='ltr'>ᾑθῶν</span> <span class='ocrx_word' id='word_1_200' title='bbox 1191 2821 1248 2854; x_wconf 87' lang='grc' dir='ltr'><strong>τε</strong></span> <span class='ocrx_word' id='word_1_201' title='bbox 1282 2803 1456 2870; x_wconf 81' lang='grc' dir='ltr'>λόγων</span> <span class='ocrx_word' id='word_1_202' title='bbox 1483 2800 1768 2866; x_wconf 76' lang='grc' dir='ltr'>ἐπίδειξιν.</span> 
     </span>
    </p>
   </div>
   <div class='ocr_carea' id='block_1_32' title="bbox 469 3061 1975 3135">
    <p class='ocr_par' dir='ltr' id='par_1_32' title="bbox 469 3061 1975 3135">
     <span class='ocr_line' id='line_1_32' title="bbox 469 3061 1975 3135; baseline 0.011 -21"><span class='ocrx_word' id='word_1_203' title='bbox 469 3063 564 3128; x_wconf 69' lang='grc' dir='ltr'><strong>ξξν.</strong></span> <span class='ocrx_word' id='word_1_204' title='bbox 603 3063 924 3134; x_wconf 83' lang='grc' dir='ltr'>’Υπόκρισίς</span> <span class='ocrx_word' id='word_1_205' title='bbox 973 3064 1112 3127; x_wconf 83' lang='grc' dir='ltr'>ἐστι,</span> <span class='ocrx_word' id='word_1_206' title='bbox 1164 3063 1347 3132; x_wconf 76' lang='grc' dir='ltr'>φιλίας</span> <span class='ocrx_word' id='word_1_207' title='bbox 1381 3062 1744 3134; x_wconf 69' lang='grc' dir='ltr'>προσποίησις</span> <span class='ocrx_word' id='word_1_208' title='bbox 1769 3078 1784 3094; x_wconf 85' lang='grc'><strong>⁸</strong></span> <span class='ocrx_word' id='word_1_209' title='bbox 1817 3061 1852 3135; x_wconf 75' lang='grc' dir='ltr'><strong>ἢ</strong></span> <span class='ocrx_word' id='word_1_210' title='bbox 1883 3064 1975 3133; x_wconf 82' lang='grc' dir='ltr'>μῖ-</span> 
     </span>
    </p>
   </div>
   <div class='ocr_carea' id='block_1_33' title="bbox 397 3152 1974 3226">
    <p class='ocr_par' dir='ltr' id='par_1_33' title="bbox 397 3152 1974 3226">
     <span class='ocr_line' id='line_1_33' title="bbox 397 3152 1974 3226; baseline -0.001 -16"><span class='ocrx_word' id='word_1_211' title='bbox 397 3172 509 3220; x_wconf 89' lang='grc' dir='ltr'>σος,</span> <span class='ocrx_word' id='word_1_212' title='bbox 567 3157 810 3226; x_wconf 83' lang='grc' dir='ltr'>σχήματι</span> <span class='ocrx_word' id='word_1_213' title='bbox 865 3155 1051 3224; x_wconf 77' lang='grc' dir='ltr'>φιλίας</span> <span class='ocrx_word' id='word_1_214' title='bbox 1107 3154 1634 3226; x_wconf 81' lang='grc' dir='ltr'>κεκαλυμμένον-ἦ</span> <span class='ocrx_word' id='word_1_215' title='bbox 1683 3154 1874 3226; x_wconf 81' lang='grc' dir='ltr'>ἔχθρα,</span> <span class='ocrx_word' id='word_1_216' title='bbox 1906 3152 1974 3208; x_wconf 83' lang='grc' dir='ltr'>δι’</span> 
     </span>
    </p>
   </div>
   <div class='ocr_carea' id='block_1_34' title="bbox 396 3245 1975 3320">
    <p class='ocr_par' dir='ltr' id='par_1_34' title="bbox 396 3245 1975 3320">
     <span class='ocr_line' id='line_1_34' title="bbox 396 3245 1975 3320; baseline 0 -19"><span class='ocrx_word' id='word_1_217' title='bbox 396 3247 610 3312; x_wconf 77' lang='grc' dir='ltr'>εὐνοίας</span> <span class='ocrx_word' id='word_1_218' title='bbox 640 3249 1016 3319; x_wconf 76' lang='grc' dir='ltr'>ἐνεργουμένη</span> <span class='ocrx_word' id='word_1_219' title='bbox 1039 3266 1054 3281; x_wconf 80' lang='grc' dir='ltr'><strong><em>ο</em></strong></span> <span class='ocrx_word' id='word_1_220' title='bbox 1087 3249 1119 3318; x_wconf 79' lang='grc' dir='ltr'>ἢ</span> <span class='ocrx_word' id='word_1_221' title='bbox 1149 3247 1363 3316; x_wconf 74' lang='grc' dir='ltr'>φθόνος,</span> <span class='ocrx_word' id='word_1_222' title='bbox 1396 3248 1618 3317; x_wconf 83' lang='grc' dir='ltr'>ἀγάπης</span> <span class='ocrx_word' id='word_1_223' title='bbox 1645 3245 1975 3320; x_wconf 82' lang='grc' dir='ltr'>χαρακτῆρα</span> 
     </span>
    </p>
   </div>
   <div class='ocr_carea' id='block_1_35' title="bbox 400 3339 1974 3411">
    <p class='ocr_par' dir='ltr' id='par_1_35' title="bbox 400 3339 1974 3411">
     <span class='ocr_line' id='line_1_35' title="bbox 400 3339 1974 3411; baseline -0.002 -17"><span class='ocrx_word' id='word_1_224' title='bbox 400 3339 776 3411; x_wconf 85' lang='grc' dir='ltr'>μιμούμενος·</span> <span class='ocrx_word' id='word_1_225' title='bbox 832 3341 865 3411; x_wconf 88' lang='grc' dir='ltr'>ἢ</span> <span class='ocrx_word' id='word_1_226' title='bbox 923 3339 1062 3410; x_wconf 87' lang='grc' dir='ltr'>βίος,</span> <span class='ocrx_word' id='word_1_227' title='bbox 1119 3340 1322 3410; x_wconf 80' lang='grc' dir='ltr'>ἀρετῆς</span> <span class='ocrx_word' id='word_1_228' title='bbox 1383 3340 1689 3410; x_wconf 85' lang='grc' dir='ltr'>πλάσματι,</span> <span class='ocrx_word' id='word_1_229' title='bbox 1743 3339 1860 3393; x_wconf 83' lang='grc' dir='ltr'>ἀλλ’</span> <span class='ocrx_word' id='word_1_230' title='bbox 1912 3339 1974 3391; x_wconf 80' lang='grc' dir='ltr'><strong>οὑ</strong></span> 
     </span>
    </p>
   </div>
   <div class='ocr_carea' id='block_1_36' title="bbox 399 3430 1979 3503">
    <p class='ocr_par' dir='ltr' id='par_1_36' title="bbox 399 3430 1979 3503">
     <span class='ocr_line' id='line_1_36' title="bbox 399 3430 1979 3503; baseline -0.003 -17"><span class='ocrx_word' id='word_1_231' title='bbox 399 3434 686 3503; x_wconf 81' lang='grc' dir='ltr'>πράγματι</span> <span class='ocrx_word' id='word_1_232' title='bbox 711 3431 773 3485; x_wconf 84' lang='grc' dir='ltr'><strong>τὸ</strong></span> <span class='ocrx_word' id='word_1_233' title='bbox 806 3433 1034 3500; x_wconf 84' lang='grc' dir='ltr'>κόσμιον</span> <span class='ocrx_word' id='word_1_234' title='bbox 1064 3431 1223 3500; x_wconf 72' lang='grc' dir='ltr'>ἔχων·</span> <span class='ocrx_word' id='word_1_235' title='bbox 1245 3430 1287 3502; x_wconf 71' lang='grc' dir='ltr'>ἢ,</span> <span class='ocrx_word' id='word_1_236' title='bbox 1303 3431 1652 3501; x_wconf 71' lang='grc' dir='ltr'>δικαιοσύνης</span> <span class='ocrx_word' id='word_1_237' title='bbox 1683 3431 1979 3501; x_wconf 85' lang='grc' dir='ltr'>προσποίη-</span> 
     </span>
    </p>
   </div>
   <div class='ocr_carea' id='block_1_37' title="bbox 411 3518 1974 3594">
    <p class='ocr_par' dir='ltr' id='par_1_37' title="bbox 411 3518 1974 3594">
     <span class='ocr_line' id='line_1_37' title="bbox 411 3518 1974 3594; baseline -0.003 -18"><span class='ocrx_word' id='word_1_238' title='bbox 411 3541 519 3587; x_wconf 87' lang='grc' dir='ltr'>σις,</span> <span class='ocrx_word' id='word_1_239' title='bbox 569 3525 635 3594; x_wconf 79' lang='grc' dir='ltr'>τῇ</span> <span class='ocrx_word' id='word_1_240' title='bbox 671 3522 765 3576; x_wconf 73' lang='grc' dir='ltr'>τοῦ</span> <span class='ocrx_word' id='word_1_241' title='bbox 797 3518 934 3576; x_wconf 74' lang='grc' dir='ltr'>εῖναι</span> <span class='ocrx_word' id='word_1_242' title='bbox 965 3523 1185 3591; x_wconf 86' lang='grc' dir='ltr'>δοκήσει</span> <span class='ocrx_word' id='word_1_243' title='bbox 1214 3523 1624 3592; x_wconf 76' lang='grc' dir='ltr'>συντηρουμένη</span> <span class='ocrx_word' id='word_1_244' title='bbox 1653 3536 1665 3549; x_wconf 91' lang='grc'><strong>·</strong></span> <span class='ocrx_word' id='word_1_245' title='bbox 1701 3522 1734 3590; x_wconf 79' lang='grc' dir='ltr'>ἢ</span> <span class='ocrx_word' id='word_1_246' title='bbox 1768 3523 1974 3590; x_wconf 84' lang='grc' dir='ltr'>ἀπάτη,</span> 
     </span>
    </p>
   </div>
   <div class='ocr_carea' id='block_1_38' title="bbox 399 3611 1978 3686">
    <p class='ocr_par' dir='ltr' id='par_1_38' title="bbox 399 3611 1978 3686">
     <span class='ocr_line' id='line_1_38' title="bbox 399 3611 1978 3686; baseline -0.004 -16"><span class='ocrx_word' id='word_1_247' title='bbox 399 3614 659 3686; x_wconf 82' lang='grc' dir='ltr'>ἀληθείας</span> <span class='ocrx_word' id='word_1_248' title='bbox 699 3612 902 3681; x_wconf 75' lang='grc' dir='ltr'>ἔχουσα</span> <span class='ocrx_word' id='word_1_249' title='bbox 955 3611 1238 3682; x_wconf 82' lang='grc' dir='ltr'>μόρφωσιν</span> <span class='ocrx_word' id='word_1_250' title='bbox 1260 3627 1273 3642; x_wconf 78' lang='grc'><em>’</em></span> <span class='ocrx_word' id='word_1_251' title='bbox 1311 3613 1377 3681; x_wconf 71' lang='grc' dir='ltr'>ἢν</span> <span class='ocrx_word' id='word_1_252' title='bbox 1409 3612 1455 3662; x_wconf 88' lang='grc' dir='ltr'><strong>οί</strong></span> <span class='ocrx_word' id='word_1_253' title='bbox 1484 3611 1573 3663; x_wconf 82' lang='grc' dir='ltr'><strong>τὸν</strong></span> <span class='ocrx_word' id='word_1_254' title='bbox 1607 3611 1729 3679; x_wconf 71' lang='grc' dir='ltr'>ὅφιν</span> <span class='ocrx_word' id='word_1_255' title='bbox 1763 3613 1828 3680; x_wconf 78' lang='grc' dir='ltr'>τῇ</span> <span class='ocrx_word' id='word_1_256' title='bbox 1868 3611 1978 3664; x_wconf 81' lang='grc' dir='ltr'><strong>τῶν</strong></span> 
     </span>
    </p>
   </div>
   <div class='ocr_carea' id='block_1_39' title="bbox 398 3702 1763 3785">
    <p class='ocr_par' dir='ltr' id='par_1_39' title="bbox 398 3702 1763 3785">
     <span class='ocr_line' id='line_1_39' title="bbox 398 3702 1763 3785; baseline -0.003 -27"><span class='ocrx_word' id='word_1_257' title='bbox 398 3705 547 3777; x_wconf 69' lang='grc' dir='ltr'>ἠθῶν</span> <span class='ocrx_word' id='word_1_258' title='bbox 578 3704 888 3774; x_wconf 81' lang='grc' dir='ltr'>σκολιότητι</span> <span class='ocrx_word' id='word_1_259' title='bbox 930 3703 1285 3774; x_wconf 83' lang='grc' dir='ltr'>μιμούμενοι,</span> <span class='ocrx_word' id='word_1_260' title='bbox 1321 3702 1763 3785; x_wconf 66' lang='grc' dir='ltr'>ἐπιτηδεύουσιν.</span> 
     </span>
    </p>
   </div>
   <div class='ocr_carea' id='block_1_40' title="bbox 471 3875 1980 3956">
    <p class='ocr_par' dir='ltr' id='par_1_40' title="bbox 471 3875 1980 3956">
     <span class='ocr_line' id='line_1_40' title="bbox 471 3875 1980 3956; baseline -0.004 -16"><span class='ocrx_word' id='word_1_261' title='bbox 471 3883 573 3956; x_wconf 80' lang='grc' dir='ltr'>ξη⁹.</span> <span class='ocrx_word' id='word_1_262' title='bbox 616 3885 681 3939; x_wconf 84' lang='grc' dir='ltr'><strong><em>Ἦ</em></strong></span> <span class='ocrx_word' id='word_1_263' title='bbox 714 3883 823 3938; x_wconf 87' lang='grc' dir='ltr'><strong>τῶν</strong></span> <span class='ocrx_word' id='word_1_264' title='bbox 855 3883 1023 3937; x_wconf 71' lang='grc' dir='ltr'>ὄντων</span> <span class='ocrx_word' id='word_1_265' title='bbox 1077 3881 1244 3946; x_wconf 76' lang='grc' dir='ltr'>αἰτία,</span> <span class='ocrx_word' id='word_1_266' title='bbox 1297 3881 1394 3935; x_wconf 70' lang='grc' dir='ltr'><strong>καὶ</strong></span> <span class='ocrx_word' id='word_1_267' title='bbox 1422 3881 1530 3934; x_wconf 88' lang='grc' dir='ltr'><strong>τῶν</strong></span> <span class='ocrx_word' id='word_1_268' title='bbox 1581 3883 1638 3935; x_wconf 80' lang='grc' dir='ltr'>ἐν</span> <span class='ocrx_word' id='word_1_269' title='bbox 1683 3883 1796 3945; x_wconf 85' lang='grc' dir='ltr'>τοῖς</span> <span class='ocrx_word' id='word_1_270' title='bbox 1829 3875 1980 3935; x_wconf 83' lang='grc' dir='ltr'>οὖσιν</span> 
     </span>
    </p>
   </div>
   <div class='ocr_carea' id='block_1_41' title="bbox 399 3973 1971 4046">
    <p class='ocr_par' dir='ltr' id='par_1_41' title="bbox 399 3973 1971 4046">
     <span class='ocr_line' id='line_1_41' title="bbox 399 3973 1971 4046; baseline -0.006 -15"><span class='ocrx_word' id='word_1_271' title='bbox 399 3978 644 4046; x_wconf 83' lang='grc' dir='ltr'>ἀγαθῶν,</span> <span class='ocrx_word' id='word_1_272' title='bbox 679 3977 828 4030; x_wconf 75' lang='grc' dir='ltr'>ἐστὶν</span> <span class='ocrx_word' id='word_1_273' title='bbox 867 3978 895 4030; x_wconf 89' lang='lat'><strong>6</strong></span> <span class='ocrx_word' id='word_1_274' title='bbox 925 3976 1079 4039; x_wconf 88' lang='grc' dir='ltr'>Θεός.</span> <span class='ocrx_word' id='word_1_275' title='bbox 1120 3974 1178 4028; x_wconf 85' lang='lat'><strong>&#39;0</strong></span> <span class='ocrx_word' id='word_1_276' title='bbox 1206 3973 1390 4027; x_wconf 84' lang='grc' dir='ltr'>τοίνυν</span> <span class='ocrx_word' id='word_1_277' title='bbox 1423 3975 1552 4044; x_wconf 74' lang='grc' dir='ltr'>περὶ</span> <span class='ocrx_word' id='word_1_278' title='bbox 1579 3973 1678 4044; x_wconf 83' lang='grc' dir='ltr'>τὴν</span> <span class='ocrx_word' id='word_1_279' title='bbox 1705 3974 1908 4045; x_wconf 81' lang='grc' dir='ltr'>ἀρετὴν</span> <span class='ocrx_word' id='word_1_280' title='bbox 1937 3973 1971 4044; x_wconf 76' lang='grc' dir='ltr'>ἢ</span> 
     </span>
    </p>
   </div>
   <div class='ocr_carea' id='block_1_42' title="bbox 399 4061 1981 4138">
    <p class='ocr_par' dir='ltr' id='par_1_42' title="bbox 399 4061 1981 4138">
     <span class='ocr_line' id='line_1_42' title="bbox 399 4061 1981 4138; baseline -0.004 -19"><span class='ocrx_word' id='word_1_281' title='bbox 399 4067 501 4138; x_wconf 82' lang='grc' dir='ltr'>τὴν</span> <span class='ocrx_word' id='word_1_282' title='bbox 529 4066 729 4135; x_wconf 89' lang='grc' dir='ltr'>γνῶσιν</span> <span class='ocrx_word' id='word_1_283' title='bbox 755 4065 1139 4136; x_wconf 81' lang='grc' dir='ltr'>ἐπαιρόμενος,</span> <span class='ocrx_word' id='word_1_284' title='bbox 1176 4063 1271 4115; x_wconf 82' lang='grc' dir='ltr'>καὶ</span> <span class='ocrx_word' id='word_1_285' title='bbox 1303 4062 1377 4132; x_wconf 82' lang='grc' dir='ltr'><strong>μὴ</strong></span> <span class='ocrx_word' id='word_1_286' title='bbox 1413 4061 1491 4131; x_wconf 82' lang='grc' dir='ltr'>τῷ</span> <span class='ocrx_word' id='word_1_287' title='bbox 1542 4062 1727 4132; x_wconf 81' lang='grc' dir='ltr'>μέτρῳ</span> <span class='ocrx_word' id='word_1_288' title='bbox 1775 4061 1874 4131; x_wconf 82' lang='grc' dir='ltr'>τῆς</span> <span class='ocrx_word' id='word_1_289' title='bbox 1921 4061 1981 4114; x_wconf 73' lang='grc' dir='ltr'>ἒν</span> 
     </span>
    </p>
   </div>
   <div class='ocr_carea' id='block_1_43' title="bbox 403 4148 1982 4229">
    <p class='ocr_par' dir='ltr' id='par_1_43' title="bbox 403 4148 1982 4229">
     <span class='ocr_line' id='line_1_43' title="bbox 403 4148 1982 4229; baseline -0.003 -21"><span class='ocrx_word' id='word_1_290' title='bbox 403 4157 590 4229; x_wconf 86' lang='grc' dir='ltr'>χάριτι</span> <span class='ocrx_word' id='word_1_291' title='bbox 638 4155 840 4226; x_wconf 83' lang='grc' dir='ltr'>ἀρετῆς</span> <span class='ocrx_word' id='word_1_292' title='bbox 894 4154 1014 4224; x_wconf 71' lang='grc' dir='ltr'>ἦτοι</span> <span class='ocrx_word' id='word_1_293' title='bbox 1064 4152 1371 4223; x_wconf 82' lang='grc' dir='ltr'>προκοπῆς,</span> <span class='ocrx_word' id='word_1_294' title='bbox 1426 4148 1982 4218; x_wconf 78' lang='grc' dir='ltr'>συνεπεκτείνωντῆς</span> 
     </span>
    </p>
   </div>
   <div class='ocr_carea' id='block_1_44' title="bbox 399 4241 1980 4313">
    <p class='ocr_par' dir='ltr' id='par_1_44' title="bbox 399 4241 1980 4313">
     <span class='ocr_line' id='line_1_44' title="bbox 399 4241 1980 4313; baseline -0.008 -11"><span class='ocrx_word' id='word_1_295' title='bbox 399 4248 608 4310; x_wconf 87' lang='grc' dir='ltr'>οἰκείας</span> <span class='ocrx_word' id='word_1_296' title='bbox 636 4245 918 4308; x_wconf 87' lang='grc' dir='ltr'>ἀσθενείας</span> <span class='ocrx_word' id='word_1_297' title='bbox 946 4246 1044 4313; x_wconf 78' lang='grc' dir='ltr'><strong>τὴν</strong></span> <span class='ocrx_word' id='word_1_298' title='bbox 1079 4241 1554 4312; x_wconf 80' lang='grc' dir='ltr'>ὲπιγνωμοσύνην,</span> <span class='ocrx_word' id='word_1_299' title='bbox 1588 4258 1650 4292; x_wconf 87' lang='grc' dir='ltr'><strong>το</strong></span> <span class='ocrx_word' id='word_1_300' title='bbox 1679 4241 1777 4310; x_wconf 78' lang='grc' dir='ltr'>τῆς</span> <span class='ocrx_word' id='word_1_301' title='bbox 1807 4241 1980 4309; x_wconf 78' lang='grc' dir='ltr'>ὑπερ·</span> 
     </span>
    </p>
   </div>
   <div class='ocr_carea' id='block_1_45' title="bbox 399 4332 1986 4412">
    <p class='ocr_par' dir='ltr' id='par_1_45' title="bbox 399 4332 1986 4412">
     <span class='ocr_line' id='line_1_45' title="bbox 399 4332 1986 4412; baseline -0.006 -19"><span class='ocrx_word' id='word_1_302' title='bbox 399 4339 642 4412; x_wconf 72' lang='grc' dir='ltr'>ηφανίας</span> <span class='ocrx_word' id='word_1_303' title='bbox 670 4338 839 4391; x_wconf 76' lang='grc' dir='ltr'>κακὸν</span> <span class='ocrx_word' id='word_1_304' title='bbox 873 4337 933 4390; x_wconf 91' lang='grc' dir='ltr'><strong>οὑ</strong></span> <span class='ocrx_word' id='word_1_305' title='bbox 963 4337 1238 4405; x_wconf 73' lang='grc' dir='ltr'>διέφυγεν.</span> <span class='ocrx_word' id='word_1_306' title='bbox 1275 4334 1334 4388; x_wconf 85' lang='lat' dir='ltr'><strong>&#39;O</strong></span> <span class='ocrx_word' id='word_1_307' title='bbox 1363 4335 1419 4387; x_wconf 85' lang='grc' dir='ltr'>δὲ</span> <span class='ocrx_word' id='word_1_308' title='bbox 1447 4333 1604 4404; x_wconf 81' lang='grc' dir='ltr'>δόξης</span> <span class='ocrx_word' id='word_1_309' title='bbox 1631 4334 1817 4386; x_wconf 80' lang='grc' dir='ltr'>’ἐνεκεν</span> <span class='ocrx_word' id='word_1_310' title='bbox 1849 4332 1986 4395; x_wconf 79' lang='grc' dir='ltr'>ἰδίας</span> 
     </span>
    </p>
   </div>
   <div class='ocr_carea' id='block_1_46' title="bbox 402 4427 1984 4501">
    <p class='ocr_par' dir='ltr' id='par_1_46' title="bbox 402 4427 1984 4501">
     <span class='ocr_line' id='line_1_46' title="bbox 402 4427 1984 4501; baseline -0.006 -14"><span class='ocrx_word' id='word_1_311' title='bbox 402 4433 468 4487; x_wconf 80' lang='grc' dir='ltr'><strong>τὸ</strong></span> <span class='ocrx_word' id='word_1_312' title='bbox 497 4431 660 4485; x_wconf 66' lang='grc' dir='ltr'>καλὸν</span> <span class='ocrx_word' id='word_1_313' title='bbox 688 4429 1044 4501; x_wconf 77' lang='grc' dir='ltr'>ἐπιτηδεύων,</span> <span class='ocrx_word' id='word_1_314' title='bbox 1076 4428 1270 4481; x_wconf 78' lang='grc' dir='ltr'>ἑαυτὸν</span> <span class='ocrx_word' id='word_1_315' title='bbox 1299 4429 1394 4481; x_wconf 82' lang='grc' dir='ltr'>τοῦ</span> <span class='ocrx_word' id='word_1_316' title='bbox 1417 4427 1553 4480; x_wconf 81' lang='grc' dir='ltr'>Θεοῦ</span> <span class='ocrx_word' id='word_1_317' title='bbox 1592 4427 1984 4497; x_wconf 75' lang='grc' dir='ltr'>προτετίμηκε,</span> 
     </span>
    </p>
   </div>
   <div class='ocr_carea' id='block_1_47' title="bbox 2060 597 3634 669">
    <p class='ocr_par' dir='ltr' id='par_1_47' title="bbox 2060 597 3634 669">
     <span class='ocr_line' id='line_1_47' title="bbox 2060 597 3634 669; baseline 0.005 -19"><span class='ocrx_word' id='word_1_318' title='bbox 2060 599 2154 668; x_wconf 90' lang='lat' dir='ltr'><strong>qui</strong></span> <span class='ocrx_word' id='word_1_319' title='bbox 2189 597 2536 652; x_wconf 79' lang='lat' dir='ltr'><strong>examinatur</strong></span> <span class='ocrx_word' id='word_1_320' title='bbox 2564 599 2633 652; x_wconf 84' lang='lat' dir='ltr'><strong>ob</strong></span> <span class='ocrx_word' id='word_1_321' title='bbox 2665 607 2875 667; x_wconf 87' lang='lat' dir='ltr'><strong>patrata</strong></span> <span class='ocrx_word' id='word_1_322' title='bbox 2910 599 3174 666; x_wconf 88' lang='lat' dir='ltr'><strong>erimina;</strong></span> <span class='ocrx_word' id='word_1_323' title='bbox 3202 613 3439 669; x_wconf 79' lang='lat' dir='ltr'><strong>quorum</strong></span> <span class='ocrx_word' id='word_1_324' title='bbox 3470 605 3634 668; x_wconf 86' lang='lat' dir='ltr'><strong>alter,</strong></span> 
     </span>
    </p>
   </div>
   <div class='ocr_carea' id='block_1_48' title="bbox 2061 690 3633 762">
    <p class='ocr_par' dir='ltr' id='par_1_48' title="bbox 2061 690 3633 762">
     <span class='ocr_line' id='line_1_48' title="bbox 2061 690 3633 762; baseline 0.004 -18"><span class='ocrx_word' id='word_1_325' title='bbox 2061 690 2303 758; x_wconf 77' lang='lat' dir='ltr'><strong>acceptis</strong></span> <span class='ocrx_word' id='word_1_326' title='bbox 2350 690 2515 744; x_wconf 82' lang='lat' dir='ltr'><strong>bonis</strong></span> <span class='ocrx_word' id='word_1_327' title='bbox 2555 690 2841 759; x_wconf 82' lang='lat' dir='ltr'><strong>indignum</strong></span> <span class='ocrx_word' id='word_1_328' title='bbox 2900 705 2958 744; x_wconf 88' lang='lat' dir='ltr'><strong>se</strong></span> <span class='ocrx_word' id='word_1_329' title='bbox 3007 692 3249 761; x_wconf 86' lang='lat' dir='ltr'><strong>judieet;</strong></span> <span class='ocrx_word' id='word_1_330' title='bbox 3297 697 3437 751; x_wconf 90' lang='lat' dir='ltr'><strong>alter</strong></span> <span class='ocrx_word' id='word_1_331' title='bbox 3478 711 3633 762; x_wconf 88' lang='lat' dir='ltr'><strong>vero,</strong></span> 
     </span>
    </p>
   </div>
   <div class='ocr_carea' id='block_1_49' title="bbox 2065 782 3181 853">
    <p class='ocr_par' dir='ltr' id='par_1_49' title="bbox 2065 782 3181 853">
     <span class='ocr_line' id='line_1_49' title="bbox 2065 782 3181 853; baseline 0.001 -16"><span class='ocrx_word' id='word_1_332' title='bbox 2065 784 2278 837; x_wconf 85' lang='lat' dir='ltr'><strong>veniam</strong></span> <span class='ocrx_word' id='word_1_333' title='bbox 2310 782 2640 836; x_wconf 78' lang='lat' dir='ltr'><strong>delictorum</strong></span> <span class='ocrx_word' id='word_1_334' title='bbox 2671 782 2923 851; x_wconf 87' lang='lat' dir='ltr'><strong>accipere</strong></span> <span class='ocrx_word' id='word_1_335' title='bbox 2958 782 3181 853; x_wconf 78' lang='lat' dir='ltr'><strong>flagitet.</strong></span> 
     </span>
    </p>
   </div>
   <div class='ocr_carea' id='block_1_50' title="bbox 2133 873 3637 951">
    <p class='ocr_par' dir='ltr' id='par_1_50' title="bbox 2133 873 3637 951">
     <span class='ocr_line' id='line_1_50' title="bbox 2133 873 3637 951; baseline 0.004 -22"><span class='ocrx_word' id='word_1_336' title='bbox 2133 874 2222 929; x_wconf 67' lang='lat'><strong>64.</strong></span> <span class='ocrx_word' id='word_1_337' title='bbox 2255 873 2542 944; x_wconf 70' lang='lat' dir='ltr'><strong>Superbia:</strong></span> <span class='ocrx_word' id='word_1_338' title='bbox 2595 875 2792 928; x_wconf 85' lang='lat' dir='ltr'><strong>vitium</strong></span> <span class='ocrx_word' id='word_1_339' title='bbox 2838 889 2905 927; x_wconf 82' lang='lat' dir='ltr'><strong>ex</strong></span> <span class='ocrx_word' id='word_1_340' title='bbox 2947 873 3156 944; x_wconf 87' lang='lat' dir='ltr'><strong>duplici</strong></span> <span class='ocrx_word' id='word_1_341' title='bbox 3201 887 3420 932; x_wconf 83' lang='lat' dir='ltr'><strong>constat</strong></span> <span class='ocrx_word' id='word_1_342' title='bbox 3481 881 3637 951; x_wconf 84' lang='lat' dir='ltr'><strong>igno-</strong></span> 
     </span>
    </p>
   </div>
   <div class='ocr_carea' id='block_1_51' title="bbox 2063 967 3640 1044">
    <p class='ocr_par' dir='ltr' id='par_1_51' title="bbox 2063 967 3640 1044">
     <span class='ocr_line' id='line_1_51' title="bbox 2063 967 3640 1044; baseline 0.004 -22"><span class='ocrx_word' id='word_1_343' title='bbox 2063 968 2263 1022; x_wconf 89' lang='lat' dir='ltr'><strong>rantia.</strong></span> <span class='ocrx_word' id='word_1_344' title='bbox 2312 967 2406 1022; x_wconf 79' lang='lat' dir='ltr'><strong>Hae</strong></span> <span class='ocrx_word' id='word_1_345' title='bbox 2452 984 2626 1032; x_wconf 89' lang='lat' dir='ltr'><strong>vero,</strong></span> <span class='ocrx_word' id='word_1_346' title='bbox 2679 968 2734 1021; x_wconf 92' lang='lat' dir='ltr'><strong>in</strong></span> <span class='ocrx_word' id='word_1_347' title='bbox 2788 984 2958 1022; x_wconf 89' lang='lat' dir='ltr'><strong>unum</strong></span> <span class='ocrx_word' id='word_1_348' title='bbox 3005 975 3305 1036; x_wconf 83' lang='lat' dir='ltr'><strong>coeuntes,</strong></span> <span class='ocrx_word' id='word_1_349' title='bbox 3357 973 3640 1044; x_wconf 87' lang='lat' dir='ltr'><strong>alteraque</strong></span> 
     </span>
    </p>
   </div>
   <div class='ocr_carea' id='block_1_52' title="bbox 2062 1060 3642 1132">
    <p class='ocr_par' dir='ltr' id='par_1_52' title="bbox 2062 1060 3642 1132">
     <span class='ocr_line' id='line_1_52' title="bbox 2062 1060 3642 1132; baseline 0.001 -16"><span class='ocrx_word' id='word_1_350' title='bbox 2062 1061 2219 1116; x_wconf 83' lang='lat' dir='ltr'><strong>alteri</strong></span> <span class='ocrx_word' id='word_1_351' title='bbox 2248 1069 2537 1125; x_wconf 64' lang='lat' dir='ltr'><strong>consertae,</strong></span> <span class='ocrx_word' id='word_1_352' title='bbox 2576 1060 2860 1116; x_wconf 90' lang='lat' dir='ltr'><strong>confusam</strong></span> <span class='ocrx_word' id='word_1_353' title='bbox 2895 1077 3058 1115; x_wconf 91' lang='lat' dir='ltr'><strong>unam</strong></span> <span class='ocrx_word' id='word_1_354' title='bbox 3111 1061 3356 1116; x_wconf 82' lang='lat' dir='ltr'><strong>elliciunt</strong></span> <span class='ocrx_word' id='word_1_355' title='bbox 3396 1065 3642 1132; x_wconf 86' lang='lat' dir='ltr'><strong>pruden-</strong></span> 
     </span>
    </p>
   </div>
   <div class='ocr_carea' id='block_1_53' title="bbox 2066 1151 3640 1222">
    <p class='ocr_par' dir='ltr' id='par_1_53' title="bbox 2066 1151 3640 1222">
     <span class='ocr_line' id='line_1_53' title="bbox 2066 1151 3640 1222; baseline 0.001 -16"><span class='ocrx_word' id='word_1_356' title='bbox 2066 1153 2218 1207; x_wconf 87' lang='lat' dir='ltr'><strong>tiam.</strong></span> <span class='ocrx_word' id='word_1_357' title='bbox 2249 1151 2411 1207; x_wconf 90' lang='lat' dir='ltr'><strong>Solus</strong></span> <span class='ocrx_word' id='word_1_358' title='bbox 2433 1153 2579 1206; x_wconf 90' lang='lat' dir='ltr'><strong>enim</strong></span> <span class='ocrx_word' id='word_1_359' title='bbox 2613 1152 2705 1206; x_wconf 90' lang='lat' dir='ltr'><strong>ille</strong></span> <span class='ocrx_word' id='word_1_360' title='bbox 2735 1153 3011 1222; x_wconf 88' lang='lat' dir='ltr'><strong>superbus</strong></span> <span class='ocrx_word' id='word_1_361' title='bbox 3039 1161 3143 1214; x_wconf 89' lang='lat' dir='ltr'><strong>est,</strong></span> <span class='ocrx_word' id='word_1_362' title='bbox 3179 1153 3274 1221; x_wconf 85' lang='lat' dir='ltr'><strong>qui</strong></span> <span class='ocrx_word' id='word_1_363' title='bbox 3317 1162 3371 1206; x_wconf 88' lang='lat' dir='ltr'><strong>et</strong></span> <span class='ocrx_word' id='word_1_364' title='bbox 3392 1155 3640 1207; x_wconf 82' lang='lat' dir='ltr'><strong>divinum</strong></span> 
     </span>
    </p>
   </div>
   <div class='ocr_carea' id='block_1_54' title="bbox 2064 1239 3644 1314">
    <p class='ocr_par' dir='ltr' id='par_1_54' title="bbox 2064 1239 3644 1314">
     <span class='ocr_line' id='line_1_54' title="bbox 2064 1239 3644 1314; baseline 0.001 -15"><span class='ocrx_word' id='word_1_365' title='bbox 2064 1245 2350 1310; x_wconf 83' lang='lat' dir='ltr'><strong>auxilium,</strong></span> <span class='ocrx_word' id='word_1_366' title='bbox 2387 1253 2442 1299; x_wconf 90' lang='lat' dir='ltr'><strong>et</strong></span> <span class='ocrx_word' id='word_1_367' title='bbox 2466 1239 2760 1298; x_wconf 75' lang='lat' dir='ltr'><strong>humanam</strong></span> <span class='ocrx_word' id='word_1_368' title='bbox 2794 1246 3008 1314; x_wconf 79' lang='lat' dir='ltr'><strong>ignorat</strong></span> <span class='ocrx_word' id='word_1_369' title='bbox 3051 1247 3504 1302; x_wconf 88' lang='lat' dir='ltr'><strong>imbecillitatem.</strong></span> <span class='ocrx_word' id='word_1_370' title='bbox 3547 1241 3644 1301; x_wconf 78' lang='lat' dir='ltr'><strong>Est</strong></span> 
     </span>
    </p>
   </div>
   <div class='ocr_carea' id='block_1_55' title="bbox 2065 1336 3641 1407">
    <p class='ocr_par' dir='ltr' id='par_1_55' title="bbox 2065 1336 3641 1407">
     <span class='ocr_line' id='line_1_55' title="bbox 2065 1336 3641 1407; baseline -0.001 -16"><span class='ocrx_word' id='word_1_371' title='bbox 2065 1337 2250 1406; x_wconf 81' lang='lat' dir='ltr'><strong>itaque</strong></span> <span class='ocrx_word' id='word_1_372' title='bbox 2281 1336 2560 1406; x_wconf 81' lang='lat' dir='ltr'><strong>superbia,</strong></span> <span class='ocrx_word' id='word_1_373' title='bbox 2599 1336 2799 1391; x_wconf 64' lang='lat' dir='ltr'><strong>divinae</strong></span> <span class='ocrx_word' id='word_1_374' title='bbox 2843 1337 3205 1406; x_wconf 69' lang='lat' dir='ltr'><strong>humanaeque</strong></span> <span class='ocrx_word' id='word_1_375' title='bbox 3231 1338 3479 1392; x_wconf 74' lang='lat' dir='ltr'><strong>scientia:</strong></span> <span class='ocrx_word' id='word_1_376' title='bbox 3526 1338 3641 1407; x_wconf 84' lang='lat' dir='ltr'><strong>pri-</strong></span> 
     </span>
    </p>
   </div>
   <div class='ocr_carea' id='block_1_56' title="bbox 2065 1423 3640 1495">
    <p class='ocr_par' dir='ltr' id='par_1_56' title="bbox 2065 1423 3640 1495">
     <span class='ocr_line' id='line_1_56' title="bbox 2065 1423 3640 1495; baseline 0.001 -17"><span class='ocrx_word' id='word_1_377' title='bbox 2065 1423 2232 1478; x_wconf 85' lang='lat' dir='ltr'><strong>vatio.</strong></span> <span class='ocrx_word' id='word_1_378' title='bbox 2295 1423 2682 1477; x_wconf 83' lang='lat' dir='ltr'><strong>Extremorum</strong></span> <span class='ocrx_word' id='word_1_379' title='bbox 2738 1438 2976 1492; x_wconf 82' lang='lat' dir='ltr'><strong>namque</strong></span> <span class='ocrx_word' id='word_1_380' title='bbox 3018 1439 3275 1478; x_wconf 84' lang='lat' dir='ltr'><strong>verorum</strong></span> <span class='ocrx_word' id='word_1_381' title='bbox 3325 1425 3640 1495; x_wconf 78' lang='lat' dir='ltr'><strong>negatione,</strong></span> 
     </span>
    </p>
   </div>
   <div class='ocr_carea' id='block_1_57' title="bbox 2067 1511 3036 1582">
    <p class='ocr_par' dir='ltr' id='par_1_57' title="bbox 2067 1511 3036 1582">
     <span class='ocr_line' id='line_1_57' title="bbox 2067 1511 3036 1582; baseline 0.003 -16"><span class='ocrx_word' id='word_1_382' title='bbox 2067 1528 2174 1566; x_wconf 89' lang='lat' dir='ltr'><strong>una</strong></span> <span class='ocrx_word' id='word_1_383' title='bbox 2205 1512 2447 1582; x_wconf 89' lang='lat' dir='ltr'><strong>falsaque</strong></span> <span class='ocrx_word' id='word_1_384' title='bbox 2472 1512 2689 1566; x_wconf 79' lang='lat' dir='ltr'><strong>exsistit</strong></span> <span class='ocrx_word' id='word_1_385' title='bbox 2722 1511 3036 1569; x_wconf 80' lang='lat' dir='ltr'><strong>affirmatio.</strong></span> 
     </span>
    </p>
   </div>
   <div class='ocr_carea' id='block_1_58' title="bbox 2137 1603 3646 1675">
    <p class='ocr_par' dir='ltr' id='par_1_58' title="bbox 2137 1603 3646 1675">
     <span class='ocr_line' id='line_1_58' title="bbox 2137 1603 3646 1675; baseline 0.002 -16"><span class='ocrx_word' id='word_1_386' title='bbox 2137 1603 2225 1659; x_wconf 76' lang='lat'><strong>65.</strong></span> <span class='ocrx_word' id='word_1_387' title='bbox 2255 1603 2438 1658; x_wconf 86' lang='lat' dir='ltr'><strong>Inanis</strong></span> <span class='ocrx_word' id='word_1_388' title='bbox 2468 1603 2663 1674; x_wconf 81' lang='lat' dir='ltr'><strong>gloria,</strong></span> <span class='ocrx_word' id='word_1_389' title='bbox 2692 1618 2720 1657; x_wconf 89' lang='lat' dir='ltr'><strong>a</strong></span> <span class='ocrx_word' id='word_1_390' title='bbox 2767 1603 2958 1658; x_wconf 86' lang='lat' dir='ltr'><strong>divino</strong></span> <span class='ocrx_word' id='word_1_391' title='bbox 2996 1619 3164 1674; x_wconf 90' lang='lat' dir='ltr'><strong>scopo</strong></span> <span class='ocrx_word' id='word_1_392' title='bbox 3207 1620 3384 1675; x_wconf 86' lang='lat' dir='ltr'><strong>exque</strong></span> <span class='ocrx_word' id='word_1_393' title='bbox 3441 1606 3646 1662; x_wconf 81' lang='lat' dir='ltr'><strong>divinis</strong></span> 
     </span>
    </p>
   </div>
   <div class='ocr_carea' id='block_1_59' title="bbox 2067 1695 3645 1770">
    <p class='ocr_par' dir='ltr' id='par_1_59' title="bbox 2067 1695 3645 1770">
     <span class='ocr_line' id='line_1_59' title="bbox 2067 1695 3645 1770; baseline 0.001 -20"><span class='ocrx_word' id='word_1_394' title='bbox 2067 1696 2374 1770; x_wconf 76' lang='lat' dir='ltr'><strong>rationibus</strong></span> <span class='ocrx_word' id='word_1_395' title='bbox 2394 1695 2726 1750; x_wconf 83' lang='lat' dir='ltr'><strong>exorbitatio</strong></span> <span class='ocrx_word' id='word_1_396' title='bbox 2748 1707 2853 1761; x_wconf 89' lang='lat' dir='ltr'><strong>est,</strong></span> <span class='ocrx_word' id='word_1_397' title='bbox 2879 1696 3038 1766; x_wconf 85' lang='lat'><strong>575</strong></span> <span class='ocrx_word' id='word_1_398' title='bbox 3053 1697 3218 1766; x_wconf 87' lang='lat' dir='ltr'><strong>inque</strong></span> <span class='ocrx_word' id='word_1_399' title='bbox 3233 1698 3400 1752; x_wconf 88' lang='lat' dir='ltr'><strong>alium</strong></span> <span class='ocrx_word' id='word_1_400' title='bbox 3419 1714 3645 1769; x_wconf 88' lang='lat' dir='ltr'><strong>scopum</strong></span> 
     </span>
    </p>
   </div>
   <div class='ocr_carea' id='block_1_60' title="bbox 2069 1787 3650 1860">
    <p class='ocr_par' dir='ltr' id='par_1_60' title="bbox 2069 1787 3650 1860">
     <span class='ocr_line' id='line_1_60' title="bbox 2069 1787 3650 1860; baseline 0.003 -18"><span class='ocrx_word' id='word_1_401' title='bbox 2069 1788 2501 1858; x_wconf 88' lang='lat' dir='ltr'><strong>quamdivinum</strong></span> <span class='ocrx_word' id='word_1_402' title='bbox 2529 1787 2793 1843; x_wconf 87' lang='lat' dir='ltr'><strong>deviatio.</strong></span> <span class='ocrx_word' id='word_1_403' title='bbox 2837 1788 3022 1843; x_wconf 85' lang='lat' dir='ltr'><strong>Inanis</strong></span> <span class='ocrx_word' id='word_1_404' title='bbox 3048 1789 3198 1843; x_wconf 88' lang='lat' dir='ltr'><strong>enim</strong></span> <span class='ocrx_word' id='word_1_405' title='bbox 3241 1789 3430 1860; x_wconf 74' lang='lat' dir='ltr'><strong>gloriae</strong></span> <span class='ocrx_word' id='word_1_406' title='bbox 3469 1791 3650 1846; x_wconf 81' lang='lat' dir='ltr'><strong>cultor</strong></span> 
     </span>
    </p>
   </div>
   <div class='ocr_carea' id='block_1_61' title="bbox 2069 1881 3648 1951">
    <p class='ocr_par' dir='ltr' id='par_1_61' title="bbox 2069 1881 3648 1951">
     <span class='ocr_line' id='line_1_61' title="bbox 2069 1881 3648 1951; baseline 0.001 -15"><span class='ocrx_word' id='word_1_407' title='bbox 2069 1889 2196 1945; x_wconf 90' lang='lat' dir='ltr'><strong>est,</strong></span> <span class='ocrx_word' id='word_1_408' title='bbox 2255 1881 2350 1950; x_wconf 87' lang='lat' dir='ltr'><strong>qui</strong></span> <span class='ocrx_word' id='word_1_409' title='bbox 2389 1897 2502 1936; x_wconf 78' lang='lat' dir='ltr'><strong>sua:</strong></span> <span class='ocrx_word' id='word_1_410' title='bbox 2560 1881 2749 1951; x_wconf 68' lang='lat' dir='ltr'><strong>glorim</strong></span> <span class='ocrx_word' id='word_1_411' title='bbox 2786 1896 2977 1950; x_wconf 88' lang='lat' dir='ltr'><strong>causa,</strong></span> <span class='ocrx_word' id='word_1_412' title='bbox 3021 1896 3133 1937; x_wconf 92' lang='lat' dir='ltr'><strong>non</strong></span> <span class='ocrx_word' id='word_1_413' title='bbox 3179 1881 3401 1948; x_wconf 59' lang='lat' dir='ltr'><strong>divina,</strong></span> <span class='ocrx_word' id='word_1_414' title='bbox 3454 1883 3648 1938; x_wconf 83' lang='lat' dir='ltr'><strong>virtuti</strong></span> 
     </span>
    </p>
   </div>
   <div class='ocr_carea' id='block_1_62' title="bbox 2067 1972 3648 2045">
    <p class='ocr_par' dir='ltr' id='par_1_62' title="bbox 2067 1972 3648 2045">
     <span class='ocr_line' id='line_1_62' title="bbox 2067 1972 3648 2045; baseline 0.001 -18"><span class='ocrx_word' id='word_1_415' title='bbox 2067 1972 2274 2037; x_wconf 87' lang='lat' dir='ltr'><strong>studet,</strong></span> <span class='ocrx_word' id='word_1_416' title='bbox 2308 1973 2532 2042; x_wconf 87' lang='lat' dir='ltr'><strong>suisque</strong></span> <span class='ocrx_word' id='word_1_417' title='bbox 2567 1973 2854 2028; x_wconf 88' lang='lat' dir='ltr'><strong>laboribus</strong></span> <span class='ocrx_word' id='word_1_418' title='bbox 2881 1973 3104 2044; x_wconf 81' lang='lat' dir='ltr'><strong>fragiles</strong></span> <span class='ocrx_word' id='word_1_419' title='bbox 3131 1989 3194 2029; x_wconf 93' lang='lat' dir='ltr'><strong>ac</strong></span> <span class='ocrx_word' id='word_1_420' title='bbox 3227 1989 3350 2045; x_wconf 76' lang='lat' dir='ltr'><strong>qua:</strong></span> <span class='ocrx_word' id='word_1_421' title='bbox 3385 1988 3455 2030; x_wconf 87' lang='lat' dir='ltr'><strong>ne</strong></span> <span class='ocrx_word' id='word_1_422' title='bbox 3496 1975 3648 2031; x_wconf 83' lang='lat' dir='ltr'><strong>exsi-</strong></span> 
     </span>
    </p>
   </div>
   <div class='ocr_carea' id='block_1_63' title="bbox 2069 2063 3294 2136">
    <p class='ocr_par' dir='ltr' id='par_1_63' title="bbox 2069 2063 3294 2136">
     <span class='ocr_line' id='line_1_63' title="bbox 2069 2063 3294 2136; baseline 0.003 -18"><span class='ocrx_word' id='word_1_423' title='bbox 2069 2074 2223 2121; x_wconf 86' lang='lat' dir='ltr'><strong>stant</strong></span> <span class='ocrx_word' id='word_1_424' title='bbox 2249 2065 2495 2136; x_wconf 78' lang='lat' dir='ltr'><strong>quidem,</strong></span> <span class='ocrx_word' id='word_1_425' title='bbox 2523 2064 2798 2121; x_wconf 84' lang='lat' dir='ltr'><strong>humanas</strong></span> <span class='ocrx_word' id='word_1_426' title='bbox 2826 2063 3049 2121; x_wconf 86' lang='lat' dir='ltr'><strong>redimit</strong></span> <span class='ocrx_word' id='word_1_427' title='bbox 3082 2065 3294 2122; x_wconf 87' lang='lat' dir='ltr'><strong>laudes.</strong></span> 
     </span>
    </p>
   </div>
   <div class='ocr_carea' id='block_1_64' title="bbox 2138 2158 3651 2225">
    <p class='ocr_par' dir='ltr' id='par_1_64' title="bbox 2138 2158 3651 2225">
     <span class='ocr_line' id='line_1_64' title="bbox 2138 2158 3651 2225; baseline -0.001 -11"><span class='ocrx_word' id='word_1_428' title='bbox 2138 2159 2226 2214; x_wconf 89' lang='lat'><strong>66.</strong></span> <span class='ocrx_word' id='word_1_429' title='bbox 2273 2158 2378 2225; x_wconf 84' lang='lat' dir='ltr'><strong>Qui</strong></span> <span class='ocrx_word' id='word_1_430' title='bbox 2423 2159 2821 2214; x_wconf 85' lang='lat' dir='ltr'><strong>assentationis</strong></span> <span class='ocrx_word' id='word_1_431' title='bbox 2869 2158 3008 2214; x_wconf 90' lang='lat' dir='ltr'><strong>vitio</strong></span> <span class='ocrx_word' id='word_1_432' title='bbox 3052 2159 3286 2223; x_wconf 84' lang='lat' dir='ltr'><strong>laborat,</strong></span> <span class='ocrx_word' id='word_1_433' title='bbox 3334 2173 3505 2212; x_wconf 89' lang='lat' dir='ltr'><strong>unum</strong></span> <span class='ocrx_word' id='word_1_434' title='bbox 3545 2159 3651 2213; x_wconf 90' lang='lat' dir='ltr'><strong>hoe</strong></span> 
     </span>
    </p>
   </div>
   <div class='ocr_carea' id='block_1_65' title="bbox 2071 2251 3654 2322">
    <p class='ocr_par' dir='ltr' id='par_1_65' title="bbox 2071 2251 3654 2322">
     <span class='ocr_line' id='line_1_65' title="bbox 2071 2251 3654 2322; baseline -0.001 -18"><span class='ocrx_word' id='word_1_435' title='bbox 2071 2260 2230 2304; x_wconf 87' lang='lat' dir='ltr'><strong>curat</strong></span> <span class='ocrx_word' id='word_1_436' title='bbox 2263 2258 2321 2304; x_wconf 92' lang='lat' dir='ltr'><strong>ut</strong></span> <span class='ocrx_word' id='word_1_437' title='bbox 2354 2252 2602 2305; x_wconf 82' lang='lat' dir='ltr'><strong>exterius</strong></span> <span class='ocrx_word' id='word_1_438' title='bbox 2629 2260 2785 2322; x_wconf 79' lang='lat' dir='ltr'><strong>gestu</strong></span> <span class='ocrx_word' id='word_1_439' title='bbox 2810 2251 3119 2321; x_wconf 88' lang='lat' dir='ltr'><strong>habituque</strong></span> <span class='ocrx_word' id='word_1_440' title='bbox 3143 2265 3328 2306; x_wconf 91' lang='lat' dir='ltr'><strong>mores</strong></span> <span class='ocrx_word' id='word_1_441' title='bbox 3348 2266 3480 2307; x_wconf 92' lang='lat' dir='ltr'><strong>suos</strong></span> <span class='ocrx_word' id='word_1_442' title='bbox 3504 2266 3654 2305; x_wconf 76' lang='lat' dir='ltr'><strong>com—</strong></span> 
     </span>
    </p>
   </div>
   <div class='ocr_carea' id='block_1_66' title="bbox 2070 2341 3650 2412">
    <p class='ocr_par' dir='ltr' id='par_1_66' title="bbox 2070 2341 3650 2412">
     <span class='ocr_line' id='line_1_66' title="bbox 2070 2341 3650 2412; baseline 0.002 -19"><span class='ocrx_word' id='word_1_443' title='bbox 2070 2350 2238 2411; x_wconf 85' lang='lat' dir='ltr'><strong>ponat</strong></span> <span class='ocrx_word' id='word_1_444' title='bbox 2270 2357 2282 2392; x_wconf 88' lang='lat'>:</span> <span class='ocrx_word' id='word_1_445' title='bbox 2320 2341 2415 2396; x_wconf 90' lang='lat' dir='ltr'><strong>sed</strong></span> <span class='ocrx_word' id='word_1_446' title='bbox 2438 2351 2493 2396; x_wconf 90' lang='lat' dir='ltr'><strong>et</strong></span> <span class='ocrx_word' id='word_1_447' title='bbox 2526 2341 2816 2412; x_wconf 80' lang='lat' dir='ltr'><strong>adulatorii</strong></span> <span class='ocrx_word' id='word_1_448' title='bbox 2855 2343 3128 2396; x_wconf 88' lang='lat' dir='ltr'><strong>sermonis</strong></span> <span class='ocrx_word' id='word_1_449' title='bbox 3146 2342 3414 2396; x_wconf 88' lang='lat' dir='ltr'><strong>rationem</strong></span> <span class='ocrx_word' id='word_1_450' title='bbox 3447 2341 3650 2406; x_wconf 87' lang='lat' dir='ltr'><strong>habet;</strong></span> 
     </span>
    </p>
   </div>
   <div class='ocr_carea' id='block_1_67' title="bbox 2074 2432 3652 2502">
    <p class='ocr_par' dir='ltr' id='par_1_67' title="bbox 2074 2432 3652 2502">
     <span class='ocr_line' id='line_1_67' title="bbox 2074 2432 3652 2502; baseline 0 -16"><span class='ocrx_word' id='word_1_451' title='bbox 2074 2440 2135 2486; x_wconf 91' lang='lat' dir='ltr'><strong>ut</strong></span> <span class='ocrx_word' id='word_1_452' title='bbox 2159 2432 2418 2486; x_wconf 88' lang='lat' dir='ltr'><strong>nimirum</strong></span> <span class='ocrx_word' id='word_1_453' title='bbox 2455 2433 2630 2488; x_wconf 88' lang='lat' dir='ltr'><strong>altero</strong></span> <span class='ocrx_word' id='word_1_454' title='bbox 2658 2441 2942 2502; x_wconf 90' lang='lat' dir='ltr'><strong>aspectum</strong></span> <span class='ocrx_word' id='word_1_455' title='bbox 2971 2433 3238 2500; x_wconf 89' lang='lat' dir='ltr'><strong>deliniat;</strong></span> <span class='ocrx_word' id='word_1_456' title='bbox 3271 2434 3443 2487; x_wconf 88' lang='lat' dir='ltr'><strong>altero</strong></span> <span class='ocrx_word' id='word_1_457' title='bbox 3466 2442 3652 2488; x_wconf 85' lang='lat' dir='ltr'><strong>autem</strong></span> 
     </span>
    </p>
   </div>
   <div class='ocr_carea' id='block_1_68' title="bbox 2072 2524 3652 2594">
    <p class='ocr_par' dir='ltr' id='par_1_68' title="bbox 2072 2524 3652 2594">
     <span class='ocr_line' id='line_1_68' title="bbox 2072 2524 3652 2594; baseline 0.001 -16"><span class='ocrx_word' id='word_1_458' title='bbox 2072 2539 2169 2578; x_wconf 87' lang='lat' dir='ltr'><strong>eos</strong></span> <span class='ocrx_word' id='word_1_459' title='bbox 2186 2525 2442 2588; x_wconf 87' lang='lat' dir='ltr'><strong>mulceat,</strong></span> <span class='ocrx_word' id='word_1_460' title='bbox 2461 2525 2553 2593; x_wconf 91' lang='lat' dir='ltr'><strong>qui</strong></span> <span class='ocrx_word' id='word_1_461' title='bbox 2569 2524 2786 2579; x_wconf 91' lang='lat' dir='ltr'><strong>nonnisi</strong></span> <span class='ocrx_word' id='word_1_462' title='bbox 2805 2524 2938 2579; x_wconf 90' lang='lat' dir='ltr'><strong>visis</strong></span> <span class='ocrx_word' id='word_1_463' title='bbox 2958 2525 3270 2594; x_wconf 89' lang='lat' dir='ltr'><strong>auditisque</strong></span> <span class='ocrx_word' id='word_1_464' title='bbox 3287 2525 3652 2592; x_wconf 86' lang='lat' dir='ltr'><strong>delectantur,</strong></span> 
     </span>
    </p>
   </div>
   <div class='ocr_carea' id='block_1_69' title="bbox 2074 2614 3652 2679">
    <p class='ocr_par' dir='ltr' id='par_1_69' title="bbox 2074 2614 3652 2679">
     <span class='ocr_line' id='line_1_69' title="bbox 2074 2614 3652 2679; baseline -0.001 -10"><span class='ocrx_word' id='word_1_465' title='bbox 2074 2630 2171 2669; x_wconf 89' lang='lat' dir='ltr'><strong>seu</strong></span> <span class='ocrx_word' id='word_1_466' title='bbox 2205 2615 2370 2668; x_wconf 84' lang='lat' dir='ltr'><strong>etiam</strong></span> <span class='ocrx_word' id='word_1_467' title='bbox 2396 2615 2504 2668; x_wconf 90' lang='lat' dir='ltr'><strong>illis</strong></span> <span class='ocrx_word' id='word_1_468' title='bbox 2529 2614 2894 2669; x_wconf 90' lang='lat' dir='ltr'><strong>admiratione</strong></span> <span class='ocrx_word' id='word_1_469' title='bbox 2919 2615 3222 2679; x_wconf 89' lang='lat' dir='ltr'><strong>ducuntur,</strong></span> <span class='ocrx_word' id='word_1_470' title='bbox 3257 2630 3320 2669; x_wconf 90' lang='lat' dir='ltr'><strong>ac</strong></span> <span class='ocrx_word' id='word_1_471' title='bbox 3343 2615 3460 2669; x_wconf 90' lang='lat' dir='ltr'><strong>solo</strong></span> <span class='ocrx_word' id='word_1_472' title='bbox 3485 2630 3652 2670; x_wconf 82' lang='lat' dir='ltr'><strong>sensu</strong></span> 
     </span>
    </p>
   </div>
   <div class='ocr_carea' id='block_1_70' title="bbox 2072 2706 3650 2775">
    <p class='ocr_par' dir='ltr' id='par_1_70' title="bbox 2072 2706 3650 2775">
     <span class='ocr_line' id='line_1_70' title="bbox 2072 2706 3650 2775; baseline 0 -15"><span class='ocrx_word' id='word_1_473' title='bbox 2072 2708 2338 2761; x_wconf 86' lang='lat' dir='ltr'><strong>virtutem</strong></span> <span class='ocrx_word' id='word_1_474' title='bbox 2378 2707 2874 2762; x_wconf 78' lang='lat' dir='ltr'><strong>circumscribunt.</strong></span> <span class='ocrx_word' id='word_1_475' title='bbox 2902 2706 3310 2760; x_wconf 83' lang='lat' dir='ltr'><strong>Assentationis</strong></span> <span class='ocrx_word' id='word_1_476' title='bbox 3341 2709 3522 2775; x_wconf 89' lang='lat' dir='ltr'><strong>itaque</strong></span> <span class='ocrx_word' id='word_1_477' title='bbox 3555 2722 3650 2761; x_wconf 87' lang='lat' dir='ltr'><strong>seu</strong></span> 
     </span>
    </p>
   </div>
   <div class='ocr_carea' id='block_1_71' title="bbox 2074 2792 3652 2865">
    <p class='ocr_par' dir='ltr' id='par_1_71' title="bbox 2074 2792 3652 2865">
     <span class='ocr_line' id='line_1_71' title="bbox 2074 2792 3652 2865; baseline -0.001 -18"><span class='ocrx_word' id='word_1_478' title='bbox 2074 2793 2396 2847; x_wconf 84' lang='lat' dir='ltr'><strong>demerendi</strong></span> <span class='ocrx_word' id='word_1_479' title='bbox 2417 2792 2670 2848; x_wconf 86' lang='lat' dir='ltr'><strong>homines</strong></span> <span class='ocrx_word' id='word_1_480' title='bbox 2690 2794 2886 2848; x_wconf 83' lang='lat' dir='ltr'><strong>vitium</strong></span> <span class='ocrx_word' id='word_1_481' title='bbox 2919 2793 3490 2865; x_wconf 74' lang='grc' dir='ltr'>(ἀνθρωπαρέσκειαν)</span> <span class='ocrx_word' id='word_1_482' title='bbox 3514 2793 3652 2847; x_wconf 88' lang='lat' dir='ltr'><strong>dici-</strong></span> 
     </span>
    </p>
   </div>
   <div class='ocr_carea' id='block_1_72' title="bbox 2075 2886 3655 2955">
    <p class='ocr_par' dir='ltr' id='par_1_72' title="bbox 2075 2886 3655 2955">
     <span class='ocr_line' id='line_1_72' title="bbox 2075 2886 3655 2955; baseline -0.002 -15"><span class='ocrx_word' id='word_1_483' title='bbox 2075 2902 2218 2951; x_wconf 85' lang='lat' dir='ltr'><strong>mus,</strong></span> <span class='ocrx_word' id='word_1_484' title='bbox 2259 2902 2381 2955; x_wconf 72' lang='lat' dir='ltr'><strong>qua:</strong></span> <span class='ocrx_word' id='word_1_485' title='bbox 2413 2886 2466 2939; x_wconf 92' lang='lat' dir='ltr'><strong>in</strong></span> <span class='ocrx_word' id='word_1_486' title='bbox 2498 2886 2748 2941; x_wconf 83' lang='lat' dir='ltr'><strong>maribus</strong></span> <span class='ocrx_word' id='word_1_487' title='bbox 2777 2903 2839 2942; x_wconf 88' lang='lat' dir='ltr'><strong>ac</strong></span> <span class='ocrx_word' id='word_1_488' title='bbox 2869 2887 3220 2941; x_wconf 83' lang='lat' dir='ltr'><strong>sermonibus</strong></span> <span class='ocrx_word' id='word_1_489' title='bbox 3247 2886 3403 2955; x_wconf 82' lang='lat' dir='ltr'><strong>quasi</strong></span> <span class='ocrx_word' id='word_1_490' title='bbox 3434 2886 3655 2940; x_wconf 64' lang='lat' dir='ltr'><strong>virtuti..-</strong></span> 
     </span>
    </p>
   </div>
   <div class='ocr_carea' id='block_1_73' title="bbox 2076 2977 2959 3052">
    <p class='ocr_par' dir='ltr' id='par_1_73' title="bbox 2076 2977 2959 3052">
     <span class='ocr_line' id='line_1_73' title="bbox 2076 2977 2959 3052; baseline -0.001 -21"><span class='ocrx_word' id='word_1_491' title='bbox 2076 2977 2300 3031; x_wconf 84' lang='lat' dir='ltr'><strong>nomine</strong></span> <span class='ocrx_word' id='word_1_492' title='bbox 2337 2977 2634 3031; x_wconf 88' lang='lat' dir='ltr'><strong>ostentatio</strong></span> <span class='ocrx_word' id='word_1_493' title='bbox 2668 2978 2959 3052; x_wconf 82' lang='lat' dir='ltr'><strong>contingit.</strong></span> 
     </span>
    </p>
   </div>
   <div class='ocr_carea' id='block_1_74' title="bbox 2149 3069 3658 3141">
    <p class='ocr_par' dir='ltr' id='par_1_74' title="bbox 2149 3069 3658 3141">
     <span class='ocr_line' id='line_1_74' title="bbox 2149 3069 3658 3141; baseline -0.001 -17"><span class='ocrx_word' id='word_1_494' title='bbox 2149 3070 2236 3125; x_wconf 87' lang='lat'>67.</span> <span class='ocrx_word' id='word_1_495' title='bbox 2291 3069 2606 3141; x_wconf 79' lang='lat' dir='ltr'><strong>Ilypocrisis</strong></span> <span class='ocrx_word' id='word_1_496' title='bbox 2642 3109 2657 3133; x_wconf 94' lang='lat'><strong>,</strong></span> <span class='ocrx_word' id='word_1_497' title='bbox 2715 3069 2972 3124; x_wconf 66' lang='lat' dir='ltr'><strong>amiciti-.9</strong></span> <span class='ocrx_word' id='word_1_498' title='bbox 3049 3069 3331 3123; x_wconf 88' lang='lat' dir='ltr'><strong>simulatio</strong></span> <span class='ocrx_word' id='word_1_499' title='bbox 3387 3078 3508 3136; x_wconf 88' lang='lat' dir='ltr'><strong>est;</strong></span> <span class='ocrx_word' id='word_1_500' title='bbox 3563 3080 3658 3123; x_wconf 90' lang='lat' dir='ltr'><strong>aut</strong></span> 
     </span>
    </p>
   </div>
   <div class='ocr_carea' id='block_1_75' title="bbox 2079 3162 3656 3231">
    <p class='ocr_par' dir='ltr' id='par_1_75' title="bbox 2079 3162 3656 3231">
     <span class='ocr_line' id='line_1_75' title="bbox 2079 3162 3656 3231; baseline 0.001 -13"><span class='ocrx_word' id='word_1_501' title='bbox 2079 3162 2293 3230; x_wconf 88' lang='lat' dir='ltr'><strong>odium,</strong></span> <span class='ocrx_word' id='word_1_502' title='bbox 2322 3163 2578 3220; x_wconf 67' lang='lat' dir='ltr'><strong>amicitia:</strong></span> <span class='ocrx_word' id='word_1_503' title='bbox 2599 3162 2792 3218; x_wconf 87' lang='lat' dir='ltr'><strong>habitu</strong></span> <span class='ocrx_word' id='word_1_504' title='bbox 2818 3163 3150 3219; x_wconf 81' lang='lat' dir='ltr'><strong>occultatum</strong></span> <span class='ocrx_word' id='word_1_505' title='bbox 3175 3182 3189 3231; x_wconf 87' lang='lat'><strong>;</strong></span> <span class='ocrx_word' id='word_1_506' title='bbox 3226 3173 3317 3219; x_wconf 82' lang='lat' dir='ltr'><strong>aut</strong></span> <span class='ocrx_word' id='word_1_507' title='bbox 3336 3163 3656 3228; x_wconf 74' lang='lat' dir='ltr'><strong>inimicitiae,</strong></span> 
     </span>
    </p>
   </div>
   <div class='ocr_carea' id='block_1_76' title="bbox 2080 3258 3661 3330">
    <p class='ocr_par' dir='ltr' id='par_1_76' title="bbox 2080 3258 3661 3330">
     <span class='ocr_line' id='line_1_76' title="bbox 2080 3258 3661 3330; baseline -0.001 -17"><span class='ocrx_word' id='word_1_508' title='bbox 2080 3274 2202 3330; x_wconf 77' lang='lat' dir='ltr'><strong>qua:</strong></span> <span class='ocrx_word' id='word_1_509' title='bbox 2227 3259 2628 3313; x_wconf 65' lang='lat' dir='ltr'><strong>benevolentia:</strong></span> <span class='ocrx_word' id='word_1_510' title='bbox 2656 3258 2779 3312; x_wconf 84' lang='lat' dir='ltr'><strong>ficta</strong></span> <span class='ocrx_word' id='word_1_511' title='bbox 2808 3258 2992 3327; x_wconf 88' lang='lat' dir='ltr'><strong>specie</strong></span> <span class='ocrx_word' id='word_1_512' title='bbox 3025 3266 3426 3324; x_wconf 79' lang='lat' dir='ltr'><strong>exerceantur;</strong></span> <span class='ocrx_word' id='word_1_513' title='bbox 3455 3265 3551 3312; x_wconf 89' lang='lat' dir='ltr'><strong>aut</strong></span> <span class='ocrx_word' id='word_1_514' title='bbox 3577 3259 3661 3312; x_wconf 87' lang='lat' dir='ltr'><strong>in-</strong></span> 
     </span>
    </p>
   </div>
   <div class='ocr_carea' id='block_1_77' title="bbox 2078 3346 3661 3418">
    <p class='ocr_par' dir='ltr' id='par_1_77' title="bbox 2078 3346 3661 3418">
     <span class='ocr_line' id='line_1_77' title="bbox 2078 3346 3661 3418; baseline -0.002 -14"><span class='ocrx_word' id='word_1_515' title='bbox 2078 3350 2247 3414; x_wconf 85' lang='lat' dir='ltr'><strong>vidia,</strong></span> <span class='ocrx_word' id='word_1_516' title='bbox 2288 3348 2601 3403; x_wconf 87' lang='lat' dir='ltr'><strong>dilectionis</strong></span> <span class='ocrx_word' id='word_1_517' title='bbox 2641 3347 2871 3418; x_wconf 81' lang='lat' dir='ltr'><strong>figuram</strong></span> <span class='ocrx_word' id='word_1_518' title='bbox 2905 3346 3151 3403; x_wconf 84' lang='lat' dir='ltr'><strong>referens</strong></span> <span class='ocrx_word' id='word_1_519' title='bbox 3195 3365 3208 3401; x_wconf 90' lang='lat'><strong>:</strong></span> <span class='ocrx_word' id='word_1_520' title='bbox 3254 3357 3351 3402; x_wconf 91' lang='lat' dir='ltr'><strong>aut</strong></span> <span class='ocrx_word' id='word_1_521' title='bbox 3387 3349 3521 3414; x_wconf 78' lang='lat' dir='ltr'><strong>vita,</strong></span> <span class='ocrx_word' id='word_1_522' title='bbox 3549 3351 3661 3404; x_wconf 82' lang='lat' dir='ltr'><strong>vir-</strong></span> 
     </span>
    </p>
   </div>
   <div class='ocr_carea' id='block_1_78' title="bbox 2080 3440 3662 3510">
    <p class='ocr_par' dir='ltr' id='par_1_78' title="bbox 2080 3440 3662 3510">
     <span class='ocr_line' id='line_1_78' title="bbox 2080 3440 3662 3510; baseline 0 -15"><span class='ocrx_word' id='word_1_523' title='bbox 2080 3443 2214 3496; x_wconf 87' lang='lat' dir='ltr'><strong>tutis</strong></span> <span class='ocrx_word' id='word_1_524' title='bbox 2247 3442 2395 3505; x_wconf 89' lang='lat' dir='ltr'><strong>fuco,</strong></span> <span class='ocrx_word' id='word_1_525' title='bbox 2436 3457 2546 3496; x_wconf 90' lang='lat' dir='ltr'><strong>non</strong></span> <span class='ocrx_word' id='word_1_526' title='bbox 2594 3441 2713 3510; x_wconf 87' lang='lat' dir='ltr'><strong>ipsa</strong></span> <span class='ocrx_word' id='word_1_527' title='bbox 2744 3455 2801 3495; x_wconf 91' lang='lat' dir='ltr'><strong>re</strong></span> <span class='ocrx_word' id='word_1_528' title='bbox 2849 3441 3195 3494; x_wconf 84' lang='lat' dir='ltr'><strong>honestatem</strong></span> <span class='ocrx_word' id='word_1_529' title='bbox 3257 3440 3513 3496; x_wconf 88' lang='lat' dir='ltr'><strong>habens:</strong></span> <span class='ocrx_word' id='word_1_530' title='bbox 3565 3451 3662 3495; x_wconf 91' lang='lat' dir='ltr'><strong>aut</strong></span> 
     </span>
    </p>
   </div>
   <div class='ocr_carea' id='block_1_79' title="bbox 2071 3529 3655 3606">
    <p class='ocr_par' dir='ltr' id='par_1_79' title="bbox 2071 3529 3655 3606">
     <span class='ocr_line' id='line_1_79' title="bbox 2071 3529 3655 3606; baseline -0.002 -18"><span class='ocrx_word' id='word_1_531' title='bbox 2071 3533 2302 3606; x_wconf 74' lang='lat' dir='ltr'><strong>justitize</strong></span> <span class='ocrx_word' id='word_1_532' title='bbox 2333 3532 2613 3588; x_wconf 78' lang='lat' dir='ltr'><strong>simulatio</strong></span> <span class='ocrx_word' id='word_1_533' title='bbox 2644 3573 2659 3597; x_wconf 92' lang='lat'><strong>,</strong></span> <span class='ocrx_word' id='word_1_534' title='bbox 2700 3547 2821 3601; x_wconf 78' lang='lat' dir='ltr'><strong>quae</strong></span> <span class='ocrx_word' id='word_1_535' title='bbox 2870 3533 2986 3604; x_wconf 88' lang='lat' dir='ltr'><strong>sola</strong></span> <span class='ocrx_word' id='word_1_536' title='bbox 3017 3529 3343 3603; x_wconf 88' lang='lat' dir='ltr'><strong>apparentia</strong></span> <span class='ocrx_word' id='word_1_537' title='bbox 3393 3540 3612 3585; x_wconf 83' lang='lat' dir='ltr'><strong>constet</strong></span> <span class='ocrx_word' id='word_1_538' title='bbox 3642 3549 3655 3594; x_wconf 87' lang='lat'><strong>;</strong></span> 
     </span>
    </p>
   </div>
   <div class='ocr_carea' id='block_1_80' title="bbox 2079 3622 3661 3693">
    <p class='ocr_par' dir='ltr' id='par_1_80' title="bbox 2079 3622 3661 3693">
     <span class='ocr_line' id='line_1_80' title="bbox 2079 3622 3661 3693; baseline -0.001 -13"><span class='ocrx_word' id='word_1_539' title='bbox 2079 3634 2171 3680; x_wconf 86' lang='lat' dir='ltr'><strong>aut</strong></span> <span class='ocrx_word' id='word_1_540' title='bbox 2194 3640 2374 3688; x_wconf 88' lang='lat' dir='ltr'><strong>error,</strong></span> <span class='ocrx_word' id='word_1_541' title='bbox 2396 3624 2646 3678; x_wconf 80' lang='lat' dir='ltr'><strong>veritatis</strong></span> <span class='ocrx_word' id='word_1_542' title='bbox 2666 3623 2898 3678; x_wconf 89' lang='lat' dir='ltr'><strong>formam</strong></span> <span class='ocrx_word' id='word_1_543' title='bbox 2930 3623 3178 3688; x_wconf 90' lang='lat' dir='ltr'><strong>habens;</strong></span> <span class='ocrx_word' id='word_1_544' title='bbox 3207 3637 3372 3693; x_wconf 90' lang='lat' dir='ltr'><strong>quam</strong></span> <span class='ocrx_word' id='word_1_545' title='bbox 3407 3622 3444 3677; x_wconf 92' lang='lat' dir='ltr'><strong>ii</strong></span> <span class='ocrx_word' id='word_1_546' title='bbox 3470 3623 3661 3678; x_wconf 83' lang='lat' dir='ltr'><strong>colunt</strong></span> 
     </span>
    </p>
   </div>
   <div class='ocr_carea' id='block_1_81' title="bbox 2080 3716 3662 3788">
    <p class='ocr_par' dir='ltr' id='par_1_81' title="bbox 2080 3716 3662 3788">
     <span class='ocr_line' id='line_1_81' title="bbox 2080 3716 3662 3788; baseline -0.001 -16"><span class='ocrx_word' id='word_1_547' title='bbox 2080 3733 2243 3788; x_wconf 86' lang='lat' dir='ltr'><strong>atque</strong></span> <span class='ocrx_word' id='word_1_548' title='bbox 2285 3725 2590 3782; x_wconf 82' lang='lat' dir='ltr'><strong>sectantur,</strong></span> <span class='ocrx_word' id='word_1_549' title='bbox 2641 3716 2736 3788; x_wconf 91' lang='lat' dir='ltr'><strong>qui</strong></span> <span class='ocrx_word' id='word_1_550' title='bbox 2785 3731 3002 3770; x_wconf 89' lang='lat' dir='ltr'><strong>morum</strong></span> <span class='ocrx_word' id='word_1_551' title='bbox 3037 3716 3307 3786; x_wconf 89' lang='lat' dir='ltr'><strong>pravitate</strong></span> <span class='ocrx_word' id='word_1_552' title='bbox 3345 3724 3662 3786; x_wconf 87' lang='lat' dir='ltr'><strong>serpentem</strong></span> 
     </span>
    </p>
   </div>
   <div class='ocr_carea' id='block_1_82' title="bbox 2082 3809 2395 3863">
    <p class='ocr_par' dir='ltr' id='par_1_82' title="bbox 2082 3809 2395 3863">
     <span class='ocr_line' id='line_1_82' title="bbox 2082 3809 2395 3863; baseline -0.003 0"><span class='ocrx_word' id='word_1_553' title='bbox 2082 3809 2395 3863; x_wconf 87' lang='lat' dir='ltr'><strong>imitantur.</strong></span> 
     </span>
    </p>
   </div>
   <div class='ocr_carea' id='block_1_83' title="bbox 2153 3898 3666 3967">
    <p class='ocr_par' dir='ltr' id='par_1_83' title="bbox 2153 3898 3666 3967">
     <span class='ocr_line' id='line_1_83' title="bbox 2153 3898 3666 3967; baseline -0.003 -11"><span class='ocrx_word' id='word_1_554' title='bbox 2153 3901 2240 3956; x_wconf 92' lang='lat'><strong>68.</strong></span> <span class='ocrx_word' id='word_1_555' title='bbox 2300 3902 2444 3954; x_wconf 85' lang='lat' dir='ltr'><strong>Deus</strong></span> <span class='ocrx_word' id='word_1_556' title='bbox 2493 3916 2681 3954; x_wconf 82' lang='lat' dir='ltr'><strong>rerum</strong></span> <span class='ocrx_word' id='word_1_557' title='bbox 2721 3909 2916 3955; x_wconf 87' lang='lat' dir='ltr'><strong>auctor</strong></span> <span class='ocrx_word' id='word_1_558' title='bbox 2976 3907 3080 3960; x_wconf 87' lang='lat' dir='ltr'><strong>est.</strong></span> <span class='ocrx_word' id='word_1_559' title='bbox 3125 3915 3190 3954; x_wconf 88' lang='lat' dir='ltr'><strong>ac</strong></span> <span class='ocrx_word' id='word_1_560' title='bbox 3232 3898 3505 3953; x_wconf 87' lang='lat' dir='ltr'><strong>bonorum</strong></span> <span class='ocrx_word' id='word_1_561' title='bbox 3542 3913 3666 3967; x_wconf 70' lang='lat' dir='ltr'><strong>qum</strong></span> 
     </span>
    </p>
   </div>
   <div class='ocr_carea' id='block_1_84' title="bbox 2084 3988 3669 4060">
    <p class='ocr_par' dir='ltr' id='par_1_84' title="bbox 2084 3988 3669 4060">
     <span class='ocr_line' id='line_1_84' title="bbox 2084 3988 3669 4060; baseline -0.003 -15"><span class='ocrx_word' id='word_1_562' title='bbox 2084 3990 2253 4045; x_wconf 87' lang='lat' dir='ltr'><strong>rebus</strong></span> <span class='ocrx_word' id='word_1_563' title='bbox 2280 3989 2492 4042; x_wconf 89' lang='lat' dir='ltr'><strong>insunt.</strong></span> <span class='ocrx_word' id='word_1_564' title='bbox 2526 3988 2576 4041; x_wconf 86' lang='lat' dir='ltr'><strong>ls</strong></span> <span class='ocrx_word' id='word_1_565' title='bbox 2606 3989 2814 4058; x_wconf 89' lang='lat' dir='ltr'><strong>itaque,</strong></span> <span class='ocrx_word' id='word_1_566' title='bbox 2866 3990 2960 4060; x_wconf 89' lang='lat' dir='ltr'><strong>qui</strong></span> <span class='ocrx_word' id='word_1_567' title='bbox 2999 3989 3225 4044; x_wconf 81' lang='lat' dir='ltr'><strong>virtutis</strong></span> <span class='ocrx_word' id='word_1_568' title='bbox 3269 3997 3366 4044; x_wconf 90' lang='lat' dir='ltr'><strong>aut</strong></span> <span class='ocrx_word' id='word_1_569' title='bbox 3418 3989 3669 4044; x_wconf 79' lang='lat' dir='ltr'><strong>scientia:</strong></span> 
     </span>
    </p>
   </div>
   <div class='ocr_carea' id='block_1_85' title="bbox 2084 4080 3666 4151">
    <p class='ocr_par' dir='ltr' id='par_1_85' title="bbox 2084 4080 3666 4151">
     <span class='ocr_line' id='line_1_85' title="bbox 2084 4080 3666 4151; baseline -0.002 -15"><span class='ocrx_word' id='word_1_570' title='bbox 2084 4082 2306 4136; x_wconf 88' lang='lat' dir='ltr'><strong>nomine</strong></span> <span class='ocrx_word' id='word_1_571' title='bbox 2332 4080 2638 4146; x_wconf 80' lang='lat' dir='ltr'><strong>extollitur,</strong></span> <span class='ocrx_word' id='word_1_572' title='bbox 2674 4095 2778 4136; x_wconf 92' lang='lat' dir='ltr'><strong>nec</strong></span> <span class='ocrx_word' id='word_1_573' title='bbox 2822 4097 2921 4151; x_wconf 87' lang='lat' dir='ltr'><strong>pro</strong></span> <span class='ocrx_word' id='word_1_574' title='bbox 2950 4081 3112 4135; x_wconf 87' lang='lat' dir='ltr'><strong>modo</strong></span> <span class='ocrx_word' id='word_1_575' title='bbox 3153 4080 3378 4134; x_wconf 85' lang='lat' dir='ltr'><strong>virtutis</strong></span> <span class='ocrx_word' id='word_1_576' title='bbox 3414 4095 3508 4135; x_wconf 91' lang='lat' dir='ltr'><strong>seu</strong></span> <span class='ocrx_word' id='word_1_577' title='bbox 3535 4095 3666 4149; x_wconf 53' lang='lat' dir='ltr'><strong>pro-</strong></span> 
     </span>
    </p>
   </div>
   <div class='ocr_carea' id='block_1_86' title="bbox 2084 4170 3669 4243">
    <p class='ocr_par' dir='ltr' id='par_1_86' title="bbox 2084 4170 3669 4243">
     <span class='ocr_line' id='line_1_86' title="bbox 2084 4170 3669 4243; baseline -0.004 -16"><span class='ocrx_word' id='word_1_578' title='bbox 2084 4172 2280 4237; x_wconf 86' lang='lat' dir='ltr'><strong>fectus,</strong></span> <span class='ocrx_word' id='word_1_579' title='bbox 2327 4180 2617 4242; x_wconf 65' lang='lat' dir='ltr'><strong>prtestante</strong></span> <span class='ocrx_word' id='word_1_580' title='bbox 2647 4171 2842 4243; x_wconf 85' lang='lat' dir='ltr'><strong>gratia,</strong></span> <span class='ocrx_word' id='word_1_581' title='bbox 2897 4171 3233 4227; x_wconf 85' lang='lat' dir='ltr'><strong>infirmitatis</strong></span> <span class='ocrx_word' id='word_1_582' title='bbox 3271 4186 3383 4226; x_wconf 74' lang='lat' dir='ltr'><strong>sua:</strong></span> <span class='ocrx_word' id='word_1_583' title='bbox 3419 4170 3669 4226; x_wconf 83' lang='lat' dir='ltr'><strong>modesto</strong></span> 
     </span>
    </p>
   </div>
   <div class='ocr_carea' id='block_1_87' title="bbox 2085 4263 3671 4333">
    <p class='ocr_par' dir='ltr' id='par_1_87' title="bbox 2085 4263 3671 4333">
     <span class='ocr_line' id='line_1_87' title="bbox 2085 4263 3671 4333; baseline 0 -16"><span class='ocrx_word' id='word_1_584' title='bbox 2085 4279 2249 4317; x_wconf 91' lang='lat' dir='ltr'><strong>sensu</strong></span> <span class='ocrx_word' id='word_1_585' title='bbox 2285 4263 2623 4332; x_wconf 79' lang='lat' dir='ltr'><strong>agnitionem</strong></span> <span class='ocrx_word' id='word_1_586' title='bbox 2658 4264 2894 4317; x_wconf 88' lang='lat' dir='ltr'><strong>intendit</strong></span> <span class='ocrx_word' id='word_1_587' title='bbox 2922 4304 2936 4326; x_wconf 92' lang='lat'><strong>,</strong></span> <span class='ocrx_word' id='word_1_588' title='bbox 2998 4264 3272 4333; x_wconf 70' lang='lat' dir='ltr'><strong>superbia:</strong></span> <span class='ocrx_word' id='word_1_589' title='bbox 3318 4264 3525 4318; x_wconf 91' lang='lat' dir='ltr'><strong>malum</strong></span> <span class='ocrx_word' id='word_1_590' title='bbox 3557 4280 3671 4318; x_wconf 90' lang='lat' dir='ltr'><strong>non</strong></span> 
     </span>
    </p>
   </div>
   <div class='ocr_carea' id='block_1_88' title="bbox 2087 4354 3672 4427">
    <p class='ocr_par' dir='ltr' id='par_1_88' title="bbox 2087 4354 3672 4427">
     <span class='ocr_line' id='line_1_88' title="bbox 2087 4354 3672 4427; baseline 0 -20"><span class='ocrx_word' id='word_1_591' title='bbox 2087 4354 2300 4424; x_wconf 79' lang='lat' dir='ltr'><strong>effugit.</strong></span> <span class='ocrx_word' id='word_1_592' title='bbox 2327 4354 2430 4420; x_wconf 86' lang='lat' dir='ltr'><strong>Qui</strong></span> <span class='ocrx_word' id='word_1_593' title='bbox 2456 4370 2609 4410; x_wconf 86' lang='lat' dir='ltr'><strong>vero.</strong></span> <span class='ocrx_word' id='word_1_594' title='bbox 2636 4356 2872 4426; x_wconf 77' lang='lat' dir='ltr'><strong>propriae</strong></span> <span class='ocrx_word' id='word_1_595' title='bbox 2898 4355 3087 4427; x_wconf 69' lang='lat' dir='ltr'><strong>gloriae</strong></span> <span class='ocrx_word' id='word_1_596' title='bbox 3107 4371 3273 4410; x_wconf 86' lang='lat' dir='ltr'><strong>causa</strong></span> <span class='ocrx_word' id='word_1_597' title='bbox 3321 4355 3672 4410; x_wconf 80' lang='lat' dir='ltr'><strong>honestatem</strong></span> 
     </span>
    </p>
   </div>
   <div class='ocr_carea' id='block_1_89' title="bbox 2089 4443 3669 4516">
    <p class='ocr_par' dir='ltr' id='par_1_89' title="bbox 2089 4443 3669 4516">
     <span class='ocr_line' id='line_1_89' title="bbox 2089 4443 3669 4516; baseline -0.002 -18"><span class='ocrx_word' id='word_1_598' title='bbox 2089 4445 2240 4507; x_wconf 86' lang='lat' dir='ltr'><strong>colit,</strong></span> <span class='ocrx_word' id='word_1_599' title='bbox 2299 4445 2414 4513; x_wconf 86' lang='lat' dir='ltr'><strong>ipse</strong></span> <span class='ocrx_word' id='word_1_600' title='bbox 2459 4460 2518 4498; x_wconf 92' lang='lat' dir='ltr'><strong>se</strong></span> <span class='ocrx_word' id='word_1_601' title='bbox 2568 4445 2704 4508; x_wconf 88' lang='lat' dir='ltr'><strong>Deo,</strong></span> <span class='ocrx_word' id='word_1_602' title='bbox 2753 4445 2932 4499; x_wconf 89' lang='lat' dir='ltr'><strong>inanis</strong></span> <span class='ocrx_word' id='word_1_603' title='bbox 2967 4445 3154 4516; x_wconf 72' lang='lat' dir='ltr'><strong>glorize</strong></span> <span class='ocrx_word' id='word_1_604' title='bbox 3204 4445 3361 4500; x_wconf 86' lang='lat' dir='ltr'><strong>clavo</strong></span> <span class='ocrx_word' id='word_1_605' title='bbox 3399 4443 3669 4505; x_wconf 78' lang='lat' dir='ltr'><strong>confixus,</strong></span> 
     </span>
    </p>
   </div>
   <div class='ocr_carea' id='block_1_90' title="bbox 401 4517 1973 4613">
    <p class='ocr_par' dir='ltr' id='par_1_90' title="bbox 401 4517 1973 4595">
     <span class='ocr_line' id='line_1_90' title="bbox 401 4517 1973 4595; baseline -0.006 -17"><span class='ocrx_word' id='word_1_606' title='bbox 401 4524 486 4595; x_wconf 81' lang='grc' dir='ltr'><strong>τῷ</strong></span> <span class='ocrx_word' id='word_1_607' title='bbox 514 4525 611 4595; x_wconf 84' lang='grc' dir='ltr'>τῆς</span> <span class='ocrx_word' id='word_1_608' title='bbox 641 4524 948 4589; x_wconf 78' lang='grc' dir='ltr'>κενοδοξίας</span> <span class='ocrx_word' id='word_1_609' title='bbox 979 4522 1094 4592; x_wconf 75' lang='grc' dir='ltr'><strong>ἥλῳ</strong></span> <span class='ocrx_word' id='word_1_610' title='bbox 1149 4521 1502 4591; x_wconf 87' lang='grc' dir='ltr'>περιπαρείς.</span> <span class='ocrx_word' id='word_1_611' title='bbox 1548 4520 1608 4572; x_wconf 88' lang='lat'><strong>&#39;0</strong></span> <span class='ocrx_word' id='word_1_612' title='bbox 1655 4519 1712 4571; x_wconf 77' lang='grc' dir='ltr'>δὲ</span> <span class='ocrx_word' id='word_1_613' title='bbox 1761 4520 1898 4588; x_wconf 65' lang='grc' dir='ltr'>πρὸς</span> <span class='ocrx_word' id='word_1_614' title='bbox 1928 4517 1973 4570; x_wconf 80' lang='grc' dir='ltr'><strong>τί</strong></span> 
     </span>
    </p>
   </div>
   <div class='ocr_carea' id='block_1_91' title="bbox 2085 4517 3675 4613">
    <p class='ocr_par' dir='ltr' id='par_1_91' title="bbox 2091 4535 3675 4603">
     <span class='ocr_line' id='line_1_91' title="bbox 2091 4535 3675 4603; baseline 0 -15"><span class='ocrx_word' id='word_1_615' title='bbox 2091 4536 2426 4603; x_wconf 88' lang='lat' dir='ltr'><strong>anteposuit.</strong></span> <span class='ocrx_word' id='word_1_616' title='bbox 2465 4535 2570 4602; x_wconf 87' lang='lat' dir='ltr'><strong>Qui</strong></span> <span class='ocrx_word' id='word_1_617' title='bbox 2610 4545 2792 4590; x_wconf 88' lang='lat' dir='ltr'><strong>autem</strong></span> <span class='ocrx_word' id='word_1_618' title='bbox 2825 4546 2885 4591; x_wconf 88' lang='lat' dir='ltr'><strong>ut</strong></span> <span class='ocrx_word' id='word_1_619' title='bbox 2925 4537 2992 4590; x_wconf 85' lang='lat' dir='ltr'><strong>ab</strong></span> <span class='ocrx_word' id='word_1_620' title='bbox 3044 4536 3365 4592; x_wconf 90' lang='lat' dir='ltr'><strong>hominibus</strong></span> <span class='ocrx_word' id='word_1_621' title='bbox 3417 4537 3675 4590; x_wconf 83' lang='lat' dir='ltr'><strong>videalur</strong></span> 
     </span>
    </p>
   </div>
   <div class='ocr_carea' id='block_1_92' title="bbox 406 4608 1984 4684">
    <p class='ocr_par' dir='ltr' id='par_1_92' title="bbox 406 4608 1984 4684">
     <span class='ocr_line' id='line_1_92' title="bbox 406 4608 1984 4684; baseline -0.004 -17"><span class='ocrx_word' id='word_1_622' title='bbox 406 4613 672 4684; x_wconf 82' lang='grc' dir='ltr'>θεαθῆναι</span> <span class='ocrx_word' id='word_1_623' title='bbox 719 4614 829 4675; x_wconf 84' lang='grc' dir='ltr'>τοῖς</span> <span class='ocrx_word' id='word_1_624' title='bbox 862 4610 1196 4682; x_wconf 82' lang='grc' dir='ltr'>ἀνθρώποις,</span> <span class='ocrx_word' id='word_1_625' title='bbox 1253 4611 1426 4664; x_wconf 86' lang='grc' dir='ltr'>ποιῶν</span> <span class='ocrx_word' id='word_1_626' title='bbox 1467 4611 1499 4680; x_wconf 83' lang='grc' dir='ltr'><strong>ἢ</strong></span> <span class='ocrx_word' id='word_1_627' title='bbox 1553 4609 1732 4663; x_wconf 89' lang='grc' dir='ltr'>λαλῶν</span> <span class='ocrx_word' id='word_1_628' title='bbox 1782 4611 1856 4679; x_wconf 84' lang='grc' dir='ltr'><strong>(Ιι)</strong></span> <span class='ocrx_word' id='word_1_629' title='bbox 1883 4608 1984 4678; x_wconf 76' lang='grc' dir='ltr'>τὴν</span> 
     </span>
    </p>
   </div>
   <div class='ocr_carea' id='block_1_93' title="bbox 407 4701 1986 4778">
    <p class='ocr_par' dir='ltr' id='par_1_93' title="bbox 407 4701 1986 4778">
     <span class='ocr_line' id='line_1_93' title="bbox 407 4701 1986 4778; baseline -0.004 -19"><span class='ocrx_word' id='word_1_630' title='bbox 407 4706 640 4778; x_wconf 81' lang='grc' dir='ltr'>ἀρετὴν,</span> <span class='ocrx_word' id='word_1_631' title='bbox 661 4705 762 4775; x_wconf 76' lang='grc' dir='ltr'>τῆς</span> <span class='ocrx_word' id='word_1_632' title='bbox 795 4704 945 4767; x_wconf 89' lang='grc' dir='ltr'>θείας</span> <span class='ocrx_word' id='word_1_633' title='bbox 973 4703 1154 4774; x_wconf 84' lang='grc' dir='ltr'>πολλῷ</span> <span class='ocrx_word' id='word_1_634' title='bbox 1183 4704 1281 4774; x_wconf 79' lang='grc' dir='ltr'>τὴν</span> <span class='ocrx_word' id='word_1_635' title='bbox 1315 4703 1665 4774; x_wconf 85' lang='grc' dir='ltr'>ἀνθρωπίνην</span> <span class='ocrx_word' id='word_1_636' title='bbox 1712 4701 1986 4771; x_wconf 86' lang='grc' dir='ltr'>ἀποδοχὴν</span> 
     </span>
    </p>
   </div>
   <div class='ocr_carea' id='block_1_94' title="bbox 408 4795 1987 4869">
    <p class='ocr_par' dir='ltr' id='par_1_94' title="bbox 408 4795 1987 4869">
     <span class='ocr_line' id='line_1_94' title="bbox 408 4795 1987 4869; baseline -0.003 -17"><span class='ocrx_word' id='word_1_637' title='bbox 408 4799 741 4869; x_wconf 83' lang='grc' dir='ltr'>ὑπερέθηκε,</span> <span class='ocrx_word' id='word_1_638' title='bbox 799 4797 879 4868; x_wconf 86' lang='grc' dir='ltr'>τῷ</span> <span class='ocrx_word' id='word_1_639' title='bbox 924 4797 1024 4866; x_wconf 82' lang='grc' dir='ltr'><strong>τῆς</strong></span> <span class='ocrx_word' id='word_1_640' title='bbox 1070 4796 1598 4867; x_wconf 86' lang='grc' dir='ltr'>ἀνθρωπαρεσκείας</span> <span class='ocrx_word' id='word_1_641' title='bbox 1632 4795 1795 4848; x_wconf 88' lang='grc' dir='ltr'>πάθει</span> <span class='ocrx_word' id='word_1_642' title='bbox 1824 4811 1987 4863; x_wconf 86' lang='grc' dir='ltr'>νοση-</span> 
     </span>
    </p>
   </div>
   <div class='ocr_carea' id='block_1_95' title="bbox 408 4886 1988 4960">
    <p class='ocr_par' dir='ltr' id='par_1_95' title="bbox 408 4886 1988 4960">
     <span class='ocr_line' id='line_1_95' title="bbox 408 4886 1988 4960; baseline -0.004 -17"><span class='ocrx_word' id='word_1_643' title='bbox 408 4891 736 4960; x_wconf 73' lang='grc' dir='ltr'>λευόμενοςο</span> <span class='ocrx_word' id='word_1_644' title='bbox 776 4892 805 4942; x_wconf 85' lang='lat'><strong>6</strong></span> <span class='ocrx_word' id='word_1_645' title='bbox 859 4889 915 4941; x_wconf 87' lang='grc' dir='ltr'>δὲ</span> <span class='ocrx_word' id='word_1_646' title='bbox 971 4889 1131 4959; x_wconf 84' lang='grc' dir='ltr'>μόνον</span> <span class='ocrx_word' id='word_1_647' title='bbox 1161 4889 1228 4958; x_wconf 82' lang='grc' dir='ltr'>τῇ</span> <span class='ocrx_word' id='word_1_648' title='bbox 1279 4888 1398 4940; x_wconf 83' lang='grc' dir='ltr'>κατ’</span> <span class='ocrx_word' id='word_1_649' title='bbox 1446 4886 1646 4958; x_wconf 82' lang='grc' dir='ltr'>ἀρετὴν</span> <span class='ocrx_word' id='word_1_650' title='bbox 1695 4887 1988 4956; x_wconf 78' lang='grc' dir='ltr'>σεμνότητι</span> 
     </span>
    </p>
   </div>
   <div class='ocr_carea' id='block_1_96' title="bbox 406 4976 1989 5052">
    <p class='ocr_par' dir='ltr' id='par_1_96' title="bbox 406 4976 1989 5052">
     <span class='ocr_line' id='line_1_96' title="bbox 406 4976 1989 5052; baseline -0.004 -18"><span class='ocrx_word' id='word_1_651' title='bbox 406 4983 550 5052; x_wconf 76' lang='grc' dir='ltr'>πρὸς</span> <span class='ocrx_word' id='word_1_652' title='bbox 582 4982 798 5051; x_wconf 84' lang='grc' dir='ltr'>ἀπάτην</span> <span class='ocrx_word' id='word_1_653' title='bbox 829 4979 1150 5049; x_wconf 79' lang='grc' dir='ltr'>κακούργως</span> <span class='ocrx_word' id='word_1_654' title='bbox 1178 4977 1493 5048; x_wconf 82' lang='grc' dir='ltr'>ἐπιχρώσας</span> <span class='ocrx_word' id='word_1_655' title='bbox 1523 4979 1592 5030; x_wconf 78' lang='grc' dir='ltr'><strong>τα</strong></span> <span class='ocrx_word' id='word_1_656' title='bbox 1616 4977 1745 5048; x_wconf 72' lang='grc' dir='ltr'>ἤθη,</span> <span class='ocrx_word' id='word_1_657' title='bbox 1775 4980 1868 5030; x_wconf 77' lang='grc' dir='ltr'><strong>καὶ</strong></span> <span class='ocrx_word' id='word_1_658' title='bbox 1890 4976 1989 5048; x_wconf 80' lang='grc' dir='ltr'>τὴν</span> 
     </span>
    </p>
   </div>
   <div class='ocr_carea' id='block_1_97' title="bbox 411 5070 1994 5145">
    <p class='ocr_par' dir='ltr' id='par_1_97' title="bbox 411 5070 1994 5145">
     <span class='ocr_line' id='line_1_97' title="bbox 411 5070 1994 5145; baseline -0.006 -17"><span class='ocrx_word' id='word_1_659' title='bbox 411 5074 659 5145; x_wconf 69' lang='grc' dir='ltr'>πονηράν</span> <span class='ocrx_word' id='word_1_660' title='bbox 690 5073 790 5144; x_wconf 86' lang='grc' dir='ltr'>τῆς</span> <span class='ocrx_word' id='word_1_661' title='bbox 821 5071 1049 5143; x_wconf 77' lang='grc' dir='ltr'>γνώμης</span> <span class='ocrx_word' id='word_1_662' title='bbox 1095 5071 1335 5125; x_wconf 85' lang='grc' dir='ltr'>διάθεσιν</span> <span class='ocrx_word' id='word_1_663' title='bbox 1368 5070 1447 5139; x_wconf 82' lang='grc' dir='ltr'><strong>τῷ</strong></span> <span class='ocrx_word' id='word_1_664' title='bbox 1499 5071 1812 5138; x_wconf 83' lang='grc' dir='ltr'>φαινομένῳ</span> <span class='ocrx_word' id='word_1_665' title='bbox 1862 5071 1994 5138; x_wconf 69' lang='grc' dir='ltr'>σχηο</span> 
     </span>
    </p>
   </div>
   <div class='ocr_carea' id='block_1_98' title="bbox 413 5162 1994 5240">
    <p class='ocr_par' dir='ltr' id='par_1_98' title="bbox 413 5162 1994 5240">
     <span class='ocr_line' id='line_1_98' title="bbox 413 5162 1994 5240; baseline -0.006 -18"><span class='ocrx_word' id='word_1_666' title='bbox 413 5186 552 5240; x_wconf 81' lang='grc' dir='ltr'>ματι</span> <span class='ocrx_word' id='word_1_667' title='bbox 583 5166 877 5220; x_wconf 86' lang='grc' dir='ltr'>καλύπτων</span> <span class='ocrx_word' id='word_1_668' title='bbox 911 5167 1010 5235; x_wconf 84' lang='grc' dir='ltr'>τῆς</span> <span class='ocrx_word' id='word_1_669' title='bbox 1043 5165 1351 5228; x_wconf 78' lang='grc' dir='ltr'>εὐλαϐείας,</span> <span class='ocrx_word' id='word_1_670' title='bbox 1400 5163 1478 5233; x_wconf 81' lang='grc' dir='ltr'><strong>τῷ</strong></span> <span class='ocrx_word' id='word_1_671' title='bbox 1525 5162 1625 5231; x_wconf 81' lang='grc' dir='ltr'>τῆς</span> <span class='ocrx_word' id='word_1_672' title='bbox 1651 5163 1994 5234; x_wconf 84' lang='grc' dir='ltr'>ὑποκρίσεως</span> 
     </span>
    </p>
   </div>
   <div class='ocr_carea' id='block_1_99' title="bbox 409 5255 1991 5331">
    <p class='ocr_par' dir='ltr' id='par_1_99' title="bbox 409 5255 1991 5331">
     <span class='ocr_line' id='line_1_99' title="bbox 409 5255 1991 5331; baseline -0.007 -13"><span class='ocrx_word' id='word_1_673' title='bbox 409 5264 696 5330; x_wconf 78' lang='grc' dir='ltr'>ὲξωνεῐται</span> <span class='ocrx_word' id='word_1_674' title='bbox 725 5261 863 5330; x_wconf 86' lang='grc' dir='ltr'>δόλῳ</span> <span class='ocrx_word' id='word_1_675' title='bbox 900 5261 998 5330; x_wconf 81' lang='grc' dir='ltr'><strong>τὴν</strong></span> <span class='ocrx_word' id='word_1_676' title='bbox 1021 5261 1241 5331; x_wconf 82' lang='grc' dir='ltr'>ἀρετήν.</span> <span class='ocrx_word' id='word_1_677' title='bbox 1278 5258 1488 5312; x_wconf 75' lang='grc' dir='ltr'>Οὐκοῦν</span> <span class='ocrx_word' id='word_1_678' title='bbox 1538 5259 1565 5310; x_wconf 87' lang='grc' dir='ltr'>ὁ</span> <span class='ocrx_word' id='word_1_679' title='bbox 1610 5257 1870 5319; x_wconf 74' lang='grc' dir='ltr'>τοιοῦτος,</span> <span class='ocrx_word' id='word_1_680' title='bbox 1903 5255 1991 5308; x_wconf 79' lang='grc' dir='ltr'><strong>ἐπ’</strong></span> 
     </span>
    </p>
   </div>
   <div class='ocr_carea' id='block_1_100' title="bbox 411 5347 1994 5425">
    <p class='ocr_par' dir='ltr' id='par_1_100' title="bbox 411 5347 1994 5425">
     <span class='ocr_line' id='line_1_100' title="bbox 411 5347 1994 5425; baseline -0.006 -16"><span class='ocrx_word' id='word_1_681' title='bbox 411 5355 554 5410; x_wconf 83' lang='grc' dir='ltr'>ἄλλα</span> <span class='ocrx_word' id='word_1_682' title='bbox 588 5354 737 5425; x_wconf 71' lang='grc' dir='ltr'>παρὰ</span> <span class='ocrx_word' id='word_1_683' title='bbox 761 5352 857 5425; x_wconf 83' lang='grc' dir='ltr'><strong>τὴν</strong></span> <span class='ocrx_word' id='word_1_684' title='bbox 890 5352 1068 5405; x_wconf 85' lang='grc' dir='ltr'>αἰτίαν</span> <span class='ocrx_word' id='word_1_685' title='bbox 1114 5352 1346 5404; x_wconf 79' lang='grc' dir='ltr'>ἑκάστου</span> <span class='ocrx_word' id='word_1_686' title='bbox 1383 5349 1588 5402; x_wconf 86' lang='grc' dir='ltr'>τούτων</span> <span class='ocrx_word' id='word_1_687' title='bbox 1617 5349 1870 5418; x_wconf 76' lang='grc' dir='ltr'>ἀπήγαγε</span> <span class='ocrx_word' id='word_1_688' title='bbox 1903 5347 1994 5400; x_wconf 81' lang='grc' dir='ltr'><strong>τὸν</strong></span> 
     </span>
    </p>
   </div>
   <div class='ocr_carea' id='block_1_101' title="bbox 416 5449 643 5500">
    <p class='ocr_par' dir='ltr' id='par_1_101' title="bbox 416 5449 643 5500">
     <span class='ocr_line' id='line_1_101' title="bbox 416 5449 643 5500; baseline -0.009 0"><span class='ocrx_word' id='word_1_689' title='bbox 416 5449 643 5500; x_wconf 82' lang='grc' dir='ltr'>σκοπόν.</span> 
     </span>
    </p>
   </div>
   <div class='ocr_carea' id='block_1_102' title="bbox 491 5531 1994 5606">
    <p class='ocr_par' dir='ltr' id='par_1_102' title="bbox 491 5531 1994 5606">
     <span class='ocr_line' id='line_1_102' title="bbox 491 5531 1994 5606; baseline -0.005 -14"><span class='ocrx_word' id='word_1_690' title='bbox 491 5539 590 5605; x_wconf 79' lang='grc' dir='ltr'>ξθ’.</span> <span class='ocrx_word' id='word_1_691' title='bbox 620 5542 633 5559; x_wconf 88' lang='grc'>⁶</span> <span class='ocrx_word' id='word_1_692' title='bbox 665 5537 854 5599; x_wconf 60' lang='grc' dir='ltr'>Οὐδεὶς</span> <span class='ocrx_word' id='word_1_693' title='bbox 883 5535 989 5588; x_wconf 89' lang='grc' dir='ltr'><strong>τῶν</strong></span> <span class='ocrx_word' id='word_1_694' title='bbox 1017 5534 1268 5606; x_wconf 79' lang='grc' dir='ltr'>πονηρῶν</span> <span class='ocrx_word' id='word_1_695' title='bbox 1293 5533 1583 5604; x_wconf 80' lang='grc' dir='ltr'>δαιμόνων,</span> <span class='ocrx_word' id='word_1_696' title='bbox 1615 5532 1710 5584; x_wconf 80' lang='grc' dir='ltr'><strong>τοῦ</strong></span> <span class='ocrx_word' id='word_1_697' title='bbox 1741 5531 1994 5603; x_wconf 77' lang='grc' dir='ltr'>ἐναρέτου</span> 
     </span>
    </p>
   </div>
   <div class='ocr_carea' id='block_1_103' title="bbox 497 5652 1180 5721">
    <p class='ocr_par' dir='ltr' id='par_1_103' title="bbox 497 5652 1180 5721">
     <span class='ocr_line' id='line_1_103' title="bbox 497 5652 1180 5721; baseline -0.01 -9"><span class='ocrx_word' id='word_1_698' title='bbox 497 5659 514 5679; x_wconf 86' lang='grc'>⁹</span> <span class='ocrx_word' id='word_1_699' title='bbox 541 5656 624 5712; x_wconf 82' lang='lat' dir='ltr'><strong>Cf.</strong></span> <span class='ocrx_word' id='word_1_700' title='bbox 649 5657 715 5710; x_wconf 90' lang='lat' dir='ltr'><strong>ad</strong></span> <span class='ocrx_word' id='word_1_701' title='bbox 741 5656 985 5709; x_wconf 88' lang='lat' dir='ltr'><strong>Thalass.</strong></span> <span class='ocrx_word' id='word_1_702' title='bbox 1013 5669 1066 5721; x_wconf 91' lang='lat' dir='ltr'><strong>q.</strong></span> <span class='ocrx_word' id='word_1_703' title='bbox 1093 5652 1180 5706; x_wconf 84' lang='lat'>56.</span> 
     </span>
    </p>
   </div>
   <div class='ocr_carea' id='block_1_104' title="bbox 2091 4627 3672 4696">
    <p class='ocr_par' dir='ltr' id='par_1_104' title="bbox 2091 4627 3672 4696">
     <span class='ocr_line' id='line_1_104' title="bbox 2091 4627 3672 4696; baseline -0.002 -15"><span class='ocrx_word' id='word_1_704' title='bbox 2091 4635 2186 4681; x_wconf 92' lang='lat' dir='ltr'><strong>aut</strong></span> <span class='ocrx_word' id='word_1_705' title='bbox 2217 4627 2346 4682; x_wconf 85' lang='lat' dir='ltr'><strong>facit</strong></span> <span class='ocrx_word' id='word_1_706' title='bbox 2378 4643 2500 4696; x_wconf 74' lang='lat' dir='ltr'><strong>qua:</strong></span> <span class='ocrx_word' id='word_1_707' title='bbox 2527 4628 2750 4682; x_wconf 87' lang='lat' dir='ltr'><strong>virtutis</strong></span> <span class='ocrx_word' id='word_1_708' title='bbox 2783 4637 2928 4690; x_wconf 90' lang='lat' dir='ltr'><strong>sunt,</strong></span> <span class='ocrx_word' id='word_1_709' title='bbox 2965 4637 3060 4680; x_wconf 89' lang='lat' dir='ltr'><strong>aut</strong></span> <span class='ocrx_word' id='word_1_710' title='bbox 3087 4627 3335 4696; x_wconf 84' lang='lat' dir='ltr'><strong>loquitur</strong></span> <span class='ocrx_word' id='word_1_711' title='bbox 3359 4667 3372 4690; x_wconf 95' lang='lat'><strong>,</strong></span> <span class='ocrx_word' id='word_1_712' title='bbox 3421 4633 3672 4680; x_wconf 78' lang='lat' dir='ltr'><strong>assenta-</strong></span> 
     </span>
    </p>
   </div>
   <div class='ocr_carea' id='block_1_105' title="bbox 2093 4715 3677 4786">
    <p class='ocr_par' dir='ltr' id='par_1_105' title="bbox 2093 4715 3677 4786">
     <span class='ocr_line' id='line_1_105' title="bbox 2093 4715 3677 4786; baseline -0.004 -13"><span class='ocrx_word' id='word_1_713' title='bbox 2093 4717 2262 4773; x_wconf 90' lang='lat' dir='ltr'><strong>tionis</strong></span> <span class='ocrx_word' id='word_1_714' title='bbox 2285 4717 2478 4771; x_wconf 92' lang='lat' dir='ltr'><strong>morbo</strong></span> <span class='ocrx_word' id='word_1_715' title='bbox 2501 4717 2779 4782; x_wconf 88' lang='lat' dir='ltr'><strong>laborans,</strong></span> <span class='ocrx_word' id='word_1_716' title='bbox 2821 4717 2980 4786; x_wconf 81' lang='lat' dir='ltr'><strong>longe</strong></span> <span class='ocrx_word' id='word_1_717' title='bbox 3013 4717 3188 4784; x_wconf 77' lang='lat' dir='ltr'><strong>pluris</strong></span> <span class='ocrx_word' id='word_1_718' title='bbox 3216 4716 3382 4769; x_wconf 88' lang='lat' dir='ltr'><strong>habet</strong></span> <span class='ocrx_word' id='word_1_719' title='bbox 3415 4724 3474 4768; x_wconf 92' lang='lat' dir='ltr'><strong>ut</strong></span> <span class='ocrx_word' id='word_1_720' title='bbox 3496 4715 3677 4767; x_wconf 77' lang='lat' dir='ltr'><strong>homi-</strong></span> 
     </span>
    </p>
   </div>
   <div class='ocr_carea' id='block_1_106' title="bbox 2093 4805 3675 4879">
    <p class='ocr_par' dir='ltr' id='par_1_106' title="bbox 2093 4805 3675 4879">
     <span class='ocr_line' id='line_1_106' title="bbox 2093 4805 3675 4879; baseline -0.003 -15"><span class='ocrx_word' id='word_1_721' title='bbox 2093 4810 2280 4873; x_wconf 89' lang='lat' dir='ltr'><strong>nibus,</strong></span> <span class='ocrx_word' id='word_1_722' title='bbox 2339 4823 2505 4879; x_wconf 88' lang='lat' dir='ltr'><strong>quam</strong></span> <span class='ocrx_word' id='word_1_723' title='bbox 2533 4818 2596 4863; x_wconf 93' lang='lat' dir='ltr'><strong>ut</strong></span> <span class='ocrx_word' id='word_1_724' title='bbox 2643 4809 2758 4863; x_wconf 89' lang='lat' dir='ltr'><strong>Deo</strong></span> <span class='ocrx_word' id='word_1_725' title='bbox 2808 4809 3096 4878; x_wconf 88' lang='lat' dir='ltr'><strong>probetur.</strong></span> <span class='ocrx_word' id='word_1_726' title='bbox 3138 4806 3241 4873; x_wconf 84' lang='lat' dir='ltr'><strong>Qui</strong></span> <span class='ocrx_word' id='word_1_727' title='bbox 3281 4805 3521 4874; x_wconf 89' lang='lat' dir='ltr'><strong>denique</strong></span> <span class='ocrx_word' id='word_1_728' title='bbox 3558 4806 3675 4859; x_wconf 78' lang='lat' dir='ltr'><strong>sola</strong></span> 
     </span>
    </p>
   </div>
   <div class='ocr_carea' id='block_1_107' title="bbox 2094 4895 3680 4955">
    <p class='ocr_par' dir='ltr' id='par_1_107' title="bbox 2094 4895 3680 4955">
     <span class='ocr_line' id='line_1_107' title="bbox 2094 4895 3680 4955; baseline -0.003 -3"><span class='ocrx_word' id='word_1_729' title='bbox 2094 4899 2317 4953; x_wconf 86' lang='lat' dir='ltr'><strong>virtutis</strong></span> <span class='ocrx_word' id='word_1_730' title='bbox 2347 4899 2636 4954; x_wconf 85' lang='lat' dir='ltr'><strong>honestate</strong></span> <span class='ocrx_word' id='word_1_731' title='bbox 2665 4899 2733 4953; x_wconf 90' lang='lat' dir='ltr'><strong>ad</strong></span> <span class='ocrx_word' id='word_1_732' title='bbox 2766 4898 2953 4955; x_wconf 89' lang='lat' dir='ltr'><strong>fucum</strong></span> <span class='ocrx_word' id='word_1_733' title='bbox 2996 4896 3309 4950; x_wconf 87' lang='lat' dir='ltr'><strong>faciendum</strong></span> <span class='ocrx_word' id='word_1_734' title='bbox 3363 4895 3507 4949; x_wconf 84' lang='lat' dir='ltr'><strong>malo</strong></span> <span class='ocrx_word' id='word_1_735' title='bbox 3552 4904 3680 4947; x_wconf 76' lang='lat' dir='ltr'><strong>astu‘</strong></span> 
     </span>
    </p>
   </div>
   <div class='ocr_carea' id='block_1_108' title="bbox 2096 4985 3678 5060">
    <p class='ocr_par' dir='ltr' id='par_1_108' title="bbox 2096 4985 3678 5060">
     <span class='ocr_line' id='line_1_108' title="bbox 2096 4985 3678 5060; baseline -0.006 -17"><span class='ocrx_word' id='word_1_736' title='bbox 2096 4990 2534 5054; x_wconf 72' lang='lat' dir='ltr'><strong>mort-simbuit,</strong></span> <span class='ocrx_word' id='word_1_737' title='bbox 2566 5003 2900 5060; x_wconf 87' lang='lat' dir='ltr'><strong>pravamque</strong></span> <span class='ocrx_word' id='word_1_738' title='bbox 2929 4988 3098 5042; x_wconf 86' lang='lat' dir='ltr'><strong>animi</strong></span> <span class='ocrx_word' id='word_1_739' title='bbox 3148 4985 3496 5041; x_wconf 72' lang='lat' dir='ltr'><strong>affectionem</strong></span> <span class='ocrx_word' id='word_1_740' title='bbox 3542 5001 3678 5039; x_wconf 76' lang='lat' dir='ltr'><strong>eoi:-</strong></span> 
     </span>
    </p>
   </div>
   <div class='ocr_carea' id='block_1_109' title="bbox 2097 5080 3684 5154">
    <p class='ocr_par' dir='ltr' id='par_1_109' title="bbox 2097 5080 3684 5154">
     <span class='ocr_line' id='line_1_109' title="bbox 2097 5080 3684 5154; baseline -0.006 -16"><span class='ocrx_word' id='word_1_741' title='bbox 2097 5084 2290 5154; x_wconf 89' lang='lat' dir='ltr'><strong>spicuo</strong></span> <span class='ocrx_word' id='word_1_742' title='bbox 2324 5084 2604 5154; x_wconf 79' lang='lat' dir='ltr'><strong>religionis</strong></span> <span class='ocrx_word' id='word_1_743' title='bbox 2636 5083 2856 5154; x_wconf 87' lang='lat' dir='ltr'><strong>pietatis</strong></span> <span class='ocrx_word' id='word_1_744' title='bbox 2886 5082 3075 5136; x_wconf 87' lang='lat' dir='ltr'><strong>habitu</strong></span> <span class='ocrx_word' id='word_1_745' title='bbox 3121 5081 3352 5151; x_wconf 81' lang='lat' dir='ltr'><strong>obtegit,</strong></span> <span class='ocrx_word' id='word_1_746' title='bbox 3408 5080 3454 5133; x_wconf 91' lang='lat' dir='ltr'><strong>is</strong></span> <span class='ocrx_word' id='word_1_747' title='bbox 3507 5080 3684 5149; x_wconf 58' lang='lat' dir='ltr'><strong>hyp-H</strong></span> 
     </span>
    </p>
   </div>
   <div class='ocr_carea' id='block_1_110' title="bbox 2097 5169 3681 5242">
    <p class='ocr_par' dir='ltr' id='par_1_110' title="bbox 2097 5169 3681 5242">
     <span class='ocr_line' id='line_1_110' title="bbox 2097 5169 3681 5242; baseline -0.004 -14"><span class='ocrx_word' id='word_1_748' title='bbox 2097 5174 2260 5228; x_wconf 90' lang='lat' dir='ltr'><strong>erisis</strong></span> <span class='ocrx_word' id='word_1_749' title='bbox 2284 5173 2413 5228; x_wconf 89' lang='lat' dir='ltr'><strong>dolo</strong></span> <span class='ocrx_word' id='word_1_750' title='bbox 2442 5174 2704 5228; x_wconf 90' lang='lat' dir='ltr'><strong>virtutem</strong></span> <span class='ocrx_word' id='word_1_751' title='bbox 2736 5173 2982 5228; x_wconf 88' lang='lat' dir='ltr'><strong>redimit.</strong></span> <span class='ocrx_word' id='word_1_752' title='bbox 3012 5172 3116 5238; x_wconf 83' lang='lat' dir='ltr'><strong>Qui</strong></span> <span class='ocrx_word' id='word_1_753' title='bbox 3149 5188 3280 5242; x_wconf 78' lang='lat' dir='ltr'><strong>ergo</strong></span> <span class='ocrx_word' id='word_1_754' title='bbox 3312 5171 3436 5226; x_wconf 87' lang='lat' dir='ltr'><strong>talis</strong></span> <span class='ocrx_word' id='word_1_755' title='bbox 3459 5179 3564 5235; x_wconf 89' lang='lat' dir='ltr'><strong>est,</strong></span> <span class='ocrx_word' id='word_1_756' title='bbox 3613 5169 3681 5222; x_wconf 88' lang='lat' dir='ltr'><strong>a-l</strong></span> 
     </span>
    </p>
   </div>
   <div class='ocr_carea' id='block_1_111' title="bbox 2100 5260 3684 5334">
    <p class='ocr_par' dir='ltr' id='par_1_111' title="bbox 2100 5260 3684 5334">
     <span class='ocr_line' id='line_1_111' title="bbox 2100 5260 3684 5334; baseline -0.004 -16"><span class='ocrx_word' id='word_1_757' title='bbox 2100 5265 2206 5319; x_wconf 86' lang='lat' dir='ltr'><strong>alia</strong></span> <span class='ocrx_word' id='word_1_758' title='bbox 2251 5280 2416 5334; x_wconf 87' lang='lat' dir='ltr'><strong>quam</strong></span> <span class='ocrx_word' id='word_1_759' title='bbox 2473 5266 2541 5320; x_wconf 88' lang='lat' dir='ltr'><strong>ad</strong></span> <span class='ocrx_word' id='word_1_760' title='bbox 2593 5272 2896 5329; x_wconf 89' lang='lat' dir='ltr'><strong>auctorem,</strong></span> <span class='ocrx_word' id='word_1_761' title='bbox 2945 5264 3145 5318; x_wconf 90' lang='lat' dir='ltr'><strong>horum</strong></span> <span class='ocrx_word' id='word_1_762' title='bbox 3190 5264 3458 5334; x_wconf 87' lang='lat' dir='ltr'><strong>cujusque</strong></span> <span class='ocrx_word' id='word_1_763' title='bbox 3516 5260 3684 5314; x_wconf 83' lang='lat' dir='ltr'><strong>finem</strong></span> 
     </span>
    </p>
   </div>
   <div class='ocr_carea' id='block_1_112' title="bbox 2102 5357 2314 5411">
    <p class='ocr_par' dir='ltr' id='par_1_112' title="bbox 2102 5357 2314 5411">
     <span class='ocr_line' id='line_1_112' title="bbox 2102 5357 2314 5411; baseline 0.009 -2"><span class='ocrx_word' id='word_1_764' title='bbox 2102 5357 2314 5411; x_wconf 87' lang='lat' dir='ltr'><strong>retulit.</strong></span> 
     </span>
    </p>
   </div>
   <div class='ocr_carea' id='block_1_113' title="bbox 2158 5529 3686 5606">
    <p class='ocr_par' dir='ltr' id='par_1_113' title="bbox 2158 5529 3686 5606">
     <span class='ocr_line' id='line_1_113' title="bbox 2158 5529 3686 5606; baseline -0.003 -18"><span class='ocrx_word' id='word_1_765' title='bbox 2158 5532 2246 5588; x_wconf 85' lang='lat'>69.</span> <span class='ocrx_word' id='word_1_766' title='bbox 2261 5533 2457 5590; x_wconf 91' lang='lat' dir='ltr'><strong>Nullus</strong></span> <span class='ocrx_word' id='word_1_767' title='bbox 2473 5551 2713 5606; x_wconf 86' lang='lat' dir='ltr'><strong>unquam</strong></span> <span class='ocrx_word' id='word_1_768' title='bbox 2730 5536 3198 5606; x_wconf 88' lang='lat' dir='ltr'><strong>nequissimorum</strong></span> <span class='ocrx_word' id='word_1_769' title='bbox 3215 5535 3545 5596; x_wconf 74' lang='lat' dir='ltr'><strong>dat-mentun,</strong></span> <span class='ocrx_word' id='word_1_770' title='bbox 3563 5529 3686 5601; x_wconf 85' lang='lat' dir='ltr'><strong>ejus</strong></span> 
     </span>
    </p>
   </div>
   <div class='ocr_carea' id='block_1_114' title="bbox 610 5742 1973 5817">
    <p class='ocr_par' dir='ltr' id='par_1_114' title="bbox 610 5746 1968 5817">
     <span class='ocr_line' id='line_1_114' title="bbox 610 5746 1968 5817; baseline -0.001 -13"><span class='ocrx_word' id='word_1_771' title='bbox 610 5746 798 5804; x_wconf 72' lang='grc' dir='ltr'>Ποιῶν</span> <span class='ocrx_word' id='word_1_772' title='bbox 821 5749 856 5813; x_wconf 80' lang='grc' dir='ltr'>ἢ</span> <span class='ocrx_word' id='word_1_773' title='bbox 885 5746 1111 5802; x_wconf 70' lang='grc' dir='ltr'>λαλῶν.</span> <span class='ocrx_word' id='word_1_774' title='bbox 1137 5747 1272 5800; x_wconf 81' lang='lat' dir='ltr'><strong>Male</strong></span> <span class='ocrx_word' id='word_1_775' title='bbox 1294 5747 1459 5801; x_wconf 91' lang='lat' dir='ltr'><strong>editis</strong></span> <span class='ocrx_word' id='word_1_776' title='bbox 1496 5746 1688 5817; x_wconf 76' lang='grc' dir='ltr'>δοκῶν,</span> <span class='ocrx_word' id='word_1_777' title='bbox 1740 5746 1887 5817; x_wconf 90' lang='lat' dir='ltr'><strong>quod</strong></span> <span class='ocrx_word' id='word_1_778' title='bbox 1939 5761 1968 5802; x_wconf 90' lang='lat' dir='ltr'><strong>e</strong></span> 
     </span>
    </p>
   </div>
   <div class='ocr_carea' id='block_1_115' title="bbox 2085 5742 3687 5817">
    <p class='ocr_par' dir='ltr' id='par_1_115' title="bbox 2085 5742 3687 5817">
     <span class='ocr_line' id='line_1_115' title="bbox 2085 5742 3687 5817; baseline -0.002 -15"><span class='ocrx_word' id='word_1_779' title='bbox 2085 5746 2381 5805; x_wconf 64' lang='lat' dir='ltr'><strong>ilmcisrnus</strong></span> <span class='ocrx_word' id='word_1_780' title='bbox 2408 5755 2513 5815; x_wconf 86' lang='lat' dir='ltr'><strong>est,</strong></span> <span class='ocrx_word' id='word_1_781' title='bbox 2549 5762 2651 5803; x_wconf 88' lang='lat' dir='ltr'><strong>nec</strong></span> <span class='ocrx_word' id='word_1_782' title='bbox 2687 5747 2819 5803; x_wconf 87' lang='lat' dir='ltr'><strong>satis</strong></span> <span class='ocrx_word' id='word_1_783' title='bbox 2857 5747 2948 5801; x_wconf 90' lang='lat' dir='ltr'><strong>hic</strong></span> <span class='ocrx_word' id='word_1_784' title='bbox 3019 5746 3290 5817; x_wconf 80' lang='lat' dir='ltr'><strong>congruit,</strong></span> <span class='ocrx_word' id='word_1_785' title='bbox 3345 5743 3448 5799; x_wconf 75' lang='lat' dir='ltr'><strong>etsi</strong></span> <span class='ocrx_word' id='word_1_786' title='bbox 3526 5742 3687 5798; x_wconf 80' lang='lat' dir='ltr'><strong>Picus</strong></span> 
     </span>
    </p>
   </div>
   <div class='ocr_carea' id='block_1_116' title="bbox 421 5752 1687 5883">
    <p class='ocr_par' dir='ltr' id='par_1_116' title="bbox 421 5752 1687 5883">
     <span class='ocr_line' id='line_1_116' title="bbox 490 5752 1687 5877; baseline -0.008 -72"><span class='ocrx_word' id='word_1_787' title='bbox 490 5752 571 5877; x_wconf 45' lang='lat' dir='ltr'><strong>si?</strong></span> <span class='ocrx_word' id='word_1_788' title='bbox 610 5752 798 5804; x_wconf 72' lang='grc' dir='ltr'>Ποιῶν</span> <span class='ocrx_word' id='word_1_789' title='bbox 821 5752 856 5813; x_wconf 80' lang='grc' dir='ltr'>ἢ</span> <span class='ocrx_word' id='word_1_790' title='bbox 885 5752 1111 5802; x_wconf 70' lang='grc' dir='ltr'>λαλῶν.</span> <span class='ocrx_word' id='word_1_791' title='bbox 1138 5752 1272 5800; x_wconf 80' lang='lat' dir='ltr'><strong>Male</strong></span> <span class='ocrx_word' id='word_1_792' title='bbox 1294 5752 1459 5801; x_wconf 86' lang='lat' dir='ltr'><strong>editis</strong></span> <span class='ocrx_word' id='word_1_793' title='bbox 1496 5752 1687 5808; x_wconf 79' lang='grc' dir='ltr'>δοκῶν,</span> 
     </span>
     <span class='ocr_line' id='line_1_117' title="bbox 421 5816 1687 5883; baseline -0.008 -4"><span class='ocrx_word' id='word_1_794' title='bbox 421 5842 484 5883; x_wconf 81' lang='lat' dir='ltr'><strong>re</strong></span> <span class='ocrx_word' id='word_1_795' title='bbox 565 5826 657 5877; x_wconf 89' lang='lat' dir='ltr'><strong>e&#39;re</strong></span> <span class='ocrx_word' id='word_1_796' title='bbox 683 5830 912 5874; x_wconf 89' lang='lat' dir='ltr'><strong>conatus</strong></span> <span class='ocrx_word' id='word_1_797' title='bbox 939 5828 1044 5883; x_wconf 88' lang='lat' dir='ltr'><strong>est,</strong></span> <span class='ocrx_word' id='word_1_798' title='bbox 1074 5817 1298 5871; x_wconf 72' lang='lat' dir='ltr'><strong>Exercet</strong></span> <span class='ocrx_word' id='word_1_799' title='bbox 1324 5826 1414 5870; x_wconf 78' lang='lat' dir='ltr'><strong>aut</strong></span> <span class='ocrx_word' id='word_1_800' title='bbox 1448 5816 1687 5871; x_wconf 75' lang='lat' dir='ltr'><strong>simulat.</strong></span> 
     </span>
    </p>
   </div>
   <div class='ocr_carea' id='block_1_117' title="bbox 714 5911 1320 5973">
    <p class='ocr_par' dir='ltr' id='par_1_117' title="bbox 714 5911 1320 5973">
     <span class='ocr_line' id='line_1_118' title="bbox 714 5911 1320 5973; baseline -0.005 0"><span class='ocrx_word' id='word_1_801' title='bbox 714 5915 981 5973; x_wconf 74' lang='grc' dir='ltr'>ΡΑτιιοῑ..</span> <span class='ocrx_word' id='word_1_802' title='bbox 1034 5911 1072 5970; x_wconf 71' lang='lat' dir='ltr'><strong>ii</strong></span> <span class='ocrx_word' id='word_1_803' title='bbox 1087 5929 1148 5972; x_wconf 67' lang='grc' dir='ltr'>Β.</span> <span class='ocrx_word' id='word_1_804' title='bbox 1199 5911 1320 5970; x_wconf 72' lang='lat' dir='ltr'><strong>XC.</strong></span> 
     </span>
    </p>
   </div>
   <div class='ocr_carea' id='block_1_118' title="bbox 3293 5904 3361 5964">
    <p class='ocr_par' dir='ltr' id='par_1_118' title="bbox 3293 5904 3361 5964">
     <span class='ocr_line' id='line_1_119' title="bbox 3293 5904 3361 5964; baseline -0.015 0"><span class='ocrx_word' id='word_1_805' title='bbox 3293 5904 3361 5964; x_wconf 72' lang='grc' dir='ltr'><strong><em>Μ</em></strong></span> 
     </span>
    </p>
   </div>
  </div>
