4020 6402
484 349 614 415 1291

1654 339 1718 401 S.
1754 338 2043 406 MAXIMI
2083 340 2598 408 CUNFESSORIS

3616 351 3731 420 ian
3777 439 3784 447 ,

476 467 576 532 qui
609 460 830 517 virtutis
855 458 1037 516 cultor
1078 466 1184 521 est,
1245 454 1590 511 alacritatem
1644 463 2059 524 promptumqut

2182 453 2316 508 ποτὲ
2353 453 2557 510 κωλύει
2580 455 2644 511 τὸ
2668 455 2953 530 πρόθυμον
2975 476 2990 491 ·
3026 460 3170 517 ἀλλά
3196 461 3292 516 καὶ
3321 459 3520 534 μᾶλλον
3545 463 3633 530 τὰς
3660 468 3732 522 ἑλ-

473 554 720 610 animum
749 551 1013 623 prohibet
1047 568 1061 605 :
1095 550 1235 621 quin
1286 548 1458 603 etiam
1502 546 1773 602 virtutum
1819 544 2075 602 defectus

475 643 604 699 dolo
634 651 950 712 amputans,
976 642 1215 713 majores
1243 647 1477 695 conatus
1494 637 1764 692 adhibere
1790 637 2071 704 hortatur,

471 751 663 808 parem
695 750 823 791 cum
854 735 925 792 iis
950 735 1046 807 qui
1083 733 1393 790 certamine
1446 732 1758 804 funguntur
1800 731 2076 787 exhibens

471 827 859 895 alacritatem;
893 826 1059 898 576
1081 827 1190 881 hoc
1221 823 1439 880 scilicet
1457 839 1646 895 agens,
1674 830 1737 878 ut
1757 821 2076 880 exercentis

472 918 544 975 ad
585 919 852 990 pietatem
905 926 1081 974 totum
1127 918 1184 973 in
1228 932 1288 973 se
1317 916 1566 972 animum
1610 915 1818 981 trahat,
1869 914 2076 971 amisso

472 1011 879 1071 mediocritatis
899 1011 1256 1084 aequilibrio;
1316 1010 1475 1081 isque
1509 1009 1652 1068 adeo
1701 1009 2032 1081 imprudens
2057 1051 2074 1076 ,

472 1103 544 1160 ad
590 1103 744 1158 aliud
771 1119 939 1174 quam
992 1102 1288 1159 videbatur
1342 1101 1718 1157 diversorium
1768 1101 1877 1156 iter
1945 1115 2078 1157 con-

473 1194 686 1250 tendat.

546 1286 634 1342 70.
669 1286 979 1352 Dazmones,
1001 1301 1107 1342 nec
1134 1285 1449 1342 castitatem
1493 1284 1759 1352 oderunt,
1789 1299 1895 1340 nec
1922 1285 2074 1356 jeju-

471 1379 628 1434 nium
660 1387 1024 1434 exsecrantur
1065 1395 1079 1432 :
1117 1393 1229 1434 non
1265 1379 1628 1449 pecuniarum
1660 1377 2071 1450 elargitionem,

469 1486 583 1525 non
605 1470 1066 1541 liOSpitalitatem,
1093 1485 1206 1525 non
1228 1470 1569 1540 psalmorum
1595 1469 2069 1534 decantationem,

468 1579 586 1617 non
627 1562 889 1623 lectionis
921 1578 1146 1633 operam
1172 1603 1186 1627 ,
1228 1576 1340 1618 non
1377 1561 1660 1619 silentium
1704 1576 1770 1618 ac
1817 1561 2074 1618 solitudi-

468 1669 621 1720 nem,
659 1669 772 1710 non
805 1653 1005 1712 eximie
1042 1654 1312 1710 sublimes
1356 1653 1703 1725 disciplinas,
1759 1670 1874 1709 non
1912 1654 2072 1711 strati

467 1747 626 1801 humi
644 1746 934 1813 duritiem,
952 1762 1064 1802 non
1089 1747 1328 1819 vigilias,
1363 1763 1476 1803 non
1505 1747 1719 1819 reliqua
1741 1749 1929 1804 omnia
1947 1748 2072 1819 qui-

2175 541 2385 614 λείψεις
2413 542 2651 618 δολερῶς
2687 547 2996 620 περικόψας
3028 549 3138 604 τῶν
3172 549 3410 620 ἀρετῶν,
3441 549 3534 614 τὰς
3564 551 3732 614 ἐπιτά-

2175 653 2293 700 σεις
2323 637 2684 711 ὑπαγορεύει,
2736 642 2856 705 τοῖς
2883 641 3228 710 ἀγωνισταῖς
3253 641 3732 715 συμπροθυμούμε-

2177 745 2285 792 νοςο
2321 729 2412 785 ἴνα
2445 730 2583 803 πρὸς
2615 731 2812 786 ἑαυτὸν
2845 733 2978 803 ὃλην
3027 735 3329 806 ποιήσηται
3360 733 3457 788 τοῦ
3487 735 3733 808 ἀσκουμέ-

2177 837 2274 874 νου
2304 821 2406 892 τὴν
2439 821 2677 887 ἔννοιαν,
2708 825 3180 896 παραπολέσασαν
3218 825 3283 882 τὸ
3325 827 3446 881 ἶσον
3465 827 3560 898 τῆς
3593 830 3736 900 μεσό-

2176 929 2341 983 τητος
2375 913 2663 986 στάομιον,
2692 917 2792 972 καὶ
2811 917 2952 994 λάθῃ
2989 918 3130 992 πρὸς
3156 917 3289 976 ἄλλο
3310 917 3467 992 παρὰ
3488 919 3548 974 τὸ
3568 919 3736 982 δοκοῦν

2176 1007 2440 1070 όδεύουσα
2465 1010 2839 1081 καταγώγιον.

2247 1265 2310 1315 o'.
2361 1259 2426 1315 Oi
2473 1260 2730 1332 δαίμονες
2764 1259 2894 1316 οὔτε
2931 1261 3294 1336 σωφροσύνην
3331 1261 3600 1333 μισοῦσιν,
3631 1261 3741 1318 οὔτε

2174 1352 2434 1426 νηστείαν
2463 1353 2855 1425 βδελύσσονται
2875 1373 2888 1387 ’
2943 1355 3008 1410 οὐ
3063 1355 3373 1428 χρημάτων
3407 1355 3656 1426 διάδοσιν,
3687 1357 3740 1410 οὐ

2173 1444 2504 1514 φιλοξενίαν,
2541 1447 2603 1500 οὐ
2633 1445 2982 1519 ψαλμῳδίαν,
3015 1447 3077 1502 οὐ
3136 1447 3337 1520 σχολὴν
3376 1447 3738 1517 ἀναγνώσεως,

2172 1538 2273 1610 οὐχ
2305 1538 2563 1609 ἡσυχίαν,
2592 1539 2655 1593 ού
2707 1538 2818 1593 τῶν
2851 1538 3202 1612 μαθημάτων
3230 1539 3302 1594 τὰ
3337 1539 3661 1611 ὑψηλότατα,
3687 1541 3740 1594 οὗ

2172 1631 2498 1706 χαμευνίαν,
2530 1633 2633 1686 οὐκ
2682 1631 3016 1705 ἀγρυπνίαν,
3067 1633 3130 1688 οὐ
3159 1632 3229 1686 τά
3262 1631 3431 1686 λοιπὰ
3463 1633 3654 1700 πάντα,
3682 1632 3742 1686 δι’

2174 1715 2252 1778 ὦν
2277 1721 2306 1778 ό
2337 1721 2481 1778 κατὰ
2513 1723 2648 1777 Θεὸν
2676 1725 3147 1798 χαρακτηρίζεται
3185 1725 3320 1797 βίος,
3351 1725 3460 1792 ἕως
3494 1725 3625 1796 πρὸς
3653 1725 3741 1778 αὐ-

467 1838 579 1894 bus
599 1839 900 1910 insignitur
921 1841 1031 1894 vita
1063 1814 1326 1912 religiose
1355 1840 1554 1911 pieque
1585 1814 1860 1905 instituta,
1887 1814 2059 1911 quan-

2166 1814 2293 1880 τοὺς
2325 1814 2585 1872 νένευκεν
2619 1818 2648 1872 ό
2688 1817 2892 1886 σκοπὸς
2921 1818 3017 1872 καὶ
3051 1818 3085 1890 ἡ
3116 1817 3267 1876 αἰτία
3295 1816 3408 1873 τῶν
3435 1815 3737 1888 γινομένων.

467 1930 562 1986 diu
593 1945 788 1986 eorum
814 1947 940 2001 quae
970 1940 1209 2002 aguntur
1238 1930 1307 1986 ad
1331 1947 1429 1987 eos
1459 1931 1638 2002 vergit
1666 1931 1925 1986 intentio.

537 2046 624 2100 7i.
660 2043 928 2114 Reliquos
950 2042 1090 2099 forte
1126 2043 1408 2100 daemones
1431 2044 1599 2099 citius
1619 2043 2086 2114 deprehendens”

465 2137 564 2208 qui
613 2135 683 2192 ad
733 2137 999 2207 pietatem
1037 2144 1283 2202 exercet,
1327 2136 1477 2207 quod
1530 2136 1600 2192 ab
1652 2136 1764 2192 illis
1814 2135 2071 2191 imminet

466 2229 754 2290 damnum.
781 2229 945 2284 facile
975 2227 1209 2300 effugiet
1245 2245 1258 2284 :
1304 2237 1380 2296 at,
1422 2229 1519 2300 qui
1554 2229 1612 2284 in
1635 2229 1858 2284 virtutis
1888 2228 2068 2299 stadio

465 2323 574 2394 ipsi
622 2322 760 2377 socii
807 2337 871 2377 ac
918 2321 1208 2394 adjutores
1257 2321 1600 2387 videantur,
1657 2321 1868 2393 quique
1913 2321 2070 2377 velut

462 2414 632 2470 simul
655 2415 852 2469 collata
875 2429 1042 2484 opera
1071 2429 1181 2467 una
1209 2413 1474 2483 templum
1499 2411 1774 2469 tediiicare
1798 2412 1973 2468 velint
1995 2412 2064 2480 ",

465 2522 721 2578 quantam
750 2505 890 2562 adeo
916 2503 1174 2559 sublimis
1203 2517 1364 2558 mens
1399 2512 1460 2557 ut
1488 2501 1890 2573 deprehendat,
1923 2503 2066 2560 citra

460 2597 746 2654 efﬁcacem
781 2596 1083 2666 vivumque
1128 2608 1474 2660 sermonem,
1507 2595 1602 2664 qui
1635 2593 1824 2650 omnia
1869 2610 2067 2666 perva-

460 2689 566 2754 dit,
599 2698 656 2745 et
685 2704 858 2760 usque
892 2688 961 2744 ad
989 2687 1321 2743 divisionem
1352 2686 1550 2742 animae
1578 2702 1643 2742 ac
1669 2687 1900 2758 spiritus
1932 2703 2064 2759 per-

460 2783 628 2854 tingit
660 2781 860 2852 "?qui
891 2795 1093 2852 nempe
1119 2780 1402 2835 discernat
1456 2794 1522 2835 ac
1551 2780 1770 2852 judicet
1807 2796 2062 2851 quaenam

458 2894 630 2948 opera
663 2891 938 2946 sensaque
971 2891 1038 2931 ac
1061 2875 1302 2947 cogitata
1327 2875 1590 2930 animalia
1615 2875 1728 2930 sint
1755 2875 2063 2946 (naturales

459 2968 676 3024 scilicet
707 2966 928 3022 virtutis
959 2965 1176 3036 species
1198 2963 1544 3036 motusque),
1568 2979 1633 3018 ac
1660 2979 1915 3033 quamam
1948 2963 2062 3034 spi-

459 3060 647 3116 ritalia
685 3058 830 3132 (quae
855 3057 1122 3112 nimirum
1161 3063 1431 3128 superent
1475 3063 1730 3110 naturam
1773 3055 2060 3126 Deumque

459 3149 806 3222 insigniant;
861 3154 1076 3202 naturae
1107 3161 1244 3201 vero
1279 3145 1598 3200 tribuantur
1632 3159 1732 3215 per
1756 3143 2013 3216 gratiam)
2043 3161 2057 3197 :
2087 3181 2129 3241 Ο

459 3243 555 3314 qui
592 3242 761 3298 etiam
788 3255 1118 3311 compagum
1165 3247 1221 3294 et
1255 3237 1628 3293 medullarum
1665 3236 1917 3309 (virtutis
1947 3237 2059 3292 sci-

457 3337 589 3393 licet
625 3335 920 3391 modorum
967 3348 1095 3389 cum
1145 3331 1492 3403 spiritalibus
1535 3329 1871 3402 rationibus)
1919 3345 2056 3386 con-

455 3430 776 3485 venientem
801 3427 891 3484 vel
928 3425 1788 3496 disconvenicntemjuncturam
1827 3421 2057 3478 omnino

454 3522 678 3578 noverit
711 3537 725 3574 :
759 3519 1153 3587 discernatque
1203 3517 1572 3588 cogitationes
1612 3525 1668 3572 ct
1716 3515 2058 3573 intentiones

454 3611 710 3668 cordium
741 3610 787 3642 9"
812 3608 1100 3679 (obscuras
1127 3606 1364 3672 scilicet,
1394 3607 1448 3661 in
1481 3607 1695 3678 iisquae
1718 3607 1866 3662 dicta
1899 3616 2052 3672 sunt,

453 3719 558 3775 pro
592 3701 971 3773 profunditate
1005 3699 1333 3754 aifcctiones
1377 3714 1476 3754 seu
1523 3699 1908 3764 habitudines,
1963 3716 2056 3755 ca-

454 3807 694 3863 rumque
724 3792 912 3847 animo
939 3789 1246 3844 invisibiles
1281 3805 1479 3845 causas
1523 3806 1586 3845 ac
1616 3789 1880 3862 rationes)
1915 3807 1928 3844 :
1961 3789 2050 3845 cui

355 3900 357 3904 τ
453 3885 608 3939 nulla
634 3891 891 3938 creatura
921 3879 1217 3936 invisibilis
1269 3889 1355 3936 est
1391 3881 1408 3953 (
1437 3882 1492 3936 in
1524 3883 1686 3938 nobis
1710 3883 1925 3940 scilicet
1956 3885 2051 3957 qui

451 3974 625 4030 latere
653 3971 954 4042 videmur).
987 3971 1085 4027 sed
1113 3971 1261 4026 nuda
1288 3971 1475 4028 omnia
1532 3981 1589 4028 et
1623 3985 1818 4044 aperta
1845 3977 1891 4007 ⁰⁶
1915 3977 2048 4049 (non

451 4067 712 4121 easolum
729 4062 1008 4135 quaefacta
1031 4071 1238 4120 suntet
1261 4065 1524 4135 cogitata,
1551 4066 1646 4120 sed
1697 4075 1754 4122 et
1781 4084 1905 4138 qua:
1931 4068 2046 4140 jam

451 4157 704 4213 futurum
751 4163 838 4212 est
871 4164 986 4210 uta
1033 4155 1196 4212 nobis
1241 4155 1375 4211 ﬁant
1421 4167 1478 4213 et
1511 4157 1870 4230 cogitentur).

526 4269 619 4323 72.
680 4266 1021 4322 Divisionem
1067 4264 1264 4320 anima:
1315 4273 1372 4320 et
1417 4264 1650 4335 spiritus
1691 4276 1872 4332 vocat,
1928 4267 2048 4325 dis-

449 4359 780 4416 tinctionem
815 4357 1110 4422 virtutum,
1137 4372 1260 4426 quae
1285 4372 1351 4411 ex
1385 4366 1584 4411 natura
1623 4369 1774 4422 sunt,
1807 4376 2045 4430 quarum

448 4459 650 4508 natura
671 4450 943 4505 habemus
960 4448 1207 4504 rationes
1233 4466 1246 4515 ;
1277 4457 1333 4503 et
1354 4464 1567 4514 earum,
1587 4467 1710 4520 quae
1731 4467 1794 4507 cx
1821 4453 2042 4523 spiritu,

2241 2014 2343 2070 oa'.
2373 2015 2513 2080 Τοὺς
2537 2017 2636 2087 μὲν
2658 2017 2854 2081 ἄλλους
2877 2015 3162 2088 δαίμονας,
3184 2015 3375 2088 τάχιον
3399 2016 3532 2082 ἴσως
3549 2016 3741 2088 όάσκηο

2168 2107 2268 2181 τὴς
2296 2107 2775 2180 καταλαϐόμενος,
2816 2109 3020 2182 ῥᾳδίως
3072 2109 3174 2181 τὴν
3205 2108 3267 2177 ἐξ
3312 2108 3500 2163 αὐτῶν
3557 2106 3740 2178 βλάϐην

2169 2201 2578 2273 διαδιδράσκει·
2629 2204 2755 2266 τοὺς
2790 2203 2849 2258 δὲ
2892 2201 3190 2266 δοκοῦντας
3221 2206 3510 2275 συνεργεῖν
3532 2202 3610 2274 τῷ
3637 2201 3740 2274 δρό·

2171 2311 2260 2366 μῳ
2297 2294 2400 2364 τῆς
2424 2294 2654 2366 ἀρετῆς,
2697 2294 2793 2349 καὶ
2823 2290 2938 2349 οἷον
2969 2295 3374 2365 συνοικοδομεῖν
3408 2295 3742 2367 βουλομένους

2165 2388 2256 2442 τὸν
2285 2387 2415 2442 ναὸν
2439 2388 2656 2460 Κυρίῳ,
2686 2388 2774 2453 τίς
2803 2387 2870 2442 ἂν
2894 2386 3004 2441 τῶν
3034 2388 3176 2457 ἄγαν
3209 2389 3437 2460 ὑψηλῶν
3468 2387 3742 2443 καταλάόοι

2167 2481 2314 2548 νοῦς,
2349 2481 2523 2554 χωρὶς
2547 2480 2642 2536 τοῦ
2671 2482 2761 2536 διὰ
2795 2483 3018 2538 πάντων
3042 2482 3352 2554 χωροῦντος
3389 2481 3642 2556 ἐνεργοῦς
3668 2481 3742 2534 λό-

2165 2591 2268 2644 γου
2303 2575 2400 2628 καὶ
2434 2573 2662 2640 ζῶντος,
2715 2573 2831 2629 καὶ·
2867 2574 3247 2648 διικνουμένου
3291 2574 3428 2648 ἄχρι
3489 2572 3740 2647 μερισμοῦ

2162 2665 2344 2738 ψυχῆς
2373 2665 2471 2720 καὶ
2494 2663 2830 2736 πνεύματος,
2843 2664 3128 2730 ιτουτέστι,
3157 2663 3616 2736 διαγινώσκοντος
3635 2662 3741 2718 τίνα

2163 2756 2275 2810 τῶν
2306 2754 2487 2827 ἔργων
2520 2755 2554 2828 ἢ
2590 2753 2886 2827 νοημάτων
2919 2754 3032 2810 εἰσὶ
3053 2755 3288 2828 ψυχικὰ,
3322 2757 3606 2810 τουτέστιν
3636 2753 3738 2822 εῐδη

2164 2843 2374 2915 φυσικὰ
2403 2845 2502 2912 τῆς
2532 2846 2738 2917 ἀρετῆς
2781 2846 2815 2918 ἢ
2872 2847 3177 2918 κινήματα,
3215 2846 3312 2902 καὶ
3340 2846 3470 2900 τινα
3500 2843 3740 2916 τυγχάνει

2164 2941 2538 3012 πνευματικὰ,
2567 2941 2872 3006 τουτέστιν,
2912 2940 3055 3011 ὑπὲρ
3081 2939 3246 3010 φύσιν
3279 2939 3374 2994 καὶ
3411 2940 3544 2995 Θεὸν
3586 2956 3740 3012 χαρα-

2163 3036 2531 3107 κτηρίζοντα’
2575 3037 2642 3107 τῇ
2709 3033 2871 3104 φύσει
2923 3033 2982 3088 δὲ
3039 3034 3188 3088 κατὰ
3239 3034 3412 3106 χάριν
3464 3032 3736 3104 διδόμενα⁶

2165 3129 2360 3201 ἁρμῶν
2381 3145 2440 3182 τε
2476 3128 2573 3182 καὶ
2601 3126 2841 3198 μυελῶν,
2881 3125 2983 3198 τὴν
3012 3126 3150 3198 πρὸς
3187 3127 3314 3191 τοὺς
3347 3124 3740 3197 πνευματικοὺς

2161 3219 2357 3290 λόγους
2381 3219 2490 3274 τῶν
2534 3219 2658 3274 κατ’
2687 3219 2894 3292 ἀρετὴν
2933 3217 3177 3290 τρόπων,
3213 3217 3481 3291 ἁρμόδιον
3521 3217 3553 3290 ἢ
3592 3217 3741 3287 ἀναρ-

2165 3313 2349 3386 μόδιον
2372 3311 2548 3367 διόλου
2584 3311 2873 3366 σύννευσιν
2925 3311 3323 3383 ἐπισταμένου,
3384 3308 3661 3382 κρίνοντός
3686 3325 3738 3361 τε

2160 3407 2261 3470 τὰς
2291 3403 2631 3477 ἐνθυμήσεις
2664 3405 2760 3459 καὶ
2779 3404 2881 3467 τὰς
2912 3404 3122 3467 ἐννοίας
3159 3403 3269 3458 τῶν
3296 3403 3563 3476 καρδιῶν,
3593 3417 3737 3454 τουτ-

2159 3489 2298 3564 έστι,
2332 3497 2434 3561 τὰς
2460 3497 2554 3550 ἐπὶ
2587 3499 2701 3561 τοῖς
2727 3496 3046 3569 εἰρημένοις
3073 3498 3302 3566 ἀφανεῖς
3327 3496 3476 3550 κατὰ
3501 3495 3560 3549 τὸ
3590 3493 3737 3564 βάθος

2161 3592 2400 3664 σχέσεις,
2443 3593 2540 3645 καὶ
2573 3592 2676 3656 τὰς
2711 3590 2856 3645 κατὰ
2889 3590 3072 3662 ψυχὴν
3095 3590 3371 3662 ἀοράτους
3418 3589 3622 3643 τούτων
3658 3585 3736 3636 ai-

2157 3686 2299 3752 τίας,
2328 3678 2373 3754 ᾧ
2403 3685 2504 3738 οὐκ
2527 3683 2644 3738 ἔστι
2679 3683 2860 3747 κτίσις
2891 3683 3127 3754 ἀφανὴς,
3167 3683 3226 3736 ὲν
3254 3682 3392 3752 ἡμῖν
3412 3684 3528 3744 τοῖς
3561 3675 3738 3732 λανθά-

2157 3795 2270 3832 νειν
2303 3776 2552 3832 δοκοῦσι’
2591 3777 2772 3832 πάντα
2812 3775 2872 3829 δὲ
2910 3775 3096 3847 γυμνά
3122 3776 3218 3830 καὶ
3248 3772 3734 3847 τετραχηλισμένα,

2155 3869 2216 3921 ού
2291 3870 2457 3940 μόνον
2509 3867 2578 3921 τὰ
2628 3866 2978 3939 γεγενημένα
3008 3883 3069 3919 τε
3122 3865 3217 3920 καὶ
3275 3866 3599 3940 νενοημένα,
3634 3861 3736 3916 ἀλλ’

2155 3960 2256 4032 ήδη
2285 3959 2380 4013 καὶ
2424 3957 2496 4014 τὰ
2519 3958 2895 4029 γεννησόμενα
2944 3958 3079 4029 παρ’
3132 3957 3294 4030 ήμῶν
3333 3959 3433 4012 καὶ
3483 3953 3733 4029 νοηοησό·

2157 4069 2318 4125 μενα.

2222 4267 2321 4339 οβ’.
2357 4266 2644 4338 Μερισμὸν
2695 4264 2876 4336 ψυχῆς
2907 4265 3004 4319 καὶ
3061 4263 3382 4338 πνεύματος
3429 4267 3600 4336 λέγει,
3643 4263 3734 4334 τὴν

2149 4360 2415 4433 διαφορὰν
2446 4358 2557 4413 τῶν
2586 4360 2652 4412 ὲκ
2679 4357 2897 4428 φύσεως
2929 4357 3164 4430 ἀρετῶν,
3214 4351 3291 4412 ὧν
3327 4358 3580 4428 φυσικῶς
3621 4357 3729 4428 ἔχο-

2151 4471 2255 4525 μεν
2287 4453 2417 4517 τοὺς
2448 4451 2670 4521 λόγουςο
2704 4452 2800 4506 καὶ
2827 4451 2937 4504 τῶν
2989 4453 3054 4506 ἐκ
3105 4449 3450 4522 πνεύματος,
3497 4445 3571 4505 ὧν
3603 4449 3730 4504 κατὰ

449 4559 686 4615 quarum
735 4541 830 4598 Dci
889 4556 1120 4597 munere
1183 4540 1414 4612 gratiam
1466 4542 1788 4613 aceipimus.
1832 4546 2040 4606 Harum

2166 4546 2358 4617 ἰωρεὰν
2385 4544 2659 4617 δεχόμεθα
2711 4545 2810 4616 τὴν
2849 4546 3033 4616 χάριν.
3076 4545 3298 4600 Τούτων
3323 4547 3439 4618 γὰρ
3477 4543 3730 4616 εύκρινῶς

446 4638 597 4710 enim
622 4636 772 4692 clare
804 4635 1218 4691 distinctionem
1248 4633 1378 4689 facit
1403 4634 1684 4691 discretor
1707 4653 1913 4694 sermo.

517 4747 1014 4819 '15.Cogitationcs
1049 4756 1107 4802 et
1155 4747 1516 4812 intentiones,
1565 4763 1802 4818 quarum
1852 4765 2040 4814 sermo

397 4827 402 4836 ’
445 4836 722 4894 discretor
746 4844 854 4901 est,
881 4835 1052 4892 animi
1081 4835 1136 4890 in
1168 4835 1374 4890 divinis
1399 4835 1712 4892 rationibus
1741 4848 1798 4892 et
1823 4837 2041 4909 cogita-

445 4931 697 4986 tionibus
725 4929 1053 4984 affectiones
1083 4936 1266 4993 vocat,
1297 4944 1606 5000 earumque
1637 4931 1859 4999 (nempe
1905 4930 2042 4990 atre-

445 5022 713 5092 ctionum)
767 5021 928 5093 577
973 5035 1187 5076 causas.
1236 5020 1512 5093 Cogitatio
1569 5037 1812 5092 namque
1857 5029 2046 5078 movet

443 5114 795 5179 memoriam,
850 5115 1010 5184 cujus
1063 5112 1288 5184 propria
1331 5113 1554 5178 atiectio
1591 5121 1680 5170 est
1734 5131 1748 5167 :
1803 5114 2044 5178 intentio

443 5212 630 5264 autem
671 5204 844 5260 finem
895 5205 1154 5271 attendit,
1207 5205 1304 5276 qui
1356 5205 1583 5277 quidem
1627 5205 1860 5261 denotat
1910 5221 2043 5266 cau-

441 5311 581 5352 sam.

513 5413 603 5470 74.
631 5411 771 5470 Cum
788 5412 932 5466 Deus
955 5413 1330 5468 essentialiter
1363 5413 1436 5469 sit
1457 5412 1711 5478 scientia,
1739 5413 2032 5483 palamque

440 5518 662 5560 omnem
689 5502 978 5559 scientiam
1013 5503 1307 5560 antecedat
1335 5519 1513 5570 mens,
1537 5505 1642 5559 sub
1670 5520 1834 5575 quam
1861 5505 2030 5559 etiam

441 5591 520 5650 illi
559 5604 940 5666 comparatum
971 5603 1056 5652 est
1080 5604 1142 5650 ut
1175 5595 1338 5651 cadat
1368 5613 1381 5650 :
1417 5595 1579 5666 plane
1606 5597 1750 5652 Deus
1794 5596 2029 5652 scicntia

2146 4638 2248 4710 τὴν
2276 4637 2564 4710 διαστολὴν
2595 4639 2832 4692 ποιεῖται
2869 4637 3074 4709 κρίνων
3108 4639 3136 4690 ὁ
3165 4636 3342 4706 λόγος.

2219 4752 2319 4822 ογ’.
2349 4753 2462 4814 Τὰς
2493 4753 2824 4824 ἐνθυμήσεις
2851 4751 2948 4804 καὶ
2973 4751 3074 4814 τὰς
3101 4749 3333 4816 ἐννοίας,
3360 4743 3446 4806 ὧν.
3474 4751 3593 4814 ἐστι
3619 4763 3728 4818 κρι-

2147 4847 2300 4910 τικὸς
2349 4847 2374 4898 ὁ
2423 4844 2608 4913 λόγος,
2666 4843 2838 4914 φησὶν
2882 4839 3024 4896 εἶναι
3062 4843 3166 4908 τὰς
3195 4843 3298 4914 τῆς
3330 4842 3521 4914 ψυχῆς
3559 4842 3648 4896 έπι
3672 4855 3725 4892 τε

2146 4940 2260 5001 τοῖς
2285 4923 2452 5002 Beier;
2476 4936 2658 5003 λόγοις
2686 4935 2784 4990 καὶ
2808 4937 2922 4999 τοῖς
2946 4934 3231 5006 λογισμοῖς
3252 4937 3496 5007 σχέσεις,
3523 4934 3614 4989 καὶ
3637 4931 3726 4994 τὰς

2148 5029 2332 5084 αὐτῶν
2363 5028 2568 5101 δηλαδὴ
2599 5027 2710 5084 τῶν
2743 5027 2985 5098 σχέσεων
3011 5027 3215 5092 αἰτίας.
3252 5029 3318 5087 Ἦ
3356 5027 3471 5099 γὰρ
3497 5026 3723 5095 ὲνθύμη·

2146 5140 2253 5190 σις,
2283 5125 2425 5177 κινεί
2459 5122 2703 5193 μνήμην,
2735 5114 2803 5191 ἧς
2825 5120 3026 5173 οίκείον
3055 5121 3088 5191 ἡ
3139 5119 3364 5191 σχέσις·
3400 5121 3438 5190 ἡ
3476 5119 3536 5172 δὲ
3562 5117 3725 5171 ἔννοια

2152 5217 2330 5288 πέρας
2358 5215 2688 5282 ἀποσκοπεῖ,
2725 5213 2863 5282 ὅπερ
2902 5211 3083 5267 αἰτίαν
3115 5211 3546 5284 χαρακτηρίζει.

2213 5415 2308 5470 οδθ.
2369 5415 2432 5468 Εἰ
2463 5414 2584 5468 κατ’
2606 5415 2795 5468 οὐσίαν
2825 5414 3028 5485 γνῶσίς
3057 5415 3208 5469 ἐστιν
3232 5416 3261 5468 ὀ
3281 5415 3440 5480 Θεὸς.
3475 5413 3720 5485 προηγεῖ-

2139 5523 2230 5560 ται
2275 5505 2336 5560 δὲ
2391 5503 2581 5574 σαφῶς
2624 5506 2809 5577 πάσης
2845 5505 3104 5575 γνώσεως
3134 5505 3280 5570 νοῦς,
3334 5499 3382 5575 ᾧ
3413 5507 3509 5560 καὶ
3535 5497 3720 5557 ὑποπί-

2139 5613 2296 5651 πτειν
2324 5596 2570 5667 πέφυκεν
2589 5613 2603 5626 ·
2656 5597 2766 5668 ἄρα
2795 5596 2936 5668 ὑπὲρ
2966 5595 3176 5670 ταύτην
3203 5597 3354 5652 ἐστὶν
3387 5599 3415 5650 ό
3440 5595 3568 5659 Θεὸς
3587 5634 3601 5659 ,
3644 5591 3719 5645 ὅτι

512 5770 558 5800 ’³
580 5770 647 5827 Ill
676 5770 836 5826 Esdr.
884 5788 938 5834 v,
972 5771 1040 5826 68
1139 5771 1186 5804 ”
1213 5770 1380 5825 llebr.
1411 5787 1482 5834 tv,
1521 5771 1606 5826 η.
1685 5774 1731 5805 ¹³⁸
1762 5774 1898 5828 ibid.
1979 5773 2026 5806 ”
2059 5771 2195 5828 ibid.
2225 5773 2312 5827 15.
