4020 6408
412 374 547 439 1293

1058 389 1393 456 CAPITUM
1439 395 1861 469 QUINQUIES
1914 397 2439 469 CENTENORUM
2493 413 2881 479 CENTURIA
2923 421 3038 482 IlI.

3537 434 3675 493 1294

404 491 498 543 καὶ
529 489 671 562 ὑπὲρ
698 491 874 548 πάντα
904 496 1050 560 νοῦν.
1158 503 1360 572 γνῶσις
1389 505 1512 559 καθ’
1534 507 1712 562 ὁτιοῦν
1739 510 1951 581 πέφυκε

2087 516 2339 586 superior
2368 530 2473 586 est,
2511 538 2636 577 eum
2666 536 2721 581 et
2753 546 2972 585 omnem
2996 531 3208 591 inﬁnite
3241 536 3474 594 excedat
3521 556 3677 597 men-

406 581 754 653 ὑποπίπτειν,
789 586 1179 663 ὑπεραπείρως
1202 595 1530 669 καθέστηκε.

470 764 562 812 οε’.
619 759 718 824 Τίς
758 760 852 815 τὸν
885 760 1026 817 θεῖον
1072 765 1175 819 οὑκ
1204 765 1347 837 ἔχων
1376 768 1692 825 ἐνοικοῦντα
1718 771 1877 844 λόγον
1907 773 1985 844 τῷ

400 850 556 921 βάθει
602 855 705 923 τῆς
750 856 978 925 καρδίας
999 896 1013 922 ,
1072 856 1367 928 δυνήσεται
1398 863 1528 927 τοὺς
1552 864 1778 933 ἀφανεῖς
1798 866 1985 931 δόλους

397 944 495 1014 τῆς
521 945 646 999 καθ’
668 946 830 1017 ἡμῶν
867 949 1208 1022 ὑποκρίσεως
1237 954 1347 1007 τῶν
1372 955 1644 1026 δαιμόνων
1662 958 1981 1029 ὑποκλίνας,

398 1037 589 1106 στῆναι
640 1040 763 1093 καθ’
790 1042 984 1096 ἑαυτὸν
1035 1044 1381 1114 μονώτατος,
1447 1048 1621 1120 χωρίς
1670 1066 1816 1113 τινος
1859 1054 1983 1105 ἑπι-

398 1128 600 1197 μιξίας,
645 1131 740 1184 καὶ
769 1133 1127 1204 οἰκοδομῆσαι
1159 1135 1256 1189 τοῦ
1289 1138 1496 1209 Κυρίου
1528 1137 1619 1192 τὸν
1645 1138 1795 1205 ναὸν,
1839 1142 1983 1197 κατὰ

392 1218 485 1272 τὸν
516 1220 693 1290 μέγαν
720 1223 1030 1293 Ζοροϐάϐελ
1058 1227 1154 1279 καὶ⁹
1177 1226 1271 1280 τὸν
1300 1228 1513 1299 Ἰησοῦν
1541 1230 1636 1283 καὶ
1661 1233 1788 1295 τοὺς
1814 1233 1982 1303 ἡγου-

396 1310 590 1380 μένους
628 1311 737 1365 τῶν
766 1314 1013 1386 πατριῶν
1032 1356 1048 1381 ,
1109 1316 1420 1386 φάσκοντας
1443 1318 1742 1393 διαρρήδην
1768 1324 1982 1397 μεγάλῃ

389 1403 457 1472 τῇ
486 1406 639 1474 φωνῇ
682 1407 793 1467 τοῖς
835 1406 1117 1461 ἀπατεῶσι
1163 1407 1443 1476 πνεύμασι
1472 1412 1571 1482 τῆς
1600 1411 1982 1485 ὑπερηφανίας

391 1490 484 1542 καὶ
512 1492 610 1561 τῆς
646 1492 953 1558 κενοδοξίας
986 1497 1082 1549 καὶ
1111 1497 1211 1567 τῆς
1240 1497 1734 1571 ἀνθρωπαρεσκίας
1760 1506 1853 1559 καὶ
1880 1506 1980 1577 τῆς

388 1578 727 1651 ὑποκρίσεως
748 1597 761 1612 ·
794 1586 917 1654 Οὐχ
939 1586 1086 1656 ἡμῖν
1115 1590 1213 1643 καὶ
1243 1590 1387 1659 ὑμῖν
1430 1592 1539 1646 τοῦ
1585 1595 1979 1666 οἰκοδομῆσαι

386 1668 494 1722 τὸν
529 1665 700 1725 οἷκον
731 1676 928 1742 Κυρίῳ
959 1676 1038 1743 τῷ
1070 1680 1190 1745 Θεῷ
1217 1679 1417 1748 ήμῶν³
1466 1682 1635 1751 ἡμεῖς
1667 1685 1778 1754 γὰρ
1800 1688 1978 1756 μόνοι

386 1763 866 1836 οἰκοδομήσομεν
899 1769 978 1835 τῷ
1000 1773 1195 1839 Κυρίῳ
1223 1773 1331 1828 τοῦ
1372 1775 1652 1843 Ἰσραήλ·
1689 1777 1976 1846 γινώσκων

382 1852 460 1918 ὠς
506 1856 540 1927 ἡ
588 1856 794 1911 τούτων
827 1861 1098 1932 ἐπιμιξία,
1134 1866 1231 1932 τῆς
1256 1864 1385 1936 ὅλης
1416 1869 1707 1940 οἰκοδομῆς
1737 1874 1971 1927 ποιεῖται

383 1946 590 2018 φθορὰν
622 1950 717 2003 καὶ
745 1952 1086 2024 καθαίρεσιν,
1112 1958 1206 2010 καὶ
1229 1958 1364 2030 συλᾷ
1390 1962 1490 2032 τῆς
1518 1961 1625 2016 τῶν
1647 1962 1809 2019 θείων
1834 1967 1968 2019 ἁνα-

381 2036 643 2109 θημάτων
671 2043 1002 2115 εὐπρεπείας
1036 2048 1134 2119 τὴν
1164 2048 1343 2122 χάριν.

452 2137 558 2196 ος’.
594 2133 786 2194 Οὐδεὶς
816 2135 1038 2190 δύναταί
1067 2156 1190 2194 τινα
1216 2141 1326 2195 τῶν
1354 2143 1664 2216 εἰρημένων
1692 2146 1969 2217 δαιμόνων

376 2222 522 2293 ἒχων
554 2225 659 2296 τὴν
700 2228 905 2300 ἀρετὴν
939 2234 1479 2306 συμμετερχόμενον,
1511 2237 1718 2310 ταύτην
1748 2240 1827 2311 τῷ
1851 2242 1969 2294 Κυ-

380 2311 483 2383 ρίῳ
508 2312 897 2386 οἱκοδομῆσαν
947 2319 1006 2371 οὐ
1038 2318 1146 2392 γάρ
1177 2321 1295 2391 ἔχει
1322 2323 1421 2376 τὸν
1444 2324 1579 2379 Θεὸν
1608 2327 1717 2382 τῶν
1744 2330 1968 2400 γινομέ-

375 2420 485 2457 νων
513 2405 668 2471 τέλος
693 2446 713 2472 ,
755 2408 819 2461 ὃν
849 2408 1121 2481 θεώμενος
1153 2414 1362 2487 ταύτην
1391 2416 1655 2485 διέξεισιν
1673 2435 1687 2449 ·
1740 2420 1878 2475 ἀλλά
1906 2421 1968 2476 τὸ

376 2494 571 2561 πάθος,
605 2498 743 2571 ὅπερ
768 2499 855 2555 διὰ
880 2501 1087 2575 ταύτης
1120 2504 1460 2577 συνίστησιν.

441 2669 545 2736 οζν.
571 2672 634 2726 Oi
667 2675 785 2728 κατ’
809 2674 1045 2747 ἔλλειψιν
1068 2679 1270 2752 ἀρετῆς
1298 2682 1684 2755 πολεμοῦντες,
1708 2687 1965 2759 δαίμονές

374 2760 548 2830 εἰσιν,
600 2765 651 2816 οί
699 2767 958 2839 πορνείαν
1007 2770 1103 2823 καὶ
1130 2772 1337 2844 μέθην,
1389 2775 1758 2851 φιλαργυρίαν
1780 2798 1840 2834 τε
1868 2783 1964 2838 καὶ

368 2854 568 2924 φθόνον
598 2856 972 2925 διδάσκοντες·
1009 2864 1065 2916 οί
1087 2866 1144 2918 δὲ
1174 2867 1297 2921 καθ’
1324 2869 1633 2943 ὑπερϐολὴν
1662 2874 1962 2947 πολεμοῦν-

366 2963 462 3007 τες
488 2985 505 3012 ,
562 2950 699 3002 εἰσὶν
741 2952 791 3005 οἱ
851 2952 951 3023 τὴν
1003 2955 1178 3025 οἴησιν
1236 2959 1329 3013 καὶ
1381 2961 1485 3032 τὴν
1530 2965 1837 3034 κενοδοξίαν
1867 2970 1962 3024 καὶ

366 3038 470 3110 τὴν
520 3040 897 3113 ὑπερηφανίαν
950 3045 1322 3115 διδάσκοντες,
1368 3056 1465 3108 καὶ
1499 3056 1589 3111 διά
1634 3058 1744 3113 τῶν
1770 3061 1961 3131 δεξιῶν

362 3131 482 3195 ⁴τοῖς
511 3132 829 3205 ἀριστεροῖς
855 3137 1353 3212 ὲπικεκρυμμένως
1382 3146 1771 3221 ὲμπείροντες.

431 3267 538 3335 οη⁹.
576 3264 702 3319 Εἴθε
734 3268 950 3335 γένοιτο
979 3270 1074 3324 καὶ
1104 3273 1251 3344 ἡμᾶς
1277 3276 1365 3330 ἀεὶ
1393 3277 1575 3347 λέγειν
1595 3283 1710 3346 τοῖς
1739 3286 1798 3339 ἐν
1823 3285 1959 3343 πλᾶ-

362 3371 536 3426 σματι
585 3358 772 3426 φιλίας
820 3367 1200 3435 πνευματικῆς
1250 3370 1501 3438 ἀοράτως
1546 3376 1954 3445 προσϐάλλουσι

359 3447 641 3520 πνεύμασι
672 3453 773 3523 τῆς
809 3455 1094 3526 πονηρίας,
1127 3458 1223 3511 καὶ
1253 3459 1341 3514 διά
1366 3462 1465 3516 τοῦ
1494 3465 1704 3533 ἀγαθοῦ
1736 3469 1956 3542 λεληθό-

356 3556 472 3607 τως
489 3542 831 3612 βουλομένοις
858 3550 1302 3619 κατεργάσασθαι
1328 3554 1429 3623 τῆς
1451 3558 1728 3630 ἁμαρτίας
1752 3562 1847 3617 τὸν
1861 3564 1955 3617 θά-

356 3651 521 3690 νατον
545 3638 639 3690 καὶ
657 3638 896 3707 λέγουσι’
914 3644 1319 3714 Συνοικοδομή
1326 3660 1515 3716 σομεν
1528 3649 1672 3718 ὑμῖν
1683 3652 1792 3706 τὸν
1801 3655 1954 3709 ναὸν

355 3724 441 3792 τῷ
455 3726 649 3794 Κυρίῳ
658 3728 844 3797 ὑμῶν’
863 3732 986 3800 Οὐχ
1006 3732 1148 3801 ἡμῖν
1164 3734 1262 3787 καί
1278 3735 1420 3805 ὑμῖν
1435 3738 1541 3793 τοῦ
1558 3741 1951 3812 οἰκοδομῆσαι

354 3819 471 3873 τὸν
492 3815 667 3874 οἷκον
690 3823 886 3891 Κυρίῳ
913 3822 995 3889 τῷ
1018 3824 1142 3891 Θεῷ
1169 3826 1342 3895 ἡμῶν
1363 3844 1377 3860 ⁸
1436 3829 1611 3899 ⁴ἡμεῖς
1635 3833 1747 3902 γὰρ
1773 3835 1950 3904 μόνοι

353 3914 842 3987 οἰκοδομήσομεν
871 3915 951 3984 τῷ
974 3920 1175 3987 Κυρίῳ
1198 3921 1305 3976 τοῦ
1337 3921 1597 3991 Ἰσραήλ.
1626 3927 1794 3981 Μόνοι
1821 3928 1943 3999 μὲν,

351 4008 437 4062 ὅτι
464 4008 576 4062 τῶν
600 4010 723 4061 κατ’
748 4009 985 4080 ἔλλειψιν
1012 4012 1114 4081 τῆς
1140 4013 1346 4085 ἀρετῆς
1374 4015 1763 4087 πολεμούντων
1791 4021 1945 4075 ἐλευ-

355 4100 692 4172 θερωθέντες
747 4104 1074 4174 πνευμάτων
1099 4144 1113 4169 ,
1169 4098 1243 4157 ὧν
1276 4107 1370 4159 καὶ
1402 4109 1784 4183 ὲκϐεϐήκαμεν
1808 4152 1823 4177 ,
1881 4115 1943 4169 οὗ

342 4190 665 4262 ’βουλόμεθα
694 4196 817 4257 ταῖς
849 4195 1182 4267 ὑπερϐολαῖς
1207 4196 1277 4250 δι’
1298 4198 1326 4251 ὑ
1335 4200 1453 4269 μῶν
1477 4202 1811 4274 ἐπαρθέντες
1834 4208 1942 4261 πά-

350 4281 439 4337 λιν
469 4286 842 4356 περιπαρῆναι
868 4327 883 4352 ,
936 4290 1032 4341 καὶ
1060 4292 1250 4346 πεσεῖν
1278 4292 1511 4360 πτῶσιν,
1560 4294 1817 4350 τοσοῦτον
1843 4298 1942 4368 τῆς

349 4374 629 4445 προτέρας
684 4375 1076 4450 χαλεπωτέραν
1102 4419 1117 4444 ,
1170 4381 1293 4435 ὅσον
1326 4383 1427 4452 τῆς
1460 4386 1565 4456 μὲν
1585 4381 1653 4458 ἦν
1677 4388 1937 4443 ἐπανόδου

348 4466 511 4530 ἐλπὶς
535 4466 785 4539 εὐχερὴς,
816 4471 1209 4539 συγγνωσθεῖσι
1231 4474 1321 4528 διά
1333 4475 1431 4547 τὴν
1447 4477 1749 4533 ἀσθένειαν·
1772 4480 1933 4551 τῇδὲ,

345 4557 383 4629 ἢ
431 4560 533 4612 οὑκ
577 4558 745 4627 ἔστιν,
799 4560 832 4633 ἤ
876 4563 1142 4635 δυσχερὴς
1188 4565 1341 4621 ἔσται
1389 4571 1666 4642 μισηθεῖσι
1706 4572 1794 4627 διὰ
1835 4572 1935 4645 τὴν

346 4650 734 4720 ὑπερηφανίαν
760 4690 775 4717 ,
834 4654 932 4706 καὶ
968 4654 1061 4708 τοῦ
1093 4656 1266 4722 δεξιοῦ
1297 4665 1644 4734 ποιουμένοις
1670 4666 1857 4740 ἕτερόν
1880 4686 1934 4723 τι

343 4738 689 4813 δεξιώτερον.
748 4744 824 4798 Οὑ
855 4746 1009 4815 μόνοι
1031 4748 1087 4801 δὲ
1116 4751 1301 4815 πάλιν,
1348 4754 1429 4808 ὅτι
1460 4757 1586 4821 τοὺς
1614 4738 1805 4827 ἁγίους
1826 4762 1931 4828 ἀγ-

344 4832 541 4901 γέλους
582 4833 777 4905 ἔχομεν
812 4837 919 4891 τῶν
948 4839 1130 4893 καλῶν
1158 4843 1537 4917 συλλήπτορας
1562 4865 1575 4878 ⁸
1635 4850 1836 4920 μᾶλλον
1873 4854 1931 4907 δὲ

342 4923 439 4976 τὸν
481 4925 614 4979 Θεὸν
651 4928 815 4981 αὑτὸν
836 4971 853 4995 ,
907 4931 1040 5000 ἡμῖν
1081 4933 1274 4989 ἑαυτὸν
1303 4938 1673 5007 ἐμφανίζοντα
1706 4942 1793 4995 διὰ
1822 4943 1930 4997 τῶν

342 5012 523 5085 ἔργων
552 5017 649 5086 τῆς
674 5019 1023 5091 δικαιοσύνης
1044 5064 1059 5089 ,
1117 5025 1212 5077 καὶ
1240 5028 1388 5096 ἡμᾶς
1414 5029 1592 5100 ἑαυτῷ
1623 5033 1748 5086 ναὸν
1771 5034 1929 5104 ἆγιον

340 5104 753 5172 οἰκοδιμοῦντα,
787 5107 879 5161 καὶ
903 5110 1106 5173 παντὸς
1136 5112 1341 5178 πάθους
1373 5115 1675 5191 ἐλεύθερον.

413 5236 511 5291 οθθ.
561 5238 789 5312 Ἀρετῆς
816 5242 943 5314 ὄρος
970 5246 1118 5299 ἐστὶν
1143 5288 1158 5311 ,
1194 5252 1227 5319 ἡ
1259 5251 1359 5321 τῆς
1388 5252 1734 5329 ἀνθρωπίνης
1761 5260 1925 5315 ἀσθε-

340 5329 490 5394 νείας
520 5334 639 5384 κατ’
662 5335 963 5403 ἐπίγνωσιν
986 5341 1126 5409 πρὸς
1152 5342 1252 5411 τὴν
1278 5343 1427 5398 θείαν
1449 5347 1680 5419 δύναμιν
1703 5353 1920 5420 ἕνωσις.

348 5421 412 5472 Ὁ
453 5423 632 5477 τοίνυν
675 5426 866 5481 ἑαυτὸν
911 5433 978 5502 τῇ
1008 5431 1263 5505 ἀσθενείᾳ
1292 5440 1652 5510 περιγράφων
1685 5445 1785 5517 τῆς
1817 5449 1923 5519 ιρύ⁴

335 5528 477 5576 σεως
506 5556 521 5581 ,
578 5519 715 5588 πρὸς
743 5522 832 5576 τὸν
859 5522 985 5594 ὅρον
1017 5525 1115 5580 οὐκ
1139 5522 1270 5597 ἦλθε
1300 5529 1399 5601 τῆς
1426 5532 1657 5605 ἀρετῆς’
1710 5541 1803 5594 καὶ
1831 5542 1921 5598 διὰ

407 5671 454 5700 ’⁷
491 5671 559 5725 llI
591 5673 748 5729 Esdr.
778 5692 829 5741 v,
860 5677 946 5731 7l.

402 5783 427 5811 “
457 5785 538 5842 Cl.
569 5790 635 5844 ad
665 5792 907 5849 Thalass.
942 5811 996 5869 q.
1029 5797 1113 5853 56.

860 6018 893 6042 Ι

2092 618 2224 673 tem,
2258 611 2313 665 in
2350 626 2517 683 quam
2550 627 2607 671 ut
2632 620 2790 676 cadat
2823 623 2941 679 ullo
2968 626 3135 683 modo
3161 630 3414 687 scientia:
3448 648 3674 704 compa-

2087 710 2268 756 ratum
2289 713 2399 760 εει.

2156 794 2244 848 75.
2272 796 2408 863 Quis
2464 800 2571 855 nisi
2616 804 2730 858 alto
2771 814 3000 875 pectore
3049 810 3299 869 divinum
3354 830 3670 873 sermonem

2085 888 2537 946 contubernalem
2568 894 2799 963 habens,
2840 898 3213 959 invisibilibus
3251 907 3563 964 diemonum
3608 911 3669 965 in

2084 992 2186 1032 nos
2219 980 2588 1041 simulationis
2636 997 2799 1045 caute
2842 992 3029 1049 vitatis
3082 994 3244 1063 dolis,
3289 1014 3389 1069 per
3434 1016 3495 1056 se
3544 1002 3668 1072 ipse

2084 1069 2559 1142 singularissimus
2628 1089 2773 1137 stare
2831 1088 3059 1153 poterit,
3110 1089 3245 1158 quin
3291 1090 3389 1146 ulli
3434 1095 3667 1148 commi-

2084 1172 2324 1230 seeatur,
2353 1170 2732 1241 templumque
2766 1174 2985 1232 Domini
3015 1179 3191 1236 instar
3211 1183 3395 1254 magni
3418 1183 3666 1241 Zoroba-

2082 1251 2169 1309 bel
2201 1264 2257 1309 et
2284 1256 2416 1314 Jesu
2435 1272 2489 1317 et
2515 1261 2718 1319 ducum
2741 1266 3069 1326 familiarum
3092 1251 3415 1344 exstruere;
3457 1278 3550 1347 qui
3580 1278 3666 1334 di-

2081 1353 2226 1401 serte
2256 1362 2450 1420 magna
2485 1368 2621 1410 voce
2656 1358 3044 1435 seductoribus
3080 1365 3367 1434 spiritibus
3387 1369 3665 1438 superbia;

2082 1433 2369 1508 inanisque
2396 1442 2579 1512 gloria:
2604 1455 2658 1500 et
2689 1452 3076 1509 assentationis
3106 1433 3171 1510 ac
3217 1456 3527 1528 hypocrisis
3576 1460 3667 1515 di-

2080 1537 2206 1583 cant
2233 1546 2247 1581 :
2278 1530 2397 1585 Non
2421 1543 2496 1588 est
2520 1537 2665 1592 nobis
2681 1548 2729 1593 et
2752 1542 2891 1596 vobis
2912 1544 3179 1613 ardiﬁcare
3202 1548 3415 1603 domum
3435 1549 3663 1607 Domino

2079 1615 2187 1672 Deo
2218 1628 2397 1675 nostra
2428 1638 2448 1678 :
2477 1641 2571 1679 nos
2599 1630 2739 1683 enim
2768 1631 2869 1686 soli
2914 1635 3294 1703 wdiﬁcabimus
3320 1637 3548 1696 Domino
3575 1641 3661 1698 Is-

2079 1708 2195 1763 rael
2224 1710 2269 1743 ⁸⁷
2301 1729 2317 1779 ;
2345 1714 2432 1768 cui
2463 1731 2661 1787 nempe
2690 1723 3032 1791 exploratum
3058 1727 3148 1792 sit,
3175 1729 3371 1784 horum
3402 1732 3662 1788 mistione

2076 1808 2134 1855 et
2177 1807 2511 1863 commercio
2539 1810 2833 1868 mdiﬁcium
2891 1833 3053 1874 omne
3099 1822 3286 1890 perire
3341 1835 3401 1879 et
3435 1828 3655 1893 everti,

2077 1891 2505 1967 divinorumque
2559 1900 2917 1964 denariorum
2982 1908 3203 1968 decoris
3264 1914 3500 1985 gratiam
3560 1891 3658 1972 an;

2068 1981 2221 2040 ferri.

2148 2165 2237 2221 76.
2285 2167 2460 2225 Nemo
2491 2173 2587 2242 qui
2641 2174 2813 2229 ullum
2870 2177 3147 2235 dictonim
3194 2182 3505 2241 diemo‘num
3554 2202 3652 2244 co-

2069 2258 2234 2314 lenda
2278 2262 2488 2319 virtute
2538 2266 2851 2338 adiutorem
2906 2285 2972 2326 ac
3016 2274 3230 2329 socium
3284 2285 3483 2335 nactus
3538 2280 3649 2345 sit,

2068 2353 2302 2409 Domino
2329 2356 2604 2414 aediﬁcare
2629 2369 2847 2429 potest;
2879 2363 3083 2434 quinte
3112 2366 3210 2437 qui
3235 2367 3431 2435 Deme,
3455 2385 3651 2427 eorum

2067 2459 2191 2513 quae
2241 2445 2381 2503 ﬁunt
2434 2448 2597 2507 ﬁnem
2640 2468 2752 2509 non
2785 2454 3027 2523 habeat,
3071 2458 3128 2513 in
3182 2474 3347 2531 quem
3396 2474 3653 2534 spectans

2066 2537 2162 2593 illa
2195 2538 2566 2613 defungatur,
2612 2544 2711 2599 sed
2758 2545 3018 2603 aﬁ'ectum
3076 2551 3299 2623 (vitium
3333 2555 3552 2612 scilicet
3585 2573 3652 2612 ac
3762 2571 3769 2575 '

2064 2626 2376 2701 libidinem)
2409 2648 2572 2703 quem
2607 2635 2807 2692 collata
2859 2638 2918 2692 in
2949 2654 3071 2694 eam
3123 2656 3292 2713 open
3351 2646 3646 2703 substruit.

2136 2721 2223 2774 77.
2256 2719 2361 2788 Qui
2392 2738 2494 2792 per
2523 2725 2797 2782 defectum
2827 2730 3058 2787 virtutis
3083 2733 3411 2806 impugnat
3441 2737 3652 2795 (bno-

2061 2824 2184 2875 nes,
2239 2811 2296 2865 hi
2335 2822 2484 2881 sunt,
2543 2818 2639 2886 qui
2703 2815 3127 2878 fornicationem
3173 2834 3231 2880 et
3270 2826 3645 2896 ebrietatem,

2060 2899 2461 2970 avaritiamque
2505 2912 2562 2958 et
2610 2904 2880 2963 invidiam
2923 2908 3129 2966 docent
3159 2928 3173 2965 :
3208 2913 3305 2983 qui
3358 2929 3499 2970 vero
3544 2933 3645 2987 per

2061 3001 2373 3055 excessum,
2402 2991 2499 3061 qui
2525 2994 2787 3051 tumentis
2814 2997 2986 3053 animi
3014 2998 3290 3058 fastumet
3320 3004 3642 3071 elationem,

2062 3076 2397 3151 inanemque
2420 3083 2653 3153 gloriam
2675 3094 2733 3142 et
2761 3089 3078 3158 superbiam
3106 3107 3235 3148 cum
3260 3094 3518 3163 doceant,
3543 3114 3644 3168 per

1984 3194 2029 3255 c
2061 3183 2128 3225 ea
2160 3185 2285 3242 quae
2316 3176 2561 3232 secunda
2586 3186 2735 3245 sunt,
2768 3180 3011 3238 sinistris
3035 3186 3253 3242 occulte
3291 3187 3573 3265 inserunt.

2130 3303 2217 3359 78.
2277 3306 2499 3362 Utinam
2562 3324 2663 3365 nos
2718 3326 2939 3383 quoque
2997 3330 3221 3389 semper
3280 3323 3643 3393 nequissimis

2056 3391 2362 3460 spiritibus,
2413 3396 2538 3451 ﬁcta
2590 3399 2855 3469 spiritalis
2895 3404 3154 3463 amicitia:
3202 3391 3390 3480 specie
3440 3413 3638 3472 invisi-

2056 3483 2243 3539 biliter
2270 3486 2672 3557 adorientibus,
2693 3490 2934 3564 bonique
2960 3506 3231 3566 praetextu
3253 3518 3317 3558 ac
3341 3506 3639 3564 occasione

2053 3577 2268 3631 occuite
2321 3581 2531 3647 peccati
2583 3591 2815 3640 mortem
2862 3590 3207 3648 eenscisccre
3275 3596 3638 3657 molientibus

2052 3681 2117 3721 ac
2145 3667 2459 3725 dicentibus
2492 3689 2504 3725 :
2528 3672 2933 3743 Ediﬁcabimus
2957 3682 3216 3740 vobiscum
3247 3688 3500 3759 templum
3524 3692 3635 3748 Do-

2052 3759 2195 3812 mino
2232 3768 2423 3825 vestro,
2458 3763 2747 3821 dicamus:
2781 3766 2901 3824 Non
2931 3780 3011 3825 est
3058 3774 3204 3831 nobis
3251 3785 3304 3831 et
3331 3780 3471 3835 vobis
3500 3784 3634 3837 ardi-

2048 3846 2214 3917 ﬁcare
2244 3851 2459 3906 domum
2500 3853 2727 3911 Domino
2762 3858 2873 3914 Deo
2922 3872 3103 3918 nostra
3134 3882 3153 3920 :
3200 3884 3299 3923 nos
3351 3872 3493 3926 enim
3532 3876 3635 3931 soli

2047 3939 2425 4009 wdiﬁcabimus
2455 3943 2681 4002 Domino
2706 3950 2894 4007 Israel.
2953 3954 3065 4011 Sit-ii
3104 3960 3350 4028 quidem,
3397 3966 3524 4034 quia
3562 3969 3631 4024 ab

2046 4030 2117 4088 iis
2167 4034 2382 4090 liberati
2439 4039 2746 4107 spiritibus,
2794 4045 2888 4114 qui
2934 4062 3037 4117 per
3080 4051 3304 4110 virtutis
3352 4030 3629 4116 defectum

2045 4119 2466 4193 impugnabant,
2500 4144 2640 4198 quos
2674 4140 2731 4187 et
2752 4135 3031 4193 evasimus
3054 4180 3069 4205 ,
3104 4143 3370 4201 nolumus
3399 4163 3499 4217 per
3529 4166 3629 4207 vos

2044 4214 2246 4269 iterum
2272 4219 2612 4276 excellentiis
2648 4223 2775 4279 elati
2809 4229 3077 4302 transﬁgi,
3128 4214 3416 4307 tantoque
3442 4242 3629 4311 priore

2044 4309 2215 4382 578
2244 4314 2503 4384 graviore
2527 4331 2658 4372 casu
2686 4334 2870 4387 ruere,
2904 4336 3113 4394 quanto
3163 4328 3235 4384 ab
3276 4330 3371 4386 illo
3399 4309 3626 4404 quidem

2044 4401 2224 4458 facilis
2268 4412 2387 4458 erat
2432 4420 2561 4475 spes
2595 4409 2809 4466 reditus
2834 4452 2849 4477 ,
2902 4416 3107 4484 quibus
3138 4418 3208 4474 ob
3246 4401 3625 4481 inﬁrmitatem

2042 4493 2304 4562 proclivis
2334 4496 2492 4551 venia
2541 4498 2734 4556 foret:
2768 4503 2839 4558 ab
2893 4505 3003 4561 hoc
3044 4517 3263 4577 autem,
3314 4524 3411 4569 aut
3451 4517 3622 4583 nulla,

2041 4593 2141 4640 aut
2159 4601 2322 4655 quam
2345 4588 2581 4647 diiiicilis
2606 4594 2733 4659 erit,
2763 4611 2901 4665 quos
2925 4600 3185 4668 superbia
3205 4617 3403 4659 exosos
3434 4606 3619 4671 faciat,

2040 4691 2105 4732 ac
2157 4679 2251 4747 qui
2299 4695 2367 4734 eo
2410 4683 2555 4752 quod
2610 4685 2863 4741 dextrum
2907 4698 3029 4755 est,
3080 4692 3229 4748 aliud
3278 4697 3411 4766 quid
3447 4704 3622 4771 magis

2040 4768 2299 4825 dextrum
2340 4788 2760 4842 praesumamus.
2809 4781 3022 4838 Rursus
3060 4793 3246 4841 autem
3300 4804 3411 4845 non
3464 4795 3562 4848 seti
3603 4836 3617 4856 .

2038 4860 2186 4927 quod
2222 4871 2442 4919 sanctos
2484 4868 2709 4937 angelos
2763 4871 3033 4927 bonorum
3083 4876 3364 4947 adjutores
3411 4882 3619 4939 habea-

2038 4963 2197 5015 mus;
2224 4952 2358 5020 quin
2382 4954 2495 5009 imo
2536 4956 2715 5025 ipsum
2753 4960 2946 5028 Deum,
2972 4979 3072 5032 per
3102 4966 3333 5036 iustitiae
3358 4986 3523 5041 opera
3557 4990 3619 5030 se

2034 5042 2198 5095 nobis
2219 5044 2682 5112 manifestantem,
2716 5067 2927 5121 nosque
2952 5055 3055 5109 sibi
3086 5056 3142 5111 in
3191 5061 3458 5130 templum
3486 5080 3614 5120 sau-

2034 5144 2206 5200 etum,
2238 5152 2303 5191 ac
2334 5139 2484 5194 omni
2520 5156 2722 5198 vacans
2755 5145 2899 5212 labe,
2920 5148 3307 5208 aediﬁcantem.

2106 5272 2194 5327 79.
2229 5272 2462 5330 Virtutis
2492 5278 2631 5333 ratio
2662 5288 2766 5344 est,
2812 5282 3155 5344 infirmitatis
3190 5289 3451 5351 humana:
3486 5312 3613 5354 cum

2031 5362 2218 5420 divina
2259 5368 2507 5435 potentia
2545 5386 2645 5439 per
2685 5374 3021 5443 agnitionem
3070 5382 3218 5438 unio.
3273 5383 3376 5451 Qui
3427 5388 3613 5457 itaque

2028 5453 2146 5522 ipse
2179 5470 2237 5509 se
2270 5467 2482 5514 natura:
2505 5460 2826 5519 inﬁrmitate
2877 5467 3277 5528 circumscribit
3331 5477 3399 5530 ad
3430 5453 3611 5533 virtu-

2031 5544 2098 5600 tis
2128 5548 2397 5605 rationem
2432 5566 2541 5607 non
2571 5552 2756 5620 venit;
2788 5552 3021 5626 ideoque
3050 5560 3341 5633 delinquit,
3372 5565 3605 5623 necdum
