4020 6408
408 381 536 446 1237

1067 367 1402 469 CAPITUM
1441 361 1865 438 QUlNQUIES
1901 357 2426 421 CENTENORUM
2471 361 2856 423 CENTURIA
2900 360 3017 421 III.

3537 353 3673 418 12Πῖ

401 500 508 552 τῶν
539 493 855 566 δαιμονίων,
887 493 986 546 οὐκ
1016 490 1361 543 εἰσακούεται
1395 481 1855 556 προσευχόμενος,
1891 475 1992 528 οὐκ

2102 473 2282 528 niente
2317 490 2446 545 erga
2493 490 2738 529 errorem
2780 475 3112 538 dazmonum,
3153 487 3258 527 nec
3303 471 3419 542 ipse
3450 472 3678 526 exaudi-

406 591 542 658 ἔχων
593 589 672 648 εἰς
719 586 1029 656 προσευχῆς
1063 582 1290 652 δύναμιν
1310 622 1324 647 ,
1387 578 1486 648 τὴν
1514 576 1622 629 ἀπὸ
1653 576 1754 644 τῆς
1784 571 1994 640 πλάνης

405 683 510 734 τῶν
539 679 716 733 ἀθέων
744 677 1016 730 Ἰουδαίων
1044 674 1398 745 ἐπιστροφήν.
1435 670 1598 724 Ὅθεν
1622 666 1718 720 τοῦ
1739 664 1993 732 διακενῆς

408 774 808 846 προσεύχεσθαι
843 775 935 825 καὶ
966 771 1154 824 τοῦτον
1182 770 1410 838 ἀπάγων
1441 769 1469 819 ὁ
1495 764 1650 827 Θεὸς,
1688 762 1846 831 φησὶ,
1884 757 1992 811 Kal

407 871 488 924 σὺ
519 868 606 938 μὴ
642 867 990 936 προσεύχου
1033 864 1168 932 περὶ
1200 860 1305 914 τοῦ
1335 858 1490 913 λαοῦ
1520 857 1759 917 τούτου,
1788 851 1884 906 καί
1906 849 1990 918 μὴ

410 961 588 1025 ἀξίου
634 960 742 1014 τοῦ
784 957 1107 1026 ἐλεηθῆναι
1137 952 1382 1019 αὐτοὺς,
1415 949 1510 1004 καὶ
1538 947 1625 1018 μὴ
1653 946 1860 1015 εὔχου,
1897 943 1992 996 καὶ

405 1051 490 1121 μὴ
525 1051 870 1119 προσέλθῃς
894 1065 997 1117 μοι
1031 1047 1162 1115 περὶ
1193 1043 1394 1099 αὐτῶν
1418 1042 1508 1096 ἔτι
1529 1084 1544 1108 ,
1602 1040 1691 1094 ὅτι
1724 1039 1836 1092 οὐκ
1868 1037 1994 1088 εισ-

409 1143 764 1210 ιικούσομαι.

485 1240 597 1301 πγθ.
637 1231 848 1301 Πολλῆς
875 1232 1043 1294 ὅντως
1074 1230 1223 1283 ἐστὶν
1252 1225 1602 1298 ἀϐελτηρίας,
1635 1223 1722 1277 ἵνα
1751 1220 1826 1292 μὴ
1851 1218 1994 1285 λέγω

413 1326 842 1397 παραφροσύνης
868 1365 882 1390 ,
937 1326 1002 1378 δι’
1026 1325 1191 1394 εὐχῆς
1239 1321 1465 1375 δικαίων
1508 1317 1788 1386 ἐπιζητεῖν
1817 1331 1995 1383 σωτηο

415 1419 535 1487 ρἀν
559 1458 575 1482 ,
639 1417 734 1471 τδν
779 1417 924 1471 κατὰ
968 1416 1210 1470 διάθεσιν
1247 1415 1362 1476 τοῖς
1401 1409 1667 1482 ὀλεθρίοις
1695 1407 1992 1480 ἡδόμενον·

412 1508 681 1563 κάκείνων
738 1505 1010 1564 αἰτεῖσθαι
1069 1502 1420 1576 συγχώρησιν
1445 1542 1460 1566 ,
1521 1495 1604 1562 οἷς
1653 1497 1995 1567 ὲγκαυχᾶται

412 1601 529 1653 κατ’
545 1599 829 1672 ἐνέργειαν
857 1597 1114 1672 προθέσει
1149 1595 1531 1666 σπιλούμενος,
1567 1591 1686 1646 δέον
1718 1589 1792 1661 μὴ
1819 1587 1996 1660 ἀργὴν

410 1695 504 1764 iis
545 1691 795 1762 γίνεσθαι
843 1693 937 1745 καὶ
975 1691 1236 1762 ἀκίνητον
1283 1689 1378 1742 τοῦ
1415 1685 1629 1741 δικαίου
1657 1683 1756 1755 τὴν
1785 1681 1992 1752 δέησιν,

410 1785 500 1835 τ>ιν
554 1781 758 1853 ταύτης
804 1782 1093 1852 δεόμενον,
1150 1783 1308 1852 εἰπερ
1349 1777 1566 1851 ἀληθῶς
1593 1777 1710 1839 τοῖς
1737 1775 1996 1844 πονηροῖς

414 1872 811 1945 ἀπεχθάνεται·
865 1874 984 1930 ἀλλ’
1003 1875 1229 1946 ἐνεργὸν
1253 1875 1430 1926 ποιεῖν
1461 1871 1556 1924 καὶ
1586 1867 1837 1940 ίσχυράν,
1867 1869 1991 1930 ταῖς

411 1965 639 2031 οἰκείαις
684 1968 909 2038 ἀρεταῖς
955 1967 1352 2039 πτερουμένην,
1402 1966 1498 2020 καὶ
1542 1963 1853 2034 φθάνουσαν
1899 1961 1992 2014 τὸν

415 2057 763 2132 συγχώρησιν
787 2060 989 2115 διδόναι
1011 2061 1122 2115 τῶν
1144 2058 1650 2132 πλημμεληθέντων
1672 2055 1990 2127 δυνάμενον.

486 2239 590 2294 πδ’.
646 2240 815 2294 Πολὺ
855 2241 1053 2310 ἰσχύει
1099 2240 1206 2296 τοῦ
1238 2240 1474 2295 δικαίου
1515 2239 1554 2308 ἦ
1587 2236 1834 2307 δέησις,
1883 2236 1996 2290 εἴτε

416 2334 478 2385 ἐκ
522 2330 618 2384 τοῦ
669 2333 996 2402 ποιουμένου
1025 2332 1229 2402 ταύτην
1255 2333 1464 2385 δικαίου
1485 2373 1500 2398 ,
1562 2331 1672 2384 εἴτε
1701 2329 1767 2383 ὲκ
1790 2328 1884 2382 τοῦ
1910 2326 1998 2396 γί-

415 2423 601 2477 νεσθαι
629 2425 802 2494 αὐτὴν
830 2425 1150 2494 αἰτουμένου
1182 2424 1276 2478 τὸν
1300 2424 1508 2478 δίκαιον
1534 2463 1549 2486 ,
1601 2414 1993 2492 ἐνεργουμένη.

425 2515 560 2568 Ὑπὸ
587 2516 684 2586 μὲν
711 2516 820 2588 γάρ
844 2515 938 2572 τοῦ
963 2517 1170 2571 δικαίου
1198 2518 1282 2570 ένε
1293 2516 1590 2588 ργουμένη,
1613 2514 1828 2568 δίδωσιν
1849 2511 1996 2582 αὐτῷ

420 2609 731 2679 παρρησίαν
755 2609 891 2681 πρὸς
912 2609 1006 2662 τὸν
1030 2610 1214 2664 δοῦναι
1238 2611 1532 2680 δυνάμενον
1552 2608 1619 2663 τά
1639 2607 1748 2660 τῶν
1770 2605 1997 2660 δικαίων

417 2700 713 2770 αἰτήματα·
745 2699 851 2754 ὑπὸ
873 2701 930 2752 δὲ
954 2699 1047 2754 τοῦ
1073 2701 1280 2772 ταύτην
1308 2699 1629 2769 αἰτουμένου
1654 2698 1745 2752 τὸν
1764 2697 1992 2761 δίκαιον,

417 2789 515 2861 τῆς
540 2790 817 2861 προτέρας
843 2791 1006 2845 αὑτὸν
1035 2790 1339 2862 μοχθηρίας
1364 2791 1626 2860 ἀφίστησι
1652 2831 1665 2855 ,
1721 2787 1994 2860 μεταϐάλο

417 2881 582 2935 λουσα
617 2882 752 2951 πρὸς
782 2882 985 2954 ἀρετὴν
1015 2882 1164 2953 αύτῷ
1190 2883 1289 2953 τὴν
1315 2883 1572 2936 διάθεσιν.

488 2979 591 3028 πε’.
610 2973 630 2995 ⁶
649 2973 756 3026 Τοῦ
773 2975 1100 3028 Ἀποστόλου
1128 2976 1431 3046 εἰρηκότος,
1450 2967 1612 3042 Ἐνῷ
1626 2972 1998 3044 ἀγαλλιᾶσθε

418 3065 627 3134 ὀλίγον
655 3063 806 3134 ἄρτι,
841 3067 894 3119 ει
939 3064 1081 3119 δέον
1117 3066 1247 3120 ἐστὶ
1293 3064 1684 3136 λυπηθέντας
1723 3065 1882 3135 ὑμᾶς
1929 3064 2000 3118 ἐν

417 3155 718 3222 ποικίλοις
753 3156 1126 3226 πειρασμοῖς,
1163 3156 1280 3222 πῶς
1306 3175 1390 3222 τις
1417 3157 1758 3227 λυπούμενος
1785 3158 1843 3210 έν
1877 3172 2001 3209 πει-

419 3249 648 3318 ρασμοῖς
679 3232 899 3302 δύναται
929 3247 1289 3318 ἁγαλλιᾶσθαι
1315 3250 1371 3301 ὲν
1396 3242 1440 3317 ᾧ
1464 3249 1710 3302 λυπεῖται
1740 3267 1755 3316 ;

489 3433 606 3491 πς’.
641 3427 753 3498 Τὴν
777 3427 954 3500 λύπην
977 3429 1162 3500 διττὴν
1186 3426 1295 3483 οἶδε
1329 3429 1430 3497 τῆς
1458 3430 1713 3500 ἀληθείας
1743 3431 1770 3483 ὁ
1799 3430 1953 3498 λόγος
1980 3445 1994 3459 ·

413 3519 513 3590 τὴν
542 3520 660 3589 μὲν,
691 3521 834 3575 κατά
858 3521 1036 3592 ψυχὴν
1064 3522 1284 3590 ἀφανῶς
1309 3539 1322 3554 ·
1372 3522 1469 3592 τὴν
1495 3523 1572 3586 δὲ,
1601 3521 1720 3576 κατ’
1745 3520 2000 3592 αἴσθησιν

419 3609 671 3680 φανερῶς
700 3612 1117 3682 συνισταμένην·
1151 3612 1244 3664 καὶ
1273 3613 1370 3682 τὴν
1404 3614 1525 3683 μὲν,
1554 3613 1675 3666 ὅλον
1701 3613 1798 3683 τῆς
1819 3612 2000 3684 ψυχῆς

413 3703 479 3753 τὸ
511 3701 674 3771 βάθος
702 3703 1238 3774 περιλαμϐάνουσαν,
1276 3707 1340 3775 τῇ
1373 3707 1597 3774 μάστιγι
1625 3705 1726 3775 τῆς
1751 3704 1999 3774 συνειδή-

418 3810 553 3856 σεως
585 3793 952 3865 αἰκιζόμενον·
985 3796 1082 3866 τὴν
1111 3795 1190 3857 δὲ,
1225 3797 1404 3849 πᾶσαν
1433 3798 1532 3868 τὴν
1563 3796 1814 3868 αἴσθησιν
1842 3814 1995 3867 περι-

416 3884 736 3958 γράφουσαν
759 3927 774 3950 ,
827 3887 906 3956 τῷ
950 3887 1106 3959 βάρει
1137 3887 1246 3942 τῶν
1271 3887 1534 3955 ἀλγεινῶν
1567 3888 1999 3959 συστελλομένην

415 3976 518 4044 τῆς
544 3980 779 4049 φυσικῆς
803 3979 1106 4049 διαχύσεως
1125 3996 1137 4010 ·
1201 3981 1297 4033 καὶ
1323 3980 1423 4050 τὴν
1456 3980 1556 4050 μὲν
1575 4023 1588 4044 ,
1640 3983 1740 4051 τῆς
1769 3981 1889 4035 κατ’
1913 3982 2000 4033 αἴ-

419 4062 610 4131 σθησιν
640 4065 828 4136 ἡδονῆς
863 4082 876 4093 ’
936 4067 1034 4136 τὴν
1063 4067 1139 4129 δὲ,
1161 4067 1263 4134 τῆς
1294 4070 1434 4122 κατά
1455 4068 1633 4141 ψυχὴν
1659 4070 2000 4141 εὐφροσύνης

415 4155 569 4220 τέλος
599 4156 952 4229 ὑπάρχουσαν
977 4175 992 4191 ⁸
1033 4160 1238 4230 μᾶλλον
1261 4162 1318 4214 δὲ
1349 4163 1448 4232 τὴν
1477 4163 1599 4232 μὲν,
1634 4162 1743 4215 τῶν
1773 4165 1892 4216 κατ’
1912 4162 1999 4216 αἴ-

419 4251 611 4320 σθησιν
653 4250 949 4322 γνωμικῶν
974 4269 988 4283 ·
1042 4252 1142 4324 τὴν
1181 4253 1259 4316 δὲ,
1293 4253 1402 4308 τῶν
1439 4254 1561 4307 κατ’
1584 4254 1754 4327 αὐτὴν
1784 4255 1996 4326 συμπέ-

418 4361 606 4416 ρασμα
635 4346 784 4415 παρὰ
809 4345 1034 4417 γνώμην
1065 4347 1252 4399 παθῶν
1277 4348 1666 4418 τυγχάνουσαν.

2098 575 2206 630 tur,
2245 565 2392 634 quod
2437 565 2588 634 impii
2633 564 2808 618 Judaei
2851 562 3223 618 convertendo
3265 576 3325 616 se
3359 559 3428 614 ab
3461 574 3670 624 errore,

2094 659 2274 713 nullas
2319 658 2626 728 precationi
2663 657 2812 711 vires
2850 656 3130 710 aderrent.
3171 654 3326 710 Unde
3360 663 3415 708 et
3458 653 3601 709 Deus
3645 667 3677 708 ει

2092 748 2408 802 frustraneo
2450 747 2545 800 illo
2591 760 2820 816 precum
2858 744 3066 797 ambitu
3111 760 3237 799 cum
3279 757 3558 797 avocans:
3601 741 3673 794 Tu

2096 855 2318 910 quoque,
2376 837 2576 908 inquit,
2624 836 2733 890 noli
2775 851 2932 889 orare
2972 853 3067 906 pro
3110 833 3301 905 populo
3349 835 3463 897 hoc,
3507 842 3556 887 et
3611 848 3676 884 ne

2096 945 2244 1001 roges
2279 938 2338 982 ut
2377 945 2556 982 eorum
2596 931 2888 993 miserear;
2924 945 3018 982 nec
3054 927 3200 981 ultra
3244 944 3338 997 pro
3378 929 3449 980 eis
3484 925 3554 979 ad
3595 941 3676 978 me

2095 1023 2392 1086 accesseris,
2420 1021 2545 1089 quia
2573 1037 2675 1074 non
2694 1021 2980 1074 exaudiam
3015 1020 3054 1072 ¹.

2167 1202 2254 1258 85.
2290 1201 2527 1257 Summa:
2559 1215 2747 1255 revera
2784 1198 3102 1254 steliditatis
3139 1206 3243 1262 cst,
3278 1214 3347 1251 ne
3371 1197 3547 1252 dicam
3577 1197 3676 1252 de-

2097 1297 2336 1361 mentizc,
2363 1297 2640 1366 justorum
2680 1294 2937 1364 precibus
2966 1293 3199 1346 salutem
3231 1293 3548 1360 exquirere,
3584 1292 3686 1361 qui"

2095 1388 2344 1443 exitiosis
2387 1387 2553 1442 rebus
2595 1402 2659 1440 ac
2707 1403 2836 1456 qua:-
2869 1385 3152 1439 interitum
3203 1383 3441 1453 pariant,
3493 1383 3680 1436 animo

2097 1479 2438 1545 delectetur;
2465 1494 2768 1548 eorumque
2797 1477 3014 1532 veniam
3041 1485 3250 1546 petere,
3269 1474 3474 1544 quibus
3500 1474 3680 1543 reipsa

2097 1572 2330 1627 sordens
2354 1572 2558 1626 mentis
2601 1570 2888 1641 proposito
2905 1569 3201 1641 glorietur;
3235 1582 3360 1623 cum
3386 1583 3486 1638 par
3510 1577 3677 1631 esset,

2097 1671 2158 1717 ut
2183 1663 2276 1733 qui
2309 1663 2440 1734 justi
2475 1662 2922 1734 deprecationem
2972 1661 3251 1730 implorat,
3293 1675 3404 1714 non
3447 1659 3680 1714 otiosam

2097 1763 2392 1822 motusque
2423 1762 2704 1823 expertem
2745 1768 2808 1807 ac
2845 1751 3090 1806 desidem
3134 1767 3253 1806 eam
3293 1749 3412 1805 ﬁeri
3448 1749 3678 1813 sineret,

2097 1845 2143 1899 si
2190 1844 2353 1899 modo
2385 1859 2516 1899 vere
2546 1844 2624 1898 illi
2665 1843 2808 1897 mala
2841 1842 3236 1912 displicerent;
3267 1841 3363 1894 sed
3401 1838 3684 1894 efﬁcacem

2093 1935 2464 2005 validamque,
2514 1935 2757 2006 propriis
2805 1933 2977 2003 ipsius
3035 1932 3339 1986 virtutibus
3387 1931 3689 1985 subnixam

2094 2030 2378 2099 altumque
2403 2029 2679 2082 volantem
2714 2027 2989 2093 redderet,
3009 2042 3245 2095 eumque
3275 2033 3676 2095 asscquentem,

2096 2119 2190 2189 qui
2215 2126 2398 2188 potest
2418 2117 2748 2172 delictorum
2774 2117 2991 2181 veniam
3017 2118 3286 2188 praebere.

2166 2224 2255 2280 8-1.
2298 2222 2525 2278 Multum
2565 2221 2706 2277 valet
2734 2222 2890 2292 justi,
2923 2221 3242 2293 deprecatio,
3288 2223 3405 2277 sive
3443 2237 3511 2276 ex
3546 2210 3700 2292 justi-

2097 2313 2272 2385 ipsius
2304 2313 2589 2368 offerentis
2619 2327 2876 2382 persona,
2917 2312 3034 2367 sive
3064 2312 3231 2377 illius,
3263 2313 3420 2384 cujus
3445 2314 3561 2384 ipse
3592 2331 3684 2369 ro-

2096 2409 2224 2473 gatu
2254 2401 2468 2456 Numen
2499 2401 2831 2470 interpellat,
2871 2399 3085 2455 efﬁcax.
3121 2397 3290 2456 Justo‘
3317 2402 3467 2456 enim
3497 2402 3684 2457 efﬁca-

2097 2505 2218 2545 cem
2259 2488 2534 2552 reddenti,
2577 2488 2837 2542 ﬁduciam
2877 2488 3212 2558 impetrandi
3262 2489 3492 2559 praebet,
3535 2492 3680 2560 apud

2095 2584 2223 2632 eum
2253 2577 2346 2646 qui
2377 2578 2654 2646 justorum
2689 2575 2990 2646 petitiones
3021 2583 3206 2645 potest
3233 2577 3512 2644 tribuere;
3553 2593 3681 2633 eum

2097 2682 2230 2722 vero
2257 2669 2352 2736 qui
2373 2668 2581 2738 justum
2616 2659 2967 2736 precatorem
2999 2665 3246 2731 adhibet,
3277 2682 3307 2722 a
3349 2667 3535 2738 priore
3576 2669 3682 2722 im-

2097 2761 2373 2832 probitate
2399 2759 2667 2831 abjungit,
2687 2760 2808 2832 ejus
2836 2758 3082 2813 animum
3104 2757 3171 2814 ad
3199 2759 3461 2816 virtutem
3489 2760 3682 2815 tradu-

2097 2865 2248 2906 cens.

2167 2944 2257 2999 85.
2307 2943 2444 2998 Cum
2477 2941 2773 3012 Apostolus
2815 2941 2963 2997 dicat
3000 2958 3013 2995 :
3059 2941 3124 2996 In
3171 2957 3274 3012 quo
3329 2940 3686 3005 exsuttabitis,

2100 3038 2362 3091 modicum
2401 3051 2560 3100 nunc,
2607 3037 2652 3090 si
2701 3042 2903 3106 oportet
2934 3037 3237 3090 contristari
3281 3051 3371 3090 vos
3417 3037 3475 3090 in
3523 3037 3700 3090 variis

2026 3160 2069 3221 ε
2103 3128 2477 3183 tentalionibus
2507 3129 2556 3194 ’ς
2595 3127 2874 3198 quomodo
2906 3127 3003 3198 qui
3058 3127 3114 3181 in
3153 3128 3552 3182 tentationibus
3588 3128 3687 3180 tri-

2101 3229 2299 3287 statur,
2347 3220 2402 3274 in
2453 3236 2521 3274 eo
2563 3220 2843 3275 exsultare
2897 3218 3074 3289 possit
3127 3219 3184 3274 in
3235 3235 3347 3289 quo
3392 3220 3694 3285 tristatur;

2101 3313 2260 3382 cujus
2286 3327 2486 3380 nempe
2509 3311 2682 3381 gratia
2710 3310 2948 3364 mearet?

2170 3402 2260 3458 86.
2323 3401 2608 3471 Duplicem
2668 3401 2946 3454 tristitiam
2999 3401 3156 3456 novit
3221 3416 3352 3455 vera
3403 3400 3681 3466 doctrina;
3771 3440 3776 3445 .

2100 3493 2326 3549 alteram
2349 3509 2471 3563 quae
2497 3493 2552 3546 in
2582 3492 2768 3548 animo
2792 3491 3024 3546 occultis
3049 3491 3354 3546 rationibus
3377 3491 3681 3557 conﬂatur;

2100 3584 2348 3646 alteram,
2383 3597 2505 3651 quae
2529 3580 2694 3651 580
2720 3580 2777 3634 in
2820 3594 2986 3636 sensu
3025 3581 3314 3636 manifeste
3344 3581 3522 3651 posita
3555 3591 3640 3636 est
3668 3601 3680 3636 :

2101 3690 2164 3730 ac
2201 3675 2348 3728 illam
2396 3673 2643 3743 quidem,
2689 3681 2866 3727 totum
2911 3672 3078 3726 animi
3130 3673 3468 3743 profundum
3515 3690 3683 3729 occu-

2101 3783 2253 3840 pare,
2288 3767 2435 3839 quod
2477 3767 2832 3821 conscientiae
2859 3766 3074 3836 ﬂagello
3103 3768 3327 3837 vapulet
3356 3784 3369 3820 :
3411 3768 3557 3823 hanc
3583 3784 3684 3823 au-

2102 3871 2233 3927 tem,
2282 3876 2503 3917 sensum
2559 3876 2779 3916 omnem
2827 3861 3254 3924 circumvenire,
3304 3875 3470 3930 quem
3518 3877 3685 3932 grave

2100 3953 2478 4009 molestiarum
2503 3952 2721 4021 pondus
2755 3968 2784 4006 a
2809 3953 3044 4008 naturali
3072 3953 3366 4008 diﬁ‘usione
3397 3963 3684 4020 coerceat;

2101 4048 2359 4117 illamque
2381 4045 2518 4101 adeo
2539 4047 2837 4115 voluptatis
2871 4061 3086 4110 sensus,
3111 4047 3252 4100 hanc
3274 4046 3479 4102 laetitiae
3510 4047 3693 4102 animi

2103 4139 2266 4193 ﬁnem
2287 4138 2593 4194 exsistere:
2625 4139 2758 4207 quin
2798 4139 3002 4208 potius,
3046 4139 3192 4194 illam
3225 4140 3450 4209 quidem
3487 4156 3696 4196 sensus-

2100 4231 2396 4286 aﬁ'ectuum
2433 4247 2500 4286 ex
2533 4231 2849 4297 voluntate;
2901 4231 3046 4285 hanc
3079 4241 3284 4295 autem,
3325 4241 3518 4287 eorbm
3559 4249 3684 4303 quze

2102 4331 2301 4394 praeter
2333 4323 2673 4378 voluntatem
2713 4338 2890 4393 eaque
2923 4323 3096 4378 invita
3137 4324 3213 4378 illi
3251 4325 3528 4393 accidunt,
3559 4342 3682 4382 esse

2100 4416 2419 4475 terminum.
3337 4435 3342 4440 ·

487 4524 596 4590 πζ’.
637 4527 796 4596 Λύπη
830 4527 948 4579 ἐστὶ
971 4567 983 4589 ,
1033 4528 1153 4580 κατ’
1179 4527 1278 4597 ἐμὲ
1309 4527 1496 4597 φάναι,
1529 4527 1770 4594 διάθεσις
1793 4531 1995 4602 ἡδονῶν

2175 4509 2264 4563 8‘7.
2290 4509 2539 4564 Tristitia
2565 4519 2650 4566 est
2674 4509 2843 4581 (quod
2874 4510 3096 4582 quidem
3127 4511 3407 4583 existimo)
3442 4512 3677 4581 disposi-

416 4619 757 4689 ἐστερημένη
777 4635 790 4649 ⁸
830 4621 1085 4689 στέρησις
1113 4619 1169 4672 δὲ
1200 4621 1540 4691 καθέστηκεν
1565 4622 1789 4692 ἡδονῶν,
1820 4624 1997 4677 πόνων

416 4710 681 4779 ἐπαγωγή
707 4727 721 4740 ·
776 4711 936 4773 πόνος
963 4711 1019 4764 δὲ
1051 4710 1236 4780 σαφῶς
1265 4712 1403 4774 ἐστι,
1454 4715 1692 4785 φυσικῆς
1721 4713 1888 4780 ἕξεως
1914 4715 1998 4768 ἕλε

416 4795 592 4864 λειψις
733 4796 1123 4868 ὑποχώρησις·
1185 4799 1423 4871 ἔλλειψις
1461 4803 1518 4855 δὲ
1573 4809 1805 4878 φυσικῆς
1850 4809 1996 4860 ἐστιν

415 4885 588 4951 ἕξεως
609 4928 624 4952 ,
686 4887 856 4952 πάθος
905 4893 1003 4961 τῆς
1035 4891 1177 4946 κατὰ
1204 4892 1366 4960 φύσιν
1395 4895 1762 4966 ὑποκειμένης
1792 4901 1857 4969 τῇ
1884 4897 1996 4962 ἕξει

415 4979 723 5048 δυνάμεως.
760 4981 833 5033 Τὸ
858 4982 912 5034 δὲ
941 4983 1111 5047 πάθος
1141 4985 1239 5055 τῆς
1268 4987 1409 5039 κατὰ
1434 4987 1594 5056 φύσιν
1627 4990 1997 5060 ὑποκειμένης

413 5075 481 5143 τῇ
529 5071 642 5136 ἕξει
687 5073 968 5142 δυνάμεώς
1006 5076 1188 5142 ἐστιν,
1248 5079 1276 5130 ὁ
1309 5078 1450 5132 κατὰ
1499 5079 1596 5152 τὴν
1645 5083 1996 5152 παρὰχρησιν

417 5165 516 5234 τῆς
555 5166 790 5235 φυσικῆς
821 5166 1101 5237 ἐνεργείας
1137 5168 1339 5236 τρόπος
1363 5184 1378 5200 ·
1438 5173 1782 5242 παραχρησις
1811 5174 1866 5225 δὲ
1900 5172 1994 5226 τοῦ

420 5259 537 5308 κατ’
563 5257 840 5328 ἐνέργειαν
865 5259 1068 5328 τρόπου
1101 5259 1461 5331 καθέστηκεν,
1492 5265 1524 5333 ή
1558 5263 1694 5332 πρὸς
1716 5265 1776 5316 τὸ
1808 5264 1880 5335 μὴ
1903 5283 1996 5316 πε-

419 5347 588 5416 φυκὸς
620 5348 763 5401 κατά
791 5348 951 5416 φύσιν
979 5349 1070 5402 καὶ
1094 5348 1461 5420 ὑφιστάμενον
1485 5351 1556 5422 (It)
1587 5353 1685 5422 τῆς
1715 5351 1997 5424 δυνάμεως

417 5439 650 5508 κίνησις.

493 5594 508 5623 ³
540 5593 742 5649 Jcrcm.
781 5612 873 5658 vu,
920 5596 1005 5651 l6.
1059 5599 1278 5653 ‘lPetr.
1317 5615 1354 5663 ι,
1385 5599 1435 5653 6.

489 5709 506 5724 ⁶
541 5707 624 5763 Cf.
652 5709 720 5764 ad
749 5711 995 5768 'l'lialass.
1019 5729 1073 5784 q.
1104 5713 1190 5769 58.

2106 4602 2182 4656 tio
2217 4601 2386 4656 animi
2420 4617 2519 4657 seu
2560 4602 2779 4658 aﬁ‘ectio
2810 4603 3186 4671 voluptatibus
3217 4617 3432 4657 carens.
3475 4602 3680 4656 Harum

2105 4703 2288 4750 autem
2317 4695 2573 4764 privatio,
2605 4695 2855 4750 laborum
2884 4695 3115 4750 inﬁictio
3135 4703 3238 4750 est.
3268 4694 3450 4750 Labor
3471 4703 3679 4761 autem,

2095 4788 2364 4842 naturalis
2399 4788 2621 4842 habitus
2650 4789 2829 4858 palam
2868 4787 3138 4853 defectus,
3169 4804 3265 4843 seu
3293 4788 3592 4844 subductio
3616 4806 3682 4844 ac

2099 4895 2350 4935 recessus
2383 4887 2488 4934 est.
2532 4879 2791 4934 Defectus
2819 4889 3006 4934 autem
3036 4887 3092 4934 et
3130 4879 3380 4934 absentia
3413 4880 3682 4935 naturalis

2103 4972 2348 5038 habitus,
2385 4973 2568 5042 passio
2607 4981 2687 5028 est
2730 4981 2787 5026 et
2828 4973 2980 5027 labes
3020 4988 3115 5027 seu
3157 4972 3428 5042 aegritudo
3455 4974 3577 5045 ejus
3603 4973 3682 5028 fa-
3746 4978 3754 5032 ὲ

2102 5066 2346 5131 cultatis,
2388 5081 2510 5135 qua:
2549 5074 2746 5121 natura
2793 5065 3008 5120 babitui
3050 5066 3294 5136 subjecta
3337 5074 3443 5122 est.
3492 5066 3682 5122 Passio

2101 5165 2284 5212 autem
2316 5169 2372 5213 et
2415 5158 2566 5213 labes
2610 5174 2706 5213 seu
2753 5157 3021 5229 aegritudo
3063 5159 3184 5229 ejus
3231 5157 3528 5225 facultatis,
3559 5175 3682 5229 qua:

2102 5261 2298 5306 natura
2327 5252 2542 5307 habitui
2583 5253 2828 5323 subjecta
2860 5261 2965 5317 est,
2998 5253 3196 5308 modus
3218 5261 3302 5307 est
3326 5269 3424 5323 per
3448 5253 3680 5308 abusum

2097 5346 2364 5401 naturalis
2388 5346 2756 5415 operationis.
2809 5347 2982 5401 Porro
3037 5346 3246 5400 abusus
3285 5346 3432 5399 modi
3479 5359 3681 5414 opera-

2097 5441 2286 5504 tionis,
2315 5449 2497 5493 motus
2525 5449 2608 5494 est
2637 5439 2940 5500 facultatis,
2984 5439 3037 5493 in
3073 5438 3126 5492 id
3161 5438 3309 5508 quod
3345 5447 3540 5492 natura
3575 5437 3679 5490 mi-

2098 5534 2246 5588 nime
2279 5541 2656 5623 conliparatum
2679 5540 2781 5595 est,
2816 5547 2998 5601 neque
3038 5545 3164 5585 vere
3199 5539 3303 5584 est.

493 5825 565 5893 (k)
608 5826 838 5895 'llxpdc
886 5827 948 5882 τὸ
991 5828 1078 5898 μὴ
1132 5829 1400 5898 πεφυκὸς
1449 5831 1596 5884 κατὰ
1641 5831 1828 5900 φύσιν
1888 5831 1983 5886 καὶ

2102 5829 2453 5901 νιστιὶμενον.
2491 5829 2663 5885 Motus
2729 5828 2998 5900 facultatis
3067 5829 3120 5882 in
3174 5829 3229 5884 id
3260 5826 3399 5898 quod
3441 5841 3542 5880 non
3600 5834 3678 5878 est
