4020 6406
358 336 490 410 i301

1006 344 1343 408 CAPITUM
1381 344 1805 420 QUINQUIES
1845 346 2369 412 CENTENORL’M
2408 352 2793 416 CENTURIA
2836 355 2954 417 IlI.

3494 356 3638 423 130a

416 448 526 524 id.
567 452 627 507 Ὀ
683 451 785 526 μὲν
838 451 1047 529 Κύριος
1097 457 1435 529 ἀπεύχεσθαι
1489 460 1619 523 τοὺς
1654 460 1939 527 ἑκουσίους

2122 463 2212 519 95.
2250 463 2520 521 Dominus
2543 467 2789 536 quidem,
2811 484 2906 525 eas
2936 485 3038 526 nos
3074 470 3412 527 teutationcs
3434 470 3631 541 deprc-

354 546 499 619 ἡμᾶς
531 546 775 621 διδάσκει
802 550 1171 619 πειρασμοὺς,
1208 550 1284 614 ὼς
1315 550 1519 621 σαρκὸς
1549 550 1671 622 μὲν,
1701 551 1934 623 ἡδονῆςο

352 639 527 711 ψυχῆς
547 640 626 703 δὶ,
675 640 993 711 ποιητικοὺς
1020 639 1215 712 ὀδύνης
1234 654 1250 671 ⁸
1304 642 1334 694 6
1363 642 1421 695 δὲ
1451 640 1626 713 μέγας
1659 643 1936 710 Ἰάκωϐος,

355 732 443 787 ἐπὶ
473 732 585 795 τοῖς
606 731 883 797 ἀκουσίοις
922 734 1055 804 ήμῖν
1086 736 1342 806 παραινεῖ
1360 735 1574 807 χαίρειν
1589 737 1935 807 πειρασμοῖς,

353 823 425 887 ὡς
456 822 658 896 σαρκὸς
691 824 790 896 μὲν
820 823 1037 896 ἡδονὴν,
1070 823 1251 897 ψυχῆς
1279 825 1336 880 δὲ
1368 825 1565 898 ὀδύνην
1593 826 1936 899 ἀφαιρουμέ-

354 935 481 980 νοις.

422 1094 526 1162 ἥδ’.
572 1094 795 1160 Τέλειός
820 1095 997 1162 ἔστιν,
1034 1097 1063 1149 6
1089 1098 1201 1162 τοῖς
1230 1096 1499 1163 ἑκουσίοις
1528 1098 1596 1153 δι’
1613 1100 1941 1172 ἐγκρατείας

357 1189 664 1259 μαχόμενος
689 1227 705 1253 ,
761 1189 856 1242 καὶ
900 1190 1016 1254 τοῖς
1043 1192 1322 1256 ἀκουσίοις
1348 1191 1415 1245 δι’
1437 1193 1715 1264 ὑπομονῆς
1740 1196 1942 1268 ἐγκαρ-

352 1279 527 1349 τερῶν
558 1283 888 1351 πειρασμοῖς
910 1292 928 1313 '°
984 1280 1079 1335 καὶ
1106 1280 1404 1357 ὑλόκληρός
1427 1286 1610 1351 ἐστιν,
1661 1289 1690 1341 6
1720 1289 1814 1342 mi.
1841 1290 1942 1361 τὴν

354 1368 552 1443 πρᾶξιν
589 1374 729 1444 μετά
756 1372 1012 1443 γνώσεως
1034 1417 1049 1442 ,
1112 1377 1207 1431 καὶ
1238 1378 1338 1447 τήν
1368 1376 1605 1451 θεωρίαν
1633 1380 1732 1435 οὑκ
1763 1383 1943 1453 ἄπρα-

284 1504 293 1513 .
353 1482 479 1519 κτον
506 1465 759 1523 διανύων.

423 1652 524 1716 ιιέ.
569 1652 924 1723 Διῃρημένης
959 1656 1039 1716 είς
1066 1655 1246 1725 ψυχήν
1268 1672 1328 1708 τε
1360 1656 1454 1710 καὶ
1482 1656 1736 1727 αἴσθησιν
1880 1676 1940 1713 τε

350 1738 526 1811 λύπης
564 1744 660 1796 καί¹
690 1744 789 1813 τῆς
818 1745 1013 1815 ἡδονῆς
1036 1786 1052 1811 ,
1106 1749 1135 1799 6
1173 1747 1275 1816 τὴν
1299 1751 1398 1819 τῆς
1423 1748 1599 1819 ψυχῆς
1627 1750 1942 1820 περιποιού-

354 1850 514 1903 μενος
544 1834 739 1908 ἡδονὴν
764 1875 778 1898 ,
844 1836 941 1907 τὴν
964 1837 1022 1892 δὲ
1052 1839 1152 1907 τῆς
1174 1840 1485 1909 αἰσθήσεως
1519 1841 1638 1911 μεθ’
1664 1840 1942 1915 ὑπομονῆς

352 1924 787 1996 καταδεχόμενος
828 1927 1007 2001 λύπην
1032 1970 1046 1995 ,
1108 1931 1333 2001 δόκιμος
1369 1932 1577 2000 γίνεται
1612 1935 1704 1988 καὶ
1738 1935 1942 1999 τέλειος

351 2018 448 2069 καὶ
478 2017 789 2090 ὁλόκληρος·
819 2019 1044 2091 δόκιμος
1069 2021 1191 2089 μὲν,
1227 2023 1314 2097 διὰ
1341 2025 1441 2095 τὴν
1467 2029 1662 2097 πεῖραν
1688 2026 1797 2080 τῶν
1822 2029 1940 2081 κατ’

352 2104 611 2180 αἴσθησιν
644 2111 906 2167 ἐναντίων
926 2126 941 2142 ⁸
1001 2113 1207 2179 τέλειος
1237 2115 1316 2181 δὲ,
1352 2116 1429 2180 ὡς
1454 2120 1519 2189 τῇ
1548 2118 1668 2172 κατ’
1692 2120 1942 2191 αἴσθησιν

354 2200 517 2271 ἡδονῇ
550 2218 609 2254 τε
645 2203 739 2255 καὶ
764 2203 909 2274 λύπῃ
944 2203 1012 2258 δι’
1040 2207 1370 2277 ἐγκρατείας
1416 2209 1512 2262 καὶ
1544 2209 1825 2284 ὑπομονῆς
1851 2214 1945 2268 ἀν-

354 2292 584 2357 ενδότως
613 2296 941 2365 μαχόμενος·
974 2298 1267 2370 ὁλόκληρος
1291 2300 1368 2365 δὲ,
1398 2300 1475 2366 ὡς
1500 2302 1603 2367 τὰς
1626 2306 1945 2377 μαχομένας

352 2389 480 2450 ταῖς
529 2390 651 2442 κατ’
692 2389 949 2461 αἴσθησιν
999 2391 1265 2463 ἀλλήλαις
1308 2396 1719 2466 ἀντικειμέναις
1765 2399 1945 2454 διαθέ-

356 2493 510 2530 σεσιν
539 2478 683 2543 ἕξεις
705 2520 722 2545 ,
785 2482 845 2534 ὲν
871 2485 937 2552 τῇ
973 2484 1331 2555 σταθερότητι
1363 2486 1464 2554 τῆς
1498 2492 1643 2542 κατὰ
1670 2490 1764 2543 τὸν
1786 2491 1945 2556 λόγον

354 2570 718 2641 ταυτότητος,
757 2574 1076 2646 ἀλωόήτους
1110 2575 1522 2645 διαφυλάττιιιιν⁸
1579 2580 1723 2651 φημί
1753 2581 1811 2634 δὲ
1846 2582 1945 2651 τὴν

357 2663 561 2734 πρᾶξιν
596 2665 690 2717 καὶ
717 2666 816 2735 τήν
844 2665 1102 2738 θεωρίαν,
1136 2667 1399 2739 ἀλλήλαις
1431 2672 1819 2740 συνεχομένας,
1850 2675 1946 2728 καὶ

367 2755 637 2828 μηδεμίαν
683 2757 785 2826 τῆς
827 2758 1021 2830 ἑτέρας
1054 2760 1447 2832 διεζευγμένην
1471 2780 1485 2795 ο
1545 2763 1683 2818 ἀλλά
1714 2763 1814 2837 τὴν
1846 2766 1946 2837 μὲν

357 2845 563 2916 πρᾶξιν
624 2848 723 2919 τῆς
772 2850 1005 2921 θεωρίας
1068 2850 1166 2921 τὴν
1209 2851 1412 2920 γνῶσιν
1457 2853 1546 2909 διὰ
1584 2855 1692 2909 τῶν
1728 2857 1946 2927 τρόποιν

359 2942 793 3010 προφαίνουσαν·
827 2942 928 3012 τήν
958 2943 1016 2996 δὲ
1048 2941 1305 3013 θεωρίαν,
1341 2946 1441 3015 οὑχ
1468 2941 1633 3018 ἦττον
1660 2946 1756 3001 τοῦ
1786 2947 1947 3019 λόγου

357 3030 461 3103 τὴν
486 3032 692 3117 ἀρετὴν
719 3032 1209 3105 τεθωρακισμένην
1241 3035 1344 3107 τῆς
1373 3035 1649 3107 πράξεως.

430 3204 551 3274 ιιςθ.
598 3206 658 3261 '0
701 3206 881 3277 λύπης
929 3208 1025 3262 καὶ
1058 3209 1255 3280 ἡδονῆς
1286 3210 1490 3292 σαρκδς
1523 3214 1719 3284 πεῖραν
1744 3212 1945 3282 λαϐὼν,

358 3299 563 3369 λέγοιτ’
583 3299 649 3353 ἂν
677 3301 921 3371 δόκιμος·
953 3302 1030 3365 ὡς
1058 3303 1346 3374 εὐχερείας
1369 3305 1464 3358 καὶ
1486 3305 1810 3376 δυσχερείας
1842 3306 1951 3361 τῶν

358 3391 495 3461 περὶ
540 3392 716 3463 σάρκα
756 3394 1100 3463 πραγμάτων
1140 3396 1570 3467 πεπειραμένος.
1624 3399 1843 3462 Τέλειος
1868 3400 1950 3465 δὲ,

356 3486 386 3537 6
413 3485 513 3553 τὴν
542 3483 739 3556 ἡδονὴν
770 3484 869 3555 τῆς
896 3485 1099 3555 σαρκὸς
1126 3487 1223 3539 καὶ
1246 3486 1344 3556 τὴν
1366 3487 1557 3557 ὀδύνην
1580 3491 1649 3560 τῇ
1673 3488 1767 3543 τοῦ
1791 3490 1951 3559 λόγου

357 3575 594 3647 δυνάμει
641 3577 1061 3642 καταπαλαίσας
1085 3594 1100 3607 ⁸
1153 3578 1449 3650 ὁλόκληρος
1489 3579 1573 3643 δὲ,
1623 3583 1651 3633 6
1684 3581 1784 3645 τάς
1812 3583 1953 3637 κατά

354 3667 461 3739 τὴν
508 3668 711 3738 πρᾶξιν
755 3671 849 3722 καὶ
893 3670 1127 3741 θεωρίαν
1171 3670 1347 3736 ἕξεις,
1385 3673 1694 3742 ἀτρέπτους
1725 3676 1793 3746 τῇ
1824 3675 1953 3746 περὶ

356 3754 453 3807 τὸν
480 3753 623 3808 θεῖον
651 3755 816 3811 πόθον
850 3756 1102 3831 συντονίᾳ
1131 3759 1490 3832 διατηρήσας.

431 3932 542 4002 κζ’.
574 3936 687 4005 Τῆς
716 3936 814 4007 μὲν
845 3938 987 3993 κατά
1012 3936 1189 4011 ψυχὴν
1210 3936 1389 4011 λύπης
1414 3942 1550 4007 ἐστὶ,
1582 3940 1758 4005 διττὸς
1780 3944 1809 3996 6
1829 3941 1954 4013 τρό-

359 4042 486 4088 πος·
505 4026 535 4079 6
568 4025 688 4096 μὲν,
714 4027 809 4079 ἐπὶ
840 4030 951 4091 τοῖς
974 4030 1220 4092 οἰκείοις·
1238 4032 1266 4083 6
1292 4029 1372 4094 δὲ,
1394 4031 1488 4083 ἐπὶ
1516 4032 1629 4095 τοῖς
1650 4031 1956 4103 ἀλλοτρίοις

365 4117 814 4189 πλημμελήμασι
874 4121 1288 4192 συνιστάμενος.
1333 4122 1496 4176 Αἰτία
1535 4122 1594 4175 δὲ
1634 4124 1734 4195 τῆς
1770 4123 1959 4178 τοιαύ-

357 4226 464 4281 της
496 4208 707 4281 λύπης,
755 4213 789 4283 ή
821 4212 940 4264 κατ’
965 4212 1219 4283 αἴσθησιν
1251 4213 1347 4266 τοῦ
1378 4214 1718 4285 λυπουμένου
1746 4214 1955 4284 σαφῶς,

359 4302 395 4373 ἢ
426 4301 537 4355 τῶν
565 4302 632 4356 δι’
658 4302 753 4368 οὒς
783 4304 1037 4360 λυπεῖται
1069 4306 1413 4376 καθέστηκεν
1440 4308 1629 4379 ἡδονή.
1666 4308 1824 4362 Κατά
1849 4307 1959 4381 γὰρ

359 4396 455 4450 τὸν
481 4395 688 4467 ἀκριϐῆ
711 4395 890 4467 λόγον,
921 4398 1022 4451 οὑκ
1048 4398 1163 4453 ἐστι
1193 4400 1472 4465 παντελῶς
1501 4400 1748 4472 ἁμαρτία
1771 4402 1957 4472 σχεδὸν

2041 556 2157 612 cari
2191 556 2376 623 docet,
2414 572 2537 629 qua:
2575 559 2753 613 nostri
2782 569 2913 615 sunt
2939 561 3156 617 arbitrii
3190 578 3254 619 ac
3289 563 3626 627 voluntatis;

2042 656 2104 703 ut
2146 664 2268 719 qure
2317 648 2504 703 carnis
2547 649 2770 719 quidem
2816 650 3184 721 voluptatem,
3222 652 3393 707 animi
3442 660 3629 706 autem

2041 739 2291 794 dolorem
2312 737 2591 793 efficiant:
2623 753 2858 809 magnus
2887 749 3073 795 autem
3099 740 3359 807 Iacobus,
3392 756 3486 796 eas
3522 756 3632 809 nos

2042 830 2410 897 tentationes,
2459 844 2582 899 qua:
2630 830 2836 886 invitos
2880 839 3106 901 petunt,
3151 832 3307 887 laetos
3347 833 3631 902 suscipere

2040 920 2340 987 admonet;
2369 928 2431 975 ut
2456 936 2579 991 quze
2610 922 2797 977 carnis
2824 922 3191 993 voluptatem,
3230 924 3509 994 animique
3534 923 3632 978 do-

2041 1014 2217 1070 lorem
2248 1013 2514 1069 eximant.
3618 1022 3621 1025 ‘

2113 1106 2202 1162 ιιι.
2233 1104 2517 1162 Perfectus
2543 1115 2648 1170 est,
2683 1107 2777 1177 qui
2807 1122 2907 1177 per
2937 1105 3339 1163 continentiam
3366 1108 3634 1163 adversus

2040 1198 2388 1253 voluntarias
2430 1199 2772 1255 tentationes
2820 1198 3138 1269 depugnat;
3186 1207 3244 1254 et
3278 1214 3379 1270 per
3417 1200 3635 1270 patien-

2043 1289 2198 1356 tiam,
2238 1291 2293 1344 in
2332 1289 2400 1345 iis
2429 1306 2552 1360 qua:
2576 1289 2838 1346 violentae
2868 1300 3002 1345 sunt
3031 1306 3097 1345 ac
3130 1290 3322 1347 invitis
3344 1291 3631 1353 accidunt.

2043 1390 2304 1437 constans
2343 1390 2685 1453 perseverat.
2730 1383 2953 1454 integer
2995 1392 3180 1438 autem
3215 1390 3321 1447 est,
3366 1384 3464 1455 qui
3516 1392 3634 1439 tum

2043 1473 2318 1529 actionem
2346 1489 2471 1529 cum
2511 1474 2766 1540 scientia,
2806 1485 2922 1531 tum
2957 1475 3483 1546 contemplationem
3520 1491 3632 1530 non

2043 1566 2276 1621 Otiosam
2304 1581 2400 1621 seu
2423 1566 2659 1621 inertem
2694 1575 2937 1637 przestat.

2115 1656 2278 1728 582
2304 1657 2392 1714 95.
2420 1657 2557 1714 Cum
2580 1659 2729 1714 enim
2783 1667 2899 1713 tum
2936 1658 3165 1714 tristitia
3199 1666 3429 1728 tumque
3480 1658 3639 1711 volu-

2044 1757 2168 1819 ptas
2215 1751 2272 1804 in
2312 1751 2552 1806 animam
2581 1767 2645 1806 ac
2685 1750 2887 1822 Corpus
2923 1746 3116 1806 divisae
3151 1751 3295 1817 sint;
3328 1752 3421 1823 qui
3464 1752 3634 1806 animi

2043 1843 2386 1915 voluptatem
2429 1852 2804 1909 consectatur,
2848 1860 3155 1914 sensusque
3186 1844 3473 1899 tristitiam
3514 1859 3633 1897 am-

2043 1935 2331 2005 plectitur,
2366 1935 2414 1989 is
2450 1932 2719 2006 probatus
2754 1951 2818 1990 ac
2849 1934 3132 2005 perfectus
3160 1934 3487 2004 integerque
3517 1932 3636 1987 eili-

2043 2026 2190 2081 citur
2218 2042 2232 2080 :
2270 2022 2536 2096 probatus
2563 2024 2813 2096 quidem,
2843 2041 3040 2081 eorum
3074 2026 3328 2095 periculo
3358 2041 3481 2095 qum
3505 2040 3634 2079 sen-

2043 2133 2137 2174 sus
2183 2119 2397 2173 ratione
2442 2118 2721 2173 contraria
2771 2126 2934 2184 sunt;
2985 2119 3267 2189 perfectus
3317 2126 3524 2184 autem,
3571 2125 3637 2173 ut

2043 2210 2139 2278 qui
2156 2224 2255 2277 per
2280 2207 2681 2264 continentiam
2700 2222 2765 2261 ac
2790 2206 3115 2277 patientiam
3141 2207 3410 2262 adversus
3432 2222 3634 2267 sensus

2044 2299 2357 2367 libidinem,
2390 2308 2448 2354 et
2478 2298 2764 2354 tristitiam
2792 2314 2888 2353 seu
2923 2292 3196 2365 dolorem,
3232 2297 3437 2352 obnixe
3461 2298 3637 2367 depu-

2046 2398 2209 2462 gnet;
2258 2391 2471 2461 integer
2502 2390 2767 2459 denique,
2806 2398 2868 2444 ut
2911 2390 3006 2459 qui
3054 2388 3353 2444 contrariis
3397 2390 3543 2443 inter
3575 2403 3635 2443 se

2045 2496 2244 2537 sensus
2270 2479 2486 2534 ratione
2530 2476 2921 2534 aﬂ‘ectionibus
2949 2488 3261 2550 pugnantes
3292 2472 3537 2545 habitus,
3579 2479 3635 2533 in

2045 2570 2240 2626 eadem
2272 2569 2507 2625 rationis
2541 2572 2855 2626 constantia
2885 2566 3091 2627 illaesos
3115 2579 3301 2626 servet
3321 2580 3386 2625 ac
3420 2568 3637 2625 incolu-

2046 2678 2166 2719 mes
2201 2662 2501 2734 (actionem
2540 2663 2761 2718 scilicet
2800 2668 2859 2719 et
2900 2658 3454 2734 contemplationem)
3486 2662 3637 2716 inter

2047 2770 2108 2811 se
2131 2755 2501 2818 cohaerentes,
2541 2761 2916 2823 neutrumque
2962 2754 3193 2810 alteram
3228 2754 3298 2808 ab
3324 2753 3497 2808 altera
3527 2751 3637 2807 dis—

2042 2848 2330 2921 iunctum;
2360 2847 2456 2901 sed
2490 2844 2566 2901 ita
2592 2852 2657 2901 ut
2687 2845 2857 2911 actio,
2891 2845 3156 2902 exteriori
3190 2845 3345 2902 cultu
3374 2858 3441 2900 ac
3465 2842 3637 2898 meri—

2049 2939 2158 2995 bus
2196 2940 2557 3009 praelucente,
2582 2938 3070 3009 contemplationis
3118 2937 3354 2993 scientia
3394 2922 3634 3008 polleat;

2050 3030 2558 3100 contemplatioque
2601 3028 2970 3083 nihilominus
3019 3027 3255 3083 ratiunis
3288 3027 3493 3081 virtute
3540 3040 3639 3096 per

1976 3144 2021 3208 ε
2052 3121 2329 3177 actionem
2361 3128 2475 3174 tuta
2508 3134 2572 3174 ac
2593 3119 2809 3174 munita
2833 3120 3124 3175 consistat.

2123 3211 2213 3269 96.
2247 3210 2353 3277 Qui
2395 3210 2609 3266 doloris
2645 3226 2710 3266 ac
2753 3211 3055 3281 voluptatis
3092 3209 3297 3273 carnis,
3330 3208 3633 3280 periculum

2052 3302 2203 3367 fecit,
2256 3303 2303 3357 is
2348 3301 2618 3372 probatus
2654 3302 2896 3364 dicatur,
2928 3310 3190 3370 tanquam
3220 3300 3314 3369 qui
3346 3314 3531 3353 rerum
3568 3298 3639 3354 ad

2051 3407 2277 3450 carnem
2312 3393 2686 3464 spectantium
2720 3406 2984 3462 prospera
3007 3390 3350 3460 adversaque
3375 3398 3641 3459 expertus

2051 3487 2143 3541 sit.
2177 3484 2465 3541 Perfectus
2487 3499 2644 3547 vero,
2674 3490 2735 3537 ut
2768 3481 2863 3551 qui
2892 3481 3075 3537 carnis
3108 3481 3452 3549 voluptatem
3485 3479 3643 3535 dolo-

2053 3591 2282 3646 remque
2317 3575 2592 3631 scrmonis
2631 3573 2876 3645 potentia
2928 3587 2993 3627 ac
3033 3571 3265 3626 rationis
3292 3584 3643 3641 expugnave-

2053 3669 2145 3723 rit.
2198 3668 2418 3738 lnteger
2465 3666 2730 3736 denique,
2774 3673 2835 3720 ut
2867 3664 2959 3734 qui
3004 3663 3241 3719 actionis
3280 3678 3346 3718 ac
3392 3671 3644 3718 contem-

2053 3758 2317 3831 plationis
2354 3757 2598 3822 habitus,
2631 3772 2742 3828 quo
2775 3757 2951 3812 Deum
2987 3762 3251 3811 contento
3285 3770 3474 3810 amore
3512 3767 3643 3824 pro-

2056 3850 2332 3921 sequitur,
2368 3850 2744 3905 immutabiles
2773 3847 3108 3905 servaverit.

2124 3943 2213 3997 97.
2258 3941 2527 3997 Tristitia:
2554 3940 2725 3995 animi
2765 3939 2971 4010 duplex
3008 3939 3206 3995 modus
3237 3947 3358 4004 est;
3404 3952 3645 4007 quorum

2056 4035 2196 4090 alter
2239 4050 2308 4090 ex
2351 4032 2628 4105 propriis;
2676 4032 2819 4088 alter
2864 4047 3020 4097 vero,
3070 4046 3139 4086 ex
3183 4028 3379 4085 alienis
3424 4028 3648 4084 delictis

2058 4125 2352 4182 conﬂatur.
2397 4124 2719 4180 istiusmodi
2778 4131 2965 4179 autem
3012 4137 3179 4177 causa
3222 4119 3484 4185 tristitiae,
3524 4119 3649 4189 ejus

2057 4220 2220 4290 plane
2253 4218 2346 4288 qui
2395 4216 2620 4273 tristitia
2640 4215 2909 4280 efficitur,
2936 4225 3032 4269 aut
3067 4229 3286 4279 eorum,
3327 4213 3383 4267 in
3410 4226 3650 4283 quorum

2059 4311 2289 4381 gratiam
2333 4310 2426 4365 illa
2451 4308 2714 4374 afficitur,
2737 4322 2934 4364 sensus
2962 4306 3220 4376 voluptas
3255 4320 3319 4359 ac
3340 4294 3516 4359 libido
3538 4312 3646 4359 est.

2062 4402 2132 4459 Ut
2162 4403 2311 4458 enitn
2349 4410 2482 4457 vera
2510 4407 2779 4470 certaque
2817 4398 2930 4455 fert
2958 4397 3121 4463 ratio,
3152 4398 3243 4452 vix
3282 4396 3455 4451 ullum
3489 4410 3650 4467 pror-

361 4489 422 4541 ὲν
458 4487 792 4559 ἀνθρώποις,
832 4489 908 4561 μὴ
939 4490 1041 4560 τῆς
1072 4490 1253 4562 ψυχῆς
1283 4492 1424 4562 πρὸς
1451 4493 1727 4564 αἴσθησιν.
1764 4493 1949 4566 ἡδονῆς

2064 4509 2160 4550 sus
2183 4494 2330 4549 inter
2353 4492 2610 4548 homines
2643 4500 2825 4548 exstat
2852 4500 3172 4561 peccatum,
3205 4489 3354 4559 quod
3385 4504 3499 4544 sua:
3540 4488 3653 4542 ori-

360 4576 555 4631 ἕνεκεν
582 4576 870 4647 ἀλόγιστον
898 4580 1105 4651 σχέσιν,
1131 4581 1304 4654 ἀρχὴν
1332 4584 1429 4654 τῆς
1455 4584 1664 4648 οἰκείας
1690 4586 1958 4655 γενέσεως

363 4670 587 4740 ἔχουσα.
638 4672 750 4743 Τῆς
775 4672 833 4726 δὲ
867 4674 1009 4728 κατὰ
1035 4675 1215 4746 ψυχὴν
1244 4675 1441 4747 ἡδονῆς
1468 4677 1641 4745 αἰτία,
1675 4679 1959 4751 προδήλως

363 4763 519 4817 ἐστὶν
541 4802 559 4828 ,
622 4764 657 4835 ή
688 4765 806 4818 κατ’
829 4766 1085 4835 αἴσθησιν
1119 4767 1217 4820 τοῦ
1244 4769 1338 4821 ἐπὶ
1364 4770 1485 4833 ταῖς
1510 4770 1742 4835 οἰκείαις
1771 4772 1804 4843 ἢ
1838 4776 1960 4837 ταῖς

364 4857 683 4930 ἀλλοτρίαις
709 4859 935 4929 ἀρεταῖς
962 4860 1225 4930 ἡδομένου
1251 4878 1309 4913 τε
1359 4860 1456 4915 καὶ
1477 4862 1763 4935 χαίροντος
1789 4863 1956 4936 λύπη.

364 4949 531 5005 Κατὰ
559 4944 670 5021 γάρ
700 4950 791 5005 τὸν
816 4951 1022 5024 ἀκριϐῆ
1054 4952 1233 5022 λόγον,
1264 4953 1366 5008 οὑκ
1393 4954 1543 5010 ἐστιν
1568 4956 1742 5028 ἀρετή
1773 4957 1960 5027 σχεδὸν

366 5042 432 5095 ιν
475 5041 789 5112 ἀνθρώποις
812 5082 828 5107 ,
897 5044 971 5113 μὴ
1012 5043 1115 5114 τῆς
1147 5045 1328 5116 ψυχῆς
1359 5047 1497 5117 πρὸς
1526 5046 1783 5118 αἴσθησιν
1812 5049 1961 5103 λελο⁹

368 5132 641 5202 γισμένην
678 5132 1031 5187 άποδιάθεσιν
1050 5173 1065 5197 ,
1114 5136 1290 5207 ἀρχὴν
1322 5136 1420 5205 τῆς
1449 5136 1661 5202 οἰκείας
1689 5138 1962 5207 γενέσεως

370 5224 596 5297 ἔχουσα.

447 5322 557 5389 ιιη’·
607 5318 793 5389 Χωρὶς
840 5317 942 5389 τῆς
985 5317 1129 5372 κατὰ
1161 5318 1339 5389 ψυχὴν
1385 5320 1666 5391 ὲμπαθοῦς
1703 5324 1839 5394 πρὸς
1872 5323 1961 5377 αῖ-

374 5409 569 5481 σοησιν
612 5410 871 5482 σχέσεως,
923 5410 1026 5465 οὑκ
1065 5410 1213 5465 ἔστιν
1253 5414 1312 5465 ὲν
1346 5410 1658 5484 ἀνθρώποις
1680 5415 1965 5479 παντελῶς

371 5504 641 5575 ἁμαρτία’
674 5504 855 5576 πάσης
880 5504 937 5558 δὲ
966 5503 1144 5572 λύπης
1173 5506 1574 5577 συνισταμένης
1598 5507 1739 5561 κατὰ
1762 5506 1959 5580 ψυχὴν,

373 5596 538 5669 ἡδονὴ
571 5597 774 5669 σαρκὸς
808 5598 1155 5669 προηγεῖται.

449 5692 553 5758 Lﬁ'.
614 5693 832 5757 Γένεσις
876 5692 1078 5765 ἀρετῆς
1128 5694 1276 5746 ἐστιν
1322 5693 1560 5765 ἀληθὴς,
1617 5695 1652 5766 ή
1702 5693 1839 5766 πρὸς
1867 5693 1965 5766 τὴν

380 5785 559 5855 σάρκα
589 5786 688 5857 τῆς
713 5786 892 5857 ψυχῆς
918 5787 1166 5853 ἑκούσιος
1192 5787 1567 5857 ἀλλοτρίωσις
1602 5788 1883 5858 εὐφραίνει
1910 5787 1963 5840 δὲ

2061 4583 2205 4656 ginis
2228 4584 2587 4655 principium,
2615 4584 2673 4637 in
2709 4581 2877 4637 animi
2905 4580 2972 4636 ad
3004 4592 3228 4636 sensum
3259 4590 3327 4635 ex
3363 4580 3653 4648 voluptate

2061 4692 2127 4733 ac
2170 4676 2411 4733 libidine
2456 4675 2828 4732 inconsultam
2863 4672 3216 4728 affectionem
3258 4686 3371 4727 non
3421 4670 3645 4725 referat.

2060 4769 2249 4825 Animi
2278 4782 2413 4825 vero
2454 4766 2759 4837 voluptatis
2785 4763 3080 4836 perspicue
3120 4772 3287 4819 causa
3312 4771 3420 4826 est,
3452 4776 3653 4817 sensus

2061 4861 2244 4928 dolor,
2276 4863 2422 4933 eius,
2466 4860 2562 4931 qui
2606 4858 2675 4913 de
2722 4857 2858 4922 suis,
2906 4863 3004 4911 aut
3050 4855 3286 4911 aliorum
3344 4851 3650 4908 virtutibus

2062 4953 2287 5026 gaudet.
2319 4955 2390 5011 Ut
2414 4953 2564 5008 enim
2590 4965 2722 5005 vera
2754 4949 2923 5004 habet
2957 4945 3122 5011 ratio,
3155 4948 3245 5001 vix
3279 4946 3393 5001 ulla
3421 4958 3651 5016 prorsus

2062 5048 2121 5103 in
2153 5047 2473 5104 hominibus
2500 5046 2679 5099 virtus
2716 5050 2822 5107 est,
2860 5056 2983 5111 quae
3027 5040 3263 5109 originis
3291 5055 3406 5094 sua:
3438 5038 3647 5109 princi-

2061 5142 2238 5213 pium,
2270 5136 2440 5197 animi
2477 5153 2606 5207 erga
2635 5146 2861 5191 sensum
2897 5132 3207 5188 consultam
3234 5130 3470 5188 affectus
3495 5128 3651 5186 abdi-

2062 5234 2338 5291 cationem
2373 5247 2483 5286 non
2516 5230 2738 5285 habeat.

2132 5325 2222 5395 98.
2257 5324 2409 5381 Citra
2439 5322 2610 5378 animi
2640 5321 2706 5376 ad
2734 5336 2959 5376 sensum
3005 5317 3362 5374 libidinosam
3396 5314 3652 5370 affectio-

2065 5435 2191 5474 nem
2214 5417 2429 5473 nullum
2460 5429 2690 5486 prorsus
2707 5412 2764 5467 iu
2780 5409 3105 5467 hominibus
3125 5414 3307 5465 exstat
3338 5412 3648 5476 peccatum.

2063 5506 2225 5568 Omni
2260 5517 2446 5565 autem
2497 5506 2553 5561 in
2594 5503 2781 5561 animo
2823 5502 3151 5561 consistenti
3191 5498 3453 5564 tristitiae,
3492 5495 3655 5568 prmit

2064 5603 2251 5661 carnis
2282 5602 2565 5671 voluptas.

2136 5693 2225 5748 99.
2250 5690 2488 5747 Virtutis
2511 5704 2641 5745 vera
2684 5688 2842 5759 origo
2882 5702 2947 5741 ac
2976 5693 3193 5746 natura,
3230 5680 3398 5735 animi
3431 5697 3459 5734 a
3486 5694 3654 5734 carne

2069 5794 2372 5856 spontanca
2415 5780 2747 5838 abalienatio
2794 5785 2900 5835 est.
2947 5775 3109 5848 583
3158 5773 3415 5830 Animum
3467 5778 3653 5828 autem
