4020 6396
429 279 565 344 13η

1595 291 1654 349 S.
1695 290 1983 350 ΜΛΧΙΜΙ
2021 287 2531 352 CONFESSORIS

3546 293 3668 360 1301

423 387 661 460 spiritali
694 390 894 461 gaudio
919 392 1115 461 afﬁcit,
1148 395 1242 466 qui
1289 404 1486 467 sponte
1524 398 1828 469 assumptis
1856 398 2010 453 labo-

2120 399 2288 472 ψυχὴν
2338 402 2756 468 πνευματικῶς,
2821 405 2849 456 ό
2898 404 3010 468 τοῖς
3056 404 3328 468 έκουσίδις
3369 403 3465 478 τὴν
3509 406 3670 478 σάρκα

421 483 580 538 ribus
611 497 816 553 corpus
851 486 1080 557 subigit.

491 575 615 629 100.
645 576 748 632 Ubi
781 578 1001 634 animus
1016 579 1241 634 virtutis
1262 596 1427 636 causa
1452 583 1639 637 sensui
1659 582 2006 637 addicentem

419 663 679 722 affectum
714 669 1076 737 abdicaverit,
1102 674 1238 743 quin
1263 689 1460 730 sensus
1486 675 1539 729 in
1570 675 1859 730 laboribus
1880 689 2008 729 ver-

421 769 614 826 setur,
669 761 788 817 ﬁeri
855 764 1288 836 haudquaquam
1356 767 1558 836 possit;
1619 767 1710 822 cui
1751 766 2010 822 videlicet

420 853 589 906 animi
621 845 856 910 facultas
894 872 1090 912 eorum
1125 875 1249 928 quae
1284 859 1565 915 delectant
1605 861 1786 914 solers
1816 859 2010 914 inven-

420 943 552 1010 trix,
581 947 884 1004 voluntatis
936 951 1139 1006 atl‘ectu
1187 967 1252 1006 ac
1288 952 1522 1006 libidine
1567 953 1643 1006 illi
1690 953 2009 1024 conjuncta,

421 1036 602 1104 desit;
639 1054 802 1095 secus
836 1057 993 1098 vero.
1025 1060 1148 1113 quae
1178 1059 1278 1114 per
1320 1045 1747 1111 continentiam,
1780 1054 2011 1100 natura-

420 1127 558 1182 lium
593 1145 790 1186 sensus
822 1133 1171 1204 voluptatum
1218 1136 1580 1191 rebellantem
1628 1138 1739 1191 vim
1784 1144 2010 1192 strenue

421 1222 778 1292 comprimat,
812 1225 981 1296 inque
1013 1227 1276 1288 violentis
1310 1240 1512 1299 prmter
1540 1238 1798 1284 naturam
1843 1227 2012 1283 illatis

421 1312 732 1380 laboribus,
755 1333 856 1389 per
889 1319 1218 1388 patientiam
1241 1331 1504 1376 constans
1529 1319 1842 1390 inilexaque
1880 1335 2013 1374 con-

422 1404 622 1472 sistat;
657 1423 722 1462 ac
759 1409 1060 1479 ejusmodi,
1085 1421 1146 1466 ut
1178 1428 1209 1467 a
1239 1411 1428 1467 divina
1447 1412 2011 1484 virtutisdignatione

420 1514 487 1554 ac
526 1499 800 1565 claritate,
851 1505 999 1559 inani
1048 1506 1234 1562 illecta
1273 1509 1559 1578 voluptate
1592 1523 1706 1562 non
1743 1507 2008 1573 excedat;

420 1609 527 1649 nec
575 1595 761 1650 carnis
813 1597 1182 1671 indulgentia,
1228 1601 1299 1656 ob
1341 1617 1540 1658 sensus
1586 1601 1836 1657 dolorem
1889 1601 2014 1656 fun-

420 1683 604 1753 gendo
632 1686 939 1753 laboribus,
965 1705 995 1743 a
1020 1690 1292 1746 virtutum
1319 1691 1569 1746 celsitate
1593 1691 1832 1747 excidat.
1871 1691 2010 1746 Sen-

419 1789 519 1831 sus
549 1785 733 1832 autem
781 1779 994 1836 doloris
1027 1797 1194 1838 causa
1228 1781 1414 1837 animo
1455 1792 1560 1846 est,
1604 1781 1693 1837 his
1726 1797 1850 1853 quae
1883 1791 2014 1836 sunt

419 1881 489 1919 ex
520 1877 739 1933 natura,
775 1870 936 1940 plene
977 1881 1272 1943 occupato.
1318 1871 1527 1928 Sensus
1566 1873 1908 1943 voluptatem
1947 1887 2012 1926 ac

417 1954 733 2024 libidinem,
762 1961 1091 2018 innaturalis
1117 1963 1285 2018 animi
1320 1964 1572 2034 operatio
1604 1963 1898 2034 perspicue
1928 1963 2008 2016 in-

419 2049 608 2116 ducit;
656 2053 815 2123 cujus
865 2054 1172 2110 eonﬂanda’:
1210 2055 1429 2111 nullum
1471 2056 1623 2111 aliud
1677 2055 1853 2126 possit
1886 2070 2009 2110 esse

417 2139 779 2212 principium,
807 2158 971 2213 quam
1009 2144 1158 2214 quod
1188 2144 1430 2211 animus,
1467 2161 1532 2201 ea
1559 2162 1684 2216 qua:
1713 2161 1781 2202 ex
1807 2154 2006 2200 natura

369 2281 378 2287 .
418 2232 650 2305 ejusque
673 2235 986 2292 rationibus
1013 2235 1310 2304 exsistunt,
1343 2253 1374 2292 a
1404 2253 1463 2293 se
1489 2237 1700 2309 abjicit.

736 2458 1014 2524 QUARTO
1051 2458 1383 2516 CENTENA
1420 2460 1584 2516 CAPI
1589 2462 1691 2516 TA.

494 2549 548 2603 1.
613 2547 894 2604 Nimirum
954 2550 1068 2614 yim
1133 2550 1538 2618 inventricem,
1605 2554 2011 2625 intelligentem

2111 493 2295 558 πόνοις
2328 493 2609 564 δαμάζων.

2186 584 2251 655 ρ’.
2285 587 2396 656 Τῆς
2443 586 2619 657 ψυχῆς
2663 589 3043 662 ὑπὲράρετῆς
3093 591 3230 664 πρὸς
3287 591 3384 662 τὴν
3438 591 3675 660 αἴσθησιν

2111 678 2461 733 ἀποδιάθεσιν
2496 682 2873 752 κτησαμένης,
2909 684 3218 752 ἐξάνάγκης
3258 685 3292 753 ἡ
3343 682 3580 753 αἴσθησις
3623 683 3676 734 ἐν

2112 771 2294 836 πόνοις
2318 771 2490 836 ἔσται,
2515 773 2613 844 τὴν
2634 775 2743 828 τῶν
2770 777 2941 846 ὴδέων
2959 777 3311 846 ἐπινοητικὴν
3344 775 3678 844 συνημμένην

2112 864 2250 934 αὐτῇ
2286 863 2426 917 κατὰ
2478 863 2575 934 τὴν
2629 866 2915 937 γνωμικὴν
2975 867 3184 938 σχέσιν,
3248 869 3349 935 τῆς
3388 864 3561 934 ψυχῆς
3587 865 3678 917 οὐκ

2112 953 2312 1022 ἔχουσα
2344 953 2595 1024 δύναμιν·
2629 955 2938 1010 τούναντίον
2984 956 3063 1022 δὲ,
3112 954 3211 1026 τὴν
3246 955 3346 1025 μὲν
3386 952 3491 1006 τῶν
3522 951 3681 1021 αὐτῆς

2112 1047 2359 1114 φυσικῶν
2388 1045 2589 1116 ἡδονῶν
2620 1047 3012 1110 ἐπανάστασιν,
3053 1047 3120 1101 δι’
3147 1045 3469 1117 ἐγκρατείας
3511 1044 3683 1114 ἀνδρι-

2113 1135 2226 1199 κῶς
2259 1136 2770 1208 ἀποῤῥαπίζουσαν·
2819 1139 2954 1209 πρὸς
2985 1138 3043 1191 δὲ
3090 1138 3189 1209 τὴν
3221 1137 3329 1188 τῶν
3360 1135 3506 1205 παρά
3535 1135 3685 1204 φύσιν

2113 1229 2208 1281 καὶ
2237 1229 2508 1283 ἀκουσίων
2555 1231 2733 1283 πόνων
2783 1231 3118 1299 ἐπαγωγὴν,
3150 1229 3241 1283 διά
3268 1229 3365 1298 τῆς
3396 1229 3685 1298 ὑπομονῆς,

2113 1319 2428 1390 ἀμείλικτον
2457 1321 2738 1386 παντελῶς
2770 1322 3152 1395 διαμένουσαν,
3173 1322 3265 1376 καὶ
3299 1321 3394 1392 τῆς
3417 1320 3534 1373 κατ’
3569 1319 3686 1389 ἀρε-

2111 1411 2214 1483 τὴν
2243 1411 2582 1484 θεοπρεποῦς
2612 1413 2771 1479 ἀξίας
2797 1431 2858 1468 τε
2917 1415 3012 1468 καὶ
3041 1413 3202 1482 δόξης
3243 1413 3333 1466 διὰ
3373 1413 3471 1482 τὴν
3495 1409 3689 1464 ἀνυπό-

2115 1518 2311 1555 στατον
2347 1502 2541 1574 ἡδονὴν
2570 1504 2671 1558 οὐκ
2703 1504 3089 1576 ἐξισταμένην,
3125 1503 3223 1557 καὶ
3270 1502 3408 1574 πρὸς
3457 1501 3556 1572 τὴν
3586 1499 3686 1552 τῶν

2113 1595 2294 1650 πόνων
2340 1594 2626 1665 ἀντίληψιν
2676 1597 2849 1665 φειδοῖ
2893 1597 2992 1668 τῆς
3025 1595 3228 1669 σαρκὸς
3257 1593 3349 1647 διὰ
3375 1592 3474 1665 τὴν
3500 1591 3687 1645 ὀδυνῶ-

2116 1704 2215 1742 σαν
2255 1687 2532 1757 αἴσθησιν,
2578 1687 2673 1743 τοῦ
2709 1688 2878 1758 ὕψους
2930 1688 3040 1743 τῶν
3087 1688 3299 1759 ἀρετῶν
3349 1687 3450 1740 οὐκ
3505 1683 3688 1739 ἀποπί-

2118 1796 2378 1833 πτουσαν.
2416 1779 2529 1850 Τῆς
2571 1780 2629 1834 δὲ
2688 1783 2808 1834 κατ’
2837 1781 3095 1853 αἴσθησιν
3140 1779 3318 1850 λύπης
3365 1778 3514 1832 alsia.
3569 1775 3689 1829 καθ-

2119 1870 2373 1941 έστηκεν,
2405 1873 2436 1942 ἡ
2469 1872 2604 1943 πρὸς
2625 1872 2692 1926 τά
2715 1875 2854 1927 κατὰ
2893 1872 3056 1942 φύσιν
3097 1873 3195 1943 τῆς
3221 1871 3404 1942 ψυχῆς
3433 1866 3689 1940 παντελὴς

2117 1961 2366 2032 ἀσχολία.
2400 1963 2510 2035 Τὴν
2544 1963 2601 2017 δὲ
2630 1961 2750 2017 κατ’
2777 1963 3029 2035 αἴσθησιν
3054 1963 3270 2034 ἡδονὴν,
3295 1965 3328 2033 ή
3365 1961 3515 2032 παρά
3539 1959 3690 2030 φύσιν

2115 2053 2366 2125 ἐνέργεια
2397 2054 2496 2124 τῆς
2529 2053 2711 2124 ψυχῆς
2749 2055 3030 2125 προδήλως
3059 2054 3374 2125 ὑφίστησιν,
3403 2049 3566 2121 ἄλλην
3595 2049 3689 2122 ἀρ’

2116 2145 2219 2215 χὴν
2269 2144 2418 2216 ἔχειν
2459 2147 2522 2200 οὐ
2566 2146 2874 2218 δυναμένην
2923 2146 3277 2212 συστάσεως,
3313 2145 3348 2216 ἢ
3392 2143 3491 2217 τὴν
3527 2142 3692 2216 ψυχῆς

2113 2234 2224 2290 τῶν
2250 2237 2390 2290 κατὰ
2420 2236 2582 2307 φύσιν
2605 2238 2884 2294 ἀπόθεσιν.

2469 2469 2613 2522 ΕΚΑ
2626 2467 2848 2521 ΤΟΝΤΑ
2858 2469 2904 2521 Σ
2989 2469 3078 2520 TE
3087 2467 3343 2521 TAPTH.

2181 2555 2250 2611 α’.
2278 2559 2297 2579 ⁶
2337 2559 2726 2630 Ἐπινοητικὴν
2758 2554 2867 2612 οἶδε
2908 2559 3007 2630 τὴν
3044 2557 3241 2628 νοεράν
3265 2560 3370 2628 τῆς
3393 2556 3570 2626 ψυχῆς
3589 2553 3677 2609 δύο

419 2638 593 2695 animi
624 2638 945 2697 facultatem
982 2643 1157 2697 novit.
1190 2641 1320 2698 Hzec
1347 2659 1378 2698 a
1411 2658 1611 2700 sensus
1643 2646 1892 2716 seiuncta
1915 2663 2013 2703 ne-

2120 2665 2275 2719 ναμιν
2304 2649 2388 2722 (ι)·
2423 2652 2547 2722 ἥτις
2587 2651 2936 2724 χωριζομένη
2968 2652 3068 2723 τῆς
3113 2654 3237 2705 κατ’
3273 2651 3533 2723 αῐσθησιν
3563 2648 3681 2719 σχέο

418 2730 762 2788 cessitudine
782 2747 847 2788 ac
876 2733 1130 2800 libidine,
1151 2750 1381 2790 vacuam
1405 2751 1544 2791 cura
1573 2735 1642 2790 ad
1665 2737 2010 2808 voluptatem

419 2835 487 2877 ac
522 2821 753 2878 delicias
793 2824 999 2880 mentis
1037 2826 1328 2896 proposito
1371 2841 1595 2882 carnem
1642 2826 2005 2899 derelinquit;

420 2928 493 2969 ne
537 2914 659 2986 ejus
710 2915 941 2986 quidem
983 2916 1238 2972 dolorem
1283 2917 1473 2973 levare
1517 2919 1820 2984 sustinens,
1857 2919 2008 2990 quod

420 3005 626 3062 mentis
661 3013 776 3063 tota
797 3007 883 3064 vis
913 3015 972 3063 et
993 3007 1215 3063 ati‘ectio
1250 3007 1458 3072 divinis
1489 3008 1702 3066 intenta
1739 3010 1830 3066 sit.

490 3198 548 3253 2.
575 3197 731 3268 Mens
759 3207 818 3253 et
845 3213 1043 3253 sensus
1067 3199 1404 3254 contrariam
1437 3199 1582 3255 inter
1613 3217 1672 3255 se
1703 3199 2010 3256 naturalem

423 3290 805 3360 operationem
852 3290 1080 3352 habent,
1134 3291 1206 3346 ob
1250 3291 1626 3362 subiectarum
1673 3293 1784 3348 illis
1824 3308 2011 3348 rerum

423 3398 698 3436 summam
747 3381 1263 3438 dissimilitudinem
1308 3399 1371 3438 ac
1413 3383 1815 3439 diversitatem.
1861 3385 2014 3440 Mens

425 3475 575 3530 enim
613 3475 892 3545 subiectas
921 3476 1089 3530 habet
1128 3475 1509 3547 iutelligibiles
1542 3477 2012 3548 incorporeasque

424 3567 791 3632 substantias,
818 3584 957 3638 quas
988 3568 1067 3622 illi
1097 3578 1477 3638 comparatum
1505 3579 1566 3622 ut
1589 3570 1919 3640 incorporea
1950 3585 2015 3624 ac

425 3659 666 3730 spiritali
718 3659 933 3714 ratione
981 3669 1288 3730 capessat:
1335 3676 1531 3714 sensus
1579 3675 1731 3725 vero,
1785 3669 2014 3714 naturas

424 3751 721 3806 sensibiles
759 3759 816 3805 et
849 3766 1167 3820 corporeas,
1209 3767 1347 3821 quas
1382 3761 1438 3806 et
1470 3751 1585 3822 ipse
1618 3761 1816 3805 natura
1846 3751 2016 3805 habet

427 3852 488 3897 ut
510 3841 803 3913 percipiat.

497 3936 552 3989 ὅ.
607 3933 746 3989 Hinc
792 3934 1039 4006 proclive
1081 3935 1260 4004 oritur
1298 3935 1555 4005 voluptas
1599 3951 1816 4000 sensus,
1867 3936 2013 4004 quod

425 4025 647 4080 animus
678 4041 742 4080 ea
789 4041 913 4096 qua:
961 4035 1187 4082 suntex
1226 4037 1425 4082 natura
1474 4027 1716 4098 abjiciat.
1759 4027 2012 4094 Quandiu

425 4116 574 4171 enim
623 4117 736 4182 ille,
770 4117 930 4172 bonis
973 4134 1041 4172 ex
1093 4128 1292 4173 natura
1335 4119 1580 4183 insudat,
1622 4118 1771 4173 haud
1816 4126 2016 4188 prmsto

424 4209 664 4266 facultas
697 4217 805 4278 est,
853 4226 976 4281 quae
1006 4213 1309 4282 voluptatis
1356 4227 1554 4270 sensus
1597 4214 1824 4267 modum
1861 4212 2014 4267 adin-

425 4302 637 4356 veniat.
986 4327 988 4330 ν

2111 2757 2270 2805 σεως,
2298 2741 2506 2814 ἔρημον
2533 2744 2632 2813 τῆς
2661 2743 2800 2815 πρὸς
2830 2743 3023 2815 ἡδονὴν
3071 2743 3170 2814 τὴν
3216 2743 3403 2814 σάρκα
3431 2740 3687 2809 καταλιμ-

2114 2835 2276 2888 πάνει
2317 2836 2596 2908 προνοίας,
2624 2836 2768 2890 κατά
2799 2837 2898 2906 τὴν
2923 2836 2981 2888 ἐν
3011 2835 3206 2907 γνώμῃ
3231 2835 3440 2905 σχέσιν.
3471 2832 3588 2888 οὐδὲ
3604 2832 3695 2902 τὴν

2114 2925 2308 2994 ὀδύνην
2346 2927 2448 2996 τῆς
2503 2927 2705 2999 σαρκὸς
2753 2927 3057 2999 ἀνεχομένη
3091 2926 3568 2998 παραμυθεῖσθαι,
3613 2923 3696 2978 διὰ

2115 3019 2214 3090 τὴν
2243 3021 2302 3072 ἐν
2327 3019 2511 3089 σχέσει
2539 3021 2640 3091 τῆς
2665 3018 2892 3092 γνώμης
2917 3019 3055 3092 πρὸς
3082 3019 3154 3074 τὰ
3197 3019 3318 3074 θεῖα
3351 3019 3540 3090 ὁλικὴν
3578 3033 3695 3090 σχο-

2033 3081 2079 3144 C
2111 3081 2232 3182 λήν.

2186 3205 2252 3276 β’.
2307 3206 2453 3270 Νοῦς
2497 3205 2595 3260 καὶ
2637 3203 2893 3275 αἴσθησις
2923 3202 3313 3275 ἀντικειμένην
3358 3201 3542 3274 έχουσι
3568 3199 3698 3272 πρὸς

2114 3295 2322 3369 ἄλληλα
2367 3299 2468 3369 τὴν
2502 3298 2646 3352 κατά
2673 3297 2836 3366 φύσιν
2867 3296 3168 3368 ἐνέργειαν,
3203 3296 3290 3350 διά
3320 3296 3427 3368 τὴν
3468 3295 3576 3348 τῶν
3603 3294 3696 3346 αὖ·

2113 3391 2226 3454 τοῖς
2267 3390 2651 3461 ὑποκειμένων
2684 3389 2996 3460 ἀκροτάτην
3034 3388 3302 3460 διαφορὰν
3333 3389 3429 3441 καὶ
3454 3385 3700 3458 ἑτερότη-

2114 3501 2204 3538 ται.
2249 3483 2308 3535 '0
2344 3482 2444 3551 μὲν
2498 3482 2631 3550 γὰρ,
2681 3480 3054 3550 ὑποκειμένας
3098 3479 3211 3549 ἔχει
3244 3479 3347 3542 τὰς
3378 3477 3575 3549 νοητὰς
3612 3476 3699 3530 καὶ

2115 3573 2443 3643 ἀσωμάτους
2485 3571 2700 3636 οὐσίας,
2737 3565 2812 3624 ὧν
2860 3569 3173 3640 ἀσωμάτως
3203 3565 3698 3638 ἀντιλαμϐάνεσθαι

2117 3666 2228 3739 [ίΙίΙο
2269 3667 2338 3720 ad
2389 3653 2634 3720 Thala”.
2666 3680 2718 3734 q.
2769 3663 2860 3723 58.
2897 3657 2976 3716 ὧν
3033 3660 3158 3715 κατ’
3192 3661 3388 3715 οὐσίαν
3424 3655 3697 3729 ἀντιλαμ.]

2118 3759 2383 3828 πέφυκεν·
2421 3759 2455 3826 ἡ
2489 3757 2566 3821 δὲ,
2597 3755 2697 3819 τὰς
2719 3755 2985 3825 αἰσθητὰς
3015 3754 3110 3808 καὶ
3140 3752 3468 3823 σωματικὰς
3493 3750 3698 3821 φύσεις,

2116 3844 2192 3905 ὧν
2229 3850 2326 3903 καὶ
2355 3849 2494 3918 αὐτὴ
2520 3845 2766 3918 φυσικῶς
2791 3844 3282 3914 ἀντιλαμϐάνεται.

2187 3946 2257 4008 γ’.
2304 3939 2369 3992 Ἠ
2403 3937 2506 4008 τῆς
2553 3937 2735 4007 ψυχῆς
2767 3935 2876 3989 τῶν
2919 3936 3062 3990 κατά
3090 3934 3254 4006 φύσιν
3299 3933 3582 3998 ἀπόθεσις,
3609 3933 3701 4002 τῆς

2119 4032 2243 4087 κατ’
2277 4029 2533 4102 αἴσθησιν
2583 4029 2779 4100 ἡδονῆς
2834 4027 2978 4100 ἀρχὴ
3026 4025 3273 4096 γίνεσθαι
3329 4027 3567 4096 πέφυκε.
3595 4023 3704 4093 Τῆς

2118 4125 2230 4195 γάρ
2256 4123 2438 4194 ψυχῆς
2473 4123 2603 4192 περὶ
2633 4120 2703 4174 τά
2741 4120 2885 4174 κατὰ
2919 4119 3086 4190 φύσιν
3126 4117 3312 4188 ἀγαθά
3343 4115 3700 4188 πονουμένης,

2117 4217 2219 4270 οὐκ
2250 4215 2398 4268 ἔστιν
2431 4215 2462 4283 ἡ
2503 4213 2594 4266 τὸν
2633 4213 2757 4266 κατ’
2803 4211 3059 4282 αίσοησιν
3113 4211 3214 4282 τῆς
3264 4209 3464 4282 ἡδονῆς
3507 4208 3704 4280 τρόπον

2119 4308 2530 4379 ἐφευρίσκουσα
2565 4305 2816 4373 δύναμις.

498 4396 554 4449 4.
579 4394 686 4450 Ubi
716 4396 860 4451 ratio
887 4395 1426 4460 considerandisiis,
1451 4412 1578 4467 quae
1612 4397 1777 4470 584
1811 4397 1865 4452 in
1889 4413 2015 4453 sen-

2150 4399 2251 4452 .a'.
2303 4397 2476 4452 Ἔνθα
2532 4397 2690 4464 λόγος
2743 4394 3181 4466 προκαθηγεϊται
3246 4395 3350 4466 τῆς
3408 4393 3704 4460 αἰσθήσεως

420 4501 552 4540 .sutn
580 4486 806 4552 cadunt,
837 4487 1025 4542 sensui
1055 4488 1234 4558 praeit,
1262 4489 1532 4544 naturalis
1560 4490 1742 4546 omnis
1761 4491 2018 4560 voluptas

428 4592 653 4633 carnem
683 4578 906 4645 deficit;
937 4579 1026 4634 cui
1061 4595 1260 4636 sensus
1291 4581 1434 4636 liber
1469 4596 1535 4636 ac
1557 4581 1788 4637 rationis
1817 4582 2017 4637 vincu-

428 4672 500 4728 lis
539 4673 778 4739 solutus,
811 4681 876 4728 ut
906 4674 1058 4728 illius
1089 4675 1472 4745 voluptatibus
1517 4674 1818 4741 ministret,
1845 4673 2010 4729 desit.

428 4762 802 4828 Quamobrem
847 4764 1016 4820 etiam
1069 4781 1295 4822 necesse
1342 4776 1449 4832 est,
1495 4767 1712 4822 ratione
1748 4767 1806 4822 in
1850 4766 2014 4821 nobis

431 4851 774 4916 dominante,
801 4869 926 4923 qua:
968 4854 1047 4909 illi
1087 4855 1436 4925 mancipatur
1475 4856 1695 4911 virtutis
1723 4854 2014 4925 obsequio,

433 4957 655 5000 carnem
684 4947 954 5017 torqueri.

2126 4492 2265 4546 κατὰ
2292 4491 2389 4562 τὴν
2419 4489 2526 4543 τῶν
2554 4487 2768 4560 ὁρατῶν
2789 4485 3046 4558 θεωρίαν,
3081 4485 3261 4556 πάσης
3293 4485 3589 4557 ἐστέρηται
3612 4482 3702 4551 τῆς

2127 4583 2272 4638 κατά
2303 4580 2466 4652 φύσιν
2501 4581 2534 4650 ἡ
2572 4577 2709 4648 σάρξ
2759 4577 2978 4649 ἡδονῆς,
3008 4577 3107 4630 οὐκ
3147 4575 3351 4645 ἔχουσα
3383 4575 3486 4646 τὴν
3519 4571 3704 4641 αἴσθη-

2123 4691 2209 4729 σιν
2240 4675 2440 4743 ἄφετον
2478 4672 2573 4725 καὶ
2599 4670 2708 4724 τῶν
2739 4668 2978 4738 λογικῶν
3023 4668 3444 4739 ἀπολελυμένην
3475 4663 3702 4736 δεσμῶν,

2123 4769 2204 4831 εἰς
2247 4767 2550 4838 ὑπηρεσίαν
2609 4764 2718 4819 τῶν
2783 4765 2904 4818 κατ’
2957 4762 3128 4833 αὐτὴν
3167 4761 3398 4833 ἡδονῶν.
3434 4760 3595 4814 Ὅθεν
3623 4755 3706 4810 καὶ

2125 4859 2432 4930 ἐξάνάγκης
2459 4855 2785 4928 κρατοῦντος
2811 4856 2903 4910 τοῦ
2934 4857 2991 4908 ἐν
3009 4857 3140 4926 ἡμῖν
3163 4854 3348 4922 λόγου,
3376 4855 3409 4926 ή
3433 4853 3571 4924 πρὸς
3589 4850 3705 4920 ἀρεο

2127 4953 2227 5023 τὴν
2253 4949 2402 5020 αὐτῷ
2430 4949 2753 5004 δουλωθεῖσα
2793 4948 3141 5018 βασανίζεται
3165 4946 3321 5016 σάρξ.

508 5099 628 5155 'Ex
677 5103 800 5158 ead.
864 5114 1059 5174 quaest.
1121 5106 1191 5161 58
1239 5123 1308 5163 ex
1362 5123 1472 5178 qua
1507 5107 1794 5177 superiora
1833 5105 2131 5171 ἀυτολεξεί.

511 5239 572 5309 (ί)
622 5239 1052 5312 ἘπιῙ-οητικὴν
1070 5239 1195 5296 οἶδε
1228 5242 1343 5310 τὴν
1373 5240 1594 5309 γοερὰν
1640 5239 1754 5307 τῆς
1809 5241 2015 5312 ψυχῆς

429 5310 715 5384 δύναμιν,
747 5311 1037 5384 Expositio
1052 5321 1136 5367 est
1162 5313 1284 5384 ejus
1309 5313 1454 5384 quod
1484 5313 1700 5384 dixerat
1725 5310 2020 5384 superidri,

426 5387 488 5453 'c.
535 5379 762 5453 10οτὴν
799 5379 909 5453 τῶν
951 5382 1120 5452 ἡδέων
1151 5379 1502 5452 ἐπινοητικὴν
1529 5382 1740 5452 σχέσιν·
1777 5379 1857 5437 sic
1901 5399 2024 5453 pas-

430 5452 566 5516 .sim,
620 5451 782 5506 aliam
815 5451 921 5505 alia
961 5451 1237 5507 Sententia
1269 5451 1537 5507 Maximus
1570 5453 1815 5520 exponit,
1864 5451 1927 5507 ac
1979 5453 2024 5506 si

443 5522 895 5593 essetqdiversus
927 5532 1138 5577 auctor.
1168 5525 1411 5593 Esseque
1457 5538 1568 5593 non
1623 5537 1759 5593 raro,
1795 5523 2025 5576 suadeat

446 5589 623 5645 Photii
659 5591 774 5661 ipsa
805 5607 1060 5656 censura,
1102 5609 1131 5647 a
1188 5589 1377 5649 limine
1443 5591 1640 5657 Quaest.
1691 5592 1765 5644 ad
1800 5593 2025 5646 Thalas-

447 5662 812 5734 siumposita.
846 5671 902 5716 et
935 5663 1082 5732 quod
1139 5664 1257 5734 ipse
1297 5665 1628 5734 quandoque
1653 5661 2020 5734 deprehendi,

448 5728 894 5799 Marciquazdam
933 5728 1212 5801 οἱὺτολεξεὶ
1235 5728 1442 5789 inserta
1473 5728 1596 5787 aliis
1651 5728 1870 5788 Maximi
1919 5733 2024 5789 Ca-

2126 5239 2260 5315 pita.
2288 5238 2640 5315 Beiert_ei'go
2667 5237 2822 5302 illud,
2847 5233 2978 5315 οἵδε,
3015 5235 3364 5315 superiorem
3400 5242 3698 5315 ancterem,

2127 5307 2222 5380 qui
2256 5307 2694 5380 sicintellectum
2727 5319 2823 5363 aut
2847 5307 3138 5380 rationem,
3183 5307 3500 5380 facultatem
3541 5307 3699 5380 animi

2129 5375 2484 5453 ξπινοηξτικὴν
2517 5379 2592 5453 (id
2625 5387 2729 5440 est,
2757 5379 3104 5453 excogitandi
3129 5393 3226 5453 seu
3258 5375 3577 5453 inveniendi
3620 5389 3701 5428 so-

2126 5446 2346 5522 lertem)
2397 5446 2552 5518 quasi
2593 5446 2918 5519 paraphrasi
2967 5448 3265 5513 vocaverit,
3314 5462 3428 5522 non
3469 5446 3697 5522 divinam

2130 5512 2470 5589 Scripturain
2524 5512 2618 5573 aut
2669 5512 3002 5584 sermonem,
3069 5528 3130 5572 ut
3180 5512 3288 5572 non
3333 5517 3480 5589 bene
3529 5512 3700 5589 reddi.

2127 5591 2209 5645 dit
2239 5583 2421 5645 Picus.
2450 5589 2624 5644 Socus
2649 5605 2774 5644 cum
2802 5589 3024 5644 additur
3049 5590 3228 5656 λόγος,
3265 5587 3345 5642 uti
3373 5583 3695 5658 quandoque

2125 5661 2260 5717 facit
2291 5660 2580 5728 Maximus,
2609 5676 2676 5716 ac
2703 5660 2908 5732 passim
2934 5660 3026 5715 alii
3053 5659 3310 5730 theologi.
