4020 6400
365 324 501 388 1305

1027 323 1364 388 CAPITUM
1402 324 1831 401 QUINQUIES
1865 324 2393 392 CENTENORUM
2433 332 2821 397 CENTURIA
2861 338 2960 401 IV.

3508 340 3643 407 1303

429 439 491 495 ε’.
534 439 591 494 ’0
625 438 747 505 νοῦς
790 438 906 509 ἅμα
950 439 1051 509 τὴν
1074 442 1327 513 αἴσθησιν
1366 442 1571 496 οἰκείαν
1610 443 1751 496 κατὰ
1782 440 1945 513 φύσιν

2124 445 2177 499 5.
2226 446 2401 510 Meus,
2441 463 2565 502 mox
2596 464 2660 505 ac
2707 466 2928 506 sensum
2964 451 3077 507 vim
3121 452 3402 523 propriam
3434 470 3499 509 ex
3543 472 3632 508 na-

361 533 622 602 ἡγήσεται
648 532 901 602 δύναμιν,
923 535 1044 597 ταῖς
1069 534 1177 587 τῶν
1206 534 1483 604 αἰσθητῶν
1517 534 1953 604 ἐπιπλεκόμενος

361 623 724 692 ἐπιφανείαις,
752 626 1169 686 ἐπινοεῖταιτὰς
1203 626 1470 696 σαρκικὰς
1512 624 1729 694 ἡδονὰς,
1767 624 1829 677 ού
1860 624 1953 676 δυ-

360 716 592 785 νάμενος
630 716 739 769 τῶν
783 716 994 787 ὁρατῶν
1038 717 1288 789 διαϐῆναι
1335 718 1433 788 τὴν
1467 718 1651 786 φύσιν,
1694 720 1759 788 τῇ
1814 716 1953 787 πρὸς

359 809 460 879 τὴν
498 807 753 877 αἴσθησιν
782 809 1024 878 ἐμπαθεῖ
1064 810 1247 880 σχέσει
1282 809 1663 880 κατασχεθείς.
1802 807 1811 815 ’

431 899 507 964 ς’.
542 900 602 953 Εἰ
632 902 733 954 ούκ
784 901 901 955 ἐστι
931 903 1159 956 δυνατὸν
1207 902 1343 974 πρὸς
1394 904 1463 955 τὰ
1514 902 1755 970 συγγενῆ
1785 901 1951 972 νοητὰ

357 994 449 1047 τὸν
476 993 599 1047 νοῦν
628 994 900 1067 διαϐῆναι,
932 997 1057 1067 δίχα
1092 998 1192 1066 τῆς
1216 996 1322 1049 τῶν
1344 996 1431 1049 διὰ
1458 996 1624 1065 μέσου
1646 996 1952 1067 προϐεϐλη-

362 1087 540 1158 μένων
563 1086 840 1158 αἰσθητῶν
878 1088 1133 1161 θεωρίας·
1166 1089 1367 1159 ταύτην
1397 1089 1454 1141 δὲ
1497 1088 1773 1157 γενέσθαι,
1811 1104 1951 1141 παν-⁹

356 1182 527 1245 τελῶς
568 1184 850 1254 ἀμήχανον
877 1185 1050 1255 χωρὶς
1083 1184 1183 1253 τῆς
1216 1183 1364 1254 αύτῷ
1408 1184 1507 1253 μὲν
1554 1182 1947 1253 συγκειμένης,

363 1280 476 1341 τοῖς
515 1276 795 1344 αἰσθητοῖς
821 1277 878 1329 δὲ
912 1276 1052 1330 κατὰ
1093 1276 1256 1346 φύσιν
1290 1275 1586 1344 συγγενοῦς
1617 1275 1946 1345 αἰσθήσεως·

357 1368 586 1430 εἰκότως
617 1372 665 1422 εἰ
696 1368 795 1439 μὲν
836 1367 1129 1439 προῦαλὼν
1175 1368 1402 1437 ἐνσχεθῇ
1439 1368 1560 1429 ταῖς
1601 1365 1949 1434 ἐπιφανείαις

356 1458 467 1513 τῶν
499 1459 733 1530 ὁρατῶν,
778 1460 1061 1528 ἐνέργειαν
1113 1454 1257 1511 εἶναι
1299 1457 1536 1526 φυσικὴν
1576 1455 1677 1526 τὴν
1724 1470 1949 1521 συγκει-

361 1551 530 1621 μένην
562 1551 809 1622 οἰόμενος
847 1551 1122 1619 αἴσθησιν,
1175 1549 1283 1603 τῶ)
1328 1549 1426 1619 μὲν
1474 1547 1616 1601 κατᾶ
1646 1546 1807 1615 φύσιν
1854 1547 1948 1598 ἐκ-

360 1644 619 1697 πέπτωκε
660 1643 889 1714 νοητῶν·
936 1643 1045 1696 τῶν
1090 1642 1147 1696 δὲ
1203 1642 1352 1712 παρὰ
1384 1639 1547 1708 φύσιν
1593 1640 1797 1709 ἀμφοῖν
1826 1639 1946 1690 ταῖν

356 1737 564 1805 χεροῖν,
590 1734 632 1799 ,ὃ
670 1735 734 1804 δὴ
762 1734 1001 1802 λέγεται,
1034 1734 1330 1787 ἐπελάϐετο
1359 1731 1649 1801 σωμάτωνο
1680 1723 1759 1791 οἷς
1792 1727 1946 1798 παρὰ

357 1830 450 1881 τὸν
482 1828 640 1896 λόγον
675 1825 1092 1898 ἐνεργούμενος,
1137 1825 1225 1879 διὰ
1249 1824 1346 1894 τὴν
1383 1823 1542 1876 αὑτὸν
1574 1822 1945 1891 ἐκνικῆσασαν

356 1919 637 1991 αἴσθησιν,
667 1920 766 1990 τῆς
804 1920 901 1990 μὲν
932 1918 1074 1972 κατὰ
1090 1917 1265 1988 ψυχὴν
1289 1916 1469 1985 λύπης
1508 1916 1789 1985 γεννήτωρ
1816 1913 1949 1966 καθ·

359 2012 599 2073 ίσταται,
631 2013 854 2081 συχναῖς
890 2012 1011 2073 ταῖς
1062 2008 1203 2062 κατὰ
1233 2007 1538 2078 συνείδησιν
1580 2004 1830 2077 μάστιξιν
1862 2005 1949 2057 αἰ-

355 2104 669 2176 κιζόμενος
711 2106 812 2175 τῆς
840 2102 897 2156 δέ
924 2105 1043 2156 κατ’
1077 2101 1335 2171 αἴσθησιν
1361 2100 1555 2171 ἡδονῆς
1585 2098 1841 2171 ἀρίδηλος
1861 2097 1948 2167 γί-

353 2216 512 2253 νεται
562 2198 833 2270 ποιητὴς,
890 2200 1014 2260 ταῖς
1053 2195 1321 2259 ἐπινοίαις
1366 2194 1477 2248 τῶν
1510 2193 1947 2266 περιποιητικῶν

352 2290 575 2361 τρόπων
609 2292 713 2360 τῆς
755 2288 958 2360 σαρκὸς
995 2288 1403 2359 λιπαινόμενος.
1437 2287 1502 2340 Εἰ
1550 2286 1608 2339 δὲ
1659 2284 1758 2357 τὴν
1809 2285 1947 2355 πρὸς

351 2381 633 2452 αἴσθησιν,
663 2381 780 2450 ἅμα
810 2382 876 2451 τῇ
908 2379 1186 2450 προσϐολῇ
1218 2378 1326 2432 τῶν
1350 2377 1645 2448 ὁρωμένων
1672 2376 1946 2448 διατεμὼν

351 2473 705 2543 ἐπιφάνειαν,
734 2474 862 2535 τοὺς
893 2473 1305 2543 πνευματικοὺς
1326 2472 1437 2525 τῶν
1472 2473 1641 2525 ὄντων
1668 2470 1947 2541 καθαροὺς

346 2566 464 2620 τῶν
509 2565 597 2619 ἐπ’
635 2565 822 2628 αὐτοῖς
846 2564 1144 2635 σχημάτων
1171 2562 1423 2618 θεάσεται
1454 2563 1669 2631 λόγους,
1705 2563 1804 2634 τὴν
1845 2564 1945 2633 μὲν

346 2659 453 2727 τῆς
484 2657 665 2728 ψυχῆς
694 2656 891 2728 ἡδονὴν
936 2655 1358 2727 κατειργάσατο,
1394 2655 1582 2724 μηδενὶ
1612 2655 1719 2708 τῶν
1749 2654 1942 2725 αἰσθη-

346 2750 465 2804 ⁶τῶν
492 2749 886 2821 θεωρουμένων
934 2749 1341 2820 κρατουμένης,
1373 2749 1473 2820 τὴν
1510 2748 1567 2801 δὲ
1620 2749 1719 2818 τῆς
1751 2745 1944 2817 αἰσθή-

348 2865 489 2911 σεως
525 2847 895 2917 συνεστήσατο
939 2845 1144 2916 λύπην,
1189 2844 1411 2898 πάντων
1462 2844 1605 2897 κατὰ
1639 2840 1801 2911 φύσιν
1831 2838 1942 2894 τῶν

346 2937 628 3010 αἰσθητῶν
661 2936 1058 3007 ἐστερημένης.

423 3027 487 3093 ζ’.
544 3026 763 3097 Ἐπειδὴ
794 3026 891 3097 τὴν
938 3026 1037 3096 μὲν
1074 3027 1172 3096 τῆς
1200 3024 1380 3096 ψυχῆς
1410 3024 1609 3093 λύπην.
1655 3024 1822 3095 ῆγουν
1852 3021 1943 3075 τὸν

2058 544 2179 591 tura
2206 553 2327 592 esse
2348 538 2591 604 duxerit,
2629 557 2814 595 rerum
2849 543 3136 597 sensilium
3163 544 3355 615 ﬁguris
3392 560 3455 598 ac
3485 546 3638 599 colo-

2056 631 2210 686 ribus
2266 631 2567 702 implicata,
2612 635 2796 688 carnis
2829 637 3141 706 voluptates
3185 639 3482 708 excogitat,
3525 656 3637 694 non

2054 726 2245 779 valens
2296 742 2480 779 rerum
2541 727 2958 800 aspectabilium
3018 738 3271 783 naturam
3335 747 3637 799 superare,

2052 833 2176 887 qua:
2204 818 2500 871 libidinosa
2525 819 2592 872 ad
2628 835 2851 874 sensum
2879 821 3169 875 alleclioue
3195 823 3406 877 irrctita
3437 825 3530 877 sit.

2126 911 2179 965 6.
2203 911 2339 966 Cum
2370 912 2486 967 ﬁeri
2521 928 2630 966 non
2669 914 2867 983 possit,
2904 924 2966 968 ut
2996 929 3153 969 mens
3192 915 3258 970 ad
3292 926 3521 986 cognata
3556 916 3641 970 in-

2053 1002 2358 1073 telligibilia
2404 1013 2666 1067 transeat,
2701 1006 2836 1074 quin
2888 1007 3141 1071 sensilia,
3174 1023 3296 1076 quae
3337 1007 3519 1061 media
3556 1008 3640 1061 in-

2052 1097 2280 1167 terjecla
2308 1106 2459 1161 sunt,
2495 1097 2847 1166 speculetur;
2895 1099 3122 1167 haecque
3154 1098 3248 1153 illa
3282 1100 3437 1153 nullo
3476 1115 3637 1169 pror—

2050 1205 2147 1245 sus
2187 1189 2351 1243 modo
2380 1189 2587 1257 absque
2620 1204 2813 1254 sensu,
2849 1190 2925 1242 illi
2959 1189 3184 1259 quidem
3210 1189 3546 1252 adhaerente,
3584 1195 3639 1241 at

2050 1284 2145 1354 qui
2181 1292 2377 1338 natura
2411 1283 2708 1337 sensilibus
2753 1282 2934 1336 aﬁinis
2972 1284 3065 1347 sit,
3104 1282 3379 1353 speculari
3408 1281 3590 1335 valeat
3620 1297 3635 1334 :

2050 1375 2251 1429 merito
2282 1389 2435 1438 sane,
2485 1374 2761 1444 siquidem
2798 1390 2861 1428 ea
2887 1374 3232 1443 attingendo,
3265 1388 3452 1427 rerum
3474 1387 3638 1442 aspe-

2049 1468 2334 1524 ctabilium
2354 1466 2544 1538 ﬁguris
2570 1481 2633 1520 ac
2658 1466 2940 1521 coloribus
2966 1466 3310 1530 inhmreseat,
3328 1465 3635 1534 simplicem

2048 1574 2170 1616 esse
2206 1568 2326 1613 rata
2356 1558 2759 1628 operationem,
2789 1574 2911 1627 qua:
2937 1574 3135 1612 sensus
3159 1557 3500 1627 compositus
3528 1565 3635 1620 est,

2048 1651 2116 1707 ab
2131 1651 2574 1723 intelligibilibus
2588 1666 2651 1705 ac
2667 1650 3033 1720 spiritalibus,
3051 1660 3315 1719 quaesunl
3330 1664 3394 1702 ex
3414 1655 3634 1712 natura,

2051 1742 2327 1812 prolapsa,
2356 1741 2627 1795 ambabus
2667 1741 2836 1810 (quod
2881 1740 3058 1809 aiunt)
3098 1739 3375 1803 manibus,
3411 1738 3637 1791 innatu-

2052 1835 2187 1888 ralia
2209 1848 2443 1903 corpora
2472 1832 2862 1902 apprehendit,
2892 1846 2955 1885 ac
2977 1830 3261 1893 complexa
3284 1837 3400 1883 est:
3430 1828 3637 1898 quibus

2048 1927 2212 1982 aliter
2239 1941 2303 1980 ac
2332 1925 2529 1980 suadet
2559 1924 2701 1977 ratio
2727 1926 2910 1978 excita
2945 1937 3009 1975 ac
3051 1928 3222 1982 mota,
3250 1919 3322 1973 ob
3356 1934 3552 1973 sensus
3580 1919 3636 1973 in

2048 2034 2168 2074 eam
2193 2016 2509 2081 victoriam,
2548 2016 2789 2071 tristitiae
2817 2013 2989 2068 animi
3022 2011 3237 2066 crebris
3277 2010 3637 2065 conscientia:

2047 2110 2382 2167 verberibus
2416 2108 2754 2178 vapulantis,
2783 2121 2989 2177 parens
3028 2104 3283 2169 exsistit;
3326 2116 3635 2169 sensusque

2047 2206 2229 2275 palam
2260 2199 2564 2270 voluptatis
2590 2184 2787 2253 auctor
2812 2196 3073 2261 efﬁcitur,
3112 2210 3236 2263 qua:
3266 2192 3480 2248 scilicet
3520 2207 3639 2247 mo-

2049 2299 2135 2353 dis
2178 2294 2431 2367 l‘ovenda}
2460 2291 2645 2347 carnis
2683 2287 3061 2359 excogitandis
3104 2286 3339 2341 nimium
3366 2291 3636 2354 quantum

2047 2389 2357 2445 delectetur
2378 2401 2442 2440 ac
2463 2384 2618 2439 velut
2642 2382 3038 2451 impinguetur.
3062 2378 3158 2433 Sin
3184 2386 3367 2439 autem
3402 2391 3529 2429 mox
3570 2387 3636 2429 ac

2046 2481 2228 2551 attigit
2266 2477 2647 2549 percepitque,
2695 2482 2925 2527 externa
2976 2486 3163 2525 rerum
3214 2468 3633 2540 aspectabilium

2046 2574 2282 2629 disseeta
2310 2569 2515 2639 specie,
2549 2565 2830 2636 spiritales
2873 2577 3055 2616 rerum
3086 2561 3350 2624 rationes,
3389 2559 3633 2629 ipsarum

2046 2665 2236 2737 ﬁguris
2288 2662 2586 2731 depuratas
2636 2653 3009 2724 conspexerit,
3072 2652 3243 2707 animi
3293 2653 3632 2720 voluptatem

2044 2754 2325 2828 produxit,
2380 2751 2474 2822 qui
2521 2749 2677 2803 nullo
2716 2746 2961 2799 visorum
3013 2743 3301 2797 sensilium
3342 2748 3631 2805 teneatur;

2044 2860 2350 2916 sensusque
2382 2843 2653 2903 dolorem,
2692 2836 2951 2891 omnibus
2982 2850 3051 2889 ex
3089 2843 3286 2888 natura
3331 2832 3635 2888 sensilibus

2043 2942 2264 3011 privati,
2298 2939 2607 2994 constituit.

2118 3034 2170 3085 7.
2200 3030 2339 3096 Quia
2371 3031 2538 3101 igitur
2575 3030 2742 3084 animi
2774 3028 3000 3099 quidem
3033 3021 3313 3079 tristitiam
3342 3032 3439 3072 seu
3477 3015 3635 3069 dolo-

345 3120 515 3175 πόνον
533 3118 747 3191 (ταύτὸν
766 3118 873 3189 γὰρ
903 3118 1157 3188 ἀλλήλοις
1175 3116 1512 3189 ἀμφότερα),
1542 3120 1573 3187 ἡ
1597 3116 1716 3171 κατ’
1743 3116 1939 3186 αἴσθη-

2053 3140 2167 3180 rem
2208 3124 2476 3192 (laborem
2525 3123 2774 3177 scilicet:
2810 3132 2939 3176 sunt
2968 3118 3116 3173 enim
3148 3115 3265 3168 haec
3286 3107 3503 3177 eadem)
3540 3122 3636 3161 vo-

345 3232 437 3267 σιν
465 3213 628 3283 ἡδονὴ
666 3211 968 3283 συνίστησι·
1001 3211 1100 3282 τὴν
1127 3211 1186 3265 δὲ
1236 3214 1336 3283 τῆς
1382 3210 1691 3280 αἰσθήσεως
1734 3209 1937 3277 λύπην,

344 3308 520 3378 ῆγουν
556 3306 647 3358 τὸν
681 3304 859 3367 πόνον,
897 3305 930 3374 ἡ
967 3303 1108 3363 κατὰ
1157 3303 1337 3373 ψυχὴν
1371 3305 1541 3355 ποιεῖν
1576 3301 1736 3371 ἡδονὴ
1770 3300 1946 3368 πέφυ-

345 3416 470 3463 κεν,
505 3398 728 3459 εἰκότως
757 3399 785 3449 ὁ
815 3397 913 3466 τῆς
945 3395 1064 3449 κατ’
1098 3395 1289 3447 ἐλπίδα
1336 3392 1483 3462 ζωῆς
1523 3394 1630 3447 τοῦ
1660 3393 1808 3447 Θεοῦ
1845 3393 1945 3447 καί

346 3488 628 3556 Σωτῆρος
672 3487 843 3559 ημῶν
888 3487 1094 3555 Ἰησοῦ
1125 3485 1408 3555 Χριστοῦ,
1445 3485 1519 3538 δι’
1552 3483 1945 3550 ἀναστάσεως

342 3581 583 3651 νεκρῶν
610 3584 699 3645 εἰς
727 3581 1143 3649 κληρονομίαν
1172 3579 1483 3648 ἄφθαρτον
1512 3578 1609 3631 καὶ
1651 3577 1946 3646 ἀμίαντον

342 3675 450 3730 καὶ
482 3674 831 3743 ἀμάραντον
862 3670 1277 3741 τετηρημένην
1314 3671 1383 3723 ἐν
1434 3670 1748 3737 οὐρανοῖς,
1796 3670 1946 3738 ἐφιέ-

347 3784 544 3838 μενος,
576 3765 719 3820 ma
751 3764 850 3836 μέν
895 3766 994 3836 τὴν
1021 3763 1200 3835 ψυχὴν
1226 3762 1551 3831 ἀγαλλίασιν
1592 3762 1726 3832 ἔχει,
1768 3761 1945 3833 χαρὰν

344 3858 738 3927 ἀνεκλάλητον,
770 3856 1034 3927 διηνεκῶς
1061 3858 1126 3926 τῇ
1154 3855 1260 3907 τῶν
1292 3854 1593 3925 μελλόντων
1618 3855 1793 3907 ἐλπίδι
1819 3872 1945 3921 γαν-

342 3950 412 4005 νύ
424 3967 583 4021 μενος
623 3948 867 4018 ἀγαθῶν·
901 3948 1048 4001 κατὰ
1075 3947 1131 3999 δὲ
1158 3947 1257 4017 τὴν
1291 3947 1472 4016 σάρκα
1510 3946 1604 3999 καὶ
1631 3945 1730 4016 τὴν
1752 3944 1943 4012 αἴσθη-

344 4060 458 4108 σιν,
493 4041 694 4114 λύπην,
732 4042 901 4112 ῆγουν
929 4040 1055 4102 τοὺς
1086 4041 1151 4091 ἐκ
1179 4038 1289 4091 τῶν
1325 4037 1584 4091 ποικίλων
1622 4038 1943 4107 πειρασμῶν

341 4136 765 4206 ἐπιγινομένους
792 4135 930 4204 αὐτῇ
974 4133 1193 4196 πόνους,
1222 4133 1317 4185 καὶ
1345 4134 1443 4193 τὰς
1473 4134 1558 4185 ἐπ’
1593 4132 1785 4193 αὐτοῖς
1822 4130 1935 4183 ὀδύ-

341 4246 469 4290 νας.
521 4227 677 4300 Πάσῃ
708 4227 819 4297 γὰρ
862 4226 1054 4296 ἀρετῇ,
1086 4224 1248 4295 ἡδονὴ
1282 4224 1375 4277 καὶ
1416 4223 1575 4285 πόνος
1609 4223 1939 4293 παρέπεταισ

342 4320 516 4381 πόνος
557 4319 657 4390 μέν
686 4318 911 4388 σαρκὸς,
956 4317 1334 4387 ἐστερημένης
1374 4315 1474 4385 τῆς
1508 4316 1813 4387 προσηνοῦς
1851 4314 1942 4369 καὶ

341 4410 632 4483 λειοτέρας
680 4410 1006 4481 αἰσθήσεως
1062 4408 1227 4482 ἡδονὴ
1286 4409 1343 4461 δέ
1389 4407 1588 4479 ψυχῆς,
1622 4408 1821 4470 παντὸς
1855 4408 1941 4461 αἰ-

2046 3218 2231 3287 luptas
2257 3232 2455 3271 sensus
2482 3215 2803 3279 constituit;
2830 3224 3135 3279 sensusque
3162 3206 3411 3259 dolorem
3432 3199 3508 3273 (id
3527 3207 3633 3260 est,

2047 3306 2319 3378 laborem)
2352 3307 2523 3361 animi
2559 3307 2818 3375 voluptas
2852 3304 3035 3356 facere
3078 3296 3397 3359 consuevit;
3435 3291 3636 3347 merito

2048 3400 2116 3464 is,
2144 3400 2239 3469 qui
2278 3400 2407 3454 vita:
2446 3400 2503 3453 in
2535 3413 2630 3467 spe
2661 3396 2874 3466 positm,
2905 3394 3002 3447 Dei
3034 3408 3098 3445 ac
3131 3388 3429 3444 Saluatoris
3466 3382 3635 3438 nostri

2044 3491 2172 3544 Iesu
2207 3490 2404 3546 Christi
2437 3507 2529 3560 per
2558 3489 3083 3542 resurrectionem’tza:
3111 3481 3353 3543 mortuis,
3376 3479 3429 3531 in
3464 3479 3637 3530 lowre‘

2046 3584 2267 3637 ditatem
2314 3579 2765 3651 incorruptibilem
2821 3587 2870 3631 et
2912 3574 3393 3631 incontaminatum
3436 3578 3483 3621 ct
3532 3568 3633 3620 im-

2046 3674 2455 3730 marcescibilem
2485 3677 2848 3727 conservatam
2885 3671 2942 3722 in
2980 3666 3120 3720 caelis
3159 3665 3200 3729 ⁷,
3246 3658 3523 3716 desiderio
3555 3667 3636 3711 te-

2046 3779 2232 3833 netur,
2285 3768 2470 3821 animo
2509 3766 2733 3837 quidem
2778 3764 3036 3825 exsultat,
3081 3757 3393 3830 gaudetque
3432 3751 3634 3822 gaudio

2048 3861 2427 3924 inenarrabili,
2455 3861 2730 3913 bonorum
2765 3856 2927 3928 585
2960 3856 3273 3908 futurorum
3308 3864 3403 3918 spe
3428 3845 3636 3915 jugiter

2045 3957 2343 4027 gauniens;
2385 3970 2551 4008 carne
2595 3961 2779 4006 autem
2829 3966 2892 4004 ac
2934 3962 3100 4003 sensu
3158 3944 3404 3997 dolerent
3445 3938 3630 3998 habet,

2044 4050 2263 4104 labores
2290 4042 2500 4103 scilicet
2526 4047 2619 4115 qui
2650 4061 2716 4099 ex
2755 4042 2925 4097 variis
2965 4036 3361 4094 tentatiouibus
3395 4031 3472 4085 illi
3496 4045 3631 4084 con-

2045 4142 2268 4205 ﬁantur,
2312 4155 2375 4194 ac
2425 4155 2562 4208 quas
2603 4138 2681 4191 illi
2715 4149 2991 4189 :crumnas
3028 4146 3093 4185 ac
3132 4129 3353 4183 dolores
3390 4122 3630 4193 pariunt.

2044 4235 2208 4289 Omni
2258 4233 2406 4288 enim
2466 4230 2662 4285 virtuti
2712 4238 2827 4283 tum
2882 4228 3158 4294 voluptas,
3212 4229 3326 4273 tum
3373 4226 3427 4271 et
3477 4214 3635 4268 labor

2046 4342 2232 4381 comes
2253 4323 2469 4379 exsistit
2500 4341 2514 4376 :
2554 4337 2753 4391 nempe
2787 4319 2972 4374 carnis
3000 4317 3176 4379 labor,
3207 4328 3369 4382 quam
3402 4305 3636 4362 blandus

2044 4415 2335 4483 leniorque
2385 4426 2583 4466 sensus
2629 4409 2871 4471 deﬁciat,
2918 4406 3195 4474 animique
3236 4400 3506 4469 voluptas,
3539 4395 3634 4465 qui

347 4481 553 4570 σθητοῦ
583 4502 847 4572 καθαροῖς
890 4498 1245 4571 ἐντρυφώσης
1290 4502 1405 4562 τοῖς
1447 4501 1505 4553 ἐν
1553 4498 1822 4569 πνεύματι
1850 4500 1941 4573 λό-

2053 4506 2119 4559 ab
2147 4504 2297 4559 omni
2330 4502 2520 4558 sensili
2548 4501 2704 4572 puris
2739 4500 2794 4553 in
2832 4497 3035 4569 spiritu
3082 4492 3390 4548 rationibus
3421 4486 3638 4543 deliciis

345 4613 490 4667 γοις.

425 4696 496 4761 η’.
528 4688 657 4742 Δέον
693 4687 811 4742 ἐστὶ
853 4686 948 4740 τὸν
985 4685 1111 4741 νοῦν
1152 4689 1295 4743 κατὰ
1327 4688 1426 4760 τὴν
1454 4690 1743 4762 παροῦσαν
1798 4691 1947 4764 ζωὴν

348 4782 537 4857 (τοῦτο
554 4781 661 4851 γάρ
683 4798 771 4851 μοι
802 4782 1023 4845 νοεῖται,
1056 4778 1118 4833 τὸ
1144 4778 1283 4850 νῦν),
1302 4783 1445 4835 κατὰ
1471 4786 1651 4853 σάρκα
1678 4785 1847 4838 λυπού
1857 4802 1947 4857 μεέ

347 4892 463 4939 νον,
495 4874 583 4928 διὰ
621 4874 747 4936 τοὺς
782 4872 1012 4936 πολλοὺς
1046 4873 1242 4935 πόνους
1286 4873 1398 4926 τῶν
1435 4876 1575 4947 ὑπὲρ
1617 4878 1820 4947 ἀρετῆς
1854 4878 1947 4932 αὐ-

346 4969 431 5037 τῷ
459 4968 885 5038 προσαγομένων
911 4966 1261 5037 πειρασμῶν,
1287 4967 1374 5019 ἀεὶ
1406 4971 1618 5039 χαίρειν
1656 4972 1795 5024 κατὰ
1833 4971 1938 5037 ψυ-

348 5061 477 5131 χὴν,
521 5060 613 5113 καὶ
654 5056 881 5129 ἣδεσθαι
910 5058 1000 5110 διὰ
1027 5057 1128 5127 τὴν
1163 5057 1356 5111 ἐλπίδα
1389 5058 1499 5111 τῶν
1541 5060 1776 5114 αἰωνίων
1803 5062 1943 5129 ἀγα-

351 5153 486 5215 θῶν,
520 5151 625 5203 κᾶν
659 5150 758 5221 ἔχῃ
781 5151 1271 5220 καταπονουμένην
1295 5150 1394 5219 τὴν
1410 5150 1683 5221 αἴσθησιν.
1720 5154 1801 5206 Οὐ
1831 5152 1942 5223 γὰρ

350 5245 497 5308 ἄξια
531 5244 599 5297 τὰ
623 5241 941 5311 παθήματα
973 5242 1081 5296 τοῦ
1104 5242 1224 5295 νῦν
1242 5242 1449 5310 καιροῦ
1479 5244 1631 5310 πρὸς
1655 5243 1770 5313 τὴν
1797 5247 1944 5313 μέλ-

348 5341 597 5390 ,ζουσαν
622 5335 811 5399 δόξαν
838 5336 1378 5389 ἀποκαλύπτεσθαι
1422 5337 1510 5401 εἰς
1552 5334 1730 5404 ἡμᾶς,
1774 5338 1942 5407 φησὶν

350 5430 384 5481 ὁ
415 5428 559 5491 θεῖος
605 5429 735 5480 Ἀπό
744 5427 949 5490 στολος.

432 5520 496 5573 θ’.
529 5520 742 5590 Ψυχῆς,
788 5522 821 5589 ἡ
873 5521 1029 5590 σὰρξ,
1066 5521 1179 5574 ἀλλ’
1213 5522 1275 5574 οῦ
1311 5524 1513 5595 σαρκὸς
1552 5526 1585 5595 ἡ
1628 5523 1773 5594 ψυχή
1798 5542 1813 5555 ο
1848 5525 1942 5577 τοῦ

352 5610 469 5679 γὰρ
492 5612 822 5682 κρείττονος,
856 5612 988 5681 φησί
1011 5654 1025 5677 ,
1064 5612 1126 5665 τὸ
1152 5609 1335 5686 ⁴ἧττον,
1362 5615 1480 5667 ἀλλ’
1508 5618 1566 5668 ού
1596 5615 1688 5669 τοῦ
1717 5616 1940 5685 ἥττονος

438 5795 456 5825 ⁷
487 5794 506 5851 l
534 5796 678 5851 Pctr.
713 5811 751 5857 ι.
780 5795 834 5849 3.
916 5794 937 5825 ⁸
965 5795 983 5849 l
1014 5795 1161 5849 Petr.
1196 5809 1232 5856 ι,
1262 5792 1313 5848 6.
1394 5794 1412 5823 θ
1441 5793 1601 5848 Rom.
1634 5808 1744 5855 vui,
1783 5794 1843 5848 18

2049 4597 2258 4653 afﬂuat.

2121 4676 2173 4745 8.
2204 4688 2396 4758 Opera:
2437 4685 2678 4755 pretium
2712 4692 2796 4738 est
2828 4691 2889 4736 ut
2920 4680 3139 4735 animus
3170 4679 3283 4732 vita
3316 4676 3419 4729 bac
3454 4672 3637 4741 (hunc

2048 4783 2196 4839 enim
2223 4779 2357 4834 mihi
2390 4793 2611 4833 sensum
2645 4775 2832 4835 habet,
2856 4773 3003 4843 quod
3031 4772 3257 4834 dicitur,
3280 4765 3440 4833 nunc)
3472 4777 3637 4819 earuc

2047 4877 2241 4931 dolens
2268 4889 2332 4928 ac
2358 4885 2620 4933 mmrens,
2647 4869 2718 4923 ob
2749 4883 2943 4921 earum
2978 4865 3342 4919 tentationum
3364 4860 3405 4923 ⁸,
3435 4856 3639 4928 quibus

2048 4968 2271 5023 virtutis
2304 4978 2469 5021 causa
2502 4962 2800 5032 appetitur,
2837 4958 3197 5027 multiplicem
3240 4953 3514 5015 laborem,
3548 4963 3638 5003 se-

2048 5077 2173 5117 cum
2211 5061 2329 5131 ipse
2364 5072 2583 5126 semper
2608 5053 2841 5125 gaudeat
2868 5067 2932 5105 ac
2959 5047 3315 5121 jucundetur,
3342 5059 3437 5113 spe
3464 5041 3640 5096 fretus

2047 5154 2363 5209 futurorum
2390 5151 2687 5211 bonorum,
2716 5146 2819 5201 etsi
2849 5156 3076 5199 sensum
3106 5137 3393 5194 laboribus
3417 5134 3630 5189 divexao

2050 5252 2163 5298 tum
2212 5243 2429 5296 habeat.
2466 5240 2537 5295 Ut
2570 5238 2719 5293 enim
2762 5237 2838 5291 ait
2872 5233 3095 5288 divinus
3130 5228 3428 5300 Apostolus
3468 5242 3481 5278 :
3518 5223 3639 5278 Non

2048 5341 2172 5387 sunt
2200 5332 2475 5402 condigna:
2506 5330 2774 5401 passiones
2804 5326 2960 5396 hujus
2993 5321 3265 5393 temporis,
3299 5318 3368 5373 ad
3402 5317 3638 5387 futuram

2050 5426 2303 5500 gloriam,
2332 5438 2449 5495 qua:
2480 5420 2802 5476 revelabitur
2826 5420 2883 5471 in
2914 5415 3060 5470 nobis
3080 5416 3125 5468 ’.

2120 5523 2172 5577 9.
2205 5521 2367 5584 Caro,
2402 5516 2570 5571 animi
2608 5523 2713 5579 est,
2746 5529 2852 5567 non
2892 5509 3132 5565 vicissim
3174 5505 3391 5559 animus
3432 5496 3635 5555 carnis.

2052 5616 2145 5670 Est
2193 5612 2339 5668 enim
2392 5606 2817 5681 praestantioris,
2852 5600 3061 5672 inquit,
3097 5599 3149 5653 id
3197 5594 3343 5667 quod
3392 5588 3641 5647 deterius
