4020 6404
439 325 580 391 1307

1605 314 1672 378 Β.
1713 306 2002 378 MAXIM!
2041 305 2558 380 CONFESSORIS

3568 321 3688 391 1308

439 453 524 496 cst
559 455 574 492 τ
614 433 762 491 haud
799 447 932 490 vero
971 434 1290 502 deterioris,
1329 433 1479 506 quod
1519 445 1610 491 est
1646 433 2018 506 praestantius.

2142 433 2184 490 τὸ
2209 439 2475 507 κρεῖττον.
2509 432 2742 501 Οὔκοῦν,
2776 431 2967 508 ἐπειδὴ
2994 432 3066 508 τῇ
3089 433 3256 506 σαρκὶ
3287 434 3378 490 διὰ
3404 435 3498 508 τὴν
3526 441 3688 510 παρά-

433 530 574 596 Quia
625 529 795 600 igitur
833 527 988 583 carni
1035 527 1102 582 ad
1147 529 1635 599 transgressionem
1683 529 1894 599 peccati
1934 528 2024 584 lex

436 621 686 686 inolevit,
719 621 867 691 quod
900 632 985 676 est
1015 636 1211 677 sensus
1241 623 1495 692 voluptas
1527 629 1692 692 atque
1727 621 1922 686 libido,
1953 621 2024 676 ob

435 730 601 784 quam
644 730 743 783 per
783 714 1000 769 labores
1039 714 1258 770 deCreta
1294 715 1489 770 mortis
1524 717 1708 770 carnis
1744 713 2025 769 damnatio

435 818 550 872 est,
580 808 649 861 ad
686 807 1013 862 abolendam
1049 807 1233 862 carnis
1265 807 1438 877 legem
1479 807 1714 861 solerter
1745 807 1968 860 inventa
2005 821 2021 859 :

432 899 598 969 plane
629 897 725 968 qui
759 897 830 952 ob
865 906 1173 966 peccatum,
1206 898 1326 966 ejus
1358 895 1613 951 abolendi
1650 910 1838 960 causa,
1869 910 2022 949 mor-

437 999 548 1044 tem
573 990 964 1059 supervenisse
987 1004 1096 1044 non
1123 990 1320 1052 nescit,
1345 1003 1563 1060 semper
1587 989 1773 1044 animo
1800 989 2023 1060 gaudet,

438 1081 530 1150 qui
565 1080 661 1150 per
692 1082 878 1136 varios
905 1081 1151 1146 labores,
1181 1082 1357 1152 legem
1400 1081 1610 1152 peccati
1651 1097 1681 1135 a
1721 1095 1820 1136 sua
1861 1093 2028 1136 carne

439 1171 750 1226 desciscere
787 1170 1000 1236 videat,
1036 1187 1147 1240 quo
1183 1171 1430 1226 futuram
1473 1173 1526 1226 in
1570 1172 1768 1242 Spiritu
1812 1173 2028 1227 beatam

438 1265 611 1318 vitam
645 1263 936 1333 suscipiat;
962 1280 1128 1333 quam
1160 1264 1320 1318 aliter
1344 1280 1508 1319 nemo
1537 1266 1797 1334 consequi
1831 1266 2026 1335 possit,

441 1354 574 1424 quin
600 1356 775 1425 prius,
802 1370 903 1410 ceu
931 1372 998 1410 ex
1025 1371 1150 1413 vase
1174 1355 1434 1426 quodam,
1457 1372 1525 1412 ex
1557 1373 1745 1421 carne,
1772 1358 2029 1428 pnesentl

442 1463 607 1518 quam
656 1449 910 1503 ducimus
953 1448 1093 1514 vita,
1141 1450 1352 1519 peccati
1403 1451 1609 1520 legem,
1646 1464 1754 1520 qua
1805 1451 1863 1505 in
1908 1464 2032 1506 eam

443 1541 736 1597 allectione
770 1559 835 1596 ac
870 1543 1099 1598 libidine
1125 1545 1378 1598 voluntas
1412 1544 1635 1599 ducitur
1659 1545 2028 1601 evacua‘verit.

521 1715 608 1770 l0.
640 1717 745 1784 Qui
794 1731 860 1772 ea
902 1719 1114 1774 ratione
1159 1731 1268 1790 qua
1315 1720 1578 1778 virtutem
1621 1722 1773 1790 colit,
1807 1733 2035 1794 propter

445 1807 665 1864 labores
697 1818 860 1880 atque
893 1825 1171 1867 aerumnas
1203 1829 1371 1871 carne
1402 1814 1572 1878 dolet,
1599 1816 1846 1888 ejusdem
1880 1815 2032 1874 cultu

447 1903 636 1957 animo
662 1903 884 1973 gaudet,
914 1904 1008 1974 qui
1035 1906 1188 1959 velut
1215 1907 1326 1978 jam
1363 1914 1688 1976 presentem
1722 1907 2038 1964 futurorum

449 1996 707 2052 decorem
760 1998 1099 2068 conspiciat;
1148 2001 1307 2070 cujus
1359 2001 1568 2070 gratia,
1613 2001 1766 2055 velut
1809 2013 2041 2072 magnus

449 2084 553 2140 Dat
568 2080 621 2141 id
643 2089 708 2153 ³⁸,
727 2088 928 2144 mentis
951 2090 1236 2160 proposito
1257 2106 1288 2144 a
1313 2103 1478 2146 carne
1497 2091 1881 2159 desciscendo,
1904 2107 2042 2164 quo»

452 2178 588 2234 tidie
615 2179 871 2245 moritur,
900 2181 996 2251 qui
1029 2182 1263 2252 spiritali
1297 2183 1482 2238 animo
1515 2183 1870 2255 generatione
1901 2200 2045 2240 sem-

449 2285 552 2340 per
591 2270 919 2338 innovetur;
966 2281 1082 2327 tum
1126 2287 1328 2343 nempe
1363 2274 1663 2329 salutarem
1702 2275 2042 2346 voluptatem

450 2371 678 2428 nactus,
717 2370 834 2418 tum
872 2364 1153 2419 tristitiam
1191 2366 1405 2421 utilem.
1443 2365 1752 2421 Tristitiam
1789 2367 1940 2422 eriim
1978 2381 2044 2422 ao

453 2455 704 2510 dolorem
748 2455 1007 2522 dicimus,
1045 2473 1159 2512 non
1203 2457 1596 2513 abhorrentem
1643 2474 1672 2514 a
1719 2459 1934 2514 ratione
1979 2474 2045 2515 ac

452 2547 634 2616 qualis
671 2548 821 2619 vulgi
863 2549 969 2615 sit;
1015 2565 1138 2619 quae
1179 2549 1392 2605 scilicet
1429 2565 1496 2605 eo
1535 2550 1756 2607 nomine
1796 2551 2043 2607 animum

451 2652 690 2693 maerore
717 2638 970 2694 conﬁciat
1002 2655 1065 2694 ac
1093 2642 1395 2707 excruciet,
1423 2642 1570 2710 quod
1605 2641 1833 2698 atl‘cctus
1861 2643 2046 2698 desint

454 2742 522 2782 ac
567 2729 855 2796 libidines,
890 2746 994 2790 nec
1040 2741 1386 2788 terrenarum
1435 2733 1592 2803 copia
1639 2734 1852 2802 adluat;
1895 2737 2048 2792 velut

454 2832 655 2890 nempe
699 2821 862 2893 586
908 2837 1122 2889 eorum,
1160 2825 1252 2894 qui
1303 2825 1475 2879 invita
1520 2834 1737 2893 natura,
1769 2843 1894 2898 quaa
1935 2844 2047 2885 non

457 2911 669 2977 deceat,
697 2922 978 2987 appetant,
1007 2924 1064 2970 et
1095 2930 1126 2968 a
1159 2914 1361 2985 quibus
1391 2931 1502 2970 non
1535 2917 1715 2984 decet,
1743 2918 2045 2990 refugiant;

456 3003 554 3057 sed
604 3005 948 3069 consultam,
993 3006 1240 3075 virisque
1284 3006 1471 3062 divina
1519 3009 1788 3078 sapientia
1836 3013 2048 3068 ornatis

2125 527 2287 583 ὃασιν
2340 524 2579 602 ἐνεφύρη
2631 524 2732 600 τῆς
2783 529 3061 600 ἁμαρτίας
3095 531 3123 582 ὁ
3152 528 3338 594 νόμος,
3387 529 3517 601 ὅπερ
3557 531 3690 585 ἐστὶν

2127 624 2160 693 ἢ
2191 620 2312 675 κατ’
2343 621 2600 693 αἴσθησιν
2629 622 2813 694 ἡδονὴ,
2859 622 2929 676 δι’
2977 621 3044 694 ῆν
3078 621 3167 675 διὰ
3201 620 3376 674 πόνων
3412 622 3691 694 κατεκρίθη

2126 715 2225 786 τῆς
2259 715 2460 784 σαρκὸς
2493 715 2520 766 ὀ
2551 711 2808 777 θάνατος,
2829 712 2910 779 είς
2938 713 3036 784 τὴν
3057 712 3154 767 τοῦ
3189 713 3354 782 νόμου
3380 713 3478 782 τῆς
3508 715 3694 784 σαρκδς

2127 807 2410 877 ἀναίρεσιν
2444 807 2901 878 ἐπινενοημένος,
2960 808 2989 858 ὁ
3039 804 3294 875 διαγνοὺς
3341 805 3422 859 ὅτι
3469 805 3555 858 διὰ
3605 807 3695 879 τὴν

2128 897 2408 970 ἁμαρτίαν
2439 897 2521 962 είς
2546 898 2646 970 τὴν
2676 899 2848 969 αὐτῆς
2886 890 3169 970 ἀναίρεσιν
3203 895 3517 967 ἐπεισῆλθεν
3547 898 3572 949 ὁ
3605 895 3693 951 θά-

2127 999 2308 1054 νατος,
2337 988 2422 1042 ἀεὶ
2457 989 2751 1060 χαίρουσαν
2777 987 2894 1059 ἔχει
2914 989 3012 1061 τὴν
3036 987 3238 1060 ψυχὴν,
3274 983 3360 1041 διὰ
3389 987 3559 1042 πόνων
3585 1005 3691 1042 ποι-

2130 1078 2298 1135 κίλων
2347 1080 2629 1151 θεωμένην
2675 1079 3069 1152 ἀπογινόμενον
3108 1080 3207 1151 τῆς
3263 1077 3466 1142 οἰκείας
3505 1080 3692 1151 σαρκὸς

2129 1173 2223 1227 τὸν
2252 1173 2416 1243 νόμον
2455 1172 2554 1242 τῆς
2580 1172 2876 1242 ἁμαρτίας,
2914 1171 3052 1243 πρὸς
3081 1168 3349 1240 ὑποδοχὴν
3375 1168 3475 1240 τῆς
3503 1169 3702 1240 μελλού-

2133 1279 2235 1336 σης
2273 1266 2332 1318 ὲν
2360 1263 2637 1336 πνεύματι
2668 1263 2946 1334 μακαρίας
2979 1262 3148 1332 ζωῆς,
3178 1257 3247 1333 ἧς
3279 1259 3452 1322 ἄλλως
3476 1259 3570 1313 οὐκ
3598 1258 3701 1314 ἐστι

2131 1359 2334 1429 τυχεῖν,
2379 1355 2456 1429 μὴ
2511 1355 2782 1428 πρότερον
2817 1353 3150 1417 κενωθέντος
3185 1353 3261 1416 ὡς
3299 1351 3362 1417 ἐξ
3392 1351 3602 1420 ἀγγείου
3629 1369 3703 1405 τι-

2132 1447 2218 1509 νὸς
2243 1457 2342 1521 της
2373 1448 2576 1520 σαρκὸς
2610 1449 2668 1501 ἐν
2708 1447 2777 1517 τῇ
2809 1446 3065 1520 παρούσῃ
3092 1445 3229 1517 ζωῇ,
3270 1443 3413 1499 κατὰ
3441 1443 3538 1513 τὴν
3574 1443 3700 1514 πρὸς

2133 1543 2304 1615 αὐτὴν
2353 1541 2539 1614 σχέσιν
2592 1541 2694 1613 τῆς
2733 1541 2984 1611 γνώμης,
3031 1539 3124 1592 τοῦ
3175 1535 3343 1610 νόμου
3387 1535 3487 1606 τῆς
3533 1537 3700 1608 ἁμαρ·

2135 1634 2274 1702 τίας.

2212 1738 2264 1784 ι’.
2313 1729 2371 1784 '0
2412 1726 2480 1801 τῇ
2508 1723 2680 1800 ἀρετῇ
2719 1723 2862 1780 κατὰ
2903 1724 3084 1795 σάρκα
3116 1718 3205 1776 διὰ
3237 1721 3368 1784 τοὺς
3409 1717 3599 1781 πόνους
3621 1716 3704 1770 λυ-

2141 1823 2434 1895 πούμενος,
2477 1825 2538 1876 ὲν
2588 1820 2726 1890 αὐτῇ
2776 1817 2959 1890 χαίρει
3008 1815 3074 1888 τῇ
3112 1811 3282 1885 ἀρετῇ
3337 1807 3477 1865 κατά
3521 1807 3704 1880 ψυχὴν,

2139 1916 2215 1981 ὣς
2255 1913 2540 1986 παροῦσαν
2581 1906 2853 1982 Θεώμενος
2886 1907 2984 1981 τὴν
3021 1905 3130 1962 τῶν
3171 1904 3479 1976 μελλόντων
3523 1901 3704 1972 εὐπρέ-

2140 2021 2323 2063 πειαν·
2345 2007 2484 2079 ὑπὲρ
2507 2001 2596 2078 ἧς,
2619 2003 2762 2059 κατὰ
2789 2002 2878 2056 τὸν
2915 1997 3090 2072 μέγαν
3112 1999 3298 2062 Δαδὶδ,
3335 1995 3403 2069 τῇ
3425 1994 3564 2050 κατὰ
3583 1992 3707 2063 γνὼ-

2144 2116 2254 2174 μην
2283 2097 2610 2170 ἀπογενέσει
2645 2099 2744 2168 τῆς
2782 2095 3008 2170 σαρκὸς,
3049 2088 3173 2148 καθ’
3212 2091 3453 2162 ἑκάστην
3491 2084 3710 2159 ἀποθνή-

2143 2203 2264 2247 σκει
2302 2187 2403 2264 τὴν
2434 2191 2670 2263 ἡμέραν,
2700 2185 2730 2244 ὁ
2779 2186 2925 2243 κατὰ
2971 2186 3070 2258 τὴν
3101 2183 3202 2257 τῆς
3239 2183 3422 2256 ψυχῆς
3463 2182 3520 2236 ἐν
3564 2179 3710 2235 πνιύ·

2146 2299 2280 2356 ματι
2317 2282 2534 2354 γένεσιν
2573 2277 2662 2338 ἀεὶ
2688 2279 3089 2352 καινιζόμενος,
3124 2275 3220 2332 ατε
3257 2277 3327 2347 δὴ
3366 2276 3461 2330 καὶ
3485 2273 3580 2346 τὴν
3599 2271 3712 2344 ἡδο-

2145 2377 2242 2451 νὴν
2268 2373 2408 2448 ἔχων
2440 2368 2730 2444 σωτήριον,
2759 2372 2857 2427 καὶ
2878 2367 2978 2444 τὴν
3003 2366 3182 2442 λύπην
3211 2363 3509 2440 ὠφέλιμον.
3539 2365 3712 2436 Λύπην

2146 2466 2256 2540 γάρ
2287 2481 2490 2540 φαμεν,
2525 2466 2588 2520 οὐ
2629 2467 2730 2538 τὴν
2762 2460 3071 2534 παράλογον
3101 2459 3197 2517 καὶ
3238 2460 3352 2514 τῶν
3382 2455 3608 2524 πολλῶν,
3632 2455 3714 2512 ἐπὶ

2150 2562 2407 2633 στερήσει
2461 2555 2654 2612 ’παθῶν
2699 2553 2733 2631 ἢ
2785 2556 3129 2628 πραγμάτων
3163 2548 3373 2608 ύλικῶν
3421 2553 3519 2622 τὴν
3554 2547 3715 2620 ψυχὴν

2149 2653 2573 2727 βασανίζουσαν,
2606 2654 2682 2717 ὡς
2713 2650 2810 2715 τὰς
2855 2647 3036 2722 ὁρμὰς
3078 2646 3232 2719 παρὰ
3263 2647 3432 2717 φύσιν
3461 2639 3545 2713 ἐφ’
3576 2641 3610 2697 ἃ
3649 2639 3716 2712 μὴ

2144 2752 2245 2816 δεῖ,
2282 2751 2379 2807 καὶ
2425 2751 2529 2815 τὰς
2558 2745 2848 2820 ἀποφυγὰς
2881 2747 2974 2816 ἀφ’
3007 2733 3084 2798 ὧν
3129 2743 3204 2814 μὴ
3246 2736 3334 2794 δεῖ
3363 2735 3714 2808 ποιουμένωνο

2145 2840 2282 2900 ἀλλὰ
2315 2844 2414 2916 τὴν
2442 2836 2857 2912 λελογισμένην,
2891 2835 2991 2893 καὶ
3020 2835 3136 2900 τοῖς
3165 2830 3234 2888 τὰ
3271 2830 3401 2886 θεῖα
3429 2828 3608 2900 σοφοῖς
3629 2827 3714 2898 ιτ.

2147 2936 2452 3010 κριθεῖσαν,
2479 2934 2577 2989 καὶ
2597 2933 2659 2988 τδ
2679 2933 2852 3004 παρὸν
2884 2929 3060 2984 κακὴν
3084 2921 3595 2996 ύποσημαίνουσαν·
3627 2931 3720 2972 πα-

2151 3027 2244 3099 ρδν
2272 3026 2383 3099 γὰρ
2408 3023 2599 3091 κακὸν,
2621 3023 2788 3094 φασιν
2820 3016 3083 3092 εἶναιτὴν
3109 3018 3311 3088 λύπην,
3339 3011 3718 3082 συνισταμένην

455 3095 745 3167 probatam
764 3136 778 3159 ,
807 3111 872 3150 ac
903 3112 1027 3165 quae
1059 3112 1303 3166 praesens
1338 3099 1542 3152 malum
1578 3099 1846 3171 designet.
1877 3101 2040 3157 Aiunt

2151 3095 2250 3190 μὲν
2287 3095 2445 3172 ixi-ca
2487 3114 2699 3187 ψυχὴν,
2741 3113 2870 3167 ὅταν
2909 3113 2945 3184 ἡ
2990 3109 3113 3164 κατ’
3151 3107 3412 3178 αἴσθησιν
3445 3103 3604 3176 ἡδονὴ
3632 3103 3721 3170 τῆς

454 3185 608 3241 enim
645 3185 924 3240 tristitiam
959 3202 1057 3242 seu
1092 3187 1335 3242 dolorem
1371 3203 1616 3259 praesens
1649 3205 1773 3246 esse
1808 3194 2042 3262 malum,

454 3284 574 3332 tum
600 3278 824 3347 quidem
859 3279 914 3333 in
946 3279 1132 3334 animo
1151 3289 1486 3347 versantem,
1513 3297 1640 3337 cum
1675 3295 1869 3342 sensus
1892 3287 2048 3342 volu-

455 3377 582 3441 ptas
615 3371 811 3442 judicii
850 3373 1082 3429 rationis
1122 3374 1361 3444 potitur;
1399 3376 1457 3431 in
1490 3391 1656 3433 sensu
1690 3394 1823 3434 vero
1862 3380 2047 3436 consi-

457 3473 717 3528 Stcntem,
741 3479 866 3519 cum
898 3466 1016 3520 sine
1043 3466 1441 3537 impedimento
1466 3484 1533 3524 ac
1551 3470 1806 3539 expedite
1827 3471 2051 3530 virtutis

461 3565 659 3606 cursus
702 3551 887 3607 animo
929 3555 1241 3626 peragitur;
1287 3555 1456 3612 tantis
1496 3571 1720 3614 sensum
1764 3560 2051 3618 laboribus

459 3641 759 3713 subigens,
799 3655 1063 3715 quantam
1111 3647 1296 3701 animo
1344 3657 1499 3702 creat
1539 3649 1910 3720 voluptatem;
1955 3655 2052 3724 qui

462 3733 578 3790 Deo
612 3737 1002 3801 admoveatur,
1032 3753 1133 3808 per
1163 3750 1454 3810 cognatam
1484 3741 1712 3798 virtutis
1743 3743 2054 3816 fulgoribus

462 3837 530 3879 ac
553 3824 799 3880 scientiae
823 3826 1271 3884 illustrationem.

538 3916 625 3970 11.
653 3917 1004 3988 Voluptatem
1033 3921 1330 3978 salutarem
1353 3934 1536 3992 vocat,
1561 3927 1731 3984 animi
1757 3943 1826 3983 ex
1849 3928 2055 3987 virtute

463 4011 725 4080 gaudium
775 4029 788 4064 ε
837 4013 1120 4070 tristitiam
1167 4033 1300 4074 vero
1347 4020 1568 4089 utilem,
1610 4024 1796 4078 carnis
1833 4024 2057 4080 virtutis

464 4117 631 4156 causa
668 4104 937 4162 dolorem.
969 4108 1073 4174 Qui
1117 4111 1286 4182 igitur
1326 4113 1618 4170 affectibus
1653 4115 1928 4186 rebusque
1966 4117 2056 4172 in-

467 4196 605 4262 hiat,
624 4214 688 4253 ea
715 4202 925 4270 appetit
949 4219 1070 4272 quae
1092 4219 1205 4258 non
1233 4204 1421 4272 decet;
1448 4207 1656 4276 quique
1684 4223 1780 4262 eos
1803 4219 2054 4276 eventus,

465 4287 674 4356 quibus
705 4289 1004 4344 allectuum
1037 4306 1332 4362 rerumque
1374 4295 1612 4363 privatio
1649 4297 1920 4368 contingit
1947 4313 2058 4354 non

466 4380 842 4450 amplectitur,
868 4382 993 4454 fuga
1018 4397 1050 4438 a
1072 4384 1276 4454 quibus
1298 4401 1408 4441 non
1431 4387 1588 4444 decet
1614 4389 1808 4445 resilit.

2146 3189 2371 3277 λογικῆς
2435 3206 2614 3277 κρατῇ
2661 3202 2989 3272 διακρίσεως
3016 3215 3032 3233 ο
3071 3197 3454 3269 ύφισταμένην
3499 3194 3558 3248 δὲ
3611 3189 3720 3245 κατ’

2147 3298 2428 3370 αἴσθησιν,
2469 3297 2601 3352 ὅταν
2632 3294 2732 3366 τῆς
2765 3293 2945 3366 ψυχῆς
2987 3291 3111 3346 κατ’
3140 3289 3350 3360 ἀρετὴν
3385 3286 3668 3344 ἀκωλύτως
3695 3279 3723 3335 ὗ

2147 3391 2348 3464 δρόμος
2375 3390 2631 3462 ἀνύηταιο
2672 3384 2926 3442 τοσοῦτον
2971 3381 3194 3453 ἐπάγων
3333 3375 3723 3474 αίσθήσειτοὺς

2151 3485 2368 3548 πόνους,
2401 3481 2527 3536 ὅσον
2555 3479 2749 3553 ἡδονὴν
2775 3479 2995 3548 ἐμποιεῖ
3025 3474 3121 3529 καὶ
3148 3473 3333 3545 χαρὰν
3359 3474 3429 3543 τῇ
3464 3470 3624 3539 ψυχῇ,
3652 3470 3725 3532 τῷ

2150 3574 2270 3649 Θεῷ
2298 3572 2713 3647 προσαγομένῃ,
2737 3569 2827 3625 διὰ
2852 3568 2953 3641 τῆς
2983 3565 3283 3638 συγγενοῦς
3311 3565 3437 3619 κατ’
3461 3559 3656 3634 ἀρετήν
3671 3572 3724 3611 τε

2152 3670 2247 3726 καὶ
2276 3669 2480 3739 γνῶσιν
2509 3663 2853 3737 ἐλλάμψεως.

2229 3935 2321 3984 ια’.
2353 3923 2580 3999 Ἡδονὴν
2625 3923 2777 3994 λέγει
2807 3922 3093 3994 σωτήριον,
3127 3921 3228 3992 τὴν
3252 3919 3343 3974 ἐπ’
3364 3919 3534 3991 ἀρετῇ
3570 3913 3731 3988 χαρὰν

2155 4023 2256 4092 τῆς
2284 4020 2483 4093 ψυχῆς
2531 4019 2807 4090 ὠφέλιμον
2859 4012 2920 4070 δὲ
2967 4015 3167 4087 λύπην,
3219 4013 3321 4084 τὴν
3365 4011 3510 4083 ὑπὲρ
3542 4007 3728 4080 ἀρετῆς

2156 4115 2352 4185 ὀδύνην
2400 4115 2500 4184 τῆς
2535 4112 2759 4185 σαρκός.
2807 4107 2868 4164 '0
2914 4108 3048 4178 γοῦν
3100 4105 3304 4160 πάθεσι
3356 4096 3731 4176 προστετηκὼς

2157 4207 2254 4260 καὶ
2293 4204 2637 4276 πράγμασιν,
2683 4201 2770 4270 ἐφ’
2798 4199 2836 4254 ἃ.
2867 4199 2942 4271 μὴ
2989 4197 3069 4252 δεῖ
3115 4195 3216 4260 τὰς
3265 4193 3724 4266 ὸρμὰςήωιεῖται·

2158 4298 2254 4352 καὶ
2297 4300 2327 4352 ὁ
2373 4296 2472 4360 τὰς
2506 4293 2797 4364 ποιητικὰς
2820 4291 2920 4362 τῆς
2945 4289 3055 4344 τῶν
3079 4288 3272 4342 παθῶν
3298 4287 3396 4339 καὶ
3424 4285 3533 4339 τῶν
3565 4295 3731 4352 πραγ-

2167 4387 2358 4459 μάτων
2393 4385 2705 4456 στερήσεως
2745 4379 3048 4450 συμσάσεις
3082 4378 3183 4430 οὐκ
3209 4374 3617 4443 ἀσπαζόμενος,
3648 4367 3731 4438 ἀφ’

2088 4461 2135 4517 υ
2160 4471 2236 4533 ὧν
2263 4478 2339 4548 μὴ
2363 4475 2446 4529 δεῖ
2467 4473 2568 4536 τὰς
2597 4470 2888 4540 ἀποφυγὰς
2916 4470 3174 4522 ποιεῖται.

545 4557 632 4611 12.
660 4558 772 4613 Nec
802 4559 986 4615 divina
1018 4561 1213 4632 gratia,
1240 4563 1375 4633 quin
1405 4563 1547 4618 adsit
1575 4565 1669 4634 qui
1701 4581 1799 4636 per
1826 4566 2040 4623 faculta-

2245 4569 2333 4641 ιβ’.
2369 4569 2386 4589 ⁶
2413 4565 2553 4621 Οὔτε
2586 4565 2620 4635 ἡ
2646 4564 2769 4617 θεία
2811 4563 2974 4634 χάρις
3005 4561 3221 4631 ἐνεργεῖ
3250 4557 3574 4629 φωτισμοὺς
3599 4550 3731 4641 γνώ-

473 4656 582 4703 tem
615 4658 826 4706 natura:
861 4651 1285 4709 illustrationem
1320 4656 1528 4725 capiat,
1562 4657 1806 4712 scientiae
1838 4669 2040 4729 praasta‘

2165 4640 2324 4726 σεως,
2369 4657 2471 4711 οὐκ
2501 4654 2653 4718 ὄντος
2681 4651 2775 4708 τοῦ
2814 4651 2958 4705 κατὰ
2989 4648 3220 4719 δύναμιν
3257 4646 3500 4739 φυσικὴν
3517 4640 3726 4739 Δδεχομέ-

474 4741 896 4811 illustrationes;
928 4754 986 4798 at
1015 4761 1195 4816 neque
1222 4747 1370 4817 quod
1401 4763 1570 4818 capax
1601 4757 1714 4814 est,
1746 4751 1851 4806 nisi
1883 4753 2040 4822 grati:

2163 4771 2255 4808 νου
2278 4751 2373 4822 τὸν
2412 4745 2696 4818 φωτισμόν
2719 4761 2733 4776 ο
2774 4742 2897 4798 οὔτε
2932 4742 3039 4814 μὴν
3079 4741 3141 4795 τὸ
3179 4739 3434 4794 δεκτικὸν
3476 4735 3600 4808 δίχα
3647 4735 3732 4796 τῆς

472 4834 953 4902 subministrante,
975 4837 1222 4894 scientias
1250 4839 1671 4896 illustrationem
1706 4852 1947 4912 praestat.

2163 4839 2510 4916 χορηγούσης
2541 4838 2784 4909 χάριτος,
2814 4834 2906 4889 τὸν
2933 4831 3214 4902 φωτισμὸν
3241 4831 3460 4902 ἐνεργεῖ
3474 4827 3731 4897 γνώσεως.

550 4926 634 4980 15.
666 4926 857 4996 Neque
885 4928 1218 4983 sanctissimi
1253 4928 1496 5000 Spiritus
1528 4932 1700 5002 gratia
1731 4933 2040 5003 sapientian

2236 4941 2324 5005 ιγ’.
2359 4932 2496 4987 Οὔτε
2529 4932 2564 5002 ὴ
2604 4930 2766 5001 χάρις
2809 4925 2906 4981 τοῦ
2939 4925 3210 4994 παναγίου
3242 4923 3562 4994 Πνεύματος
3594 4920 3734 4988 ἐνερ-

476 5015 532 5076 in
566 5019 769 5076 sanctis
800 5030 1082 5090 operatur,
1113 5021 1320 5093 absque
1355 5034 1538 5079 mente
1571 5039 1695 5094 quae
1725 5041 1848 5080 eam
1880 5027 2040 5082 susci'

2160 5031 2251 5099 γεῖ
2279 5024 2470 5094 σοφίαν
2499 5025 2558 5078 ἐν
2577 5024 2690 5085 τοῖς
2732 5019 2931 5090 ἁγίοις.
2963 5019 3134 5091 χωρὶς
3160 5015 3253 5070 τοῦ
3275 5016 3486 5086 ταύτην
3523 5008 3733 5082 δεχομέο

477 5105 625 5179 piat;
672 5125 854 5179 neque
899 5111 1220 5178 scientiam,
1269 5114 1478 5185 absque
1523 5114 1784 5172 facultate
1833 5119 2040 5173 rationi:

2163 5135 2256 5172 vou
2287 5115 2426 5179 νοός·
2462 5113 2590 5168 οὔτε
2618 5111 2822 5182 γνῶσιν
2847 5111 3020 5181 χωρὶς
3048 5109 3151 5178 τῆς
3181 5105 3441 5176 δυτικῆς
3467 5103 3562 5158 τοῦ
3590 5102 3732 5169 λόγου

479 5199 599 5268 ejus
638 5215 868 5270 capace;
910 5219 1091 5273 neque
1135 5204 1333 5271 ﬁdem,
1369 5207 1578 5279 absque
1616 5209 1964 5278 futurorum,
1999 5228 2040 5267 ω

2163 5207 2465 5278 δυνάμεωςο
2498 5203 2624 5260 οὔτε
2652 5202 2834 5257 πίστει
2863 5199 2992 5255 ἄνευ
3013 5199 3111 5269 τῆς
3141 5196 3282 5251 κατὰ
3313 5195 3444 5250 νοῦν
3471 5194 3566 5249 καὶ
3591 5190 3734 5259 λόγον

480 5305 606 5362 quae
644 5291 914 5350 hactenus
946 5297 1162 5353 cunctis
1201 5299 1435 5355 obscura
1475 5301 1614 5370 sint,
1646 5311 1830 5359 mente
1872 5319 1937 5360 ac
1973 5321 2040 5360 ra-

2167 5299 2279 5352 τῶν
2311 5297 2616 5370 μελλόντων
2645 5295 2740 5349 καὶ
2773 5294 2909 5348 πᾶσι
2938 5292 3077 5354 τέως
3104 5290 3318 5362 ἀδήλων
3351 5281 3730 5370 πληροφορίας

481 5383 632 5443 tione
665 5385 1028 5455 ccrtitudine;
1065 5405 1247 5462 neque
1278 5369 1629 5450 sanationum
1662 5394 1824 5462 dona,
1855 5397 2040 5468 absqui

2170 5389 2294 5447 οὔτε
2329 5389 2575 5460 ἰαμάτων
2597 5385 2934 5459 χαρίσματα,
2961 5383 3085 5454 δίχα
3125 5385 3225 5454 τῆς
3269 5379 3415 5435 κατὰ
3444 5377 3602 5448 φύσιν
3626 5369 3734 5468 φιλ·

481 5478 722 5540 naturali
754 5479 1100 5539 humanitate
1126 5499 1144 5539 :
1169 5498 1276 5541 nec
1296 5485 1535 5559 denique
1561 5488 1734 5544 ullum
1762 5489 1912 5546 aliud
1939 5462 2038 5547 reli

2171 5486 2507 5563 ανθρωπίας·
2556 5481 2683 5539 οὔτε
2733 5499 2786 5538 τι
2840 5479 3030 5549 ἕτερον
3085 5476 3196 5531 τῶν
3240 5473 3450 5530 λοιπῶν
3478 5462 3733 5546 χαρισμά-

558 5637 600 5670 ¹⁰
633 5635 774 5695 Psal.
817 5653 966 5709 mn,
991 5637 1083 5699 22.

569 5795 587 5817 '
617 5788 702 5846 Cl‘.
731 5792 798 5847 ad
823 5793 980 5850 Tha}.
1015 5811 1068 5861 q.
1101 5797 1186 5854 39.
