4020 6410
314 353 442 418 1309

935 420 941 433 ,
976 358 1309 419 CAPITUM
1347 360 1771 432 QUINQUIES
1808 359 2330 422 CENTENORUM
2368 361 2755 424 CENTURIA
2796 362 2896 423 IV.

3435 346 3572 413 1310

305 483 426 527 των,
454 465 627 536 χωρὶς
652 465 752 537 τῆς
779 467 1013 521 ἑκάστου
1037 469 1292 540 δεκτικῆς
1326 468 1495 534 ἕξεως
1510 487 1569 523 τε
1600 470 1697 524 καὶ
1723 469 1886 524 δυνά-

2008 485 2225 540 [uorum
2257 470 2496 535 donum,
2525 470 2730 540 absque
2761 471 2952 525 habitu
2987 481 3053 523 ac
3086 462 3345 521 facultate
3378 463 3570 531 cujus-

309 575 467 628 μεως·
506 555 634 610 οὔτε
678 558 785 628 μὴν
829 559 992 612 πάλιν
1037 559 1096 611 ἒν
1134 561 1243 613 τῶν
1286 562 1766 633 ἀπηριθμημὲνων
1790 563 1885 617 ἀν-

306 650 518 719 θρωπος
566 650 832 714 κτήσεται
884 651 1025 703 κατὰ
1067 650 1298 722 δύναμιν
1333 654 1592 721 φυσικὴν,
1637 652 1761 723 δίχα
1786 656 1887 722 τῆς

304 738 644 809 χορηγούσης
660 738 831 792 ταῦτα
858 739 1007 805 θείας
1030 741 1333 811 δυνάμεως.
1356 743 1465 796 Καὶ
1483 743 1703 810 δηλοῦσι
1727 742 1888 795 τοῦτο

309 832 488 900 σαφῶς
534 831 735 895 πάντες
797 832 963 902 ἅγιοι,
1022 835 1163 904 μετὰ
1207 835 1305 898 τὰς
1355 835 1726 906 ἀποκαλύψεις
1775 835 1887 889 τῶν

306 924 481 990 θείων,
511 924 805 993 ζητοῦντες
850 925 961 978 τῶν
994 926 1490 996 ἀποκαλυφθέντων
1525 930 1653 993 τοὺς
1672 930 1883 998 λόγους.

394 1096 454 1151 δ’.
496 1097 554 1151 ’0
583 1098 706 1169 δίχα
734 1098 941 1164 πάθους
974 1101 1164 1168 αἰτῶν,
1190 1102 1463 1173 λαμϐάνει
1486 1103 1583 1175 τὴν
1610 1104 1706 1159 τοῦ
1735 1105 1889 1177 ἐνερ-

304 1192 418 1259 γεῖν
457 1189 724 1250 δύνασθαι
770 1192 930 1263 χάριν
978 1196 1122 1248 κατά
1159 1195 1258 1265 τὴν
1285 1195 1484 1267 πρᾶξιν
1532 1196 1633 1261 τὰς
1663 1198 1883 1270 ἀρετάς·

303 1282 396 1334 καὶ
437 1284 465 1336 6
511 1282 690 1353 ζητῶν
750 1285 1002 1349 ἀπαθῶς,
1052 1286 1299 1356 εὑρίσκει
1343 1290 1485 1343 κατά
1518 1288 1617 1360 τὴν
1651 1290 1890 1362 φυσικὴν

303 1373 557 1443 θεωρίαν,
584 1375 683 1446 τὴν
713 1377 771 1428 ἐν
802 1378 915 1438 τοῖς
959 1374 1112 1430 οὖσιν
1151 1379 1409 1449 ἀλήθειαν
1438 1396 1451 1409 °
1477 1382 1573 1432 καὶ
1613 1382 1641 1433 6
1672 1381 1889 1450 κρούων

301 1466 525 1529 ἀπαθῶς
569 1466 666 1537 τὴν
709 1466 879 1538 θύραν
907 1468 1004 1537 τῆς
1035 1469 1310 1535 γνώσεως,
1357 1470 1654 1533 ἀκωλύτως
1686 1473 1765 1533 εἰς
1788 1471 1891 1540 τὴν

302 1557 622 1628 ἀπόκρυφον
650 1558 752 1630 τῆς
782 1561 1053 1629 μυστικῆς
1084 1560 1363 1630 θεολογίας
1390 1560 1676 1615 ἐλεύσεται
1706 1561 1886 1631 χάριν.

373 1655 454 1703 ιε’.
491 1649 548 1704 '0
568 1650 803 1715 ἀπαθῶς
817 1651 885 1705 τὰ
902 1650 1024 1705 θεῖα
1048 1650 1227 1721 ζητῶν
1252 1651 1371 1722 (m),
1401 1652 1618 1716 πάντως
1636 1652 1888 1724 λήψεται,

300 1741 363 1795 τὸ
407 1741 767 1813 ζητούμενον.
810 1743 869 1798 '0
917 1743 977 1798 δέ
1037 1744 1180 1815 μετά
1227 1759 1374 1807 τινος
1428 1744 1634 1808 πάθους
1685 1744 1887 1816 ζητῶν,

300 1834 662 1901 ἀποτεύξεται
716 1834 812 1889 τοῦ
874 1834 1230 1907 ζητουμένου.
1278 1837 1419 1905 Φησὶ
1470 1836 1601 1907 γὰρ,
1634 1835 1886 1901 Αἰτεῖτε,

301 1927 401 1982 καὶ
434 1930 506 1983 οὐ
538 1927 897 1997 λαμϐάνετε,
935 1929 1088 1982 διότι
1130 1927 1328 1995 κακῶς
1354 1929 1589 1983 αἰτεῖτε.

372 2111 475 2169 ις’.
506 2105 674 2175 Ζητεῖ
690 2104 747 2156 ἐν
772 2105 906 2175 ἡμῖν
934 2103 1034 2175 τὴν
1058 2104 1168 2157 τῶν
1198 2103 1370 2159 ὅντων
1397 2105 1604 2173 γνῶσιν
1624 2105 1687 2159 τὺ
1720 2104 1896 2160 Πνεῦέ

303 2214 379 2265 μα
414 2196 477 2250 τὸ
507 2195 686 2264 ἅγιον,
720 2197 815 2249 καὶ
843 2196 1046 2267 ἐρευνᾷ
1069 2211 1083 2226 ο
1120 2196 1235 2249 ἀλλ’
1275 2196 1376 2250 οῦκ
1419 2196 1603 2267 ἐαυτῷ
1648 2196 1807 2268 ζητεῖ
1835 2196 1897 2251 τὸ

299 2287 657 2359 ζητούμενον,
686 2290 771 2342 ὅτι
798 2288 953 2353 Θεὸς,
986 2288 1083 2342 καὶ
1120 2288 1302 2360 πάσης
1333 2290 1594 2344 ἐπέκεινα
1616 2289 1894 2359 γνώσεως·

296 2381 411 2434 ἀλλ’
439 2382 573 2452 ἡμῖν
597 2382 709 2445 τοῖς
733 2381 1012 2452 δεομένοις
1042 2382 1141 2453 τῆς
1168 2380 1446 2451 γνώσεως·
1480 2381 1673 2455 ῶσπερ
1701 2382 1895 2453 ἀμέλει

298 2472 392 2525 καὶ
422 2473 452 2525 6
486 2474 659 2542 Λόγος
690 2473 903 2541 γίνεται
942 2474 1102 2548 σὰρξ,
1152 2476 1251 2545 οὐχ
1288 2474 1499 2546 ἐαυτῷ,
1530 2475 1644 2527 ἀλλ’
1675 2476 1807 2546 ἡμῖν
1838 2475 1901 2529 τὸ

300 2568 390 2622 διὰ
434 2567 539 2637 τῆς
572 2568 779 2638 σαρκὸς
829 2567 1074 2634 ἐξανύων
1115 2569 1440 2639 μυστήριον.
1478 2568 1567 2631 Ὦς
1591 2568 1700 2640 γάρ
1727 2569 1901 2640 χωρὶς

299 2662 507 2732 σαρκὸς
546 2661 749 2732 νοερῶς
782 2660 1166 2732 ἐψυχωμένης,
1192 2662 1295 2715 οὐκ
1322 2662 1542 2732 ἐνήργει
1576 2659 1899 2732 θεοπρεπῶς

296 2753 367 2805 τά
401 2753 548 2806 κατά
578 2753 745 2820 φύσιν
793 2753 822 2803 6
870 2752 1047 2820 Λόγος
1083 2754 1185 2822 τῆς
1234 2753 1459 2831 σαρκὸς,
1492 2750 1670 2816 οὕτως
1694 2753 1900 2807 οὐδὲτὸ

300 2844 531 2915 Πνεῦμα
559 2843 620 2897 τὺ
639 2843 796 2912 ἅγιον
835 2844 893 2898 ἐν
930 2845 1044 2908 τοῖς
1075 2844 1252 2913 ἁγίοις
1298 2846 1511 2916 ἐνεργεῖ
1538 2845 1639 2908 τὰς
1667 2844 1901 2914 γνώσεις

297 2936 408 2990 τῶν
444 2935 789 3007 μυστηρίων,
826 2935 999 3005 χωρὶς
1034 2936 1137 3006 τῆς
1167 2936 1310 2991 κατά
1342 2936 1506 3005 φύσιν
1539 2936 1813 3010 ζητούσης
1838 2954 1899 2993 τε

298 3029 397 3083 καὶ
435 3026 749 3101 ἐρευνώσης
780 3027 880 3100 τὴν
916 3027 1121 3097 γνῶσιν
1155 3029 1466 3101 δυνάμεως.

372 3212 463 3278 ιζ’.
496 3211 712 3284 Ὠσπερ
741 3210 845 3265 οῦκ
874 3209 993 3264 ἔστι
1018 3211 1190 3283 χωρὶς
1229 3211 1459 3284 ἡλιακοῦ
1492 3211 1671 3281 φωτὸς
1703 3212 1905 3283 ὀφθαλ-
1932 3189 1977 3247 C

304 3305 405 3375 μὸν
438 3302 941 3375 ἀντιλαμϐάνεσθαι
964 3302 1077 3358 τῶν
1107 3302 1406 3375 αἰσθητῶν,
1435 3302 1580 3358 οὕτω
1600 3303 1725 3374 δίχα
1747 3322 1910 3360 πνευ-

306 3398 546 3471 ματικοῦ
576 3400 757 3470 φωτὸς
810 3400 935 3464 νοῦς
968 3399 1313 3469 ἀνθρώπινος
1362 3400 1551 3455 οὔποτ’
1582 3401 1650 3455 ἂν
1698 3402 1910 3469 δέξεται

303 3493 544 3565 θεωρίαν
573 3493 975 3563 πνευματικήν.
1013 3490 1087 3545 Τὸ
1132 3492 1230 3562 μὲν
1289 3491 1400 3563 γὰρ
1455 3493 1714 3564 αἰσθητὸν
1767 3493 1907 3564 φῶς,

299 3587 450 3641 κατά
470 3585 633 3655 φύσιν
649 3585 875 3655 φωτίζει
904 3584 1003 3655 τὴν
1033 3583 1288 3654 αἴσθησιν
1308 3583 1447 3655 πρὸς
1472 3583 1574 3655 τὴν
1589 3582 1698 3639 τῶν
1724 3602 1912 3655 σωμα-

297 3678 478 3732 τικῶν
498 3677 802 3748 ἀντίληψιν·
826 3677 889 3731 τὸ
905 3677 963 3730 δὲ
984 3678 1374 3748 πνευματικὸν,
1397 3677 1534 3749 πρὸς
1554 3676 1652 3748 τὴν
1677 3677 1911 3749 θεωρίαν

298 3770 396 3825 τὸν
436 3768 569 3824 νοῦν
602 3768 945 3837 καταυγάζει
982 3766 1119 3840 πρὸς
1152 3767 1486 3838 κατανόησιν
1517 3768 1628 3823 τῶν
1658 3769 1800 3841 ὑπὲρ
1825 3769 1910 3825 αἴ-

301 3862 531 3931 σθησιν.

378 3962 475 4025 ιη’.
513 3953 627 4019 Τὰς
688 3953 790 4025 μὲν
824 3952 1129 4025 ζητητικάς
1167 3970 1229 4007 τε
1271 3953 1368 4007 καὶ
1392 3953 1759 4025 ἐρευνητικάς
1788 3953 1907 4026 [qu.

301 4049 372 4105 59
407 4050 483 4105 ad
527 4047 773 4103 Thala“.
801 4044 1144 4117 ἐξερευνητ.]
1182 4044 1292 4098 τῶν
1322 4044 1484 4099 θείων
1527 4045 1791 4115 δυνάμεις
1816 4045 1909 4098 οὐ·-

301 4138 527 4203 σιωδῶς
563 4137 681 4208 ἔχει
717 4134 1212 4204 καταϐεϐλημένας
1246 4133 1388 4204 αὐτῇ
1426 4131 1579 4204 παρά
1627 4130 1723 4185 τοῦ
1775 4131 1911 4185 Κτί-

300 4248 509 4296 σαντος
560 4229 684 4285 κατ’
718 4227 894 4299 αὐτὴν
924 4227 1024 4298 τὴν
1061 4228 1143 4289 εἰς
1176 4225 1238 4279 τὸ
1269 4220 1412 4280 εἶναι
1442 4223 1700 4296 πάροδον,
1739 4224 1772 4293 ἡ
1800 4222 1910 4280 τῶν

299 4322 621 4394 ἀνθρώπων
650 4318 850 4389 φύσις·
899 4316 998 4381 τὰς
1046 4316 1106 4370 δὲ
1159 4313 1269 4369 τῶν
1325 4313 1489 4369 θείων
1512 4310 1907 4383 ἀποκαλύψεις,

238 4477 243 4482 ,
300 4415 455 4472 κατά
486 4414 649 4485 χάριν
692 4414 726 4484 ὴ
773 4410 868 4465 τοῦ
925 4407 1193 4478 παναγίου
1225 4406 1543 4478 Πνεύματος
1571 4405 1913 4476 ἐπιφοιτῶσα

1989 580 2098 635 que
2131 564 2352 619 illorum
2384 579 2606 633 capace.
2642 563 2712 617 At
2743 578 2921 632 neque
2951 576 3143 615 rursus
3173 559 3257 612 vel
3294 570 3467 610 unum
3502 567 3571 606 ex

1991 656 2331 711 enumeratis
2372 655 2538 709 homo
2577 664 2950 723 consequatur
2989 670 3055 707 ex
3090 658 3299 705 natura:
3333 646 3569 706 viribus,

1990 764 2053 803 ac
2084 748 2188 802 nisi
2219 746 2405 801 divina
2433 748 2639 800 virtute
2670 747 2788 800 haec
2819 743 3292 799 subministrante.
3324 739 3573 805 [lemque

1989 840 2285 912 pchpicue
2334 839 2636 893 ostendunt
2686 838 2862 892 sancti
2915 851 3139 899 omnes,
3188 841 3313 902 post
3359 830 3575 884 divinas

1989 931 2373 996 revelationes,
2399 946 2597 987 eorum
2624 946 2747 1002 qua:
2774 930 3015 985 revelata
3046 934 3251 992 essent,
3280 921 3576 994 qurerendo

1990 1022 2321 1077 raﬁones‘h

2062 1119 2151 1172 Ην.
2184 1117 2289 1184 Qui
2338 1115 2458 1172 sine
2500 1114 2919 1186 perturbatione
2961 1111 3130 1183 petit,
3163 1108 3390 1181 gratiam
3430 1104 3577 1160 acci—

1989 1209 2072 1282 pit
2093 1211 2158 1273 ”,
2183 1225 2289 1279 qua
2318 1208 2557 1263 actionis
2582 1208 2732 1262 cultu
2762 1206 2998 1261 virtutes
3026 1202 3244 1273 operari
3276 1201 3449 1271 possit
3475 1216 3487 1253 :
3516 1213 3580 1252 ac

1989 1303 2084 1372 qui
2118 1301 2521 1371 imperturbate
2548 1299 2767 1369 qmerit,
2790 1298 3078 1353 veritatem
3114 1297 3169 1349 in
3202 1294 3389 1355 rebus,
3415 1300 3579 1345 natu-

1991 1393 2120 1447 ralis
2150 1392 2204 1446 vi
2240 1391 2665 1462 speculationis,
2699 1389 2931 1444 invenit.
2966 1389 3068 1455 Qui
3104 1386 3342 1456 denique
3376 1386 3582 1454 imper-

1991 1486 2209 1540 turbate
2240 1484 2490 1541 scicntim
2522 1484 2703 1554 pulsat
2728 1484 2975 1555 januam,
3002 1481 3153 1535 nullo
3184 1468 3583 1548 impedimento

1992 1578 2059 1632 ad
2088 1577 2361 1632 occultam
2389 1576 2631 1649 mystica:
2658 1574 2951 1645 theologia:
2979 1571 3200 1627 invadet
3223 1568 3473 1640 gratiam.

2066 1669 2151 1723 15.
2181 1666 2286 1734 Qui
2318 1667 2724 1738 imper-turbate
2759 1666 3053 1734 animoque
3090 1660 3381 1716 allectibus
3411 1673 3586 1713 vacuo

1994 1761 2180 1816 divina
2219 1762 2437 1832 quaerit,
2468 1761 2594 1825 hoc,
2622 1758 2772 1829 quod
2814 1756 3034 1827 quaerit,
3063 1754 3291 1810 omnino
3328 1751 3584 1821 accipiet.

1994 1855 2097 1922 Qui
2130 1864 2312 1908 autem
2339 1853 2499 1924 587
2523 1852 2723 1907 aﬂ‘ectu
2749 1850 2934 1920 aliquo
2959 1862 3022 1903 ac
3046 1845 3463 1918 perturbatione
3489 1858 3586 1898 seu

1993 1949 2226 2005 libidine
2270 1949 2500 2018 quaerit,
2538 1946 2766 2000 minime
2812 1950 3203 2012 consequetur.
3238 1939 3326 1993 Ait
3369 1937 3516 1993 enim
3569 1952 3586 1991 :

1995 2040 2205 2105 Petilia,
2232 2047 2282 2093 et
2307 2055 2411 2093 non
2440 2039 2700 2109 accipitis,
2725 2053 2784 2091 eo
2816 2036 2953 2108 quod
2983 2032 3122 2088 male
3153 2032 3343 2103 potatis
3366 2029 3432 2084 "‘.

2070 2134 2157 2188 16.
2187 2131 2395 2199 Quaerit
2423 2130 2479 2185 in
2512 2128 2674 2184 nobis
2700 2128 2941 2199 Spiritus
2968 2136 3190 2180 sanctus
3219 2137 3285 2176 ac
3312 2126 3592 2175 scrutatur

1997 2241 2185 2282 rerum
2214 2223 2534 2288 scientiam;
2565 2236 2676 2276 non
2707 2228 2892 2274 tamen
2938 2232 3060 2273 eam
3102 2213 3208 2270 sibi
3252 2214 3370 2283 ipse
3395 2208 3593 2281 quaerit

2002 2318 2199 2393 (utqui
2222 2319 2370 2371 Deus
2397 2316 2498 2379 sit,
2535 2330 2865 2384 omnemque
2887 2310 3118 2367 excedat
3137 2304 3473 2372 scientiam),
3495 2301 3590 2357 sed

1999 2410 2183 2474 nobis,
2208 2408 2414 2479 quibus
2450 2408 2541 2461 illa
2573 2421 2713 2477 opus
2745 2404 2838 2460 sit.
2868 2403 2954 2459 Uti
2990 2400 3157 2455 etiam
3190 2413 3323 2453 sane
3352 2395 3595 2451 Verbum

2001 2517 2131 2558 caro
2162 2500 2265 2567 ﬁt;
2296 2516 2407 2554 non
2446 2500 2627 2570 ipsqu
2660 2497 2790 2562 sibi,
2820 2495 2915 2550 sed
2950 2492 3132 2557 nobis,
3160 2488 3307 2561 quod
3342 2504 3441 2558 per
3471 2502 3597 2540 car-

2000 2612 2128 2652 nem
2157 2604 2243 2651 est
2266 2596 2494 2667 ejusque
2521 2590 2922 2661 assumptione,
2950 2585 3273 2658 mysterium
3306 2593 3595 2651 peragens.

2001 2686 2475 2756 Quemadmodum
2518 2684 2665 2739 enim
2703 2681 2974 2743 Verbum,
3000 2694 3108 2733 non
3153 2674 3272 2731 sine
3313 2687 3478 2727 carne
3514 2670 3595 2723 in-

2003 2780 2367 2852 telligentium
2410 2792 2563 2832 more
2604 2774 2877 2836 animata,
2913 2787 3035 2841 qum
3073 2784 3139 2823 ex
3181 2766 3363 2822 carnis
3398 2771 3595 2817 natura

2001 2883 2190 2937 erant,
2222 2872 2409 2927 divine
2439 2869 2779 2940 Operabatur
2815 2882 2827 2918 :
2864 2862 2943 2918 sic
2978 2876 3159 2930 neque
3194 2857 3436 2926 Spiritus
3467 2870 3596 2908 san-

2003 2973 2155 3031 ctus,
2186 2962 2396 3033 absque
2426 2959 2667 3016 naturali
2699 2956 2958 3012 facultate
2992 2951 3282 3009 scientiam
3318 2954 3597 3018 quaerente

2004 3072 2069 3111 ac
2108 3062 2422 3121 scrutante,
2454 3050 2842 3124 mysteriorum
2880 3045 3109 3103 notitias
3143 3044 3199 3097 in
3232 3038 3435 3096 sanctis
3465 3054 3599 3109 ope-

2009 3157 2186 3271 rati?
2204 3215 2361 3271 Sicut
2382 3212 2502 3267 ﬁeri
2528 3227 2637 3267 non
2665 3215 2868 3281 potest,
2895 3216 2956 3263 ut
2979 3206 3177 3263 oculus
3205 3206 3414 3278 absque
3437 3199 3600 3260 solari

2010 3309 2134 3364 luce
2160 3322 2251 3362 res
2283 3304 2572 3376 percipiat,
2598 3316 2721 3372 qua:
2752 3301 2810 3355 in
2841 3314 3062 3355 sensum
3096 3294 3305 3352 cadunt
3338 3313 3351 3351 :
3388 3295 3469 3350 sic
3500 3303 3607 3347 nec
3660 3286 3683 3305 '

2012 3400 2108 3456 ﬁat
2144 3414 2419 3469 unquam,
2454 3406 2515 3452 ut
2545 3410 2702 3451 mens
2734 3392 2973 3447 humana
3008 3391 3146 3445 citra
3180 3387 3481 3458 spiritalem
3514 3384 3595 3438 lu-

2012 3505 2155 3553 cem,
2188 3487 2492 3559 spiritalem
2531 3483 3057 3554 contemplationem
3098 3480 3386 3551 suscipiat.
3416 3478 3602 3532 Altera

2010 3578 2159 3634 enim
2204 3579 2331 3642 lux,
2371 3578 2439 3632 ad
2489 3572 2847 3646 percipienda
2894 3585 3162 3640 corpora,
3205 3584 3306 3639 per
3351 3576 3602 3621 naturam

2010 3684 2235 3726 sensum
2268 3669 2539 3733 illustrat;
2572 3666 2769 3727 altera,
2793 3662 2861 3718 ad
2898 3659 3419 3730 contemplationem
3449 3671 3616 3711 men-

2015 3769 2123 3815 tem
2155 3759 2453 3827 illuminat,
2482 3766 2546 3812 ut
2575 3772 2642 3813 ea
2671 3771 2795 3828 qua:
2824 3769 3052 3812 sensum
3082 3749 3363 3808 excedunt
3392 3746 3613 3820 perspi-

2011 3853 2143 3909 ciat.

2089 3945 2178 4002 18.
2202 3946 2363 4003 Vires
2392 3940 2675 4016 quaerendi
2701 3937 2890 3999 divina
2914 3952 2980 3995 ac
3003 3935 3308 4001 scrutandi,
3333 3930 3603 3990 essentia-

2010 4040 2137 4096 liter
2166 4055 2198 4094 a
2228 4038 2407 4110 prima
2442 4039 2558 4109 ipsa
2592 4035 2912 4093 conditione
2946 4047 3011 4088 ac
3037 4030 3253 4101 origine
3287 4029 3355 4085 ab
3382 4034 3605 4083 auctore

2010 4132 2250 4187 insertas
2272 4129 2442 4186 habet
2466 4129 2707 4184 humana
2729 4136 2960 4193 natura;
2991 4137 3185 4183 verum
3211 4118 3427 4182 divinas
3453 4134 3600 4180 retie-

2010 4223 2277 4289 lationes,
2316 4238 2417 4293 per
2463 4222 2729 4294 gratiam,
2770 4220 3103 4277 sanctissimi
3151 4219 3392 4292 Spiritus
3431 4218 3606 4274 virtus

2011 4315 2337 4382 adveniens,
2369 4322 2613 4387 praestat.
2646 4314 2807 4382 Quod
2849 4321 3035 4370 tamen
3072 4315 3184 4385 jam
3221 4310 3405 4377 initio,
3444 4311 3607 4365 hasce

2010 4410 2164 4467 vires
2206 4424 2309 4480 per
2352 4415 2673 4479 peccatum,
2710 4422 2898 4463 rerum
2946 4406 3019 4461 ob
3062 4405 3254 4461 oculos
3300 4402 3607 4474 positarum

301 4508 553 4559 ποιεῖται
612 4500 864 4573 δύναμις.
909 4499 1131 4570 Ἐπειδὴ
1177 4497 1235 4551 δὲ
1288 4495 1412 4552 κατ’
1458 4495 1635 4567 ἀρχὰς
1679 4495 1768 4550 διά
1807 4495 1902 4565 τῆς

2016 4509 2247 4556 naturae.
2278 4499 2526 4569 Nequam
2562 4498 2655 4553 ille
2690 4496 2958 4561 aﬂixerat,
2986 4511 3091 4551 nec
3121 4503 3242 4550 erat
3273 4492 3368 4563 qui
3403 4491 3607 4546 intelli-

301 4596 613 4668 ἁμαρτίας,
656 4596 723 4665 τῇ
770 4591 931 4662 φύσει
964 4590 1075 4645 τῶν
1117 4589 1328 4663 ὁρατῶν
1364 4586 1569 4652 ταύτας
1601 4588 1629 4640 6
1677 4587 1914 4659 πονηρὸς

302 4687 642 4760 προσήλωσε
676 4684 774 4748 τὰς
806 4683 1087 4753 δυνάμεις,
1117 4680 1213 4735 καὶ
1236 4679 1338 4733 οὐκ
1368 4673 1437 4749 ἦν
1468 4679 1495 4731 6
1525 4677 1722 4733 συνιὼν
1754 4678 1787 4749 ἢ
1822 4679 1917 4733 ἐκ·

302 4779 497 4852 ζητῶν
525 4778 616 4834 τὸν
650 4776 807 4838 Θεὸν,
834 4774 1052 4829 πάντων
1080 4772 1191 4826 τῶν
1230 4769 1642 4842 μετειληφότων
1667 4770 1767 4842 τῆς
1812 4768 1914 4840 φύ-

302 4889 478 4937 σεως,
506 4870 607 4940 τὴν
650 4866 845 4938 νοεράν
889 4883 948 4920 τε
987 4865 1084 4919 καὶ
1134 4861 1363 4932 λογικὴν
1399 4860 1631 4932 δύναμιν
1678 4862 1912 4931 ἐχόντων

302 4962 848 5036 περιγεγραμμένην
881 4960 947 5030 τῇ
980 4955 1273 5026 ἐπιφανείᾳ
1315 4954 1428 5008 τῶν
1461 4954 1772 5026 αἰσθητῶν,
1816 4953 1914 5007 καὶ

305 5054 595 5128 μηδεμίαν
635 5049 995 5121 κεκτημένων
1033 5047 1243 5102 ἔννοιαν
1291 5042 1402 5098 τῶν
1447 5043 1589 5115 ὑπὲρ
1631 5043 1905 5114 αἴσθησιν,

302 5146 547 5210 εἰκότως
575 5145 609 5217 ὴ
644 5141 738 5198 τοῦ
781 5140 1052 5210 παναγίου
1099 5134 1419 5209 Πνεύματος
1468 5134 1652 5207 χάρις,
1682 5138 1799 5199 τοῖς
1832 5135 1909 5208 μὴ

303 5237 466 5294 κατά
497 5236 759 5307 πρόθεσιν
793 5231 1120 5295 ἐνδιαθέτως
1151 5230 1260 5284 ὑπὸ
1288 5229 1389 5300 τὴν
1431 5229 1650 5301 ἀπάτην
1676 5228 1909 5300 γενομὲο

304 5348 457 5396 νοις,
505 5330 616 5385 τῶν
666 5327 872 5383 ύλικῶν
911 5323 1272 5398 ἀφηλώσασα,
1305 5322 1408 5395 τὴν
1463 5320 1902 5396 προσηλωμένην

386 5489 429 5521 ¹¹
472 5486 606 5547 Dan.
643 5503 739 5555 xu,
773 5485 841 5554 8;
870 5482 1101 5541 Zachar.
1132 5498 1207 5551 IV,
1240 5482 1294 5538 5.

390 5604 494 5675 (m)
561 5605 625 5658 ὀ
649 5602 986 5675 ἀπαθῶς-,τὰ
1010 5598 1365 5675 θεῖα-ζητῶν.
1396 5597 1533 5675 Nem

305 5668 570 5734 animum
601 5674 742 5746 petit
769 5668 948 5746 oratio
975 5688 1040 5746 ac
1065 5671 1386 5746 illibatum;
1426 5668 1715 5746 (ιιιὶίίιιιιὶιίΔ
1741 5668 1903 5724 deni-

303 5761 431 5819 que
466 5761 529 5800 ea
566 5738 691 5819 vos,
723 5742 1024 5819 toties_bic
1073 5741 1309 5819 Maximo
1342 5738 1640 5819 inculcata,
1675 5738 1902 5819 Graeco-

306 5810 445 5878 r'um
468 5831 568 5873 usu
592 5816 853 5872 insinuat.
881 5814 1051 5871 Erant
1074 5812 1221 5868 edita
1250 5811 1393 5868 male
1417 5811 1623 5877 luxata,
1660 5810 1907 5868 confusis

1641 5596 1897 5654 sedatum

2014 4601 2169 4664 geret
2204 4600 2300 4646 aut
2331 4591 2651 4661 exquireret
2683 4591 2858 4645 Deum
2883 4589 2948 4654 ¹δ,
2982 4585 3129 4658 quod
3174 4584 3358 4641 cuncti
3396 4592 3608 4637 natura:

2011 4685 2334 4757 participes,
2368 4682 2713 4756 intelligendi
2758 4682 2877 4737 vim
2917 4694 2982 4735 ac
3024 4679 3277 4743 rationis,
3314 4691 3501 4732 rerum
3547 4674 3606 4732 in

2011 4794 2235 4834 sensum
2281 4776 2600 4832 cadentium
2640 4774 2937 4846 superﬁcie
2970 4788 3036 4828 ac
3068 4772 3221 4827 velut
3254 4771 3460 4827 cortice
3491 4772 3605 4827 cir-

2010 4866 2406 4937 cumscriptam
2433 4865 2725 4930 haberent,
2750 4863 3013 4932 omnique
3036 4876 3225 4916 rerum
3250 4874 3413 4915 sensu
3443 4875 3607 4930 supe.

2012 4958 2220 5014 riorum
2247 4958 2492 5030 cogitatu
2518 4971 2796 5027 sensuque
2827 4960 3113 5019 carerent;
3147 4952 3346 5008 merito
3375 4950 3608 5006 sanctis.

2017 5050 2142 5107 simi
2174 5049 2417 5122 Spiritus
2442 5048 2636 5121 gratia,
2663 5049 2753 5114 iis,
2780 5048 2875 5119 qui
2905 5061 3019 5101 non
3049 5044 3303 5101 consulto
3331 5052 3387 5101 et
3410 5042 3608 5099 animi-

2016 5152 2107 5200 tus
2147 5143 2324 5199 errori
2367 5151 2791 5206 concesserant,
2825 5155 2857 5196 a
2905 5137 3173 5203 terrenis,
3206 5137 3411 5208 quibus
3447 5134 3606 5193 aﬂlxa

2015 5237 2335 5303 tenebatur,
2367 5236 2612 5291 avulsam
2658 5249 2722 5290 ac
2766 5233 2922 5305 quasi
2972 5231 3200 5288 reﬁxam
3251 5226 3603 5291 facultatem,
3668 5230 3685 5243 ”

2016 5328 2124 5387 sibi
2158 5328 2334 5400 ipsam
2368 5328 2615 5386 restituit
2641 5345 2655 5383 :
2682 5342 2847 5399 quam
2872 5324 3134 5383 videlicet
3156 5323 3345 5398 gratim
3374 5333 3605 5378 munere
3690 5364 3697 5407 ὲ

1398 5481 1442 5513 ¹²
1471 5477 1667 5537 Matth.
1697 5497 1792 5565 vn,
1825 5480 1881 5539 8.
1961 5485 2004 5519 ⁸³
2025 5488 2142 5545 Jac.
2179 5506 2254 5556 ιν,
2288 5488 2344 5545 5.
2423 5486 2465 5519 "‘
2496 5485 2643 5542 Psal.
2676 5499 2792 5551 xm,
2818 5484 2888 5551 2;
2924 5498 3017 5549 ιιι,
3058 5482 3115 5538 3.

2005 5606 2113 5677 hoc
2138 5614 2197 5662 et
2223 5601 2476 5677 sequenti
2492 5600 2706 5677 capite;
2738 5598 3022 5677 nonnullis
3044 5596 3210 5677 etiam
3246 5592 3596 5677 desideratis.

2006 5661 2328 5746 Importuné
2362 5661 2725 5746 Picus,'d_icta
2749 5671 2825 5746 de
2842 5669 3021 5727 Verbo
3035 5668 3107 5746 _ip_
3134 5681 3324 5733 carne,
3347 5662 3506 5736 quasi
3529 5661 3608 5726 de.

2010 5736 2174 5805 nobis
2201 5762 2264 5803 ac
2294 5744 2363 5804 de
2405 5736 2571 5802 carne
2602 5742 2742 5815 ipsa,
2772 5740 2921 5798 dicta
2955 5736 3157 5795 reddit.
