4020 6450
423 351 559 419 13H

1610 344 1670 407 S.
1712 346 2003 408 MAXIMI
2042 343 2555 408 CONFESSORIS
3546 339 3673 404 1312

3642 361 3653 373 θ

3645 386 3674 403 Μ

426 462 687 518 mundam
733 459 952 531 adepti,
994 456 1338 530 qumsicruut
1385 454 1628 526 primum
1676 463 1744 511 et-
1778 456 2010 512 scrutati

2144 457 2523 529 ,ποκατέστησε
2554 456 2811 527 δόναμιν·
2835 450 2901 521 ἠν
2933 453 3182 525 καθαρὰν
3219 450 3574 515 ἀπιιὶαεόντες
3595 452 3678 507 ὃιά

425 555 652 615 sunt”;
696 561 924 621 tumque
962 550 1378 620 exquisierunt,
1409 558 1466 604 et
1506 558 1637 605 sunt
1675 550 2008 618 exscrutati,

426 660 525 714 per
550 642 801 698 eamdem
828 642 1043 697 scilicet
1065 641 1309 710 Spiritus
1331 640 1583 711 gratiam.
1996 638 2001 642 ’

499 819 585 875 19.
621 817 946 872 Animorum
994 813 1209 870 scilicet
1247 812 1470 884 proprie
1509 813 1687 879 salus,
1721 813 1850 870 ﬁdei
1886 813 2016 870 ﬁnis

426 919 530 966 est.
567 909 722 964 Fidei
760 923 896 965 vero
936 905 1080 968 ﬁnis,
1107 906 1227 975 ejus
1267 906 1417 974 quod
1453 904 1729 959 creditum
1765 915 1851 960 est
1884 921 2015 961 vera

428 1002 692 1056 revelatio
721 1008 807 1054 est
829 1014 894 1053 ac
925 996 1316 1052 manifestatio.
1338 996 1478 1053 Vera
1508 1005 1693 1051 autem
1722 997 1844 1067 ejus
1867 997 2018 1068 quod

430 1094 702 1151 creditum
738 1092 903 1162 588
928 1099 1013 1146 est
1035 1089 1301 1145 revelatio
1323 1098 1380 1145 et
1400 1088 1792 1153 manifestatio,
1816 1102 2017 1145 arcana

430 1192 517 1237 est
540 1197 641 1251 pro
664 1182 782 1251 ejus
805 1178 933 1235 ﬁdei
967 1180 1181 1235 ratione
1214 1196 1321 1250 qua
1352 1179 1589 1250 quisque
1618 1179 1880 1248 praeditus
1912 1188 2018 1245 est,

432 1274 554 1343 ejus
589 1272 736 1343 quod
777 1272 1051 1327 creditum
1083 1281 1170 1327 est
1201 1271 1643 1342 comprehensio.
1670 1272 1804 1342 Ejus
1833 1280 2021 1327 autem

376 1380 383 1387 ·
434 1365 582 1435 quod
630 1364 901 1420 creditum
951 1372 1037 1419 est
1079 1364 1525 1434 comprehensio,
1558 1379 1752 1420 eorum
1797 1372 1881 1419 est
1924 1364 2020 1435 qui

435 1455 800 1510 crediderunt
831 1456 898 1509 ad
930 1455 1267 1524 principium
1301 1470 1400 1524 pro
1431 1454 1555 1509 ﬁnis
1588 1454 1809 1509 ratione
1834 1471 2021 1510 rever-

436 1546 539 1599 sio.
586 1546 793 1600 Eorum
839 1554 1023 1600 autem
1072 1546 1168 1614 qui
1218 1544 1577 1600 crediderunt
1618 1544 1687 1600 ad
1734 1546 2021 1616 proprium

437 1635 772 1709 principium
822 1653 923 1707 pro
990 1637 1115 1692 ﬁnis
1165 1637 1380 1707 ratione
1428 1638 1709 1704 reversio,
1760 1638 2023 1693 desiderii

2111 550 2211 619 τῆς
2235 550 2482 621 χάριτος,
2520 551 2739 620 πρῶτον
2776 545 3052 617 ἐζήτησαν
3092 545 3189 599 καὶ
3237 544 3565 615 ἠρεύνησαν.
3594 546 3679 597 καὶ

2112 640 2285 703 οὕτως
2312 638 2649 710 ἐξεζήτησαν
2690 637 2784 692 καὶ
2833 635 3228 707 ἐξηρεύνησαν,
3259 634 3348 689 διὰ
3392 634 3491 704 τῆς
3519 634 3681 703 αὐτῆς

2112 730 2314 803 δηλαδὴ
2338 730 2432 783 τοῦ
2467 730 2786 799 Πνεύματος
2814 728 3058 799 χάριτος.

2191 822 2278 878 ιθ’.
2315 823 2570 894 Σωτηρία
2596 821 2799 892 δηλαδὴ
2824 820 3031 892 ψυχῶν,
3065 818 3271 892 κυρίως
3296 818 3433 880 ἐστὶ,
3460 818 3522 869 τὸ
3542 816 3687 878 τέλος

2114 917 2217 986 τῆς
2247 916 2504 976 πίστεως.
2535 915 2701 977 Τέλος
2722 914 2779 969 δὲ
2825 913 3064 974 πίστεώς
3100 914 3268 977 ἐστιν,
3300 909 3448 982 ἠτοῦ
3478 925 3686 963 πιστευ-

2118 1006 2302 1069 θέντος
2332 1004 2536 1075 ἀληθὴς
2566 1002 2933 1072 ἀποκάλυψις.
2977 1000 3208 1071 ’Δληθὴς
3249 1000 3307 1053 δέ
3336 997 3430 1052 τοῦ
3480 1015 3680 1051 πιστευ-

2120 1094 2308 1158 θέντος
2335 1094 2486 1147 ἐστὶν
2525 1092 2893 1162 ἀποκάλυψις,
2930 1094 2963 1163 ἠ
3010 1090 3154 1145 κατά
3188 1089 3480 1159 ἀναλογίαν
3510 1091 3608 1159 τῆς
3637 1089 3692 1141 ἐν

2121 1187 2339 1256 ἑκάστῳ
2392 1185 2630 1249 πίστεως
2688 1184 2926 1256 ᾶρῤητος
2979 1181 3076 1236 τοῦ
3136 1179 3573 1251 πεπιστευμένου
3618 1178 3691 1252 (η)

2122 1277 2519 1349 περιχώρησις.
2580 1275 2961 1347 Περιχώρησις
3016 1273 3076 1327 δὲ
3124 1273 3219 1328 τοῦ
3265 1270 3693 1343 πεπιστευμένου
3750 1294 3757 1302 ·

2123 1370 2488 1440 καθέστηκεν,
2524 1372 2560 1441 ἡ
2613 1369 2753 1441 πρὸς
2797 1369 2900 1439 τὴν
2931 1367 3109 1440 ἀρχὴν
3136 1367 3280 1421 κατά
3324 1366 3386 1420 τὸ
3421 1366 3571 1428 τέλος
3596 1364 3696 1417 τῶν

2124 1459 2570 1514 πεπιστευκότων
2615 1459 2921 1524 ἐπάνοδος..
2975 1459 3043 1513 Ἦ
3091 1458 3149 1512 δὲ
3195 1457 3335 1528 πρὸς
3365 1456 3468 1527 τὴν
3501 1455 3698 1509 οἰκείαν

2122 1552 2299 1624 ἀρχὴν
2344 1552 2488 1606 κατά
2532 1552 2594 1605 τὸ
2625 1552 2781 1616 τέλος
2827 1550 2939 1605 τῶν
2971 1548 3423 1604 πεπιστευκότων
3452 1545 3698 1609 ἐπάνοδός

2124 1643 2294 1705 ἐστιν,
2334 1644 2368 1713 ἡ
2407 1645 2505 1714 τῆς
2552 1642 2795 1711 ἐφέσεως
2835 1641 3139 1713 πλήρωσις.
3192 1640 3468 1710 Ἐφέσεως
3493 1637 3551 1691 δέ
3580 1636 3699 1708 πλή-

438 1729 758 1800 adimpletio
799 1737 904 1784 est.
948 1728 1219 1784 Desiderii
1263 1736 1451 1784 autem
1493 1728 1840 1799 adimpletio,
1876 1730 2026 1801 jugis

2144 1731 2298 1796 pauci;
2325 1733 2495 1795 ἐστιν,
2529 1734 2562 1803 η
2593 1734 2723 1805 περὶ
2748 1733 2809 1787 τὸ
2836 1732 3031 1803 ἐφετὸν
3055 1732 3168 1786 τῶν
3200 1730 3513 1801 ἐφιεμένων
3536 1727 3698 1782 ἀεικί-

439 1795 624 1875 motus
650 1819 809 1890 quies
832 1828 918 1874 est
942 1819 1323 1890 appetentium
1353 1820 1502 1875 circa
1528 1795 1851 1891 appetibile.
1873 1795 2028 1892 agis

2144 1841 2293 1892 νητος
2327 1795 2562 1887 στάσις..
2585 1795 2921 1895 ’Δεικίνητός
2946 1825 3002 1879 δὲ
3038 1795 3402 1893 στάσιςπερὶ
3428 1821 3492 1875 τὸ
3523 1819 3703 1889 ἐφετὸν

440 1918 626 1966 autem
662 1919 847 1966 motus
884 1911 1043 1982 quies
1086 1912 1469 1982 appetentium
1512 1912 1659 1968 circa
1695 1913 2025 1983 appetibile,

438 2003 587 2077 jugis
609 2012 695 2060 est
714 2012 771 2060 et
798 2004 1061 2059 continua
1085 2003 1404 2081 appetibilis
1426 2005 1639 2060 fruitio.
1661 2004 1817 2076 Jugis
1844 2015 2028 2061 autem

445 2104 503 2152 et
561 2097 827 2153 continua
886 2095 1207 2167 appetibilis
1269 2096 1497 2163 l‘ruitio,
1541 2096 1857 2153 divinorum
1918 2098 2030 2153 vim

442 2204 664 2244 omnem
706 2196 920 2244 naturae
956 2188 1339 2259 superantium
1381 2188 1732 2260 participatio
1772 2204 1837 2244 ac
1877 2205 2031 2245 com-

445 2277 715 2334 mercium
756 2285 861 2333 εει.
888 2277 1213 2331 Divinarum
1251 2286 1435 2332 autem
1475 2287 1686 2333 natura:
1713 2277 1825 2332 vim
1861 2293 2029 2348 supe-

447 2370 692 2424 rantium
746 2368 1099 2439 partieipatio
1142 2383 1208 2423 ac
1244 2367 1669 2432 commercium,
1707 2383 1901 2424 eorum
1944 2376 2030 2425 est

448 2459 545 2530 qui
582 2458 1002 2530 participatione
1039 2474 1103 2513 ac
1140 2458 1473 2515 commercio
1512 2458 1771 2530 gaudent,
1800 2475 1923 2515 cum
1960 2475 2029 2515 eo

449 2552 519 2607 de
545 2552 704 2623 cujus
730 2552 970 2621 gaudent
996 2550 1418 2621 participatione
1440 2559 1495 2605 et
1519 2551 1849 2606 commercio
1877 2552 2033 2607 simi-

449 2642 648 2697 litudo.
682 2641 996 2697 Similitudo
1024 2649 1210 2695 autem
1262 2656 1455 2695 eorum
1485 2640 1579 2709 qui
1612 2640 2033 2710 participatione

451 2740 509 2787 et
536 2733 872 2790 commercio
904 2733 1166 2804 gaudent,
1193 2746 1320 2786 cum
1354 2732 1474 2801 ipso
1502 2731 1570 2785 de
1602 2732 1759 2798 cujus
1791 2730 2033 2801 gaudent

454 2822 874 2893 participatione
922 2830 977 2876 et
1026 2820 1393 2883 commercio,
1440 2819 1493 2874 vi
1542 2820 1923 2876 similitudinis
1973 2821 2031 2875 in

2133 1915 2245 1970 τῶν
2269 1915 2573 1985 ἐφιεμένων
2597 1915 2764 1980 ἐστὶν,
2802 1918 2837 1987 η
2864 1915 2958 1969 τοῦ
3004 1915 3201 1986 ἐφετοῦ
3249 1912 3510 1985 διηνεκής
3535 1928 3592 1965 τε
3618 1910 3702 1965 καὶ

2134 2007 2460 2071 ἀδιάστατος
2510 2007 2832 2071 ἀπόλαυσις.
2898 2007 3225 2071 ’Δπόλαυσις
3270 2006 3327 2060 δὲ
3357 2003 3611 2074 διηνεκής
3649 2017 3703 2054 τε

2137 2102 2233 2154 καὶ
2262 2099 2586 2164 ἀδιάστατος
2619 2098 2715 2153 τοῦ
2754 2099 2971 2169 ἐφετοῦ,
3000 2100 3033 2171 ἡ
3062 2099 3171 2155 τῶν
3201 2099 3342 2171 ὑπὲρ
3370 2095 3534 2165 φύσιν
3559 2093 3704 2149 θείων

2139 2187 2446 2258 καθέστηκε
2468 2187 2705 2259 μέθεξις.
2729 2187 2963 2254 Μέθεξις
2985 2188 3042 2242 δὲ
3071 2187 3180 2241 τῶν
3205 2186 3350 2258 ὑπὲρ
3375 2185 3537 2256 φύσιν
3562 2183 3706 2245 θείων

2135 2279 2310 2343 ἐστὶν,
2332 2282 2366 2352 ὴ
2392 2280 2528 2351 πρὸς
2543 2279 2605 2334 τὸ
2630 2280 2993 2352 μετεχόμενον
3014 2279 3124 2335 τῶν
3149 2278 3492 2350 μετεχόντων
3517 2275 3708 2348 ὁμοίω-

2138 2386 2245 2434 σις.
2301 2370 2368 2423 Ἦ
2410 2370 2468 2424 δὲ
2500 2371 2637 2442 πρὸς
2682 2371 2745 2425 τὸ
2814 2371 3177 2443 μετεχόμενον
3232 2368 3348 2424 τῶν
3389 2367 3709 2442 μετεχόντων

2134 2461 2395 2533 ὁμοίωσις
2427 2463 2595 2529 ἐστιν,
2634 2466 2668 2536 η
2709 2466 2835 2519 κατ’
2861 2465 3145 2536 ἐνέργειαν
3192 2462 3333 2532 πρὸς
3379 2460 3513 2515 αὐτὸ
3534 2459 3594 2513 τὸ
3622 2475 3708 2529 με·

2135 2555 2425 2627 τεχόμενον
2485 2556 2596 2611 τῶν
2657 2558 2994 2628 μετεχόντων
3046 2556 3114 2610 δι’
3150 2555 3474 2627 ὁμοιότητος
3515 2552 3711 2622 ἐνδεχο-

2139 2645 2276 2718 μένη
2309 2649 2599 2719 ταυτότης.
2644 2650 2710 2703 Ἦ
2756 2650 2817 2703 δέ
2869 2650 2980 2704 τῶν
3013 2649 3354 2721 μετεχόντων
3398 2643 3708 2717 ἐνδεχομένη

2138 2736 2258 2791 κατ’
2274 2738 2555 2810 ἐνέργειαν
2576 2740 2645 2795 δι’
2665 2742 2983 2813 ὁμοιότητος
2997 2741 3285 2811 ταυτότης,
3315 2742 3350 2811 ὴ
3380 2738 3452 2794 δι’
3476 2736 3711 2809 ὁμοιότη-

2136 2842 2229 2891 τος
2254 2828 2392 2899 πρὸς
2423 2829 2485 2884 τὸ
2510 2832 2871 2905 μετεχόμενόν
2894 2835 3012 2888 ἐστι
3035 2833 3230 2897 θέωσις
3252 2831 3369 2886 τῶν
3396 2828 3714 2902 ἀξιουμένων

453 2922 600 2975 actu,
626 2922 831 2984 quanta
871 2912 1117 2984 pnestari
1157 2919 1338 2982 potest
1369 2910 1454 2982 (ut
1490 2910 1729 2983 vocant),
1772 2910 2032 2972 identilas
2059 2898 2102 2958 ο
2135 2898 2379 2986 θεώσεως
2409 2926 2448 2979 ⁸.

454 3014 559 3062 εει.
588 3006 794 3060 Eorum
827 3006 1064 3076 denique
1126 3004 1221 3075 qui
1256 3005 1678 3075 participatione
1745 3021 1811 3060 ac
1876 3014 2213 3069 commercio
2269 3017 2546 3087 gaudent,
2583 3030 2819 3092 quantm
2839 3022 3085 3093 praestari
3114 3029 3313 3092 potest
3360 3021 3417 3075 in
3465 3027 3586 3077 actu
3625 3031 3714 3089 per

458 3098 878 3153 similitudinem
901 3096 1183 3162 identilas,
1206 3110 1331 3151 cum
1354 3112 1420 3152 eo
1441 3096 1599 3168 cujus
1621 3095 2046 3169 participatione
2079 3110 2136 3157 et
2152 3109 2487 3165 commercio
2508 3111 2772 3182 gaudent,
2792 3128 2989 3168 eorum
3015 3121 3101 3169 est
3122 3112 3215 3184 qui
3239 3112 3393 3183 digni
3454 3118 3579 3167 sunt
3628 3107 3713 3180 qui

455 3189 662 3245 deitatc
685 3189 983 3253 donentur,
1004 3188 1301 3244 deiﬁcatio.
1474 3254 1479 3257 _

529 3274 620 3336 20.
652 3280 890 3344 Natura,
920 3294 1116 3336 eorum
1149 3294 1272 3349 qua:
1304 3288 1434 3334 sunt
1464 3294 1629 3350 supra
1664 3289 1919 3337 naturam
1954 3300 2046 3339 ra-

462 3373 639 3429 tiones
665 3389 774 3427 non
800 3372 997 3438 habet;
1031 3371 1110 3426 uti
1137 3386 1318 3442 neque
1347 3386 1540 3426 eorum
1569 3373 1740 3444 leges,
1768 3390 1890 3444 qua:
1918 3383 2050 3429 sunt

462 3475 662 3537 praeter
697 3474 971 3520 naturam.
1001 3464 1177 3535 Supra
1214 3474 1472 3519 naturam
1509 3475 1697 3520 autem
1734 3482 1855 3521 esse
1898 3467 2047 3533 dico,

463 3559 705 3616 divinam
744 3559 893 3613 illam
927 3556 1188 3627 omnique
1222 3556 1487 3627 majorem
1520 3557 1762 3627 cogitatu
1793 3558 2048 3627 volupta-

466 3660 607 3718 tem,
634 3664 800 3721 quam
833 3648 945 3703 Deo
976 3647 1159 3718 dignis
1191 3662 1292 3717 per
1320 3645 1552 3717 gratiam
1588 3647 1746 3701 unito
1784 3659 2049 3718 praestare

467 3751 664 3798 natura
709 3749 1090 3812 comparatum
1126 3748 1212 3795 est
1251 3756 1264 3792 ἒ
1310 3748 1511 3809 praeter
1545 3748 1799 3795 naturam
1837 3750 2046 3807 autem,

466 3834 560 3903 qui
596 3832 761 3904 hujus
794 3831 1105 3903 privatione
1137 3830 1290 3884 nulla
1318 3828 1372 3884 vi
1402 3832 1675 3886 sermonis
1706 3832 2051 3901 explicabilis

468 3924 744 3982 conﬂatur
769 3925 959 3993 dolor;
990 3920 1149 3997 cujus
1175 3926 1343 3991 Deus,
1364 3922 1568 3995 quibus
1596 3932 1795 3994 praeter
1821 3924 2051 3995 gratiam

468 4018 528 4073 in
551 4015 732 4089 dignis
754 4016 965 4082 unitur,
988 4026 1187 4073 natura
1208 4016 1423 4072 exsiStit
1443 4017 1785 4087 auctoraPro
1805 4015 2053 4087 subjecta

2222 3296 2291 3344 κ’.
2323 3291 2437 3345 Οὐκ
2466 3292 2580 3365 ἔχει
2606 3295 2639 3365 ἠ
2672 3293 2836 3364 φύσις
2863 3295 2974 3349 τῶν
3001 3297 3141 3368 ὑπὲρ
3174 3296 3340 3366 φύσιν
3363 3297 3491 3361 τοὺς
3517 3296 3713 3365 λόγους,

2149 3378 2342 3453 ὥσπερ
2392 3383 2517 3437 οὐδὲ
2571 3386 2679 3439 τῶν
2724 3388 2877 3457 παρά
2906 3386 3071 3456 φύσιν
3106 3386 3232 3452 τοὺς
3283 3388 3505 3459 νόμους.
3559 3386 3716 3459 ’Υπὲρ

2151 3469 2315 3539 φύσιν
2338 3472 2397 3525 δὲ
2424 3473 2588 3542 λέγω,
2611 3474 2710 3547 τὴν
2757 3477 2911 3531 θείαν
2941 3478 3037 3530 καὶ
3065 3478 3392 3547 ἀνεννόητον
3422 3479 3630 3549 ἡδονὴν,
3657 3480 3716 3550 ἢν

2154 3565 2328 3616 ποιεῖν
2362 3565 2606 3633 πέφυκεν
2632 3566 2662 3619 ό
2688 3566 2823 3632 Θεὸς
2843 3568 3029 3636 φύσει,
3059 3568 3203 3623 κατά
3225 3569 3395 3641 χάριν
3421 3574 3531 3633 τοῖς
3562 3569 3718 3634 ἀξίοις

2153 3651 2461 3724 ἑνούμενος’
2499 3657 2651 3725 παρά
2679 3657 2843 3728 φύσιν
2882 3658 2960 3724 δὲ,
2990 3660 3090 3730 τὴν
3139 3663 3281 3714 κατά
3313 3661 3569 3732 στέρησιν
3599 3659 3717 3713 ταύ-

2155 3762 2254 3813 της
2302 3747 2700 3821 συνισταμένην
2742 3750 3108 3822 ἀνεκλάλητον
3152 3751 3350 3820 ὀδύνην
3373 3792 3390 3818 ,
3442 3753 3519 3824 ἦν’
3560 3752 3719 3804 ποιεῖν

2156 3837 2348 3890 εἴωθεν
2377 3840 2405 3891 ὀ
2438 3838 2572 3903 Θεὸς
2606 3841 2786 3909 φύσει,
2833 3844 2985 3915 παρὰ
3016 3843 3116 3914 τὴν
3159 3844 3325 3916 χάριν
3347 3846 3463 3909 τοῖς
3498 3843 3719 3909 ἀναξίοις

2156 3926 2469 3997 ἐνούμενος.
2503 3931 2661 3985 Κοιτά
2689 3932 2796 4004 γὰρ
2814 3933 2913 4005 τὴν
2941 3933 3316 4005 ὑποκειμένην
3351 3936 3565 4006 ἐκάστῳ
3593 3932 3721 3986 ποιό-

2156 4034 2298 4086 τητα
2334 4020 2436 4089 τῆς
2470 4021 2787 4088 διαθέσεως,
2834 4026 2864 4077 ό
2899 4024 3032 4089 Θεὸς
3076 4028 3188 4089 τοῖς
3218 4027 3393 4081 πᾶσιν
3426 4028 3720 4099 ένούμενος,

470 4111 621 4165 enim
657 4110 925 4181 cujusque
966 4108 1348 4179 dispositionis
1390 4109 1678 4180 qualitate,
1709 4106 1806 4176 qui
1843 4106 2040 4163 cuncti:

2156 4107 2232 4172 ὡς
2257 4103 2394 4161 οἶδεν
2427 4110 2610 4174 αὐτὸς,
2640 4112 2739 4184 τὴν
2765 4112 3020 4185 αίσθησιν
3046 4115 3264 4186 ἑκάστῳ
3287 4118 3607 4188 παρέχεται,
3630 4132 3719 4171 κα-

475 4203 727 4270 uniatur,
760 4203 936 4266 Deus,
967 4217 1076 4273 qua
1118 4201 1273 4257 novit
1310 4201 1427 4272 ipse
1472 4200 1717 4266 ratione,
1753 4214 1852 4269 pro
1888 4214 1957 4255 eo
1995 4214 2040 4254 a4

2159 4199 2267 4265 θὼς
2296 4203 2445 4256 ἐστιν
2474 4203 2705 4268 ἕκαστος
2739 4204 2831 4274 ὑφ’
2856 4206 3052 4259 ἐαυτοῦ
3078 4206 3576 4279 διαπεπλασμένος,
3600 4205 3722 4277 πρὸς

476 4294 709 4364 quisque
755 4310 786 4348 a
828 4296 1012 4365 seipse
1053 4295 1326 4350 formatus
1365 4300 1451 4349 est
1491 4306 1557 4347 ac
1597 4298 1948 4360 comparatus
1990 4290 2058 4345 ad

476 4399 603 4438 eum
638 4384 1080 4454 suscipiendum,
1112 4383 1206 4453 qui
1239 4382 1468 4438 omnino
1497 4381 1555 4436 in
1590 4380 1698 4436 ﬁne
1731 4381 2060 4437 saeculorum

477 4473 738 4529 omnibus
764 4473 1039 4529 uniendus
1061 4481 1165 4540 est,
1189 4470 1392 4544 singuli
1418 4485 1643 4528 sensum
1671 4470 1899 4542 prtebct.

546 4588 593 4621 “
619 4587 660 4643 Ι.
681 4587 830 4642 Petr.
860 4605 899 4653 ι,
938 4587 1019 4642 10.

2160 4290 2428 4363 ὑποδοχὴν
2457 4291 2553 4346 τοῦ
2588 4293 2802 4359 πάντως
2843 4296 3013 4349 πᾶσιν
3063 4296 3477 4368 ἐνωθησομένου
3515 4298 3649 4351 κατά
3670 4295 3723 4349 τὸ

2161 4382 2338 4466 πέρας
2360 4385 2469 4440 τῶν
2502 4385 2733 4443 αἰώνων.

547 4682 564 4701 ‘
587 4680 910 4752 Sequuntur
938 4682 1098 4755 longe
1116 4681 1277 4754 plura
1299 4693 1393 4752 qu.
1422 4680 1514 4737 illa
1536 4676 1815 4751 59,digna
1842 4677 2062 4736 Maximi
2096 4692 2257 4735 vena.

551 4803 630 4871 (η)
646 4804 708 4856 Ἠ
726 4801 984 4870 ἄρῤητος
996 4804 1395 4871 περιχώρησις
1416 4803 1521 4855 τοῦ
1535 4786 2040 4871 ’πεπιστευμένου

2161 4796 2253 4871 Sic
2286 4809 2419 4871 ergo
2441 4793 2737 4871 Maxumum
2761 4791 3551 4871 intelligo._Manitestationem
3574 4805 3631 4871 ac
3646 4802 3720 4841 rc-

478 4868 871 4943 Aiiaprofano
893 4886 996 4943 usu
1014 4868 1181 4943 hujus
1213 4868 1362 4943 vocis
1378 4869 1731 4943 signiﬁcatio,
1760 4884 1923 4938 quam
1964 4868 2058 4922 hic

481 4940 796 5001 conveniat.
822 4941 981 5007 Quod
1009 4940 1143 4995 vero
1174 4940 1359 4995 reddit
1377 4940 1562 5003 Picus,
1594 4956 1798 5009 arcana
1845 4954 2057 5009 proces-

480 5016 579 5075 sio,
612 5028 721 5066 non
773 5009 1071 5077 satisfacit;
1105 5026 1207 5065 nec
1236 5009 1380 5064 satis
1400 5010 1563 5064 video
1614 5008 1751 5078 quid
1809 5024 1873 5063 ea
1921 5022 2057 5078 v_oce

480 5085 634 5140 velit.
658 5082 894 5137 Budaeus
925 5076 1087 5152 longe
1110 5080 1329 5136 doctior
1374 5080 1429 5133 in
1462 5076 1799 5152 Damasceno
1832 5077 1902 5152 de
1930 5076 2058 5130 Tri-

484 5155 587 5209 nit.
638 5153 882 5207 divinam
942 5148 1307 5220 personarum
1353 5148 1746 5220 mptxebpnmv,
1805 5150 2060 5220 unionem

486 5223 705 5300 reddit;
733 5222 883 5300 quod
935 5216 1078 5277 forte
1134 5221 1301 5291 paulo
1346 5216 1764 5300 liberi’usﬁst:
1818 5216 2063 5298 theologi

486 5288 1025 5347 rircuminéessionem
1063 5288 1278 5361 vocant,
1325 5288 1485 5361 quasi
1521 5288 1686 5361 unius
1721 5303 1972 5360 personae
2006 5288 2062 5361 in

491 5364 653 5418 aliam
700 5362 948 5428 undique
1008 5355 1454 5427 immeatiouém;
1505 5359 1692 5413 malim
1721 5355 1866 5429 'ego,
1914 5355 2064 5429 quod

489 5448 598 5489 una
614 5433 796 5501 capiat
814 5427 976 5484 aliam
992 5445 1057 5501 ac
1071 5431 1223 5485 velut
1237 5431 1517 5501 contineat
1531 5436 1587 5483 et
1600 5427 2033 5499 comprehendat
2047 5443 2063 5493 ;

489 5499 771 5573 quomodo
806 5501 973 5573 etiam
1004 5499 1268 5573 dicuntur
1290 5500 1503 5573 divinae
1529 5513 1779 5573 persona:
1816 5501 2069 5565 ἁνεκφοι-

490 5568 669 5642 τήτως
694 5569 1017 5642 procedere,
1058 5571 1136 5624 ita
1164 5580 1220 5624 ut
1242 5572 1353 5642 alia
1388 5568 1545 5625 extrd
1574 5568 1743 5642 etiam
1768 5585 1873 5642 non
1894 5583 2069 5642 Aeace-

494 5637 624 5695 dent
647 5658 665 5696 :
688 5637 810 5712 qum
829 5640 982 5695 vocis
1009 5642 1227 5712 χωρεῖν,
1264 5639 1391 5694 trita
1420 5640 1714 5712 admodum
1738 5637 2068 5712 signiﬁcatio

495 5719 602 5772 est,
636 5707 885 5789 soletque
910 5707 1073 5789 et-ad
1094 5707 1364 5789 animum
1412 5708 1724 5789 transferri,
1766 5707 1947 5789 quod"
1973 5707 2066 5789 ille

496 5780 657 5849 quasi
691 5777 1026 5836 continendo
1048 5795 1113 5837 ac
1136 5779 1193 5836 in
1222 5795 1282 5836 se
1307 5794 1424 5838 rem
1458 5778 1736 5846 habendo,
1775 5777 2060 5847 intelligat.

2162 4858 2498 4921 velatidnem
2533 4866 2613 4918 rei
2645 4863 2873 4918 credita:
2914 4858 2979 4933 ac
3026 4863 3123 4918 Dei
3157 4864 3302 4933 (qum
3342 4862 3405 4916 ﬁt
3448 4877 3547 4932 per
3594 4858 3717 4933 dona

2164 4937 2405 5006 Spiritus
2418 4934 2734 5005 adjuvantia
2760 4932 2945 5006 ﬁdem)
2965 4935 3088 5003 ejus
3113 4929 3173 4987 in
3191 4929 3354 5006 nobis
3383 4929 3722 5006 comprehen-

2163 4998 2379 5063 sionem
2408 4998 2620 5077 esseac
2643 4998 3054 5077 perceptionem
3089 5020 3103 5055 :
3128 5013 3189 5058 ut
3219 5003 3352 5056 hinc
3381 5003 3438 5056 in
3461 4998 3616 5056 nobis
3642 4998 3726 5077 ha-

2165 5077 2434 5132 bitantem
2470 5072 2773 5129 habeamus
2803 5072 3092 5143 ipsumque
3120 5083 3447 5143 przesentcm
3490 5086 3553 5143 ac
3582 5072 3723 5123 nobis

2169 5147 2426 5201 intimum
2461 5142 2877 5215 cognoscamus,
2897 5142 3050 5215 juxta
3074 5142 3215 5215 illud
3238 5143 3401 5215 Pauli
3419 5142 3631 5215 (Ephes.
3652 5153 3719 5215 ut,

2170 5216 2258 5287 i7)
2291 5232 2305 5270 :
2338 5210 2596 5287 Habitare
2608 5210 2991 5287 Christumjer
3007 5212 3167 5282 ﬁdem
3191 5215 3247 5267 in
3274 5210 3515 5287 cordibus
3538 5210 3718 5287 uestris.

2168 5280 2283 5342 Nec
2312 5286 2460 5341 istud
2503 5292 2653 5340 vetat
2683 5280 2920 5354 ειιὶιιυὶιῖΔ
2933 5280 3191 5339 arcanam
3218 5282 3503 5354 unionem
3535 5280 3720 5337 dicere.

2168 5366 2226 5412 et
2245 5356 2399 5427 quasi
2418 5351 2878 5427 commistioncm,
2903 5351 3057 5427 juxta
3086 5351 3231 5427 quod
3254 5352 3723 5427 _llesy_ch.1reptxw-

2177 5370 2226 5412 et
2245 5372 2399 5427 quasi
2418 5370 2878 5417 commtsnoncm,
2903 5370 3057 5422 quta
3085 5370 3231 5477 ﬂuou
3259 5370 3492 5423 uesycn.
3512 5370 3719 5429 περιχω-

2177 5429 2278 5497 ρεῖ,
2319 5425 2705 5497 συμμίσγεται
2729 5425 2977 5497 exponit.
3011 5422 3081 5497 Se
3154 5423 3211 5478 in
3254 5422 3343 5476 his
3361 5422 3719 5497 ‘balbuumus,

2172 5485 2277 5551 etsi
2304 5485 2479 5566 Graeci
2516 5485 2683 5566 paulo
2710 5485 3142 5566 nobisvoc‘ibus
3193 5499 3321 5547 sunt
3355 5491 3635 5566 feliciores.
3671 5485 3719 5538 lu

2172 5567 2315 5631 aliis,
2348 5565 2484 5621 nihil
2510 5558 2625 5621 fere
2659 5565 2823 5635 Picus
2877 5563 3109 5625 felicior,
3148 5572 3210 5617 ut
3265 5562 3414 5631 quod
3441 5558 3719 5635 ἀεικίνητος

2174 5638 2384 5697 στάσις,
2413 5635 2492 5690 illi
2517 5643 2622 5699 est,
2651 5634 2880 5689 conditio
2904 5650 3111 5704 semper
3147 5648 3391 5704 movens;
3444 5646 3554 5686 non
3593 5634 3720 5698 qum

2172 5707 2286 5779 iugi
2311 5708 2535 5762 incitata
2563 5715 2745 5772 motu;
2770 5704 2952 5776 qualis
2984 5702 3285 5760 [ruentium
3308 5702 3443 5759 Deo.
