4020 6394
315 334 453 400 1312)

988 327 1323 390 CAPITUM
1363 325 1789 400 QUINQUIES
1827 322 2350 388 CEN’TENORUM
2387 325 2776 392 CENTURTA
2815 331 2915 394 IV.

3462 333 3597 400 13M

374 445 487 500 καί.
523 441 662 504 Τοὺς
713 438 1082 511 ὲκζητοῦντας
1126 440 1186 492 ὲν
1231 437 1504 508 πνεύματι
1532 438 1633 507 τὴν
1663 438 1772 491 τῶν
1797 437 1890 507 ψυ-

2076 437 2168 493 21.
2197 437 2306 492 Eos
2339 436 2435 508 qui
2471 439 2526 494 in
2561 442 2757 510 spiritu
2794 457 3106 498 animarum
3135 443 3370 500 salutem
3397 449 3596 517 exqui-

309 537 417 608 χῶν
445 534 744 606 σωτηρίαν,
783 533 880 587 καὶ
907 531 1313 602 ὲξερευνῶντας
1342 531 1468 594 τοὺς
1497 530 1700 601 ταύτης
1729 547 1898 583 πνευ-

311 628 572 699 ματικοῦς
634 625 734 694 τῆς
801 622 1080 694 σωτηρίας
1135 620 1330 688 λόγους
1383 638 1444 674 τε
1489 622 1586 675 καὶ
1637 621 1896 691 τρόπους,

306 721 489 789 ὁδηγεῖ
519 718 655 788 πρὸς
700 716 1031 786 κατανόησιν
1083 715 1147 768 τὸ
1193 714 1416 785 Πνεῦμα
1458 714 1520 767 τὸ
1579 713 1754 781 ἅγιον,
1798 713 1900 766 οὐκ

305 811 411 864 ὲῶν
454 809 717 878 ἀκίνητον
755 807 940 870 αὐτοῖς
993 807 1194 877 μένειν,
1247 807 1346 860 καὶ
1402 807 1768 876 ἀνενέργητον
1799 805 1900 875 τὴν

305 902 372 955 δι’
404 897 471 972 ἧς
509 899 577 952 τὰ
605 900 725 952 θεῖα
755 900 1009 970 ὲκζητεῐν
1044 897 1328 968 πεφύκασι
1356 897 1518 970 [unus
1554 896 1686 968 Reg.
1720 897 1898 967 πεφΰ-

305 992 509 1065 καμεν]
542 994 798 1062 δύναμιν.

373 1084 482 1156 κβ’.
527 1085 754 1157 Πρῶτόν
795 1102 881 1148 τις
927 1084 1083 1155 ζητεῖ
1117 1085 1184 1155 τῇ
1238 1082 1562 1154 προαιρέσει
1616 1083 1896 1155 νεκρῶσαι

301 1176 404 1248 τὴν
437 1176 739 1250 ἁμαρτίαν,
777 1174 872 1229 καὶ
911 1175 1010 1245 τὴν
1037 1168 1364 1247 προαίρεσιν
1403 1176 1470 1243 τῇ
1489 1173 1768 1244 ἁμαρτίᾳ·
1796 1174 1895 1228 xui.

306 1269 482 1334 οὕτως
537 1271 758 1340 ἐρευνᾷ,
795 1267 914 1332 πῶς
953 1268 1034 1320 δεῖ
1069 1269 1164 1321 καὶ
1202 1266 1343 1337 ποίῳ
1383 1267 1572 1336 τρόπῳ
1626 1266 1899 1336 νεκρῶσαι

303 1361 516 1422 ταύτας
549 1360 841 1431 ἁλλήλαις;
874 1361 982 1413 Καὶ
1011 1360 1176 1413 πάλιν
1205 1358 1349 1429 μετὰ
1369 1360 1471 1430 τὴν
1493 1357 1700 1412 τούτων
1729 1357 1896 1428 ἀλλή-

301 1454 426 1514 λαις
466 1452 684 1507 τελείαν
728 1453 1021 1524 νέκρωσιν,
1063 1450 1219 1525 ζητεῖ
1259 1452 1362 1522 τὴν
1403 1451 1525 1504 κατ’
1569 1450 1771 1521 ἀρετὴν
1800 1451 1900 1522 τῆς

304 1546 713 1617 προαιρέσεως,
747 1546 974 1616 καὶτῆς
1015 1545 1221 1616 ἀρετῆς
1257 1545 1356 1617 τὴν
1383 1543 1528 1597 κατά
1571 1542 1897 1614 προαίρεσιν

303 1639 489 1707 ζωήν·
531 1637 627 1690 καὶ
657 1636 832 1699 οὕτως
873 1637 1096 1706 ἐρευνᾷ,
1130 1635 1247 1700 πῶς
1274 1635 1355 1688 δεῖ
1385 1639 1480 1687 καὶ
1522 1635 1662 1705 ποίῳ
1710 1635 1899 1704 τρόπῳ

300 1731 405 1802 τὴν
428 1733 487 1785 ἐν
523 1731 789 1802 ἀλλήλαις
811 1731 1020 1785 τούτων
1054 1731 1462 1801 δημιουργῆςαι
1499 1727 1665 1800 ζωήν.
1705 1729 1897 1782 Ἔστιν

2011 540 2160 594 runt,
2198 532 2426 601 ejusque
2461 533 2658 593 salutis
2698 537 2971 604 spiritales
3012 537 3252 592 rationes
3291 538 3596 608 modosque

2007 631 2417 689 cxscrutantur,
2441 625 2630 696 dirigit
2653 626 2892 696 Spiritus
2913 637 3137 683 sanctus
3159 639 3219 684 ut
3239 640 3422 685 meme
3447 645 3604 684 asse—

2009 723 2280 785 quantur;
2320 715 2486 786 589
2521 734 2627 775 nec
2657 718 2779 772 sine
2813 714 2966 773 motu
3003 728 3167 789 atque
3202 720 3436 776 inertem
3471 737 3594 775 eam

2005 808 2118 862 illis
2156 808 2264 862 vim
2303 824 2527 866 manere
2565 811 2716 873 sinit,
2745 826 2844 880 per
2880 826 3043 880 quam
3083 820 3145 866 ut
3183 811 3368 867 divina
3402 814 3594 882 exqui-

2009 908 2154 962 rant,
2182 901 2288 954 illis
2316 901 2559 970 proclive
2585 907 2962 972 comparatum
2991 909 3094 956 est.

2078 1075 2166 1130 22.
2193 1076 2439 1130 Primum
2464 1077 2589 1146 quis
2618 1077 2816 1147 quaerit
2837 1077 3108 1134 voluntati
3132 1087 3417 1147 peccatum
3447 1094 3593 1133 mor‘

2011 1169 2220 1225 tiﬁcarc
2267 1177 2324 1223 et
2368 1171 2704 1225 voluntatem
2749 1180 3008 1240 peccato;
3056 1170 3244 1238 sicque
3297 1180 3591 1236 scrutatur,

2008 1261 2286 1331 quomodo
2325 1277 2390 1316 ac
2427 1277 2536 1331 qua
2575 1263 2787 1317 ratione
2817 1263 2935 1317 haec
2968 1262 3073 1316 alia
3105 1262 3228 1317 aliis
3260 1263 3593 1318 mortiﬁcare

2007 1352 2335 1408 conveniat?
2360 1353 2702 1422 Rursusque,
2731 1353 2816 1408 his
2840 1352 3082 1422 perfecte
3110 1353 3253 1407 inter
3278 1370 3335 1408 se
3359 1353 3591 1408 mortifi-

2007 1444 2173 1508 catis,
2213 1445 2381 1498 vitam
2426 1444 2727 1499 voluntatis
2769 1461 2891 1514 quae
2934 1443 3141 1498 virtute
3186 1456 3498 1514 prrcstatur,
3535 1456 3593 1500 et

2005 1533 2251 1596 virtutis,
2285 1549 2407 1602 quae
2447 1541 2736 1603 praestatur
2778 1535 3083 1593 voluntate.
3117 1537 3314 1604 quaerit
3357 1554 3370 1588 :
3414 1547 3470 1591 et
3511 1538 3592 1592 sic

2006 1633 2310 1687 scrutatur,
2343 1626 2622 1694 quomodo
2657 1642 2833 1695 quave
2869 1626 3082 1681 ratione
3118 1627 3314 1680 horum
3355 1627 3499 1684 inter
3532 1645 3590 1683 se

2006 1719 2121 1773 vita
2162 1717 2449 1773 conﬂanda
2495 1718 2586 1772 sit.
2623 1718 2720 1772 Est
2763 1717 2949 1788 igitur,
2985 1728 3045 1772 ut
3083 1719 3234 1788 quasi
3279 1718 3591 1775 deﬁniendo

301 1820 522 1892 οὖνξώς
570 1826 632 1879 ὲν
678 1823 896 1895 ὁρισμῷ
941 1823 1152 1888 λαϐεῖν,
1182 1824 1216 1893 ἡ
1261 1821 1360 1892 μὲν
1412 1820 1661 1892 ζήτησις,
1717 1820 1890 1892 ὄρεξις

1999 1810 2358 1879 complectar,
2380 1808 2528 1879 quod
2555 1809 2878 1878 quaerimus,
2900 1809 3281 1865 desiderabilis
3305 1813 3589 1883 cujusdam

302 1917 650 1988 καταθυμίου
677 1919 824 1980 τινός
844 1934 858 1949 ⁶
888 1920 920 1988 ὴ
957 1918 1014 1970 δὲ
1044 1916 1354 1988 ἐρεύνησις,
1381 1915 1581 1986 τρόπος
1609 1915 1710 1984 τῆς
1755 1916 1894 1986 πρὸς

302 2011 367 2064 τὸ
408 2009 752 2082 καταθύμιόν
784 2010 1022 2080 ὀρέξεως
1057 2009 1372 2070 ἁνυστικός.

377 2108 486 2172 κγ’.
528 2104 621 2154 Δεῖ
665 2103 743 2165 ὡς
793 2100 1009 2170 ἀληθῶς
1052 2101 1144 2152 τὸν
1180 2100 1586 2172 σωθησόμενον,
1623 2101 1697 2172 μὴ
1732 2102 1894 2170 μόνον

301 2197 372 2266 τῇ
410 2193 732 2264 προαιρέσει
782 2191 1060 2264 νεκρῶσαι
1107 2191 1206 2261 τὴν
1252 2193 1547 2262 ἁμαρτίαν,
1609 2193 1746 2246 ἀλλὰ
1802 2193 1896 2246 καὶ¹

303 2287 481 2357 αὐτὴν
531 2286 632 2356 τὴν
687 2285 1016 2355 προαίρεσιν
1070 2286 1136 2354 τῇ
1187 2284 1590 2356 άμαρτίᾳ.’καὶ
1621 2284 1696 2356 μὴ
1733 2283 1894 2354 μόνον

305 2380 619 2449 ἀναστῆσαι
657 2380 721 2448 τῇ
755 2378 927 2448 ἀρετῇ
963 2377 1062 2447 τὴν
1094 2377 1437 2447 προαίρεσιν,
1480 2377 1619 2431 ἀλλὰ
1658 2380 1754 2430 καὶ
1795 2378 1894 2431 αύ-

300 2470 409 2540 τὴν
435 2471 502 2540 τῇ
546 2469 871 2540 προαιρέσει
914 2468 1015 2539 τὴν
1049 2471 1280 2536 ἀρετήν·
1318 2468 1406 2520 ἵνα
1449 2469 1619 2539 νεκρὰ
1667 2471 1892 2539 νεκρᾶς,

303 2559 405 2630 ὅλη
437 2558 566 2630 ὅλης
601 2558 702 2629 τῆς
731 2544 1007 2628 ἁμαρτίας
1039 2557 1375 2628 διαιρεθεῖσα
1428 2557 1502 2629 μὴ
1545 2558 1890 2630 αἰσθάνηται,

304 2649 405 2705 καὶ
425 2649 577 2714 ζῶσα
605 2648 808 2720 ζώσης,
840 2648 935 2720 ὅλη
968 2647 1097 2719 ὅλης
1113 2648 1214 2725 τῆς
1244 2649 1448 2720 ἀρετῆς
1475 2649 1891 2718 ἐπαισθάνηται,

302 2744 435 2798 καθ’
471 2744 669 2797 ἕνωσιν
714 2742 1042 2797 ἀδιάστατον
1086 2742 1119 2812 ή
1164 2741 1505 2812 προαίρεσις.
1547 2741 1606 2794 '0
1659 2742 1768 2814 γὰρ
1805 2760 1893 2794 νε·-

303 2836 533 2908 κρώσας
564 2838 632 2907 τῇ
664 2834 913 2906 ἁμαρτίᾳ
949 2835 1052 2905 τὴν
1099 2833 1445 2905 προαίρεσιν,
1485 2831 1770 2903 σύμφυτος
1800 2834 1893 2900 γέ-

302 2946 436 2998 γονε
472 2928 551 2999 τῷ
582 2926 891 2998 ὁμοιώματι
934 2925 1030 2979 τοῦ
1067 2924 1305 2979 θανάτου
1344 2923 1443 2978 τοῦ
1487 2923 1764 2995 Χριστοῦ·
1797 2926 1894 2978 καὶ

295 3025 324 3076 δ
362 3021 574 3092 ταύτην
601 3019 914 3090 ἀναστήσας
939 3021 1005 3091 τῇ
1037 3017 1377 3091 δικαιοσύνῃ,
1403 3016 1684 3089 σύμφυτος
1703 3017 1893 3085 γέγονε

302 3113 404 3168 καὶ
427 3112 529 3184 τῆς
553 3112 911 3174 ἀναστάσεως
937 3109 1126 3184 αὐτοῦ.

371 3203 478 3260 κδ’.
530 3204 596 3256 Ἢ
644 3202 894 3274 ἁμαρτία
943 3202 1041 3256 καὶ
1077 3202 1112 3273 ἡ
1155 3202 1478 3272 προαίρεσις
1524 3197 1892 3270 νεκρούμεναι

297 3299 588 3370 ἀλλήλαις,
619 3297 818 3369 διπλῆν
849 3297 1037 3368 ἔχουσι
1067 3296 1202 3368 πρὸς
1233 3295 1472 3366 ἀλλήλας
1498 3294 1598 3366 τὴν
1629 3293 1894 3363 ἀναισθη-

298 3391 447 3448 σίαν.
479 3391 593 3444 Καὶ
621 3391 656 3462 ἡ
687 3389 1004 3461 δικαιοσύνη
1054 3388 1151 3442 καὶ
1180 3391 1214 3459 ἡ
1256 3387 1601 3458 προαίρεσις,
1633 3387 1893 3460 ἀλλήλαις

294 3483 527 3557 ἔχουσαι
553 3482 654 3552 τὴν
680 3481 848 3552 ζωὴν,
883 3480 1077 3551 διπλῆν
1107 3479 1289 3550 ἔχουσι
1319 3479 1418 3551 τὴν
1449 3479 1722 3548 αἴσθησιν.

366 3583 473 3632 κε’.
515 3577 649 3639 Θεὸς
700 3574 965 3647 ὑπάρχων
1017 3572 1179 3643 φύσει
1231 3572 1329 3624 καὶ
1376 3571 1724 3642 ἄνθρωποςὸ
1754 3570 1890 3640 Χρι-

293 3669 451 3732 στὸς,
478 3667 568 3735 ὑφ’
604 3664 764 3737 ἡμῶν
797 3665 875 3729 ὡς
909 3663 1044 3728 Θεὸς
1088 3663 1232 3733 ὑπὲρ
1269 3661 1434 3731 φύσιν
1471 3662 1656 3732 χάριτι
1686 3660 1888 3731 κληρο-

291 3760 571 3830 νομεῖται,
621 3757 762 3811 κατὰ
806 3756 908 3826 τὴν
956 3756 1198 3826 ἄρρητον
1235 3753 1485 3824 μέθεξιν·
1520 3753 1614 3806 καὶ
1639 3752 1709 3806 δι’
1739 3752 1888 3823 ἡμᾶς

294 3855 353 3906 ἐν
379 3851 518 3904 εῖδει
546 3849 624 3921 τῷ
647 3849 771 3902 καθ’
799 3849 948 3919 ἡμᾶς
972 3847 1048 3911 ὼς
1078 3845 1366 3917 ἄνθρωπος
1395 3847 1544 3915 ἡμᾶς
1581 3844 1890 3914 οἰκειούμε-

292 3961 413 4008 νος,
445 3941 644 3996 ὲαυτδν
673 3941 1007 4011 κληρονομεῖ
1033 3939 1133 3991 σὺν
1161 3939 1295 4009 ἡμῖν
1333 3936 1474 3991 κατὰ
1506 3935 1604 4008 τὴν
1633 3937 1890 4006 ἀνεννόη-

291 4052 389 4091 τον
450 4032 897 4102 συγκατάῦασιν·
929 4031 988 4084 ὃν
1040 4029 1118 4100 τῷ
1176 4027 1450 4100 πνεύματι
1505 4026 1782 4098 μυστικῶς
1837 4027 1887 4080 οἱ

292 4129 448 4197 ἆγιοι
479 4124 991 4196 προθεωρήσαντες,
1009 4119 1367 4190 ἐδιδάχθησαν
1393 4119 1470 4182 ὡς
1491 4118 1598 4190 χρὴ
1617 4117 1717 4188 τῆς
1747 4116 1887 4170 κατὰ

290 4219 353 4272 τὸ
395 4216 590 4288 μέλλον
625 4214 1012 4286 φανησομένης
1036 4211 1128 4266 διὰ
1173 4211 1274 4283 τὴν
1324 4209 1526 4282 ἀρετὴν
1559 4211 1616 4264 ὲν
1664 4208 1887 4282 Χριστῷ

292 4311 478 4380 δόξης.
515 4307 586 4360 τὰ
614 4309 696 4370 εἰς
733 4306 897 4360 αὐτὸν
959 4304 1100 4375 ὑπὲρ
1154 4304 1355 4377 ἀρετῆς
1404 4304 1547 4360 κατά
1600 4303 1662 4358 τὸ
1711 4305 1884 4376 παρὸν

293 4396 777 4472 προκαθηγεῖσθαι
806 4397 1128 4469 παθήματα.

367 4581 486 4641 κςθ.
538 4574 597 4630 '0
629 4575 728 4645 μὲν
765 4577 888 4634 νοῦς
940 4572 1083 4626 κατὰ
1126 4572 1298 4644 μόνην
1322 4571 1422 4642 τὴν
1457 4570 1645 4641 ἔφεσιν
1701 4569 1882 4639 ἀγνώς

296 4683 446 4729 στως
466 4665 625 4737 ζπρδς
653 4665 752 4736 τὴν
777 4664 886 4719 τῶν
925 4663 1098 4717 ὄντων
1139 4663 1319 4717 αἰτίαν
1349 4664 1693 4734 κινούμενος,
1730 4661 1886 4733 ζητεῖ

302 4759 470 4830 μόνον
489 4775 504 4790 °
534 4760 563 4812 ὁ
593 4757 651 4811 δὲ
696 4756 876 4826 λόγος,
907 4755 1034 4820 τοὺς
1082 4757 1140 4809 ὲν
1188 4757 1302 4819 τοῖς
1332 4749 1484 4812 οὖσιν
1513 4754 1736 4824 ἀληθεῖς
1769 4771 1886 4808 τιιοι⁴

295 4851 466 4915 κίλως
490 4847 762 4918 ἐφοδεύων
801 4849 1000 4920 ἐρευνᾷ
1030 4847 1242 4916 λόγους.

373 4940 480 5006 κζ’.
523 4942 760 5013 Ζήτησίς
803 4943 950 4993 ἐστιν
985 4941 1018 5010 η
1056 4938 1152 4992 τοῦ
1180 4936 1272 4991 νοῦ
1303 4936 1498 5008 πρώτη
1521 4955 1582 4991 τε
1615 4941 1710 4992 καὶ
1733 4937 1882 5009 ἁπλῆ

297 5035 438 5107 πρὸς
463 5035 563 5105 τὴν
594 5033 731 5086 ἰδίαν
759 5033 938 5086 αἰτίαν
973 5032 1088 5102 μετ’
1118 5031 1358 5100 ἐφέσεως
1377 5030 1595 5102 κίνησις
1613 5047 1628 5063 ο
1654 5032 1882 5103 ἐρεύνη-

298 5147 386 5192 σις
417 5128 474 5181 δέ
509 5129 678 5190 ἐστιν,
701 5128 735 5196 ἡ
768 5125 960 5197 πρώτη
1005 5141 1066 5177 τε
1111 5124 1205 5177 καὶ
1245 5122 1391 5194 ἁπλῆ
1433 5122 1528 5175 τοῦ
1558 5123 1718 5192 λόγου
1751 5123 1882 5198 περὶ

297 5219 397 5290 τὴν
427 5217 562 5272 ἰδίαν
597 5217 779 5271 αἰτίαν
810 5217 949 5287 μετά
980 5232 1125 5278 τινος
1166 5213 1378 5277 ἐννοίας
1421 5214 1718 5286 διάκρισις.
1758 5216 1881 5268 Ἐκ-

293 5311 526 5382 ζήτησις
570 5309 626 5362 δὲ
676 5308 839 5362 πάλιν
887 5309 1054 5373 ἐστὶν,
1094 5310 1127 5378 ή
1169 5305 1263 5359 τοῦ
1297 5305 1389 5359 νοῦ
1423 5309 1544 5360 κατ’
1569 5309 1881 5379 ἐπιστήμην

294 5401 574 5472 γνωστικὴ
615 5401 752 5474 πρὸς
783 5401 884 5472 τὴν
921 5401 1060 5454 ίδίαν
1089 5399 1271 5454 αἰτίαν
1304 5399 1444 5468 μετά
1478 5415 1624 5464 τινος
1648 5399 1880 5471 ζεούσης

295 5491 540 5560 ἐφέσεως
570 5491 782 5563 κίνησις
803 5508 816 5522 '
851 5491 1201 5561 ἐξερεύνησις
1240 5489 1297 5543 δέ
1327 5492 1496 5554 ἐστιν,
1528 5491 1561 5561 ὴ
1598 5489 1692 5543 τοῦ
1715 5489 1879 5560 λόγου

295 5586 420 5639 κατ’
449 5585 731 5653 ἐνέργειαν
779 5585 886 5639 τῶν
921 5584 1134 5657 ἀρετῶν
1189 5583 1320 5654 περὶ
1364 5584 1463 5655 τὴν
1509 5583 1648 5638 ίδίαν
1699 5585 1881 5640 αἰτίαν

370 5744 416 5781 ³⁸
445 5747 599 5802 Rom.
630 5763 703 5810 vr,
730 5747 782 5803 5.
862 5747 903 5779 ¹⁷
939 5746 1098 5802 Rom.
1127 5764 1241 5810 vin,
1267 5747 1352 5804 25.

1995 1903 2296 1972 appetitio;
2321 1901 2469 1972 quod
2494 1918 2624 1956 vero
2649 1910 2984 1967 scrutamur,
3009 1904 3206 1958 modus
3225 1919 3336 1972 quo
3358 1920 3423 1959 ea
3445 1905 3591 1961 desi-

1995 1994 2259 2048 derabilis
2289 1994 2557 2064 appetitio
2586 1994 2794 2064 expleri
2827 1996 3024 2064 possit.

2067 2087 2158 2141 25.
2186 2088 2400 2141 Revera
2425 2087 2704 2150 convenit,
2732 2094 2794 2141 ut
2817 2087 2910 2156 qui
2937 2088 3235 2143 salvandus
3263 2090 3354 2156 sit,
3379 2091 3585 2146 nedum

1995 2179 2264 2234 voluntati
2315 2186 2602 2248 peceatum
2659 2178 2989 2244 mortificet,
3040 2197 3231 2234 verum
3293 2191 3350 2236 et
3409 2184 3585 2253 ipsam

1996 2270 2337 2326 voluntatem
2373 2279 2601 2339 peccato
2634 2287 2648 2324 :
2680 2286 2784 2326 nec
2814 2272 2993 2325 solum
3021 2275 3361 2327 voluntatem
3393 2273 3585 2328 virtuti

1995 2363 2258 2426 viviﬁcet,
2285 2362 2381 2417 sed
2417 2370 2474 2417 et
2503 2362 2766 2416 virtutem
2806 2363 2906 2431 ipsi
2939 2365 3237 2428 voluntati;
3277 2375 3336 2420 ut
3369 2377 3586 2422 mortua

1995 2463 2300 2515 mortuum,
2336 2463 2448 2509 tota
2481 2471 2512 2509 a
2552 2463 2666 2509 toto
2690 2455 2886 2519 divisa,
2913 2466 3197 2525 peccatum
3227 2472 3331 2512 nec
3357 2473 3587 2528 persen-

1998 2547 2125 2613 tiat,
2181 2546 2484 2615 vivensque
2536 2547 2852 2613 viventem,
2910 2555 3026 2602 tota
3086 2557 3290 2614 totam,
3350 2551 3584 2606 indivisa

1997 2638 2201 2692 unione
2257 2637 2511 2692 voluntas
2565 2639 2870 2708 persentiat
2924 2639 3215 2694 virtutem.
3269 2640 3373 2707 Qui
3431 2643 3583 2697 enim

1993 2731 2334 2784 voluntatem
2375 2738 2603 2798 peccato
2641 2729 3020 2794 mortiﬁcavit,
3057 2732 3462 2800 complantatus
3499 2732 3584 2787 fa-

1994 2833 2117 2877 ctus
2149 2829 2236 2877 est
2262 2821 2611 2876 similitudini
2643 2822 2838 2876 mortis
2865 2822 3073 2877 Christi
3099 2823 3140 2854 ¹⁶
3171 2841 3184 2876 :
3216 2838 3281 2878 ac
3311 2823 3403 2893 qui
3441 2825 3586 2880 hanc

1995 2915 2188 2971 virtuti
2257 2916 2577 2980 suscitavit,
2633 2917 3038 2987 complantatus
3104 2914 3284 2972 factus
3335 2927 3423 2974 est
3463 2921 3585 2991 ejus

1995 3007 2163 3061 etiam
2189 3005 2540 3061 similitudini
2567 3006 3014 3063 resurrectionis.
3645 3001 3647 3004 ’

1920 3169 1966 3230 c
2065 3200 2158 3255 24.
2185 3201 2478 3255 Peccatum
2512 3207 2678 3270 atque
2704 3200 2982 3266 voluntas,
3014 3217 3122 3272 qua
3157 3203 3392 3260 alterum
3421 3204 3582 3261 alteri

1995 3292 2427 3355 mortiﬁcamur,
2457 3292 2732 3362 duplicem
2770 3293 2916 3349 inter
2945 3309 3006 3350 se
3039 3295 3249 3351 habent
3275 3296 3580 3354 absentiam

1993 3399 2212 3439 sensus.
2243 3383 2577 3452 Justitiaque
2620 3392 2677 3437 et
2719 3385 2996 3452 voluntas,
3030 3385 3137 3442 alia
3177 3387 3270 3442 alii
3307 3389 3579 3458 viventes,

1989 3491 2213 3530 sensum
2244 3476 2518 3544 duplicem
2551 3475 2775 3530 habent.
3359 3463 3369 3474 ’

2062 3566 2151 3620 25.
2193 3566 2476 3628 Christus.
2521 3568 2615 3636 qui
2657 3567 2804 3622 Deus
2847 3577 3044 3623 natura
3093 3578 3150 3624 et
3193 3570 3360 3626 homo
3401 3573 3502 3638 sit,
3540 3595 3568 3633 τι

1989 3661 2153 3716 nobis
2189 3671 2248 3714 ut
2281 3661 2426 3715 Deus
2460 3676 2629 3730 supra
2661 3671 2948 3729 naturam,
2981 3678 3180 3719 arcana
3214 3681 3314 3735 per
3347 3668 3576 3738 gratiam

1989 3753 2412 3823 participatione
2441 3767 2537 3806 seu
2578 3755 2939 3821 commercio,
2967 3756 3288 3813 haereditate
3324 3761 3576 3828 posside-

1991 3853 2111 3910 tur;
2141 3845 2426 3914 nostrique
2451 3860 2617 3900 causa
2642 3847 2698 3900 in
2724 3846 2902 3901 forma
2930 3848 3091 3903 nobis
3112 3849 3278 3904 simili
3303 3859 3364 3904 ut
3389 3853 3572 3913 homo.

1999 3951 2101 3990 nos
2159 3935 2264 3990 sibi
2319 3936 2609 3991 vindicans
2662 3952 2726 3992 ac
2779 3938 2936 4007 quasi
2988 3954 3284 4009 arrogans,
3334 3942 3574 4012 seipsum

1987 4026 2275 4090 nobiseum
2327 4043 2426 4097 per
2472 4029 2917 4095 inclinationem,
2953 4045 3173 4086 omnem
3218 4036 3420 4090 mentis
3459 4037 3574 4091 vim

1987 4133 2375 4194 superantem,
2426 4122 2748 4177 haereditate
2808 4123 3054 4192 possidet
3106 4141 3122 4177 :
3175 4139 3338 4194 quem
3397 4129 3572 4183 sant-ti

1987 4213 2213 4284 mystice
2239 4211 2295 4266 in
2327 4211 2524 4281 spiritu
2551 4210 2934 4280 prmvidentes,
2959 4227 3142 4282 operae
3170 4214 3409 4284 pretium
3433 4217 3578 4272 didi-

1986 4317 2144 4365 cere,
2181 4312 2245 4358 ut
2277 4302 2692 4358 manifestauda
2725 4302 2780 4356 in
2814 4303 3062 4358 futurum
3091 4304 3314 4360 virtutis
3347 4310 3576 4376 praemio
3627 4297 3632 4308 ί

1986 4395 2042 4450 in
2072 4395 2290 4452 Christo
2320 4395 2528 4466 gloriae,
2553 4395 2778 4450 virtutis
2807 4411 2970 4451 causa
2996 4397 3050 4451 in
3079 4399 3338 4467 praesenti
3369 4402 3578 4471 passio-

1915 4508 1959 4565 ι)
1988 4507 2088 4546 nes
2118 4500 2284 4560 atque
2310 4505 2571 4545 aerumna;
2599 4490 2655 4544 in
2680 4491 2800 4560 ipso
2823 4491 3085 4560 praeirent
3110 4493 3174 4546 ".

2058 4579 2149 4634 26.
2177 4579 2328 4634 Mens
2359 4594 2511 4642 sane,
2537 4595 2658 4648 quae
2691 4580 2806 4634 solo
2839 4580 3112 4636 desiderio
3147 4581 3328 4652 ignota
3362 4585 3573 4641 ratione

1992 4670 2049 4725 in
2083 4685 2266 4725 rerum
2299 4670 2594 4724 Auctorem
2629 4679 2945 4736 moveatur,
2977 4671 3154 4725 solum
3188 4673 3415 4742 quaerit;
3452 4693 3575 4745 quae

1993 4770 2176 4816 autem
2200 4777 2360 4816 veras
2391 4762 2446 4815 in
2477 4763 2643 4818 rebus
2668 4763 2910 4818 rationes
2935 4763 3086 4818 varie
3115 4766 3386 4835 conjectet
3411 4769 3570 4835 ratio,

1993 4867 2058 4906 ac
2083 4852 2422 4922 argumentis
2447 4853 2781 4916 connitatnr,
2807 4852 2924 4926 hrec
2943 4867 3074 4907 vero
3107 4863 3403 4910 scrutatur.

2061 4945 2226 5016 590
2269 4945 2359 4999 27.
2387 4942 2504 4998 Hoc
2545 4942 2692 5014 quod
2735 4952 2819 4998 est
2863 4960 3128 5014 quzerere,
3162 4947 3337 5016 prima
3380 4956 3465 5003 est
3509 4965 3574 5006 ac

1918 5083 1929 5098 .
1987 5039 2220 5108 simplex
2250 5037 2448 5091 mentis
2477 5037 2533 5090 in
2562 5037 2840 5106 proprium
2867 5038 3164 5092 Auctorem
3195 5054 3319 5094 cum
3352 5041 3570 5110 etipidi-

1989 5139 2098 5186 tate
2147 5130 2397 5184 incitatio
2447 5146 2462 5182 :
2509 5128 2746 5183 scrutari
2789 5145 2956 5194 vero,
3005 5130 3182 5199 prima
3230 5145 3294 5186 ac
3340 5131 3572 5202 simplex

1989 5223 2220 5279 rationis
2274 5221 2419 5276 circa
2478 5220 2765 5290 proprium
2809 5219 3106 5275 Auctorem
3157 5237 3283 5276 cum
3336 5223 3569 5292 quadam

1989 5314 2296 5370 intentione
2320 5310 2512 5383 judicii
2544 5309 2826 5365 discretio.
2852 5311 2932 5366 Ac
2959 5327 3155 5368 rursus
3182 5313 3288 5368 hoc
3312 5314 3458 5382 quod
3487 5325 3571 5369 est

1987 5401 2298 5471 exquirere,
2323 5400 2521 5454 mentis
2554 5408 2640 5454 est
2663 5400 2965 5455 secundum
2999 5402 3284 5458 scientiam
3311 5403 3570 5472 spiritalis

1988 5495 2317 5564 sapiensque
2373 5492 2424 5544 'n
2463 5491 2761 5560 .pr0prium
2804 5490 3100 5548 Auctorem
3156 5510 3281 5549 cum
3333 5509 3569 5549 accenso

1988 5586 2228 5658 quodam
2274 5583 2548 5640 desiderio
2593 5582 2873 5652 incitatio;
2915 5587 3215 5642 exscrutari
3255 5592 3440 5641 autem
3485 5587 3570 5657 (ut
