4020 6408
359 343 492 410 1317

1027 339 1363 404 CAPITUM
1404 336 1831 413 QUINQUIES
1868 329 2392 405 CENTENORUM
2429 343 2818 405 UENTURIA
2853 342 2952 406 IV.

3493 337 3630 404 1318

349 464 412 531 τῇ
451 458 668 530 μεθέξει
711 461 909 531 πεῖραν
936 457 1046 513 τῶν
1077 456 1219 528 ὑπὲρ
1249 455 1413 527 φύσιν
1461 453 1714 523 ἀγαθωι·
1746 452 1928 524 νόησιν

2039 450 2218 510 ritalis
2255 453 2531 525 doctaque
2586 455 2654 510 de
2702 456 2824 526 ipso
2867 455 3243 514 consideratio
3304 472 3372 516 ac
3421 475 3627 530 specu-

348 553 425 618 δὲ,
453 551 556 624 τὴν
589 553 657 606 ὲκ
685 551 797 606 τῶν
829 551 1002 606 ὅντων
1035 549 1216 620 ἁπλῆν
1254 548 1385 621 περὶ
1410 547 1578 603 αὑτοῦ
1605 547 1703 602 καὶ
1725 545 1937 602 ἑνιαίαν

349 645 550 712 γνῶσιν
571 660 588 677 °
622 645 765 715 τάχα
790 643 850 698 δὲ
882 643 980 698 καὶ
1008 644 1095 696 ἐπ’
1127 642 1290 698 ἄλλου
1315 641 1519 704 παντὸς
1545 638 1704 693 τοῦτο
1732 637 1935 708 γνωρί-

348 735 527 801 ζεταιο
604 735 766 807 εἴπερ
829 736 865 805 ἡ
913 732 1069 788 τοῦδε
1129 731 1227 786 τοῦ
1271 732 1598 804 πράγματος
1625 733 1809 801 πεῖρα,
1845 728 1937 783 τὸν

348 827 475 898 περὶ
513 825 684 882 αὐτοῦ
709 823 1022 880 καταπαύει
1068 824 1230 892 λόγον
1255 840 1270 854 ⁶
1301 823 1396 876 καὶ
1422 825 1456 893 ἡ
1483 821 1639 875 τοῦδε
1667 819 1764 874 τοῦ
1787 819 1932 890 πρά·-

346 935 557 990 γματος
583 917 861 989 αἴσθησις,
892 916 991 988 τὴν
1014 916 1140 988 περὶ
1167 914 1332 968 αὑτοῦ
1362 913 1732 985 σχολάζουσαν
1765 912 1934 983 έργά⁹

346 1013 500 1076 ζεται
522 1009 730 1082 νόησιν.
761 1010 968 1081 Πεϊραν
995 1007 1052 1062 δὲ
1077 1006 1244 1076 λέγω,
1279 1006 1449 1078 αὐτὴν
1482 1005 1582 1077 τὴν
1630 1005 1752 1060 κατ’
1784 1004 1935 1075 ἐνέρ-

349 1121 501 1172 γειαν
526 1102 755 1174 γνῶσιν,
787 1101 886 1174 τὴν
918 1100 1059 1173 μετὰ
1089 1102 1269 1156 πάντα
1304 1099 1465 1168 λόγον
1507 1099 1930 1168 ὲπιγινομένηνο

343 1196 600 1266 αἴσθησιν
627 1195 705 1260 δὲ,
736 1194 909 1265 αὐτὴν
937 1193 1034 1248 τοῦ
1065 1192 1402 1263 γνωσθέντος
1422 1192 1522 1263 τὴν
1573 1190 1813 1262 μέθεξιν,
1835 1190 1934 1260 τὴν

346 1285 486 1355 μετὰ
514 1287 694 1339 πᾶσαν
735 1285 922 1355 νόησιν
955 1283 1379 1353 ἑκφαινομένην.
1416 1282 1528 1336 Καὶ
1564 1280 1724 1336 τοῦτο
1770 1281 1933 1349 τυχὸν

346 1374 624 1444 μυστικῶς
648 1373 917 1429 διδάσκων
940 1375 968 1427 ὀ
997 1374 1174 1444 μέγας
1209 1373 1563 1437 Ἀπόστολος,
1592 1372 1776 1444 φησιν·
1795 1372 1934 1429 Ehe

341 1466 411 1520 δὲ
446 1464 803 1534 προφητεῖαι
855 1464 1446 1534 καταργηθήσονται,
1494 1463 1616 1517 εἴτε
1658 1462 1934 1532 γλῶσσαι

341 1559 708 1623 παύσονται,
758 1556 880 1610 εἴτε
934 1555 1161 1625 γνῶσις
1219 1554 1758 1625 καταργηθήσεται,
1807 1554 1936 1626 περὶ

343 1651 444 1722 τῆς
473 1652 532 1704 ἐν
565 1649 708 1720 λόγῳ
730 1649 993 1720 κειμένης
1017 1647 1113 1703 καὶ
1146 1650 1378 1720 νοήμασι
1410 1646 1668 1717 γνώσεως
1693 1646 1936 1718 δηλονότι

342 1744 593 1811 φάσκων.

2037 544 2172 603 latio
2197 555 2323 614 est;
2358 562 2582 604 sensum
2613 564 2777 613 vero,
2811 564 2933 605 eam
2963 550 3238 606 bonorum
3286 560 3486 607 natura
3533 569 3628 608 su-

2035 640 2323 708 periorum
2379 641 2780 711 experientiam
2807 682 2823 707 ,
2866 659 2988 712 quae
3023 645 3449 714 participatione
3492 661 3627 700 con-

2035 733 2230 790 sistit:
2266 733 2658 804 cogitationem
2711 749 2845 788 vero
2895 751 2990 789 seu
3023 736 3331 800 notionem,
3381 754 3504 807 quae
3554 737 3625 792 de

2035 826 2156 897 ipso
2177 833 2349 880 estex
2370 825 2538 878 rebus
2554 826 2859 896 simplicem
2885 841 2948 879 ac
2971 827 3305 896 singularem
3329 829 3625 883 scientiam

2033 932 2099 972 ac
2123 915 2518 987 cognitionem.
2553 917 2715 972 Forte
2742 931 2874 970 vero
2921 917 3090 970 etiam
3144 917 3201 971 in
3257 934 3317 972 re
3376 920 3626 988 qualibet

2034 1009 2182 1065 idem
2224 1025 2325 1066 usu
2363 1009 2550 1076 venit;
2595 1009 2872 1080 siquidem
2923 1010 3005 1064 rei
3051 1010 3179 1067 talis
3233 1012 3576 1081 experientia
3605 1052 3620 1075 ,

2033 1117 2155 1172 qua:
2177 1102 2248 1156 de
2264 1101 2353 1156 illa
2376 1111 2484 1166 est,
2509 1102 2778 1157 rationem
2800 1117 3015 1158 cessare
3039 1101 3203 1167 facit;
3232 1101 3507 1173 leusque
3543 1103 3622 1158 rci

2034 1187 2160 1244 talis
2191 1203 2409 1252 sensus,
2430 1205 2552 1257 qua:
2581 1189 2651 1245 de
2681 1189 2775 1244 illa
2794 1198 2900 1255 est,
2932 1190 3325 1260 cogitationem
3346 1207 3441 1245 seu
3472 1207 3625 1247 com-

2033 1279 2427 1337 mentationem
2455 1281 2687 1338 otiosam
2720 1280 2922 1338 reddit.
2962 1281 3413 1351 Experimentum
3441 1292 3624 1340 autem

2036 1369 2185 1435 dico,
2211 1370 2385 1440 ipsam
2413 1371 2597 1440 τείρεα
2615 1372 2673 1426 in
2694 1383 2819 1429 actu
2839 1371 3128 1428 scientiam
3145 1389 3209 1430 ac
3225 1374 3620 1444 cognitionem,

2033 1477 2156 1533 quae
2175 1471 2298 1532 post
2321 1478 2542 1518 omnem
2567 1464 2782 1524 accedit
2802 1467 3072 1525 rationem
3091 1476 3257 1538 atque
3271 1483 3584 1526 sermonem
3604 1485 3620 1523 :

2035 1571 2258 1611 sensum
2292 1571 2448 1620 vero,
2482 1556 2658 1628 ipsam
2679 1558 2800 1629 ejus
2831 1559 2981 1629 quod
3023 1561 3227 1618 scitum
3274 1569 3360 1616 est
3387 1601 3402 1626 ,
3455 1568 3624 1630 atque

2036 1649 2319 1718 cognitum
2337 1648 2749 1720 perceptionem
2767 1652 3296 1722 commerciumque,
3313 1661 3438 1722 post
3453 1652 3624 1706 animi

2038 1735 2342 1806 cogitatum
2371 1751 2592 1792 omnem
2622 1752 2686 1792 ac
2716 1736 3142 1808 intelligentiam
3167 1741 3416 1795 elucens.
3448 1737 3626 1810 idque

341 1834 579 1892 forsitan
609 1833 839 1906 mystice
870 1832 1075 1892 docens
1113 1847 1348 1903 magnus
1377 1830 1676 1902 Apostolus
1696 1829 1880 1886 aiebat
1905 1848 1918 1884 :
1949 1830 2068 1888 Sive
2092 1829 2378 1902 prophetia:
2403 1829 2816 1894 evacuabuntur,
2851 1829 2959 1882 sive
2980 1828 3172 1900 lingua:
3200 1832 3495 1896 cessabunt,
3516 1835 3625 1889 sive

336 1926 560 1982 scicntia
581 1925 886 1984 destruetur
908 1923 951 1956 ¹⁸
967 1940 988 1990 ;
1030 1937 1230 1992 nempe
1249 1922 1318 1984 dc
1340 1921 1651 1998 ealoquens
1679 1921 1935 1990 scientia,
1975 1937 2099 1994 quae
2125 1922 2184 1980 in
2215 1921 2429 1977 ratione
2457 1918 2741 1989 animique
2805 1919 2986 1976 sensis
3032 1929 3090 1978 et
3127 1923 3460 1993 cogitatibus
3489 1941 3624 1981 con-

339 2019 516 2076 sistit.

409 2107 514 2180 ).3'.
565 2109 765 2180 Ἐχρῆν
809 2107 887 2174 ὡς
934 2105 1150 2178 ἀληθῶς
1181 2106 1272 2160 τὸν
1311 2106 1454 2160 κατὰ
1501 2104 1664 2175 φύσιν
1694 2106 1790 2174 τῆς
1823 2106 1928 2161 τῶν

2103 2107 2192 2165 52.
2227 2105 2471 2162 Decebat
2503 2104 2653 2161 enim
2702 2120 2899 2162 revera
2927 2145 2944 2170 ,
2985 2121 3136 2173 eum,
3173 2107 3269 2176 qui
3309 2107 3619 2164 secundum

336 2200 511 2254 ὄντων
550 2199 740 2262 οὐσίας
787 2197 1144 2270 δημιουργὸν,
1175 2200 1268 2258 καὶ
1300 2199 1401 2269 τῆς
1439 2201 1581 2254 κατὰ
1607 2199 1770 2270 χάριν
1797 2201 1932 2252 αύτ-

335 2288 534 2360 ουργὸν
591 2287 846 2356 γενέσθαι
894 2287 1008 2340 τῶν
1083 2288 1389 2356 γεγονότων
1445 2287 1734 2352 Θεὼσεωςο
1783 2289 1876 2344 ἵνα
1903 2288 1932 2341 ό

336 2381 437 2434 τοῦ
473 2377 616 2435 εἶναι
659 2379 850 2451 δοτὴρ,
886 2382 1029 2451 φανῇ
1071 2379 1166 2433 καὶ
1207 2379 1304 2433 τοῦ
1333 2381 1421 2434 ἀεὶ
1442 2375 1501 2434 εὖ
1528 2376 1668 2434 εἶναι
1691 2399 1935 2453 χαριστι-

337 2473 458 2535 κός.
494 2471 649 2526 Ἐπεὶ
677 2468 772 2525 οὖν
798 2471 955 2525 οὐδὲν
986 2471 1095 2525 τῶν
1119 2470 1290 2525 ὄντων
1335 2471 1495 2526 ἑαυτὸ
1519 2473 1868 2544 τοπαράπαν,
1897 2473 1931 2544 ἢ

336 2565 472 2620 ἄλλο
521 2563 782 2635 γινώσκει
808 2565 836 2619 ὃ
862 2565 914 2618 τί
957 2582 1088 2619 ποτε
1111 2564 1232 2619 κατ’
1255 2564 1444 2618 οὐσίαν
1489 2565 1655 2629 ἐστὶν,
1707 2564 1932 2628 εἰκότως

335 2659 464 2714 οὐδὲ
519 2658 630 2713 τῶν
670 2658 1054 2728 γενησομένων
1109 2656 1323 2721 οὐδενὸς
1359 2655 1515 2709 οὐδὲν
1568 2655 1679 2709 τῶν
1740 2655 1929 2722 ὄντων,

336 2748 456 2820 εχει
484 2749 629 2802 κατὰ
661 2747 824 2818 φύσιν
856 2746 955 2818 τὴν
983 2746 1316 2818 πρόγνωσιν,
1370 2745 1516 2817 πλὴν
1561 2745 1654 2799 τοῦ
1685 2746 1825 2816 ὑπὲρ
1861 2746 1932 2799 τὰ

335 2841 470 2896 ὅντα
491 2840 648 2908 Θεοῦ,
677 2843 772 2894 καὶ
800 2839 996 2892 ἑαυτὸν
1045 2837 1426 2908 γινώσκοντος.
1453 2839 1481 2891 ὃ
1508 2855 1561 2890 τι
1587 2839 1708 2892 κατ’
1743 2837 1932 2890 ούσίαν

335 2933 483 3000 ἐστὶ,
519 2933 614 2988 καὶ
649 2932 864 2988 πάντων
893 2930 1002 2985 τῶν
1057 2929 1149 2984 ὑπ’
1195 2929 1362 2984 αὑτοῦ
1396 2931 1802 3000 πεποιημένων,
1837 2931 1933 2983 καὶ

337 3027 474 3098 πρὶν
503 3023 760 3094 γενέσθαι
796 3022 1205 3095 προεγνωκότος
1233 3021 1332 3093 τὴν
1363 3019 1598 3093 ὕπαρξιν
1623 3038 1638 3053 ⁸
1675 3021 1767 3075 καὶ
1800 3021 1932 3091 μὲλ-

335 3113 524 3175 λοντος
555 3112 696 3166 κατὰ
718 3111 880 3182 χάριν
931 3110 1342 3188 φιλοτιμεῖσθαι
1379 3112 1492 3173 τοῖς
1521 3104 1638 3163 οὖσι
1670 3109 1771 3181 τὴν
1803 3111 1932 3163 έαυ-

335 3202 472 3268 τῶν,
505 3201 600 3254 καὶ
646 3200 846 3265 ἄλλων,
877 3201 906 3254 ὅ
949 3200 1002 3252 τί
1043 3216 1174 3272 ποτε
1217 3199 1338 3252 κατ’
1388 3198 1580 3252 οὐσίαν
1629 3199 1933 3268 ὑπάρχουσι

335 3295 568 3365 γνῶσιν,
607 3293 704 3347 καὶ⁵
747 3294 876 3357 τοὺς
915 3293 974 3345 ἐν
1015 3291 1167 3362 αύτῷ
1218 3291 1506 3362 μονοειδῶς
1535 3290 1802 3361 προόντας
1832 3289 1934 3360 τῆς

335 3386 522 3442 αὐτῶν
546 3384 817 3454 γενέσεως
847 3383 1166 3456 φανερῶσαι
1195 3383 1413 3452 λόγους.

2033 2207 2291 2254 naturam
2318 2196 2576 2253 essentia:
2619 2212 2808 2262 rerum
2851 2197 3108 2252 condi—tor
3156 2199 3249 2263 sit,
3301 2209 3620 2254 creatorum

2035 2305 2254 2361 quoque
2284 2288 2674 2354 deiﬁcationis,
2715 2305 2838 2358 quae
2867 2305 2967 2360 per
2993 2291 3228 2360 gratiam
3257 2298 3366 2356 est,
3419 2307 3619 2348 aucro-

2035 2398 2152 2437 rem
2181 2383 2492 2448 exsistere;
2526 2391 2587 2437 ut
2619 2381 2715 2452 qui
2743 2391 2803 2436 ut
2827 2391 3014 2437 essent
3059 2393 3454 2448 concesserat,
3501 2386 3622 2454 ejus

2033 2473 2182 2544 quod
2213 2483 2301 2528 est
2327 2490 2548 2543 semper
2589 2474 2732 2528 bene
2772 2489 2894 2528 esse
2926 2475 3391 2544 sempiternaequc
3440 2475 3620 2530 felici-

2035 2568 2164 2622 tatis
2196 2566 2428 2637 largitor
2445 2567 2705 2621 eniteret.
2735 2565 2871 2620 Cum
2901 2565 3067 2637 igitur
3096 2566 3245 2620 nulla
3275 2582 3361 2621 res
3391 2568 3616 2622 omnino

2035 2656 2156 2726 ipsa
2183 2673 2264 2720 se,
2317 2665 2481 2710 autve
2516 2657 2679 2710 aliam
2717 2664 3050 2728 cognoscat,
3098 2655 3364 2725 quidnam
3414 2657 3486 2712 sit
3521 2671 3618 2726 per

2034 2747 2369 2812 essentiam;
2412 2747 2610 2800 merito
2640 2745 2720 2811 fit,
2755 2754 2816 2800 ut
2850 2762 2954 2800 nec
2997 2747 3107 2800 ulla
3157 2748 3391 2818 alicujus
3422 2764 3619 2803 eorum

2033 2851 2155 2904 qum
2190 2835 2377 2889 futura
2409 2844 2559 2897 sunt,
2591 2849 2662 2888 ex
2706 2843 2904 2888 natura
2949 2835 3350 2903 praescientiam
3394 2835 3616 2902 habeat,

2033 2942 2146 2980 uno
2177 2925 2464 2987 duntaxat,
2491 2925 2587 2994 qui
2621 2933 2707 2979 est
2734 2939 2902 2994 super
2938 2925 3124 2978 omnia
3150 2966 3164 2990 ,
3216 2936 3450 2995 excepto
3482 2927 3614 2993 Deo,

2032 3016 2128 3086 qui
2185 3026 2244 3070 et
2294 3015 2412 3084 ipse
2458 3014 2702 3083 seipsum
2735 3024 3032 3084 cognoscat
3081 3016 3343 3084 quidnam
3400 3019 3472 3072 sit
3520 3035 3618 3089 per

2033 3104 2353 3168 essentiam,
2385 3107 2745 3174 omniumque
2771 3119 2962 3159 eorum
2987 3121 3109 3174 quae
3139 3105 3208 3159 ab
3246 3107 3364 3175 ipso
3395 3109 3620 3164 condita

2035 3202 2185 3261 sunt,
2216 3193 2536 3264 priusquam
2568 3194 2738 3248 etiam
2771 3193 3145 3249 conderentur
3187 3194 3347 3266 592
3401 3209 3620 3254 essem-

2035 3302 2143 3356 que
2181 3286 2352 3351 edita,
2406 3287 2774 3341 substantiam
2823 3295 3132 3355 prmnoseat
3167 3304 3180 3340 :
3217 3289 3313 3358 qui
3374 3289 3620 3361 denique

2036 3396 2137 3450 per
2165 3379 2396 3450 gratiam
2417 3379 2706 3434 liberalius
2737 3379 2900 3432 rebus
2932 3378 3234 3433 collaturus
3254 3379 3346 3445 sit,
3396 3391 3456 3436 ut
3485 3383 3619 3452 ipsas

336 3500 438 3550 se,
470 3483 828 3553 vicissimque
881 3480 1004 3534 aliae
1057 3479 1194 3534 alias
1241 3487 1618 3550 cognoscant,
1663 3475 1932 3548 quidnam
1975 3475 2211 3546 sintper
2245 3474 2564 3539 essentiam,
2606 3474 2776 3544 inque
2841 3472 3028 3542 seipso
3077 3472 3430 3530 uniformlter
3470 3492 3616 3547 prae-

333 3575 646 3632 existentes
673 3588 864 3629 earum
895 3571 1126 3642 originis
1165 3571 1346 3641 palam
1389 3571 1524 3641 ipsis
1553 3571 1804 3626 facturus
1839 3568 2106 3623 rationes.

411 3665 518 3735 λίγ’.
571 3667 630 3719 ’0
665 3665 766 3742 τὴν
813 3663 976 3734 φύσιν
1010 3662 1120 3716 τῶν
1165 3661 1470 3734 ἀνθρώπων
1516 3662 1928 3733 δημιουργήσας

2101 3658 2188 3712 55.
2226 3658 2330 3725 Qui
2378 3658 2680 3712 humanam
2717 3665 2977 3710 natu-ram
3005 3654 3254 3711 condidit
3299 3658 3445 3716 Deus
3477 3700 3492 3723 .
3543 3677 3614 3718 eo

335 3757 503 3826 λόγος
526 3754 640 3828 [qq.
688 3755 759 3809 ad
799 3751 1016 3808 Thalna.
1051 3767 1104 3821 q.
1153 3749 1243 3804 61.
1285 3749 1465 3821 Θεὸς],
1502 3751 1565 3802 οὐ
1611 3750 1928 3802 συνέκτισεν

335 3849 485 3918 αὐτῇ
510 3845 654 3898 κατὰ
678 3843 954 3915 αἴσθησιν,
988 3841 1114 3894 οὗτε
1141 3841 1357 3912 ἡδονὴν,
1392 3838 1516 3893 οὔτε
1549 3839 1768 3910 ὀδύνηνυ
1793 3837 1930 3892 ἀλλὰ

335 3936 578 4008 δύναμιν
616 3952 738 3988 τινα
770 3933 914 3987 κατὰ
943 3932 1068 3986 νοῦν
1109 3932 1248 4003 αὐτῇ
1284 3930 1421 4001 πρὸς
1449 3929 1666 4005 ἡδονὴν,
1703 3929 1832 3982 καθ’
1861 3931 1927 4001 ἢν

333 4029 596 4101 ἀρρήτως
642 4025 939 4083 ἀπολαύειν
966 4023 1132 4078 αὐτοῦ
1172 4022 1481 4094 δυνήσεται,
1516 4022 1926 4092 ἔνετεκτήνατο.

334 4119 563 4190 Ταύτην
601 4118 660 4173 δὲ
706 4118 805 4190 τὴν
851 4115 1110 4187 δύναμιν,
1160 4114 1306 4183 λέγω
1355 4113 1412 4167 δὲ
1443 4113 1542 4183 τὴν
1579 4113 1720 4167 κατὰ
1762 4113 1926 4182 φύσιν

331 4211 435 4266 τοῦ
472 4208 566 4264 νοῦ
595 4207 735 4280 πρὸς
774 4208 870 4261 τὸν
901 4206 1034 4261 Θεὸν
1071 4205 1278 4274 ἔφεσιν,
1313 4205 1430 4275 ἅμα
1457 4203 1535 4274 τῷ
1550 4204 1824 4274 γενέσθαι,
1854 4206 1924 4274 τῇ

339 4301 596 4371 αἰσθήσει
623 4299 746 4362 δοὺς
775 4298 804 4352 ό
840 4297 1058 4368 πρῶτος
1086 4295 1398 4366 ἄνθρωπος,
1421 4293 1559 4368 πρὸς
1588 4293 1658 4347 τὰ
1691 4293 1924 4361 αἰσθητὰ

333 4391 464 4444 κατ’
498 4388 669 4458 αὐτὴν
701 4385 802 4458 τὴν
848 4385 1074 4458 πρώτην
1116 4385 1332 4455 κίνησιν
1374 4382 1463 4436 διὰ
1507 4381 1680 4454 μέσης
1703 4383 1804 4454 τῆς
1836 4383 1924 4436 αι-

334 4481 591 4552 σθήσεως
633 4476 760 4548 ἔσχε
816 4478 970 4548 παρὰ
1018 4475 1179 4545 φύσιν
1217 4475 1626 4546 ἐνεργουμένην
1665 4472 1765 4546 τὴν
1797 4473 1922 4544 ἡδο-

332 4573 473 4642 νὴνο
508 4563 656 4643 ᾗτινι
720 4569 863 4623 κατὰ
909 4567 1167 4639 πρόνοιαν
1219 4567 1249 4619 ὁ
1300 4567 1401 4638 τῆς
1442 4565 1602 4638 ἡμῶν
1647 4567 1923 4638 σωτηρίας

335 4663 664 4734 κηδόμενος,
687 4661 1009 4731 παρέπηξεν
1039 4659 1230 4730 ὥσπερ
1254 4659 1378 4713 τινὰ
1407 4659 1650 4729 τιμωρὸν
1669 4657 1918 4730 δύναμιν,

332 4754 441 4825 τὴν
475 4751 707 4821 ὀδύνηνο
763 4751 886 4807 καθ’
929 4752 996 4823 ἢν
1041 4752 1070 4802 ὁ
1118 4749 1212 4802 τοῦ
1257 4748 1489 4803 θανάτου
1549 4748 1686 4819 μετὰ
1730 4749 1922 4817 σοφίας

332 4843 674 4917 ένερῤιζώθη
701 4845 768 4914 τῇ
791 4842 886 4896 τοῦ
908 4843 1164 4911 σώματος
1186 4839 1348 4910 φύσει
1377 4840 1563 4909 νόμος,
1593 4839 1921 4912 περιορίζων

331 4937 442 5008 τῆς
478 4935 573 4989 τοῦ
607 4934 701 4992 νοῦ
756 4934 957 5005 μανίας
1009 4932 1163 5005 παρὰ
1209 4933 1375 5002 φύσιν
1427 4930 1521 4984 ἐπὶ
1566 4929 1636 4984 τὰ
1679 4930 1918 5002 αξσθητὰ

334 5028 670 5100 κινουμένην
693 5027 791 5098 τὴν
815 5027 1024 5096 ἔφεσιν.

412 5121 508 5176 λό’.
561 5121 754 5192 Ἡδονὴ
806 5122 900 5174 καὶ
947 5119 1132 5190 ὀδύνη,
1183 5118 1250 5190 τῆ
1285 5117 1447 5188 φύσει
1475 5116 1575 5187 τῆς
1606 5116 1812 5188 σαρκὸς
1855 5117 1917 5176 ού

334 5213 776 5285 συνεκτισθησαν
796 5229 809 5242 ·
844 5213 960 5267 ἀλλ’
996 5213 1036 5284 ἡ,
1056 5211 1389 5282 παράϐασις,
1418 5211 1518 5279 τὴν
1549 5209 1669 5280 μὲν,
1695 5209 1920 5279 ἐπινόη-

335 5288 436 5361 σεν
462 5308 543 5370 εις
569 5306 778 5377 φθορὰν
817 5306 916 5376 τῆς
941 5303 1318 5377 προαιρέσεως
1338 5319 1350 5334 ·
1389 5303 1488 5374 τὴν
1515 5301 1595 5366 δὲ,
1629 5301 1920 5354 κατεδίκα-

333 5415 440 5453 σεν
467 5402 546 5465 εις
577 5399 732 5452 λύσιν
770 5403 868 5470 τῆς
899 5399 1115 5469 φύσεως
1137 5414 1149 5427 ·
1180 5397 1267 5453 ῐνα
1298 5398 1332 5468 ἡ
1383 5395 1481 5467 μὲν
1510 5394 1696 5466 ἡδονὴ,
1735 5393 1916 5464 ψυχῆς

331 5491 589 5548 ικούσιον
644 5493 945 5564 ἐργάσηται
1003 5491 1234 5545 θάνατον
1288 5489 1388 5560 τὴν
1427 5486 1734 5558 ἁμαρτίαν·
1780 5486 1816 5555 ἠ
1860 5485 1918 5538 δὲ

328 5585 501 5656 ὀδύνη
529 5586 618 5639 διὰ
643 5585 744 5654 τῆς
790 5584 1018 5651 λύσεως,
1051 5583 1150 5656 τὴν
1171 5583 1295 5638 κατ’
1326 5576 1468 5645 εἶδος
1490 5578 1789 5651 ποιήσηται
1820 5578 1922 5648 τῆς

413 5743 460 5779 ⁸³
487 5745 655 5803 lCor.
680 5761 794 5813 xm,
827 5746 877 5802 8.

2031 3751 2177 3820 quod
2207 3751 2475 3815 condidit,
2515 3765 2696 3818 neque
2737 3749 3086 3818 voluptatem
3132 3763 3315 3819 neque
3363 3751 3612 3810 dolorem

2013 3840 2180 3894 illius
2209 3841 2394 3894 sensui
2427 3839 2632 3894 indidit
2670 3857 2686 3893 :
2717 3838 2813 3893 sed
2849 3839 2960 3893 vim
3002 3839 3296 3908 quamdam
3325 3843 3513 3897 animo
3541 3846 3612 3900 ad

2027 3930 2368 4000 voluptatem
2398 3931 2701 3985 fabricatus
2723 3936 2831 3994 est,
2860 3929 3170 3984 secundum
3203 3947 3368 4002 quam
3411 3949 3609 3991 arcana

2027 4023 2306 4092 nullisque
2337 4021 2527 4077 verbis
2583 4021 2900 4090 explieabil-i
2949 4023 3206 4088 ratione,
3265 4025 3390 4096 ipso
3426 4037 3614 4098 posset

2027 4113 2158 4168 frui.
2197 4113 2348 4168 Hanc
2393 4113 2580 4184 itaque
2610 4115 2722 4168 vim
2755 4114 3028 4187 (naturale
3075 4116 3291 4172 scilicet
3323 4121 3525 4174 mentis
3554 4121 3613 4178 in

2026 4201 2199 4256 Deum
2229 4201 2594 4273 desiderium)
2623 4202 2836 4273 primus
2879 4203 3050 4259 homo
3077 4219 3203 4259 mox
3244 4221 3310 4261 ac
3353 4209 3614 4266 conditus

2013 4290 2225 4356 fuerat,
2277 4291 2470 4347 sensui
2509 4291 2812 4360 addicens,
2864 4309 3144 4365 propensa
3172 4296 3227 4351 in
3269 4313 3335 4353 ea
3377 4314 3501 4369 quae
3557 4303 3614 4358 in

2024 4400 2249 4440 sensum
2276 4384 2502 4452 cadunt,
2526 4386 2708 4455 primo
2734 4387 2854 4456 ipso
2878 4395 3053 4455 motu,
3089 4388 3427 4448 intermedio
3446 4410 3613 4454 sensu

2025 4477 2397 4532 innaturalem
2429 4479 2615 4547 reipsa
2665 4479 2966 4534 exercitam
2998 4487 3162 4550 atque
3202 4481 3478 4553 vigentem
3518 4502 3618 4539 vc.

2025 4568 2296 4637 luptatem
2329 4566 2559 4634 habuit;
2584 4569 2673 4622 cui
2692 4584 2794 4638 per
2814 4569 3245 4638 providentiam,
3283 4573 3378 4642 qui
3407 4583 3614 4632 nostra:

2024 4674 2219 4718 Curam
2246 4659 2443 4714 salu-tis
2465 4659 2613 4729 agit,
2671 4674 2772 4714 ceu
2827 4661 2937 4714 vim
2973 4661 3274 4730 quamdam
3329 4663 3612 4733 ultricem,

2023 4751 2275 4806 dolorem
2305 4750 2512 4817 allixit;
2549 4766 2660 4820 quo
2692 4750 2976 4820 sapienter
3011 4750 3208 4806 mortis
3243 4753 3351 4818 lex,
3400 4763 3615 4814 natum

2022 4843 2276 4913 corporis
2298 4842 2426 4896 altis
2441 4840 2619 4896 delixa
2644 4841 2930 4896 radicibus
2949 4849 3056 4907 est,
3081 4842 3413 4913 desipientis
3432 4849 3611 4906 animi

2024 4933 2310 4988 incitatam
2347 4933 2401 4986 in
2435 4947 2525 4986 res
2553 4932 2742 4987 sensui
2773 4931 3020 5003 objectas
3047 4932 3412 4990 innaturalem
3447 4939 3611 5008 cupio

1956 5009 1999 5065 ί)
2032 5024 2266 5079 ditatem
2305 5022 2599 5078 eliminans
2627 5030 2794 5092 atque
2832 5021 3156 5076 extrudens.

2101 5117 2190 5172 34.
2227 5115 2490 5186 Voluptas
2520 5130 2584 5169 ac
2609 5114 2788 5174 dolor.
2822 5129 2932 5169 non
2965 5129 3072 5170 una
3103 5130 3228 5168 cum
3259 5125 3458 5172 natura
3483 5133 3609 5174 car-

2027 5208 2115 5264 nis
2140 5206 2365 5262 condita
2407 5213 2572 5269 sunt;
2616 5204 2714 5259 sed
2767 5202 3130 5274 transgressio
3173 5204 3336 5258 aliam
3382 5206 3606 5275 quidem

2029 5297 2097 5353 ad
2126 5295 2424 5351 voluntatis
2453 5294 2621 5348 animi
2653 5293 2835 5348 labem
2886 5293 3204 5358 adinvenit;
3251 5294 3488 5348 alterum
3537 5311 3607 5350 ex

2025 5391 2378 5446 damnatione
2396 5389 2449 5442 in
2468 5387 2751 5442 interitum
2775 5395 2986 5442 natura:
3006 5385 3214 5442 invexit
3239 5405 3250 5440 :
3277 5403 3386 5456 quo
3405 5403 3605 5458 nempe

2025 5484 2280 5552 voluptas
2303 5480 2528 5551 quidem
2559 5494 2623 5533 ac
2658 5479 2832 5533 libido
2861 5485 3222 5548 spontaneam
3257 5478 3424 5532 animi
3457 5494 3603 5534 mor-

2027 5584 2138 5630 tem
2170 5576 2479 5645 (peccatum
2513 5571 2745 5641 scilicet)
2781 5571 3108 5636 aseisceret;
3133 5571 3292 5626 dolor
3321 5584 3456 5625 vero
3485 5569 3596 5626 dis-
