4020 6434
466 377 600 443 1319

1629 366 1690 427 S.
1730 362 2020 426 MAXIMI
2060 361 2571 425 CONFESSORIS

3572 363 3686 431 1320

457 484 726 544 solvendo
754 523 770 549 ,
835 472 1021 537 carnis
1045 480 1230 551 ipsam
1263 486 1521 535 naturam
1572 475 1845 531 aboleret.
1894 472 2042 528 Deus

2147 474 2352 546 σαρκὸς
2386 472 2731 543 ἀπογένεσιν.
2764 474 2924 529 Κατὰ
2949 475 3209 546 πρόνοιαν
3250 471 3358 545 γὰρ
3397 474 3523 544 πρὸς
3550 478 3687 533 κόλα-

457 579 608 634 enim
636 591 745 646 qua
778 590 866 629 res
883 574 1160 628 humanas
1182 569 1535 643 providentia
1556 568 1850 640 gubernat,
1877 564 2043 621 casti-

459 667 649 741 gandze
671 664 890 721 libidini
916 680 1039 735 quae
1077 673 1164 720 est
1210 660 1382 718 animi
1433 660 1740 723 voluntate,
1786 656 2043 712 involun-

458 760 659 814 tarium
690 766 905 812 natum
928 756 1205 820 dolorem,
1232 769 1318 819 ac,
1344 753 1505 824 cujus
1534 751 1628 806 ille
1672 748 1931 820 pararius
1954 755 2041 803 est

457 869 523 908 ac
545 862 761 917 auctor,
790 861 1023 907 mortem
1050 851 1324 920 adjunxit.

525 945 614 999 '55.
645 944 728 999 Ob
751 959 894 1005 eam,
927 959 1048 1013 quae
1078 942 1390 996 abhorrens
1440 955 1470 994 a
1524 938 1744 992 ratione
1783 935 2042 1005 voluptas

457 1046 668 1091 naturae
694 1035 1018 1098 inoleverat,
1053 1032 1146 1102 qui
1173 1047 1240 1086 ex
1266 1029 1482 1086 ratione
1512 1039 1600 1085 est
1623 1027 1827 1083 invasit
1854 1027 2036 1092 dolor;

455 1142 556 1197 per
577 1127 779 1181 multas
810 1126 1022 1181 scilicet
1058 1138 1357 1186 aerumnas,
1383 1122 1438 1176 in
1453 1121 1657 1191 quibus
1675 1130 1732 1174 et
1752 1135 1816 1175 ex
1839 1118 2042 1189 quibus

454 1218 650 1273 mortis
666 1219 842 1291 origo,
862 1215 1231 1271 innaturalem
1267 1221 1562 1284 amputans
1583 1212 1925 1281 voluptatem
1947 1225 1962 1275 ;
1985 1216 2043 1263 at

454 1308 838 1365 non‘omnino
886 1308 1055 1364 etiam
1118 1307 1347 1363 abolens
1397 1322 1464 1362 ac
1514 1304 1878 1369 interimens;
1933 1316 2044 1371 qua

453 1403 715 1458 nimirum
756 1417 879 1472 quae
905 1408 1094 1456 mente
1126 1407 1234 1467 est,
1268 1400 1472 1455 divinae
1508 1395 1812 1467 voluptatis
1839 1395 2037 1466 gratia,

454 1495 677 1550 elucere
705 1492 875 1548 habet
905 1506 970 1546 ac
998 1505 1057 1545 se
1086 1489 1348 1561 prodere.
1458 1492 1469 1502 '
1878 1488 1893 1497 “

524 1607 613 1663 56.
649 1606 854 1677 Sponte
879 1602 1165 1660 adinventi
1193 1599 1573 1671 assumptique
1589 1598 1842 1663 labores,
1874 1605 2041 1670 atque

452 1699 642 1754 invitis
700 1698 896 1752 indicti
955 1694 1297 1765 inﬂictique,
1358 1692 1621 1749 auferunt
1677 1691 1902 1762 quidem
1960 1691 2043 1747 illi

451 1792 815 1860 voluptatem,
852 1789 975 1859 ejus
1022 1788 1079 1842 in
1130 1796 1258 1842 actu
1309 1786 1573 1841 sistentes
1625 1793 1874 1850 motum;
1928 1798 2043 1838 non

2144 581 2230 618 σιν
2260 565 2361 637 τῆς
2391 567 2535 620 κατὰ
2565 566 2890 637 προαίρεσιν
2916 566 3135 637 ἡδονῆς,
3175 564 3409 618 δέδωκεν
3439 566 3467 616 6
3490 564 3683 641 Θεὸςτῇ

2143 657 2324 727 φύσει,
2353 657 2452 731 τὴν
2507 659 2661 729 παρὰ
2716 658 3043 729 προαίρεσιν
3094 657 3311 727 ὀδύνην,
3344 656 3436 710 καὶ
3476 657 3562 713 τὸν
3604 662 3682 717 ἐπ’

2140 747 2277 819 αὐτῇ
2304 749 2569 803 θάνατον.⁴

2212 925 2312 981 λε’.
2353 927 2453 981 Διὰ
2496 927 2596 998 τὴν
2639 928 2979 982 ἐπελθοῦσαν
3012 931 3081 999 τῇ
3135 927 3302 998 φύσει
3365 928 3511 1000 mpii
3549 930 3692 999 λόγον

2142 1020 2358 1092 ἡδονὴν,
2388 1022 2422 1091 ἡ
2455 1021 2597 1075 κατὰ
2627 1020 2785 1089 λόγον
2815 1020 3140 1092 ἐπεισῆλθεν
3186 1021 3369 1090 ὀδύνη,
3399 1020 3484 1076 διὰ
3507 1022 3696 1078 πολλῶν

2142 1113 2511 1184 παθημάτων,
2540 1116 2598 1167 ὲν
2627 1111 2711 1177 οἷς
2751 1114 2849 1169 καὶ
2893 1114 2953 1179 ἐξ
2980 1109 3056 1169 ὧν
3084 1116 3113 1168 6
3137 1114 3389 1181 θάνατος,
3421 1116 3695 1185 ποιουμένη

2141 1207 2240 1277 τῆς
2274 1207 2427 1277 παρὰ
2467 1207 2630 1275 φύσιν
2679 1207 2875 1279 ἡδονῆς
2930 1209 3030 1278 τὴν
3077 1208 3404 1278 ἀφαίρεσιν
3433 1208 3492 1260 οὺ
3527 1208 3624 1278 μὴν
3648 1208 3699 1261 δὲ

2141 1302 2239 1354 καὶ
2265 1298 2481 1354 τελείαν
2507 1300 2815 1371 ἀναίρεσιν,
2850 1303 2944 1355 καὶ
2964 1302 3032 1372 ἣν
3059 1302 3092 1371 ἡ
3137 1304 3279 1354 κατὰ
3301 1301 3426 1353 νοῦν
3452 1301 3546 1370 τῆς
3566 1299 3700 1363 θείας

2142 1393 2357 1465 ἡδονῆς,
2393 1393 2813 1448 ἀναδείκνυσθαι
2840 1394 3052 1463 πέφυκε
3081 1394 3264 1464 χάρις.

2215 1584 2326 1653 λς’.
2378 1588 2445 1641 Ἦ
2474 1587 2588 1642 τῶν
2624 1589 2893 1644 ἑκουσίων
2947 1589 3127 1643 πόνων
3176 1590 3412 1652 ἐπίνοια,
3435 1591 3527 1645 καὶ
3554 1593 3704 1663 ἡτῶν

2142 1680 2417 1735 ἀκουσίων
2474 1682 2767 1752 ἐπαγωγὴ,
2802 1682 3165 1753 ἀφαιροῦνται
3219 1683 3319 1752 μὲν
3363 1682 3462 1755 τὴν
3510 1682 3699 1757 ἡδονὴν,

2144 1772 2245 1843 τὴν
2297 1774 2421 1826 κατ’
2462 1768 2745 1844 ἐνέργειαν
2790 1774 2966 1844 αὐτῆς
3004 1773 3429 1829 καταπαύουσαι
3472 1776 3702 1847 κίνησινο

454 1893 634 1939 tamen
670 1897 795 1952 quae
840 1880 994 1934 velut
1038 1877 1270 1949 originis
1301 1877 1391 1931 lex
1423 1885 1637 1931 naturae
1681 1874 1859 1929 indita
1913 1885 2040 1939 est,

2144 1863 2246 1917 οὐκ
2272 1862 2558 1933 ἀναιροῦσι
2589 1863 2653 1916 δὲ
2685 1862 2784 1934 τὴν
2814 1862 3005 1931 ὥσπερ
3033 1865 3196 1934 νόμον
3242 1867 3311 1936 τῇ
3354 1863 3513 1934 φύσει
3546 1867 3708 1934 ἐγκει-

449 1974 752 2047 potentiam
789 1973 1088 2043 perimunt.
1122 1969 1254 2037 Quze
1285 1968 1434 2024 enim
1462 1966 1814 2039 philosophia
1857 1968 2039 2021 virtu-

451 2075 561 2123 tem
592 2066 747 2130 colit,
783 2064 916 2119 facit
945 2063 1041 2118 illa
1069 2060 1295 2132 quidem
1325 2058 1487 2130 593
1530 2057 1836 2113 voluntatis
1867 2056 2041 2111 animi

451 2157 1029 2230 imperturbationem,
1058 2163 1115 2209 at
1146 2168 1259 2208 non
1290 2168 1361 2207 ex
1392 2162 1592 2206 natura
1622 2149 1886 2205 aﬂ‘ectum
1916 2163 2039 2202 om-

451 2265 577 2306 nem
612 2250 765 2321 ejicit
796 2266 810 2303 :
840 2264 947 2319 qua
981 2247 1246 2302 nimirum
1284 2243 1591 2299 voluntatis
1621 2241 1793 2296 animi
1834 2241 2043 2311 imper-

451 2339 770 2395 turbatione
822 2337 1037 2392 accedit
1094 2333 1300 2389 divinae
1351 2332 1653 2404 voluptatis
1721 2332 1919 2404 gratia,
1980 2330 2040 2386 in

452 2440 639 2488 mente
668 2430 1004 2485 consistens.

522 2544 612 2598 57.
648 2541 841 2597 Omnis
867 2540 1046 2606 labor,
1076 2548 1138 2593 ut
1193 2554 1309 2594 suae
1346 2552 1572 2593 causam
1611 2536 1845 2607 originis
1871 2575 1888 2602 ,
1939 2549 2040 2591 vo-

449 2637 718 2707 luptatem
749 2648 846 2690 seu
878 2631 1163 2688 libidinem
1197 2630 1375 2702 reipsa
1417 2638 1758 2700 praeeuntem
1806 2628 2039 2693 habens,

450 2728 617 2800 plane
648 2725 899 2781 debitum
951 2733 1060 2788 est,
1099 2722 1247 2794 quod
1286 2723 1440 2777 velut
1474 2736 1542 2776 ex
1590 2730 1748 2776 reatu
1776 2760 1791 2785 ,
1846 2735 2043 2776 omnes

449 2817 787 2875 naturaliter
830 2816 1069 2882 solvant,
1121 2814 1216 2886 qui
1273 2821 1404 2870 sunt
1450 2820 1664 2868 naturae
1716 2811 2038 2883 participes.

448 2912 737 2983 Voluptati
786 2910 936 2966 enim
979 2916 1182 2979 praeter
1236 2914 1514 2970 naturam,
1565 2904 1797 2960 omnino
1840 2915 2043 2960 natura
2092 2977 2096 2981 γ

448 3020 640 3063 comes
676 3010 763 3058 est
796 3001 976 3064 labor,
1032 2999 1089 3053 in
1139 2995 1422 3061 omnibus,
1477 3009 1714 3064 quorum
1768 2994 2042 3066 originem

448 3092 752 3155 antecessit
778 3088 1078 3160 voluptatis
1110 3088 1221 3151 lex,
1250 3086 1369 3156 ipsa
1398 3098 1562 3138 causa
1594 3099 1819 3139 vacans.
1860 3084 2043 3140 Causa

450 3194 638 3241 autem
661 3187 950 3238 vacantem
982 3177 1324 3247 voluptatem
1373 3174 1520 3240 dico,
1576 3190 1700 3243 qua:
1748 3190 1817 3229 ex
1863 3184 2044 3230 trans—
2067 3217 2112 3276 ϐ

451 3275 739 3350 gressione
788 3278 875 3327 est
900 3311 915 3337 ,
946 3274 1080 3341 jquae
1128 3268 1396 3324 nimirum
1439 3264 1782 3351 superiorem
1826 3266 2039 3321 nullum

453 3368 703 3425 dolorem
732 3372 928 3420 secuta
963 3370 1069 3418 est.

518 3481 610 3538 58.
637 3478 803 3535 Nullo
831 3490 1065 3548 prorsus
1086 3471 1254 3528 modo
1282 3470 1401 3527 ﬁeri
1431 3478 1690 3543 poterat,
1722 3477 1786 3526 ut
1813 3477 2036 3532 natura.

448 3587 574 3645 quae
604 3579 720 3625 tum
751 3575 1070 3639 spontaneae
1104 3562 1400 3633 voluptati,
1435 3570 1555 3618 tum
1573 3562 1828 3618 violento
1857 3561 2037 3617 dolori

450 3665 658 3724 collum
695 3660 1035 3718 submiserat
1065 3699 1081 3725 ,
1130 3656 1200 3715 ad
1235 3655 1531 3727 pristinam
1580 3662 1938 3711 revocaretur
1973 3669 2040 3712 ac

452 3758 859 3815 instauraretur
888 3752 1082 3815 vitam,
1120 3748 1257 3820 quin
1290 3749 1409 3817 ipse
1438 3747 1624 3819 opifex
1648 3747 1817 3803 homo
1849 3746 2034 3814 fieret;

452 3845 551 3917 qui
579 3858 782 3914 nempe
811 3842 932 3913 ipse
957 3849 1177 3912 sponte,
1237 3839 1601 3896 adinventum
1650 3838 1900 3895 dolorem
1933 3855 2041 3911 pu-

451 3935 673 3994 nienda:
696 3949 864 3991 causa
894 3932 1199 4002 voluptatis
1248 3932 1535 3988 voluntate
1572 3939 1786 3989 naturae
1806 3931 1993 3989 ascitae
2017 3972 2035 3999 ,

450 4017 782 4094 assumeret,
814 4025 905 4082 cui
938 4024 1094 4096 origo
1118 4040 1185 4079 ex
1210 4024 1497 4095 voluptate
1513 4038 1578 4080 ac
1600 4023 1857 4091 libidine,
1882 4025 2038 4082 nulla

449 4118 790 4192 praeivisset;
820 4132 932 4187 quo
954 4116 1173 4172 scilicet
1196 4114 1268 4171 ab
1296 4124 1426 4171 ortu
1455 4114 1764 4171 nativitatis
1785 4130 1854 4170 ex
1881 4115 2038 4173 dam-

448 4209 679 4267 natione
706 4208 927 4265 invecto
953 4215 1206 4263 naturam
1224 4205 1510 4273 liberaret,
1525 4213 1712 4261 ortum
1728 4207 2037 4265 nativitatis

448 4299 753 4357 admittens
777 4338 794 4366 ,
831 4296 931 4370 qui
972 4312 1051 4353 ex
1089 4295 1244 4352 nulla
1297 4296 1585 4368 voluptate
1624 4296 1895 4368 originem
1937 4297 2038 4353 ha-

451 4394 629 4450 berct.

518 4481 610 4537 59.
641 4477 781 4546 Quia
813 4484 941 4548 post
975 4472 1504 4546 transgressionem.
1552 4475 1818 4532 mortales
1842 4489 2037 4533 omnes

2147 1953 2320 2024 μένην
2358 1952 2497 2025 πρὸς
2522 1953 2741 2021 γένεσιν
2772 1955 2911 2025 αὐτῇ
2937 1953 3190 2024 δύναμιν.
3231 1955 3298 2009 Ἦ
3319 1955 3434 2027 γὰρ
3453 1958 3567 2010 κατ’
3591 1959 3708 2030 ἀρε-

2140 2045 2242 2118 τὴν
2301 2046 2611 2116 φιλοσοφία,
2663 2047 2893 2118 γνώμης
2933 2046 3232 2116 ἀπάθειαν,
3278 2049 3397 2105 ἀλλ’
3423 2050 3484 2104 οὐ
3513 2050 3708 2120 φύσεως

2144 2138 2477 2211 ἐργάζεσθαι
2507 2138 2754 2220 πέφυκεο
2780 2140 2907 2195 καθ’
2935 2142 3003 2214 ἢν
3052 2141 3256 2214 δηλαδὴ
3298 2142 3404 2215 τὴν
3445 2146 3710 2216 γνωμικὴν

2143 2231 2441 2299 ἀπάθειαν,
2468 2234 2502 2303 ἡ
2534 2233 2676 2288 κατὰ
2716 2231 2845 2289 νοῦν
2891 2234 2994 2305 τῆς
3015 2233 3169 2299 θείας
3194 2233 3394 2306 ἡδονῆς
3426 2237 3709 2306 ἐπιγίνεται

2140 2324 2324 2398 χάρις.
2946 2360 2947 2365 η

2216 2525 2313 2593 λζ’.
2342 2528 2459 2592 Πᾶς
2488 2529 2671 2594 πόνος,
2691 2527 2767 2593 ῶς
2786 2528 2966 2609 αἰτίαν
2988 2528 3091 2600 τῆς
3117 2529 3252 2595 ἰδίας
3269 2531 3541 2599 γενέσεως
3565 2531 3709 2605 ἔχων,

2144 2623 2269 2676 κατ’
2320 2620 2605 2692 ἐνέργειαν
2663 2622 3090 2693 προηγουμένην
3137 2622 3238 2695 τὴν
3296 2623 3512 2695 ἡδονὴν,
3569 2627 3713 2697 χρέος

2143 2715 2263 2768 ἐστὶ
2288 2714 2511 2786 δηλαδὴ,
2540 2713 2787 2784 φυσικῶς
2830 2717 2953 2769 κατ’
2979 2715 3161 2770 αἰτίαν
3191 2714 3346 2787 παρὰ
3372 2716 3591 2771 πάντων
3616 2717 3714 2771 τῶν

2148 2805 2557 2877 μετειληφότων
2601 2808 2700 2877 τῆς
2749 2805 2968 2877 φύσεως
3015 2806 3428 2879 ὲκτιννύμενον.
3475 2806 3552 2880 Τῇ
3613 2809 3711 2880 γὰρ

2142 2897 2300 2970 παρὰ
2344 2898 2509 2969 φύσιν
2542 2898 2727 2969 ἡδονῇ,
2782 2898 3002 2963 πάντως
3039 2899 3355 2971 παρέπεται
3404 2901 3646 2971 φυσικῶς
3691 2903 3718 2957 6

2144 2991 2306 3054 πόνος
2350 2991 2408 3043 ὲν
2467 2993 2656 3058 πᾶσιν,
2712 2984 2787 3044 ὧν
2830 2991 2860 3044 ό
2915 2990 3015 3062 τῆς
3046 2990 3243 3063 ἡδονῆς
3279 2992 3444 3065 νόμος
3476 2994 3718 3059 ἀναιτίως

2146 3079 2618 3152 προκαθηγήσατο
2639 3081 2742 3153 τῆς
2769 3068 3044 3151 γενέσεως
3075 3080 3176 3153 (p).
3212 3081 3482 3137 Ἀναίτιον
3504 3084 3560 3138 δέ
3588 3102 3720 3157 φημι

2145 3171 2244 3244 τὴν
2289 3174 2354 3226 ὲκ
2405 3177 2505 3246 τῆς
2540 3175 2912 3247 παραϐάσεως
2954 3180 3172 3253 ἡδονὴν,
3197 3182 3275 3247 ὡς
3317 3182 3397 3255 μὴ
3429 3181 3720 3255 γενομένην

2144 3262 2388 3335 δηλονότι
2411 3266 2776 3339 προλαϐόντος
2806 3270 2970 3325 πόνου
2996 3271 3261 3346 διάδοχον.

2216 3459 2321 3533 λη’.
2375 3461 2683 3534 Ἀμήχανον
2717 3459 2790 3539 ἦν
2839 3467 3147 3536 παντελῶς,
3169 3469 3270 3542 τὴν
3308 3470 3476 3542 φύσιν
3504 3472 3720 3528 ὑποχλι-

2147 3553 2331 3608 θείσαν
2352 3555 2419 3626 τῇ
2452 3571 2514 3608 τε
2539 3555 2682 3610 κατὰ
2715 3558 3046 3633 προαίρεσιν
3088 3561 3280 3639 ἡδονῇ,
3313 3566 3414 3620 καὶ
3459 3569 3527 3638 τῇ
3581 3565 3724 3638 παρὰ

2144 3643 2468 3717 προαίρεσιν
2496 3645 2681 3720 ὀδύνῃ,
2714 3648 2883 3703 πάλιν
2931 3651 3013 3716 είς
3065 3653 3166 3726 τὴν
3208 3654 3457 3730 ὲξαρχῆς
3502 3659 3727 3731 ἀνακλη-

2145 3735 2307 3809 θῆναι
2332 3735 2500 3811 ζωῆν,
2527 3739 2576 3794 εί
2615 3739 2692 3814 μὴ
2715 3741 2942 3812 γέγονεν
2969 3744 3260 3818 ἄνθρωπος
3291 3751 3322 3803 6
3369 3751 3720 3824 δημιουργὸς,

2143 3831 2468 3904 προαιρέσει
2509 3831 2800 3905 δεχόμενος
2844 3833 2946 3908 τὴν
3000 3837 3139 3909 πρὸς
3189 3839 3423 3896 κόλασιν
3468 3842 3566 3914 τῆς
3594 3842 3725 3898 κατᾶ

2143 3920 2466 3993 προαίρεσιν
2515 3921 2620 3992 τῆς
2671 3922 2887 3994 φύσεως
2940 3926 3157 4000 ἡδονῆς,
3189 3932 3578 4005 ὲπινοηθείσαν
3610 3935 3725 3991 ὀδύ-

2142 4028 2261 4085 νην,
2292 4013 2395 4068 οὐκ
2427 4013 2658 4085 ἔχουσαν
2684 4018 3114 4093 προηγουμένην
3163 4023 3346 4095 αὐτῆς
3376 4028 3479 4099 τὴν
3504 4028 3564 4094 ὲξ
3613 4030 3725 4101 ἡδο.

2141 4107 2240 4178 νῆς
2272 4107 2522 4177 γένεσινο
2556 4110 2644 4165 ἵνα
2684 4114 2785 4183 τῆς
2814 4115 2880 4167 ὲκ
2907 4116 3210 4188 καταδίκης
3255 4120 3612 4197 ἐλευθερώσῃ
3638 4127 3727 4197 τὴν

2141 4197 2307 4275 φύσιν
2334 4200 2665 4272 γεννήσεως,
2699 4202 2761 4268 ἐξ
2789 4204 2982 4277 ἡδονῆς
3011 4207 3187 4281 ἀρχὴν
3224 4210 3334 4266 οὐκ
3366 4213 3604 4285 ἔχουσαν
3636 4234 3729 4271 κα·

2139 4290 2500 4364 ταδεχόμενος
2528 4293 2804 4367 γέννησιν.

2211 4471 2311 4529 λον.
2362 4471 2584 4545 Ἐπειδὴ
2629 4475 2770 4546 μετὰ
2795 4476 2896 4549 τὴν
2937 4478 3254 4540 παράϐασιν
3281 4483 3498 4550 πάντες
3530 4484 3708 4556 ἄνθρω

450 4573 787 4645 voluptatem
826 4566 1107 4625 habebant
1135 4566 1366 4638 proprio
1442 4565 1595 4621 ortui
1642 4577 1843 4623 natura
1885 4583 2034 4638 prae-

2143 4583 2230 4620 ποι
2267 4564 2368 4637 τὴν
2413 4566 2609 4640 ἡδονὴν
2650 4564 2801 4640 εἶχον
2847 4572 2946 4642 τῆς
2990 4571 3129 4638 ιδίας
3164 4575 3439 4644 φυσικῶς
3472 4577 3731 4651 ,προκαθ-

456 4673 708 4737 euntem,
764 4676 868 4718 nec
915 4660 1062 4715 ullus
1104 4673 1337 4730 prorsus
1380 4657 1452 4713 ab
1485 4656 1703 4728 origine
1724 4648 2040 4731 "voluptatis

452 4757 578 4829 labe
629 4755 940 4826 inquinata,
986 4759 1184 4834 natura
1218 4749 1482 4805 immunis
1531 4757 1694 4817 erat;
1744 4750 1839 4805 sed
1882 4752 2036 4806 velut

453 4847 705 4904 naturale
753 4843 1038 4901 reddendo
1083 4842 1360 4908 debitum,
1401 4839 1644 4905 labores,
1688 4852 2035 4912 mortemque

454 4940 566 4996 illis
586 4938 881 5003 asseclam,
900 4933 1284 5000 sustinebant;
1309 4932 1605 5002 nullusque
1631 4933 1857 4989 omnino
1885 4948 2036 4990 asse-

2144 4659 2459 4730 ηγουμένην
2499 4660 2789 4730 γενέσεως,
2821 4663 2918 4717 καὶ
2946 4664 3123 4730 οὐδεὶς
3150 4661 3221 4738 ἧν
3259 4670 3564 4725 τοσύνολον
3587 4674 3616 4726 6
3640 4671 3733 4737 τῆς

2144 4751 2270 4806 καθ’
2310 4750 2504 4823 ἡδονὴν
2539 4751 2826 4821 ὲμπαθοῦς
2856 4756 3124 4823 γενέσεως
3174 4760 3435 4828 φυσικῶς
3480 4761 3732 4833 ὑπάρχων

2143 4840 2431 4913 ἐλεύθερος
2452 4858 2467 4872 θ
2499 4842 2615 4896 ἀλλ’
2651 4843 2727 4908 ὡς
2769 4845 2931 4915 χρέος
2969 4846 3172 4910 πάντες
3198 4851 3441 4917 φυσικὸν
3465 4849 3734 4904 ἀποδιδόν-

2139 4952 2234 5000 τες
2256 4935 2384 4999 τοὺς
2409 4934 2630 4999 πόνους,
2665 4935 2761 4989 καὶ
2791 4937 2884 4992 τὸν
2926 4938 3013 4992 ἐπ’
3043 4939 3228 5006 αὐτοῖς
3263 4942 3552 5015 ὑπέμενον
3582 4941 3732 4996 θάνα-

523 5094 952 5177 (ρ)““ᾼνςιιτίως
987 5093 1375 5177 προηζῄσατο
1405 5091 1516 5177 τῆς
1546 5091 1860 5177 γενέσεως.
1892 5093 2042 5162 Quod

2152 5094 2561 5177 eui‘succedat,
2601 5097 2845 5177 “ejusque
2883 5116 3059 5177 pausa
3106 5103 3196 5166 sit,
3242 5105 3470 5177 nullum
3522 5103 3728 5177 habeat.

458 5163 629 5223 semel
657 5174 715 5220 et
747 5165 949 5219 iterum
973 5173 1133 5217 cavet
1161 5163 1458 5234 Maximus,
1487 5164 1596 5217 hoc
1624 5171 1681 5234 et
1727 5164 1796 5219 '59
1826 5180 1950 5234 cap.
1980 5180 2053 5221 ne
2152 5166 2309 5223 Unde
2336 5181 2439 5221 nec
2482 5163 2738 5223 Christus
2756 5163 2844 5224 'sic
2873 5170 3114 5226 ἀναίτιον
3140 5163 3503 5230 nativitatem
3529 5191 3596 5230 ex
3621 5174 3734 5228 libi-

454 5239 517 5291 τὸ
551 5238 814 5308 ἀναιτίως
855 5242 913 5288 et
959 5235 1222 5298 ἀναίτιον,
1277 5232 1450 5308 quasi
1491 5233 1775 5308 innoxium
1826 5232 2042 5308 et'sine

2150 5236 2281 5308 dine
2314 5237 2635 5306 assumpsit,
2666 5240 2814 5308 quod
2846 5256 2958 5296 non
2984 5243 3078 5297 illo
3122 5245 3291 5298 modo
3341 5246 3611 5307 ἀναίτιος,
3641 5241 3731 5297 sed

402 5343 411 5349 ~
454 5309 621 5376 culpa
642 5305 970 5376 accipiatur,
998 5319 1121 5372 quae
1154 5314 1241 5359 est
1280 5303 1543 5376 procivis
1589 5304 1709 5376 ejus
1748 5305 1903 5376 vocis
1951 5322 2048 5360 ac-

454 5374 660 5448 cep—tio,
709 5375 772 5448 id
829 5389 962 5427 vero
1018 5388 1290 5448 propense
1343 5374 1525 5448 Picus_
1559 5374 1934 5448 amplectitur,
1982 5391 2047 5430 ac

456 5442 675 5518 ubique
708 5442 1137 5518 interpretatur.
1178 5442 1278 5518 Est
1304 5451 1454 5518 certe
1510 5443 1629 5518 haec
1654 5442 1930 5515 ’voluptas
1974 5460 2043 5500 eo

458 5513 624 5575 sensu
663 5514 809 5569 haud
862 5514 1124 5585 ἀναίτιος,
1152 5513 1249 5585 sed
1279 5513 1453 5585 culpae
1500 5513 1823 5585 conjuncta,
1867 5524 1925 5568 et
1971 5529 2039 5569 ex

456 5588 642 5656 culpa,
674 5587 730 5639 ni
766 5584 942 5655 magis
965 5585 1081 5656 ipsa
1111 5584 1309 5656 culpa;
1350 5584 1466 5652 ipse
1511 5594 1722 5639 natura:
1761 5593 1946 5656 reatus
1971 5600 2040 5640 ex

460 5654 918 5726 transgressione,
944 5655 1022 5707 sic
1044 5654 1202 5726 quasi
1226 5655 1400 5726 bruta:
1426 5662 1570 5718 Viue,
1626 5670 1748 5723 quae
1805 5655 2037 5710 libidine

462 5724 721 5795 ducatur,
746 5742 849 5780 nec
878 5726 991 5795 jam
1023 5724 1256 5795 ratione,
1290 5724 1384 5779 sed
1425 5726 1598 5794 magis
1644 5740 1810 5779 sensu
1848 5725 2033 5779 vivat:

461 5792 701 5858 ἀναίτιος
749 5792 902 5860 νοω,
942 5792 996 5848 id
1052 5801 1138 5849 est
1195 5794 1315 5850 sine
1339 5792 1538 5861 causa,
1567 5795 1713 5863 quod
1767 5795 2033 5861 laborem,

2148 5306 2528 5389 illi‘comitem
2554 5306 3027 5389 laborem,_exque
3051 5312 3168 5378 illa,
3194 5315 3271 5377 ὡς
3307 5306 3613 5389 αίςτίας,
3671 5326 3733 5389 eo

2139 5379 2308 5457 iuste,
2342 5391 2467 5458 cum
2503 5379 2573 5458 in
2619 5379 2728 5458 illo_
2769 5379 3015 5458 iniustus;
3036 5393 3202 5458 esset,
3250 5386 3658 5458 nulloscilicet
3683 5382 3732 5436 in

2144 5448 2481 5527 i‘pso_reatu1
2502 5448 2651 5527 illam
2679 5448 2964 5527 aboleret._
2979 5451 3151 5527 Quam
3176 5454 3335 5527 belle
3355 5457 3624 5517 cohaeret,
3678 5459 3733 5506 ul

2153 5517 2751 5597 Maximoqstxmrdrn,
2779 5517 3169 5597 injustissinm,
3203 5525 3282 5579 sit
3323 5525 3449 5582 haec
3488 5527 3732 5597 voluptas

2147 5600 2246 5673 seu
2304 5585 2502 5673 libidp,
2534 5595 2606 5673 _et_
2644 5585 2844 5673 tamen
2864 5592 3031 5673 ipsa_
3049 5585 3292 5673 άναίτιος
3346 5597 3443 5661 sit,
3470 5598 3593 5673 _ip_sa
3622 5585 3731 5673 sine

2146 5655 2325 5727 culpa,
2346 5656 2494 5728 bello
2532 5656 2835 5728 interprete
2862 5655 3033 5716 Pico?
3057 5664 3169 5719 Nec
3183 5655 3338 5719 enim
3366 5655 3441 5721 ut'
3469 5655 3625 5722 labor
3651 5664 3730 5718 in-

2142 5725 2348 5808 iustus,
2366 5725 2470 5808 “sic
2494 5734 2551 5808 et
2579 5725 2865 5808 voluptas;
2906 5734 3053 5802 quod
3103 5735 3219 5792 haec
3247 5752 3283 5792 a
3325 5738 3616 5793 voluntate
3641 5750 3729 5789 ex-

2145 5796 2329 5868 Sistat,
2364 5796 2458 5852 ille
2481 5796 2550 5853 ab
2582 5796 2858 5857 exteriore
2886 5796 3108 5872 agente.
