4020 6400
311 366 435 435 1321

981 367 1319 429 CAPITUM
1360 365 1783 440 QUINQUIES
1814 360 2332 425 CENTENORUM
2371 362 2757 425 CENTURIA
2799 365 2895 425 IV.

3408 346 3574 429 ἰω

306 499 427 536 τονο
457 477 551 533 καὶ
592 473 662 551 ἦν
701 478 909 550 ἄπορος
957 480 1309 534 παντάπασιν
1356 481 1385 534 6
1423 481 1521 550 τῆς
1564 480 1881 550 ἐλευθερίας

1992 476 2176 530 rendae
2203 477 2287 531 eis
2320 477 2600 531 libertatis
2629 477 2829 531 modus
2869 475 3221 547 suppetebat,
3252 475 3348 546 qui
3384 476 3573 547 iniqua

305 574 523 645 τρόπος,
550 574 662 636 τοῖς
695 571 802 624 ὐπὸ
829 571 931 643 τῆς
954 572 1143 627 ἀδίκου
1171 572 1632 643 τυραννουμένοις
1662 573 1879 642 ἡδονῆς,

305 667 394 720 καὶ
433 663 541 718 ὐπὸ
568 662 679 717 τῶν
716 663 944 718 δικαίων
991 665 1191 733 πόνων,
1230 666 1325 719 καὶ
1352 663 1449 717 τοῦ
1480 663 1566 718 ἐπ’
1593 664 1776 727 αὐτοῖς
1808 662 1886 715 δι-

305 754 593 807 καιοτάτου
654 753 889 808 Θανάτου
940 755 1191 822 φυσικῶς
1239 753 1614 826 ἐνεχομένοις·
1664 753 1772 806 ἔδει
1828 752 1884 805 δὲ

307 848 438 919 πρὸς
465 845 749 915 ἀναίρεσιν
788 844 886 914 μὲν
906 846 1004 916 τῆς
1031 845 1372 918 ἁδικωτάτης
1402 845 1617 913 ἡδονῆς,
1654 846 1747 897 καὶ
1776 844 1885 897 τῶν

303 938 370 990 δι’
414 936 585 1007 αὐτὴν
622 937 981 991 δικαιοτάτων
1019 938 1220 1005 πόνων,
1255 938 1346 1007 ὐφ’
1388 931 1464 992 ὧν
1512 937 1764 999 ἐλεεινῶς
1807 938 1885 991 δι-

304 1032 505 1083 εσπᾶτο
531 1030 757 1100 πάσχων
781 1032 809 1083 6
834 1028 1140 1101 ἄνθρωπος,
1166 1033 1230 1084 ὲκ
1248 1031 1454 1102 φθορᾶς
1484 1031 1585 1099 τῆς
1614 1030 1738 1083 καθ’
1764 1028 1886 1099 ἡδο-

305 1125 399 1194 νὴν
430 1122 568 1193 ἔχων
613 1123 713 1192 τὴν
747 1120 922 1192 ἀρχὴν
961 1123 1060 1192 τῆς
1100 1122 1392 1191 γενέσεως,
1424 1124 1520 1176 καὶ
1563 1124 1644 1185 εἰς
1679 1121 1887 1191 φθορὰν

304 1215 398 1286 τὴν
427 1215 515 1267 διὰ
545 1212 641 1267 τοῦ
674 1213 913 1267 Θανάτου
938 1214 1000 1267 τὸ
1030 1214 1130 1284 τῆς
1157 1212 1303 1285 ζωῆς
1333 1215 1661 1284 καταλήγων
1697 1212 1851 1277 τέλος
1870 1230 1882 1241 ε

305 1306 440 1376 πρὸς
479 1307 536 1358 δὲ
567 1307 669 1376 τὴν
698 1304 1080 1377 ἐπανόρθωσιν
1103 1306 1203 1376 τῆς
1234 1305 1481 1370 ἀπαθοῦς
1500 1304 1761 1376 ”φύσεως
1786 1306 1883 1377 (q),

303 1396 652 1467 ἐπινοηθῆναι
676 1397 838 1449 πόνον
863 1396 957 1450 καὶ
974 1395 1225 1460 θάνατον,
1248 1397 1432 1451 ἄδικον
1458 1395 1594 1466 ὁμοῦ
1623 1396 1718 1448 καὶ⁸
1734 1397 1888 1449 ἀναί-

302 1506 414 1541 τιον
442 1503 455 1517 ⁸
489 1488 732 1543 ἀναίτιον
766 1490 885 1560 μὲν,
921 1488 997 1553 ὡς
1031 1489 1289 1559 οὐδαμῶς
1342 1488 1725 1561 προλαϐοῦσαν
1763 1488 1887 1559 ἡδο-

302 1578 393 1648 νὴν
421 1580 699 1649 ἐσχηκότα
730 1579 868 1650 πρὸς
894 1579 1110 1648 γένεσιν
1133 1599 1146 1613 ·
1177 1582 1363 1635 ἄδικον
1409 1582 1484 1645 δὲ,
1517 1580 1594 1644 ώς
1629 1581 1887 1651 οὐδεμιᾶς

301 1667 629 1736 τοπαράπαν
663 1667 809 1738 ζωῆς
835 1668 1119 1737 ὲμπαθοῦς
1145 1670 1276 1723 ὄντα
1302 1670 1571 1741 διάδοχον,
1598 1670 1687 1725 ἵνα
1721 1672 1888 1741 μέσος

300 1757 619 1826 διαληφθεὶς
666 1759 864 1830 ἡδονῆς
910 1760 1123 1825 ἀδίκου,
1157 1762 1251 1816 καὶ
1299 1764 1464 1817 πόνου
1509 1762 1607 1815 καὶ
1652 1762 1883 1817 θανάτου

1987 569 2294 637 voluptatis
2343 569 2520 638 pressi
2557 568 2846 641 tyrannide
2874 610 2887 631 ,
2942 568 3108 639 justis
3160 569 3446 624 laboribus
3486 572 3575 642 ju-

1990 660 2358 731 stissimazque
2385 677 2452 715 ex
2482 661 2592 715 illis
2636 661 2803 715 morti
2843 670 3041 714 natura
3092 659 3319 715 obnoxii
3370 674 3570 729 erant;

1985 765 2172 824 Operae
2196 754 2550 824 pretiumque
2578 764 2719 819 erat,
2740 762 2857 807 tum
2880 753 2946 807 ad
2974 754 3379 824 iniquissimam
3397 755 3574 810 inter-

1987 844 2267 899 imendum
2321 846 2697 916 voluptatem,
2753 846 3012 926 ejusque_
3049 863 3215 903 causa
3260 849 3575 919 justissimc

1986 936 2241 991 invectos
2283 937 2505 992 labores
2529 937 2837 993 abolendos
2867 978 2880 1003 ,
2927 939 3129 1007 quibus
3174 939 3338 994 homo
3371 941 3575 995 misere

1986 1028 2251 1083 laborans
2282 1028 2704 1084 distrahebatur
2752 1031 2860 1103 (cui
2912 1031 3128 1086 scilicet
3168 1046 3237 1085 ex
3274 1032 3577 1101 voluptatis

1988 1134 2052 1174 ac
2080 1119 2328 1174 libidinis
2348 1120 2471 1175 labe
2492 1120 2727 1191 originis
2759 1109 3187 1185 esset'initium,
3226 1120 3395 1191 inque
3423 1136 3576 1174 mor-

1988 1211 2060 1267 tis
2097 1211 2280 1265 tabem
2308 1211 2435 1267 vitm
2462 1211 2587 1265 ﬁnis
2615 1212 2935 1280 desineret),
2985 1222 3100 1267 tum
3147 1212 3216 1266 ad
3268 1213 3579 1268 laborantis

1992 1312 2203 1359 naturze
2234 1304 2727 1369 instaurationem,
2761 1304 3007 1359 laborem
3048 1306 3354 1373 mortisque
3398 1306 3578 1360 inter-

1987 1402 2125 1455 itum
2177 1401 2515 1471 excogitari,
2570 1401 2839 1472 injustum
2888 1401 3054 1456 simul
3101 1411 3159 1455 et
3200 1417 3423 1456 causam
3464 1417 3579 1457 non

1989 1492 2312 1547 habentem.
2344 1492 2552 1562 Nempe
2584 1507 2698 1547 non
2741 1493 3046 1547 habentem
3094 1507 3340 1556 causam,
3374 1501 3447 1549 ut
3482 1495 3580 1563 qui

1988 1592 2329 1653 praeeuntem
2361 1599 2475 1639 sua:
2524 1584 2725 1655 origini
2768 1586 3113 1655 voluptatem
3148 1585 3580 1656 haudquaquam

1992 1676 2313 1742 habuisset;
2356 1676 2627 1747 injustum
2668 1692 2840 1742 vero,
2892 1688 2955 1732 ut
3001 1678 3096 1747 qui
3151 1679 3290 1733 nulli
3347 1694 3580 1749 prorsus

1990 1767 2306 1823 libidinosae
2339 1768 2467 1824 vitae
2490 1785 2677 1825 comes
2707 1779 2897 1833 esset,
2948 1778 3011 1824 ut
3054 1770 3318 1824 nimirum
3362 1773 3580 1828 medius

299 1850 664 1916 δικαιοτάτου,
706 1852 870 1917 πόνος
921 1856 1016 1907 καὶ
1053 1855 1282 1919 θάνατος
1328 1854 1685 1923 ἀδικώτατος,
1717 1858 1881 1928 ἀνέλῃ

1992 1861 2331 1930 interceptus
2356 1862 2503 1917 inter
2529 1863 2791 1933 injustam
2827 1863 3188 1932 voluptatem,
3217 1864 3580 1936 laboremque

298 1944 474 1996 διόλου
498 1943 595 2014 τὴν
631 1944 691 2009 ἐξ
721 1944 918 2016 ἡδονῆς
965 1946 1312 2018 ἀδικωτάτην
1345 1946 1543 2019 ἀρχὴν,
1588 1949 1683 2001 καὶ
1713 1949 1776 2001 τὸ
1813 1949 1879 2001 δι’

298 2036 470 2107 αὐτὴν
514 2036 602 2091 διά
639 2037 875 2091 θανάτου
914 2038 1257 2093 δικαιότατον
1302 2038 1458 2103 τέλος
1499 2038 1600 2108 τῆς
1640 2038 1879 2107 φύσεως,

299 2130 392 2181 καὶ
422 2129 651 2198 γένηται
699 2129 863 2184 πάλιν
903 2130 1100 2202 ἡδονῆς
1139 2134 1234 2186 καὶ
1277 2131 1468 2203 ὀδύνης
1510 2132 1796 2203 ἐλεύθερον
1822 2134 1882 2185 τὸ

300 2223 461 2287 γένος
499 2223 607 2274 τῶν
649 2220 975 2294 ἀνθρώπων,
1008 2223 1105 2293 τὴν
1146 2223 1383 2294 ὲξαρχῆς
1425 2223 1723 2293 εὐκληρίαν
1743 2225 1882 2277 ἀπο-

298 2311 570 2383 λαϐούσης
602 2314 705 2384 τῆς
740 2313 976 2383 φύσεως,
1000 2314 1188 2387 μηδενὶ
1213 2316 1324 2368 τῶν
1350 2315 1747 2385 ὲμπεφυκότων
1770 2318 1882 2378 τοῖς

302 2403 400 2458 ὑπὸ
436 2406 653 2474 γένεσιν
702 2408 794 2460 καὶ
818 2408 1028 2479 φθοράν
1058 2409 1458 2480 γνωρισμάτων
1489 2407 1879 2478 μολυνομένην.

297 2499 397 2552 Διά
429 2498 592 2552 τοῦτο
623 2498 756 2563 Θεὸς
785 2499 1049 2570 ὑπάρχων
1093 2499 1301 2563 τέλειος
1345 2500 1487 2554 κατά
1519 2499 1683 2569 φύσιν
1729 2501 1756 2552 6
1783 2499 1874 2552 τοῦ

296 2589 433 2643 Θεοῦ
496 2592 690 2659 Λόγος,
753 2591 967 2660 γίνεται
1017 2591 1222 2657 τέλειος
1272 2592 1560 2664 ἄνθρωπος
1591 2593 1657 2645 ὲκ
1702 2592 1881 2664 ψυχῆς

296 2684 492 2753 νοερᾶς
523 2684 617 2736 καὶ
651 2683 906 2755 σώματος
934 2685 1181 2757 παθητοῦ
1215 2685 1357 2740 κατά
1389 2685 1552 2756 φύσιν
1590 2686 1882 2757 παραπλη-

296 2776 428 2839 σίως
479 2777 629 2846 ἡμῖν,
665 2779 840 2848 χωρὶς
882 2779 1053 2849 μόνης
1105 2779 1384 2849 ἁμαρτίας
1443 2776 1745 2841 συνεστώςο
1779 2779 1881 2850 τὴν

300 2865 395 2935 μὲν
449 2867 514 2918 ὲκ
557 2867 657 2936 τῆς
713 2869 1003 2939 παρακοῆς
1048 2870 1259 2940 ἡδονὴν,
1303 2870 1554 2940 οὐδαμῶς
1596 2868 1879 2923 τοσύνολον

296 2956 568 3028 ἐσχηκὼς.
612 2960 1032 3030 προηγουμένην
1065 2959 1230 3013 αὐτοῦ
1274 2961 1372 3031 τῆς
1416 2963 1481 3014 ὲκ
1520 2960 1781 3031 γυναικὸς
1821 2966 1880 3018 ὲν

297 3047 476 3119 χρόνῳ
492 3050 795 3121 γεννήσεως
815 3067 830 3080 ·
857 3050 955 3122 τὴν
984 3050 1041 3104 δὲ
1078 3050 1144 3103 δι’
1172 3050 1342 3121 αὐτὴν
1370 3050 1581 3121 ὀδύνην,
1606 3052 1880 3124 ὑπάρχου-

198 3146 203 3151 ’
300 3155 394 3192 σαν
439 3138 593 3205 τέλος
626 3141 725 3210 τῆς
768 3144 1005 3212 φύσεως,
1032 3141 1119 3194 διὰ
1159 3140 1572 3214 φιλανθρωπίαν
1606 3144 1751 3197 κατά
1789 3144 1878 3197 θέ-

296 3229 454 3301 λησιν
488 3234 934 3304 προσηκάμενος,
962 3235 1051 3287 ἵνα
1074 3232 1302 3305 πάσχων
1326 3234 1552 3300 ἀδίκως,
1590 3236 1757 3310 ἀνέλῃ
1786 3237 1884 3309 τὴν

296 3319 352 3385 ἐξ
380 3320 579 3391 ἡδονῆς
612 3322 800 3376 ἀδίκου
844 3324 1220 3393 τυραννοῦσαν
1245 3325 1344 3395 τὴν
1380 3325 1544 3396 φύσιν
1581 3327 1758 3399 ἀρχὴν
1791 3330 1888 3399 τῆς

295 3413 567 3479 γενέσεως
588 3429 603 3444 ο
633 3414 732 3467 οὐκ
760 3415 994 3486 ἔχουσαν
1023 3400 1098 3479 ὡς
1131 3417 1292 3488 χρέος
1319 3418 1460 3489 ὑπὲρ
1495 3419 1670 3490 αὐτῆς
1712 3421 1888 3474 ἐκτιν-

294 3505 528 3575 νόμενον
558 3506 698 3559 κατά
731 3508 856 3571 τοὺς
887 3507 1086 3572 ἄλλους
1120 3508 1446 3581 ἀνθρώπους
1478 3513 1573 3567 καὶ
1633 3513 1729 3566 τοῦ
1774 3515 1887 3566 Κυο

296 3595 413 3665 ρίου
448 3596 541 3648 τὸν
568 3596 815 3664 θάνατον,
843 3599 982 3653 ἀλλὰ
1021 3600 1221 3670 μᾶλλον
1251 3601 1371 3654 κατ’
1395 3602 1568 3675 αὐτῆς
1584 3604 1886 3675 προϐεϐλη-

296 3685 459 3755 μένον
479 3701 493 3716 ·
523 3688 620 3740 καὶ
653 3688 716 3741 τὸ
744 3689 833 3743 διὰ
864 3688 955 3742 τοῦ
991 3688 1224 3743 θανάτου
1268 3691 1480 3746 δίκαιον
1510 3693 1662 3759 τέλος
1687 3696 1890 3765 ἐξαφα-

293 3777 416 3851 νίσῃ
444 3778 545 3849 τῆς
574 3780 813 3847 φύσεως,
845 3782 945 3835 οὐκ
974 3782 1113 3853 ἔχων
1141 3783 1240 3853 τὴν
1270 3783 1336 3836 δι’
1358 3784 1424 3855 ἣν
1447 3784 1760 3858 ἐπεισῆλθε,
1794 3788 1889 3841 καὶ

294 3867 383 3919 ὐπ’
419 3870 589 3923 αὐτοῦ
633 3871 859 3935 δικαίως
913 3874 1359 3946 τιμωρουμένην,
1424 3876 1499 3940 ώς
1556 3877 1738 3931 αἰτίαν
1782 3878 1878 3932 τοῦ

292 3955 434 4013 εἶναι
470 3963 790 4033 παράνομον
824 3964 1036 4036 ἡδονήν.

1984 1961 2042 2006 et
2097 1962 2332 2008 mortem
2387 1954 2799 2025 justissimam,
2850 1952 3015 2025 594
3068 1955 3225 2009 labor
3269 1958 3579 2015 mortisuue

1985 2041 2248 2096 interitus
2282 2041 2700 2113 injustissimus,
2737 2042 3163 2113 injustissimam
3190 2059 3258 2099 ex
3291 2046 3579 2115 voluptate

1984 2133 2257 2201 originem
2286 2150 2520 2203 prorsus
2546 2135 2817 2195 aboleret.
2843 2151 2927 2200 ac,
2950 2135 3043 2205 qui
3069 2136 3191 2207 ejus
3213 2151 3379 2192 causa
3431 2136 3583 2193 mor-

1987 2223 2055 2277 tis
2073 2224 2397 2279 interitione
2416 2226 2744 2291 inoleverat,
2757 2226 3126 2296 justissimum
3145 2237 3357 2284 natura:
3381 2230 3577 2295 ﬁnem;

1986 2316 2404 2388 humanumque
2437 2332 2614 2390 genus
2653 2333 2852 2372 rursus
2892 2333 2925 2373 a
2962 2319 3252 2389 voluptate
3275 2321 3582 2393 doloreque

1983 2408 2289 2473 eximeret,
2322 2420 2521 2465 natura
2553 2411 2847 2481 pristinam
2892 2414 3200 2483 recipiente
3246 2414 3579 2478 claritatem,

1981 2501 2151 2555 nullis
2188 2517 2379 2556 earum
2409 2519 2596 2557 rerum
2634 2505 2784 2560 notis
2817 2505 3082 2561 ftedatam
3108 2549 3122 2573 ,
3165 2521 3287 2577 quae
3321 2508 3469 2561 ortui
3517 2523 3583 2561 ac

1984 2593 2235 2648 interitui
2272 2595 2528 2651 obnoxia:
2558 2606 2710 2651 sunt.
2753 2597 2972 2652 Idcirco
2998 2614 3124 2652 cum
3162 2598 3310 2653 Deus
3337 2614 3438 2668 per
3481 2615 3582 2652 na-

1985 2698 2165 2740 turam
2186 2688 2472 2757 perfectus
2494 2697 2661 2755 esset,
2686 2689 2785 2744 Dei
2811 2690 3053 2744 Verbum
3094 2690 3377 2760 perfectus
3410 2691 3580 2744 homo

1984 2776 2063 2841 ﬁt,
2100 2793 2168 2831 ex
2200 2778 2387 2833 anima
2425 2780 2792 2849 intelligente,
2828 2797 2891 2834 ac
2944 2781 3164 2835 mortali
3196 2797 3295 2850 per
3318 2790 3577 2836 naturam

1984 2885 2242 2940 corpore,
2272 2871 2441 2926 simili
2464 2873 2627 2928 nobis
2650 2874 2889 2938 ratione,
2919 2889 3031 2928 uno
3057 2874 3327 2930 duntaxat
3349 2884 3582 2944 peccato

1982 2973 2239 3035 excepto,
2278 2965 2597 3020 consistens
2635 2968 2762 3035 :qui
2812 2982 2935 3021 eam
2964 2966 3192 3035 quidem
3226 2968 3579 3037 voluptatem

1984 3074 2083 3113 seu
2132 3056 2466 3122 libidinem,
2521 3074 2641 3128 quas
2697 3058 2931 3112 inolevit
2964 3073 3033 3112 ex
3086 3059 3528 3129 transgressione
3560 3099 3575 3123 ,
3670 3071 3677 3077 '

1988 3148 2283 3219 temporali
2314 3149 2491 3219 ipsius
2522 3165 2589 3204 ex
2641 3149 2877 3204 muliere
2914 3148 3196 3203 nativitati
3236 3158 3579 3219 praeeuntem

1990 3244 2145 3297 nullo
2197 3257 2430 3313 prorsus
2480 3228 2648 3296 modo
2681 3241 2935 3305 haberet,
2975 3241 3199 3297 tametsi
3230 3242 3384 3297 illius
3418 3258 3585 3299 causa

1992 3338 2279 3392 invectum
2320 3335 2571 3391 dolorem
2607 3375 2620 3398 ,
2655 3334 2751 3404 qui
2783 3345 2998 3389 natura:
3030 3334 3156 3388 ﬁnis
3186 3335 3441 3401 exsistat,
3471 3351 3585 3405 prae

1990 3444 2204 3484 summa
2238 3428 2587 3483 humanitate
2616 3442 2683 3481 ac
2726 3427 3097 3498 benignitate,
3139 3428 3425 3482 voluntate
3465 3428 3585 3497 ipse

1993 3535 2093 3575 sua
2140 3518 2508 3583 admisisset,
2561 3526 2623 3572 ut
2676 3517 2881 3588 injuste
2940 3518 3159 3587 patiens
3199 3518 3580 3589 moriensque,

1996 3610 2227 3679 primam
2268 3623 2335 3663 ex
2370 3608 2561 3679 iniqua
2591 3608 2877 3680 voluptate
2908 3609 3205 3680 originem,
3238 3620 3493 3666 naturam
3526 3612 3583 3666 vi

1991 3700 2425 3771 opprimentem,
2460 3700 2812 3772 proﬂigaret;
2841 3717 2964 3772 quae
2986 3702 3221 3768 scilicet,
3258 3704 3488 3773 perinde
3519 3720 3584 3759 ac

1994 3795 2343 3864 reliquorum
2374 3793 2663 3848 hominum
2691 3835 2705 3859 ,
2759 3794 2840 3849 sic
2867 3804 2924 3849 et
2956 3794 3174 3849 Domini
3206 3804 3443 3850 mortem
3480 3811 3583 3866 pro

1998 3901 2062 3940 ea
2095 3883 2392 3939 obnoxiam
2433 3900 2500 3939 ac
2532 3884 2690 3940 velut
2720 3901 2791 3940 ex
2823 3885 3013 3941 debito
3046 3886 3364 3941 solvendam
3393 3927 3408 3952 ,
3470 3903 3584 3942 non

1990 3979 2258 4044 haberet;
2289 3976 2389 4033 sed
2415 3993 2537 4047 quae
2562 3978 2747 4048 potius
2776 3979 2855 4034 illi
2878 3978 3115 4033 adversa
3138 3988 3309 4045 esset,
3335 3980 3581 4051 justum-

290 4067 398 4121 que
442 4056 639 4110 mortis
683 4054 1003 4113 interitione
1052 4067 1265 4114 naturae
1300 4059 1465 4115 linem
1520 4062 1803 4132 aboleret;
1835 4068 1924 4123 cui
1960 4071 2226 4125 nimirum
2276 4070 2467 4141 iniqua
2502 4071 2762 4142 voluptas
2784 4086 2847 4125 ac
2877 4071 3073 4136 libido,
3101 4071 3261 4141 cujus
3284 4072 3376 4126 ille
3399 4073 3583 4143 gratia

292 4152 547 4218 inolevit,
576 4169 639 4208 ac
677 4169 843 4223 quam
905 4156 1053 4225 juste
1093 4154 1430 4221 ulciscatur,
1503 4168 1564 4212 ut
1604 4175 1717 4215 suae
1751 4171 1948 4219 auctor
1982 4166 2217 4238 originis
2258 4165 2492 4221 minime
2526 4173 2870 4236 suppeteret.

366 4254 442 4317 μ’.
491 4246 637 4300 Ἔδει
668 4247 743 4311 ώς
778 4248 1017 4319 άληθῶς,
1064 4248 1195 4317 ἔδει,
1231 4252 1392 4320 σοφὸν
1430 4254 1524 4307 καὶ
1554 4254 1761 4310 δίκαιον
1793 4260 1885 4311 καὶ

301 4339 534 4393 δυνατὸν
563 4340 692 4394 ὄντα
723 4342 866 4395 κατά
893 4345 1060 4411 φύσιν
1088 4345 1180 4398 τὸν
1207 4345 1434 4417 Κύριον,
1459 4347 1536 4411 ώς
1569 4349 1668 4419 μὲν
1697 4352 1882 4420 σοφὸν,

2066 4262 2157 4317 40.
2185 4262 2431 4318 Decebat
2475 4262 2638 4333 plane
2691 4278 2756 4317 ac
2809 4279 2911 4332 par
2942 4270 3084 4327 erat,
3121 4263 3445 4329 Dominum,
3486 4265 3582 4334 qui

1992 4378 2094 4434 per
2120 4373 2376 4419 naturam
2410 4364 2655 4434 sapiens,
2692 4366 2989 4435 justusque
3015 4380 3079 4419 ac
3104 4373 3304 4435 potens
3330 4367 3580 4434 exsistat,

296 4431 371 4527 μὴ
408 4431 679 4501 ἀγνοῆσαι
716 4434 809 4487 τὸν
858 4435 1060 4506 τρόπον
1102 4436 1203 4507 τῆς
1241 4440 1511 4510 ἰατρείας·
1556 4444 1632 4508 ὡς
1683 4445 1886 4500 δίκαιον

1996 4464 2058 4511 ιιι
2094 4457 2323 4527 quidem
2354 4458 2687 4527 sapientem,
2723 4474 2838 4513 non
2874 4460 3097 4518 nescire
3126 4462 3433 4516 curationis
3460 4478 3583 4517 mo-

292 4521 371 4581 δὲ,
425 4525 501 4592 μὴ
562 4525 893 4597 τυραννικὴν
941 4528 1273 4599 ποιήσασθαι
1309 4531 1403 4584 τοῦ
1445 4534 1885 4607 κατειλημμένου

295 4614 441 4665 κατά
476 4613 703 4686 γνώμην
740 4616 847 4668 ὐπὸ
876 4616 977 4688 τῆς
1020 4619 1296 4691 ἁμαρτίας
1326 4622 1616 4695 ἀνθρώπου
1646 4627 1746 4697 τὴν
1780 4645 1884 4682 σω-

296 4705 496 4774 τηρίαν
519 4722 533 4736 ο
566 4707 640 4770 ὡς
670 4706 726 4760 δὲ
759 4709 938 4762 πάντα
987 4710 1304 4782 δυνάμενον,
1334 4715 1409 4786 μὴ
1444 4718 1703 4790 ἁτονῆσαι
1749 4723 1884 4793 πρὸς

296 4798 397 4867 τὴν
430 4798 526 4866 τῆς
568 4802 811 4872 ίατρείας
842 4804 1215 4876 ἐκπλήρωσιν.

375 4897 487 4959 μα’.
529 4893 602 4944 Τὸ
640 4895 738 4961 μὲν
771 4895 934 4963 σοφὸν
965 4896 1059 4949 τοῦ
1104 4896 1261 4962 Θεοῦ,
1296 4900 1355 4953 έν
1389 4899 1466 4971 τῷ
1504 4904 1755 4971 γενέσθαι
1789 4907 1888 4975 φύ-

301 4999 385 5035 σει
432 4988 553 5037 κατ’
590 4985 856 5057 ἀλήθειαν
897 4987 1213 5060 ἄνθρωπον,
1253 4992 1563 5049 δείκνυται·
1616 4997 1676 5050 τὸ
1719 4998 1775 5051 δὲ
1809 5000 1890 5052 δί-

300 5093 480 5141 καιον,
506 5079 564 5129 ἐν
616 5078 694 5148 τῷ
730 5081 790 5131 τὸ
831 5080 1072 5151 παθητὸν
1117 5082 1258 5137 κατὰ
1301 5084 1400 5156 τὴν
1431 5086 1647 5154 γένεσιν
1682 5091 1887 5160 ὁμοίως

298 5169 433 5237 ἡμῖν
468 5170 820 5243 ἀνειληφέναι
855 5173 952 5242 τῆς
981 5172 1197 5241 φύσεως
1222 5191 1234 5203 °
1268 5176 1327 5228 τὸ
1360 5176 1415 5229 δὲ
1450 5177 1693 5245 δυνατὸν,
1727 5183 1782 5234 έν
1809 5181 1887 5251 τῷ

1997 4549 2174 4604 dum:
2214 4558 2276 4606 ut
2303 4560 2489 4606 autem
2540 4552 2777 4622 justum,
2828 4568 2939 4607 non
2994 4553 3045 4606 vi
3088 4553 3292 4623 palam,
3338 4555 3582 4610 hominis

1995 4654 2096 4693 sua
2118 4639 2405 4695 voluntate
2438 4650 2666 4710 peccato
2696 4640 2830 4696 facti
2856 4641 3111 4707 obnoxii,
3168 4643 3402 4698 salutem
3436 4660 3582 4714 prte-

1994 4739 2143 4784 stare
2176 4749 2187 4784 :
2219 4739 2387 4801 atque
2416 4741 2478 4786 ut
2501 4732 2964 4802 omnipotentem,
2988 4734 3314 4801 complenda
3345 4735 3581 4791 sanitate

1995 4836 2106 4876 non
2147 4821 2405 4878 deﬁcere.

2065 4913 2155 4966 41.
2194 4913 2291 4968 Dei
2329 4914 2556 4983 quidem
2602 4915 2874 4985 sapientia
2925 4918 2979 4971 in
3034 4933 3103 4973 eo
3145 4919 3376 4985 elucet,
3431 4922 3579 4990 quod

1994 5020 2125 5059 vere
2152 5014 2350 5060 natura
2378 5006 2559 5062 factus
2593 5009 2666 5062 sit
2691 5009 2859 5063 homo
2907 5029 2918 5064 ε
2955 5012 3171 5081 justitia
3199 5029 3333 5068 vero
3359 5055 3374 5079 ,
3430 5016 3577 5086 quod

1994 5097 2161 5151 simili
2197 5098 2359 5152 nobis
2390 5099 2605 5154 ratione
2630 5111 2839 5156 naturae
2868 5103 2977 5156 vim
3006 5105 3290 5173 patibilem
3315 5115 3439 5162 ortu
3479 5123 3580 5163 suo

1995 5191 2360 5259 assumpserit
2395 5209 2407 5244 :
2447 5194 2696 5260 potentia
2730 5192 2994 5263 denique,
3043 5196 3188 5265 quod
3223 5201 3578 5269 passionihus

374 5312 393 5330 ⁴
421 5309 522 5380 Qq.
556 5312 621 5365 ad
655 5311 872 5366 Thalas.
901 5328 958 5382 q.
985 5313 1075 5378 61,
1106 5313 1419 5385 παθούσης·
1449 5320 1597 5386 quod
1628 5328 1683 5373 et
1712 5322 2026 5393 legendum.

378 5422 456 5493 (q)
503 5425 617 5492 Τῆς
656 5424 924 5490 ἀπαθοῦς
953 5428 1215 5493 φύσεως.
1264 5426 1355 5483 Sic
1384 5429 1531 5484 dicta
1568 5430 1624 5485 in
1661 5430 1884 5489 Christo

302 5502 536 5576 natura,
577 5496 765 5584 sjicqu‘e
811 5505 1209 5584 repraesentant
1258 5499 1435 5584 codd.
1462 5573 1474 5584 ο
1500 5510 1665 5584 atque
1686 5504 1879 5584 edita,

301 5563 398 5618 cui
422 5565 651 5640 proinde
668 5563 829 5640 labor
850 5573 1015 5640 atque
1049 5583 1218 5640 mors,
1246 5568 1434 5640 άδικος
1452 5563 1592 5640 ὁμοῦ
1613 5572 1710 5626 καὶ
1725 5563 1882 5628 ἅναξ-ξ

300 5650 435 5712 moi
458 5635 617 5691 foret.
660 5635 771 5712 sed
797 5634 931 5712 mihi
962 5636 1109 5712 istu_d
1134 5634 1585 5712 duriuszAlonge
1613 5658 1746 5697 vero
1780 5661 1879 5699 ex-

302 5702 549 5783 peditus
582 5706 729 5783 quod
760 5706 1023 5783 habetur,
1050 5707 1246 5783 Qawst.
1278 5710 1348 5763 ad
1368 5702 1683 5783 ΤΙιαίῘπρὺς
1712 5715 1881 5768 ἐπάν..

301 5773 543 5843 ὄρθωσιν
591 5773 691 5849 τῆς
732 5776 1009 5846 παθούσης
1049 5780 1262 5845 φύσεως
1300 5797 1313 5811 ·
1356 5782 1503 5848 quod
1547 5773 1604 5837 et
1637 5773 1870 5841 reddidi.

631 5871 899 5931 PATROL.
948 5872 991 5930 G
1006 5890 1042 5929 ει
1097 5871 1218 5931 XC.

1994 5438 2086 5522 §ic
2106 5453 2258 5522 certe
2284 5443 2713 5522 t_ota_]aborabat
2732 5453 2951 5508 natura.
2998 5456 3221 5520 totaque
3252 5456 3578 5522 reparanda,

1989 5511 2195 5591 Christi
2240 5514 2527 5591 laboribus
2576 5524 2631 5591 e_t
2672 5523 2847 5591 morte
2876 5533 3006 5591 ‘non
3056 5511 3268 5591 natura;
3305 5511 3577 5591 31m!)ng

1988 5584 2137 5651 quod
2167 5600 2271 5663 nec
2294 5586 2427 5663 ipsa.
2446 5583 2527 5638 sic
2561 5585 2815 5663 absolute
2858 5585 3079 5642 dicatur
3109 5588 3333 5663 Christi,
3355 5583 3576 5663 natura,

1987 5655 2200 5727 quieto
2231 5653 2470 5727 παθητὸν
2486 5655 2683 5727 _carnis
2727 5656 2975 5721 haberet,
3011 5662 3370 5727 quantumvis
3433 5653 3576 5723 esset

1986 5725 2225 5797 ἀπαθὴς,
2263 5724 2409 5794 quod
2437 5725 2504 5778 ad
2530 5726 2723 5781 vitium
2750 5728 2948 5783 attinet
2968 5724 3293 5798 tte—culpam.

3184 5888 3259 5944 ῑιίὶ
