4020 6456
465 352 617 422 4323

1651 350 1711 408 S.
1751 346 2042 406 ΜΑΧΙΜΙ
2084 344 2595 408 CONFESSORIS

3594 356 3707 426 1324

467 486 538 526 ac
571 479 771 526 morte.
807 466 1205 537 sempiternam
1251 471 1465 519 natura:
1512 463 1685 516 vitam
1734 459 2064 532 impalibili-

2171 459 2256 511 διὰ
2295 459 2642 527 παθημάτων
2674 458 2768 511 καὶ
2800 457 3060 522 θανάτου,
3092 457 3237 528 ζωὴν
3291 461 3453 516 ἀΐδιον
3481 469 3541 539 τῇ
3575 475 3712 541 φύσει

476 574 755 632 tatemque
794 559 1195 615 immutabilem
1231 556 1570 614 condiderit.

543 673 634 728 42.
675 669 975 741 Sapientiae
1020 668 1249 740 quidem
1281 667 1551 722 Dominus
1601 664 1750 719 clare
1783 662 2066 732 specimen

471 764 754 826 exhibuit,
790 762 844 817 in
899 763 1208 818 curationis
1254 760 1440 822 modo,
1479 759 1622 812 citra
1665 771 1888 810 omnem
1941 769 2065 807 mu-

474 858 739 914 tationem
772 871 837 911 ac
873 856 956 910 vel
988 855 1276 910 minimam
1304 853 1389 908 sui
1416 852 1620 914 labem,
1646 850 1828 904 factus
1859 848 2062 903 homo:

464 952 700 1022 justitiae
731 965 867 1005 vero
891 949 1263 1019 aequalitatem
1289 945 1565 1016 prodidit,
1597 945 1652 999 in
1686 941 2066 998 inclinationis

471 1043 642 1114 inque
664 1058 781 1097 rem
801 1048 1049 1096 nostram
1075 1038 1433 1094 demissionis
1465 1032 1846 1106 magnitudine
1872 1049 1889 1098 ;
1912 1047 2068 1085 nem-

472 1151 540 1206 pe
563 1150 687 1205 quae
721 1135 778 1189 in
808 1142 1022 1188 naturae
1057 1131 1218 1202 595
1260 1137 1418 1202 parte
1470 1127 1686 1199 patibili
1729 1135 1815 1181 est
1865 1132 2065 1195 sponte

472 1215 702 1285 subiens
733 1225 1172 1288 damnationem,
1204 1237 1438 1293 eamque
1467 1221 1534 1276 ad
1573 1217 1908 1275 abolendum
1933 1231 2061 1287 pec-

470 1328 679 1384 catum,
713 1333 779 1374 ac
814 1333 938 1389 qua:
961 1333 1028 1372 ex
1052 1317 1148 1371 illo
1177 1323 1284 1379 est,
1333 1323 1594 1379 mortem,
1643 1313 1701 1367 in
1741 1325 1895 1366 arma
1941 1325 2067 1364 ver-

471 1421 595 1469 tens
615 1409 967 1482 (abolendam
979 1450 994 1474 ,
1016 1409 1261 1480 inquam,
1277 1408 1622 1477 voluptatem
1635 1419 1734 1460 seu
1748 1402 2062 1465 libidinem,

473 1520 560 1569 ac,
603 1504 699 1574 qui
743 1510 972 1573 propter
998 1516 1121 1556 eam
1175 1500 1444 1564 inolevit,
1499 1496 1770 1568 dolorem)
1805 1513 1820 1549 :
1858 1495 1913 1550 in
1955 1510 2065 1566 qua

470 1597 735 1652 nimirum
767 1594 948 1668 (parte
979 1595 1245 1650 nimirum
1294 1591 1537 1663 patibili)
1588 1589 1800 1662 peccati
1838 1587 1954 1654 vis,
2000 1601 2066 1642 ac

470 1688 670 1743 mortis
705 1685 1051 1752 exsistebat;
1079 1700 1165 1749 ac,
1211 1699 1334 1754 quae
1359 1683 1646 1753 voluptate
1680 1695 1778 1736 seu
1806 1677 2062 1742 libidine,

470 1779 684 1850 peccati
741 1777 993 1849 tyrannis
1043 1776 1398 1842 concrescit;
1443 1791 1666 1831 necnon
1705 1775 1866 1845 cujus
1907 1781 2062 1828 reatu

469 1888 570 1942 per
593 1871 844 1925 dolorem
881 1879 1048 1942 atque
1082 1885 1382 1934 aerumnas,
1423 1868 1623 1923 mortis
1650 1877 1897 1938 potestas
1927 1882 2062 1921 con-
2095 1849 2139 1904 Β

471 1962 720 2017 valescit.
749 1962 916 2017 Plane
944 1961 1090 2017 enim
1124 1960 1427 2032 voluptatis
1453 1959 1777 2028 dolorisque
1811 1957 2063 2012 domina-

470 2053 546 2125 tio
575 2067 640 2106 ac
667 2051 863 2116 robur,
893 2055 949 2106 in
975 2060 1189 2106 natura:
1214 2059 1371 2121 parte
1414 2048 1632 2120 patibili
1677 2047 1916 2103 exsistit.
1950 2047 2063 2102 Na-

468 2145 666 2199 turalis
698 2143 906 2214 quippe
943 2142 1155 2198 doloris
1186 2157 1405 2213 poenam
1441 2139 1833 2195 vehementius
1882 2139 2066 2192 inten-

468 2251 587 2291 sam
624 2235 912 2306 voluptate
947 2235 1118 2290 solari
1167 2231 1582 2304 quodammodo
1630 2231 1884 2285 nitimur.
1919 2231 2061 2284 Dum

468 2342 710 2398 namque
741 2328 1036 2383 molestum
1063 2325 1279 2381 doloris
1321 2339 1549 2379 sensum
1600 2322 1855 2394 mitigare
1898 2322 2062 2377 volu-

473 2430 619 2483 mus,
651 2415 723 2472 ad
753 2417 1098 2486 voluptatem
1123 2412 1476 2484 confugimus
1504 2451 1519 2476 ,
1547 2409 1601 2466 id
1646 2411 1925 2465 enitentes
1949 2449 1963 2474 ,
2007 2416 2069 2464 ut

471 2517 728 2564 naturam
774 2508 990 2564 doloris
1039 2506 1255 2578 ﬂagello
1286 2519 1646 2575 oppressam,
1683 2503 1834 2558 illius
1867 2501 2068 2557 solatio

472 2605 740 2657 levemus.
783 2601 893 2657 Sed
929 2601 1062 2656 dum
1114 2599 1328 2655 doloris
1373 2598 1600 2653 aculeos
1645 2596 1950 2666 voluptatis
1988 2596 2069 2650 le-

471 2694 694 2751 nocinio
717 2693 942 2749 mollire
988 2693 1292 2764 satagimus
1319 2706 1386 2746 ac
1423 2687 1724 2746 retundere
1747 2728 1762 2753 ,
1804 2688 1934 2760 ejus
1962 2687 2065 2743 ad-

2173 550 2583 624 δημιουργῆσαι
2624 555 2718 607 καὶ
2745 553 3015 609 ἀπάθειαν
3038 554 3328 626 ἄτρεπτον.

2243 666 2355 736 μβ¹.
2399 667 2506 720 Τὸν
2546 667 2647 737 μὲν
2674 668 2774 738 τῆς
2803 671 2997 738 σοφίας
3034 669 3213 738 λόγον,
3245 672 3303 723 ὲν
3335 670 3410 741 τῷ
3437 678 3608 749 τρόπῳ
3631 676 3719 749 τῆς

2175 759 2444 829 ἰατρείας,
2475 761 2712 833 φανερὸν
2753 761 2782 813 ὁ
2821 761 3024 832 Κύριος
3064 761 3315 832 ἐποίησεν
3346 767 3508 832 χωρὶς
3537 774 3717 842 τροπῆς

2171 851 2266 902 καὶ
2297 855 2399 922 τῆς
2429 852 2650 906 οἱασοῦν
2702 851 3064 917 ἀλλοιώσεως,
3107 854 3686 928 γενόμενοςᾶνθρωπος
3707 880 3718 891 ·

2168 944 2269 1013 τὴν
2308 944 2533 1014 ἰσότητα
2566 945 2623 998 δὲ
2669 945 2768 1015 τῆς
2799 945 3170 1015 δικαιοσύνης,
3205 947 3263 998 ἐν
3289 945 3366 1016 τῷ
3405 950 3610 1017 μεγέθει
3638 957 3720 1026 τῆς

2172 1036 2639 1104 συγκαταϐἀσεως
2668 1034 2860 1101 ἔδειξε,
2893 1037 2954 1090 τὸ
2983 1038 3042 1092 ὲν
3071 1037 3150 1108 τῷ
3181 1037 3410 1108 παθητῷ
3439 1042 3725 1115 κατάκριμα

2173 1127 2274 1198 τῆς
2303 1127 2542 1198 φύσεως,
2571 1127 2714 1182 κατὰ
2747 1129 2970 1200 θέλησιν
3012 1129 3234 1193 ὑποδὺς,
3273 1131 3492 1185 κάκεῖνο
3519 1137 3723 1206 ποιήσας

2168 1219 2335 1274 ὅπλον
2382 1220 2525 1292 πρὸς
2559 1220 2664 1292 τὴν
2691 1224 2792 1292 τῆς
2821 1222 3101 1292 ἁμαρτίας
3131 1222 3413 1292 ἀναίρεσιν
3447 1224 3536 1277 καὶ
3567 1226 3651 1279 τοῦ
3669 1227 3724 1281 δι’

2167 1313 2340 1386 αὐτὴν
2365 1313 2629 1379 θανάτου,
2661 1315 2912 1368 τουτέστι
2945 1317 3046 1384 τῆς
3078 1314 3276 1385 ἡδονῆς
3311 1316 3406 1369 καὶ
3433 1317 3528 1386 τῆς
3562 1318 3622 1372 δι’
3645 1321 3725 1374 αὐ-

2169 1407 2267 1478 τὴν
2301 1407 2520 1478 ὀδύνης,
2554 1409 2614 1462 ὲν
2643 1400 2690 1474 ᾧ
2713 1408 2816 1478 τῆς
2858 1408 3139 1481 ἁμαρτίας
3167 1408 3382 1479 ὑπῆρχε
3417 1409 3508 1462 καὶ
3535 1409 3623 1463 τοῦ
3649 1412 3728 1466 θα.

2167 1497 2332 1551 νάτου
2358 1496 2422 1551 τδ
2455 1499 2678 1569 κράτος,
2711 1499 2807 1552 καὶ
2837 1500 2871 1570 ἡ
2906 1499 3050 1552 κατὰ
3076 1499 3177 1570 τὴν
3205 1499 3404 1570 ἡδονὴν
3446 1501 3540 1572 τῆς
3568 1503 3726 1574 ἁμαρ·

2165 1592 2293 1656 τίας
2323 1592 2608 1663 τυραννὶς,
2645 1591 2742 1646 καὶ
2777 1593 2812 1662 ἡ
2843 1592 2910 1645 δι’
2940 1592 3114 1664 αὐτὴν
3147 1592 3290 1646 κατὰ
3319 1593 3420 1664 τὴν
3445 1593 3626 1666 ὀδύνην
3647 1597 3725 1649 τοῦ

2169 1683 2403 1739 Θανάτου
2440 1685 2753 1740 δυναστεία.
2801 1685 2892 1739 Ἐν
2923 1685 3037 1756 γὰρ
3080 1685 3160 1755 τῷ
3203 1686 3435 1756 παθητῷ
3479 1689 3727 1759 προδήλως

2169 1776 2408 1847 ὑπάρχει
2445 1777 2546 1848 τῆς
2578 1777 2820 1846 φύσεως,
2858 1779 2921 1832 τὸ
2959 1779 3060 1851 τῆς
3090 1779 3284 1850 ἡδονῆς
3318 1780 3518 1851 κράτος
3556 1783 3640 1836 καὶ
3679 1785 3730 1836 τὸ

2165 1868 2267 1938 τῆς
2294 1867 2512 1939 ὀδύνης.
2552 1868 2664 1921 Καὶ
2693 1871 2806 1939 γάρ
2842 1887 2960 1934 πως
2995 1870 3095 1940 τῆς
3124 1869 3320 1940 ὀδύνης
3358 1871 3518 1924 πλέον
3536 1873 3593 1925 τὸ
3609 1877 3729 1927 κατὰ

2171 1957 2335 2026 φύσιν
2369 1960 2776 2031 ἐπιτεινόμενον
2821 1962 3142 2034 πρόστιμον,
3177 1962 3265 2016 διὰ
3299 1963 3402 2034 τῆς
3444 1965 3627 2036 ἡδονῆς
3649 1967 3730 2019 αὺ-

2169 2049 2269 2122 τὴν
2298 2051 2748 2122 παραμυθεῖσθαι
2787 2053 3195 2126 σπουδάζομεν·
3229 2055 3481 2120 θέλοντες
3514 2058 3612 2129 γὰρ
3651 2060 3731 2113 ὲκσ

2171 2143 2370 2211 φυγεῖν
2391 2143 2491 2215 τὴν
2520 2144 2663 2199 κατὰ
2685 2145 2784 2216 τὴν
2808 2146 3005 2218 ὀδύνην
3027 2147 3286 2201 ἐπίπονον
3312 2149 3582 2220 αἴσθησιν,
3613 2149 3729 2220 πρὶς

2169 2234 2270 2304 τὴν
2319 2235 2514 2308 ἡδονὴν
2554 2239 3002 2310 καταφεύγομεν,
3031 2239 3112 2311 τῷ
3141 2241 3243 2311 τῆς
3279 2241 3476 2312 ὀδύνης
3515 2243 3728 2314 αίκισμῷ

2171 2329 2505 2400 πιεζομένην
2546 2329 2646 2401 τὴν
2710 2330 2894 2399 φύσιν,
2951 2333 3366 2405 ἐπιχειροῦντες
3421 2333 3729 2406 παραμυθεῖ-

2173 2421 2320 2476 σθαι.
2361 2423 2698 2488 Σπεύδοντες
2735 2425 2794 2479 δὲ
2839 2425 2929 2480 διὰ
2971 2427 3074 2494 τῆς
3114 2427 3314 2498 ἡδονῆς
3349 2428 3418 2482 τὰ
3439 2429 3537 2498 τῆς
3566 2429 3730 2498 ὀδύνης

2166 2513 2444 2584 ἀμϐλῦναι
2493 2517 2795 2587 κινήματα,
2851 2517 3014 2571 πλέον
3067 2517 3240 2588 αὐτῆς
3287 2519 3355 2573 τὸ
3407 2520 3526 2573 καθ’
3552 2521 3730 2573 ἑαυτῶν

2166 2605 2540 2677 ὲπικυροῢμεν
2576 2608 2968 2680 χειρόγραφον,
3011 2609 3205 2680 ὀδύνης
3254 2611 3355 2665 καὶ
3405 2612 3578 2665 πόνων
3611 2612 3732 2683 ἔχειν

2167 2693 2267 2766 τὴν
2294 2695 2492 2766 ἡδονὴν
2516 2697 2931 2772 ἀπολελυμένην
2959 2701 3022 2754 ού
3052 2702 3375 2774 δυνάμενοι.

469 2797 692 2838 versum
726 2798 829 2838 nos
860 2782 1294 2854 chirographum
1319 2780 1494 2853 magis
1547 2779 1970 2846 conﬁrmamus,
2034 2781 2132 2851 qui
2172 2787 2456 2858 voluptate
2487 2828 2504 2854 ,
2563 2789 2756 2847 dolore
2812 2806 2880 2848 ac
2932 2793 3219 2850 laboribus
3273 2796 3460 2852 soluta
3502 2795 3605 2852 frui
3645 2810 3729 2851 ue-

468 2890 760 2945 queamus.

540 3011 631 3067 ιδ.
659 3008 1000 3065 Excellentis
1033 3017 1221 3064 autem
1255 3009 1526 3079 potentia:
1567 3008 1680 3062 vim
1721 3007 1936 3079 liquido
1963 3023 2058 3063 os-

2239 3011 2351 3082 μγ’.
2382 3013 2492 3085 Τὴν
2523 3014 2581 3068 δὲ
2633 3018 2731 3088 τῆς
2775 2998 3227 3092 ὑπερϐαλλούσης
3279 3023 3566 3094 δυνάμεως
3605 3027 3738 3097 ίσχὺν

474 3101 674 3166 tendit,
710 3100 860 3171 quod
885 3115 986 3170 per
1007 3115 1074 3155 ea
1103 3100 1408 3165 contraria,
1459 3115 1580 3170 quae
1609 3098 1729 3170 ipse
1757 3115 2059 3170 perpessus

2171 3104 2324 3176 δῆλον
2360 3107 2688 3178 κατέστησε,
2739 3108 2847 3163 τῶν
2880 3107 2962 3175 οἷς
3004 3111 3167 3177 αὐτὸς
3206 3113 3452 3188 ἔπασχεν
3485 3117 3737 3181 ἐναντίων,

470 3201 580 3257 est,
608 3190 1012 3247 immutabilem
1055 3198 1271 3248 natura:
1305 3191 1620 3261 genituram
1661 3200 1960 3261 ortumque
2005 3205 2067 3246 ac

2175 3197 2490 3269 ὑποστήσας
2515 3201 2583 3271 τῇ
2613 3199 2774 3270 φύσει
2803 3201 2903 3273 τὴν
2925 3202 3144 3272 γένεσιν
3172 3206 3453 3278 ἄτρεπτον
3487 3225 3501 3241 ·
3539 3209 3620 3263 διὰ
3650 3212 3740 3264 πάο

473 3284 849 3341 substantiam
883 3281 1156 3339 condidit.
1193 3283 1300 3338 Per
1332 3283 1648 3352 passionem
1671 3283 1846 3349 enim,
1874 3283 2073 3338 immu-

471 3393 573 3434 nes
600 3392 722 3432 esse
747 3391 781 3431 a
809 3376 1100 3447 passione;
1126 3391 1227 3447 per
1259 3376 1502 3442 labores,
1537 3376 1932 3432 remissionem
1961 3393 1976 3443 ;
2007 3391 2072 3432 ac

472 3483 574 3540 per
605 3475 868 3531 mortem,
895 3465 1294 3537 sempiternam
1332 3474 1549 3522 natura:
1589 3467 1843 3522 tribuens
1871 3465 2069 3532 vitam,

471 3559 710 3631 pristina
743 3557 1014 3613 felicitate
1059 3556 1341 3625 restituit;
1396 3559 1603 3629 quibus
1645 3558 1764 3629 ipse
1812 3558 2069 3629 penuriis

473 3654 785 3719 laboravit,
810 3662 1034 3709 naturae
1056 3653 1281 3708 habitus
1320 3651 1679 3717 instaurans;
1721 3665 1788 3705 ac
1815 3665 1925 3720 qua
1952 3665 2074 3705 car-

474 3763 602 3804 nem
633 3745 836 3812 induit,
880 3753 1095 3800 natura:
1130 3744 1240 3799 vim
1271 3759 1492 3799 omnem
1538 3751 1900 3814 superantem
1946 3756 2072 3812 gra-

477 3841 606 3895 tiam
647 3839 726 3911 (id
748 3849 856 3904 est,
880 3835 1320 3907 deiﬁcationem)
1351 3843 1564 3891 natura:
1586 3835 1820 3890 donans.

543 3956 633 4010 44.
673 3955 821 4010 Deus
842 3969 975 4008 vere
1001 3952 1180 4008 factus
1207 3958 1294 4008 est
1316 3951 1505 4016 homo,
1525 3950 1803 4021 aliamque
1832 3948 2065 4005 secundi

475 4057 640 4103 ortus
662 4055 875 4102 natura:
913 4045 1068 4101 dedit
1102 4045 1373 4116 originem
1398 4059 1413 4110 ;
1436 4058 1560 4114 quae
1585 4042 1797 4098 scilicet
1821 4056 1852 4097 a
1879 4041 2070 4097 labore

475 4147 677 4210 ccepta,
721 4137 778 4193 in
819 4136 1020 4193 futura:
1051 4137 1181 4192 vitae
1216 4135 1450 4191 delicias
1495 4133 1736 4190 desinat.
1789 4132 2070 4200 Quemad-

477 4231 702 4285 modum
724 4229 876 4285 cnim
909 4227 1125 4299 primus
1153 4240 1360 4297 parens
1393 4223 1662 4288 Adamus,
1695 4222 1842 4293 quod
1890 4221 2068 4277 divini

474 4322 720 4378 mandati
753 4319 1218 4392 transgressione,
1254 4319 1417 4374 aliam
1446 4333 1513 4374 ex
1553 4317 1843 4387 voluptate
1893 4330 1959 4370 ac
1993 4314 2066 4368 li-

474 4414 665 4470 bidine
700 4413 997 4484 originem,
1041 4411 1338 4482 interjccto
1367 4409 1560 4466 labore
1603 4416 1774 4480 atque
1819 4421 2066 4463 aerumna

476 4507 534 4563 in
570 4514 807 4562 mortem
863 4503 1210 4560 desinentem
1239 4541 1254 4568 ,
1304 4509 1510 4572 praeter
1550 4516 1674 4556 eam
1715 4514 1839 4570 quae
1881 4498 2064 4569 primo
2099 4533 2142 4587 ο

472 4597 703 4654 condita
755 4596 958 4657 fuerat,
997 4594 1257 4664 sequiore
1289 4592 1522 4648 consilio
1571 4592 1899 4656 invexerat;
1941 4604 2061 4645 ser—

473 4689 770 4760 pentisque
813 4701 981 4742 suasu
1042 4686 1383 4757 voluptatem
1413 4725 1428 4749 ,
1482 4699 1606 4753 qua:
1657 4683 1923 4738 anteriori
1981 4683 2061 4737 la-

476 4781 599 4836 beri
656 4795 765 4834 non
801 4778 1131 4834 succederet
1161 4816 1177 4843 ,
1227 4776 1324 4832 sed
1353 4791 1478 4847 quae
1510 4775 1627 4845 ipsa
1654 4775 1842 4845 potius
1890 4774 1947 4828 in
1983 4775 2064 4829 la-

477 4873 668 4928 borem
702 4883 1119 4935 :erumnamque
1147 4868 1395 4932 cederet,
1426 4867 1812 4931 adinvenerat,
1866 4880 2063 4920 omnes

475 4976 543 5016 ex
567 4961 689 5032 ipso
713 4977 879 5016 carne
916 4959 994 5015 illi
1024 4958 1192 5015 simili
1219 4965 1571 5030 propagatos,
1605 4957 1678 5012 ob
1715 4957 1965 5026 iniquam
1993 4973 2060 5012 ex

477 5052 760 5122 voluptate
781 5051 1078 5124 originem,
1111 5052 1167 5106 in
1195 5050 1392 5106 mortis
1424 5051 1588 5105 tinem
1629 5065 1692 5105 ac
1719 5049 2063 5105 interitionis

479 5155 666 5198 secum
691 5145 899 5214 pariter
926 5145 1076 5215 juste
1102 5142 1357 5198 trahebat
1382 5160 1394 5194 :
1431 5141 1511 5197 sic
1534 5157 1758 5212 quoque
1797 5142 2068 5199 Dominus

480 5235 659 5289 factus
707 5236 915 5300 homo,
963 5236 1242 5306 aliamque
1294 5235 1526 5292 secundi
1587 5243 1748 5290 ortus
1792 5233 2066 5304 originem

482 5323 648 5396 596
665 5339 730 5379 ex
756 5324 967 5395 Spiritu
998 5336 1192 5382 sancto
1217 5335 1434 5382 natura:
1463 5325 1789 5391 fabricatus,
1820 5323 2069 5396 justissi-

481 5430 740 5486 mamque
801 5414 995 5471 Adami
1047 5433 1148 5488 per
1206 5418 1496 5482 laborem,
1549 5425 1715 5487 atque
1761 5430 2066 5472 aerumnam

485 5517 715 5564 mortem
746 5506 1059 5578 suscipiens
1104 5509 1184 5580 (in
1231 5526 1299 5566 eo
1349 5512 1544 5582 utique
1594 5511 2017 5581 iniustissimam
2049 5551 2065 5573 ,

483 5600 573 5655 cui
599 5600 814 5658 scilicet
833 5600 1047 5672 proprii
1071 5609 1228 5657 ortus
1251 5603 1408 5675 origo
1427 5603 1777 5673 iniquissima
1813 5618 1878 5657 ex
1902 5601 2066 5674 primi

455 5693 729 5756 parentis
775 5693 1216 5764 transgressione
1259 5694 1538 5766 deesset),
1579 5695 1854 5750 utrumvis
1886 5703 2070 5749 extre-

487 5796 662 5845 mum,
712 5795 827 5840 tum
878 5797 1074 5848 nempe
1107 5783 1399 5855 originem,
1448 5795 1562 5838 tum
1627 5785 1788 5840 tinem
1836 5783 2063 5838 humani

2177 3287 2304 3352 θους
2333 3290 2445 3360 γὰρ
2474 3291 2574 3364 τὴν
2599 3293 2893 3358 ἀπάθειαν,
2926 3295 3023 3348 καὶ
3064 3296 3156 3350 διὰ
3203 3300 3390 3354 πόνων
3429 3301 3526 3370 τὴν
3558 3302 3740 3364 ἄνεσιν,

2176 3381 2272 3434 καὶ
2297 3381 2387 3438 διὰ
2443 3383 2678 3438 Θανάτου
2725 3387 2825 3458 τὴν
2866 3389 3040 3444 ἀΐδιον
3082 3389 3228 3460 ζωὴν
3279 3396 3350 3464 τῇ
3403 3395 3562 3462 φύσει
3612 3396 3738 3460 δοὺς,

2176 3473 2340 3527 πάλιν
2384 3475 2801 3544 ἀποκατέστησε
2830 3497 2843 3511 ο
2893 3485 3017 3546 ταῖς
3069 3483 3270 3537 ἑαυτοῦ
3330 3488 3744 3557 καταστερήσεσι

2173 3565 2273 3630 τὰς
2293 3565 2437 3633 ἕξεις
2466 3568 2824 3635 ἀνακαινίσας
2858 3573 2956 3644 τῆς
2982 3573 3219 3642 φύσεως,
3254 3578 3352 3631 καὶ
3381 3577 3470 3632 διὰ
3499 3580 3593 3650 τῆς
3626 3577 3742 3639 ἰδίας

2177 3658 2532 3730 σαρκώσεως,
2571 3663 2672 3732 τὴν
2713 3663 2856 3736 ὑπὲρ
2884 3667 3049 3736 φύσιν
3087 3669 3253 3739 χάριν
3275 3669 3664 3742 δωρησάμενος
3687 3672 3744 3741 τῇ

2174 3746 2358 3816 φύσει,
2389 3749 2490 3820 τὴν
2516 3749 2730 3806 θέωσιν.

2247 3926 2352 3998 μδ’.
2384 3929 2618 3997 Γέγονεν
2641 3932 2670 3984 ὁ
2695 3932 2829 3997 Θεὸς
2867 3937 2990 3989 κατ’
3022 3937 3286 4010 ἀλήθειαν
3319 3941 3627 4013 ἄνθρωπος,
3666 3940 3746 3996 καὶ

2170 4019 2404 4074 δέδωκεν
2426 4021 2597 4094 ἄλλην
2624 4024 2802 4096 ἀρχὴν
2830 4029 2896 4098 τῇ
2945 4027 3109 4098 φύσει
3157 4031 3425 4104 δευτέρας
3480 4035 3744 4102 γενέσεως,

2169 4111 2258 4166 διὰ
2299 4111 2466 4168 πόνου
2509 4115 2648 4187 πρὸς
2673 4116 2870 4190 ἡδονὴν
2901 4120 3206 4194 μελλούσης
3237 4124 3389 4195 ζωῆς
3423 4127 3745 4198 καταλήγου-

2175 4218 2298 4256 σαν.
2338 4202 2427 4266 Ὠς
2461 4203 2571 4276 γὰρ
2621 4205 2793 4277 Ἀδὰμ
2822 4208 2851 4260 ὁ
2884 4209 3190 4280 προπάτωρ
3222 4212 3325 4284 τὴν
3358 4214 3511 4269 θείαν
3550 4213 3746 4281 ἐντολὴν

2175 4294 2454 4364 παραϐὰς,
2505 4295 2674 4368 ἄλλην
2729 4299 2906 4370 ἀρχὴν
2966 4303 3258 4371 γενέσεως,
3312 4305 3376 4372 ἐξ
3424 4307 3617 4378 ἡδονῆς
3661 4305 3746 4372 μὲν

2176 4389 2604 4462 συνισταμένην,
2632 4393 2714 4456 είς
2737 4392 2796 4446 δὲ
2824 4395 2916 4448 τὸν
2960 4395 3050 4450 διὰ
3081 4397 3248 4452 πόνου
3306 4400 3546 4456 θάνατον
3586 4399 3748 4453 τελευ-

2172 4481 2356 4536 τῶσαν
2379 4483 2447 4553 τῇ
2476 4482 2639 4551 φύσει
2662 4485 2818 4556 παρὰ
2847 4487 2950 4559 τὴν
2980 4489 3205 4560 πρώτην
3233 4494 3645 4563 παρεισήγαγε,
3669 4490 3745 4542 καὶ

2171 4573 2437 4645 ἐπενόησε
2469 4575 2614 4630 κατὰ
2641 4577 2743 4648 τὴν
2771 4580 3084 4652 συμϐουλὴν
3107 4581 3203 4637 τοῦ
3231 4584 3420 4654 ὄφεως
3450 4584 3638 4656 ἡδονὴν
3662 4583 3747 4636 οὑκ

2167 4663 2336 4721 οὖσαν
2377 4667 2747 4740 προλαϐόντος
2789 4673 2952 4726 πόνου
2987 4674 3253 4745 διάδοχον,
3285 4678 3432 4731 ἀλλὰ
3469 4678 3663 4749 μᾶλλον
3679 4677 3747 4736 είς

2166 4757 2260 4810 τὸν
2285 4758 2445 4812 πόνον
2474 4763 2900 4834 περαιουμένην,
2928 4766 3136 4829 πάντας
3159 4769 3289 4832 τοὺς
3320 4767 3384 4833 ἐξ
3407 4768 3569 4823 αὑτοῦ
3607 4762 3748 4838 σαρκὶ

2169 4849 2496 4921 γενομένους
2521 4853 2641 4905 κατ’
2665 4846 2851 4919 αὑτὸν,
2876 4855 2966 4910 διὰ
2989 4857 3086 4927 τὴν
3111 4859 3170 4925 ἐξ
3211 4859 3418 4932 ἡδονῆς
3457 4860 3638 4917 ἄδικον
3667 4859 3747 4928 ἀρε

2170 4942 2294 5013 χὴν,
2342 4937 2458 5013 εἶχε
2511 4947 2997 5017 συνυπαγομένους
3040 4950 3192 5023 αὐτῷ
3228 4950 3489 5020 δικαίως,
3527 4952 3656 5026 πρὸς
3697 4951 3748 5002 τὸ

2170 5036 2260 5090 διὰ
2291 5037 2454 5091 πόνου
2483 5037 2626 5091 κατὰ
2656 5037 2750 5093 τὸν
2781 5039 3010 5093 θάνατον
3041 5041 3194 5106 τέλος
3219 5058 3233 5072 ο
3269 5042 3423 5098 οὕτω
3450 5047 3542 5098 καὶ
3583 5049 3609 5094 δ
3651 5041 3745 5094 Κύ-

2173 5149 2285 5203 ριος
2318 5132 2610 5204 γενόμενος
2638 5131 2947 5204 ἄνθρωπος,
2971 5136 3067 5189 καὶ
3095 5134 3265 5208 ἄλλην
3301 5138 3486 5210 ἀρχὴν
3515 5134 3746 5206 δευτέρας

2170 5226 2439 5293 γενέσεως
2460 5227 2527 5280 ὲκ
2555 5227 2876 5309 Πνεύματος
2909 5228 3072 5296 ἁγίου
3119 5232 3187 5302 τῇ
3225 5230 3396 5300 φύσει
3433 5229 3747 5302 δημιουργή-

2174 5332 2292 5382 σας,
2318 5318 2414 5370 καὶ
2443 5317 2535 5370 τὸν
2564 5317 2655 5370 διὰ
2691 5319 2854 5370 πόνου
2884 5319 2980 5371 τοῦ
3018 5319 3190 5390 Ἀδὰμ
3216 5320 3572 5374 δικαιότατον
3599 5331 3745 5371 κατα-

2175 5407 2466 5480 δεξάμενος
2515 5409 2767 5477 θάνατον,
2802 5411 2862 5462 ὲν
2905 5410 3058 5482 αὐτῷ
3089 5410 3295 5482 δηλαδὴ
3336 5413 3626 5482 γενόμενον
3651 5405 3745 5459 d6:-

2179 5501 2440 5566 κώτατον,
2485 5503 2560 5566 ὡς
2612 5503 2710 5556 οὐκ
2761 5501 2958 5571 ἔχοντα
2984 5503 3084 5574 τῆς
3116 5503 3250 5565 ἰδίας
3294 5503 3565 5571 γενέσεως
3593 5499 3745 5570 ἀρχὴν

2175 5597 2273 5668 τὴν
2299 5597 2365 5649 ὲκ
2385 5597 2670 5668 παρακοῆς
2698 5597 3044 5666 ἁδικωτάτην
3068 5596 3162 5649 τοῦ
3187 5597 3538 5666 προπάτορος
3557 5588 3739 5662 ἡδονὴν,

2175 5688 2503 5759 ἀμφοτέρων
2529 5688 2638 5742 τῶν
2661 5687 2872 5760 ἄκρων,
2908 5690 3083 5760 ἀρχῆς
3139 5706 3200 5743 τε
3251 5688 3404 5758 λέγω
3436 5688 3529 5742 καὶ
3579 5681 3738 5737 τέλους

2174 5783 2274 5852 τῆς
2322 5782 2463 5836 κατὰ
2505 5783 2596 5835 τὸν
2657 5781 2834 5852 ’Λδάμ
2880 5781 3227 5852 ἀνθρωπίνης
3259 5782 3552 5868 γενέςεως,
3581 5768 3659 5829 οἷα
3685 5767 3739 5836 δὴ
