  <div class='ocr_page' id='page_1' title='image "/cluster/home/n/w/nwhite01/storage/ocr_20150623/90:no.1/coo.31924054869940/678.png"; bbox 0 0 4020 6396; ppageno 0'>
   <div class='ocr_carea' id='block_1_1' title="bbox 427 349 564 414">
    <p class='ocr_par' dir='ltr' id='par_1_1' title="bbox 427 349 564 414">
     <span class='ocr_line' id='line_1_1' title="bbox 427 349 564 414; baseline -0.044 0"><span class='ocrx_word' id='word_1_1' title='bbox 427 349 564 414; x_wconf 67' lang='grc'><strong>1325</strong></span> 
     </span>
    </p>
   </div>
   <div class='ocr_carea' id='block_1_2' title="bbox 1118 336 3037 410">
    <p class='ocr_par' dir='ltr' id='par_1_2' title="bbox 1118 336 3037 410">
     <span class='ocr_line' id='line_1_2' title="bbox 1118 336 3037 410; baseline -0.002 -9"><span class='ocrx_word' id='word_1_2' title='bbox 1118 342 1450 402; x_wconf 79' lang='lat' dir='ltr'><strong>CAPITUM</strong></span> <span class='ocrx_word' id='word_1_3' title='bbox 1490 337 1914 410; x_wconf 81' lang='lat' dir='ltr'><strong>OUINQUIES</strong></span> <span class='ocrx_word' id='word_1_4' title='bbox 1951 336 2470 396; x_wconf 84' lang='lat' dir='ltr'><strong>CENTENORUM</strong></span> <span class='ocrx_word' id='word_1_5' title='bbox 2510 337 2899 398; x_wconf 85' lang='lat' dir='ltr'><strong>CENTURIA</strong></span> <span class='ocrx_word' id='word_1_6' title='bbox 2938 339 3037 398; x_wconf 89' lang='lat' dir='ltr'><strong>IV.</strong></span> 
     </span>
    </p>
   </div>
   <div class='ocr_carea' id='block_1_3' title="bbox 3559 335 3697 400">
    <p class='ocr_par' dir='ltr' id='par_1_3' title="bbox 3559 335 3697 400">
     <span class='ocr_line' id='line_1_3' title="bbox 3559 335 3697 400; baseline 0.022 -3"><span class='ocrx_word' id='word_1_7' title='bbox 3559 335 3697 400; x_wconf 68' lang='lat'><strong>1396</strong></span> 
     </span>
    </p>
   </div>
   <div class='ocr_carea' id='block_1_4' title="bbox 422 445 2018 532">
    <p class='ocr_par' dir='ltr' id='par_1_4' title="bbox 422 449 2008 532">
     <span class='ocr_line' id='line_1_4' title="bbox 422 449 2008 532; baseline -0.011 -16"><span class='ocrx_word' id='word_1_8' title='bbox 422 456 857 532; x_wconf 78' lang='grc' dir='ltr'><strong>προηγουμένως</strong></span> <span class='ocrx_word' id='word_1_9' title='bbox 905 455 1006 508; x_wconf 79' lang='grc' dir='ltr'><strong>οὐκ</strong></span> <span class='ocrx_word' id='word_1_10' title='bbox 1052 453 1221 507; x_wconf 69' lang='grc' dir='ltr'>ὄντων</span> <span class='ocrx_word' id='word_1_11' title='bbox 1255 455 1318 507; x_wconf 85' lang='grc' dir='ltr'><strong>ὲκ</strong></span> <span class='ocrx_word' id='word_1_12' title='bbox 1352 453 1446 507; x_wconf 88' lang='grc' dir='ltr'><strong>τοῦ</strong></span> <span class='ocrx_word' id='word_1_13' title='bbox 1474 453 1632 517; x_wconf 81' lang='grc' dir='ltr'>Θεοῦ,</span> <span class='ocrx_word' id='word_1_14' title='bbox 1665 450 1765 521; x_wconf 79' lang='grc' dir='ltr'>τὴν</span> <span class='ocrx_word' id='word_1_15' title='bbox 1794 449 2008 532; x_wconf 71' lang='grc' dir='ltr'>άναίρε-</span> 
     </span>
    </p>
   </div>
   <div class='ocr_carea' id='block_1_5' title="bbox 2129 445 3698 532">
    <p class='ocr_par' dir='ltr' id='par_1_5' title="bbox 2129 445 3698 518">
     <span class='ocr_line' id='line_1_5' title="bbox 2129 445 3698 518; baseline 0.002 -17"><span class='ocrx_word' id='word_1_16' title='bbox 2129 456 2270 502; x_wconf 79' lang='lat' dir='ltr'><strong>)rtus</strong></span> <span class='ocrx_word' id='word_1_17' title='bbox 2305 464 2405 517; x_wconf 89' lang='lat' dir='ltr'><strong>pro</strong></span> <span class='ocrx_word' id='word_1_18' title='bbox 2429 451 2550 518; x_wconf 87' lang='lat' dir='ltr'><strong>ejus</strong></span> <span class='ocrx_word' id='word_1_19' title='bbox 2573 447 2749 517; x_wconf 85' lang='lat' dir='ltr'><strong>ipsius</strong></span> <span class='ocrx_word' id='word_1_20' title='bbox 2775 449 2991 503; x_wconf 81' lang='lat' dir='ltr'><strong>ratione</strong></span> <span class='ocrx_word' id='word_1_21' title='bbox 3023 445 3285 511; x_wconf 75' lang='lat' dir='ltr'><strong>sustulit;</strong></span> <span class='ocrx_word' id='word_1_22' title='bbox 3328 454 3391 501; x_wconf 91' lang='lat' dir='ltr'><strong>ut</strong></span> <span class='ocrx_word' id='word_1_23' title='bbox 3433 463 3557 517; x_wconf 86' lang='lat' dir='ltr'><strong>quae</strong></span> <span class='ocrx_word' id='word_1_24' title='bbox 3585 464 3698 504; x_wconf 92' lang='lat' dir='ltr'><strong>non</strong></span> 
     </span>
    </p>
   </div>
   <div class='ocr_carea' id='block_1_6' title="bbox 425 540 2008 619">
    <p class='ocr_par' dir='ltr' id='par_1_6' title="bbox 425 540 2008 619">
     <span class='ocr_line' id='line_1_6' title="bbox 425 540 2008 619; baseline -0.011 -11"><span class='ocrx_word' id='word_1_25' title='bbox 425 572 509 608; x_wconf 91' lang='grc' dir='ltr'><strong>σιν</strong></span> <span class='ocrx_word' id='word_1_26' title='bbox 550 552 867 619; x_wconf 77' lang='grc' dir='ltr'>ἐποιήσατο,</span> <span class='ocrx_word' id='word_1_27' title='bbox 902 546 999 599; x_wconf 74' lang='grc' dir='ltr'><strong>καὶ</strong></span> <span class='ocrx_word' id='word_1_28' title='bbox 1030 548 1239 608; x_wconf 86' lang='grc' dir='ltr'>πάντας</span> <span class='ocrx_word' id='word_1_29' title='bbox 1277 547 1404 607; x_wconf 75' lang='grc' dir='ltr'>τοὺς</span> <span class='ocrx_word' id='word_1_30' title='bbox 1437 541 1719 615; x_wconf 76' lang='grc' dir='ltr'><strong>μυστικῶς</strong></span> <span class='ocrx_word' id='word_1_31' title='bbox 1751 542 1809 605; x_wconf 79' lang='grc' dir='ltr'>ἐξ</span> <span class='ocrx_word' id='word_1_32' title='bbox 1843 540 2008 592; x_wconf 80' lang='grc' dir='ltr'>αὐτοῦ</span> 
     </span>
    </p>
   </div>
   <div class='ocr_carea' id='block_1_7' title="bbox 426 628 2010 707">
    <p class='ocr_par' dir='ltr' id='par_1_7' title="bbox 426 628 2010 707">
     <span class='ocr_line' id='line_1_7' title="bbox 426 628 2010 707; baseline -0.009 -13"><span class='ocrx_word' id='word_1_33' title='bbox 426 636 928 707; x_wconf 84' lang='grc' dir='ltr'>ἁναγεννωμένους,</span> <span class='ocrx_word' id='word_1_34' title='bbox 964 635 1065 704; x_wconf 80' lang='grc' dir='ltr'>τῆς</span> <span class='ocrx_word' id='word_1_35' title='bbox 1097 632 1182 685; x_wconf 71' lang='grc' dir='ltr'>ἐπ’</span> <span class='ocrx_word' id='word_1_36' title='bbox 1240 633 1412 700; x_wconf 75' lang='grc' dir='ltr'>αὐτῆς</span> <span class='ocrx_word' id='word_1_37' title='bbox 1463 630 1656 701; x_wconf 79' lang='grc' dir='ltr'>ὲνοχῆς</span> <span class='ocrx_word' id='word_1_38' title='bbox 1690 628 2010 698; x_wconf 79' lang='grc' dir='ltr'>ἐλευθέρους</span> 
     </span>
    </p>
   </div>
   <div class='ocr_carea' id='block_1_8' title="bbox 428 732 748 800">
    <p class='ocr_par' dir='ltr' id='par_1_8' title="bbox 428 732 748 800">
     <span class='ocr_line' id='line_1_8' title="bbox 428 732 748 800; baseline -0.022 -11"><span class='ocrx_word' id='word_1_39' title='bbox 428 732 748 800; x_wconf 79' lang='grc' dir='ltr'>κατέστησε.</span> 
     </span>
    </p>
   </div>
   <div class='ocr_carea' id='block_1_9' title="bbox 497 814 2012 895">
    <p class='ocr_par' dir='ltr' id='par_1_9' title="bbox 497 814 2012 895">
     <span class='ocr_line' id='line_1_9' title="bbox 497 814 2012 895; baseline -0.009 -18"><span class='ocrx_word' id='word_1_40' title='bbox 497 823 600 895; x_wconf 88' lang='grc' dir='ltr'>με’.</span> <span class='ocrx_word' id='word_1_41' title='bbox 626 824 738 894; x_wconf 82' lang='grc' dir='ltr'>Τὴν</span> <span class='ocrx_word' id='word_1_42' title='bbox 768 824 834 875; x_wconf 83' lang='grc' dir='ltr'>ὲκ</span> <span class='ocrx_word' id='word_1_43' title='bbox 858 821 951 873; x_wconf 86' lang='grc' dir='ltr'><strong>τοῦ</strong></span> <span class='ocrx_word' id='word_1_44' title='bbox 1007 819 1171 889; x_wconf 88' lang='grc' dir='ltr'>νόμου</span> <span class='ocrx_word' id='word_1_45' title='bbox 1225 819 1328 887; x_wconf 80' lang='grc' dir='ltr'>τῆς</span> <span class='ocrx_word' id='word_1_46' title='bbox 1374 816 1650 887; x_wconf 79' lang='grc' dir='ltr'>ἁμαρτίας</span> <span class='ocrx_word' id='word_1_47' title='bbox 1696 814 1888 885; x_wconf 81' lang='grc' dir='ltr'>ἡδονὴν</span> <span class='ocrx_word' id='word_1_48' title='bbox 1933 815 2012 874; x_wconf 74' lang='grc' dir='ltr'>εἰς</span> 
     </span>
    </p>
   </div>
   <div class='ocr_carea' id='block_1_10' title="bbox 426 906 2013 988">
    <p class='ocr_par' dir='ltr' id='par_1_10' title="bbox 426 906 2013 988">
     <span class='ocr_line' id='line_1_10' title="bbox 426 906 2013 988; baseline -0.009 -16"><span class='ocrx_word' id='word_1_49' title='bbox 426 919 682 988; x_wconf 80' lang='grc' dir='ltr'><strong>ἀθέτησιν</strong></span> <span class='ocrx_word' id='word_1_50' title='bbox 736 915 836 984; x_wconf 81' lang='grc' dir='ltr'><strong>τῆς</strong></span> <span class='ocrx_word' id='word_1_51' title='bbox 890 913 1032 967; x_wconf 86' lang='grc' dir='ltr'>κατὰ</span> <span class='ocrx_word' id='word_1_52' title='bbox 1082 914 1264 983; x_wconf 81' lang='grc' dir='ltr'>σάρκα</span> <span class='ocrx_word' id='word_1_53' title='bbox 1298 912 1605 981; x_wconf 79' lang='grc' dir='ltr'>γεννήσεως</span> <span class='ocrx_word' id='word_1_54' title='bbox 1642 908 1749 961; x_wconf 85' lang='grc' dir='ltr'>τῶν</span> <span class='ocrx_word' id='word_1_55' title='bbox 1780 911 1838 961; x_wconf 86' lang='grc' dir='ltr'><strong>ὲν</strong></span> <span class='ocrx_word' id='word_1_56' title='bbox 1865 906 2013 975; x_wconf 77' lang='grc' dir='ltr'>αὐτῷ</span> 
     </span>
    </p>
   </div>
   <div class='ocr_carea' id='block_1_11' title="bbox 427 997 2013 1081">
    <p class='ocr_par' dir='ltr' id='par_1_11' title="bbox 427 997 2013 1081">
     <span class='ocr_line' id='line_1_11' title="bbox 427 997 2013 1081; baseline -0.009 -18"><span class='ocrx_word' id='word_1_57' title='bbox 427 1010 613 1081; x_wconf 87' lang='grc' dir='ltr'>χάριτι</span> <span class='ocrx_word' id='word_1_58' title='bbox 634 1009 723 1062; x_wconf 72' lang='grc' dir='ltr'>διὰ</span> <span class='ocrx_word' id='word_1_59' title='bbox 746 1006 1064 1076; x_wconf 87' lang='grc' dir='ltr'>Πνεύματος</span> <span class='ocrx_word' id='word_1_60' title='bbox 1100 1001 1459 1073; x_wconf 76' lang='grc' dir='ltr'>γεννωμένων</span> <span class='ocrx_word' id='word_1_61' title='bbox 1504 1004 1533 1054; x_wconf 89' lang='grc' dir='ltr'>ὁ</span> <span class='ocrx_word' id='word_1_62' title='bbox 1571 1001 1777 1070; x_wconf 84' lang='grc' dir='ltr'>Κύριος</span> <span class='ocrx_word' id='word_1_63' title='bbox 1814 997 2013 1068; x_wconf 66' lang='grc' dir='ltr'>ἀφελόη</span> 
     </span>
    </p>
   </div>
   <div class='ocr_carea' id='block_1_12' title="bbox 431 1088 2013 1170">
    <p class='ocr_par' dir='ltr' id='par_1_12' title="bbox 431 1088 2013 1170">
     <span class='ocr_line' id='line_1_12' title="bbox 431 1088 2013 1170; baseline -0.008 -16"><span class='ocrx_word' id='word_1_64' title='bbox 431 1117 615 1170; x_wconf 89' lang='grc' dir='ltr'>μενος,</span> <span class='ocrx_word' id='word_1_65' title='bbox 652 1100 742 1152; x_wconf 72' lang='grc' dir='ltr'>τὸν</span> <span class='ocrx_word' id='word_1_66' title='bbox 776 1101 855 1161; x_wconf 82' lang='grc' dir='ltr'>εἰς</span> <span class='ocrx_word' id='word_1_67' title='bbox 883 1096 1184 1167; x_wconf 81' lang='grc' dir='ltr'>καταδίκην</span> <span class='ocrx_word' id='word_1_68' title='bbox 1217 1094 1279 1148; x_wconf 79' lang='grc' dir='ltr'><strong>τὸ</strong></span> <span class='ocrx_word' id='word_1_69' title='bbox 1309 1094 1574 1166; x_wconf 88' lang='grc' dir='ltr'>πρότερον</span> <span class='ocrx_word' id='word_1_70' title='bbox 1607 1093 1739 1145; x_wconf 79' lang='grc' dir='ltr'>ὄντα</span> <span class='ocrx_word' id='word_1_71' title='bbox 1776 1090 1876 1161; x_wconf 78' lang='grc' dir='ltr'><strong>τῆς</strong></span> <span class='ocrx_word' id='word_1_72' title='bbox 1911 1088 2013 1159; x_wconf 85' lang='grc' dir='ltr'><strong>φύ-</strong></span> 
     </span>
    </p>
   </div>
   <div class='ocr_carea' id='block_1_13' title="bbox 428 1180 2012 1258">
    <p class='ocr_par' dir='ltr' id='par_1_13' title="bbox 428 1180 2012 1258">
     <span class='ocr_line' id='line_1_13' title="bbox 428 1180 2012 1258; baseline -0.01 -14"><span class='ocrx_word' id='word_1_73' title='bbox 428 1209 589 1256; x_wconf 88' lang='grc' dir='ltr'>σεως,</span> <span class='ocrx_word' id='word_1_74' title='bbox 626 1191 708 1251; x_wconf 86' lang='grc' dir='ltr'><strong>είς</strong></span> <span class='ocrx_word' id='word_1_75' title='bbox 742 1188 840 1258; x_wconf 82' lang='grc' dir='ltr'>τὴν</span> <span class='ocrx_word' id='word_1_76' title='bbox 875 1188 973 1256; x_wconf 85' lang='grc' dir='ltr'><strong>τῆς</strong></span> <span class='ocrx_word' id='word_1_77' title='bbox 1004 1184 1280 1256; x_wconf 85' lang='grc' dir='ltr'>ἁμαρτίας</span> <span class='ocrx_word' id='word_1_78' title='bbox 1314 1182 1641 1252; x_wconf 80' lang='grc' dir='ltr'><strong>κατάκρισιν</strong></span> <span class='ocrx_word' id='word_1_79' title='bbox 1671 1180 1854 1241; x_wconf 82' lang='grc' dir='ltr'>αὐτοῖς</span> <span class='ocrx_word' id='word_1_80' title='bbox 1880 1194 2012 1243; x_wconf 84' lang='grc' dir='ltr'>συγ-</span> 
     </span>
    </p>
   </div>
   <div class='ocr_carea' id='block_1_14' title="bbox 426 1268 2016 1354">
    <p class='ocr_par' dir='ltr' id='par_1_14' title="bbox 426 1268 2016 1354">
     <span class='ocr_line' id='line_1_14' title="bbox 426 1268 2016 1354; baseline -0.009 -20"><span class='ocrx_word' id='word_1_81' title='bbox 426 1282 599 1354; x_wconf 83' lang='grc' dir='ltr'>χωρεῖ</span> <span class='ocrx_word' id='word_1_82' title='bbox 630 1278 882 1350; x_wconf 85' lang='grc' dir='ltr'>δέχεσθαι</span> <span class='ocrx_word' id='word_1_83' title='bbox 936 1277 1188 1341; x_wconf 85' lang='grc' dir='ltr'>θάνατον,</span> <span class='ocrx_word' id='word_1_84' title='bbox 1244 1274 1468 1346; x_wconf 83' lang='grc' dir='ltr'>ἔχοντας</span> <span class='ocrx_word' id='word_1_85' title='bbox 1525 1272 1623 1343; x_wconf 82' lang='grc' dir='ltr'>μὲν</span> <span class='ocrx_word' id='word_1_86' title='bbox 1676 1268 1772 1324; x_wconf 83' lang='grc' dir='ltr'><strong>τοῦ</strong></span> <span class='ocrx_word' id='word_1_87' title='bbox 1842 1268 2016 1337; x_wconf 83' lang='grc' dir='ltr'>Ἀδὰμ</span> 
     </span>
    </p>
   </div>
   <div class='ocr_carea' id='block_1_15' title="bbox 427 1363 2012 1443">
    <p class='ocr_par' dir='ltr' id='par_1_15' title="bbox 427 1363 2012 1443">
     <span class='ocr_line' id='line_1_15' title="bbox 427 1363 2012 1443; baseline -0.01 -14"><span class='ocrx_word' id='word_1_88' title='bbox 427 1374 614 1429; x_wconf 77' lang='grc' dir='ltr'>οὐκέτι</span> <span class='ocrx_word' id='word_1_89' title='bbox 656 1372 755 1443; x_wconf 85' lang='grc' dir='ltr'>τὴν</span> <span class='ocrx_word' id='word_1_90' title='bbox 787 1374 852 1423; x_wconf 80' lang='grc' dir='ltr'><strong>ἐκ</strong></span> <span class='ocrx_word' id='word_1_91' title='bbox 910 1370 1005 1423; x_wconf 88' lang='grc' dir='ltr'><strong>τοῦ</strong></span> <span class='ocrx_word' id='word_1_92' title='bbox 1062 1368 1238 1438; x_wconf 78' lang='grc' dir='ltr'>Ἀδὰμ</span> <span class='ocrx_word' id='word_1_93' title='bbox 1289 1366 1484 1438; x_wconf 77' lang='grc' dir='ltr'>ἡδονὴν</span> <span class='ocrx_word' id='word_1_94' title='bbox 1537 1364 1638 1435; x_wconf 81' lang='grc' dir='ltr'>τῆς</span> <span class='ocrx_word' id='word_1_95' title='bbox 1693 1363 1964 1431; x_wconf 87' lang='grc' dir='ltr'>γενέσεως</span> <span class='ocrx_word' id='word_1_96' title='bbox 2000 1376 2012 1389; x_wconf 86' lang='grc'>·</span> 
     </span>
    </p>
   </div>
   <div class='ocr_carea' id='block_1_16' title="bbox 434 1455 2016 1539">
    <p class='ocr_par' dir='ltr' id='par_1_16' title="bbox 434 1455 2016 1539">
     <span class='ocr_line' id='line_1_16' title="bbox 434 1455 2016 1539; baseline -0.009 -18"><span class='ocrx_word' id='word_1_97' title='bbox 434 1467 601 1539; x_wconf 89' lang='grc' dir='ltr'>μόνην</span> <span class='ocrx_word' id='word_1_98' title='bbox 638 1466 696 1519; x_wconf 76' lang='grc' dir='ltr'><strong>δὲ</strong></span> <span class='ocrx_word' id='word_1_99' title='bbox 741 1465 843 1535; x_wconf 76' lang='grc' dir='ltr'><strong>τὴν</strong></span> <span class='ocrx_word' id='word_1_100' title='bbox 889 1463 979 1518; x_wconf 83' lang='grc' dir='ltr'>διὰ</span> <span class='ocrx_word' id='word_1_101' title='bbox 1025 1462 1117 1516; x_wconf 84' lang='grc' dir='ltr'><strong>τὸν</strong></span> <span class='ocrx_word' id='word_1_102' title='bbox 1166 1461 1342 1531; x_wconf 82' lang='grc' dir='ltr'>Ἀδὰμ</span> <span class='ocrx_word' id='word_1_103' title='bbox 1370 1459 1566 1528; x_wconf 82' lang='grc' dir='ltr'>ὀδύνην</span> <span class='ocrx_word' id='word_1_104' title='bbox 1596 1455 1931 1527; x_wconf 80' lang='grc' dir='ltr'>ἐνεργοῦσαν</span> <span class='ocrx_word' id='word_1_105' title='bbox 1959 1456 2016 1507; x_wconf 82' lang='grc' dir='ltr'>ὲν</span> 
     </span>
    </p>
   </div>
   <div class='ocr_carea' id='block_1_17' title="bbox 429 1546 2014 1624">
    <p class='ocr_par' dir='ltr' id='par_1_17' title="bbox 429 1546 2014 1624">
     <span class='ocr_line' id='line_1_17' title="bbox 429 1546 2014 1624; baseline -0.009 -12"><span class='ocrx_word' id='word_1_106' title='bbox 429 1558 612 1621; x_wconf 81' lang='grc' dir='ltr'>αὐτοῖς</span> <span class='ocrx_word' id='word_1_107' title='bbox 641 1574 655 1587; x_wconf 90' lang='grc'><strong>·</strong></span> <span class='ocrx_word' id='word_1_108' title='bbox 680 1556 742 1610; x_wconf 84' lang='grc' dir='ltr'><strong>ού</strong></span> <span class='ocrx_word' id='word_1_109' title='bbox 773 1555 916 1609; x_wconf 84' lang='grc' dir='ltr'>κατὰ</span> <span class='ocrx_word' id='word_1_110' title='bbox 951 1554 1114 1624; x_wconf 81' lang='grc' dir='ltr'><strong>χρέος</strong></span> <span class='ocrx_word' id='word_1_111' title='bbox 1172 1552 1314 1623; x_wconf 83' lang='grc' dir='ltr'>ὑπὲρ</span> <span class='ocrx_word' id='word_1_112' title='bbox 1362 1550 1662 1622; x_wconf 75' lang='grc' dir='ltr'>ἁμαρτίας,</span> <span class='ocrx_word' id='word_1_113' title='bbox 1710 1546 1852 1601; x_wconf 82' lang='grc' dir='ltr'>ἀλλὰ</span> <span class='ocrx_word' id='word_1_114' title='bbox 1893 1547 2014 1599; x_wconf 85' lang='grc' dir='ltr'>κατ’</span> 
     </span>
    </p>
   </div>
   <div class='ocr_carea' id='block_1_18' title="bbox 427 1635 2017 1717">
    <p class='ocr_par' dir='ltr' id='par_1_18' title="bbox 427 1635 2017 1717">
     <span class='ocr_line' id='line_1_18' title="bbox 427 1635 2017 1717; baseline -0.009 -15"><span class='ocrx_word' id='word_1_115' title='bbox 427 1647 761 1717; x_wconf 80' lang='grc' dir='ltr'>οἰκονομίαν,</span> <span class='ocrx_word' id='word_1_116' title='bbox 790 1645 880 1698; x_wconf 72' lang='grc' dir='ltr'>διὰ</span> <span class='ocrx_word' id='word_1_117' title='bbox 910 1645 1011 1714; x_wconf 86' lang='grc' dir='ltr'><strong>τὴν</strong></span> <span class='ocrx_word' id='word_1_118' title='bbox 1045 1642 1189 1696; x_wconf 79' lang='grc' dir='ltr'>κατὰ</span> <span class='ocrx_word' id='word_1_119' title='bbox 1242 1640 1406 1710; x_wconf 80' lang='grc' dir='ltr'>φύσιν</span> <span class='ocrx_word' id='word_1_120' title='bbox 1462 1638 1809 1709; x_wconf 82' lang='grc' dir='ltr'>περίστασιν,</span> <span class='ocrx_word' id='word_1_121' title='bbox 1872 1635 2017 1689; x_wconf 85' lang='grc' dir='ltr'>κατὰ</span> 
     </span>
    </p>
   </div>
   <div class='ocr_carea' id='block_1_19' title="bbox 360 1728 2017 1810">
    <p class='ocr_par' dir='ltr' id='par_1_19' title="bbox 360 1728 2017 1810">
     <span class='ocr_line' id='line_1_19' title="bbox 360 1728 2017 1810; baseline -0.008 -16"><span class='ocrx_word' id='word_1_122' title='bbox 360 1776 371 1779; x_wconf 63' lang='grc'><strong>‹</strong></span> <span class='ocrx_word' id='word_1_123' title='bbox 427 1740 529 1810; x_wconf 89' lang='grc' dir='ltr'>τῆς</span> <span class='ocrx_word' id='word_1_124' title='bbox 562 1738 863 1809; x_wconf 81' lang='grc' dir='ltr'>ἁμαρτίας,</span> <span class='ocrx_word' id='word_1_125' title='bbox 897 1737 990 1791; x_wconf 74' lang='grc' dir='ltr'><strong>τὸν</strong></span> <span class='ocrx_word' id='word_1_126' title='bbox 1020 1736 1252 1789; x_wconf 88' lang='grc' dir='ltr'>θάνατον</span> <span class='ocrx_word' id='word_1_127' title='bbox 1283 1750 1297 1764; x_wconf 75' lang='grc' dir='ltr'><strong>ο</strong></span> <span class='ocrx_word' id='word_1_128' title='bbox 1329 1734 1389 1795; x_wconf 78' lang='grc' dir='ltr'>ὃς</span> <span class='ocrx_word' id='word_1_129' title='bbox 1410 1732 1612 1785; x_wconf 80' lang='grc' dir='ltr'>ὁπόταν</span> <span class='ocrx_word' id='word_1_130' title='bbox 1643 1728 1717 1801; x_wconf 86' lang='grc' dir='ltr'>μὴ</span> <span class='ocrx_word' id='word_1_131' title='bbox 1749 1729 1863 1799; x_wconf 77' lang='grc' dir='ltr'>ἔχει</span> <span class='ocrx_word' id='word_1_132' title='bbox 1894 1744 2017 1796; x_wconf 82' lang='grc' dir='ltr'>γεν-</span> 
     </span>
    </p>
   </div>
   <div class='ocr_carea' id='block_1_20' title="bbox 2116 538 3700 611">
    <p class='ocr_par' dir='ltr' id='par_1_20' title="bbox 2116 538 3700 611">
     <span class='ocr_line' id='line_1_20' title="bbox 2116 538 3700 611; baseline 0.003 -21"><span class='ocrx_word' id='word_1_133' title='bbox 2116 538 2298 608; x_wconf 89' lang='lat' dir='ltr'><strong>primo</strong></span> <span class='ocrx_word' id='word_1_134' title='bbox 2331 554 2362 592; x_wconf 91' lang='lat' dir='ltr'><strong>a</strong></span> <span class='ocrx_word' id='word_1_135' title='bbox 2390 538 2500 593; x_wconf 93' lang='lat' dir='ltr'><strong>Dco</strong></span> <span class='ocrx_word' id='word_1_136' title='bbox 2540 547 2760 603; x_wconf 84' lang='lat' dir='ltr'><strong>essent;</strong></span> <span class='ocrx_word' id='word_1_137' title='bbox 2811 548 3151 608; x_wconf 90' lang='lat' dir='ltr'><strong>cunctosque</strong></span> <span class='ocrx_word' id='word_1_138' title='bbox 3194 538 3429 609; x_wconf 77' lang='lat' dir='ltr'><strong>mystice</strong></span> <span class='ocrx_word' id='word_1_139' title='bbox 3472 554 3539 595; x_wconf 91' lang='lat' dir='ltr'><strong>cx</strong></span> <span class='ocrx_word' id='word_1_140' title='bbox 3577 541 3700 611; x_wconf 89' lang='lat' dir='ltr'><strong>ipso</strong></span> 
     </span>
    </p>
   </div>
   <div class='ocr_carea' id='block_1_21' title="bbox 2119 630 3164 695">
    <p class='ocr_par' dir='ltr' id='par_1_21' title="bbox 2119 630 3164 695">
     <span class='ocr_line' id='line_1_21' title="bbox 2119 630 3164 695; baseline -0.004 -10"><span class='ocrx_word' id='word_1_141' title='bbox 2119 639 2495 695; x_wconf 87' lang='lat' dir='ltr'><strong>renascentes,</strong></span> <span class='ocrx_word' id='word_1_142' title='bbox 2536 630 2683 685; x_wconf 92' lang='lat' dir='ltr'><strong>illius</strong></span> <span class='ocrx_word' id='word_1_143' title='bbox 2712 637 2870 684; x_wconf 81' lang='lat' dir='ltr'><strong>reatu</strong></span> <span class='ocrx_word' id='word_1_144' title='bbox 2906 631 3164 685; x_wconf 81' lang='lat' dir='ltr'><strong>absolvit.</strong></span> 
     </span>
    </p>
   </div>
   <div class='ocr_carea' id='block_1_22' title="bbox 2188 805 3702 877">
    <p class='ocr_par' dir='ltr' id='par_1_22' title="bbox 2188 805 3702 877">
     <span class='ocr_line' id='line_1_22' title="bbox 2188 805 3702 877; baseline 0.002 -17"><span class='ocrx_word' id='word_1_145' title='bbox 2188 806 2276 860; x_wconf 76' lang='grc'><strong>45.</strong></span> <span class='ocrx_word' id='word_1_146' title='bbox 2316 805 2449 872; x_wconf 85' lang='lat' dir='ltr'><strong>Quae</strong></span> <span class='ocrx_word' id='word_1_147' title='bbox 2494 822 2561 861; x_wconf 88' lang='lat' dir='ltr'><strong>ex</strong></span> <span class='ocrx_word' id='word_1_148' title='bbox 2612 807 2732 877; x_wconf 83' lang='lat' dir='ltr'><strong>lege</strong></span> <span class='ocrx_word' id='word_1_149' title='bbox 2782 809 2997 877; x_wconf 89' lang='lat' dir='ltr'><strong>peccati</strong></span> <span class='ocrx_word' id='word_1_150' title='bbox 3027 818 3131 872; x_wconf 88' lang='lat' dir='ltr'><strong>est,</strong></span> <span class='ocrx_word' id='word_1_151' title='bbox 3167 809 3451 877; x_wconf 80' lang='lat' dir='ltr'><strong>voluptate</strong></span> <span class='ocrx_word' id='word_1_152' title='bbox 3486 808 3702 864; x_wconf 89' lang='lat' dir='ltr'><strong>sublata</strong></span> 
     </span>
    </p>
   </div>
   <div class='ocr_carea' id='block_1_23' title="bbox 2120 886 3703 969">
    <p class='ocr_par' dir='ltr' id='par_1_23' title="bbox 2120 886 3703 969">
     <span class='ocr_line' id='line_1_23' title="bbox 2120 886 3703 969; baseline 0.004 -22"><span class='ocrx_word' id='word_1_153' title='bbox 2120 910 2184 948; x_wconf 87' lang='lat' dir='ltr'><strong>ac</strong></span> <span class='ocrx_word' id='word_1_154' title='bbox 2214 894 2466 961; x_wconf 89' lang='lat' dir='ltr'><strong>libidine,</strong></span> <span class='ocrx_word' id='word_1_155' title='bbox 2500 896 2568 949; x_wconf 88' lang='lat' dir='ltr'><strong>ad</strong></span> <span class='ocrx_word' id='word_1_156' title='bbox 2595 911 2789 951; x_wconf 88' lang='lat' dir='ltr'><strong>eorum</strong></span> <span class='ocrx_word' id='word_1_157' title='bbox 2818 896 2912 966; x_wconf 91' lang='lat' dir='ltr'><strong>qui</strong></span> <span class='ocrx_word' id='word_1_158' title='bbox 2963 886 3021 951; x_wconf 86' lang='lat' dir='ltr'><strong>in</strong></span> <span class='ocrx_word' id='word_1_159' title='bbox 3072 899 3191 966; x_wconf 91' lang='lat' dir='ltr'><strong>ipso</strong></span> <span class='ocrx_word' id='word_1_160' title='bbox 3237 901 3426 969; x_wconf 77' lang='lat' dir='ltr'><strong>gratiae</strong></span> <span class='ocrx_word' id='word_1_161' title='bbox 3470 915 3703 955; x_wconf 90' lang='lat' dir='ltr'><strong>munere</strong></span> 
     </span>
    </p>
   </div>
   <div class='ocr_carea' id='block_1_24' title="bbox 2118 985 3703 1055">
    <p class='ocr_par' dir='ltr' id='par_1_24' title="bbox 2118 985 3703 1055">
     <span class='ocr_line' id='line_1_24' title="bbox 2118 985 3703 1055; baseline 0.004 -16"><span class='ocrx_word' id='word_1_162' title='bbox 2118 1001 2220 1054; x_wconf 90' lang='lat' dir='ltr'><strong>per</strong></span> <span class='ocrx_word' id='word_1_163' title='bbox 2244 985 2511 1055; x_wconf 86' lang='lat' dir='ltr'><strong>Spiritum</strong></span> <span class='ocrx_word' id='word_1_164' title='bbox 2538 995 2849 1043; x_wconf 82' lang='lat' dir='ltr'><strong>nascuntur</strong></span> <span class='ocrx_word' id='word_1_165' title='bbox 2876 989 3203 1044; x_wconf 87' lang='lat' dir='ltr'><strong>abolendam</strong></span> <span class='ocrx_word' id='word_1_166' title='bbox 3228 993 3505 1046; x_wconf 85' lang='lat' dir='ltr'><strong>carnalem</strong></span> <span class='ocrx_word' id='word_1_167' title='bbox 3546 993 3703 1047; x_wconf 84' lang='lat' dir='ltr'><strong>nati-</strong></span> 
     </span>
    </p>
   </div>
   <div class='ocr_carea' id='block_1_25' title="bbox 2121 1078 3701 1153">
    <p class='ocr_par' dir='ltr' id='par_1_25' title="bbox 2121 1078 3701 1153">
     <span class='ocr_line' id='line_1_25' title="bbox 2121 1078 3701 1153; baseline 0.004 -22"><span class='ocrx_word' id='word_1_168' title='bbox 2121 1078 2373 1144; x_wconf 89' lang='lat' dir='ltr'><strong>vitatem,</strong></span> <span class='ocrx_word' id='word_1_169' title='bbox 2416 1078 2664 1149; x_wconf 81' lang='lat' dir='ltr'><strong>indulget</strong></span> <span class='ocrx_word' id='word_1_170' title='bbox 2713 1081 3023 1146; x_wconf 88' lang='lat' dir='ltr'><strong>Dominus,</strong></span> <span class='ocrx_word' id='word_1_171' title='bbox 3071 1091 3133 1136; x_wconf 93' lang='lat' dir='ltr'><strong>ut</strong></span> <span class='ocrx_word' id='word_1_172' title='bbox 3162 1091 3397 1137; x_wconf 89' lang='lat' dir='ltr'><strong>mortem</strong></span> <span class='ocrx_word' id='word_1_173' title='bbox 3426 1123 3440 1149; x_wconf 93' lang='lat'><strong>,</strong></span> <span class='ocrx_word' id='word_1_174' title='bbox 3494 1084 3701 1153; x_wconf 73' lang='lat' dir='ltr'><strong>quaein</strong></span> 
     </span>
    </p>
   </div>
   <div class='ocr_carea' id='block_1_26' title="bbox 2122 1170 3709 1242">
    <p class='ocr_par' dir='ltr' id='par_1_26' title="bbox 2122 1170 3709 1242">
     <span class='ocr_line' id='line_1_26' title="bbox 2122 1170 3709 1242; baseline 0.004 -20"><span class='ocrx_word' id='word_1_175' title='bbox 2122 1176 2336 1224; x_wconf 81' lang='lat' dir='ltr'><strong>naturae</strong></span> <span class='ocrx_word' id='word_1_176' title='bbox 2358 1170 2514 1239; x_wconf 89' lang='lat' dir='ltr'><strong>prius</strong></span> <span class='ocrx_word' id='word_1_177' title='bbox 2543 1170 2954 1228; x_wconf 89' lang='lat' dir='ltr'><strong>damnationem</strong></span> <span class='ocrx_word' id='word_1_178' title='bbox 2982 1182 3134 1238; x_wconf 90' lang='lat' dir='ltr'><strong>erat,</strong></span> <span class='ocrx_word' id='word_1_179' title='bbox 3190 1173 3258 1227; x_wconf 90' lang='lat' dir='ltr'><strong>ad</strong></span> <span class='ocrx_word' id='word_1_180' title='bbox 3310 1174 3522 1242; x_wconf 87' lang='lat' dir='ltr'><strong>peccati</strong></span> <span class='ocrx_word' id='word_1_181' title='bbox 3571 1189 3709 1229; x_wconf 84' lang='lat' dir='ltr'><strong>con-</strong></span> 
     </span>
    </p>
   </div>
   <div class='ocr_carea' id='block_1_27' title="bbox 2117 1260 3706 1336">
    <p class='ocr_par' dir='ltr' id='par_1_27' title="bbox 2117 1260 3706 1336">
     <span class='ocr_line' id='line_1_27' title="bbox 2117 1260 3706 1336; baseline 0.004 -22"><span class='ocrx_word' id='word_1_182' title='bbox 2117 1260 2530 1316; x_wconf 90' lang='lat' dir='ltr'><strong>demnationem</strong></span> <span class='ocrx_word' id='word_1_183' title='bbox 2561 1263 2888 1333; x_wconf 84' lang='lat' dir='ltr'><strong>suscipiant,</strong></span> <span class='ocrx_word' id='word_1_184' title='bbox 2914 1264 3009 1333; x_wconf 89' lang='lat' dir='ltr'><strong>qui</strong></span> <span class='ocrx_word' id='word_1_185' title='bbox 3026 1280 3246 1336; x_wconf 84' lang='lat' dir='ltr'><strong>nempe,</strong></span> <span class='ocrx_word' id='word_1_186' title='bbox 3266 1280 3374 1320; x_wconf 89' lang='lat' dir='ltr'><strong>non</strong></span> <span class='ocrx_word' id='word_1_187' title='bbox 3410 1266 3524 1335; x_wconf 88' lang='lat' dir='ltr'><strong>jam</strong></span> <span class='ocrx_word' id='word_1_188' title='bbox 3546 1274 3706 1320; x_wconf 89' lang='lat' dir='ltr'><strong>ortus</strong></span> 
     </span>
    </p>
   </div>
   <div class='ocr_carea' id='block_1_28' title="bbox 2126 1354 3710 1427">
    <p class='ocr_par' dir='ltr' id='par_1_28' title="bbox 2126 1354 3710 1427">
     <span class='ocr_line' id='line_1_28' title="bbox 2126 1354 3710 1427; baseline 0.002 -19"><span class='ocrx_word' id='word_1_189' title='bbox 2126 1368 2194 1408; x_wconf 84' lang='lat' dir='ltr'><strong>ex</strong></span> <span class='ocrx_word' id='word_1_190' title='bbox 2229 1354 2440 1427; x_wconf 85' lang='lat' dir='ltr'><strong>Adamo</strong></span> <span class='ocrx_word' id='word_1_191' title='bbox 2467 1354 2779 1419; x_wconf 88' lang='lat' dir='ltr'><strong>libidinem,</strong></span> <span class='ocrx_word' id='word_1_192' title='bbox 2811 1354 2907 1410; x_wconf 86' lang='lat' dir='ltr'><strong>sed</strong></span> <span class='ocrx_word' id='word_1_193' title='bbox 2938 1356 3209 1411; x_wconf 84' lang='lat' dir='ltr'><strong>duntaxat</strong></span> <span class='ocrx_word' id='word_1_194' title='bbox 3230 1356 3443 1411; x_wconf 86' lang='lat' dir='ltr'><strong>Adamo</strong></span> <span class='ocrx_word' id='word_1_195' title='bbox 3478 1365 3710 1412; x_wconf 88' lang='lat' dir='ltr'><strong>auctore</strong></span> 
     </span>
    </p>
   </div>
   <div class='ocr_carea' id='block_1_29' title="bbox 2120 1445 3711 1518">
    <p class='ocr_par' dir='ltr' id='par_1_29' title="bbox 2120 1445 3711 1518">
     <span class='ocr_line' id='line_1_29' title="bbox 2120 1445 3711 1518; baseline 0.003 -20"><span class='ocrx_word' id='word_1_196' title='bbox 2120 1445 2404 1500; x_wconf 88' lang='lat' dir='ltr'><strong>invectum</strong></span> <span class='ocrx_word' id='word_1_197' title='bbox 2437 1445 2687 1501; x_wconf 90' lang='lat' dir='ltr'><strong>dolorem</strong></span> <span class='ocrx_word' id='word_1_198' title='bbox 2719 1461 2783 1502; x_wconf 91' lang='lat' dir='ltr'><strong>ac</strong></span> <span class='ocrx_word' id='word_1_199' title='bbox 2798 1462 3101 1503; x_wconf 70' lang='lat' dir='ltr'><strong>aerumnam</strong></span> <span class='ocrx_word' id='word_1_200' title='bbox 3130 1448 3395 1514; x_wconf 83' lang='lat' dir='ltr'><strong>habeant;</strong></span> <span class='ocrx_word' id='word_1_201' title='bbox 3418 1464 3531 1503; x_wconf 94' lang='lat' dir='ltr'><strong>non</strong></span> <span class='ocrx_word' id='word_1_202' title='bbox 3551 1448 3711 1518; x_wconf 88' lang='lat' dir='ltr'><strong>quasi</strong></span> 
     </span>
    </p>
   </div>
   <div class='ocr_carea' id='block_1_30' title="bbox 2119 1537 3713 1607">
    <p class='ocr_par' dir='ltr' id='par_1_30' title="bbox 2119 1537 3713 1607">
     <span class='ocr_line' id='line_1_30' title="bbox 2119 1537 3713 1607; baseline 0.003 -17"><span class='ocrx_word' id='word_1_203' title='bbox 2119 1551 2188 1590; x_wconf 84' lang='lat' dir='ltr'><strong>ex</strong></span> <span class='ocrx_word' id='word_1_204' title='bbox 2216 1537 2407 1592; x_wconf 90' lang='lat' dir='ltr'><strong>debito</strong></span> <span class='ocrx_word' id='word_1_205' title='bbox 2435 1538 2648 1607; x_wconf 89' lang='lat' dir='ltr'><strong>peccati</strong></span> <span class='ocrx_word' id='word_1_206' title='bbox 2690 1549 2869 1603; x_wconf 86' lang='lat' dir='ltr'><strong>reatu,</strong></span> <span class='ocrx_word' id='word_1_207' title='bbox 2899 1539 3005 1596; x_wconf 22' lang='lat' dir='ltr'><strong>sed.</strong></span> <span class='ocrx_word' id='word_1_208' title='bbox 3044 1548 3195 1595; x_wconf 87' lang='lat' dir='ltr'><strong>certa</strong></span> <span class='ocrx_word' id='word_1_209' title='bbox 3232 1540 3453 1595; x_wconf 89' lang='lat' dir='ltr'><strong>consilii</strong></span> <span class='ocrx_word' id='word_1_210' title='bbox 3490 1541 3713 1595; x_wconf 87' lang='lat' dir='ltr'><strong>ratione</strong></span> 
     </span>
    </p>
   </div>
   <div class='ocr_carea' id='block_1_31' title="bbox 2119 1627 3713 1700">
    <p class='ocr_par' dir='ltr' id='par_1_31' title="bbox 2119 1627 3713 1700">
     <span class='ocr_line' id='line_1_31' title="bbox 2119 1627 3713 1700; baseline 0.006 -19"><span class='ocrx_word' id='word_1_211' title='bbox 2119 1642 2185 1682; x_wconf 90' lang='lat' dir='ltr'><strong>ac</strong></span> <span class='ocrx_word' id='word_1_212' title='bbox 2209 1627 2649 1698; x_wconf 88' lang='lat' dir='ltr'><strong>dispensatione,</strong></span> <span class='ocrx_word' id='word_1_213' title='bbox 2686 1630 2758 1684; x_wconf 92' lang='lat' dir='ltr'><strong>ob</strong></span> <span class='ocrx_word' id='word_1_214' title='bbox 2802 1631 3115 1686; x_wconf 86' lang='lat' dir='ltr'><strong>naturalem</strong></span> <span class='ocrx_word' id='word_1_215' title='bbox 3156 1632 3570 1700; x_wconf 89' lang='lat' dir='ltr'><strong>necessitatem,</strong></span> <span class='ocrx_word' id='word_1_216' title='bbox 3610 1634 3713 1690; x_wconf 90' lang='lat' dir='ltr'><strong>ad-</strong></span> 
     </span>
    </p>
   </div>
   <div class='ocr_carea' id='block_1_32' title="bbox 2120 1720 3714 1796">
    <p class='ocr_par' dir='ltr' id='par_1_32' title="bbox 2120 1720 3714 1796">
     <span class='ocr_line' id='line_1_32' title="bbox 2120 1720 3714 1796; baseline 0.006 -24"><span class='ocrx_word' id='word_1_217' title='bbox 2120 1735 2317 1775; x_wconf 90' lang='lat' dir='ltr'><strong>versus</strong></span> <span class='ocrx_word' id='word_1_218' title='bbox 2347 1729 2637 1790; x_wconf 90' lang='lat' dir='ltr'><strong>peccatum</strong></span> <span class='ocrx_word' id='word_1_219' title='bbox 2657 1720 2850 1790; x_wconf 89' lang='lat' dir='ltr'><strong>illique</strong></span> <span class='ocrx_word' id='word_1_220' title='bbox 2878 1722 3177 1788; x_wconf 88' lang='lat' dir='ltr'><strong>abolendo,</strong></span> <span class='ocrx_word' id='word_1_221' title='bbox 3205 1732 3442 1779; x_wconf 88' lang='lat' dir='ltr'><strong>mortem</strong></span> <span class='ocrx_word' id='word_1_222' title='bbox 3471 1741 3714 1796; x_wconf 76' lang='lat' dir='ltr'><strong>operati-</strong></span> 
     </span>
    </p>
   </div>
   <div class='ocr_carea' id='block_1_33' title="bbox 429 1799 2018 1899">
    <p class='ocr_par' dir='ltr' id='par_1_33' title="bbox 429 1799 2017 1899">
     <span class='ocr_line' id='line_1_33' title="bbox 429 1799 2017 1899; baseline -0.009 -14"><span class='ocrx_word' id='word_1_223' title='bbox 429 1799 615 1885; x_wconf 64' lang='grc' dir='ltr'>νιῦσαν</span> <span class='ocrx_word' id='word_1_224' title='bbox 637 1799 803 1882; x_wconf 79' lang='grc' dir='ltr'>αύτὸν</span> <span class='ocrx_word' id='word_1_225' title='bbox 825 1799 1051 1899; x_wconf 77' lang='grc' dir='ltr'>μητέρα</span> <span class='ocrx_word' id='word_1_226' title='bbox 1077 1826 1197 1897; x_wconf 82' lang='grc' dir='ltr'>τὴν,</span> <span class='ocrx_word' id='word_1_227' title='bbox 1221 1820 1290 1896; x_wconf 78' lang='grc' dir='ltr'>ἦς</span> <span class='ocrx_word' id='word_1_228' title='bbox 1323 1822 1573 1892; x_wconf 90' lang='grc' dir='ltr'>γίνεσθαι</span> <span class='ocrx_word' id='word_1_229' title='bbox 1600 1799 1814 1889; x_wconf 81' lang='grc' dir='ltr'>πέφυκε</span> <span class='ocrx_word' id='word_1_230' title='bbox 1842 1836 2017 1889; x_wconf 84' lang='grc' dir='ltr'>τιμω-</span> 
     </span>
    </p>
   </div>
   <div class='ocr_carea' id='block_1_34' title="bbox 2129 1799 3715 1899">
    <p class='ocr_par' dir='ltr' id='par_1_34' title="bbox 2129 1810 3715 1885">
     <span class='ocr_line' id='line_1_34' title="bbox 2129 1810 3715 1885; baseline 0.004 -20"><span class='ocrx_word' id='word_1_231' title='bbox 2129 1817 2252 1865; x_wconf 77' lang='lat' dir='ltr'><strong>tem.</strong></span> <span class='ocrx_word' id='word_1_232' title='bbox 2284 1810 2413 1865; x_wconf 65' lang='lat' dir='ltr'><strong>Haec</strong></span> <span class='ocrx_word' id='word_1_233' title='bbox 2444 1811 2616 1876; x_wconf 90' lang='lat' dir='ltr'><strong>enim,</strong></span> <span class='ocrx_word' id='word_1_234' title='bbox 2644 1811 2741 1866; x_wconf 91' lang='lat' dir='ltr'><strong>ubi</strong></span> <span class='ocrx_word' id='word_1_235' title='bbox 2768 1811 2944 1881; x_wconf 85' lang='lat' dir='ltr'><strong>ipsius</strong></span> <span class='ocrx_word' id='word_1_236' title='bbox 2964 1828 3186 1882; x_wconf 83' lang='lat' dir='ltr'><strong>parens.</strong></span> <span class='ocrx_word' id='word_1_237' title='bbox 3212 1814 3375 1885; x_wconf 87' lang='lat' dir='ltr'><strong>cujus</strong></span> <span class='ocrx_word' id='word_1_238' title='bbox 3396 1815 3564 1871; x_wconf 86' lang='lat' dir='ltr'><strong>ultrix</strong></span> <span class='ocrx_word' id='word_1_239' title='bbox 3589 1829 3715 1871; x_wconf 81' lang='lat' dir='ltr'><strong>esse</strong></span> 
     </span>
    </p>
   </div>
   <div class='ocr_carea' id='block_1_35' title="bbox 433 1914 2013 1995">
    <p class='ocr_par' dir='ltr' id='par_1_35' title="bbox 433 1914 2013 1995">
     <span class='ocr_line' id='line_1_35' title="bbox 433 1914 2013 1995; baseline -0.007 -19"><span class='ocrx_word' id='word_1_240' title='bbox 433 1923 548 1995; x_wconf 79' lang='grc' dir='ltr'>ρδς,</span> <span class='ocrx_word' id='word_1_241' title='bbox 566 1920 758 1992; x_wconf 83' lang='grc' dir='ltr'>ἡδονὴν</span> <span class='ocrx_word' id='word_1_242' title='bbox 784 1920 957 1973; x_wconf 78' lang='grc' dir='ltr'>ἀϊδίου</span> <span class='ocrx_word' id='word_1_243' title='bbox 980 1918 1129 1989; x_wconf 77' lang='grc' dir='ltr'>ζωῆς</span> <span class='ocrx_word' id='word_1_244' title='bbox 1154 1916 1440 1988; x_wconf 82' lang='grc' dir='ltr'>προδήλως</span> <span class='ocrx_word' id='word_1_245' title='bbox 1462 1914 1787 1968; x_wconf 83' lang='grc' dir='ltr'>καθίσταται</span> <span class='ocrx_word' id='word_1_246' title='bbox 1809 1914 2013 1982; x_wconf 77' lang='grc' dir='ltr'>πατήρ.</span> 
     </span>
    </p>
   </div>
   <div class='ocr_carea' id='block_1_36' title="bbox 441 2002 2016 2081">
    <p class='ocr_par' dir='ltr' id='par_1_36' title="bbox 441 2002 2016 2081">
     <span class='ocr_line' id='line_1_36' title="bbox 441 2002 2016 2081; baseline -0.008 -15"><span class='ocrx_word' id='word_1_247' title='bbox 441 2013 529 2076; x_wconf 81' lang='grc' dir='ltr'>Ὠς</span> <span class='ocrx_word' id='word_1_248' title='bbox 578 2011 690 2081; x_wconf 81' lang='grc' dir='ltr'>γὰρ</span> <span class='ocrx_word' id='word_1_249' title='bbox 738 2010 834 2063; x_wconf 85' lang='grc' dir='ltr'><strong>τοῦ</strong></span> <span class='ocrx_word' id='word_1_250' title='bbox 902 2008 1077 2079; x_wconf 78' lang='grc' dir='ltr'>Ἀδὰμ</span> <span class='ocrx_word' id='word_1_251' title='bbox 1134 2009 1168 2077; x_wconf 82' lang='grc' dir='ltr'><strong>ἡ</strong></span> <span class='ocrx_word' id='word_1_252' title='bbox 1208 2005 1329 2060; x_wconf 80' lang='grc' dir='ltr'>καθ’</span> <span class='ocrx_word' id='word_1_253' title='bbox 1362 2004 1560 2076; x_wconf 74' lang='grc' dir='ltr'>ἡδονὴν</span> <span class='ocrx_word' id='word_1_254' title='bbox 1598 2002 1734 2075; x_wconf 79' lang='grc' dir='ltr'>ζωὴ,</span> <span class='ocrx_word' id='word_1_255' title='bbox 1780 2002 2016 2055; x_wconf 88' lang='grc' dir='ltr'>θανάτου</span> 
     </span>
    </p>
   </div>
   <div class='ocr_carea' id='block_1_37' title="bbox 430 2095 2018 2173">
    <p class='ocr_par' dir='ltr' id='par_1_37' title="bbox 430 2095 2018 2173">
     <span class='ocr_line' id='line_1_37' title="bbox 430 2095 2018 2173; baseline -0.008 -14"><span class='ocrx_word' id='word_1_256' title='bbox 430 2105 525 2159; x_wconf 78' lang='grc' dir='ltr'><strong>καὶ</strong></span> <span class='ocrx_word' id='word_1_257' title='bbox 550 2104 758 2173; x_wconf 79' lang='grc' dir='ltr'>φθορᾶς</span> <span class='ocrx_word' id='word_1_258' title='bbox 787 2102 980 2172; x_wconf 82' lang='grc' dir='ltr'>γέγονε</span> <span class='ocrx_word' id='word_1_259' title='bbox 1009 2100 1214 2172; x_wconf 85' lang='grc' dir='ltr'><strong>μήτηρ,</strong></span> <span class='ocrx_word' id='word_1_260' title='bbox 1251 2098 1396 2153; x_wconf 74' lang='grc' dir='ltr'>οὕτω</span> <span class='ocrx_word' id='word_1_261' title='bbox 1416 2099 1514 2152; x_wconf 73' lang='grc' dir='ltr'><strong>καὶ</strong></span> <span class='ocrx_word' id='word_1_262' title='bbox 1546 2100 1575 2151; x_wconf 91' lang='grc' dir='ltr'>ὁ</span> <span class='ocrx_word' id='word_1_263' title='bbox 1602 2097 1693 2151; x_wconf 85' lang='grc' dir='ltr'>διὰ</span> <span class='ocrx_word' id='word_1_264' title='bbox 1713 2095 1806 2148; x_wconf 80' lang='grc' dir='ltr'><strong>τὸν</strong></span> <span class='ocrx_word' id='word_1_265' title='bbox 1844 2095 2018 2163; x_wconf 81' lang='grc' dir='ltr'>Ἀδὰμ</span> 
     </span>
    </p>
   </div>
   <div class='ocr_carea' id='block_1_38' title="bbox 428 2189 2017 2268">
    <p class='ocr_par' dir='ltr' id='par_1_38' title="bbox 428 2189 2017 2268">
     <span class='ocr_line' id='line_1_38' title="bbox 428 2189 2017 2268; baseline -0.007 -16"><span class='ocrx_word' id='word_1_266' title='bbox 428 2199 525 2254; x_wconf 86' lang='grc' dir='ltr'><strong>τοῦ</strong></span> <span class='ocrx_word' id='word_1_267' title='bbox 547 2200 759 2268; x_wconf 82' lang='grc' dir='ltr'>Κυρίου</span> <span class='ocrx_word' id='word_1_268' title='bbox 785 2198 1016 2260; x_wconf 82' lang='grc' dir='ltr'>Θάνατος</span> <span class='ocrx_word' id='word_1_269' title='bbox 1041 2196 1302 2267; x_wconf 86' lang='grc' dir='ltr'>ὑπάρχων</span> <span class='ocrx_word' id='word_1_270' title='bbox 1327 2194 1429 2264; x_wconf 82' lang='grc' dir='ltr'>τῆς</span> <span class='ocrx_word' id='word_1_271' title='bbox 1452 2194 1518 2247; x_wconf 78' lang='grc' dir='ltr'>ὲκ</span> <span class='ocrx_word' id='word_1_272' title='bbox 1540 2191 1634 2245; x_wconf 87' lang='grc' dir='ltr'><strong>τοῦ</strong></span> <span class='ocrx_word' id='word_1_273' title='bbox 1666 2190 1842 2261; x_wconf 84' lang='grc' dir='ltr'>Ἀδὰμ</span> <span class='ocrx_word' id='word_1_274' title='bbox 1863 2189 2017 2243; x_wconf 86' lang='grc' dir='ltr'>ὲλεύ-</span> 
     </span>
    </p>
   </div>
   <div class='ocr_carea' id='block_1_39' title="bbox 431 2282 1800 2365">
    <p class='ocr_par' dir='ltr' id='par_1_39' title="bbox 431 2282 1800 2365">
     <span class='ocr_line' id='line_1_39' title="bbox 431 2282 1800 2365; baseline -0.007 -18"><span class='ocrx_word' id='word_1_275' title='bbox 431 2292 589 2365; x_wconf 69' lang='grc' dir='ltr'>θέρος</span> <span class='ocrx_word' id='word_1_276' title='bbox 620 2291 836 2362; x_wconf 80' lang='grc' dir='ltr'>ἡδονῆς,</span> <span class='ocrx_word' id='word_1_277' title='bbox 871 2288 1043 2344; x_wconf 86' lang='grc' dir='ltr'>ἀϊδίου</span> <span class='ocrx_word' id='word_1_278' title='bbox 1073 2286 1353 2358; x_wconf 85' lang='grc' dir='ltr'>γεννήτωρ</span> <span class='ocrx_word' id='word_1_279' title='bbox 1379 2286 1591 2354; x_wconf 83' lang='grc' dir='ltr'>γίνεται</span> <span class='ocrx_word' id='word_1_280' title='bbox 1632 2282 1800 2354; x_wconf 77' lang='grc' dir='ltr'>ζωῆς,</span> 
     </span>
    </p>
   </div>
   <div class='ocr_carea' id='block_1_40' title="bbox 504 2552 2021 2629">
    <p class='ocr_par' dir='ltr' id='par_1_40' title="bbox 504 2552 2021 2629">
     <span class='ocr_line' id='line_1_40' title="bbox 504 2552 2021 2629; baseline -0.005 -17"><span class='ocrx_word' id='word_1_281' title='bbox 504 2564 622 2629; x_wconf 63' lang='lat' dir='ltr'><strong>pg‘.</strong></span> <span class='ocrx_word' id='word_1_282' title='bbox 669 2557 873 2629; x_wconf 80' lang='grc' dir='ltr'>Ἀρχὴν</span> <span class='ocrx_word' id='word_1_283' title='bbox 907 2556 1035 2629; x_wconf 73' lang='grc' dir='ltr'>ἔσχε</span> <span class='ocrx_word' id='word_1_284' title='bbox 1073 2556 1216 2627; x_wconf 83' lang='grc' dir='ltr'>μετὰ</span> <span class='ocrx_word' id='word_1_285' title='bbox 1245 2555 1344 2627; x_wconf 82' lang='grc' dir='ltr'>τὴν</span> <span class='ocrx_word' id='word_1_286' title='bbox 1377 2554 1691 2626; x_wconf 74' lang='grc' dir='ltr'>παράϐασιν</span> <span class='ocrx_word' id='word_1_287' title='bbox 1725 2554 1759 2624; x_wconf 81' lang='grc' dir='ltr'><strong>ἡ</strong></span> <span class='ocrx_word' id='word_1_288' title='bbox 1790 2552 1899 2606; x_wconf 87' lang='grc' dir='ltr'><strong>τῶν</strong></span> <span class='ocrx_word' id='word_1_289' title='bbox 1925 2552 2021 2605; x_wconf 84' lang='grc' dir='ltr'><strong>ἀν-</strong></span> 
     </span>
    </p>
   </div>
   <div class='ocr_carea' id='block_1_41' title="bbox 431 2641 2020 2720">
    <p class='ocr_par' dir='ltr' id='par_1_41' title="bbox 431 2641 2020 2720">
     <span class='ocr_line' id='line_1_41' title="bbox 431 2641 2020 2720; baseline -0.006 -16"><span class='ocrx_word' id='word_1_290' title='bbox 431 2650 667 2719; x_wconf 84' lang='grc' dir='ltr'>θρώπων</span> <span class='ocrx_word' id='word_1_291' title='bbox 719 2654 883 2717; x_wconf 82' lang='grc' dir='ltr'>φύσις</span> <span class='ocrx_word' id='word_1_292' title='bbox 925 2651 1025 2720; x_wconf 77' lang='grc' dir='ltr'>τῆς</span> <span class='ocrx_word' id='word_1_293' title='bbox 1066 2648 1202 2711; x_wconf 73' lang='grc' dir='ltr'>ἰδίας</span> <span class='ocrx_word' id='word_1_294' title='bbox 1238 2648 1508 2716; x_wconf 83' lang='grc' dir='ltr'>γενέσεως</span> <span class='ocrx_word' id='word_1_295' title='bbox 1540 2646 1639 2716; x_wconf 85' lang='grc' dir='ltr'>τὴν</span> <span class='ocrx_word' id='word_1_296' title='bbox 1670 2643 1795 2697; x_wconf 87' lang='grc' dir='ltr'>καθ’</span> <span class='ocrx_word' id='word_1_297' title='bbox 1825 2641 2020 2713; x_wconf 75' lang='grc' dir='ltr'>ἡδονὴν</span> 
     </span>
    </p>
   </div>
   <div class='ocr_carea' id='block_1_42' title="bbox 430 2732 2017 2813">
    <p class='ocr_par' dir='ltr' id='par_1_42' title="bbox 430 2732 2017 2813">
     <span class='ocr_line' id='line_1_42' title="bbox 430 2732 2017 2813; baseline -0.007 -16"><span class='ocrx_word' id='word_1_298' title='bbox 430 2746 497 2798; x_wconf 70' lang='grc' dir='ltr'>ἐκ</span> <span class='ocrx_word' id='word_1_299' title='bbox 520 2744 730 2813; x_wconf 83' lang='grc' dir='ltr'>σπορᾶς</span> <span class='ocrx_word' id='word_1_300' title='bbox 754 2740 1038 2811; x_wconf 78' lang='grc' dir='ltr'>σύλληψιν,</span> <span class='ocrx_word' id='word_1_301' title='bbox 1073 2740 1171 2793; x_wconf 77' lang='grc' dir='ltr'>καὶ</span> <span class='ocrx_word' id='word_1_302' title='bbox 1199 2740 1299 2811; x_wconf 83' lang='grc' dir='ltr'>τὴν</span> <span class='ocrx_word' id='word_1_303' title='bbox 1330 2737 1476 2792; x_wconf 75' lang='grc' dir='ltr'>κατὰ</span> <span class='ocrx_word' id='word_1_304' title='bbox 1500 2736 1685 2807; x_wconf 81' lang='grc' dir='ltr'>ῥεῦσιν</span> <span class='ocrx_word' id='word_1_305' title='bbox 1717 2732 1974 2805; x_wconf 85' lang='grc' dir='ltr'>γέννησιν</span> <span class='ocrx_word' id='word_1_306' title='bbox 2001 2750 2017 2766; x_wconf 80' lang='grc' dir='ltr'><strong>ο</strong></span> 
     </span>
    </p>
   </div>
   <div class='ocr_carea' id='block_1_43' title="bbox 431 2825 2019 2902">
    <p class='ocr_par' dir='ltr' id='par_1_43' title="bbox 431 2825 2019 2902">
     <span class='ocr_line' id='line_1_43' title="bbox 431 2825 2019 2902; baseline -0.006 -15"><span class='ocrx_word' id='word_1_307' title='bbox 431 2835 525 2887; x_wconf 79' lang='grc' dir='ltr'>καὶ</span> <span class='ocrx_word' id='word_1_308' title='bbox 545 2834 722 2897; x_wconf 81' lang='grc' dir='ltr'>τέλος,</span> <span class='ocrx_word' id='word_1_309' title='bbox 752 2833 843 2885; x_wconf 74' lang='grc' dir='ltr'><strong>τὸν</strong></span> <span class='ocrx_word' id='word_1_310' title='bbox 881 2830 1005 2886; x_wconf 76' lang='grc' dir='ltr'>κατ’</span> <span class='ocrx_word' id='word_1_311' title='bbox 1033 2830 1226 2902; x_wconf 84' lang='grc' dir='ltr'>ὀδύνην</span> <span class='ocrx_word' id='word_1_312' title='bbox 1247 2830 1337 2883; x_wconf 86' lang='grc' dir='ltr'>διὰ</span> <span class='ocrx_word' id='word_1_313' title='bbox 1367 2828 1575 2899; x_wconf 78' lang='grc' dir='ltr'>φθορᾶς</span> <span class='ocrx_word' id='word_1_314' title='bbox 1602 2826 1832 2881; x_wconf 84' lang='grc' dir='ltr'>θάνατον</span> <span class='ocrx_word' id='word_1_315' title='bbox 1860 2841 1874 2857; x_wconf 74' lang='grc'><strong><em>⁸</em></strong></span> <span class='ocrx_word' id='word_1_316' title='bbox 1904 2827 1933 2879; x_wconf 84' lang='grc' dir='ltr'><strong>ό</strong></span> <span class='ocrx_word' id='word_1_317' title='bbox 1961 2825 2019 2878; x_wconf 82' lang='grc' dir='ltr'>δὲ</span> 
     </span>
    </p>
   </div>
   <div class='ocr_carea' id='block_1_44' title="bbox 430 2918 2017 2997">
    <p class='ocr_par' dir='ltr' id='par_1_44' title="bbox 430 2918 2017 2997">
     <span class='ocr_line' id='line_1_44' title="bbox 430 2918 2017 2997; baseline -0.006 -18"><span class='ocrx_word' id='word_1_318' title='bbox 430 2924 638 2997; x_wconf 85' lang='grc' dir='ltr'>Κύριος</span> <span class='ocrx_word' id='word_1_319' title='bbox 657 2925 865 2994; x_wconf 91' lang='grc' dir='ltr'>ταύτην</span> <span class='ocrx_word' id='word_1_320' title='bbox 886 2926 988 2978; x_wconf 85' lang='grc' dir='ltr'><strong>οὐκ</strong></span> <span class='ocrx_word' id='word_1_321' title='bbox 1013 2923 1155 2993; x_wconf 72' lang='grc' dir='ltr'>ἔχων</span> <span class='ocrx_word' id='word_1_322' title='bbox 1182 2921 1358 2994; x_wconf 84' lang='grc' dir='ltr'>ἀρχὴν</span> <span class='ocrx_word' id='word_1_323' title='bbox 1384 2922 1484 2990; x_wconf 83' lang='grc' dir='ltr'>τῆς</span> <span class='ocrx_word' id='word_1_324' title='bbox 1507 2920 1650 2974; x_wconf 79' lang='grc' dir='ltr'>κατὰ</span> <span class='ocrx_word' id='word_1_325' title='bbox 1679 2918 1861 2990; x_wconf 88' lang='grc' dir='ltr'>σάρκα</span> <span class='ocrx_word' id='word_1_326' title='bbox 1890 2935 2017 2988; x_wconf 90' lang='grc' dir='ltr'>γεν-</span> 
     </span>
    </p>
   </div>
   <div class='ocr_carea' id='block_1_45' title="bbox 431 3008 2018 3087">
    <p class='ocr_par' dir='ltr' id='par_1_45' title="bbox 431 3008 2018 3087">
     <span class='ocr_line' id='line_1_45' title="bbox 431 3008 2018 3087; baseline -0.016 -3"><span class='ocrx_word' id='word_1_327' title='bbox 431 3016 665 3087; x_wconf 81' lang='grc' dir='ltr'>νήσεως,</span> <span class='ocrx_word' id='word_1_328' title='bbox 701 3013 826 3067; x_wconf 72' lang='grc' dir='ltr'>οὗτε</span> <span class='ocrx_word' id='word_1_329' title='bbox 871 3013 952 3085; x_wconf 79' lang='grc' dir='ltr'>τῷ</span> <span class='ocrx_word' id='word_1_330' title='bbox 986 3014 1151 3078; x_wconf 85' lang='grc' dir='ltr'>τέλει,</span> <span class='ocrx_word' id='word_1_331' title='bbox 1179 3011 1432 3067; x_wconf 80' lang='grc' dir='ltr'>τουτέστι</span> <span class='ocrx_word' id='word_1_332' title='bbox 1460 3011 1540 3082; x_wconf 84' lang='grc' dir='ltr'>τῷ</span> <span class='ocrx_word' id='word_1_333' title='bbox 1568 3010 1809 3081; x_wconf 83' lang='grc' dir='ltr'>θανάτῳ,</span> <span class='ocrx_word' id='word_1_334' title='bbox 1837 3008 2018 3079; x_wconf 79' lang='grc' dir='ltr'>ύπῆρ·</span> 
     </span>
    </p>
   </div>
   <div class='ocr_carea' id='block_1_46' title="bbox 432 3105 783 3177">
    <p class='ocr_par' dir='ltr' id='par_1_46' title="bbox 432 3105 783 3177">
     <span class='ocr_line' id='line_1_46' title="bbox 432 3105 783 3177; baseline 0 -18"><span class='ocrx_word' id='word_1_335' title='bbox 432 3124 526 3177; x_wconf 86' lang='grc' dir='ltr'><strong>χεν</strong></span> <span class='ocrx_word' id='word_1_336' title='bbox 553 3105 783 3169; x_wconf 81' lang='grc' dir='ltr'>ἁλωτός.</span> 
     </span>
    </p>
   </div>
   <div class='ocr_carea' id='block_1_47' title="bbox 505 3193 2019 3269">
    <p class='ocr_par' dir='ltr' id='par_1_47' title="bbox 505 3193 2019 3269">
     <span class='ocr_line' id='line_1_47' title="bbox 505 3193 2019 3269; baseline -0.005 -16"><span class='ocrx_word' id='word_1_337' title='bbox 505 3197 613 3269; x_wconf 77' lang='grc' dir='ltr'><strong>μζ’.</strong></span> <span class='ocrx_word' id='word_1_338' title='bbox 649 3198 754 3250; x_wconf 84' lang='grc' dir='ltr'><strong>Τδν</strong></span> <span class='ocrx_word' id='word_1_339' title='bbox 810 3198 982 3268; x_wconf 80' lang='grc' dir='ltr'>Ἀδὰμ</span> <span class='ocrx_word' id='word_1_340' title='bbox 1012 3200 1046 3268; x_wconf 82' lang='grc' dir='ltr'><strong>ἡ</strong></span> <span class='ocrx_word' id='word_1_341' title='bbox 1079 3196 1324 3268; x_wconf 85' lang='grc' dir='ltr'>ἁμαρτία</span> <span class='ocrx_word' id='word_1_342' title='bbox 1368 3195 1649 3267; x_wconf 69' lang='grc' dir='ltr'>καταρχὰς</span> <span class='ocrx_word' id='word_1_343' title='bbox 1692 3193 2019 3257; x_wconf 85' lang='grc' dir='ltr'>δελεάσασα,</span> 
     </span>
    </p>
   </div>
   <div class='ocr_carea' id='block_1_48' title="bbox 431 3285 2021 3364">
    <p class='ocr_par' dir='ltr' id='par_1_48' title="bbox 431 3285 2021 3364">
     <span class='ocr_line' id='line_1_48' title="bbox 431 3285 2021 3364; baseline -0.003 -21"><span class='ocrx_word' id='word_1_344' title='bbox 431 3291 570 3364; x_wconf 84' lang='grc' dir='ltr'>πρὸς</span> <span class='ocrx_word' id='word_1_345' title='bbox 599 3290 915 3363; x_wconf 75' lang='grc' dir='ltr'>παράϐασιν</span> <span class='ocrx_word' id='word_1_346' title='bbox 944 3291 1042 3361; x_wconf 85' lang='grc' dir='ltr'>τῆς</span> <span class='ocrx_word' id='word_1_347' title='bbox 1071 3290 1225 3353; x_wconf 84' lang='grc' dir='ltr'>Θείας</span> <span class='ocrx_word' id='word_1_348' title='bbox 1254 3289 1594 3363; x_wconf 85' lang='grc' dir='ltr'>παρέπεισεν</span> <span class='ocrx_word' id='word_1_349' title='bbox 1639 3285 1818 3340; x_wconf 77' lang='grc' dir='ltr'>ἐλθεῖν</span> <span class='ocrx_word' id='word_1_350' title='bbox 1866 3286 2021 3339; x_wconf 80' lang='grc' dir='ltr'>ὲντο-</span> 
     </span>
    </p>
   </div>
   <div class='ocr_carea' id='block_1_49' title="bbox 430 3377 2022 3454">
    <p class='ocr_par' dir='ltr' id='par_1_49' title="bbox 430 3377 2022 3454">
     <span class='ocr_line' id='line_1_49' title="bbox 430 3377 2022 3454; baseline -0.004 -18"><span class='ocrx_word' id='word_1_351' title='bbox 430 3382 533 3454; x_wconf 82' lang='grc' dir='ltr'>λῆς</span> <span class='ocrx_word' id='word_1_352' title='bbox 564 3399 579 3412; x_wconf 81' lang='grc'><strong><em>⁸</em></strong></span> <span class='ocrx_word' id='word_1_353' title='bbox 634 3382 758 3436; x_wconf 85' lang='grc' dir='ltr'>καθ’</span> <span class='ocrx_word' id='word_1_354' title='bbox 802 3383 871 3452; x_wconf 78' lang='grc' dir='ltr'>ἣν</span> <span class='ocrx_word' id='word_1_355' title='bbox 916 3383 1017 3451; x_wconf 80' lang='grc' dir='ltr'>τὴν</span> <span class='ocrx_word' id='word_1_356' title='bbox 1048 3382 1245 3454; x_wconf 79' lang='grc' dir='ltr'>ἡδονὴν</span> <span class='ocrx_word' id='word_1_357' title='bbox 1276 3382 1656 3451; x_wconf 82' lang='grc' dir='ltr'>ὑποστήσασα,</span> <span class='ocrx_word' id='word_1_358' title='bbox 1694 3379 1791 3432; x_wconf 75' lang='grc' dir='ltr'><strong>καὶ</strong></span> <span class='ocrx_word' id='word_1_359' title='bbox 1820 3377 2022 3446; x_wconf 78' lang='grc' dir='ltr'>ἑαυτὴν</span> 
     </span>
    </p>
   </div>
   <div class='ocr_carea' id='block_1_50' title="bbox 430 3468 2023 3545">
    <p class='ocr_par' dir='ltr' id='par_1_50' title="bbox 430 3468 2023 3545">
     <span class='ocr_line' id='line_1_50' title="bbox 430 3468 2023 3545; baseline -0.005 -17"><span class='ocrx_word' id='word_1_360' title='bbox 430 3474 522 3528; x_wconf 82' lang='grc' dir='ltr'><strong>διὰ</strong></span> <span class='ocrx_word' id='word_1_361' title='bbox 549 3474 653 3545; x_wconf 84' lang='grc' dir='ltr'><strong>τῆς</strong></span> <span class='ocrx_word' id='word_1_362' title='bbox 673 3474 869 3545; x_wconf 79' lang='grc' dir='ltr'>ἡδονῆς</span> <span class='ocrx_word' id='word_1_363' title='bbox 895 3475 954 3527; x_wconf 77' lang='grc' dir='ltr'>ὲν</span> <span class='ocrx_word' id='word_1_364' title='bbox 981 3472 1133 3543; x_wconf 75' lang='grc' dir='ltr'>αὐτῷ</span> <span class='ocrx_word' id='word_1_365' title='bbox 1158 3471 1530 3541; x_wconf 88' lang='grc' dir='ltr'>καθηλώσασα</span> <span class='ocrx_word' id='word_1_366' title='bbox 1558 3471 1638 3541; x_wconf 83' lang='grc' dir='ltr'>τῷ</span> <span class='ocrx_word' id='word_1_367' title='bbox 1663 3468 1903 3540; x_wconf 82' lang='grc' dir='ltr'>πυθμένι</span> <span class='ocrx_word' id='word_1_368' title='bbox 1922 3471 2023 3539; x_wconf 80' lang='grc' dir='ltr'><strong>τῆς</strong></span> 
     </span>
    </p>
   </div>
   <div class='ocr_carea' id='block_1_51' title="bbox 433 3559 2020 3635">
    <p class='ocr_par' dir='ltr' id='par_1_51' title="bbox 433 3559 2020 3635">
     <span class='ocr_line' id='line_1_51' title="bbox 433 3559 2020 3635; baseline -0.004 -17"><span class='ocrx_word' id='word_1_369' title='bbox 433 3564 670 3634; x_wconf 82' lang='grc' dir='ltr'>φύσεως,</span> <span class='ocrx_word' id='word_1_370' title='bbox 701 3565 795 3619; x_wconf 87' lang='grc' dir='ltr'><strong>τὸν</strong></span> <span class='ocrx_word' id='word_1_371' title='bbox 825 3564 1056 3620; x_wconf 85' lang='grc' dir='ltr'>θάνατον</span> <span class='ocrx_word' id='word_1_372' title='bbox 1107 3564 1207 3635; x_wconf 81' lang='grc' dir='ltr'>τῆς</span> <span class='ocrx_word' id='word_1_373' title='bbox 1260 3564 1391 3633; x_wconf 84' lang='grc' dir='ltr'>ὅλης</span> <span class='ocrx_word' id='word_1_374' title='bbox 1439 3563 1732 3632; x_wconf 86' lang='grc' dir='ltr'>κατέκρινε</span> <span class='ocrx_word' id='word_1_375' title='bbox 1780 3559 2020 3629; x_wconf 85' lang='grc' dir='ltr'>φύσεως,</span> 
     </span>
    </p>
   </div>
   <div class='ocr_carea' id='block_1_52' title="bbox 433 3649 2022 3728">
    <p class='ocr_par' dir='ltr' id='par_1_52' title="bbox 433 3649 2022 3728">
     <span class='ocr_line' id='line_1_52' title="bbox 433 3649 2022 3728; baseline -0.005 -16"><span class='ocrx_word' id='word_1_376' title='bbox 433 3657 651 3712; x_wconf 83' lang='grc' dir='ltr'>ὠθοῦσα</span> <span class='ocrx_word' id='word_1_377' title='bbox 682 3656 821 3728; x_wconf 83' lang='grc' dir='ltr'>πρὸς</span> <span class='ocrx_word' id='word_1_378' title='bbox 844 3656 1169 3725; x_wconf 84' lang='grc' dir='ltr'>ἀπογένεσιν</span> <span class='ocrx_word' id='word_1_379' title='bbox 1192 3655 1334 3709; x_wconf 82' lang='grc' dir='ltr'>κατὰ</span> <span class='ocrx_word' id='word_1_380' title='bbox 1376 3654 1470 3708; x_wconf 84' lang='grc' dir='ltr'><strong>τὸν</strong></span> <span class='ocrx_word' id='word_1_381' title='bbox 1501 3653 1735 3708; x_wconf 87' lang='grc' dir='ltr'>θάνατον</span> <span class='ocrx_word' id='word_1_382' title='bbox 1784 3650 1876 3705; x_wconf 86' lang='grc' dir='ltr'><strong>διὰ</strong></span> <span class='ocrx_word' id='word_1_383' title='bbox 1925 3649 2022 3705; x_wconf 86' lang='grc' dir='ltr'><strong>τοῦ</strong></span> 
     </span>
    </p>
   </div>
   <div class='ocr_carea' id='block_1_53' title="bbox 434 3742 2023 3821">
    <p class='ocr_par' dir='ltr' id='par_1_53' title="bbox 434 3742 2023 3821">
     <span class='ocr_line' id='line_1_53' title="bbox 434 3742 2023 3821; baseline -0.006 -17"><span class='ocrx_word' id='word_1_384' title='bbox 434 3749 748 3821; x_wconf 78' lang='grc' dir='ltr'>ἀνθρώπου,</span> <span class='ocrx_word' id='word_1_385' title='bbox 786 3746 883 3819; x_wconf 81' lang='grc' dir='ltr'><strong>τὴν</strong></span> <span class='ocrx_word' id='word_1_386' title='bbox 926 3747 1092 3817; x_wconf 82' lang='grc' dir='ltr'>φύσιν</span> <span class='ocrx_word' id='word_1_387' title='bbox 1143 3745 1255 3799; x_wconf 85' lang='grc' dir='ltr'>τῶν</span> <span class='ocrx_word' id='word_1_388' title='bbox 1302 3744 1630 3815; x_wconf 82' lang='grc' dir='ltr'>γεγονότων.</span> <span class='ocrx_word' id='word_1_389' title='bbox 1698 3743 1871 3798; x_wconf 89' lang='grc' dir='ltr'>Τοῦτο</span> <span class='ocrx_word' id='word_1_390' title='bbox 1911 3742 2023 3813; x_wconf 83' lang='grc' dir='ltr'>γὰρ</span> 
     </span>
    </p>
   </div>
   <div class='ocr_carea' id='block_1_54' title="bbox 436 3835 2025 3911">
    <p class='ocr_par' dir='ltr' id='par_1_54' title="bbox 436 3835 2025 3911">
     <span class='ocr_line' id='line_1_54' title="bbox 436 3835 2025 3911; baseline -0.005 -16"><span class='ocrx_word' id='word_1_391' title='bbox 436 3840 532 3895; x_wconf 80' lang='grc' dir='ltr'>καὶ</span> <span class='ocrx_word' id='word_1_392' title='bbox 565 3842 927 3911; x_wconf 84' lang='grc' dir='ltr'>μεμηχάνητο</span> <span class='ocrx_word' id='word_1_393' title='bbox 954 3837 1032 3908; x_wconf 83' lang='grc' dir='ltr'>τῷ</span> <span class='ocrx_word' id='word_1_394' title='bbox 1064 3840 1258 3908; x_wconf 85' lang='grc' dir='ltr'>σπορεῖ</span> <span class='ocrx_word' id='word_1_395' title='bbox 1277 3840 1376 3909; x_wconf 83' lang='grc' dir='ltr'>τῆς</span> <span class='ocrx_word' id='word_1_396' title='bbox 1403 3836 1701 3907; x_wconf 83' lang='grc' dir='ltr'>ἁμαρτίας,</span> <span class='ocrx_word' id='word_1_397' title='bbox 1733 3835 1829 3891; x_wconf 70' lang='grc' dir='ltr'><strong>καὶ</strong></span> <span class='ocrx_word' id='word_1_398' title='bbox 1854 3836 2025 3905; x_wconf 79' lang='grc' dir='ltr'>πατρὶ</span> 
     </span>
    </p>
   </div>
   <div class='ocr_carea' id='block_1_55' title="bbox 432 3928 2026 4004">
    <p class='ocr_par' dir='ltr' id='par_1_55' title="bbox 432 3928 2026 4004">
     <span class='ocr_line' id='line_1_55' title="bbox 432 3928 2026 4004; baseline -0.004 -17"><span class='ocrx_word' id='word_1_399' title='bbox 432 3934 531 4004; x_wconf 79' lang='grc' dir='ltr'>τῆς</span> <span class='ocrx_word' id='word_1_400' title='bbox 550 3933 750 3995; x_wconf 83' lang='grc' dir='ltr'>κακίας</span> <span class='ocrx_word' id='word_1_401' title='bbox 779 3931 1002 4002; x_wconf 83' lang='grc' dir='ltr'>πονηρῷ</span> <span class='ocrx_word' id='word_1_402' title='bbox 1021 3930 1272 4002; x_wconf 77' lang='grc' dir='ltr'>διαϐόλῳ,</span> <span class='ocrx_word' id='word_1_403' title='bbox 1296 3930 1375 4001; x_wconf 81' lang='grc' dir='ltr'>τῷ</span> <span class='ocrx_word' id='word_1_404' title='bbox 1406 3929 1598 3984; x_wconf 79' lang='grc' dir='ltr'>ἑαυτὸν</span> <span class='ocrx_word' id='word_1_405' title='bbox 1632 3930 1730 4001; x_wconf 81' lang='grc' dir='ltr'>μὲν</span> <span class='ocrx_word' id='word_1_406' title='bbox 1768 3928 1827 3996; x_wconf 78' lang='grc' dir='ltr'>ἐξ</span> <span class='ocrx_word' id='word_1_407' title='bbox 1854 3929 2026 4000; x_wconf 84' lang='grc' dir='ltr'>ὑπερ-</span> 
     </span>
    </p>
   </div>
   <div class='ocr_carea' id='block_1_56' title="bbox 435 4020 2024 4097">
    <p class='ocr_par' dir='ltr' id='par_1_56' title="bbox 435 4020 2024 4097">
     <span class='ocr_line' id='line_1_56' title="bbox 435 4020 2024 4097; baseline -0.005 -18"><span class='ocrx_word' id='word_1_408' title='bbox 435 4027 670 4097; x_wconf 79' lang='grc' dir='ltr'>ηφανίας</span> <span class='ocrx_word' id='word_1_409' title='bbox 733 4024 835 4094; x_wconf 80' lang='grc' dir='ltr'>τῆς</span> <span class='ocrx_word' id='word_1_410' title='bbox 888 4023 1039 4086; x_wconf 86' lang='grc' dir='ltr'>θείας</span> <span class='ocrx_word' id='word_1_411' title='bbox 1088 4021 1419 4087; x_wconf 79' lang='grc' dir='ltr'>ὲξοικίσαντι</span> <span class='ocrx_word' id='word_1_412' title='bbox 1465 4021 1645 4091; x_wconf 80' lang='grc' dir='ltr'>δόξης,</span> <span class='ocrx_word' id='word_1_413' title='bbox 1689 4020 1781 4074; x_wconf 86' lang='grc' dir='ltr'>διὰ</span> <span class='ocrx_word' id='word_1_414' title='bbox 1825 4020 2024 4089; x_wconf 83' lang='grc' dir='ltr'>φθόνον</span> 
     </span>
    </p>
   </div>
   <div class='ocr_carea' id='block_1_57' title="bbox 433 4111 2025 4188">
    <p class='ocr_par' dir='ltr' id='par_1_57' title="bbox 433 4111 2025 4188">
     <span class='ocr_line' id='line_1_57' title="bbox 433 4111 2025 4188; baseline -0.005 -17"><span class='ocrx_word' id='word_1_415' title='bbox 433 4119 491 4173; x_wconf 87' lang='grc' dir='ltr'>δὲ</span> <span class='ocrx_word' id='word_1_416' title='bbox 521 4118 613 4171; x_wconf 79' lang='grc' dir='ltr'><strong>τόν</strong></span> <span class='ocrx_word' id='word_1_417' title='bbox 653 4134 715 4170; x_wconf 90' lang='grc' dir='ltr'><strong>τε</strong></span> <span class='ocrx_word' id='word_1_418' title='bbox 748 4116 890 4188; x_wconf 85' lang='grc' dir='ltr'>πρὸς</span> <span class='ocrx_word' id='word_1_419' title='bbox 920 4114 1072 4186; x_wconf 83' lang='grc' dir='ltr'>ἡμᾶς</span> <span class='ocrx_word' id='word_1_420' title='bbox 1120 4114 1218 4167; x_wconf 78' lang='grc' dir='ltr'><strong>καὶ</strong></span> <span class='ocrx_word' id='word_1_421' title='bbox 1265 4114 1355 4168; x_wconf 84' lang='grc' dir='ltr'><strong>τὸν</strong></span> <span class='ocrx_word' id='word_1_422' title='bbox 1402 4112 1558 4178; x_wconf 77' lang='grc' dir='ltr'>Θεὸν,</span> <span class='ocrx_word' id='word_1_423' title='bbox 1609 4111 1704 4166; x_wconf 88' lang='grc' dir='ltr'><strong>τοῦ</strong></span> <span class='ocrx_word' id='word_1_424' title='bbox 1763 4111 2025 4183; x_wconf 84' lang='grc' dir='ltr'>παραδεί-</span> 
     </span>
    </p>
   </div>
   <div class='ocr_carea' id='block_1_58' title="bbox 438 4204 2022 4278">
    <p class='ocr_par' dir='ltr' id='par_1_58' title="bbox 438 4204 2022 4278">
     <span class='ocr_line' id='line_1_58' title="bbox 438 4204 2022 4278; baseline -0.004 -16"><span class='ocrx_word' id='word_1_425' title='bbox 438 4227 535 4263; x_wconf 89' lang='grc' dir='ltr'><strong>σου</strong></span> <span class='ocrx_word' id='word_1_426' title='bbox 566 4210 659 4263; x_wconf 86' lang='grc' dir='ltr'><strong>τδν</strong></span> <span class='ocrx_word' id='word_1_427' title='bbox 701 4209 876 4278; x_wconf 82' lang='grc' dir='ltr'>Ἀδὰμ</span> <span class='ocrx_word' id='word_1_428' title='bbox 923 4208 1276 4275; x_wconf 77' lang='grc' dir='ltr'>ὲξοικίσαντι,</span> <span class='ocrx_word' id='word_1_429' title='bbox 1327 4205 1591 4276; x_wconf 84' lang='grc' dir='ltr'>ἀφανίσαι</span> <span class='ocrx_word' id='word_1_430' title='bbox 1648 4206 1719 4259; x_wconf 83' lang='grc' dir='ltr'><strong>τὰ</strong></span> <span class='ocrx_word' id='word_1_431' title='bbox 1762 4204 1899 4275; x_wconf 84' lang='grc' dir='ltr'>ἔργα</span> <span class='ocrx_word' id='word_1_432' title='bbox 1927 4204 2022 4257; x_wconf 85' lang='grc' dir='ltr'><strong>τοῦ</strong></span> 
     </span>
    </p>
   </div>
   <div class='ocr_carea' id='block_1_59' title="bbox 434 4296 1877 4369">
    <p class='ocr_par' dir='ltr' id='par_1_59' title="bbox 434 4296 1877 4369">
     <span class='ocr_line' id='line_1_59' title="bbox 434 4296 1877 4369; baseline -0.003 -15"><span class='ocrx_word' id='word_1_433' title='bbox 434 4301 593 4369; x_wconf 87' lang='grc' dir='ltr'>Θεοῦ,</span> <span class='ocrx_word' id='word_1_434' title='bbox 627 4302 724 4355; x_wconf 73' lang='grc' dir='ltr'>καὶ</span> <span class='ocrx_word' id='word_1_435' title='bbox 754 4299 1004 4354; x_wconf 89' lang='grc' dir='ltr'>διαλῦσαι</span> <span class='ocrx_word' id='word_1_436' title='bbox 1033 4299 1102 4352; x_wconf 78' lang='grc' dir='ltr'>τὰ</span> <span class='ocrx_word' id='word_1_437' title='bbox 1136 4299 1447 4352; x_wconf 84' lang='grc' dir='ltr'>συνεστῶτα</span> <span class='ocrx_word' id='word_1_438' title='bbox 1474 4297 1612 4368; x_wconf 72' lang='grc' dir='ltr'>πρὸς</span> <span class='ocrx_word' id='word_1_439' title='bbox 1638 4296 1877 4366; x_wconf 83' lang='grc' dir='ltr'>γένεσιν.</span> 
     </span>
    </p>
   </div>
   <div class='ocr_carea' id='block_1_60' title="bbox 2118 1903 3712 1977">
    <p class='ocr_par' dir='ltr' id='par_1_60' title="bbox 2118 1903 3712 1977">
     <span class='ocr_line' id='line_1_60' title="bbox 2118 1903 3712 1977; baseline 0.005 -22"><span class='ocrx_word' id='word_1_440' title='bbox 2118 1903 2430 1968; x_wconf 85' lang='lat' dir='ltr'><strong>consuevit,</strong></span> <span class='ocrx_word' id='word_1_441' title='bbox 2467 1903 2725 1974; x_wconf 82' lang='lat' dir='ltr'><strong>voluptas</strong></span> <span class='ocrx_word' id='word_1_442' title='bbox 2758 1903 3046 1975; x_wconf 88' lang='lat' dir='ltr'><strong>libidoque</strong></span> <span class='ocrx_word' id='word_1_443' title='bbox 3074 1904 3338 1970; x_wconf 85' lang='lat' dir='ltr'><strong>defuerit,</strong></span> <span class='ocrx_word' id='word_1_444' title='bbox 3378 1906 3496 1977; x_wconf 89' lang='lat' dir='ltr'><strong>ipsa</strong></span> <span class='ocrx_word' id='word_1_445' title='bbox 3525 1912 3712 1977; x_wconf 87' lang='lat' dir='ltr'><strong>palam</strong></span> 
     </span>
    </p>
   </div>
   <div class='ocr_carea' id='block_1_61' title="bbox 2119 1992 3715 2064">
    <p class='ocr_par' dir='ltr' id='par_1_61' title="bbox 2119 1992 3715 2064">
     <span class='ocr_line' id='line_1_61' title="bbox 2119 1992 3715 2064; baseline 0.006 -18"><span class='ocrx_word' id='word_1_446' title='bbox 2119 1992 2473 2063; x_wconf 54' lang='lat' dir='ltr'><strong>sempiterna</strong></span> <span class='ocrx_word' id='word_1_447' title='bbox 2519 1994 2647 2049; x_wconf 83' lang='lat' dir='ltr'><strong>vitae</strong></span> <span class='ocrx_word' id='word_1_448' title='bbox 2687 2009 2890 2064; x_wconf 88' lang='lat' dir='ltr'><strong>parens</strong></span> <span class='ocrx_word' id='word_1_449' title='bbox 2938 1995 3178 2051; x_wconf 86' lang='lat' dir='ltr'><strong>exsistit.</strong></span> <span class='ocrx_word' id='word_1_450' title='bbox 3231 1996 3715 2063; x_wconf 85' lang='lat' dir='ltr'><strong>Quemadmodum</strong></span> 
     </span>
    </p>
   </div>
   <div class='ocr_carea' id='block_1_62' title="bbox 2117 2083 3717 2155">
    <p class='ocr_par' dir='ltr' id='par_1_62' title="bbox 2117 2083 3717 2155">
     <span class='ocr_line' id='line_1_62' title="bbox 2117 2083 3717 2155; baseline 0.007 -19"><span class='ocrx_word' id='word_1_451' title='bbox 2117 2084 2268 2136; x_wconf 91' lang='lat' dir='ltr'><strong>enim</strong></span> <span class='ocrx_word' id='word_1_452' title='bbox 2303 2083 2621 2153; x_wconf 82' lang='lat' dir='ltr'><strong>voluptaria</strong></span> <span class='ocrx_word' id='word_1_453' title='bbox 2655 2099 2720 2139; x_wconf 92' lang='lat' dir='ltr'><strong>ac</strong></span> <span class='ocrx_word' id='word_1_454' title='bbox 2746 2084 3049 2140; x_wconf 84' lang='lat' dir='ltr'><strong>libidinosa</strong></span> <span class='ocrx_word' id='word_1_455' title='bbox 3078 2086 3274 2141; x_wconf 87' lang='lat' dir='ltr'><strong>Adami</strong></span> <span class='ocrx_word' id='word_1_456' title='bbox 3304 2088 3455 2155; x_wconf 85' lang='lat' dir='ltr'><strong>vita,</strong></span> <span class='ocrx_word' id='word_1_457' title='bbox 3511 2092 3717 2147; x_wconf 87' lang='lat' dir='ltr'><strong>mortis</strong></span> 
     </span>
    </p>
   </div>
   <div class='ocr_carea' id='block_1_63' title="bbox 2118 2175 3716 2252">
    <p class='ocr_par' dir='ltr' id='par_1_63' title="bbox 2118 2175 3716 2252">
     <span class='ocr_line' id='line_1_63' title="bbox 2118 2175 3716 2252; baseline 0.006 -23"><span class='ocrx_word' id='word_1_458' title='bbox 2118 2190 2182 2229; x_wconf 89' lang='lat' dir='ltr'><strong>ac</strong></span> <span class='ocrx_word' id='word_1_459' title='bbox 2208 2175 2466 2231; x_wconf 88' lang='lat' dir='ltr'><strong>interitus</strong></span> <span class='ocrx_word' id='word_1_460' title='bbox 2485 2191 2686 2245; x_wconf 89' lang='lat' dir='ltr'><strong>parens</strong></span> <span class='ocrx_word' id='word_1_461' title='bbox 2703 2177 2913 2233; x_wconf 83' lang='lat' dir='ltr'><strong>exstitit</strong></span> <span class='ocrx_word' id='word_1_462' title='bbox 2940 2195 2955 2232; x_wconf 87' lang='lat'><strong>:</strong></span> <span class='ocrx_word' id='word_1_463' title='bbox 2989 2178 3070 2233; x_wconf 89' lang='lat' dir='ltr'><strong>sic</strong></span> <span class='ocrx_word' id='word_1_464' title='bbox 3091 2194 3314 2251; x_wconf 91' lang='lat' dir='ltr'><strong>quoque</strong></span> <span class='ocrx_word' id='word_1_465' title='bbox 3336 2198 3501 2252; x_wconf 89' lang='lat' dir='ltr'><strong>quam</strong></span> <span class='ocrx_word' id='word_1_466' title='bbox 3523 2185 3716 2239; x_wconf 85' lang='lat' dir='ltr'><strong>Domi-</strong></span> 
     </span>
    </p>
   </div>
   <div class='ocr_carea' id='block_1_64' title="bbox 2119 2267 3718 2343">
    <p class='ocr_par' dir='ltr' id='par_1_64' title="bbox 2119 2267 3718 2343">
     <span class='ocr_line' id='line_1_64' title="bbox 2119 2267 3718 2343; baseline 0.008 -23"><span class='ocrx_word' id='word_1_467' title='bbox 2119 2282 2225 2321; x_wconf 87' lang='lat' dir='ltr'><strong>nus</strong></span> <span class='ocrx_word' id='word_1_468' title='bbox 2244 2276 2473 2337; x_wconf 81' lang='lat' dir='ltr'><strong>propter</strong></span> <span class='ocrx_word' id='word_1_469' title='bbox 2494 2267 2767 2324; x_wconf 85' lang='lat' dir='ltr'><strong>Adamu‘m</strong></span> <span class='ocrx_word' id='word_1_470' title='bbox 2785 2278 3022 2325; x_wconf 90' lang='lat' dir='ltr'><strong>mortem</strong></span> <span class='ocrx_word' id='word_1_471' title='bbox 3053 2270 3246 2339; x_wconf 88' lang='lat' dir='ltr'><strong>subiit,</strong></span> <span class='ocrx_word' id='word_1_472' title='bbox 3277 2289 3400 2343; x_wconf 86' lang='lat' dir='ltr'><strong>quae</strong></span> <span class='ocrx_word' id='word_1_473' title='bbox 3422 2276 3491 2329; x_wconf 88' lang='lat' dir='ltr'><strong>ab</strong></span> <span class='ocrx_word' id='word_1_474' title='bbox 3517 2275 3718 2333; x_wconf 84' lang='lat' dir='ltr'><strong>Adami</strong></span> 
     </span>
    </p>
   </div>
   <div class='ocr_carea' id='block_1_65' title="bbox 2120 2358 3721 2436">
    <p class='ocr_par' dir='ltr' id='par_1_65' title="bbox 2120 2358 3721 2436">
     <span class='ocr_line' id='line_1_65' title="bbox 2120 2358 3721 2436; baseline 0.009 -26"><span class='ocrx_word' id='word_1_475' title='bbox 2120 2358 2351 2414; x_wconf 89' lang='lat' dir='ltr'><strong>libidine</strong></span> <span class='ocrx_word' id='word_1_476' title='bbox 2375 2374 2441 2414; x_wconf 86' lang='lat' dir='ltr'><strong>ac</strong></span> <span class='ocrx_word' id='word_1_477' title='bbox 2476 2360 2760 2430; x_wconf 86' lang='lat' dir='ltr'><strong>voluptate</strong></span> <span class='ocrx_word' id='word_1_478' title='bbox 2793 2360 3060 2418; x_wconf 91' lang='lat' dir='ltr'><strong>immunis</strong></span> <span class='ocrx_word' id='word_1_479' title='bbox 3083 2362 3177 2429; x_wconf 90' lang='lat' dir='ltr'><strong>sit,</strong></span> <span class='ocrx_word' id='word_1_480' title='bbox 3210 2366 3565 2436; x_wconf 85' lang='lat' dir='ltr'><strong>sempiternae</strong></span> <span class='ocrx_word' id='word_1_481' title='bbox 3590 2370 3721 2426; x_wconf 64' lang='lat' dir='ltr'><strong>vitae</strong></span> 
     </span>
    </p>
   </div>
   <div class='ocr_carea' id='block_1_66' title="bbox 2120 2462 2588 2529">
    <p class='ocr_par' dir='ltr' id='par_1_66' title="bbox 2120 2462 2588 2529">
     <span class='ocr_line' id='line_1_66' title="bbox 2120 2462 2588 2529; baseline 0.006 -14"><span class='ocrx_word' id='word_1_482' title='bbox 2120 2476 2325 2529; x_wconf 90' lang='lat' dir='ltr'><strong>parens</strong></span> <span class='ocrx_word' id='word_1_483' title='bbox 2348 2462 2588 2518; x_wconf 77' lang='lat' dir='ltr'><strong>exsistit.</strong></span> 
     </span>
    </p>
   </div>
   <div class='ocr_carea' id='block_1_67' title="bbox 2189 2553 3719 2634">
    <p class='ocr_par' dir='ltr' id='par_1_67' title="bbox 2189 2553 3719 2634">
     <span class='ocr_line' id='line_1_67' title="bbox 2189 2553 3719 2634; baseline 0.01 -27"><span class='ocrx_word' id='word_1_484' title='bbox 2189 2553 2281 2608; x_wconf 75' lang='grc'><strong>46.</strong></span> <span class='ocrx_word' id='word_1_485' title='bbox 2320 2553 2639 2610; x_wconf 86' lang='lat' dir='ltr'><strong>Humanum</strong></span> <span class='ocrx_word' id='word_1_486' title='bbox 2671 2571 2847 2629; x_wconf 83' lang='lat' dir='ltr'><strong>genus</strong></span> <span class='ocrx_word' id='word_1_487' title='bbox 2870 2574 2901 2614; x_wconf 90' lang='lat' dir='ltr'><strong>a</strong></span> <span class='ocrx_word' id='word_1_488' title='bbox 2939 2563 3411 2634; x_wconf 84' lang='lat' dir='ltr'><strong>transgressione,</strong></span> <span class='ocrx_word' id='word_1_489' title='bbox 3436 2575 3596 2622; x_wconf 93' lang='lat' dir='ltr'><strong>ortus</strong></span> <span class='ocrx_word' id='word_1_490' title='bbox 3631 2571 3719 2623; x_wconf 91' lang='lat' dir='ltr'><strong>sui</strong></span> 
     </span>
    </p>
   </div>
   <div class='ocr_carea' id='block_1_68' title="bbox 2119 2643 3721 2717">
    <p class='ocr_par' dir='ltr' id='par_1_68' title="bbox 2119 2643 3721 2717">
     <span class='ocr_line' id='line_1_68' title="bbox 2119 2643 3721 2717; baseline 0.01 -19"><span class='ocrx_word' id='word_1_491' title='bbox 2119 2643 2416 2714; x_wconf 81' lang='lat' dir='ltr'><strong>originem,</strong></span> <span class='ocrx_word' id='word_1_492' title='bbox 2469 2647 2842 2717; x_wconf 83' lang='lat' dir='ltr'><strong>voluptariam</strong></span> <span class='ocrx_word' id='word_1_493' title='bbox 2893 2666 2959 2707; x_wconf 91' lang='lat' dir='ltr'><strong>ac</strong></span> <span class='ocrx_word' id='word_1_494' title='bbox 2994 2652 3353 2710; x_wconf 88' lang='lat' dir='ltr'><strong>libidinosam</strong></span> <span class='ocrx_word' id='word_1_495' title='bbox 3385 2672 3453 2712; x_wconf 88' lang='lat' dir='ltr'><strong>ex</strong></span> <span class='ocrx_word' id='word_1_496' title='bbox 3504 2658 3721 2713; x_wconf 85' lang='lat' dir='ltr'><strong>semine</strong></span> 
     </span>
    </p>
   </div>
   <div class='ocr_carea' id='block_1_69' title="bbox 2118 2742 3722 2817">
    <p class='ocr_par' dir='ltr' id='par_1_69' title="bbox 2118 2742 3722 2817">
     <span class='ocr_line' id='line_1_69' title="bbox 2118 2742 3722 2817; baseline 0.009 -28"><span class='ocrx_word' id='word_1_497' title='bbox 2118 2744 2343 2791; x_wconf 90' lang='lat' dir='ltr'><strong>nactum</strong></span> <span class='ocrx_word' id='word_1_498' title='bbox 2380 2746 2466 2793; x_wconf 88' lang='lat' dir='ltr'><strong>est</strong></span> <span class='ocrx_word' id='word_1_499' title='bbox 2496 2742 2915 2811; x_wconf 89' lang='lat' dir='ltr'><strong>conceptionem</strong></span> <span class='ocrx_word' id='word_1_500' title='bbox 2942 2785 2956 2807; x_wconf 94' lang='lat'><strong>,</strong></span> <span class='ocrx_word' id='word_1_501' title='bbox 2996 2761 3177 2817; x_wconf 82' lang='lat' dir='ltr'><strong>exque</strong></span> <span class='ocrx_word' id='word_1_502' title='bbox 3210 2747 3457 2805; x_wconf 85' lang='lat' dir='ltr'><strong>fluxione</strong></span> <span class='ocrx_word' id='word_1_503' title='bbox 3506 2751 3683 2805; x_wconf 88' lang='lat' dir='ltr'><strong>nativi</strong></span> <span class='ocrx_word' id='word_1_504' title='bbox 3708 2781 3722 2792; x_wconf 89' lang='lat'><strong>-</strong></span> 
     </span>
    </p>
   </div>
   <div class='ocr_carea' id='block_1_70' title="bbox 2120 2834 3721 2909">
    <p class='ocr_par' dir='ltr' id='par_1_70' title="bbox 2120 2834 3721 2909">
     <span class='ocr_line' id='line_1_70' title="bbox 2120 2834 3721 2909; baseline 0.012 -28"><span class='ocrx_word' id='word_1_505' title='bbox 2120 2836 2321 2895; x_wconf 87' lang='lat' dir='ltr'><strong>tatem;</strong></span> <span class='ocrx_word' id='word_1_506' title='bbox 2352 2844 2418 2885; x_wconf 88' lang='lat' dir='ltr'><strong>ac</strong></span> <span class='ocrx_word' id='word_1_507' title='bbox 2448 2842 2734 2901; x_wconf 89' lang='lat' dir='ltr'><strong>postremo</strong></span> <span class='ocrx_word' id='word_1_508' title='bbox 2769 2834 2962 2902; x_wconf 84' lang='lat' dir='ltr'><strong>ﬁnem,</strong></span> <span class='ocrx_word' id='word_1_509' title='bbox 3002 2853 3129 2909; x_wconf 64' lang='lat' dir='ltr'><strong>qua:</strong></span> <span class='ocrx_word' id='word_1_510' title='bbox 3156 2839 3349 2896; x_wconf 90' lang='lat' dir='ltr'><strong>labore</strong></span> <span class='ocrx_word' id='word_1_511' title='bbox 3384 2850 3444 2897; x_wconf 89' lang='lat' dir='ltr'><strong>et</strong></span> <span class='ocrx_word' id='word_1_512' title='bbox 3470 2858 3721 2899; x_wconf 64' lang='lat' dir='ltr'><strong>aerumna</strong></span> 
     </span>
    </p>
   </div>
   <div class='ocr_carea' id='block_1_71' title="bbox 2118 2922 3720 3006">
    <p class='ocr_par' dir='ltr' id='par_1_71' title="bbox 2118 2922 3720 3006">
     <span class='ocr_line' id='line_1_71' title="bbox 2118 2922 3720 3006; baseline 0.011 -32"><span class='ocrx_word' id='word_1_513' title='bbox 2118 2922 2416 2989; x_wconf 82' lang='lat' dir='ltr'><strong>conflatur,</strong></span> <span class='ocrx_word' id='word_1_514' title='bbox 2446 2926 2645 2981; x_wconf 88' lang='lat' dir='ltr'><strong>mortis</strong></span> <span class='ocrx_word' id='word_1_515' title='bbox 2666 2928 3047 2985; x_wconf 89' lang='lat' dir='ltr'><strong>interitionem</strong></span> <span class='ocrx_word' id='word_1_516' title='bbox 3077 2948 3090 2983; x_wconf 90' lang='lat'>:</span> <span class='ocrx_word' id='word_1_517' title='bbox 3118 2932 3391 2990; x_wconf 90' lang='lat' dir='ltr'><strong>Dominus</strong></span> <span class='ocrx_word' id='word_1_518' title='bbox 3414 2950 3549 2990; x_wconf 87' lang='lat' dir='ltr'><strong>vero</strong></span> <span class='ocrx_word' id='word_1_519' title='bbox 3572 2977 3587 3001; x_wconf 95' lang='lat'><strong>,</strong></span> <span class='ocrx_word' id='word_1_520' title='bbox 3620 2938 3720 3006; x_wconf 88' lang='lat' dir='ltr'><strong>qui</strong></span> 
     </span>
    </p>
   </div>
   <div class='ocr_carea' id='block_1_72' title="bbox 2120 3013 3720 3099">
    <p class='ocr_par' dir='ltr' id='par_1_72' title="bbox 2120 3013 3720 3099">
     <span class='ocr_line' id='line_1_72' title="bbox 2120 3013 3720 3099; baseline 0.011 -33"><span class='ocrx_word' id='word_1_521' title='bbox 2120 3013 2265 3069; x_wconf 87' lang='lat' dir='ltr'><strong>hanc</strong></span> <span class='ocrx_word' id='word_1_522' title='bbox 2321 3030 2434 3071; x_wconf 90' lang='lat' dir='ltr'><strong>non</strong></span> <span class='ocrx_word' id='word_1_523' title='bbox 2486 3016 2723 3075; x_wconf 87' lang='lat' dir='ltr'><strong>haberet</strong></span> <span class='ocrx_word' id='word_1_524' title='bbox 2764 3022 3078 3077; x_wconf 83' lang='lat' dir='ltr'><strong>nativitatis</strong></span> <span class='ocrx_word' id='word_1_525' title='bbox 3131 3026 3373 3081; x_wconf 85' lang='lat' dir='ltr'><strong>carnalis</strong></span> <span class='ocrx_word' id='word_1_526' title='bbox 3422 3028 3720 3099; x_wconf 81' lang='lat' dir='ltr'><strong>originem,</strong></span> 
     </span>
    </p>
   </div>
   <div class='ocr_carea' id='block_1_73' title="bbox 2047 3103 3536 3201">
    <p class='ocr_par' dir='ltr' id='par_1_73' title="bbox 2047 3103 3536 3201">
     <span class='ocr_line' id='line_1_73' title="bbox 2047 3103 3536 3201; baseline 0.011 -47"><span class='ocrx_word' id='word_1_527' title='bbox 2047 3142 2092 3201; x_wconf 62' lang='grc' dir='ltr'>α</span> <span class='ocrx_word' id='word_1_528' title='bbox 2125 3117 2229 3158; x_wconf 92' lang='lat' dir='ltr'><strong>nec</strong></span> <span class='ocrx_word' id='word_1_529' title='bbox 2256 3103 2427 3159; x_wconf 89' lang='lat' dir='ltr'><strong>etiam</strong></span> <span class='ocrx_word' id='word_1_530' title='bbox 2461 3104 2558 3160; x_wconf 88' lang='lat' dir='ltr'><strong>ﬁni</strong></span> <span class='ocrx_word' id='word_1_531' title='bbox 2596 3106 2786 3179; x_wconf 90' lang='lat' dir='ltr'><strong>(morti</strong></span> <span class='ocrx_word' id='word_1_532' title='bbox 2818 3110 3059 3181; x_wconf 89' lang='lat' dir='ltr'><strong>scilicet)</strong></span> <span class='ocrx_word' id='word_1_533' title='bbox 3088 3112 3365 3169; x_wconf 88' lang='lat' dir='ltr'><strong>obnoxius</strong></span> <span class='ocrx_word' id='word_1_534' title='bbox 3395 3125 3536 3171; x_wconf 90' lang='lat' dir='ltr'><strong>erat.</strong></span> 
     </span>
    </p>
   </div>
   <div class='ocr_carea' id='block_1_74' title="bbox 2197 3196 3722 3271">
    <p class='ocr_par' dir='ltr' id='par_1_74' title="bbox 2197 3196 3722 3271">
     <span class='ocr_line' id='line_1_74' title="bbox 2197 3196 3722 3271; baseline 0.01 -22"><span class='ocrx_word' id='word_1_535' title='bbox 2197 3196 2290 3250; x_wconf 79' lang='grc'><strong>47.</strong></span> <span class='ocrx_word' id='word_1_536' title='bbox 2323 3196 2640 3265; x_wconf 87' lang='lat' dir='ltr'><strong>Peccatum,</strong></span> <span class='ocrx_word' id='word_1_537' title='bbox 2665 3200 2821 3256; x_wconf 88' lang='lat' dir='ltr'><strong>velut</strong></span> <span class='ocrx_word' id='word_1_538' title='bbox 2860 3202 3048 3257; x_wconf 89' lang='lat' dir='ltr'><strong>oblata</strong></span> <span class='ocrx_word' id='word_1_539' title='bbox 3089 3220 3216 3260; x_wconf 84' lang='lat' dir='ltr'><strong>esca</strong></span> <span class='ocrx_word' id='word_1_540' title='bbox 3245 3246 3258 3271; x_wconf 94' lang='lat'><strong>,</strong></span> <span class='ocrx_word' id='word_1_541' title='bbox 3295 3207 3568 3263; x_wconf 85' lang='lat' dir='ltr'><strong>Adamum</strong></span> <span class='ocrx_word' id='word_1_542' title='bbox 3596 3249 3610 3271; x_wconf 91' lang='lat'><strong>,</strong></span> <span class='ocrx_word' id='word_1_543' title='bbox 3661 3220 3722 3264; x_wconf 91' lang='lat' dir='ltr'><strong>ut</strong></span> 
     </span>
    </p>
   </div>
   <div class='ocr_carea' id='block_1_75' title="bbox 2126 3286 3718 3361">
    <p class='ocr_par' dir='ltr' id='par_1_75' title="bbox 2126 3286 3718 3361">
     <span class='ocr_line' id='line_1_75' title="bbox 2126 3286 3718 3361; baseline 0.008 -19"><span class='ocrx_word' id='word_1_544' title='bbox 2126 3286 2304 3342; x_wconf 86' lang='lat' dir='ltr'><strong>divini</strong></span> <span class='ocrx_word' id='word_1_545' title='bbox 2342 3296 2723 3361; x_wconf 81' lang='lat' dir='ltr'><strong>transgressor</strong></span> <span class='ocrx_word' id='word_1_546' title='bbox 2760 3294 3008 3348; x_wconf 86' lang='lat' dir='ltr'><strong>mandati</strong></span> <span class='ocrx_word' id='word_1_547' title='bbox 3043 3296 3205 3352; x_wconf 88' lang='lat' dir='ltr'><strong>ﬁeret</strong></span> <span class='ocrx_word' id='word_1_548' title='bbox 3241 3298 3405 3353; x_wconf 92' lang='lat' dir='ltr'><strong>initio</strong></span> <span class='ocrx_word' id='word_1_549' title='bbox 3445 3300 3666 3355; x_wconf 80' lang='lat' dir='ltr'><strong>induxit</strong></span> <span class='ocrx_word' id='word_1_550' title='bbox 3702 3321 3718 3354; x_wconf 86' lang='lat'><strong>:</strong></span> 
     </span>
    </p>
   </div>
   <div class='ocr_carea' id='block_1_76' title="bbox 2125 3384 3723 3457">
    <p class='ocr_par' dir='ltr' id='par_1_76' title="bbox 2125 3384 3723 3457">
     <span class='ocr_line' id='line_1_76' title="bbox 2125 3384 3723 3457; baseline 0.008 -23"><span class='ocrx_word' id='word_1_551' title='bbox 2125 3395 2232 3449; x_wconf 92' lang='lat' dir='ltr'><strong>qua</strong></span> <span class='ocrx_word' id='word_1_552' title='bbox 2264 3396 2466 3452; x_wconf 89' lang='lat' dir='ltr'><strong>nempe</strong></span> <span class='ocrx_word' id='word_1_553' title='bbox 2517 3391 2714 3438; x_wconf 90' lang='lat' dir='ltr'><strong>auctor</strong></span> <span class='ocrx_word' id='word_1_554' title='bbox 2763 3384 2842 3439; x_wconf 88' lang='lat' dir='ltr'><strong>illi</strong></span> <span class='ocrx_word' id='word_1_555' title='bbox 2877 3386 3185 3457; x_wconf 85' lang='lat' dir='ltr'><strong>voluptatis</strong></span> <span class='ocrx_word' id='word_1_556' title='bbox 3226 3389 3432 3444; x_wconf 90' lang='lat' dir='ltr'><strong>factum</strong></span> <span class='ocrx_word' id='word_1_557' title='bbox 3481 3407 3545 3446; x_wconf 90' lang='lat' dir='ltr'><strong>ac</strong></span> <span class='ocrx_word' id='word_1_558' title='bbox 3588 3392 3723 3446; x_wconf 90' lang='lat' dir='ltr'><strong>libi-</strong></span> 
     </span>
    </p>
   </div>
   <div class='ocr_carea' id='block_1_77' title="bbox 2126 3464 3722 3547">
    <p class='ocr_par' dir='ltr' id='par_1_77' title="bbox 2126 3464 3722 3547">
     <span class='ocr_line' id='line_1_77' title="bbox 2126 3464 3722 3547; baseline 0.008 -22"><span class='ocrx_word' id='word_1_559' title='bbox 2126 3464 2295 3538; x_wconf 75' lang='lat' dir='ltr'><strong>dinis,</strong></span> <span class='ocrx_word' id='word_1_560' title='bbox 2338 3489 2549 3544; x_wconf 90' lang='lat' dir='ltr'><strong>perque</strong></span> <span class='ocrx_word' id='word_1_561' title='bbox 2597 3476 2797 3545; x_wconf 89' lang='lat' dir='ltr'><strong>ipsam,</strong></span> <span class='ocrx_word' id='word_1_562' title='bbox 2830 3477 2969 3547; x_wconf 90' lang='lat' dir='ltr'><strong>ipsis</strong></span> <span class='ocrx_word' id='word_1_563' title='bbox 2999 3489 3213 3535; x_wconf 65' lang='lat' dir='ltr'><strong>natura;</strong></span> <span class='ocrx_word' id='word_1_564' title='bbox 3240 3482 3369 3538; x_wconf 90' lang='lat' dir='ltr'><strong>imis</strong></span> <span class='ocrx_word' id='word_1_565' title='bbox 3407 3484 3722 3539; x_wconf 82' lang='lat' dir='ltr'><strong>visceribus</strong></span> 
     </span>
    </p>
   </div>
   <div class='ocr_carea' id='block_1_78' title="bbox 2126 3563 3715 3639">
    <p class='ocr_par' dir='ltr' id='par_1_78' title="bbox 2126 3563 3715 3639">
     <span class='ocr_line' id='line_1_78' title="bbox 2126 3563 3715 3639; baseline 0.009 -23"><span class='ocrx_word' id='word_1_566' title='bbox 2126 3563 2236 3618; x_wconf 89' lang='lat' dir='ltr'><strong>alte</strong></span> <span class='ocrx_word' id='word_1_567' title='bbox 2261 3563 2512 3631; x_wconf 83' lang='lat' dir='ltr'><strong>infixum,</strong></span> <span class='ocrx_word' id='word_1_568' title='bbox 2538 3574 2795 3621; x_wconf 83' lang='lat' dir='ltr'><strong>naturam</strong></span> <span class='ocrx_word' id='word_1_569' title='bbox 2819 3584 3041 3625; x_wconf 92' lang='lat' dir='ltr'><strong>omnem</strong></span> <span class='ocrx_word' id='word_1_570' title='bbox 3073 3572 3270 3628; x_wconf 90' lang='lat' dir='ltr'><strong>mortis</strong></span> <span class='ocrx_word' id='word_1_571' title='bbox 3289 3588 3439 3628; x_wconf 87' lang='lat' dir='ltr'><strong>ream</strong></span> <span class='ocrx_word' id='word_1_572' title='bbox 3467 3576 3715 3639; x_wconf 85' lang='lat' dir='ltr'><strong>addixit;</strong></span> 
     </span>
    </p>
   </div>
   <div class='ocr_carea' id='block_1_79' title="bbox 2126 3654 3721 3733">
    <p class='ocr_par' dir='ltr' id='par_1_79' title="bbox 2126 3654 3721 3733">
     <span class='ocr_line' id='line_1_79' title="bbox 2126 3654 3721 3733; baseline 0.009 -25"><span class='ocrx_word' id='word_1_573' title='bbox 2126 3654 2370 3712; x_wconf 86' lang='lat' dir='ltr'><strong>hominis</strong></span> <span class='ocrx_word' id='word_1_574' title='bbox 2400 3657 2497 3713; x_wconf 91' lang='lat' dir='ltr'><strong>illo</strong></span> <span class='ocrx_word' id='word_1_575' title='bbox 2527 3667 2706 3724; x_wconf 86' lang='lat' dir='ltr'><strong>reatu,</strong></span> <span class='ocrx_word' id='word_1_576' title='bbox 2734 3668 3054 3717; x_wconf 90' lang='lat' dir='ltr'><strong>creatorum</strong></span> <span class='ocrx_word' id='word_1_577' title='bbox 3082 3679 3258 3733; x_wconf 79' lang='lat' dir='ltr'><strong>genus</strong></span> <span class='ocrx_word' id='word_1_578' title='bbox 3279 3681 3443 3721; x_wconf 91' lang='lat' dir='ltr'><strong>omne</strong></span> <span class='ocrx_word' id='word_1_579' title='bbox 3477 3668 3531 3721; x_wconf 92' lang='lat' dir='ltr'><strong>in</strong></span> <span class='ocrx_word' id='word_1_580' title='bbox 3557 3668 3721 3722; x_wconf 76' lang='lat' dir='ltr'><strong>nihili</strong></span> 
     </span>
    </p>
   </div>
   <div class='ocr_carea' id='block_1_80' title="bbox 2126 3744 3721 3828">
    <p class='ocr_par' dir='ltr' id='par_1_80' title="bbox 2126 3744 3721 3828">
     <span class='ocr_line' id='line_1_80' title="bbox 2126 3744 3721 3828; baseline 0.012 -30"><span class='ocrx_word' id='word_1_581' title='bbox 2126 3744 2472 3812; x_wconf 87' lang='lat' dir='ltr'><strong>barathrum,</strong></span> <span class='ocrx_word' id='word_1_582' title='bbox 2509 3757 2567 3804; x_wconf 92' lang='lat' dir='ltr'><strong>et</strong></span> <span class='ocrx_word' id='word_1_583' title='bbox 2604 3757 2765 3806; x_wconf 89' lang='lat' dir='ltr'><strong>utne</strong></span> <span class='ocrx_word' id='word_1_584' title='bbox 2791 3752 2905 3806; x_wconf 87' lang='lat' dir='ltr'><strong>sint</strong></span> <span class='ocrx_word' id='word_1_585' title='bbox 2948 3754 3176 3824; x_wconf 87' lang='lat' dir='ltr'><strong>quidem</strong></span> <span class='ocrx_word' id='word_1_586' title='bbox 3210 3756 3526 3828; x_wconf 83' lang='lat' dir='ltr'><strong>impellens.</strong></span> <span class='ocrx_word' id='word_1_587' title='bbox 3582 3761 3721 3817; x_wconf 87' lang='lat' dir='ltr'><strong>Nam</strong></span> 
     </span>
    </p>
   </div>
   <div class='ocr_carea' id='block_1_81' title="bbox 2128 3836 3724 3922">
    <p class='ocr_par' dir='ltr' id='par_1_81' title="bbox 2128 3836 3724 3922">
     <span class='ocr_line' id='line_1_81' title="bbox 2128 3836 3724 3922; baseline 0.012 -32"><span class='ocrx_word' id='word_1_588' title='bbox 2128 3836 2234 3891; x_wconf 91' lang='lat' dir='ltr'><strong>hoc</strong></span> <span class='ocrx_word' id='word_1_589' title='bbox 2275 3841 2765 3909; x_wconf 64' lang='lat' dir='ltr'><strong>quoque&#39;molitus</strong></span> <span class='ocrx_word' id='word_1_590' title='bbox 2799 3854 2921 3901; x_wconf 91' lang='lat' dir='ltr'><strong>erat</strong></span> <span class='ocrx_word' id='word_1_591' title='bbox 2971 3849 3186 3917; x_wconf 84' lang='lat' dir='ltr'><strong>peccati</strong></span> <span class='ocrx_word' id='word_1_592' title='bbox 3221 3857 3372 3905; x_wconf 83' lang='lat' dir='ltr'><strong>sator</strong></span> <span class='ocrx_word' id='word_1_593' title='bbox 3416 3853 3724 3922; x_wconf 76' lang='lat' dir='ltr'><strong>pessimus-</strong></span> 
     </span>
    </p>
   </div>
   <div class='ocr_carea' id='block_1_82' title="bbox 2126 3933 3723 4017">
    <p class='ocr_par' dir='ltr' id='par_1_82' title="bbox 2126 3933 3723 4017">
     <span class='ocr_line' id='line_1_82' title="bbox 2126 3933 3723 4017; baseline 0.011 -33"><span class='ocrx_word' id='word_1_594' title='bbox 2126 3946 2234 4000; x_wconf 89' lang='lat' dir='ltr'><strong>que</strong></span> <span class='ocrx_word' id='word_1_595' title='bbox 2262 3933 2524 4003; x_wconf 82' lang='lat' dir='ltr'><strong>nequitiae</strong></span> <span class='ocrx_word' id='word_1_596' title='bbox 2549 3950 2756 4004; x_wconf 90' lang='lat' dir='ltr'><strong>parens</strong></span> <span class='ocrx_word' id='word_1_597' title='bbox 2784 3938 3062 4007; x_wconf 87' lang='lat' dir='ltr'><strong>diabolus,</strong></span> <span class='ocrx_word' id='word_1_598' title='bbox 3092 3943 3188 4012; x_wconf 88' lang='lat' dir='ltr'><strong>qui</strong></span> <span class='ocrx_word' id='word_1_599' title='bbox 3225 3953 3343 3997; x_wconf 90' lang='lat' dir='ltr'><strong>tum</strong></span> <span class='ocrx_word' id='word_1_600' title='bbox 3371 3959 3431 4000; x_wconf 91' lang='lat' dir='ltr'><strong>se</strong></span> <span class='ocrx_word' id='word_1_601' title='bbox 3470 3944 3588 4015; x_wconf 91' lang='lat' dir='ltr'><strong>ipse</strong></span> <span class='ocrx_word' id='word_1_602' title='bbox 3620 3961 3723 4017; x_wconf 88' lang='lat' dir='ltr'><strong>per</strong></span> 
     </span>
    </p>
   </div>
   <div class='ocr_carea' id='block_1_83' title="bbox 2127 4022 3721 4101">
    <p class='ocr_par' dir='ltr' id='par_1_83' title="bbox 2127 4022 3721 4101">
     <span class='ocr_line' id='line_1_83' title="bbox 2127 4022 3721 4101; baseline 0.009 -25"><span class='ocrx_word' id='word_1_603' title='bbox 2127 4022 2448 4091; x_wconf 86' lang='lat' dir='ltr'><strong>superbiam</strong></span> <span class='ocrx_word' id='word_1_604' title='bbox 2482 4041 2511 4080; x_wconf 91' lang='lat' dir='ltr'><strong>a</strong></span> <span class='ocrx_word' id='word_1_605' title='bbox 2540 4025 2731 4083; x_wconf 89' lang='lat' dir='ltr'><strong>divina</strong></span> <span class='ocrx_word' id='word_1_606' title='bbox 2765 4029 3022 4087; x_wconf 86' lang='lat' dir='ltr'><strong>claritate</strong></span> <span class='ocrx_word' id='word_1_607' title='bbox 3055 4035 3383 4101; x_wconf 84' lang='lat' dir='ltr'><strong>extruserit,</strong></span> <span class='ocrx_word' id='word_1_608' title='bbox 3419 4048 3533 4091; x_wconf 88' lang='lat' dir='ltr'><strong>tum</strong></span> <span class='ocrx_word' id='word_1_609' title='bbox 3573 4039 3721 4093; x_wconf 83' lang='lat' dir='ltr'><strong>Ada-</strong></span> 
     </span>
    </p>
   </div>
   <div class='ocr_carea' id='block_1_84' title="bbox 2128 4116 3722 4199">
    <p class='ocr_par' dir='ltr' id='par_1_84' title="bbox 2128 4116 3722 4199">
     <span class='ocr_line' id='line_1_84' title="bbox 2128 4116 3722 4199; baseline 0.013 -34"><span class='ocrx_word' id='word_1_610' title='bbox 2128 4128 2278 4166; x_wconf 89' lang='lat' dir='ltr'><strong>mum</strong></span> <span class='ocrx_word' id='word_1_611' title='bbox 2310 4130 2412 4184; x_wconf 90' lang='lat' dir='ltr'><strong>per</strong></span> <span class='ocrx_word' id='word_1_612' title='bbox 2433 4116 2698 4173; x_wconf 90' lang='lat' dir='ltr'><strong>invidiam</strong></span> <span class='ocrx_word' id='word_1_613' title='bbox 2730 4120 2786 4174; x_wconf 93' lang='lat' dir='ltr'><strong>in</strong></span> <span class='ocrx_word' id='word_1_614' title='bbox 2805 4136 2909 4177; x_wconf 92' lang='lat' dir='ltr'><strong>nos</strong></span> <span class='ocrx_word' id='word_1_615' title='bbox 2936 4124 3149 4192; x_wconf 90' lang='lat' dir='ltr'><strong>pariter</strong></span> <span class='ocrx_word' id='word_1_616' title='bbox 3178 4141 3240 4180; x_wconf 87' lang='lat' dir='ltr'><strong>ac</strong></span> <span class='ocrx_word' id='word_1_617' title='bbox 3268 4126 3440 4182; x_wconf 91' lang='lat' dir='ltr'><strong>Deum</strong></span> <span class='ocrx_word' id='word_1_618' title='bbox 3463 4131 3722 4199; x_wconf 75' lang='lat' dir='ltr'><strong>paradim</strong></span> 
     </span>
    </p>
   </div>
   <div class='ocr_carea' id='block_1_85' title="bbox 2128 4202 3721 4291">
    <p class='ocr_par' dir='ltr' id='par_1_85' title="bbox 2128 4202 3721 4291">
     <span class='ocr_line' id='line_1_85' title="bbox 2128 4202 3721 4291; baseline 0.011 -31"><span class='ocrx_word' id='word_1_619' title='bbox 2128 4202 2291 4274; x_wconf 81' lang='lat'><strong>597</strong></span> <span class='ocrx_word' id='word_1_620' title='bbox 2318 4207 2697 4276; x_wconf 86' lang='lat' dir='ltr'><strong>expulerat,ut</strong></span> <span class='ocrx_word' id='word_1_621' title='bbox 2720 4211 2816 4267; x_wconf 90' lang='lat' dir='ltr'><strong>Dei</strong></span> <span class='ocrx_word' id='word_1_622' title='bbox 2842 4228 3011 4283; x_wconf 90' lang='lat' dir='ltr'><strong>opera</strong></span> <span class='ocrx_word' id='word_1_623' title='bbox 3043 4216 3314 4285; x_wconf 86' lang='lat' dir='ltr'><strong>aboleret,</strong></span> <span class='ocrx_word' id='word_1_624' title='bbox 3346 4230 3403 4274; x_wconf 90' lang='lat' dir='ltr'><strong>et</strong></span> <span class='ocrx_word' id='word_1_625' title='bbox 3442 4238 3563 4291; x_wconf 67' lang='lat' dir='ltr'><strong>qua:</strong></span> <span class='ocrx_word' id='word_1_626' title='bbox 3594 4235 3721 4278; x_wconf 82' lang='lat' dir='ltr'><strong>ortu</strong></span> 
     </span>
    </p>
   </div>
   <div class='ocr_carea' id='block_1_86' title="bbox 2128 4296 3722 4378">
    <p class='ocr_par' dir='ltr' id='par_1_86' title="bbox 2128 4296 3722 4378">
     <span class='ocr_line' id='line_1_86' title="bbox 2128 4296 3722 4378; baseline 0.011 -29"><span class='ocrx_word' id='word_1_627' title='bbox 2128 4296 2277 4352; x_wconf 92' lang='lat' dir='ltr'><strong>edita</strong></span> <span class='ocrx_word' id='word_1_628' title='bbox 2313 4298 2480 4369; x_wconf 91' lang='lat' dir='ltr'><strong>inque</strong></span> <span class='ocrx_word' id='word_1_629' title='bbox 2512 4316 2703 4357; x_wconf 89' lang='lat' dir='ltr'><strong>rerum</strong></span> <span class='ocrx_word' id='word_1_630' title='bbox 2738 4316 2935 4361; x_wconf 89' lang='lat' dir='ltr'><strong>natura</strong></span> <span class='ocrx_word' id='word_1_631' title='bbox 2960 4310 3376 4378; x_wconf 90' lang='lat' dir='ltr'><strong>consisterent,</strong></span> <span class='ocrx_word' id='word_1_632' title='bbox 3419 4313 3537 4369; x_wconf 63' lang='lat' dir='ltr'><strong>haec</strong></span> <span class='ocrx_word' id='word_1_633' title='bbox 3588 4332 3722 4370; x_wconf 74' lang='lat' dir='ltr'><strong>vero</strong></span> 
     </span>
    </p>
   </div>
   <div class='ocr_carea' id='block_1_87' title="bbox 2129 4388 2483 4446">
    <p class='ocr_par' dir='ltr' id='par_1_87' title="bbox 2129 4388 2483 4446">
     <span class='ocr_line' id='line_1_87' title="bbox 2129 4388 2483 4446; baseline 0.011 -4"><span class='ocrx_word' id='word_1_634' title='bbox 2129 4388 2483 4446; x_wconf 88' lang='lat' dir='ltr'><strong>dissolveret.</strong></span> 
     </span>
    </p>
   </div>
   <div class='ocr_carea' id='block_1_88' title="bbox 507 4467 2018 4569">
    <p class='ocr_par' dir='ltr' id='par_1_88' title="bbox 507 4467 2018 4549">
     <span class='ocr_line' id='line_1_88' title="bbox 507 4467 2018 4549; baseline 0.001 -22"><span class='ocrx_word' id='word_1_635' title='bbox 507 4467 597 4549; x_wconf 86' lang='grc' dir='ltr'>μη¹</span> <span class='ocrx_word' id='word_1_636' title='bbox 616 4478 873 4532; x_wconf 64' lang='grc' dir='ltr'>αΦθονῶν</span> <span class='ocrx_word' id='word_1_637' title='bbox 901 4477 980 4549; x_wconf 85' lang='grc' dir='ltr'><strong>τῷ</strong></span> <span class='ocrx_word' id='word_1_638' title='bbox 1009 4478 1130 4548; x_wconf 86' lang='grc' dir='ltr'>Θεῷ</span> <span class='ocrx_word' id='word_1_639' title='bbox 1176 4479 1270 4532; x_wconf 81' lang='grc' dir='ltr'>καὶ</span> <span class='ocrx_word' id='word_1_640' title='bbox 1327 4479 1457 4548; x_wconf 85' lang='grc' dir='ltr'>ἡμῖν</span> <span class='ocrx_word' id='word_1_641' title='bbox 1484 4479 1513 4529; x_wconf 86' lang='grc' dir='ltr'><strong>ὁ</strong></span> <span class='ocrx_word' id='word_1_642' title='bbox 1567 4476 1836 4544; x_wconf 78' lang='grc' dir='ltr'>διάϐολος,</span> <span class='ocrx_word' id='word_1_643' title='bbox 1885 4477 2018 4549; x_wconf 81' lang='grc' dir='ltr'>δόλῳ</span> 
     </span>
    </p>
   </div>
   <div class='ocr_carea' id='block_1_89' title="bbox 2129 4467 3722 4569">
    <p class='ocr_par' dir='ltr' id='par_1_89' title="bbox 2197 4483 3722 4569">
     <span class='ocr_line' id='line_1_89' title="bbox 2197 4483 3722 4569; baseline 0.013 -33"><span class='ocrx_word' id='word_1_644' title='bbox 2197 4483 2285 4537; x_wconf 74' lang='grc'><strong>48.</strong></span> <span class='ocrx_word' id='word_1_645' title='bbox 2329 4485 2617 4552; x_wconf 88' lang='lat' dir='ltr'><strong>Diabolus,</strong></span> <span class='ocrx_word' id='word_1_646' title='bbox 2672 4505 2779 4560; x_wconf 90' lang='lat' dir='ltr'><strong>qua</strong></span> <span class='ocrx_word' id='word_1_647' title='bbox 2825 4493 2882 4547; x_wconf 92' lang='lat' dir='ltr'><strong>in</strong></span> <span class='ocrx_word' id='word_1_648' title='bbox 2934 4511 3037 4549; x_wconf 87' lang='lat' dir='ltr'><strong>nos</strong></span> <span class='ocrx_word' id='word_1_649' title='bbox 3090 4497 3379 4569; x_wconf 88' lang='lat' dir='ltr'><strong>Deumque</strong></span> <span class='ocrx_word' id='word_1_650' title='bbox 3432 4500 3587 4555; x_wconf 86' lang='lat' dir='ltr'><strong>ardet</strong></span> <span class='ocrx_word' id='word_1_651' title='bbox 3635 4501 3722 4555; x_wconf 75' lang='lat' dir='ltr'><strong>iu~</strong></span> 
     </span>
    </p>
   </div>
   <div class='ocr_carea' id='block_1_90' title="bbox 431 4567 2019 4640">
    <p class='ocr_par' dir='ltr' id='par_1_90' title="bbox 431 4567 2019 4640">
     <span class='ocr_line' id='line_1_90' title="bbox 431 4567 2019 4640; baseline 0.001 -19"><span class='ocrx_word' id='word_1_652' title='bbox 431 4568 525 4622; x_wconf 76' lang='grc' dir='ltr'>τὸν</span> <span class='ocrx_word' id='word_1_653' title='bbox 578 4568 865 4640; x_wconf 80' lang='grc' dir='ltr'>ἄνθρωπον</span> <span class='ocrx_word' id='word_1_654' title='bbox 919 4569 1027 4622; x_wconf 77' lang='grc' dir='ltr'><strong>ὑπὸ</strong></span> <span class='ocrx_word' id='word_1_655' title='bbox 1074 4569 1211 4622; x_wconf 83' lang='grc' dir='ltr'>Θεοῦ</span> <span class='ocrx_word' id='word_1_656' title='bbox 1268 4567 1584 4637; x_wconf 84' lang='grc' dir='ltr'>φθονεῖσθαι</span> <span class='ocrx_word' id='word_1_657' title='bbox 1645 4569 2019 4638; x_wconf 83' lang='grc' dir='ltr'>παραπείσας,</span> 
     </span>
    </p>
   </div>
   <div class='ocr_carea' id='block_1_91' title="bbox 434 4659 2018 4732">
    <p class='ocr_par' dir='ltr' id='par_1_91' title="bbox 434 4659 2018 4732">
     <span class='ocr_line' id='line_1_91' title="bbox 434 4659 2018 4732; baseline 0.002 -21"><span class='ocrx_word' id='word_1_658' title='bbox 434 4659 754 4731; x_wconf 77' lang='grc' dir='ltr'>παραϐῆναι</span> <span class='ocrx_word' id='word_1_659' title='bbox 773 4661 875 4732; x_wconf 84' lang='grc' dir='ltr'><strong>τὴν</strong></span> <span class='ocrx_word' id='word_1_660' title='bbox 898 4660 1119 4732; x_wconf 81' lang='grc' dir='ltr'>ἐντολὴν</span> <span class='ocrx_word' id='word_1_661' title='bbox 1146 4661 1553 4731; x_wconf 87' lang='grc' dir='ltr'>παρεσκεύασε.</span> <span class='ocrx_word' id='word_1_662' title='bbox 1604 4662 1695 4731; x_wconf 82' lang='grc' dir='ltr'>Τῷ</span> <span class='ocrx_word' id='word_1_663' title='bbox 1727 4662 1847 4732; x_wconf 83' lang='grc' dir='ltr'><strong>Θεῷ</strong></span> <span class='ocrx_word' id='word_1_664' title='bbox 1897 4664 2018 4732; x_wconf 83' lang='grc' dir='ltr'>μὲν,</span> 
     </span>
    </p>
   </div>
   <div class='ocr_carea' id='block_1_92' title="bbox 436 4752 2023 4825">
    <p class='ocr_par' dir='ltr' id='par_1_92' title="bbox 436 4752 2023 4825">
     <span class='ocr_line' id='line_1_92' title="bbox 436 4752 2023 4825; baseline 0.002 -21"><span class='ocrx_word' id='word_1_665' title='bbox 436 4753 523 4804; x_wconf 82' lang='grc' dir='ltr'>ἵνα</span> <span class='ocrx_word' id='word_1_666' title='bbox 558 4755 770 4825; x_wconf 80' lang='grc' dir='ltr'>φανερὰ</span> <span class='ocrx_word' id='word_1_667' title='bbox 810 4752 887 4824; x_wconf 77' lang='grc' dir='ltr'>μὴ</span> <span class='ocrx_word' id='word_1_668' title='bbox 922 4753 1149 4822; x_wconf 86' lang='grc' dir='ltr'>γένηται</span> <span class='ocrx_word' id='word_1_669' title='bbox 1190 4754 1310 4807; x_wconf 82' lang='grc' dir='ltr'>κατ’</span> <span class='ocrx_word' id='word_1_670' title='bbox 1345 4753 1628 4823; x_wconf 77' lang='grc' dir='ltr'>ἐνέργειαν</span> <span class='ocrx_word' id='word_1_671' title='bbox 1664 4756 1698 4823; x_wconf 84' lang='grc' dir='ltr'><strong>ἡ</strong></span> <span class='ocrx_word' id='word_1_672' title='bbox 1729 4754 2023 4823; x_wconf 83' lang='grc' dir='ltr'>πανύμνη-</span> 
     </span>
    </p>
   </div>
   <div class='ocr_carea' id='block_1_93' title="bbox 433 4841 2025 4915">
    <p class='ocr_par' dir='ltr' id='par_1_93' title="bbox 433 4841 2025 4915">
     <span class='ocr_line' id='line_1_93' title="bbox 433 4841 2025 4915; baseline -0.001 -20"><span class='ocrx_word' id='word_1_673' title='bbox 433 4860 527 4906; x_wconf 87' lang='grc' dir='ltr'><strong>τος</strong></span> <span class='ocrx_word' id='word_1_674' title='bbox 560 4843 725 4897; x_wconf 85' lang='grc' dir='ltr'>αὑτοῦ</span> <span class='ocrx_word' id='word_1_675' title='bbox 753 4844 983 4914; x_wconf 84' lang='grc' dir='ltr'>δύναμις</span> <span class='ocrx_word' id='word_1_676' title='bbox 1028 4841 1368 4915; x_wconf 87' lang='grc' dir='ltr'>θεουργοῦσα</span> <span class='ocrx_word' id='word_1_677' title='bbox 1419 4842 1511 4897; x_wconf 87' lang='grc' dir='ltr'><strong>τὸν</strong></span> <span class='ocrx_word' id='word_1_678' title='bbox 1559 4842 1848 4913; x_wconf 79' lang='grc' dir='ltr'>ἄνθρωπον</span> <span class='ocrx_word' id='word_1_679' title='bbox 1883 4859 1895 4871; x_wconf 92' lang='grc'>·</span> <span class='ocrx_word' id='word_1_680' title='bbox 1946 4843 2025 4913; x_wconf 82' lang='grc' dir='ltr'><strong>τῷ</strong></span> 
     </span>
    </p>
   </div>
   <div class='ocr_carea' id='block_1_94' title="bbox 434 4935 2022 5007">
    <p class='ocr_par' dir='ltr' id='par_1_94' title="bbox 434 4935 2022 5007">
     <span class='ocr_line' id='line_1_94' title="bbox 434 4935 2022 5007; baseline 0 -19"><span class='ocrx_word' id='word_1_681' title='bbox 434 4936 478 4988; x_wconf 79' lang='grc' dir='ltr'>δ’</span> <span class='ocrx_word' id='word_1_682' title='bbox 516 4936 791 5007; x_wconf 83' lang='grc' dir='ltr'>ἀνθρώπῳ</span> <span class='ocrx_word' id='word_1_683' title='bbox 820 4937 1132 5007; x_wconf 84' lang='grc' dir='ltr'>προδήλως,</span> <span class='ocrx_word' id='word_1_684' title='bbox 1169 4937 1256 4989; x_wconf 80' lang='grc' dir='ltr'>ἵνα</span> <span class='ocrx_word' id='word_1_685' title='bbox 1291 4935 1368 5007; x_wconf 85' lang='grc' dir='ltr'>μὴ</span> <span class='ocrx_word' id='word_1_686' title='bbox 1401 4936 1629 5006; x_wconf 86' lang='grc' dir='ltr'>γένηται</span> <span class='ocrx_word' id='word_1_687' title='bbox 1659 4938 1758 5007; x_wconf 82' lang='grc' dir='ltr'>τῆς</span> <span class='ocrx_word' id='word_1_688' title='bbox 1785 4936 1935 4999; x_wconf 85' lang='grc' dir='ltr'>θείας</span> <span class='ocrx_word' id='word_1_689' title='bbox 1964 4939 2022 4989; x_wconf 80' lang='grc' dir='ltr'><strong>ἐν</strong></span> 
     </span>
    </p>
   </div>
   <div class='ocr_carea' id='block_1_95' title="bbox 435 5024 2023 5097">
    <p class='ocr_par' dir='ltr' id='par_1_95' title="bbox 435 5024 2023 5097">
     <span class='ocr_line' id='line_1_95' title="bbox 435 5024 2023 5097; baseline 0.001 -20"><span class='ocrx_word' id='word_1_690' title='bbox 435 5024 566 5078; x_wconf 78' lang='grc' dir='ltr'>εἴδει</span> <span class='ocrx_word' id='word_1_691' title='bbox 616 5026 739 5079; x_wconf 80' lang='grc' dir='ltr'>κατ’</span> <span class='ocrx_word' id='word_1_692' title='bbox 766 5026 969 5097; x_wconf 74' lang='grc' dir='ltr'>ἀρετὴν</span> <span class='ocrx_word' id='word_1_693' title='bbox 1010 5026 1238 5096; x_wconf 83' lang='grc' dir='ltr'>μέτοχος</span> <span class='ocrx_word' id='word_1_694' title='bbox 1267 5024 1448 5095; x_wconf 79' lang='grc' dir='ltr'>δόξης.</span> <span class='ocrx_word' id='word_1_695' title='bbox 1474 5026 1665 5078; x_wconf 80' lang='grc' dir='ltr'>Φθονεῖ</span> <span class='ocrx_word' id='word_1_696' title='bbox 1696 5026 1804 5096; x_wconf 78' lang='grc' dir='ltr'><strong>γάρ</strong></span> <span class='ocrx_word' id='word_1_697' title='bbox 1831 5027 1860 5078; x_wconf 84' lang='grc' dir='ltr'><strong>ό</strong></span> <span class='ocrx_word' id='word_1_698' title='bbox 1893 5044 2023 5095; x_wconf 86' lang='grc' dir='ltr'>μια-</span> 
     </span>
    </p>
   </div>
   <div class='ocr_carea' id='block_1_96' title="bbox 437 5116 2021 5190">
    <p class='ocr_par' dir='ltr' id='par_1_96' title="bbox 437 5116 2021 5190">
     <span class='ocr_line' id='line_1_96' title="bbox 437 5116 2021 5190; baseline 0.001 -21"><span class='ocrx_word' id='word_1_699' title='bbox 437 5119 679 5189; x_wconf 84' lang='grc' dir='ltr'>ρώτατος</span> <span class='ocrx_word' id='word_1_700' title='bbox 698 5120 759 5171; x_wconf 83' lang='grc' dir='ltr'><strong>ού</strong></span> <span class='ocrx_word' id='word_1_701' title='bbox 790 5118 953 5187; x_wconf 86' lang='grc' dir='ltr'>μόνον</span> <span class='ocrx_word' id='word_1_702' title='bbox 976 5119 1105 5188; x_wconf 84' lang='grc' dir='ltr'>ἡμῖν</span> <span class='ocrx_word' id='word_1_703' title='bbox 1142 5120 1243 5188; x_wconf 85' lang='grc' dir='ltr'>τῆς</span> <span class='ocrx_word' id='word_1_704' title='bbox 1271 5118 1363 5170; x_wconf 74' lang='grc' dir='ltr'>ἐπὶ</span> <span class='ocrx_word' id='word_1_705' title='bbox 1394 5116 1472 5187; x_wconf 85' lang='grc' dir='ltr'>τῷ</span> <span class='ocrx_word' id='word_1_706' title='bbox 1496 5117 1617 5187; x_wconf 83' lang='grc' dir='ltr'><strong>Θεῷ</strong></span> <span class='ocrx_word' id='word_1_707' title='bbox 1645 5117 1734 5171; x_wconf 83' lang='grc' dir='ltr'><strong>διὰ</strong></span> <span class='ocrx_word' id='word_1_708' title='bbox 1759 5118 1861 5189; x_wconf 83' lang='grc' dir='ltr'><strong>τὴν</strong></span> <span class='ocrx_word' id='word_1_709' title='bbox 1888 5120 2021 5190; x_wconf 78' lang='grc' dir='ltr'>ἀρε-</span> 
     </span>
    </p>
   </div>
   <div class='ocr_carea' id='block_1_97' title="bbox 434 5208 2023 5281">
    <p class='ocr_par' dir='ltr' id='par_1_97' title="bbox 434 5208 2023 5281">
     <span class='ocr_line' id='line_1_97' title="bbox 434 5208 2023 5281; baseline 0.002 -20"><span class='ocrx_word' id='word_1_710' title='bbox 434 5210 535 5281; x_wconf 85' lang='grc' dir='ltr'>τὴν</span> <span class='ocrx_word' id='word_1_711' title='bbox 565 5210 746 5280; x_wconf 82' lang='grc' dir='ltr'>δόξης,</span> <span class='ocrx_word' id='word_1_712' title='bbox 772 5209 911 5263; x_wconf 81' lang='grc' dir='ltr'>ἀλλὰ</span> <span class='ocrx_word' id='word_1_713' title='bbox 945 5212 1037 5263; x_wconf 73' lang='grc' dir='ltr'><strong>καὶ</strong></span> <span class='ocrx_word' id='word_1_714' title='bbox 1072 5210 1151 5280; x_wconf 81' lang='grc' dir='ltr'>τῷ</span> <span class='ocrx_word' id='word_1_715' title='bbox 1186 5208 1309 5279; x_wconf 84' lang='grc' dir='ltr'>Θεῷ</span> <span class='ocrx_word' id='word_1_716' title='bbox 1348 5211 1448 5281; x_wconf 82' lang='grc' dir='ltr'><strong>τῆς</strong></span> <span class='ocrx_word' id='word_1_717' title='bbox 1483 5210 1567 5277; x_wconf 79' lang='grc' dir='ltr'><strong>ἐφ’</strong></span> <span class='ocrx_word' id='word_1_718' title='bbox 1604 5210 1735 5279; x_wconf 80' lang='grc' dir='ltr'>ἡμῖν</span> <span class='ocrx_word' id='word_1_719' title='bbox 1781 5210 1868 5264; x_wconf 84' lang='grc' dir='ltr'><strong>διά</strong></span> <span class='ocrx_word' id='word_1_720' title='bbox 1926 5211 2023 5281; x_wconf 81' lang='grc' dir='ltr'><strong>τὴν</strong></span> 
     </span>
    </p>
   </div>
   <div class='ocr_carea' id='block_1_98' title="bbox 436 5298 1421 5371">
    <p class='ocr_par' dir='ltr' id='par_1_98' title="bbox 436 5298 1421 5371">
     <span class='ocr_line' id='line_1_98' title="bbox 436 5298 1421 5371; baseline 0.002 -20"><span class='ocrx_word' id='word_1_721' title='bbox 436 5300 714 5371; x_wconf 80' lang='grc' dir='ltr'>σωτηρίαν</span> <span class='ocrx_word' id='word_1_722' title='bbox 739 5319 879 5354; x_wconf 88' lang='grc' dir='ltr'>πανυ</span> <span class='ocrx_word' id='word_1_723' title='bbox 889 5302 1091 5371; x_wconf 87' lang='grc' dir='ltr'>μνήτου</span> <span class='ocrx_word' id='word_1_724' title='bbox 1116 5298 1421 5371; x_wconf 77' lang='grc' dir='ltr'>δυνάμεως.</span> 
     </span>
    </p>
   </div>
   <div class='ocr_carea' id='block_1_99' title="bbox 513 5578 2036 5651">
    <p class='ocr_par' dir='ltr' id='par_1_99' title="bbox 513 5578 2036 5651">
     <span class='ocr_line' id='line_1_99' title="bbox 513 5578 2036 5651; baseline 0.001 -19"><span class='ocrx_word' id='word_1_725' title='bbox 513 5579 620 5649; x_wconf 69' lang='grc' dir='ltr'>μθν.</span> <span class='ocrx_word' id='word_1_726' title='bbox 664 5580 877 5649; x_wconf 79' lang='grc' dir='ltr'>Ὠσπερ</span> <span class='ocrx_word' id='word_1_727' title='bbox 917 5582 973 5632; x_wconf 83' lang='grc' dir='ltr'>ὲν</span> <span class='ocrx_word' id='word_1_728' title='bbox 1011 5579 1088 5651; x_wconf 83' lang='grc' dir='ltr'>τῷ</span> <span class='ocrx_word' id='word_1_729' title='bbox 1142 5578 1314 5647; x_wconf 78' lang='grc' dir='ltr'>Ἀδάμ</span> <span class='ocrx_word' id='word_1_730' title='bbox 1344 5582 1379 5633; x_wconf 66' lang='grc' dir='ltr'><strong>όι</strong></span> <span class='ocrx_word' id='word_1_731' title='bbox 1408 5579 1648 5647; x_wconf 83' lang='grc' dir='ltr'>θάνατος</span> <span class='ocrx_word' id='word_1_732' title='bbox 1690 5582 1787 5646; x_wconf 82' lang='grc' dir='ltr'>τῆς</span> <span class='ocrx_word' id='word_1_733' title='bbox 1818 5580 2036 5647; x_wconf 78' lang='grc' dir='ltr'>φύσεως</span> 
     </span>
    </p>
   </div>
   <div class='ocr_carea' id='block_1_100' title="bbox 508 5764 1661 5840">
    <p class='ocr_par' dir='ltr' id='par_1_100' title="bbox 508 5764 1661 5840">
     <span class='ocr_line' id='line_1_100' title="bbox 508 5764 1661 5840; baseline 0.03 -29"><span class='ocrx_word' id='word_1_734' title='bbox 508 5764 527 5787; x_wconf 84' lang='grc'><strong>·</strong></span> <span class='ocrx_word' id='word_1_735' title='bbox 548 5765 663 5840; x_wconf 73' lang='lat' dir='ltr'><strong>QQ.</strong></span> <span class='ocrx_word' id='word_1_736' title='bbox 691 5767 757 5823; x_wconf 86' lang='lat' dir='ltr'><strong>ad</strong></span> <span class='ocrx_word' id='word_1_737' title='bbox 789 5766 1007 5823; x_wconf 85' lang='lat' dir='ltr'><strong>Thalas.</strong></span> <span class='ocrx_word' id='word_1_738' title='bbox 1043 5784 1097 5837; x_wconf 91' lang='lat' dir='ltr'><strong>q.</strong></span> <span class='ocrx_word' id='word_1_739' title='bbox 1131 5766 1219 5834; x_wconf 76' lang='grc'>61,</span> <span class='ocrx_word' id='word_1_740' title='bbox 1252 5768 1661 5837; x_wconf 69' lang='grc' dir='ltr'>πνευματικῶς·</span> 
     </span>
    </p>
   </div>
   <div class='ocr_carea' id='block_1_101' title="bbox 2120 4576 3723 4657">
    <p class='ocr_par' dir='ltr' id='par_1_101' title="bbox 2120 4576 3723 4657">
     <span class='ocr_line' id='line_1_101' title="bbox 2120 4576 3723 4657; baseline 0.012 -29"><span class='ocrx_word' id='word_1_741' title='bbox 2120 4576 2303 4641; x_wconf 88' lang='lat' dir='ltr'><strong>vidia,</strong></span> <span class='ocrx_word' id='word_1_742' title='bbox 2364 4593 2464 4648; x_wconf 89' lang='lat' dir='ltr'><strong>per</strong></span> <span class='ocrx_word' id='word_1_743' title='bbox 2516 4580 2769 4637; x_wconf 91' lang='lat' dir='ltr'><strong>fraudem</strong></span> <span class='ocrx_word' id='word_1_744' title='bbox 2830 4585 3041 4640; x_wconf 85' lang='lat' dir='ltr'><strong>homini</strong></span> <span class='ocrx_word' id='word_1_745' title='bbox 3098 4594 3480 4657; x_wconf 79' lang='lat' dir='ltr'><strong>persuadens,</strong></span> <span class='ocrx_word' id='word_1_746' title='bbox 3548 4592 3723 4647; x_wconf 84' lang='lat' dir='ltr'><strong>Deum</strong></span> 
     </span>
    </p>
   </div>
   <div class='ocr_carea' id='block_1_102' title="bbox 2124 4664 3724 4751">
    <p class='ocr_par' dir='ltr' id='par_1_102' title="bbox 2124 4664 3724 4751">
     <span class='ocr_line' id='line_1_102' title="bbox 2124 4664 3724 4751; baseline 0.014 -35"><span class='ocrx_word' id='word_1_747' title='bbox 2124 4664 2205 4717; x_wconf 92' lang='lat' dir='ltr'><strong>illi</strong></span> <span class='ocrx_word' id='word_1_748' title='bbox 2237 4665 2507 4735; x_wconf 90' lang='lat' dir='ltr'><strong>invidere,</strong></span> <span class='ocrx_word' id='word_1_749' title='bbox 2546 4674 2991 4742; x_wconf 83' lang='lat' dir='ltr'><strong>transgrediendi</strong></span> <span class='ocrx_word' id='word_1_750' title='bbox 3027 4678 3352 4734; x_wconf 89' lang='lat' dir='ltr'><strong>mandatum</strong></span> <span class='ocrx_word' id='word_1_751' title='bbox 3386 4682 3489 4751; x_wconf 90' lang='lat' dir='ltr'><strong>ipsi</strong></span> <span class='ocrx_word' id='word_1_752' title='bbox 3528 4693 3724 4738; x_wconf 84' lang='lat' dir='ltr'><strong>auctor</strong></span> 
     </span>
    </p>
   </div>
   <div class='ocr_carea' id='block_1_103' title="bbox 2124 4752 3727 4842">
    <p class='ocr_par' dir='ltr' id='par_1_103' title="bbox 2124 4752 3727 4842">
     <span class='ocr_line' id='line_1_103' title="bbox 2124 4752 3727 4842; baseline 0.014 -36"><span class='ocrx_word' id='word_1_753' title='bbox 2124 4752 2250 4808; x_wconf 90' lang='lat' dir='ltr'><strong>fuit.</strong></span> <span class='ocrx_word' id='word_1_754' title='bbox 2285 4756 2400 4812; x_wconf 89' lang='lat' dir='ltr'><strong>Deo</strong></span> <span class='ocrx_word' id='word_1_755' title='bbox 2421 4759 2650 4827; x_wconf 91' lang='lat' dir='ltr'><strong>quidem</strong></span> <span class='ocrx_word' id='word_1_756' title='bbox 2673 4762 2765 4817; x_wconf 90' lang='lat' dir='ltr'><strong>ille</strong></span> <span class='ocrx_word' id='word_1_757' title='bbox 2805 4766 3045 4831; x_wconf 87' lang='lat' dir='ltr'><strong>invidet,</strong></span> <span class='ocrx_word' id='word_1_758' title='bbox 3082 4783 3151 4822; x_wconf 91' lang='lat' dir='ltr'><strong>ne</strong></span> <span class='ocrx_word' id='word_1_759' title='bbox 3186 4770 3309 4840; x_wconf 83' lang='lat' dir='ltr'><strong>ejus</strong></span> <span class='ocrx_word' id='word_1_760' title='bbox 3349 4771 3534 4842; x_wconf 89' lang='lat' dir='ltr'><strong>reipsa</strong></span> <span class='ocrx_word' id='word_1_761' title='bbox 3569 4785 3727 4828; x_wconf 89' lang='lat' dir='ltr'><strong>actu-</strong></span> 
     </span>
    </p>
   </div>
   <div class='ocr_carea' id='block_1_104' title="bbox 2126 4849 3725 4925">
    <p class='ocr_par' dir='ltr' id='par_1_104' title="bbox 2126 4849 3725 4925">
     <span class='ocr_line' id='line_1_104' title="bbox 2126 4849 3725 4925; baseline 0.014 -26"><span class='ocrx_word' id='word_1_762' title='bbox 2126 4861 2235 4915; x_wconf 90' lang='lat' dir='ltr'><strong>que</strong></span> <span class='ocrx_word' id='word_1_763' title='bbox 2261 4849 2553 4905; x_wconf 91' lang='lat' dir='ltr'><strong>manifesta</strong></span> <span class='ocrx_word' id='word_1_764' title='bbox 2588 4853 2703 4918; x_wconf 87' lang='lat' dir='ltr'><strong>fiat,</strong></span> <span class='ocrx_word' id='word_1_765' title='bbox 2738 4856 2954 4914; x_wconf 84' lang='lat' dir='ltr'><strong>donans</strong></span> <span class='ocrx_word' id='word_1_766' title='bbox 2989 4861 3273 4916; x_wconf 83' lang='lat' dir='ltr'><strong>hominem</strong></span> <span class='ocrx_word' id='word_1_767' title='bbox 3309 4864 3537 4925; x_wconf 84' lang='lat' dir='ltr'><strong>deitate.</strong></span> <span class='ocrx_word' id='word_1_768' title='bbox 3571 4870 3725 4922; x_wconf 92' lang='lat' dir='ltr'><strong>omni</strong></span> 
     </span>
    </p>
   </div>
   <div class='ocr_carea' id='block_1_105' title="bbox 2132 4940 3724 5025">
    <p class='ocr_par' dir='ltr' id='par_1_105' title="bbox 2132 4940 3724 5025">
     <span class='ocr_line' id='line_1_105' title="bbox 2132 4940 3724 5025; baseline 0.014 -32"><span class='ocrx_word' id='word_1_769' title='bbox 2132 4940 2294 4996; x_wconf 88' lang='lat' dir='ltr'><strong>laude</strong></span> <span class='ocrx_word' id='word_1_770' title='bbox 2329 4948 2719 5014; x_wconf 87' lang='lat' dir='ltr'><strong>prosequenda</strong></span> <span class='ocrx_word' id='word_1_771' title='bbox 2747 4952 2997 5019; x_wconf 90' lang='lat' dir='ltr'><strong>potentia</strong></span> <span class='ocrx_word' id='word_1_772' title='bbox 3027 4970 3193 5025; x_wconf 83' lang='lat' dir='ltr'><strong>;erga</strong></span> <span class='ocrx_word' id='word_1_773' title='bbox 3216 4956 3501 5012; x_wconf 85' lang='lat' dir='ltr'><strong>hominem</strong></span> <span class='ocrx_word' id='word_1_774' title='bbox 3540 4969 3724 5016; x_wconf 88' lang='lat' dir='ltr'><strong>autem</strong></span> 
     </span>
    </p>
   </div>
   <div class='ocr_carea' id='block_1_106' title="bbox 2130 5030 3728 5124">
    <p class='ocr_par' dir='ltr' id='par_1_106' title="bbox 2130 5030 3728 5124">
     <span class='ocr_line' id='line_1_106' title="bbox 2130 5030 3728 5124; baseline 0.015 -41"><span class='ocrx_word' id='word_1_775' title='bbox 2130 5030 2313 5086; x_wconf 81' lang='lat' dir='ltr'><strong>fertur</strong></span> <span class='ocrx_word' id='word_1_776' title='bbox 2370 5036 2617 5103; x_wconf 87' lang='lat' dir='ltr'><strong>invidia,</strong></span> <span class='ocrx_word' id='word_1_777' title='bbox 2674 5056 2744 5095; x_wconf 91' lang='lat' dir='ltr'><strong>ne</strong></span> <span class='ocrx_word' id='word_1_778' title='bbox 2778 5042 2826 5097; x_wconf 89' lang='lat' dir='ltr'><strong>is</strong></span> <span class='ocrx_word' id='word_1_779' title='bbox 2882 5043 3109 5099; x_wconf 87' lang='lat' dir='ltr'><strong>virtutis</strong></span> <span class='ocrx_word' id='word_1_780' title='bbox 3169 5049 3326 5102; x_wconf 91' lang='lat' dir='ltr'><strong>cultu</strong></span> <span class='ocrx_word' id='word_1_781' title='bbox 3374 5050 3578 5106; x_wconf 62' lang='lat' dir='ltr'><strong>divina:</strong></span> <span class='ocrx_word' id='word_1_782' title='bbox 3626 5069 3728 5124; x_wconf 82' lang='lat' dir='ltr'><strong>per</strong></span> 
     </span>
    </p>
   </div>
   <div class='ocr_carea' id='block_1_107' title="bbox 2132 5124 3728 5198">
    <p class='ocr_par' dir='ltr' id='par_1_107' title="bbox 2132 5124 3728 5198">
     <span class='ocr_line' id='line_1_107' title="bbox 2132 5124 3728 5198; baseline 0.014 -22"><span class='ocrx_word' id='word_1_783' title='bbox 2132 5124 2376 5192; x_wconf 88' lang='lat' dir='ltr'><strong>speciem</strong></span> <span class='ocrx_word' id='word_1_784' title='bbox 2400 5128 2588 5198; x_wconf 61' lang='lat' dir='ltr'><strong>gloriae</strong></span> <span class='ocrx_word' id='word_1_785' title='bbox 2621 5147 2853 5189; x_wconf 88' lang='lat' dir='ltr'><strong>consors</strong></span> <span class='ocrx_word' id='word_1_786' title='bbox 2891 5137 3110 5192; x_wconf 90' lang='lat' dir='ltr'><strong>evadat.</strong></span> <span class='ocrx_word' id='word_1_787' title='bbox 3166 5139 3382 5195; x_wconf 86' lang='lat' dir='ltr'><strong>Nedum</strong></span> <span class='ocrx_word' id='word_1_788' title='bbox 3416 5142 3565 5196; x_wconf 92' lang='lat' dir='ltr'><strong>enim</strong></span> <span class='ocrx_word' id='word_1_789' title='bbox 3609 5159 3728 5198; x_wconf 92' lang='lat' dir='ltr'><strong>sce-</strong></span> 
     </span>
    </p>
   </div>
   <div class='ocr_carea' id='block_1_108' title="bbox 2131 5216 3722 5301">
    <p class='ocr_par' dir='ltr' id='par_1_108' title="bbox 2131 5216 3722 5301">
     <span class='ocr_line' id='line_1_108' title="bbox 2131 5216 3722 5301; baseline 0.012 -33"><span class='ocrx_word' id='word_1_790' title='bbox 2131 5216 2466 5275; x_wconf 81' lang='lat' dir='ltr'><strong>lestissimus</strong></span> <span class='ocrx_word' id='word_1_791' title='bbox 2487 5222 2580 5276; x_wconf 89' lang='lat' dir='ltr'><strong>ille</strong></span> <span class='ocrx_word' id='word_1_792' title='bbox 2605 5225 2768 5282; x_wconf 90' lang='lat' dir='ltr'><strong>nobis</strong></span> <span class='ocrx_word' id='word_1_793' title='bbox 2790 5226 3024 5293; x_wconf 88' lang='lat' dir='ltr'><strong>invidet,</strong></span> <span class='ocrx_word' id='word_1_794' title='bbox 3045 5230 3166 5301; x_wconf 87' lang='lat' dir='ltr'><strong>ejus</strong></span> <span class='ocrx_word' id='word_1_795' title='bbox 3188 5231 3460 5287; x_wconf 90' lang='lat' dir='ltr'><strong>claritatis</strong></span> <span class='ocrx_word' id='word_1_796' title='bbox 3481 5234 3722 5297; x_wconf 90' lang='lat' dir='ltr'><strong>nomine,</strong></span> 
     </span>
    </p>
   </div>
   <div class='ocr_carea' id='block_1_109' title="bbox 2133 5314 3726 5395">
    <p class='ocr_par' dir='ltr' id='par_1_109' title="bbox 2133 5314 3726 5395">
     <span class='ocr_line' id='line_1_109' title="bbox 2133 5314 3726 5395; baseline 0.01 -33"><span class='ocrx_word' id='word_1_797' title='bbox 2133 5324 2297 5378; x_wconf 86' lang='lat' dir='ltr'><strong>quam</strong></span> <span class='ocrx_word' id='word_1_798' title='bbox 2339 5314 2485 5383; x_wconf 89' lang='lat' dir='ltr'><strong>apud</strong></span> <span class='ocrx_word' id='word_1_799' title='bbox 2518 5317 2694 5371; x_wconf 90' lang='lat' dir='ltr'><strong>Deum</strong></span> <span class='ocrx_word' id='word_1_800' title='bbox 2732 5335 2799 5373; x_wconf 80' lang='lat' dir='ltr'><strong>ex</strong></span> <span class='ocrx_word' id='word_1_801' title='bbox 2826 5320 3036 5377; x_wconf 88' lang='lat' dir='ltr'><strong>virtute</strong></span> <span class='ocrx_word' id='word_1_802' title='bbox 3070 5327 3497 5395; x_wconf 84' lang='lat' dir='ltr'><strong>consequimur;</strong></span> <span class='ocrx_word' id='word_1_803' title='bbox 3531 5343 3726 5382; x_wconf 73' lang='lat' dir='ltr'><strong>verum</strong></span> 
     </span>
    </p>
   </div>
   <div class='ocr_carea' id='block_1_110' title="bbox 2127 5400 3730 5489">
    <p class='ocr_par' dir='ltr' id='par_1_110' title="bbox 2127 5400 3730 5489">
     <span class='ocr_line' id='line_1_110' title="bbox 2127 5400 3730 5489; baseline 0.012 -35"><span class='ocrx_word' id='word_1_804' title='bbox 2127 5400 2293 5456; x_wconf 84' lang='lat' dir='ltr'><strong>etiam</strong></span> <span class='ocrx_word' id='word_1_805' title='bbox 2318 5404 2453 5471; x_wconf 91' lang='lat' dir='ltr'><strong>Deo,</strong></span> <span class='ocrx_word' id='word_1_806' title='bbox 2482 5406 2553 5461; x_wconf 89' lang='lat' dir='ltr'><strong>ob</strong></span> <span class='ocrx_word' id='word_1_807' title='bbox 2575 5423 2697 5463; x_wconf 85' lang='lat' dir='ltr'><strong>eam</strong></span> <span class='ocrx_word' id='word_1_808' title='bbox 2723 5412 2904 5467; x_wconf 89' lang='lat' dir='ltr'><strong>modis</strong></span> <span class='ocrx_word' id='word_1_809' title='bbox 2929 5415 3188 5470; x_wconf 87' lang='lat' dir='ltr'><strong>omnibus</strong></span> <span class='ocrx_word' id='word_1_810' title='bbox 3220 5418 3496 5473; x_wconf 83' lang='lat' dir='ltr'><strong>laudatam</strong></span> <span class='ocrx_word' id='word_1_811' title='bbox 3532 5429 3730 5489; x_wconf 82' lang='lat' dir='ltr'><strong>poten-</strong></span> 
     </span>
    </p>
   </div>
   <div class='ocr_carea' id='block_1_111' title="bbox 2142 5496 3267 5569">
    <p class='ocr_par' dir='ltr' id='par_1_111' title="bbox 2142 5496 3267 5569">
     <span class='ocr_line' id='line_1_111' title="bbox 2142 5496 3267 5569; baseline 0.017 -22"><span class='ocrx_word' id='word_1_812' title='bbox 2142 5496 2397 5559; x_wconf 88' lang='lat' dir='ltr'><strong>tentiam,</strong></span> <span class='ocrx_word' id='word_1_813' title='bbox 2429 5515 2535 5569; x_wconf 90' lang='lat' dir='ltr'><strong>qua</strong></span> <span class='ocrx_word' id='word_1_814' title='bbox 2570 5504 2734 5558; x_wconf 92' lang='lat' dir='ltr'><strong>nobis</strong></span> <span class='ocrx_word' id='word_1_815' title='bbox 2766 5507 3000 5563; x_wconf 89' lang='lat' dir='ltr'><strong>salutem</strong></span> <span class='ocrx_word' id='word_1_816' title='bbox 3030 5512 3267 5566; x_wconf 75' lang='lat' dir='ltr'><strong>confert.</strong></span> 
     </span>
    </p>
   </div>
   <div class='ocr_carea' id='block_1_112' title="bbox 2217 5587 3784 5680">
    <p class='ocr_par' dir='ltr' id='par_1_112' title="bbox 2217 5587 3784 5680">
     <span class='ocr_line' id='line_1_112' title="bbox 2217 5587 3784 5680; baseline 0.015 -41"><span class='ocrx_word' id='word_1_817' title='bbox 2217 5587 2301 5641; x_wconf 65' lang='grc'><strong>49.</strong></span> <span class='ocrx_word' id='word_1_818' title='bbox 2339 5590 2817 5656; x_wconf 80' lang='lat' dir='ltr'><strong>Quemadmodum</strong></span> <span class='ocrx_word' id='word_1_819' title='bbox 2844 5600 2897 5654; x_wconf 92' lang='lat' dir='ltr'><strong>in</strong></span> <span class='ocrx_word' id='word_1_820' title='bbox 2928 5602 3137 5657; x_wconf 87' lang='lat' dir='ltr'><strong>Adamo</strong></span> <span class='ocrx_word' id='word_1_821' title='bbox 3164 5620 3313 5659; x_wconf 88' lang='lat' dir='ltr'><strong>mors</strong></span> <span class='ocrx_word' id='word_1_822' title='bbox 3335 5613 3545 5659; x_wconf 72' lang='lat' dir='ltr'><strong>naturm</strong></span> <span class='ocrx_word' id='word_1_823' title='bbox 3572 5604 3730 5660; x_wconf 64' lang='grc' dir='ltr'><strong>ἐπὶ·</strong></span> <span class='ocrx_word' id='word_1_824' title='bbox 3780 5676 3784 5680; x_wconf 28' lang='grc'><strong>,</strong></span> 
     </span>
    </p>
   </div>
  </div>
