4020 6398
415 323 542 389 1327

1577 314 1639 374 S.
1676 314 1964 375 MAXIMI
2005 315 2517 378 CONFESSORIS

3547 326 3667 394 1328

407 433 561 489 natio
589 437 730 496 erat,
777 425 990 500 proprii
1043 421 1259 478 scilicet
1302 427 1462 476 ortus
1493 420 1795 493 originem,
1843 423 2000 476 volu-

2117 425 2322 496 ὂπῆρχε
2365 425 2718 498 κατάκρισις,
2765 427 2949 505 ἀρχὶν
2988 428 3219 503 ἐχούσης
3249 432 3348 502 τὴν
3370 433 3552 506 ἡδονὴν
3581 437 3674 505 τῆς

406 533 613 596 ptatem
636 522 852 578 habens
881 535 894 572 :
929 517 1010 572 sic
1042 515 1099 572 in
1129 514 1378 580 Christo,
1417 527 1571 569 mors
1600 513 1814 584 peccati
1845 513 2004 569 dam-

405 617 557 672 natio
586 614 730 669 facta
765 619 870 678 est,
919 609 977 666 in
1030 622 1142 678 quo
1181 622 1380 663 rursus
1413 614 1619 663 natura
1665 606 1933 662 mundam
1973 622 2004 662 a

404 707 689 775 voluptate
720 712 777 760 et
808 702 1044 758 libidine
1073 700 1349 772 originem
1376 707 1543 754 nacta
1566 707 1673 754 est.

474 797 562 852 50.
596 797 652 852 Si
676 813 798 862 nos,
827 795 926 867 qui
963 793 1066 849 Dei
1101 793 1302 848 domus
1334 792 1526 863 gratia:
1569 791 1718 846 dono
1747 806 1850 862 per
1876 791 2004 861 Spi-

404 893 577 945 ritum
607 888 748 943 edici
785 887 1118 950 meruimus,
1182 893 1393 940 tantam
1431 883 1664 954 iustitiae
1709 897 1878 938 causa
1936 883 2005 938 ad

405 983 820 1037 damnationem
845 980 1056 1050 peccati
1090 978 1360 1033 exhibere
1382 977 1652 1032 debemus
1681 977 2007 1047 passionum

409 1075 759 1131 tolerantiam
796 1088 861 1129 ac
883 1085 1288 1135 aerumnarum,
1335 1077 1686 1138 mortemque
1712 1059 2007 1124 contume-

405 1167 788 1229 liosissimam,
821 1165 1231 1220 sceleratorum
1271 1175 1452 1227 more,
1487 1161 1784 1232 quantavis
1816 1160 2008 1231 probi-

409 1269 521 1314 tate
554 1259 885 1330 lulgeamus,
918 1255 1086 1311 alacri
1123 1255 1312 1309 animo
1379 1254 1590 1309 rel‘erre
1651 1270 1663 1305 ε
1703 1252 1832 1318 Quis
1881 1252 2008 1321 ﬁnis

409 1367 612 1415 corum,
648 1351 740 1420 qui
767 1365 873 1402 non
907 1347 1129 1401 credunt
1169 1344 1266 1399 Dei
1291 1343 1587 1415 Evangelia
1612 1346 1657 1376 ’θ
1683 1345 1708 1398 ?
1743 1345 1850 1399 hoc
1879 1354 2004 1399 est:

408 1444 597 1510 Qualis
612 1444 719 1499 erit
734 1456 931 1498 eorum
962 1441 1108 1501 ﬁnis,
1131 1456 1228 1494 seu
1255 1439 1549 1510 judicium,
1573 1438 1668 1508 qui
1685 1452 1796 1492 non
1820 1438 2003 1492 solum

409 1537 588 1591 vivam
623 1544 792 1604 atque
814 1534 1089 1604 vigentem
1109 1533 1553 1602 exercitamque,
1576 1531 1764 1586 animo
1795 1529 2009 1601 pariter

422 1634 480 1680 et
517 1639 778 1695 corpore,
809 1623 1097 1692 animique
1129 1622 1410 1677 sententia
1461 1627 1518 1676 et
1557 1627 1776 1684 natura,
1820 1617 2011 1673 libidi-

409 1733 602 1773 nosam
637 1726 853 1771 naturte
881 1715 1264 1770 dominantem
1298 1713 1355 1768 in
1390 1712 1557 1767 tinem
1591 1727 1771 1782 usque
1812 1709 2004 1766 Adami

2109 517 2250 580 ἰδίας
2281 519 2553 586 γενέσεως
2585 535 2599 549 ⁸
2626 518 2802 584 οὕτως
2837 524 2865 575 6
2909 522 3142 586 θάνατος
3202 527 3260 578 ἐν
3302 524 3539 596 Χριστῷ,
3584 532 3676 599 τῆς

2104 610 2384 681 ἁμαρτίας
2428 611 2758 681 κατάκρισις
2800 614 3049 683 γέγονεν,
3105 615 3300 686 ἡδονῆς
3347 615 3586 688 καθαρὰν
3624 621 3671 671 ἐκ·

2105 705 2329 775 Χριστῷ
2361 705 2524 759 πάλιν
2553 709 2650 777 τῆς
2677 706 2892 776 φύσεως
2919 708 3304 780 ἀπολαϐούσης
3328 708 3426 780 τὴν
3452 711 3674 778 γένεσιν.

2178 793 2242 849 ν’.
2278 797 2342 849 El.
2373 799 2534 866 ἡμεῖς
2577 800 2624 850 οἱ
2663 793 2811 862 οἶκος
2861 800 2957 853 τοῦ
3019 798 3154 852 Θεοῦ
3205 800 3390 871 χάριτι
3442 802 3680 868 γενέσθαι

2106 888 2434 954 ἀξιωθέντες
2468 891 2557 944 διὰ
2584 890 2924 960 Πνεύματος,
2954 891 3226 962 τοσαύτην
3250 893 3390 964 ὑπὲρ
3423 892 3685 948 δικαιοσύ-

2105 999 2203 1052 νης
2230 985 2310 1045 εἰς
2347 983 2675 1055 κατάκρισιν
2716 985 2813 1054 τῆς
2853 985 3129 1054 ἁμαρτίας
3181 984 3455 1055 ὑπομονὴν
3493 987 3684 1041 ἐπιδεί-

2107 1074 2336 1128 κνυσθαι
2371 1074 2712 1145 παθημάτων
2731 1075 3041 1146 ὀφείλομεν,
3065 1078 3160 1129 καλ⁸
3178 1076 3254 1139 ὡς
3285 1075 3579 1147 κακοῦργοι
3601 1079 3686 1131 τὸν

2107 1166 2460 1238 ἐφύϐριστον,
2497 1167 2696 1236 ἀγαθοὶ
2725 1169 3116 1237 τυγχάνοντες,
3149 1167 3451 1239 προθύμως
3490 1170 3686 1239 ἀποφέ-

2110 1253 2301 1323 ρεσθαι
2351 1253 2602 1318 θάνατον,
2644 1254 2788 1307 τιτὸ
2817 1254 2993 1320 τέλος
3026 1253 3146 1309 τῶν
3182 1255 3590 1310 ἀπειθούντων
3616 1256 3688 1322 τῷ
3720 1242 3726 1250 ’

2107 1346 2216 1401 τοῦ
2245 1345 2398 1401 Θεοῦ
2425 1347 2777 1416 Etiam-stum
2807 1362 2826 1411 ;
2864 1347 3118 1422 τουτέστι
3138 1350 3289 1401 ποῖον
3321 1347 3476 1401 ἔσται
3515 1350 3574 1401 τὸ
3604 1348 3690 1402 τέ-

2105 1434 2220 1498 λος,
2251 1434 2421 1504 ἦγουν
2455 1436 2488 1505 ἡ
2519 1433 2722 1505 κρίσις,
2765 1435 2877 1487 τῶν
2925 1435 3000 1506 μὴ
3051 1434 3215 1505 μόνον
3259 1434 3445 1500 ζῶσάν
3495 1453 3554 1490 τε
3602 1436 3690 1490 καὶ

2108 1521 2536 1594 ἐνεργουμένην,
2569 1521 2715 1574 κατά
2741 1538 2802 1575 τε
2834 1522 3016 1592 ψυχὴν
3047 1524 3142 1576 καὶ
3195 1521 3376 1594 σῶμα,
3415 1522 3605 1598 γνώμῃ
3636 1542 3691 1578 τε

2107 1613 2207 1667 καὶ
2237 1611 2396 1682 φύσει
2440 1612 2540 1682 τὴν
2579 1611 2701 1665 καθ’
2747 1612 2944 1683 ἡδονὴν
2981 1613 3076 1667 τοῦ
3139 1615 3313 1684 Ἀδὰμ
3347 1617 3692 1687 κρατήσασαν

2109 1707 2209 1770 τῆς
2244 1705 2460 1774 φύσεως
2491 1704 2707 1771 γένεσιν
2742 1704 2905 1776 μέχρι
2933 1706 3120 1770 τέλους
3144 1707 3234 1761 διὰ
3267 1708 3509 1778 σπουδῆς
3537 1710 3691 1780 ἐσχη-

409 1810 682 1880 originem
723 1807 918 1862 sedulo
959 1806 1354 1872 retinuerunt;
1386 1805 1484 1860 sed
1513 1819 1697 1873 neque
1721 1804 1913 1858 Deum:
1947 1809 2004 1857 et

2117 1798 2320 1862 κότων,
2379 1796 2518 1851 ἀλλά
2569 1800 2705 1868 μήτε
2761 1798 3220 1870 προσδεξαμένων
3283 1801 3692 1871 παρακαλοῦντα

409 1899 648 1961 Patrem,
684 1912 785 1966 per
827 1894 1028 1949 Filium
1073 1892 1360 1962 asSumpta
1409 1907 1578 1948 carne
1614 1892 2002 1946 exhortantem

2117 1889 2201 1944 τὸν
2239 1889 2374 1943 Θεὸν
2432 1891 2529 1943 καὶ
2587 1890 2810 1961 Πατέρα
2857 1891 2925 1944 δι’
2965 1891 3097 1944 Υἰοῦ
3161 1892 3542 1962 σαρκωθέντος
3572 1910 3585 1925 ·
3626 1895 3693 1965 μή

409 1994 793 2059 susceperunt;
820 2000 1004 2055 neque
1037 2000 1171 2040 vero
1195 1983 1560 2039 Mediatorem
1576 1998 1642 2039 ac
1674 1983 1878 2038 Filium
1903 1998 2006 2052 pro

2117 2000 2167 2035 τε
2201 1982 2309 2054 μὴν
2357 1981 2524 2034 αὑτὸν
2573 1981 2668 2036 τὸν
2728 1982 2870 2053 ὑπὲρ
2911 1983 3006 2036 τοῦ
3058 1984 3273 2055 Πατρὸς
3332 1984 3695 2056 πρεσϐεύοντα

409 2081 568 2134 Patre
600 2077 878 2149 legatione
909 2074 1236 2148 fungentem
1272 2076 1316 2108 “
1349 2093 1363 2142 ;
1411 2075 1548 2146 qui',
1585 2083 1650 2130 ut
1698 2090 1802 2130 nos
1851 2074 2007 2129 Patri

2117 2073 2342 2144 μεσίτην
2369 2074 2467 2128 καὶ
2488 2074 2640 2140 Υἱὸν,
2670 2075 2764 2129 καὶ
2785 2075 2930 2146 ὑπὲρ
2952 2075 3056 2148 τῆς
3082 2078 3115 2148 ἡ
3125 2078 3243 2148 μῶν
3263 2079 3344 2141 εἰς
3369 2078 3466 2131 τὸν
3486 2078 3694 2149 Πατέρα

412 2171 822 2235 reconciliaret,
879 2168 998 2239 ipse
1032 2183 1094 2224 se
1131 2168 1424 2223 voluntate
1469 2167 1652 2222 Patris
1699 2180 1804 2238 pro
1844 2165 2012 2232 nobis

413 2274 614 2337 sponte
645 2266 811 2319 morti
830 2261 1129 2318 tradiderit
1162 2279 1176 2327 ;
1205 2269 1270 2315 ut
1289 2277 1393 2316 nos
1419 2268 1653 2332 propter
1679 2274 1759 2325 se,
1788 2257 2014 2313 deitatis

409 2375 524 2415 sua:
543 2358 746 2413 decore
776 2354 1170 2426 praefulgentes
1191 2362 1407 2408 tantum
1433 2351 1768 2407 elaritlearet
1785 2393 1799 2416 ,
1830 2365 2013 2421 quan-

413 2465 528 2505 tum
579 2459 810 2521 propter
845 2463 950 2503 nos
973 2448 1185 2501 nostris
1237 2446 1355 2515 ipse
1389 2443 1753 2500 dehonestari
1801 2443 2016 2514 passio-

413 2543 580 2599 nibus
607 2541 904 2598 sustinuit.

479 2635 568 2690 5L
625 2633 1092 2704 Quandoquidem
1145 2634 1296 2688 Deus
1345 2628 1596 2685 omnium
1636 2627 1732 2699 qui
1771 2626 2006 2682 salutem

412 2733 824 2796 consequentur
853 2725 1008 2781 locus
1042 2724 1154 2780 erit
1196 2725 1265 2789 “,
1303 2719 1828 2790 incircumscriptus
1877 2733 2011 2774 con-

411 2817 712 2887 tinuusque
736 2825 792 2871 et
824 2816 1097 2882 inﬁnitus,
1121 2815 1216 2886 qui
1245 2831 1346 2886 pro
1369 2822 1522 2871 certa
1539 2811 1770 2884 iustitia:
1795 2809 2012 2866 ratione

412 2906 599 2961 omnia
621 2907 883 2962 omnibus
913 2907 1040 2975 ﬁatj;
1064 2906 1340 2976 quinimo,
1374 2903 1471 2974 qui
1494 2918 1596 2973 pro
1625 2901 1794 2957 modo
1818 2916 2010 2956 earum

411 3001 734 3072 passionum
776 3015 840 3055 ac
878 3014 1254 3056 aerumnarum
1286 3039 1302 3064 ,
1348 2999 1555 3068 quibus
1592 3010 1712 3051 αξνο
1750 2995 1858 3050 hoc
1884 3011 2015 3050 eum

413 3091 647 3148 scientia
672 3091 1080 3162 perfungimur,
1112 3089 1280 3160 598
1333 3087 1579 3158 seipsum
1625 3086 1862 3158 singulis
1904 3086 2011 3140 lar-

414 3184 632 3255 giturus
656 3181 749 3247 sit,
788 3180 937 3236 haud
964 3194 1126 3236 secus
1149 3194 1214 3233 ac
1243 3177 1450 3242 anima,
1484 3192 1584 3247 pro
1609 3175 1859 3246 subjecta
1895 3174 2011 3228 cui-

414 3288 523 3344 que
553 3272 804 3328 membro
843 3269 1128 3334 facultate,
1171 3267 1412 3338 seipsam
1446 3274 1771 3336 operantem
1802 3265 2008 3334 prodit,

413 3379 480 3421 ac
503 3361 807 3427 efﬁcacem,
837 3361 1004 3432 vique
1028 3374 1150 3425 sua,
1197 3356 1452 3414 membra
1492 3355 1745 3411 continet
1778 3363 1840 3410 ut
1875 3355 2008 3418 sint,

417 3466 475 3514 et
507 3455 578 3512 ad
605 3456 734 3511 vitae
778 3453 966 3508 munia
1000 3460 1195 3522 vegeta
1236 3450 1351 3506 sint
1385 3467 1398 3503 :
1431 3449 1628 3519 impius
1680 3455 1730 3501 et
1768 3456 2013 3518 peccator

416 3550 507 3604 ubi
529 3548 790 3621 parebunt
815 3549 902 3612 “,
963 3546 1059 3616 qui
1110 3545 1217 3599 hac
1247 3542 1430 3614 gratia
1473 3540 1855 3597 deﬁciamur?
1905 3538 2012 3607 Qui

416 3641 570 3697 enim
602 3639 702 3696 Dei
745 3637 1102 3710 praesentiam
1144 3634 1471 3691 beatitatem
1516 3642 1875 3705 praestantem
1922 3649 2015 3689 ca-

419 3745 554 3804 pere
582 3745 691 3785 non
713 3729 883 3794 valet,
909 3727 1137 3782 ubinam
1165 3725 1408 3797 parebit,
1445 3739 1574 3780 cum
1602 3739 1634 3778 a
1663 3722 1856 3780 divina
1878 3725 2012 3790 vita,

420 3837 586 3879 omne
647 3821 911 3878 saeculum
963 3830 1297 3890 tempusque
1344 3833 1411 3874 ac
1459 3817 1647 3873 locum
1687 3827 2011 3890 superante,

417 3927 544 3971 cum
573 3913 849 3971 excidisse
887 3912 1235 3984 contigerit?
1744 3897 1748 3900 ’

488 4005 576 4062 52.
619 4005 723 4072 Qui
771 4005 868 4060 Dei
934 4004 1004 4059 ad
1061 4003 1388 4059 beatitatem
1447 4003 1618 4059 vitam
1671 4002 2017 4061 continentis

421 4113 646 4168 compos
701 4113 814 4152 non
868 4097 962 4162 sit,
1003 4096 1100 4168 qui
1152 4097 1271 4168 ipse
1321 4096 1480 4152 locus
1521 4095 1708 4167 dignis
1755 4095 2018 4151 omnibus

427 4198 564 4261 erit;
603 4207 848 4263 quonam
877 4191 1045 4246 modo
1074 4207 1198 4246 sese
1246 4190 1500 4254 habebit,
1547 4190 1640 4246 eui
1691 4189 1840 4244 Deus
1897 4187 2017 4258 ipse

426 4284 728 4339 secundum
757 4282 1042 4338 beatitatis
1077 4283 1133 4336 in
1159 4283 1274 4337 Deo
1308 4280 1722 4353 perennitatem
1751 4295 1816 4334 ac
1841 4279 2016 4334 ﬁrmi-

424 4384 593 4432 tatem
619 4375 807 4431 desit?
833 4375 934 4440 Ac,
963 4374 1008 4429 si
1038 4389 1182 4443 aegre
1213 4372 1514 4427 admodum
1547 4371 1737 4443 justus
1771 4371 2017 4426 salvabi-

2110 2164 2486 2236 καταλλαγῆς,
2539 2166 2735 2220 ἑαυτὸν
2789 2166 3041 2238 βουλήσει
3080 2168 3177 2232 τοῦ
3227 2169 3470 2240 Πατρὸς,
3503 2171 3582 2234 είς
3612 2171 3696 2223 τὸν

2113 2259 2256 2332 ὑπὲρ
2283 2263 2318 2332 ἠ
2327 2261 2444 2332 μῶν
2475 2261 2710 2316 θάνατον
2736 2263 2882 2318 κατὰ
2908 2263 3130 2334 θέλησιν
3166 2265 3518 2338 προϊέμενον,
3561 2266 3698 2330 ὅπως

2113 2352 2182 2406 δι’
2232 2353 2428 2408 ἑαυτὸν
2471 2355 2622 2425 ἡμᾶς
2670 2353 2930 2408 τοσοῦτον
2953 2354 3178 2426 δοξάσῃ,
3207 2355 3286 2428 τῷ
3315 2357 3506 2411 κάλλει
3539 2373 3699 2411 κατα-

2078 2443 2414 2516 .φαιδρύνας
2439 2445 2539 2516 τῆς
2575 2445 2784 2510 οἰκείας
2812 2446 3090 2518 θεότητος,
3123 2449 3246 2503 ὅσον
3280 2448 3350 2502 δι’
3373 2449 3524 2522 ἡμᾶς
3550 2449 3699 2514 αὐτὸς

2112 2535 2442 2601 κατεδέξατο
2461 2539 2574 2600 τοῖς
2601 2537 2761 2608 ἡμῶν
2799 2537 3178 2608 ἀτιμασθῆναι
3222 2538 3567 2614 παθήμασιν.

2117 2644 2122 2648 '
2180 2625 2284 2682 va'.
2326 2625 2551 2698 Ἐπειδὴ
2574 2628 2794 2683 πάντων
2822 2629 2935 2683 τῶν
2966 2629 3293 2702 σωζομένων
3323 2633 3352 2686 6
3371 2633 3529 2699 Θεὸς,
3561 2632 3701 2688 ἔσται

2109 2717 2276 2783 τόπος
2309 2718 2696 2791 ἀπερίγραφός
2742 2737 2803 2774 τε
2846 2723 2944 2776 καὶ
2983 2722 3308 2788 άδιάστατος
3342 2725 3441 2778 καὶ
3461 2724 3697 2798 ἄπειρος,

2113 2810 2248 2864 πᾶσι
2314 2811 2492 2865 πάντα
2556 2813 2844 2884 γινόμενος
2900 2814 3042 2869 κατὰ
3097 2816 3198 2886 τὴν
3252 2817 3555 2887 ἀναλογίαν
3607 2819 3702 2888 τῆς

2113 2899 2485 2973 δικαιοσύνης,
2523 2903 2725 2973 μᾶλλον
2753 2903 2811 2957 δὲ
2857 2904 3004 2959 κατὰ
3049 2904 3110 2959 τὸ
3164 2907 3364 2980 μέτρον
3408 2908 3518 2963 τῶν
3564 2909 3703 2980 μετὰ

2115 2991 2375 3060 γνώσεως
2431 2993 2573 3065 ὑπὲρ
2629 2994 2982 3068 δικαιοσύνης
3037 2998 3273 3053 ἐνταῦθα
3337 3001 3700 3072 παθημάτων,

2116 3082 2311 3138 ἑαυτὸν
2350 3085 2571 3157 ἑκάστῳ
2592 3085 2962 3158 δωρούμενος,
2990 3089 3244 3162 καθάπερ
3272 3085 3425 3165 ψυχὴ
3461 3091 3704 3164 σώματος

2118 3175 2306 3246 μέλεσι
2326 3177 2470 3230 κατά
2489 3177 2589 3248 τὴν
2614 3177 2987 3254 ὑποκειμένην
3023 3182 3243 3254 ἑκάστῳ
3272 3184 3430 3252 μέλει
3459 3185 3701 3256 δύναμιν,

2111 3267 2316 3338 ἑαυτὴν
2349 3267 2682 3341 ἐνεργοῦσαν
2707 3264 3066 3341 ἐκφαίνουσα,
3097 3273 3194 3327 καὶ
3220 3275 3358 3345 πρὸς
3400 3274 3464 3328 τὸ
3486 3270 3620 3330 εἶναι
3640 3276 3704 3330 δι’

2113 3359 2314 3428 ἑαυτῆς
2330 3359 2399 3413 τά
2425 3359 2561 3431 μέλη
2581 3361 2882 3432 συνέχουσα
2901 3362 3040 3435 πρὸς
3059 3363 3207 3435 ζωὴν
3229 3367 3700 3438 συγκρατούμενα·

2113 3453 2146 3504 ὁ
2176 3449 2405 3519 ἀσεϐὴς
2433 3450 2532 3504 καὶ
2569 3451 2920 3522 ἁμαρτωλὸς
2973 3453 3096 3508 ποῦ
3147 3455 3446 3525 φανεῖται,
3508 3456 3704 3528 ταύτης

2113 3543 2483 3615 ἐστερημένος
2543 3546 2644 3617 τῆς
2695 3547 2953 3617 χάριτος;
3013 3547 3074 3601 ’θ
3123 3548 3232 3620 γὰρ
3288 3548 3366 3622 μὴ
3415 3550 3705 3621 δυνάμενος

2116 3637 2522 3710 ἐνεργουμένην
2557 3637 2658 3710 τὴν
2693 3638 2836 3693 κατὰ
2863 3640 2925 3693 τὸ
2967 3637 3030 3694 εὖ
3065 3636 3204 3695 εἶναι
3249 3640 3347 3694 τοῦ
3385 3642 3523 3696 Θεοῦ
3557 3642 3705 3708 δέξα-

2117 3729 2244 3784 σθαι
2293 3730 2624 3802 παρουσίαν,
2667 3730 2774 3785 ποῦ
2805 3735 3076 3803 φανεῖται,
3111 3737 3211 3806 τῆς
3241 3715 3398 3798 θείας
3443 3735 3587 3806 ζωῆς
3610 3735 3706 3805 τῆς

2117 3821 2258 3894 ὑπὲρ
2285 3822 2463 3878 αἰῶνα
2495 3823 2593 3877 καὶ
2621 3824 2815 3895 χρόνον
2848 3824 2944 3878 καὶ
2969 3826 3139 3879 τόπον
3173 3825 3478 3897 ὑπομείνας
3501 3827 3596 3898 τὴν
3620 3825 3708 3879 ἔκ-

2116 3931 2326 3969 πτωσιν
2346 3933 2361 3983 ;

2188 4005 2288 4077 νβ’.
2339 4007 2400 4061 'U
2425 4007 2518 4062 τὸν
2545 4006 2680 4061 Θεὸν
2703 4007 2805 4062 οὐκ
2833 4005 2972 4079 ἔχων
3010 4009 3152 4080 πρὸς
3193 4010 3255 4063 τὸ
3308 4005 3372 4064 εὗ
3410 4007 3552 4064 εἶναι
3600 4026 3709 4062 συνο

2117 4099 2313 4171 έχοντα
2343 4099 2444 4172 τὴν
2477 4099 2648 4173 ζωὴν,
2680 4102 2773 4155 τὸν
2807 4102 3071 4172 μέλλοντα
3104 4104 3240 4156 πᾶσι
3267 4103 3521 4171 γίνεσθαι
3551 4103 3708 4156 τόπον

2116 4195 2232 4258 τοῖς
2279 4194 2474 4260 ἀξίοις,
2523 4195 2643 4258 πῶς
2703 4195 2881 4261 ἔσται,
2921 4195 3090 4248 τόπον
3123 4195 3289 4249 αὐτὸν
3320 4195 3427 4249 οὐκ
3454 4195 3592 4267 ἔχων
3622 4194 3710 4247 τὸν

2118 4287 2253 4341 Θεὸν
2279 4287 2420 4342 κατὰ
2454 4288 2554 4358 τὴν
2577 4289 2685 4342 τῶν
2720 4285 2780 4342 εὖ
2825 4283 2968 4343 εῖναι
3003 4291 3061 4343 ἐν
3117 4288 3237 4361 Θεῷ
3291 4290 3464 4360 μονήν
3511 4306 3571 4341 τε
3621 4286 3709 4338 καὶ

2122 4376 2365 4450 ἴδρυσινς
2398 4379 2509 4433 Καὶ
2536 4381 2584 4431 εἰ
2623 4380 2761 4450 μετὰ
2815 4379 3017 4451 πολλῆς
3061 4380 3384 4453 δυσχερείας
3431 4382 3461 4434 6
3513 4379 3709 4440 δίκαιος

425 4481 536 4534 tur,
569 4467 705 4540 quid
731 4467 844 4522 erit
877 4473 1046 4522 autve
1078 4466 1174 4522 (iet
1217 4465 1330 4531 illi,
1383 4465 1480 4536 qui
1528 4465 1742 4520 nullam
1792 4464 2010 4535 pietatis

2120 4468 2377 4536 σώζεται,
2400 4471 2454 4524 τί
2482 4469 2656 4534 ἔσται,
2683 4470 2788 4542 ἦτε
2812 4471 3063 4526 πείσεται
3114 4473 3142 4525 6
3179 4463 3385 4543 μηδένα
3424 4471 3583 4542 λόγον
3623 4469 3708 4522 sb-

422 4569 587 4633 atque
616 4560 864 4628 virtutis,
898 4558 1149 4634 quandiu
1183 4559 1298 4614 vita
1335 4557 1414 4612 illi
1442 4572 1632 4614 comes
1666 4557 1795 4625 fuit,
1835 4558 2010 4614 ratio-

420 4668 548 4708 nem
579 4651 811 4708 habuit?

493 4745 581 4801 55.
622 4745 772 4802 Deus
799 4743 1053 4814 quidem,
1079 4741 1392 4800 secundum
1415 4757 1586 4798 unam
1622 4740 1854 4798 inﬁnitas
1897 4739 2015 4797 vir-

424 4839 558 4894 tutis
608 4836 881 4894 bonitatis
924 4849 1041 4890 suae
1078 4835 1422 4890 voluntatem
1447 4875 1463 4902 ,
1519 4848 1719 4889 omnes
1761 4831 2012 4897 omnino,

421 4928 758 5001 angelosque
785 4936 843 4983 et
872 4925 1134 4982 homines
1159 4966 1175 4992 ,
1205 4925 1499 4996 bonosque
1527 4931 1585 4981 et
1612 4924 1790 4980 malos
1829 4922 2013 4977 conti-

422 5021 580 5076 nebit
622 5039 636 5077 :
676 5035 790 5078 non
836 5027 1024 5075 tamen
1069 5032 1264 5074 omnes
1324 5017 1615 5088 aequaliter
1675 5015 2016 5086 paribusque

422 5109 622 5174 modis,
675 5108 902 5186 cunctis
949 5106 1207 5163 absolute
1251 5115 1419 5176 atque
1465 5105 1642 5161 libere
1701 5103 2018 5159 immeantis

421 5199 543 5264 Dei,
577 5207 748 5254 erunt
772 5196 1114 5268 participes;
1148 5196 1244 5252 sed
1267 5212 1368 5267 pro
1391 5212 1461 5252 eo
1491 5211 1557 5252 ac
1585 5195 1823 5266 quisque
1849 5194 2015 5250 modo

421 5290 590 5362 capit.

495 5383 585 5441 54.
617 5381 723 5450 Qui
747 5381 1093 5438 voluntatem
1122 5391 1288 5452 atque
1305 5381 1553 5436 animum
1578 5396 1679 5450 per
1701 5379 1889 5434 omnia
1917 5394 2016 5432 na-

493 5520 538 5548 ὀ
564 5519 583 5572 l
609 5520 758 5575 Petr.
789 5536 864 5586 ιν,
891 5521 978 5573 17.
1061 5521 1104 5550 ²¹
1137 5520 1180 5575 li
1212 5521 1339 5576 Cor.
1379 5538 1432 5586 v,
1460 5520 1552 5575 20.

494 5629 567 5700 (r)
594 5633 659 5684 Ol
681 5630 799 5700 μὲν
825 5630 901 5703 τῇ
926 5633 1130 5703 φύσει.
1169 5631 1328 5703 Quod
1368 5632 1449 5686 sic
1499 5631 1612 5696 hic,
1664 5641 1720 5687 et
1750 5633 2001 5702 sequenti

426 5716 545 5769 cap.
607 5715 672 5754 ac
716 5701 919 5773 passim
968 5702 1120 5773 alibi
1153 5701 1420 5773 Maximus
1465 5710 1722 5773 naturam
1777 5701 2000 5773 ingerit,

426 5773 656 5843 ejusque
686 5771 957 5826 rationem
990 5779 1050 5825 ut
1071 5771 1296 5826 virtutis
1329 5771 1509 5825 omnis
1534 5772 1799 5842 regulam,
1830 5771 1893 5827 ac
1910 5789 2002 5828 nc-

2122 4560 2339 4626 σεὸείας
2377 4562 2471 4615 καὶ
2509 4563 2713 4634 ἀρετῆς
2742 4564 2883 4616 κατὰ
2918 4562 3019 4634 τὴν
3057 4563 3343 4635 παροῦσαν
3371 4563 3524 4636 ζωὴν
3557 4577 3708 4632 ποιη-

2123 4654 2263 4726 σάμε
2271 4671 2359 4718 νος
2376 4671 2392 4721 ;

2193 4753 2294 4816 νγθ.
2330 4747 2390 4799 '0
2444 4747 2542 4818 μὲν
2577 4747 2712 4812 Θεὸς
2759 4747 2905 4802 κατά
2955 4747 3087 4819 μίαν
3140 4746 3585 4820 ἀπειροδύναμον
3616 4743 3711 4814 τῆς

2120 4839 2460 4911 ἀγαθότητος
2493 4839 2773 4910 βούλησιν,
2803 4841 3012 4904 πάντας
3061 4839 3273 4905 συνέξει
3311 4839 3409 4894 καὶ
3451 4838 3712 4909 ἀγγέλους

2121 4931 2219 4984 καὶ
2262 4930 2606 5003 ἀνθρώπους,
2653 4931 2896 5001 ἀγαθούς
2945 4949 3004 4986 τε
3052 4931 3148 4985 καὶ
3197 4930 3474 5001 πονηρούς
3508 4947 3522 4961 °
3573 4925 3709 4984 οῦτοι

2122 5020 2178 5072 δὲ
2203 5021 2426 5085 πάντες,
2455 5021 2555 5075 οὐκ
2580 5022 2711 5084 ἴσως
2751 5021 3039 5090 μεθέξουσι
3062 5020 3221 5086 Θεοῦ,
3255 5019 3347 5074 τοῦ
3379 5020 3471 5074 διὰ
3504 5019 3709 5073 πάντων

2125 5115 2370 5186 ἀσχέτως
2393 5118 2768 5188 χωρήσαντος,
2797 5114 2913 5170 ἀλλ’
2943 5114 3223 5184 ἀναλόγως
3259 5115 3497 5177 ἑαυτοῖς.

2195 5378 2288 5432 νδ’.
2323 5380 2384 5432 ΟΞ
2413 5379 2512 5449 μὲν
2544 5380 2610 5450 τῇ
2644 5377 2806 5448 φύσει
2855 5377 2926 5451 (r)
2976 5379 3312 5448 φυλάξαντες
3363 5379 3456 5432 διὰ
3500 5377 3705 5431 πάντων

1635 5522 1679 5552 ε’
1717 5521 1860 5577 Psal.
1895 5536 2017 5586 exs,
2056 5520 2110 5574 5.
2188 5521 2233 5552 ³³
2261 5519 2280 5574 Ι
2307 5519 2454 5575 Petr.
2485 5534 2558 5585 ιγ,
2592 5518 2677 5573 18.

2116 5631 2480 5688 cessitudinis
2523 5649 2650 5689 cum
2708 5635 2822 5690 Deo
2872 5648 3165 5701 normam;
3217 5644 3278 5689 ut
3331 5642 3546 5687 tantum
3596 5630 3701 5685 Deo

2114 5705 2374 5775 uniamur
2405 5705 2720 5775 acvirtute
2772 5705 3101 5775 fulgeamus,
3151 5706 3435 5774 simusque
3484 5713 3700 5772 capaces

2112 5785 2331 5829 aeternae
2357 5774 2738 5842 beatitudinis,
2773 5774 3042 5846 quantum
3086 5776 3247 5832 nobis
3293 5789 3353 5829 ac
3387 5782 3586 5830 nostra:
3607 5784 3697 5824 vo-
