4020 6402
366 395 499 464 1329

1036 401 1372 462 CAPITUM
1411 400 1838 472 QUINOUIES
1874 400 2399 462 CENTENORUM
2441 403 2830 465 CENTURIA
2868 406 2968 468 IV.

3510 401 3644 466 1330

367 509 720 580 ίσονομοῦσαν
751 511 849 582 τὴν
903 512 1160 584 γνώμην,
1194 516 1288 568 καὶ
1332 515 1440 568 τῶν
1487 517 1586 585 τῆς
1624 515 1839 584 φύσεως
1870 515 1957 567 λό-

2066 524 2203 570 turae
2226 516 2556 585 aequabilem
2589 527 2974 583 servaverunt,
3002 519 3295 589 ipsumque
3321 517 3508 588 reipsa
3549 531 3646 570 na-

363 619 472 672 γων
511 603 630 654 κατ’
664 602 944 674 ἐνέργειαν
993 606 1249 677 δεκτικὴ)
1299 606 1470 675 αὐτὴν
1501 606 1949 676 καταστήσαντες

363 694 484 747 καθ’
513 694 632 746 ὅλον
666 695 758 748 τὸν
789 696 882 748 τοῦ
905 697 991 750 ἀεὶ
1017 694 1074 750 εὖ
1098 694 1235 751 εἶναι
1263 698 1441 766 λόγον,
1467 698 1556 750 διὰ
1580 698 1678 767 τὴν
1702 698 1834 768 πρὸς
1857 697 1952 767 τὴν

363 785 512 840 θείαν
543 786 796 858 βούλησιν
838 791 937 859 τῆς
992 790 1220 862 γνώμης
1278 791 1599 854 εὐπάθειαν,
1644 790 1772 860 ὅλης
1829 789 1944 860 [qu.

363 876 454 932 illa
495 879 581 942 (il,
625 878 784 952 ὅλως]
835 881 1123 951 μεθέξουσι
1158 883 1258 952 τῆς
1288 884 1647 953 ἁγαθότητος,
1682 881 1824 935 κατά
1853 883 1953 951 τὴν

360 971 542 1033 αὐτοῖς
576 971 888 1042 ὲπιλάμπου
900 990 993 1026 σαν
1014 974 1088 1037 ώς
1118 975 1176 1026 ὲν
1203 975 1456 1044 ἀγγέλοις
1489 975 1522 1045 ἢ
1548 974 1624 1037 ὡς
1657 975 1714 1026 ὲν
1740 973 1953 1044 ἀνθρώ-

360 1079 484 1126 ποις
511 1063 663 1116 θείαν
689 1064 858 1135 ζωήν.
893 1067 957 1118 Ol
985 1067 1043 1119 δὲ
1066 1071 1132 1137 τῇ
1156 1067 1316 1136 φύσει
1349 1069 1679 1138 ποιήσαντες
1706 1067 1951 1120 ἀνισονο-

361 1154 569 1224 μοῦσαν
590 1155 678 1210 δια
701 1158 918 1210 πάντων
941 1157 1038 1228 τὴν
1061 1158 1314 1229 γνώμην,
1347 1160 1442 1214 καὶ
1463 1158 1574 1212 τῶν
1600 1160 1702 1230 τῆς
1730 1157 1950 1226 φύσεως

357 1245 536 1315 λόγων
583 1250 726 1302 κατά
763 1250 864 1322 τὴν
909 1251 1192 1323 ἐνέργειαν
1223 1251 1590 1322 σκεδαστικὴν
1619 1252 1792 1322 αὐτὴν
1818 1253 1952 1305 ἀπο-

356 1337 634 1404 δείξαντες
658 1338 780 1392 καθ’
812 1339 931 1392 ὅλον
947 1341 1039 1393 τὸν
1056 1340 1147 1393 τοῦ
1162 1335 1222 1394 εὖ
1240 1340 1378 1394 εἶναι
1394 1341 1567 1409 λόγον,
1588 1340 1678 1393 διά
1697 1339 1796 1412 τὴν
1817 1340 1953 1410 πρὸς

357 1430 458 1500 τὴν
497 1430 649 1484 θείαν
695 1430 949 1503 βούλησιν
995 1433 1096 1503 τῆς
1133 1433 1364 1504 γνώμης
1409 1432 1788 1495 ἀντιπάθειαν,
1824 1431 1954 1503 ὅλης

357 1522 722 1576 ἐκπεσοῦνται
771 1523 869 1593 τῆς
915 1525 1274 1596 ἀγαθότητος,
1305 1525 1446 1578 κατά
1479 1525 1578 1588 τὴν
1622 1525 1953 1595 ἐμφαινομέ-

355 1633 460 1685 νην
485 1615 671 1678 αὐτοῖς
706 1615 842 1685 πρὸς
868 1616 928 1668 τὸ
960 1616 1061 1686 φεῦ
1089 1612 1229 1670 εἶναι
1259 1619 1359 1687 τῆς
1389 1616 1615 1688 γνώμης
1638 1617 1913 1669 οἰκείωσιν
1937 1632 1951 1647 ·

357 1707 483 1758 καθ’
532 1708 598 1776 ἢν
639 1708 672 1777 ἡ
721 1710 857 1779 πρὸς
904 1710 994 1763 τὸν
1035 1710 1168 1763 Θεὸν
1216 1710 1373 1764 ἔσται
1402 1709 1510 1764 τῶν
1541 1709 1800 1763 τοιούτων
1831 1709 1951 1762 διά-

357 1813 569 1860 στασις,
595 1798 696 1850 ούκ
725 1798 957 1867 ἐχόντων
985 1800 1130 1854 κατά
1149 1799 1248 1870 τὴν
1277 1801 1538 1869 πρόθεσιν
1570 1801 1667 1870 τῆς
1700 1798 1950 1869 γνώμης,

2055 617 2192 661 tura:
2229 609 2506 662 rationum
2533 611 2968 680 eapacemjuxta
2999 627 3218 665 onmem
3243 611 3384 665 bene
3419 608 3640 664 essendi

2055 700 2327 754 rationem
2360 700 2746 764 reddiderunt,
2773 702 2844 756 ob
2876 704 3046 756 animi
3069 717 3134 757 ac
3168 701 3473 757 voluntatis
3517 716 3644 754 cum

2053 789 2240 845 divina
2265 791 2554 846 voluntate
2582 792 3028 848 convenientiam
3046 834 3060 858 ,
3097 793 3300 848 divina:
3319 791 3503 848 omnis
3544 791 3646 844 bo-

2053 882 2267 947 nitatis,
2315 899 2416 953 pro
2461 884 2665 939 divinae
2694 884 2751 939 in
2782 885 2865 940 eis
2897 884 3046 949 vitae,
3090 893 3152 940 ut
3205 885 3260 938 in
3292 884 3506 955 angelis
3550 893 3649 936 aut

2055 975 2112 1029 in
2139 975 2462 1032 hominibus
2491 976 2787 1041 elucentis,
2847 975 3084 1040 ratione,
3125 984 3294 1030 erunt
3319 976 3643 1046 participes.

2053 1067 2159 1134 Qui
2187 1084 2324 1124 vero
2353 1084 2453 1139 per
2476 1069 2664 1124 omnia
2685 1067 3078 1138 inaequabilem
3105 1069 3454 1122 voluntatem
3480 1075 3648 1135 atque

2053 1161 2302 1216 animum
2359 1167 2574 1215 natura:
2625 1159 3037 1224 reddiderunt,
3083 1167 3408 1227 naturaeque
3464 1157 3647 1226 reipsa

2056 1251 2304 1306 rationes
2333 1251 2697 1322 dissipantem
2726 1252 2883 1323 juxta
2914 1266 3136 1306 omnem
3165 1250 3308 1305 bene
3335 1263 3514 1318 exque
3541 1247 3651 1301 vir-

2055 1352 2172 1398 tute
2203 1343 2428 1398 essendi
2468 1343 2743 1398 rationem
2801 1342 3177 1398 exhibuerunt
3204 1382 3218 1408 ,
3256 1340 3328 1396 ob
3365 1339 3534 1394 animi
3585 1356 3650 1394 ac

2054 1435 2360 1489 voluntatis
2393 1449 2520 1489 cum
2546 1434 2736 1490 divina
2760 1435 3048 1490 voluntate
3084 1431 3648 1495 disconvenientiam,

2054 1525 2323 1581 bonitatis
2361 1524 3038 1596 omnisjacturam,jnxta
3080 1523 3402 1579 elucentem
3449 1521 3504 1575 in
3545 1521 3646 1585 eis,

2054 1636 2180 1674 cum
2223 1619 2331 1674 hoc
2357 1617 2505 1688 quod
2534 1625 2619 1672 est
2647 1617 2789 1672 male
2815 1616 3129 1686 misereque
3155 1630 3301 1678 esse,
3344 1615 3652 1668 voluntatis

2054 1711 2336 1781 animique
2370 1708 2864 1774 necessitudinem,
2893 1707 3102 1764 facient
3129 1725 3143 1773 ;
3174 1722 3305 1776 qua,
3332 1721 3528 1762 eorum
3553 1708 3649 1776 qui

2054 1801 2331 1873 ejusmodi
2371 1807 2524 1866 sunt,
2558 1801 2668 1856 erit
2695 1815 2822 1855 cum
2854 1800 2967 1854 Deo
3001 1799 3307 1854 divortium
3342 1798 3650 1870 sejunctio-

353 1891 480 1952 ταῖς
515 1890 820 1959 ἐνεργείαις
848 1890 957 1943 τῶν
989 1891 1235 1959 ἀγαθῶν,
1266 1893 1358 1946 τὸν
1383 1892 1478 1946 τοῦ
1509 1889 1567 1947 εὖ
1618 1889 1758 1946 εἶναι
1794 1892 1951 1961 λόγον

2066 1910 2194 1964 ιιιθ;
2236 1893 2441 1964 quibus
2467 1907 2666 1963 nempe
2698 1891 2846 1946 desit
2869 1890 3074 1946 mentis
3103 1888 3392 1961 proposito
3422 1929 3438 1953 ,
3478 1888 3650 1952 ,bonis

355 1979 822 2084 ζωογονούμενον,
857 1981 982 2036 καθ’
1027 1983 1086 2036 ὃν
1135 1984 1168 2054 ἡ
1221 1983 1343 2038 θεία
1397 1985 1511 2056 ζωὴ
1572 1985 1952 2055 διαφαίνεσθαι

357 2085 602 2138 πεφυκε.

433 2256 527 2306 ve’.
555 2251 726 2320 Ζυγὺς
746 2253 845 2322 τῆς
872 2253 1104 2308 ἑκάστου
1126 2253 1353 2326 γνώμης
1381 2254 1696 2311 ἔσταικατά
1724 2257 1823 2326 τὴν
1838 2257 1960 2327 κρί-

360 2341 627 2412 σιν,ὀτῆς
643 2342 857 2410 φύσεως
873 2342 1049 2412 λόγος,
1078 2345 1176 2415 τὴν
1211 2346 1348 2417 πρὸς
1380 2346 1442 2399 τὸ
1471 2345 1595 2416 φεῦ,
1626 2346 1658 2417 ἦ
1693 2343 1754 2401 εὖ
1788 2349 1960 2418 αὐτῆς

357 2431 657 2503 διελέγχων
681 2435 918 2504 κίνησιν,
939 2436 1063 2490 καθ’
1089 2437 1156 2507 ἣν
1191 2437 1224 2508 ἠ
1251 2436 1352 2508 τῆς
1375 2437 1526 2502 θείας
1557 2439 1704 2510 ζωῆς
1741 2439 1960 2510 μέθεξις

359 2524 399 2595 ἦ
423 2523 690 2594 ἀμεθεξξα
723 2525 971 2594 γίνεσθαι
1009 2528 1246 2598 πέφυκε.
1277 2530 1435 2584 Κατά
1460 2531 1570 2603 γάρ
1598 2531 1659 2584 τὸ
1685 2527 1827 2586 εἶναι
1862 2533 1954 2586 καὶ

359 2616 457 2668 ἀεὶ
485 2610 646 2681 εἶναι,
675 2617 885 2682 πάντας
918 2618 1129 2684 συνέξει
1161 2621 1353 2692 παρὼν
1381 2624 1408 2676 ό
1442 2621 1574 2686 Θεός
1600 2639 1614 2653 ·
1643 2624 1784 2678 κατὰ
1811 2625 1869 2679 δὲ
1896 2627 1957 2680 τδ

361 2708 455 2761 ἀεὶ
481 2704 540 2762 εὗ
571 2702 736 2776 εἷναι,
769 2709 964 2780 μόνους
1006 2712 1325 2782 ἰδιοτρόπως
1376 2716 1500 2779 τοὺς
1541 2716 1753 2784 ἁγίους,
1785 2718 1957 2786 ἀγγέ-

360 2799 492 2864 λους
519 2819 580 2854 τε
608 2805 702 2856 καὶ
731 2802 1077 2874 ἀνθρώπους,
1112 2805 1175 2857 τὸ
1205 2806 1292 2860 ἀεὶ
1336 2805 1440 2876 φεύ
1494 2804 1658 2873 εἶναι,
1713 2813 1827 2874 τοῖς
1883 2810 1958 2881 μὴ

360 2895 632 2961 τοιούτοις
665 2899 740 2962 ὡς
765 2899 992 2970 γνώμης
1031 2901 1244 2971 καρπὸν
1283 2904 1444 2974 ἀφεὶς
1497 2905 1956 2975 ἐπικιρνώμενον.

2054 1985 2322 2057 operibus
2372 1983 2561 2040 vivida
2613 1983 2918 2055 vigensque
2979 1981 3123 2038 bene
3173 1980 3399 2038 essendi
3462 1979 3646 2042 ratio,

2055 2075 2364 2132 secundum
2382 2090 2546 2145 quam
2564 2073 2769 2128 divinae
2783 2073 2910 2128 vitae
2933 2071 3117 2128 exseri
3138 2079 3520 2142 comparatum
3540 2078 3643 2134 est,

2056 2182 2122 2222 ac
2149 2166 2560 2236 splendescere.

2130 2258 2219 2314 55.
2251 2255 2534 2328 Cujusque
2561 2256 2866 2312 voluntatis
2903 2256 3111 2310 trutina
3141 2256 3197 2310 in
3226 2254 3440 2328 judicio
3462 2253 3667 2308 futura

2057 2360 2145 2408 est
2199 2358 2418 2406 natura:
2465 2349 2649 2415 ratio,
2718 2350 2840 2422 ejus
2898 2349 3168 2403 nimirum
3209 2347 3374 2418 599
3421 2346 3489 2400 ad
3544 2347 3650 2400 hoc

2057 2442 2207 2514 quod
2255 2452 2342 2498 est
2368 2441 2511 2496 male
2543 2456 2668 2496 esse
2699 2451 2797 2495 aut
2842 2441 2984 2495 bene
3015 2449 3227 2494 motum
3260 2454 3534 2509 arguens;
3583 2453 3652 2492 ex

2048 2537 2219 2608 tujus
2247 2535 2462 2590 ratione
2495 2544 2611 2600 est,
2645 2541 2708 2588 ut
2735 2533 2936 2588 divina:
2980 2533 3107 2588 vita:
3135 2532 3438 2604 participes
3476 2531 3652 2586 simus

2056 2636 2152 2684 aut
2191 2628 2531 2698 inexpertes.
2561 2626 2847 2693 Quatenus
2864 2625 3013 2681 enim
3044 2625 3157 2680 sint
3177 2640 3241 2679 ac
3271 2639 3491 2694 semper
3516 2623 3648 2685 sint,

2056 2735 2305 2790 praasens
2334 2719 2480 2773 Deus
2517 2733 2712 2772 omnes
2756 2715 3073 2772 continebit
3114 2757 3127 2770 .
3177 2725 3238 2769 ut
3273 2723 3462 2769 autem
3509 2715 3650 2769 bene

2059 2827 2281 2882 semper
2342 2809 2455 2866 illis
2506 2811 2580 2865 sit
2617 2825 2682 2863 ac
2726 2817 3000 2880 perpetua
3043 2807 3306 2862 bcatitate
3361 2807 3650 2870 fruantur,

2059 2903 2331 2976 peculiari
2361 2903 2629 2958 duntaxat
2662 2901 2880 2956 ratione
2910 2909 3152 2966 sanctos,
3188 2901 3416 2972 angelos
3445 2901 3655 2971 pariter

360 2997 535 3060 atque
570 2991 852 3058 homines;
891 2994 981 3059 iis,
1009 2995 1106 3065 qui
1128 3012 1240 3051 non
1288 2999 1565 3069 ejusmodi
1625 2999 1853 3064 fuerint,
1926 3007 2192 3070 tanquam
2238 3012 2436 3053 eorum
2481 2994 2651 3050 animi
2701 3009 2764 3049 ac
2807 2993 3115 3049 voluntatis
3181 2992 3459 3053 fructum.
3505 3009 3654 3048 coui-

360 3083 595 3138 mistum
639 3086 981 3157 relinquens,
1017 3095 1077 3142 ut
1111 3089 1194 3144 eis
1221 3105 1441 3162 semper
1468 3093 1612 3148 male
1647 3095 1739 3148 sit.

437 3179 547 3244 νςῖ
599 3180 673 3232 ού
714 3181 1085 3251 συνεπάγεται
1131 3186 1197 3254 τῇ
1250 3185 1394 3240 κατά
1425 3185 1590 3256 φύσιν
1629 3189 1738 3243 τῶν
1774 3189 1830 3257 ἐξ

366 3270 703 3342 συνέστηκεν
738 3274 1044 3344 ἑτερότητι,
1074 3275 1170 3329 καὶ
1201 3277 1302 3348 τὴν
1341 3278 1468 3332 καθ’
1515 3279 1817 3335 ὑπόστασιν
1847 3280 1962 3334 δια·

364 3361 546 3433 φορὰν
579 3361 641 3415 τὸ
669 3364 970 3436 μυστήριον
1000 3368 1100 3438 τῆς
1136 3367 1288 3430 θείας
1318 3370 1654 3441 σαρκώσεως
1675 3386 1690 3400 °
1729 3370 1792 3424 τὸ
1833 3371 1957 3442 μὲν,

366 3457 458 3510 ἵνα
495 3458 570 3528 μὴ
597 3459 919 3530 προσθήκην
955 3461 1094 3531 λάὄῃ
1123 3461 1188 3514 τὸ
1225 3463 1327 3532 τῆς
1356 3464 1588 3535 Τριάδος
1620 3467 1956 3535 μυστήριονσ

364 3549 431 3603 τδ
458 3550 533 3617 δὲ,
570 3551 656 3604 ἵνα
690 3551 860 3623 μηδὲν
953 3555 1020 3625 τῇ
1067 3552 1283 3624 θεότητι
1314 3555 1456 3610 κατά
1490 3555 1652 3625 φύσιν
1698 3557 1962 3626 ὁμογενὲς

366 3641 465 3693 καὶ
501 3641 812 3711 ὁμοούσιον.
841 3643 948 3698 Δύο
993 3644 1103 3717 γὰρ
1164 3645 1382 3716 φύσεων
1445 3646 1581 3718 πρὸς
1635 3647 1958 3711 ὑπόστασιν,

365 3731 491 3785 ἀλλ’
523 3733 586 3786 ού
623 3735 760 3806 πρὸς
795 3736 956 3806 φύσιν
997 3739 1125 3807 μίαν
1170 3739 1363 3808 γέγονε
1421 3738 1678 3802 σύνοδος·
1735 3741 1824 3793 ἵνα
1864 3739 1963 3793 καὶ

366 3823 434 3876 τὸ
465 3822 589 3878 καθ’
613 3824 913 3880 ὑπόστασιν
945 3827 1004 3880 ἓν
1034 3830 1099 3881 ἐκ
1127 3829 1242 3882 τῶν·
1255 3828 1516 3900 ἀλλήλαις
1533 3830 1962 3901 συνδραμουσῶν

370 3913 594 3984 φύσεων
626 3917 812 3990 δειχθῇ
843 3921 985 3973 κατά
1008 3919 1106 3992 τὴν
1133 3921 1330 3974 ἕνωσιν
1364 3922 1830 3992 ἀποτελούμενον,
1863 3925 1959 3978 καὶ

369 4007 438 4060 τὸ
473 4007 730 4080 διάφορον
752 4011 861 4064 τῶν
897 4012 1262 4066 συνελθόντων
1290 4013 1426 4084 πρὸς
1453 4012 1553 4083 τὴν
1593 4015 1964 4070 ἀδιάσπαστον

371 4098 573 4155 ἕνωσιν
605 4101 748 4156 κατὰ
773 4103 872 4175 τὴν
905 4104 1143 4175 φυσικὴν
1181 4104 1426 4176 ἰδιότητα
1455 4107 1745 4178 πιστευθῇ,
1781 4108 1966 4179 πάσης

373 4191 537 4258 ἐκτὸς
565 4195 728 4266 μένον
754 4196 967 4268 τροπῆς
996 4197 1088 4250 καὶ
1124 4196 1460 4269 συγχύσεως.

447 4369 546 4434 νζν.
577 4372 653 4424 Οὐ
677 4371 908 4442 λέγομεν
926 4372 1020 4425 ἐπὶ
1040 4374 1278 4444 Χριστοῦ
1301 4373 1564 4444 διαφορὰν
1588 4376 1963 4445 ὑποστάσεων,

375 4463 464 4516 ὅτι
489 4461 668 4534 Τριάς
701 4464 1016 4536 μεμένηκεν
1049 4467 1082 4536 ἡ
1113 4465 1306 4536 Τριάς,
1339 4469 1433 4520 καὶ
1459 4468 1838 4538 σαρκωθὲντος
1868 4469 1963 4522 τοῦ

1883 3183 2029 3252 ὦνο
2133 3185 2221 3239 56.
2254 3183 2467 3238 Divinae
2515 3181 2920 3237 incarnationis
2973 3179 3335 3252 mysterium,
3397 3193 3509 3232 non
3550 3193 3657 3233 una

2065 3291 2192 3332 cum
2213 3289 2432 3339 eorum,
2459 3290 2526 3329 ex
2554 3274 2762 3344 quibus
2785 3282 3021 3333 constat.
3050 3271 3290 3326 naturali
3312 3270 3658 3334 diversitate,

2064 3369 2232 3423 etiam
2279 3367 2634 3437 personalem
2685 3366 2856 3420 infert
2905 3364 3325 3419 distinctionem
3369 3379 3381 3414 :
3421 3363 3658 3417 altermn

2064 3459 2291 3531 quidem
2317 3501 2331 3523 ,
2362 3469 2422 3512 ut
2459 3459 2674 3512 nullum
2721 3457 3015 3511 Trinitatis
3066 3457 3393 3528 mysterium
3445 3454 3663 3510 addita—

2064 3560 2314 3607 mentum
2344 3550 2617 3619 accipiat;
2649 3547 2888 3602 alterum
2927 3562 3082 3610 vero,
3119 3556 3179 3600 ut
3226 3545 3365 3598 nihil
3413 3560 3514 3614 per
3558 3559 3660 3597 na-
3739 3592 3746 3597 .

2065 3651 2245 3698 turam
2288 3639 2487 3695 deitati
2541 3647 2991 3708 congenernmet
3041 3634 3518 3692 consubstantiale
3565 3650 3659 3689 ex-

2063 3734 2242 3788 sistat.
2272 3731 2403 3786 Dua:
2417 3730 2565 3784 enim
2591 3738 2806 3784 naturae
2825 3729 2880 3783 in
2902 3744 3069 3782 unam
3099 3742 3396 3798 personam
3415 3725 3656 3786 coiverc,

2065 3841 2177 3879 non
2227 3825 2281 3877 in
2337 3839 2504 3877 unam
2545 3829 2825 3886 naturam,
2857 3828 2917 3874 ut
2953 3830 3071 3874 tum
3121 3818 3437 3889 personalis
3480 3817 3661 3870 unitas

2065 3933 2132 3972 ex
2187 3926 2515 3970 naturarum
2566 3913 2714 3968 inter
2773 3928 2832 3966 se
2888 3927 3164 3968 concursu
3213 3926 3311 3980 per
3355 3910 3660 3965 unitionein

2067 4017 2397 4082 patesceret,
2427 4018 2542 4062 tum
2576 4007 3040 4061 concurrentium
3073 4006 3141 4060 ad
3176 4005 3472 4059 indivisam
3505 4004 3663 4058 uniu—

2064 4119 2192 4160 nem
2239 4101 2476 4158 naturali
2532 4100 2877 4170 pr0prietate
2953 4098 3246 4154 distinctio
3277 4139 3291 4164 ,
3342 4108 3497 4153 extra
3540 4115 3662 4152 om—

2067 4213 2196 4253 nem
2230 4195 2596 4251 mutationem
2621 4208 2686 4248 ac
2739 4192 3132 4250 confusionem
3181 4192 3504 4248 crederetur
3551 4210 3664 4246 ma-

2071 4308 2225 4347 nere.

2143 4385 2232 4440 57.
2281 4385 2655 4440 Personarum
2703 4384 2760 4438 in
2791 4381 3016 4438 Christo
3045 4380 3470 4435 distinctionem
3514 4380 3663 4435 haud

2070 4476 2517 4554 dicimus,_quod
2549 4476 2795 4531 Trinitas
2852 4475 3098 4529 Trinitas
3124 4474 3413 4537 manserit,
3447 4481 3666 4541 postea-

377 4553 576 4624 Λόγου,
612 4555 931 4628 προσθήκης
969 4557 1264 4630 προσώπου
1313 4559 1373 4614 οὐ
1419 4560 1868 4632 προσγενομένης
1896 4563 1958 4633 τῇ

2071 4585 2236 4641 quam
2264 4551 2433 4623 etiam
2463 4569 2710 4624 Verbum
2736 4583 2961 4623 carnem
3003 4565 3304 4635 assumpsit
3330 4555 3350 4631 ;¹
3405 4557 3567 4618 nulla
3599 4579 3666 4617 ex

378 4650 514 4722 ἁγία
552 4650 746 4720 Τριαδι
775 4649 860 4704 διὰ
884 4649 984 4721 τὴν
1012 4651 1291 4722 σάρκωσιν
1313 4669 1327 4684 ’
1371 4651 1604 4724 λέγομεν
1648 4652 1704 4705 δὲ
1747 4652 1966 4722 φύσεων

375 4741 665 4814 διαφορὰν,
695 4743 781 4796 ἵνα
824 4742 898 4813 μὴ
929 4742 1008 4814 τῷ
1039 4745 1199 4814 Λόγῳ
1248 4745 1392 4798 κατά
1425 4744 1525 4816 τὴν
1566 4745 1730 4815 φύσιν
1767 4745 1966 4817 ὁμοοῦ-

381 4851 498 4887 σιον
526 4833 625 4905 τὴν
666 4836 845 4906 σάρκα
873 4834 1287 4905 πρεσϐεύωμεν.

457 4925 556 4997 νη⁹.
609 4927 668 4980 Ὁ
720 4927 794 5000 μὴ
851 4927 1028 4996 λέγων
1085 4928 1300 4998 φύσεων
1354 4930 1640 5002 διαφορὰν,
1691 4932 1792 4986 οὐκ
1853 4932 1968 5002 ἔχει

379 5021 548 5073 πόθεν
607 5019 987 5074 πιστώσασθαι
1027 5021 1130 5092 τὴν
1176 5022 1256 5076 ὅτι
1289 5021 1482 5089 γέγονε
1527 5023 1667 5096 σὰρξ
1712 5027 1740 5078 ό
1795 5025 1968 5093 Λόγος

379 5112 505 5184 δίχα
549 5112 760 5186 τροπῆς
803 5111 1135 5182 ὁμολογίαν·
1195 5115 1270 5186 μὴ
1315 5114 1602 5184 γινώσκων
1659 5105 1968 5188 σωζόμενον

383 5206 524 5260 κατά
575 5204 672 5275 τὴν
725 5204 888 5275 φύσιν
942 5206 1002 5257 ἐν
1053 5209 1119 5276 τῇ
1167 5208 1267 5278 μιᾷ
1299 5207 1396 5262 τοῦ
1439 5209 1558 5274 ἐνὸς
1591 5209 1830 5282 Χριστοῦ
1874 5212 1970 5266 καὶ

454 5389 471 5411 ⁸
501 5387 582 5445 Cf.
616 5387 684 5444 ad
715 5387 872 5443 Tha].
904 5404 960 5458 q.
989 5387 1076 5443 62.

385 5556 586 5613 luntati
616 5570 741 5610 cum
771 5564 983 5610 natura:
1011 5553 1324 5608 rationibus
1371 5555 1729 5621 convenerit;
1767 5557 1834 5611 de
1859 5573 1961 5610 na-

350 5628 354 5631 ’
385 5637 509 5683 tura
539 5635 726 5680 sanata
746 5635 802 5680 et
823 5625 1072 5680 instituta
1096 5641 1194 5695 per
1222 5625 1474 5695 gratiam,
1506 5627 1731 5680 omnino
1753 5627 1962 5682 intelli-

385 5697 627 5768 gendum
676 5714 784 5750 non
815 5697 881 5750 de
931 5697 1047 5765 ipsa
1071 5705 1344 5768 quatenus
1377 5695 1618 5768 innubis
1667 5713 1732 5750 ex
1778 5708 1962 5751 trans-

390 5766 673 5837 gressione
718 5784 816 5837 pro
843 5776 1070 5837 peccato
1097 5767 1325 5821 inolevit
1352 5784 1364 5820 :
1407 5766 1474 5822 de
1506 5776 1700 5820 natura
1739 5769 1962 5823 domum

389 5836 569 5910 qualis
590 5836 764 5893 a‘De’o
800 5837 1020 5893 condita
1051 5836 1174 5904 fuit,
1200 5837 1436 5909 imagine
1466 5847 1660 5895 ornata
1705 5850 1759 5894 et
1807 5839 1964 5894 simi-

2067 4660 2454 4714 incarnatione
2487 4668 2693 4716 saneta:
2717 4658 2976 4712 Trinitati
3023 4656 3165 4710 facta
3203 4671 3451 4726 personae
3483 4670 3668 4709 accesc

2063 4750 2241 4805 sione.
2303 4750 2642 4804 Naturarum
2698 4757 2884 4802 tamen
2933 4747 3356 4802 distinctionem
3403 4747 3664 4810 dicimus,

2068 4860 2136 4899 ne
2167 4859 2391 4898 carnem
2423 4843 2610 4897 Verbo
2641 4839 3183 4896 consubstantialem
3235 4839 3558 4894 sentiamus.

2138 4935 2225 4991 58.
2258 4935 2362 5001 Qui
2396 4944 2720 4988 naturarum
2749 4933 3172 4988 distinctionem
3212 4948 3323 4988 non
3353 4931 3664 5002 profitetur,

2077 5044 2188 5083 non
2215 5027 2384 5082 habet
2416 5028 2561 5082 unde
2590 5035 2808 5082 astruat
2841 5026 2991 5096 quod
3022 5025 3264 5081 Verbum
3291 5025 3500 5079 factum
3541 5041 3666 5079 car-

2077 5133 2228 5182 nem,
2277 5118 2419 5172 citra
2467 5133 2690 5172 omnem
2729 5116 3096 5171 mutationem
3140 5113 3514 5179 confitemur;
3569 5113 3666 5184 qui

2077 5225 2279 5282 nempe
2325 5226 2437 5266 non
2487 5210 2782 5281 intelligat,
2829 5209 2926 5264 uni
2982 5209 3148 5265 unius
3191 5208 3291 5264 Dei
3345 5223 3411 5264 ac
3456 5206 3666 5264 Christi

2097 5553 2348 5620 litudine,
2380 5554 2432 5608 in
2456 5570 2563 5624 qua
2594 5553 2766 5608 divini
2797 5553 3085 5608 clucerent
3131 5554 3506 5624 characteres,
3533 5567 3664 5624 non

2073 5627 2163 5681 cui
2199 5626 2440 5680 obducta
2465 5622 2528 5678 ex
2562 5632 2791 5693 peccato
2816 5624 3110 5677 brutorum
3154 5624 3272 5692 ipsa
3297 5623 3444 5692 πάθη
3491 5622 3665 5693 (libi-

2073 5698 2231 5752 dines
2251 5696 2507 5762 scilicet),
2535 5696 2758 5749 virtutis
2781 5695 2933 5748 cultu
2957 5710 3021 5748 ac
3042 5693 3435 5748 exercitatione
3454 5709 3486 5748 a
3505 5693 3670 5747 nobis

2073 5767 2426 5830 excutienda,
2455 5775 2516 5818 ut
2537 5765 2726 5820 divina
2751 5766 2805 5818 in
2829 5765 2991 5819 nobis
3013 5765 3354 5819 instauretur
3382 5763 3666 5834 vita,quod

2077 5855 2185 5893 non
2211 5839 2374 5892 aliter
2406 5837 2695 5904 habemus,
2737 5852 2901 5904 quam
2925 5834 3132 5890 Christi
3159 5836 3353 5908 gratia.
