4060 6440
369 387 499 455 1331

1539 395 1599 455 S.
1643 393 1933 455 MAXIMI
1972 392 2485 456 CONFESSORIS

3505 382 3632 454 1352

367 516 644 574 personae,
674 511 803 571 post
831 505 1096 559 unionem
1134 512 1335 558 natura
1368 511 1623 573 perstare
1650 501 1960 568 incolume,
1994 542 2004 564 λ

2100 503 2207 559 θεοῦ
2241 505 2498 575 Σωτῆρος
2525 499 2827 556 ὑποστάσει
2859 498 2998 568 μετὰ
3020 496 3121 570 τήν
3150 497 3368 562 ῑνωσιν,
3393 494 3454 550 τδ
3477 512 3633 570 προσ-

370 590 427 647 id
443 589 594 661 quod
620 591 923 660 assumpsit
949 599 1009 646 et
1037 592 1189 663 quod
1226 600 1579 663 assumptum
1609 599 1716 647 est.

443 682 531 738 59.
551 681 688 739 Cum
713 683 900 739 carnis
913 684 970 739 in
981 683 1210 740 Christo
1224 700 1290 740 ac
1305 685 1532 741 deitatis
1551 692 1677 755 post
1692 683 1960 739 unionem

316 785 321 791 '
371 781 603 829 exsnstat
632 774 921 832 distinctio
940 777 1069 847 (nec
1084 776 1235 832 enim
1260 776 1439 832 deitas
1461 785 1664 833 etcaro
1682 775 1829 832 idem
1859 791 1963 829 un-

373 882 539 937 quam
560 868 939 925 essentialiter
959 870 1276 941 exsistant),
1302 869 1449 929 haud
1470 884 1747 939 quaquam
1768 882 1965 923 eorum

374 974 497 1029 quae
519 969 909 1016 convenerunt
928 962 1073 1018 laeta
1092 962 1227 1016 unio
1245 970 1351 1026 est,
1375 970 1436 1016 ut
1469 976 1580 1016 una
1603 958 1967 1017 constituere-

376 1060 468 1105 tur
488 1058 724 1119 natura;
750 1052 848 1109 sed
867 1061 929 1108 ut
950 1070 1056 1108 una
1083 1069 1342 1124 persona,
1364 1068 1535 1124 penes
1558 1067 1725 1123 quam
1755 1050 1967 1105 nullam

376 1142 493 1198 ullo
514 1145 680 1200 modo
693 1144 1113 1202 distinctionem
1132 1145 1187 1200 in
1198 1145 1421 1202 Christo
1434 1142 1971 1212 invenimus..Quan-

377 1244 497 1289 tum
523 1236 673 1290 enim
694 1236 761 1291 ad
794 1253 1108 1307 personam,
1137 1238 1386 1294 Verbum
1416 1237 1563 1292 idem
1585 1246 1671 1293 est
1706 1252 1830 1295 cum
1870 1251 1971 1292 sua

378 1338 568 1379 carne.
591 1324 710 1391 Qua
724 1326 872 1381 enim
892 1326 1110 1383 ratione
1128 1327 1295 1383 ullam
1315 1342 1546 1406 prorsus
1568 1326 1828 1383 Christus
1842 1341 1971 1382 cum

378 1430 480 1472 sua
519 1432 685 1473 carne
720 1419 1141 1476 distinctionem
1176 1418 1444 1485 admittit,
1490 1436 1664 1475 unum
1714 1436 1840 1475 cum
1870 1435 1972 1475 sua

380 1523 547 1564 carne
563 1510 714 1565 omni
732 1510 898 1566 modo
915 1527 1039 1569 esse
1052 1512 1247 1584 nequit
1266 1530 1279 1567 :
1302 1528 1412 1583 qua
1434 1527 1568 1567 vero
1586 1513 1794 1568 nullam
1811 1527 1973 1583 pror-

383 1617 480 1657 sus
521 1602 941 1661 distinctionem
973 1605 1240 1671 admittit,
1288 1620 1459 1661 unum
1493 1605 1584 1676 pie
1627 1606 1779 1662 omni
1810 1604 1977 1662 modo

380 1693 549 1766 600
577 1711 799 1766 semper
831 1696 887 1751 in
910 1713 979 1753 eo
1010 1699 1104 1764 sit,
1139 1699 1320 1769 deque
1348 1700 1444 1755 illo
1471 1698 1583 1754 dici
1614 1696 1898 1753 debuerit.

457 1787 547 1843 60.
581 1788 748 1845 Fides
774 1790 895 1861 spei
938 1791 1282 1848 adminiculo
1337 1791 1644 1864 perfectam
1696 1790 1755 1845 in
1802 1790 1977 1847 Deum

2062 596 2226 652 λαϐὸν
2259 596 2355 651 καὶ
2379 596 2440 650 τὸ
2464 593 2967 685 προσειλημμίνον.

2135 690 2234 745 νθ’.
2268 690 2335 744 Εἰ
2363 688 2566 761 σαρκὸς
2597 691 2655 742 ὲν
2691 681 2914 760 Χριστῷ
2948 685 3045 739 καὶ
3081 682 3338 756 θεότητος
3375 681 3511 751 μετά
3544 683 3634 753 τὴν

2065 785 2260 839 ἕνωσιν
2290 782 2528 853 ὑπάρχει
2560 780 2794 851 διαφορὰ
2824 778 2968 834 κατὰ
2990 778 3154 850 φύσιν
3177 794 3191 809 ·
3219 776 3281 830 οὑ
3313 775 3426 846 γὰρ
3454 774 3638 827 ταὺτδν

2066 875 2187 927 κατ’
2244 872 2435 926 οὑσίαν
2480 870 2613 926 ποτὲ
2663 871 2853 942 θεότης
2893 868 2990 923 καὶ
3031 865 3198 939 σάρξο
3252 864 3389 938 πρὸς
3438 862 3640 934 φύσεως

2072 970 2204 1036 μιᾶς
2229 965 2470 1035 γένεσιν,
2504 966 2538 1037 ή
2583 962 2695 1029 τῶν
2736 962 3104 1017 συνελθόντων
3140 958 3394 1030 οὐδαμῶς
3424 958 3641 1027 γέγονεν

2069 1060 2283 1123 ἓνωσις,
2316 1056 2456 1114 ἀλλὰ
2482 1056 2623 1130 πρὸς
2646 1054 2778 1127 μίαν
2812 1054 3135 1119 ὑπόστασιν,
3168 1050 3377 1122 καθήν
3399 1049 3644 1119 οὐδεμίαν

2071 1153 2132 1207 ὲν
2163 1151 2391 1224 Χριστῷ
2431 1149 2559 1206 καθ’
2594 1150 2913 1221 οἱονδήποτε
2939 1146 3143 1217 τρόπον
3179 1143 3508 1216 εὑρίσκομεν
3535 1141 3648 1194 δια-

2073 1243 2269 1314 φοράν.
2303 1243 2515 1297 Ταὺτδν
2549 1241 2660 1315 γὰρ
2694 1244 2763 1315 τῇ
2795 1239 2975 1311 οίκείᾳ
3013 1237 3179 1308 σαρκὶ
3222 1234 3367 1290 κατά
3397 1234 3497 1304 τὴν
3521 1232 3649 1287 ὑπό-

2075 1352 2268 1391 στασιν
2301 1336 2329 1389 ὁ
2354 1335 2549 1405 Λόγος.
2583 1333 2722 1388 Καθ’
2753 1332 2783 1387 θ
2812 1333 2923 1404 γάρ
2952 1330 3019 1386 ἂν
3063 1333 3093 1385 ό
3128 1328 3365 1401 Χριστὸς
3399 1327 3499 1401 ἔχῃ
3541 1327 3653 1381 δια-

2075 1427 2273 1501 φορὰν,
2299 1427 2359 1482 ἓν
2388 1422 2532 1481 εἶναι
2560 1426 2705 1482 κατὰ
2729 1426 2909 1482 πάντα
2926 1424 3129 1496 τρόπον
3153 1422 3213 1476 οὑ
3243 1421 3469 1476 δύναται
3492 1436 3507 1451 ·
3537 1418 3654 1473 καθ’

2074 1521 2104 1575 ὂ
2134 1521 2192 1575 δὲ
2214 1522 2314 1593 τήν
2353 1518 2567 1575 οίανοῦν
2598 1518 2881 1583 παντελῶς
2908 1518 3009 1573 ούκ
3038 1514 3350 1587 ἐπιδέχεται
3375 1511 3654 1583 διαφορὰν,

2077 1613 2223 1668 κατὰ
2245 1611 2427 1667 πάντα
2453 1610 2658 1684 τρόπον
2691 1610 2754 1664 τὸ
2797 1608 2857 1663 ἓν
2898 1609 2987 1663 ἐπ’
3018 1603 3187 1661 αὑτοῦ
3243 1602 3313 1675 (s)
3373 1600 3659 1666 διαπαντὸς

2080 1704 2322 1769 εὑσείῶς
2350 1703 2466 1775 ἔχει
2497 1703 2591 1757 καὶ
2624 1701 2685 1756 ὃν
2716 1701 2810 1756 καὶ
2827 1699 3143 1769 λεγόμενον.

2155 1795 2220 1862 ξ’.
2263 1797 2328 1849 Ἦ
2352 1794 2532 1857 πίστις
2553 1792 2644 1847 διὰ
2670 1793 2768 1864 τῆς
2802 1790 3018 1853 ἐλπίδος
3049 1789 3150 1860 τὴν
3181 1788 3262 1852 είς
3289 1785 3424 1841 Θεὸν
3444 1784 3658 1853 ἀγάπην

385 1879 720 1937 charitatem
749 1860 1087 1950 constituit;
1143 1860 1401 1956 bonaque
1436 1881 1804 1947 conscientia,
1854 1896 1979 1952 qua:

2100 1860 2300 1945 τελείαν
2328 1887 2647 1958 συνίστησιν
2670 1903 2684 1916 ·
2777 1882 2962 1954 ἀγαθὴ
2991 1881 3321 1952 συνείδησις,
3354 1876 3456 1949 τὴν
3478 1877 3557 1941 είς
3580 1875 3663 1928 τὸν

386 1987 518 2045 erga
540 1971 859 2044 proximum
884 1973 1129 2033 cbaritas
1155 1982 1264 2042 est,
1296 1975 1689 2032 mandatorum
1719 1973 1982 2030 observa-

385 2061 544 2119 tione
570 2062 765 2136 fulget.
802 2063 956 2122 Bona
986 2065 1138 2125 enim
1170 2065 1553 2134 conscientia,
1584 2065 1734 2139 quod
1755 2074 1985 2122 accuset

271 2198 282 2208 .
386 2156 713 2213 mandatum
747 2159 1079 2227 nonbabet,
1121 2160 1332 2217 idcirco
1371 2161 1524 2233 quod
1572 2161 1845 2217 violatum
1898 2160 1984 2216 fa-

390 2255 661 2321 ctumque
715 2249 941 2307 irritum
973 2252 1067 2309 sit.
1101 2252 1213 2313 Has
1255 2261 1445 2310 autem
1474 2268 1670 2309 eorum
1717 2252 1987 2309 duntaxat

391 2341 615 2398 animus
651 2343 895 2401 creditas
924 2345 1185 2419 accipiat,
1236 2347 1334 2418 qui
1366 2361 1515 2405 veras
1573 2346 1775 2404 salutis
1836 2345 1988 2405 desi-

393 2432 554 2491 derio
587 2434 815 2507 fulgeat.

467 2528 559 2583 61.
596 2529 747 2585 Nihil
775 2531 1017 2591 celerius
1047 2546 1215 2602 quam
1245 2531 1474 2588 credere
1501 2551 1516 2600 ;
1552 2547 1657 2589 nec
1682 2530 2021 2604 quidquam.

396 2619 640 2688 facilius,
675 2637 842 2693 quam
865 2631 929 2683 ut
957 2623 1081 2696 ejus
1105 2623 1259 2695 quod
1286 2625 1600 2682 credideris
1622 2624 1861 2697 gratiam
1892 2638 1990 2678 ore

396 2710 739 2767 confitearis.
778 2711 924 2775 ,Nam
958 2711 1094 2768 illud
1123 2712 1374 2784 quidem,
1426 2713 1733 2769 animatam
1771 2713 1991 2768 vivam-

397 2816 509 2872 quc
541 2803 665 2875 ejus
702 2802 799 2874 qui
846 2802 1090 2861 credidit
1132 2820 1265 2877 erga
1311 2812 1598 2861 auctorem
1659 2803 1994 2863 cbaritatem

399 2890 686 2961 ostendit;
746 2891 899 2953 istud
945 2908 1082 2951 vero
1111 2934 1127 2961 ,
1177 2894 1326 2965 piam
1383 2909 1451 2951 ac
1494 2894 1817 2967 religiosam
1862 2908 1996 2966 erga

401 2985 723 3059 proximum
754 2984 1133 3045 affectionem.
1172 2986 1349 3043 Porro
1377 2986 1625 3045 cbaritas
1664 2986 1997 3057 sinceraque

2086 1982 2319 2054 πλησίον
2340 1979 2430 2039 διὰ
2454 1979 2556 2049 τῆς
2588 1977 2843 2049 φυλακῆς
2878 1975 2989 2029 τῶν
3018 1972 3249 2028 ἐντολῶν
3292 1971 3519 2040 ἀγάπην
3568 1967 3668 2036 ὑφο

2090 2076 2325 2148 ίστησιν.
2392 2074 2459 2128 Ἠ
2483 2073 2594 2146 γὰρ
2655 2070 2837 2141 ἀγαθὴ
2898 2067 3207 2138 συνείδησις
3261 2060 3670 2134 παρασαθεϊσαν

2087 2169 2311 2241 ἐντολὴν
2342 2168 2444 2222 οὐκ
2472 2166 2588 2238 ἔχει
2618 2163 2946 2237 κατήγορον.
2979 2158 3199 2222 Ταύτας
3223 2157 3284 2212 δὲ
3314 2156 3456 2228 μόνη
3480 2152 3672 2225 καρδία

2090 2260 2448 2317 πιστεύεσθαι
2499 2258 2739 2330 πέφυκε,
2798 2255 2910 2310 τῶν
2956 2243 3267 2325 ἐφιεμένων
3294 2250 3394 2321 τῆς
3442 2245 3673 2319 ἀληθοῦς

2093 2354 2391 2428 σωτηρίας.

2166 2534 2267 2600 ea}.
2297 2531 2472 2588 Οὐδὲν
2511 2528 2610 2586 τοῦ
2638 2528 2919 2583 πιστεύειν
2956 2523 3281 2596 ταχύτερον,
3316 2519 3415 2575 καὶ
3457 2514 3559 2571 τοῦ
3595 2513 3681 2569 διὰ

2097 2628 2365 2699 στόματος
2420 2622 2709 2695 ὁμολογεῖν
2764 2620 2862 2675 τοῦ
2914 2615 3306 2677 πιστευθέντος
3363 2612 3470 2682 τὴν
3526 2607 3681 2680 χάριν

2094 2719 2244 2775 ἐστὶν
2269 2714 2642 2786 εὐκολώτερον
2667 2731 2682 2747 ο
2720 2711 2783 2766 τὸ
2817 2713 2916 2784 μὲν
2945 2709 3078 2782 γὰρ,
3104 2707 3257 2779 δηλοῖ
3293 2703 3395 2775 τὴν
3444 2699 3684 2773 ἔμψυχον

2098 2811 2237 2884 πρὸς
2261 2810 2356 2864 τὸν
2378 2807 2724 2878 πεποιηκότα
2747 2803 2844 2858 τοῦ
2873 2798 3305 2861 πεπιστευκότος
3331 2794 3560 2865 ἀγάπην
3583 2806 3599 2821 ⁶
3628 2791 3686 2845 τὸ

2098 2883 2181 2971 δὲ,
2215 2902 2314 2975 τὴν
2350 2899 2579 2972 θεοφιλῆ
2599 2897 2736 2970 πρὸς
2758 2896 2850 2950 τὸν
2887 2893 3116 2965 πλησίον
3162 2888 3428 2945 διάθεσιν.
3477 2883 3685 2975 ’Δγάπη

2098 2996 2158 3050 δὲ
2190 2973 2287 3049 καί
2319 2994 2519 3064 γνησία
2576 2988 2840 3051 διάθεσις,
2896 2987 3067 3058 ἤγουν
3119 2982 3303 3044 πίστις
3356 2978 3459 3033 καὶ
3514 2973 3692 3045 ἀγαθὴ

403 3075 632 3133 aﬂ‘ectio
659 3077 819 3151 (fides
842 3078 1058 3135 scilicet
1102 3079 1358 3149 bonaque
1387 3077 1757 3149 conscientia)
1788 3078 1997 3133 occulti

2104 3086 2437 3154 συνείδησις,
2476 3082 2640 3155 ἔργον
2671 3078 2957 3153 προδήλως
2990 3075 3087 3131 τοῦ
3116 3073 3261 3129 κατά
3290 3070 3530 3144 καρδίαν
3552 3069 3693 3139 ἀφα-

406 3169 580 3227 animi
606 3178 795 3233 motus
826 3170 1008 3242 palam
1038 3186 1180 3243 opus
1206 3180 1358 3240 sunt,
1391 3172 1547 3229 nulla
1578 3187 1812 3244 prorsus
1838 3181 1994 3229 cxte-

2105 3182 2230 3247 νοῦς
2260 3181 2500 3251 ὑπάρχει
2519 3176 2843 3249 κινήματος,
2869 3172 2969 3244 τῆς
2985 3169 3145 3234 ἐκτὸς
3169 3166 3303 3239 ὕλης
3322 3164 3466 3237 πρὸς
3483 3162 3695 3234 γένεσιν

406 3262 544 3319 riori
578 3262 814 3318 materia
838 3262 1119 3335 indigens,
1160 3273 1223 3319 ut
1256 3264 1374 3323 fiat.

2108 3272 2392 3335 παντελῶς
2421 3272 2482 3325 ού
2517 3270 2797 3341 δεόμενον.

481 3355 572 3410 62.
606 3354 712 3422 Qui
761 3355 1083 3413 omnimoda
1130 3372 1262 3429 erga
1293 3357 1349 3412 id
1389 3358 1539 3428 quod
1571 3358 1870 3417 honestum
1919 3369 2004 3416 est

2179 3367 2280 3439 ξβ’.
2354 3365 2413 3419 '0
2446 3364 2547 3434 τὴν
2594 3358 2840 3431 παντελῆ
2897 3356 3029 3429 περὶ⁵
3074 3354 3137 3409 τὸ
3182 3352 3350 3408 καλὸν
3405 3346 3698 3418 ἀκινησίαν

409 3462 476 3506 ac
497 3447 663 3504 ollicii
681 3457 869 3504 motus
888 3448 1137 3505 carentia
1160 3448 1492 3522 ignaviaque
1515 3450 1754 3517 laborat,
1776 3451 2004 3507 omnino

2107 3459 2305 3527 νοσῶν,
2348 3456 2482 3527 περὶ
2520 3453 2583 3508 τδ
2620 3452 2797 3528 κακὸν
2836 3449 3075 3521 ὑπάρχει
3136 3446 3354 3509 πάντως
3390 3441 3698 3509 εὐκίνητος.

411 3558 544 3614 erga
570 3541 772 3598 vitium
796 3557 860 3601 ac
879 3542 1087 3599 malum
1112 3543 1407 3613 expeditus
1427 3542 1717 3613 facilisque
1750 3543 2004 3600 exsistat.

2110 3554 2247 3611 Κατ’
2277 3554 2448 3625 ἄμφω
2471 3550 2583 3621 γὰρ
2607 3547 2867 3616 ἀκίνητον
2899 3542 3189 3614 ὑπάρχειν,
3226 3537 3516 3593 ἀδύνατον.
3539 3531 3703 3625 Ὅθεν

414 3634 787 3702 Quamobrem
811 3634 980 3693 etiam
1024 3634 1318 3708 Scriptura
1351 3635 1565 3707 lapides
1592 3635 1875 3707 appellare
1920 3651 2004 3692 so~

2112 3650 2208 3705 καὶ
2236 3624 2420 3710 λίθους
2447 3643 2638 3699 καλεῖν
2668 3635 2811 3695 οἶδεν
2841 3640 2875 3710 ή
2902 3635 3118 3709 Γραφὴ,
3158 3632 3258 3705 τὴν
3301 3630 3437 3702 περὶ
3463 3628 3537 3684 τά
3568 3624 3707 3682 καλά

415 3725 497 3782 let
515 3725 584 3793 “,
632 3726 807 3782 animi
856 3742 989 3798 erga
1022 3742 1091 3783 ea
1114 3744 1258 3811 .qute
1291 3727 1529 3784 honesta
1566 3737 1701 3784 sunt
1739 3737 1798 3783 ct
1839 3727 2004 3783 cilicii

2112 3743 2212 3813 τῆς
2255 3738 2437 3811 ψυχῆς
2492 3734 2792 3809 ρᾳθυμίαν,
2845 3731 2922 3796 ὡς
2970 3727 3183 3802 ἀρετῶν
3232 3720 3705 3813 ἀναισθητούσηςῖ

417 3818 735 3889 segnitiem,
770 3826 1035 3888 tanquam
1062 3808 1187 3889 qua:
1216 3819 1491 3876 virtutum
1525 3834 1695 3876 sensu
1728 3818 2004 3875 destitua-

2117 3808 2251 3901 ξύλα
2271 3808 2501 3901 δὲ,τὴν
2526 3827 2657 3899 περὶ
2691 3824 2761 3881 τὰ
2802 3821 2955 3878 κακὰ
2996 3817 3331 3891 προθυμίαν.
3386 3814 3455 3867 Ἠ
3498 3811 3558 3865 δὲ
3592 3808 3708 3863 κατ’

422 3918 516 3964 tur
557 3927 570 3964 :
608 3909 756 3982 ligna
808 3926 982 3977 vero,
1026 3909 1373 3975 alacritatem
1413 3926 1543 3981 erga
1594 3925 1659 3965 ea
1701 3925 1826 3981 qua:
1872 3910 2004 3966 mala

2117 3925 2375 3999 αἴσθησιν
2415 3923 2634 3993 κίνησις
2675 3913 3065 3985 συναπτομένη
3101 3913 3168 3983 τῇ
3203 3906 3349 3963 κατὰ
3385 3903 3521 3961 νοῦν
3563 3904 3712 3970 ὲνερν

422 4010 555 4057 sunt
594 4002 664 4057 ’⁵.
714 4001 925 4058 Sensus
965 4010 1153 4058 autem
1195 4003 1391 4069 motio,
1445 4001 1650 4059 mentis
1701 4003 2004 4075 operationi

2118 4021 2267 4090 γεία,
2300 4017 2448 4072 ποιεῖ
2477 4015 2575 4085 τὴν
2611 4011 2751 4084 μετά
2772 4006 3029 4079 γνώσεως
3059 4003 3280 4076 ἀρετήν.

421 4094 742 4167 conjuncta,
774 4094 1037 4151 virtutem
1074 4110 1200 4151 cum
1228 4095 1463 4152 scientia
1496 4096 1850 4169 coniunctam
1879 4111 2018 4167 pra»
2131 4076 2143 4090 ’
2221 4076 2233 4093 ’

424 4195 556 4244 stat.

496 4280 587 4337 65.
621 4279 867 4335 Medium
896 4279 1170 4350 parietem
1194 4280 1241 4312 “
1272 4274 1536 4345 arbitror,
1555 4279 1869 4335 naturalem
1899 4294 2004 4333 cor‘

2197 4268 2298 4339 ξγ’.
2354 4263 2689 4334 Μεσότοιχον
2724 4262 2759 4332 ἡ
2809 4257 3026 4330 Γραφὴ,
3081 4255 3172 4309 τὸν
3215 4251 3360 4307 κατὰ
3402 4248 3595 4350 φύσιν,

426 4372 582 4444 poris
610 4373 786 4444 legem
815 4371 885 4427 ab
910 4370 1200 4442 Scriptura
1223 4372 1445 4436 vocari;
1471 4371 1775 4427 maccriem
1798 4385 1933 4426 vero
1953 4370 1998 4400 "

2126 4362 2305 4435 οἶμαι,
2338 4360 2504 4431 νόμον
2540 4355 2637 4410 τοῦ
2683 4353 2938 4424 σώματος
2990 4345 3231 4444 κέκληκε
3258 4361 3285 4444 ο.
3332 4341 3612 4444 φραγμὸν.
3642 4338 3716 4402 δὲ,

428 4480 554 4535 quae
592 4463 649 4518 in
671 4463 791 4534 lege
822 4463 1009 4517 carnis
1033 4461 1288 4529 residet,
1334 4478 1467 4534 erga
1496 4461 1733 4517 affectus
1769 4475 1834 4516 ac
1882 4460 2004 4516 viti:

2127 4433 2226 4529 τήν
2253 4456 2311 4510 ἐν
2346 4452 2425 4526 τῷ
2469 4451 2620 4523 νόμῳ
2668 4448 2771 4519 τῆς
2803 4442 3007 4516 σαρκὸς
3049 4438 3188 4512 πρὸς
3226 4436 3301 4535 τά
3330 4436 3481 4535 πάθη
3514 4433 3721 4535 σχέσιν,

432 4556 511 4624 (id
536 4566 643 4623 est,
674 4557 993 4628 peccatum)
1025 4553 1521 4611 necessitudinem.
1553 4552 1679 4609 Sola
1712 4552 1861 4608 enim
1893 4567 2004 4608 cun

2131 4522 2300 4623 ἤγουν
2324 4522 2425 4619 τὴν
2454 4542 2751 4616 ἁμαρτίαν.
2784 4537 2938 4608 Μόνη
2961 4535 3077 4628 γὰρ
3108 4535 3141 4605 ή
3180 4530 3320 4628 πρὸς
3344 4528 3415 4582 τὰ
3452 4526 3612 4628 πάθη
3627 4522 3723 4592 τῆς

430 4649 719 4722 probrosis
751 4648 1050 4705 affectibus
1079 4648 1345 4719 vitiisque
1374 4645 1751 4712 necessitudo,
1809 4653 2004 4701 natura

2132 4616 2625 4714 ἀτιμίαςήσχέσις,
2680 4631 2776 4687 τοῦ
2820 4628 2990 4700 νόμου
3016 4626 3115 4694 τῆς
3154 4622 3403 4722 φύσεως,
3450 4616 3722 4722 τουτέστι,

430 4708 572 4815 legis
606 4741 873 4815 (patibilis
902 4742 1117 4797 scilicet
1162 4708 1377 4796 naturae
1423 4737 1720 4809 portionis)
1755 4737 2004 4791 macerie:

2134 4708 2244 4794 10f)-
2263 4708 2510 4801 παθητοῦ
2543 4726 2645 4793 τῆς
2689 4723 2905 4794 φύσεως
2936 4717 3160 4789 μέρους,
3190 4709 3448 4815 φραγμὺς
3478 4708 3720 4815 ⁹γίνεται,

431 4835 692 4902 edicitur,
722 4835 878 4891 velut
921 4834 1217 4906 interjecto
1271 4846 1434 4888 muro
1470 4846 1676 4903 corpus
1717 4830 1788 4886 ab
1839 4829 2004 4885 animi

2135 4826 2235 4896 τῆς
2258 4821 2442 4895 ψυχῆς
2470 4818 2532 4873 τ’)
2565 4817 2725 4888 σῶμα
2750 4809 3117 4881 διατειχίζων,
3161 4806 3261 4906 καὶΣ
3289 4801 3386 4906 τού
3429 4800 3600 4906 λόγου
3622 4800 3727 4903 τῶν

434 4928 781 4999 dispescens,
811 4943 917 4983 nec
958 4927 1231 4983 rationem
1268 4924 1561 4988 virtutum,
1612 4921 1851 4978 actionis
1874 4921 2028 4977 cultu

381 5084 389 5095 _
436 5019 772 5077 intermedia
808 5019 991 5076 anima
1027 5019 1096 5074 ad
1136 5032 1363 5074 carnem
1416 5014 1655 5071 transire
1702 5013 1914 5067 sinens.
1961 5012 2032 5066 At

439 5112 535 5167 ubi
580 5112 807 5168 advenit
840 5112 1002 5178 ratio,
1056 5111 1346 5183 legemque
1390 5117 1602 5163 natura:
1635 5103 1891 5177 (naturae,
1942 5104 2030 5160 iu—

513 5266 559 5297 “
589 5264 791 5319 Ezech.
828 5280 900 5328 χι,
945 5263 1043 5329 l9;
1077 5277 1259 5327 nam,
1286 5260 1377 5316 26.
1454 5261 1498 5292 “
1532 5256 1724 5313 Matth.
1769 5271 1879 5320 χχι,
1908 5254 1995 5309 l9.
2072 5253 2119 5283 ⁸⁵

627 5417 699 5472 Τὸ
727 5413 797 5470 ἐν
824 5414 917 5467 ἐπ’
942 5415 1337 5487 αὑτοῆσιιοείι
1370 5414 1539 5487 Picus
1581 5412 1675 5466 ὑπ’
1728 5406 1920 5468 αὑτοῦ,
1949 5422 2041 5487 _ac

542 5440 567 5475 δ
627 5421 699 5472 Τὸ
727 5421 797 5470 ἐν
824 5421 917 5467 ἐπ’
942 5421 1149 5471 αὑτοῦ.
1179 5421 1337 5487 Legit
1370 5421 1539 5471 Picus
1581 5421 1675 5466 ὑπ’
1728 5421 1920 5468 αὐτου,
1976 5422 2041 5461 ac

452 5421 685 5549 reddere
714 5495 949 5543 conatus
971 5495 1077 5550 est,
1104 5485 1199 5539 Pie
1223 5486 1321 5540 sub
1343 5501 1399 5539 se
1422 5484 1577 5539 habet
1605 5498 1794 5545 unum,
1821 5478 1959 5550 quod
1976 5485 2053 5530 est

451 5575 500 5618 ct
525 5561 739 5617 dicitur.
763 5557 924 5624 Quod
947 5549 1080 5612 sane
1112 5570 1337 5611 sensum
1367 5554 1536 5610 habet
1555 5549 2050 5624 absurdissimum,

455 5617 521 5689 ac
550 5632 599 5687 si
629 5617 1068 5685 velit'Christum
1096 5628 1355 5694 superius
1373 5624 1734 5697 priedicatum
1756 5634 1920 5697 esse,
1946 5617 2051 5673 sub

456 5717 568 5774 quo
590 5715 764 5774 unum
788 5707 847 5754 ct
867 5699 940 5755 sit
960 5706 1018 5753 et
1041 5690 1402 5774 inteﬂigatur.
1427 5695 1525 5774 Ait
1544 5694 1729 5774 itaque
1756 5690 2047 5774 Maximus,

461 5762 635 5830 unum
686 5767 773 5839 pie
802 5784 1024 5839 semper
1064 5767 1120 5823 in
1153 5762 1380 5822 Ch'risto
1408 5773 1463 5819 et
1494 5764 1563 5819 de
1588 5762 1952 5839 Christoesse
1993 5770 2052 5814 et

458 5832 720 5914 intelligi,
751 5855 819 5899 ca
872 5832 1091 5895 ratione
1132 5854 1238 5911 qua
1297 5850 1537 5910 persona
1570 5843 1675 5901 est,
1728 5832 2051 5902 nullamque

2519 4886 2661 4979 πρὸς
2688 4905 2870 4976 σάρκα
2912 4900 3001 4956 διὰ
3033 4898 3207 4971 μέσης
3232 4895 3415 4967 ψυχῆς
3453 4890 3604 4988 κατά
3623 4886 3727 4988 ’τὴν

2142 4982 2367 5080 πρᾶξιν,
2399 4982 2476 5075 μὴ
2506 4999 2809 5071 συγχωρῶν
2830 4994 3086 5066 γενέσθαι
3114 4989 3397 5045 διάϐασιν
3429 4988 3461 5041 ὁ
3578 4982 3728 5080 λόγος

2140 5077 2614 5173 παραγενόμενος,
2644 5094 2740 5148 καὶ
2769 5091 2860 5144 τὸν
2891 5088 2992 5159 τῆς
3020 5085 3238 5158 φύσεως
3268 5082 3433 5154 νόμον
3450 5079 3547 5151 (t),
3568 5077 3730 5148 ήγουν

2145 5252 2350 5323 Ephes.
2379 5265 2439 5315 η,
2466 5248 2554 5301 Η.
2631 5246 2673 5277 ³⁷
2707 5241 2843 5298 ibid.

2148 5403 2568 5461 distinctionem
2613 5394 2878 5454 admittit.
2934 5389 3146 5449 Deinde
3191 5388 3283 5441 ὑπ’
3333 5383 3503 5461 αὑτὸν
3545 5386 3732 5456 legen-

2150 5474 2284 5529 dum
2318 5474 2486 5535 foret,
2524 5468 2673 5573 quod
2706 5481 2811 5522 nec
2832 5465 2951 5533 ipse
2978 5467 3340 5531 repraesentat
3368 5459 3559 5512 Picus.

2224 5543 2287 5573 [Α
2359 5542 2459 5573 una
2493 5558 2543 5573 η.
2564 5557 2601 5573 ν
2635 5537 2745 5573 Min
2776 5530 3252 5573 μητςιτι-ιηιςνιςηην-
3288 5529 3489 5573 Legem
3527 5543 3559 5573 ιι

2224 5543 2317 5616 (t)_
2353 5529 2601 5616 Κιιῖτιξν
2635 5537 2745 5616 ζῇς
2773 5529 3023 5616 φύσεως
3043 5529 3254 5616 νόμιον.

2150 5591 2285 5669 totol
2306 5591 2618 5680 ho-c‘capite
2647 5591 2916 5663 Maximus
2937 5591 3172 5680 usurpat
3190 5616 3291 5670 pro
3316 5591 3434 5680 lege
3459 5595 3729 5680 corporis,

2149 5701 2248 5740 seu
2287 5683 2471 5739 carnis
2498 5673 2556 5736 et
2572 5693 2791 5741 sensus,
2824 5690 2950 5729 cum
2975 5673 3112 5727 alias
3142 5686 3288 5741 saepe
3320 5678 3602 5744 naturam,
3638 5678 3732 5744 pro

2150 5737 2347 5810 natura
2376 5754 2495 5823 ipsa
2530 5737 2932 5823 hominisqua_
2955 5743 3123 5823 homo
3166 5737 3285 5806 est,
3318 5755 3381 5795 ac
3410 5737 3729 5823 rationcvi-

2152 5809 2422 5896 vitatque
2448 5822 2656 5879 virtute
2682 5809 2982 5881 acceperit.
3006 5812 3225 5885 Ubique
3255 5826 3388 5869 sane
3421 5809 3479 5882 ip
3508 5822 3611 5863 usu
3639 5820 3730 5859 νου
