4060 6460
295 331 426 396 1333
957 333 1293 398 CAPITUM
1332 338 1758 411 QUINQUIES
1797 339 2321 410 CENTENORUM
2361 353 2750 418 CENTURIA
2792 361 2890 422 IV.
3439 359 3575 427 1334

289 454 350 504 τὸ
406 445 501 518 τῆς
554 447 770 515 φύσεως
823 448 1069 519 παθητὸν
1126 450 1306 522 [unus
1371 452 1498 523 Reg.
1532 452 1871 525 παθητικόν]

1987 474 2166 527 quam,
2214 468 2321 520 vim
2358 468 2668 541 patibilem)
2701 473 3060 544 expugnavit,
3097 472 3374 545 vigentem
3417 475 3472 530 in
3503 491 3567 532 ea

290 541 724 607 καταπαλαίσας,
757 541 858 612 τὴν
887 545 946 595 ἐν
967 543 1118 614 αύτῷ
1156 544 1264 599 τῶν
1300 547 1448 616 παρὰ
1489 545 1650 614 φύσιν
1684 547 1876 600 παθῶν

1987 557 2375 614 innaturalium
2401 561 2705 618 affectuum
2740 565 3217 622 necessitudinem
3251 565 3577 638 proﬂigavit

293 639 476 709 σχέσιν
506 637 884 708 κατήργηοεν.

358 731 450 796 ξδ’.
493 731 685 785 Ἦνίκα
717 732 816 802 μὲν
853 731 921 783 δι’
955 731 1173 802 ἀπάτης
1210 731 1348 803 δόλῳ
1384 731 1563 784 συλῶν
1614 733 1713 803 τὴν
1746 732 1876 804 περὶ

289 821 422 875 Θεὸν
449 821 691 891 ἔμφυτον
727 821 929 889 γνῶσιν
961 821 1062 892 τῆς
1087 821 1323 890 φύσεως,
1355 821 1561 891 ταύτην
1585 824 1613 874 6
1639 822 1876 892 πονηρὸς

289 915 370 974 εἰς
405 912 598 965 ἑαυτὸν
631 913 1039 983 σφετερίζεται,
1068 912 1310 983 κλέπτης
1344 913 1481 978 ἐστὶ,
1516 912 1651 983 πρὸς
1683 913 1875 966 ἐαυτὸν

289 1006 399 1060 ἀπὸ
449 1005 544 1059 τοῦ
593 1005 732 1059 Θεοῦ
786 1005 848 1058 τὸ
899 1007 1062 1070 σέϐας
1111 1007 1440 1078 μεταφέρειν
1489 1007 1872 1077 πειρώμενος·

287 1099 521 1166 ἀπάγων
546 1098 797 1168 δηλονότι
827 1099 936 1152 τῶν
975 1100 1033 1151 ἐν
1063 1101 1175 1164 τοῖς
1201 1101 1453 1168 γεγονόσι
1484 1098 1878 1170 πνευματικῶν

289 1189 484 1262 λόγων,
514 1191 612 1260 τὴν
644 1190 788 1244 κατὰ
817 1190 940 1243 νοῦν
975 1191 1075 1260 τῆς
1107 1191 1286 1262 ψυχῆς
1323 1190 1583 1262 Θεωρίαν,
1613 1191 1709 1242 καὶ
1738 1191 1875 1261 μόνῃ

295 1258 652 1352 περιγράφων
681 1283 780 1354 τὴν
816 1281 1011 1353 νοεράν
1033 1258 1300 1352 δύναμιν,
1337 1285 1404 1353 τῇ
1436 1258 1585 1334 κατὰ
1627 1281 1725 1352 τὴν
1741 1258 1877 1333 -ἐπιί

291 1371 517 1440 φάνειαν
553 1373 817 1444 προσόψει
863 1371 972 1426 τῶν
1016 1372 1314 1443 αἰσθητῶν.
1388 1370 1656 1442 ὐπηνίκα
1687 1371 1743 1424 δέ
1789 1369 1878 1422 διά

285 1465 398 1517 τῶν
423 1464 670 1532 φυσικῶν
692 1465 1076 1537 ἀπαρχόμενος
1105 1465 1449 1534 κινημάτων,
1478 1462 1614 1532 πρὸς
1633 1461 1701 1514 τὰ
1729 1461 1876 1530 παρά

288 1556 452 1627 φύσιν
476 1558 809 1626 σοφιστικῶς
835 1558 1126 1629 κατασύρῃ
1152 1557 1251 1628 τὴν
1282 1556 1596 1627 πρακτικὴν
1620 1554 1873 1624 δύναμιν,

288 1651 385 1703 καὶ
419 1648 512 1702 διά
549 1648 659 1703 τῶν
683 1649 1062 1720 νομιζομένων
1099 1649 1281 1702 καλῶν
1331 1649 1443 1710 τοῖς
1475 1646 1684 1719 χείροσι
1715 1643 1878 1698 πιθα-

287 1741 394 1804 νῶς
422 1740 756 1812 προσηλώσῃ
791 1741 998 1811 ταύτης
1025 1740 1124 1814 τὴν
1159 1741 1370 1810 ἔφεσιν,
1408 1742 1502 1795 ἐπὶ
1540 1738 1620 1810 τῷ
1649 1738 1876 1808 ὀνόματι

287 1809 499 1905 κυρίου
540 1809 755 1904 ὀμνύειῃ
785 1809 1019 1904 ψευδῶς,
1242 1832 1380 1887 ἄλλα
1410 1833 1542 1904 παρ’
1581 1832 1875 1901 ὑπόσχεσιν
1908 1809 1952 1866 π

287 1928 439 1997 ἄγων
463 1929 565 1999 τὴν
587 1928 920 2000 πειθομένην
953 1927 1154 2000 ψυχήν.
1195 1929 1306 1981 Καὶ
1335 1928 1453 1980 ἐστι
1478 1926 1722 1997 κλέπτης
1754 1925 1872 1996 μὲν,

286 2020 362 2084 ὼς
411 2019 554 2090 πρὸς
605 2021 798 2072 ἑαυτὸν
851 2019 1030 2073 συλῶν
1078 2019 1180 2088 τὴν
1238 2019 1443 2088 γνῶσιν
1489 2019 1587 2087 τῆς
1625 2017 1872 2088 φύσεως·

288 2112 548 2183 ἐπίορκος
580 2112 662 2178 δὲ,
721 2111 797 2176 ὡς
849 2111 911 2166 τὺ
967 2111 1274 2182 πρακτικὸν
1313 2111 1415 2180 τῆς
1460 2110 1642 2181 ψυχῆς
1695 2110 1876 2182 μάτην

287 2200 661 2257 διαπονεῖσθαι
686 2203 889 2256 πείθων
923 2206 1036 2266 τοῖς
1075 2203 1229 2275 ποιρά
1265 2201 1450 2272 φύσιν.

361 2389 457 2454 Es’.
493 2390 565 2442 Ἢ
588 2389 754 2444 πάλιν
781 2390 1024 2460 κλέπτης
1063 2390 1237 2454 ἐστὶν,
1267 2391 1296 2444 6
1334 2387 1473 2460 πρὸς
1507 2388 1726 2459 ἀπάτην
1771 2388 1879 2441 τῶν

288 2484 598 2537 ἀκουόντων
641 2483 770 2546 τοὺς
811 2481 991 2546 θείους
1046 2482 1211 2550 δῆθεν
1267 2480 1612 2548 ἀσκούμενος
1662 2479 1877 2549 λόγους,

287 2573 360 2632 ῶν
393 2577 500 2631 οὐκ
528 2575 746 2644 ἐπέγνω
779 2574 870 2627 διά
915 2573 1028 2627 τῶν
1078 2572 1260 2642 ἔργων
1313 2571 1414 2644 τὴν
1464 2572 1716 2644 δύναμιν,
1780 2572 1880 2641 τὴν

287 2670 450 2740 ψιλὴν
477 2666 763 2740 προφορὰν
799 2665 959 2736 δόξης
986 2666 1260 2737 ἐμπορίαν
1296 2665 1648 2734 ποιούμενος,
1682 2666 1779 2718 καὶ
1799 2665 1880 2735 τῷ

288 2761 374 2816 διά
406 2759 668 2829 γλώσσης
695 2759 840 2830 λόγῳ
867 2758 960 2811 τὸν
999 2757 1094 2811 τοῦ
1123 2757 1338 2821 δίκαιος
1376 2755 1697 2828 νομίζεσθαι
1729 2757 1880 2829 παρά

289 2854 394 2907 τῶν
450 2851 828 2924 ἀκροωμένων
875 2851 1196 2922 θηρώμενος
1241 2848 1485 2903 ἔπαινον.
1527 2848 1638 2902 Καὶ
1692 2847 1880 2910 ἁπλῶς

290 2952 492 3012 εἰπεῖν,
527 2951 555 3002 6
577 2946 657 3019 τῷ
685 2948 830 3018 λόγῳ
864 2947 956 3000 τὸν
988 2944 1101 3015 βίον
1125 2945 1490 3016 ἀνάρμοστον,
1526 2944 1621 2998 καὶ
1648 2947 1714 3015 τῇ
1739 2944 1878 3013 γνώ-

292 3060 372 3096 σει
425 3042 531 3113 τὴν
591 3039 832 3095 διάθεσιν
879 3039 980 3108 τῆς
1021 3038 1201 3109 ψυχῆς
1268 3037 1411 3108 ἔχων
1469 3037 1878 3108 ἀντικειμένην,

1977 663 2041 702 ac
2070 648 2383 705 libidinem.

2047 745 2132 799 64.
2169 746 2306 802 Cum
2361 765 2462 818 per
2507 765 2756 804 errorem
2788 749 2948 815 dolo,
3003 750 3310 820 ingenitam
3358 760 3575 804 naturze

1976 837 2046 892 de
2066 838 2180 894 Deo
2213 841 2587 910 cognitionem
2627 843 2996 913 depraedando
3024 842 3405 913 nequissimus
3460 842 3571 897 sibi

1979 939 2221 1002 arrogat,
2258 929 2348 985 fur
2379 942 2484 997 est,
2529 934 2622 1004 qui
2677 934 2774 989 Dei
2829 934 2886 988 in
2943 949 3003 989 se
3033 935 3250 990 cultum
3285 950 3351 990 ac
3395 937 3572 1006 maje-

1978 1031 2175 1077 statem
2201 1022 2498 1079 transferre
2519 1033 2765 1096 salagat;
2797 1025 3382 1096 nempeintelligentis
3403 1025 3573 1080 animi

1979 1114 2417 1184 speculationem
2453 1116 2524 1170 ab
2554 1117 2903 1187 spiritalibus
2951 1117 3005 1171 in
3033 1117 3195 1189 601
3238 1117 3446 1171 creatis
3491 1133 3578 1171 ra-

1982 1208 2228 1262 tionibus
2261 1207 2569 1275 abducens,
2607 1209 2837 1279 solaque
2882 1225 3071 1264 rerum
3109 1209 3165 1262 in
3216 1223 3444 1264 sensum
3489 1223 3580 1262 ca-

1979 1297 2230 1351 dentium
2262 1305 2490 1353 externa
2516 1298 2702 1368 specie
2728 1306 3211 1368 atqueconspectu
3235 1298 3344 1351 vim
3375 1296 3580 1351 mentis

1981 1389 2272 1444 definiens.
2303 1389 2441 1445 Cum
2461 1406 2594 1445 vero
2612 1405 2643 1444 a
2663 1391 3020 1445 naturalibus
3052 1390 3300 1445 motibus
3318 1389 3577 1460 auspica-

1981 1492 2070 1537 tus
2094 1481 2163 1536 ad
2203 1483 2550 1537 innaturalcs
2580 1481 2780 1552 agendi
2809 1480 2920 1534 vim
2953 1481 3170 1535 fallacia
3199 1479 3468 1543 traxerit,
3514 1493 3580 1532 ac

1981 1589 2081 1643 per
2114 1591 2176 1629 ea
2221 1591 2345 1644 qua:
2374 1575 2520 1629 bona
2570 1575 2999 1640 existimantur,
3041 1572 3318 1644 probabili
3370 1571 3576 1642 specie,

1952 1667 2284 1738 .voluptatis
2309 1667 2590 1721 lenocinio
2640 1666 2879 1722 illcctam
2921 1665 3043 1735 ejus
3075 1663 3444 1735 cupiditatem
3477 1662 3578 1717 de-

1983 1759 2288 1814 terioribus
2321 1758 2580 1824 affixerit,
2613 1760 2668 1813 in
2698 1759 2924 1814 nomine
2958 1757 3189 1813 ‘Domini
3245 1756 3383 1810 falso
3405 1756 3576 1827 jurat,

1988 1849 2098 1904 alio
2129 1865 2296 1920 quam
2339 1849 2624 1921 pollicitus
2662 1849 2843 1904 fuerat
2879 1848 3129 1902 animum
3172 1846 3576 1915 obsequentem

1985 1943 2215 1996 ducens.
2250 1942 2328 1997 Ac
2373 1942 2599 2012 quidem
2645 1941 2735 1996 fur
2775 1951 2899 2006 est,
2948 1957 3058 2012 qua
3106 1941 3321 1995 ratione
3363 1947 3578 1994 naturas

1985 2036 2090 2091 sibi
2123 2037 2500 2106 cognitionem
2533 2035 2676 2106 rapit
2704 2054 2716 2089 :
2751 2037 3011 2108 pcrjurus
3043 2049 3199 2099 vero,
3232 2049 3344 2104 qua
3377 2030 3576 2103 agendi

1987 2131 2094 2184 vim
2115 2170 2130 2196 ,
2161 2129 2230 2184 iis
2259 2130 2462 2185 frustra
2514 2130 2800 2186 laboribus
2830 2131 2925 2200 qui
2965 2145 2995 2184 a
3021 2136 3216 2184 natura
3248 2127 3576 2188 abhorrent,

1986 2221 2272 2278 suadendo
2307 2221 2535 2278 addicit.
3606 2221 3608 2224 ’

2059 2394 2147 2450 65.
2189 2395 2299 2449 Aut
2317 2409 2514 2450 rursus
2537 2395 2624 2449 fur
2647 2403 2752 2461 est,
2786 2395 2884 2466 qui
2913 2405 2974 2451 ut
3000 2395 3356 2451 auditoribus
3389 2394 3577 2450 fucum

1988 2486 2178 2553 faciat,
2207 2487 2428 2544 divinos
2451 2487 2644 2559 utique
2671 2503 2964 2543 sermones
2996 2488 3152 2553 colit,
3193 2503 3433 2558 quorum
3479 2503 3580 2557 per

1987 2573 2156 2650 opera
2187 2579 2300 2634 vim
2325 2579 2557 2636 minime
2597 2580 2866 2652 agnovit;
2896 2580 3103 2635 nudam
3144 2581 3360 2636 scilicet
3398 2580 3581 2650 prola—

1989 2671 2198 2727 tionem
2231 2671 2286 2726 in
2307 2672 2497 2742 gloriae
2520 2680 2895 2727 mercaturam
2926 2680 3188 2736 vertens;
3216 2687 3281 2726 ac
3302 2684 3578 2730 sermone.

1987 2778 2153 2834 quem
2181 2778 2279 2818 ore
2310 2763 2579 2833 loquitur,
2601 2762 2835 2834 iustitiae
2872 2763 3095 2818 laudem
3127 2763 3198 2817 ab
3229 2761 3582 2817 auditoribus

1987 2852 2430 2924 captans.Atque
2451 2861 2512 2907 ut
2535 2868 2754 2907 summa
2780 2853 2983 2917 dicam,
3013 2852 3110 2923 qui
3139 2853 3308 2906 vitam
3334 2851 3580 2907 sermoni

1987 2965 2052 3003 ac
2071 2947 2339 3002 doctrina:
2355 2946 2788 3010 dissentancam,
2815 2945 3099 3015 animique
3117 2944 3376 3001 affectum
3401 2943 3582 2999 scien-

1991 3039 2082 3094 tia:
2101 3039 2510 3103 adversantem,
2524 3038 2713 3101 habet,
2737 3038 2825 3092 fur
2847 3049 2953 3102 est,
2975 3054 3042 3092 ex
3065 3037 3263 3093 alienis
3282 3037 3446 3092 bonis
3466 3053 3576 3092 non

291 3135 536 3204 κλέπτης
563 3133 732 3198 ἐστὶν,
764 3131 828 3184 ἐκ
863 3131 973 3184 τῶν
1002 3129 1301 3202 ἀλλοτρίων
1353 3127 1577 3198 ἀγαθῶν
1602 3129 1662 3182 ού
1698 3129 1882 3190 καλῶς

1993 3133 2138 3188 bene
2160 3133 2558 3188 inclarescens.
2590 3132 2673 3186 Ad
2710 3147 2874 3202 quem
2903 3131 3104 3187 merito
3147 3119 3230 3186 ait
3248 3129 3536 3201 Scriptura
3564 3148 3580 3185 :

291 3227 732 3297 διαφαινόμενος.
767 3224 911 3296 Πρὸς
963 3223 1024 3277 δν
1077 3225 1106 3277 6
1147 3223 1309 3292 λόγος
1349 3222 1580 3285 εἰκότως
1612 3223 1747 3294 ἐρεῖ,
1801 3222 1885 3288 Τῷ

1991 3223 2264 3278 Ρεσεαιονὶ
2287 3231 2466 3277 autem
2487 3222 2620 3276 dixit
2644 3220 2784 3276 Deus
2814 3240 2830 3278 :
2863 3221 3043 3288 Quare
3070 3230 3126 3275 tu
3161 3237 3386 3275 enarras
3411 3221 3582 3292 justi-

293 3319 359 3373 δὲ
385 3315 722 3388 ἀμαρτωλῷ
755 3312 928 3370 εἶπεν
973 3317 1008 3370 ὁ
1039 3313 1205 3381 Θεὸς,
1233 3315 1360 3368 Ἵνα
1412 3314 1470 3367 τί
1509 3314 1592 3367 σὺ
1637 3313 1888 3384 ἐκδιηγῇ

293 3411 363 3466 τὰ
383 3407 753 3479 δικαιώματά
777 3425 917 3477 μου,
947 3407 1043 3461 καί
1064 3403 1510 3477 ἀναλαμϐάνῃς
1538 3405 1889 3476 τὴνιδιαθήι-

292 3523 412 3574 amr
443 3522 566 3576 μου
593 3502 693 3557 διὰ
725 3503 1028 3572 στόματός
1060 3516 1212 3565 σου;

359 3599 477 3664 ξς’.
511 3595 769 3664 Κλέπτης
802 3594 1065 3657 ὡσαύτως
1100 3594 1238 3658 ἐστὶ,
1271 3593 1367 3646 καὶ
1413 3595 1442 3646 6
1474 3594 1588 3656 τοῖς
1618 3592 1886 3662 φαινομέ-

292 3709 402 3757 νοις
441 3689 669 3760 τρόποις
701 3689 793 3742 καὶ
818 3689 996 3760 ἤθεσι,
1033 3687 1134 3758 τὴν
1181 3687 1256 3757 μὴ
1296 3685 1637 3757 φαινομένην
1676 3701 1887 3753 συγκα-

294 3785 519 3839 Αύπτων
545 3784 644 3852 τῆς
670 3783 851 3852 ψυχῆς
883 3779 1243 3851 κακουργίαν,
1274 3778 1580 3841 ἐπιεικείας
1609 3777 1902 3847 πλάσματι

295 3879 390 3950 τὴν
412 3876 565 3931 ἔνδον
588 3874 978 3929 ἐπικαλύπτων
995 3872 1258 3926 διάθεσινο
1289 3872 1386 3926 καὶ
1405 3872 1676 3937 κλέπτων,
1698 3871 1887 3945 ὥσπερ

294 3974 508 4033 ἐκεῖνος
534 3971 601 4040 τῇ
640 3968 894 4039 προφορᾷ
933 3965 1044 4019 τῶν
1090 3963 1265 4033 λόγων
1310 3964 1411 4034 τῆς
1464 3964 1744 4033 γνώσεως,
1787 3965 1888 4038 τὴν

292 4065 402 4117 τῶν
465 4062 774 4116 ἀκουόντων
823 4059 1097 4113 διάνοιανθ
1159 4057 1302 4110 οὕτω
1345 4057 1409 4129 δὴ
1452 4057 1547 4111 καὶ⁹
1591 4058 1756 4123 αὐτὸς
1808 4061 1889 4133 τῷ

295 4157 487 4226 τρόπῳ
533 4155 632 4224 τῆς
661 4152 771 4206 τῶν
811 4151 961 4222 ὴθῶν
1019 4151 1388 4222 ὑποκρίσεως,
1432 4151 1544 4204 τῶν
1598 4151 1888 4224 θεωμένων

301 4250 392 4322 τὴν
430 4247 711 4318 ατσθησιν,
753 4247 886 4316 πρὸς
921 4246 980 4298 ὃν
1018 4245 1221 4315 ὁμοίως
1262 4246 1566 4316 είρήσεται,
1622 4249 1887 4316 Αίσχύν-

297 4345 465 4409 θητε,
513 4344 566 4394 ot
590 4336 978 4407 ἐνδεδυμένοι
1019 4335 1223 4406 ἱμάτια
1263 4338 1594 4405 ἀλλότριαο
1660 4340 1754 4392 καὶ
1805 4341 1887 4406 τὸ,

311 4432 725 4500 Ἀποκαλύψει
775 4430 994 4496 Κύριος
1040 4429 1106 4482 τὸ
1165 4428 1378 4498 σχῆμα
1434 4427 1636 4484 αὐτῶν
1691 4429 1763 4484 ἐν
1815 4431 1892 4501 τῇ

1990 3318 2093 3371 tias
2149 3333 2316 3382 meas,
2366 3325 2414 3371 et
2467 3317 2692 3372 assumis
2745 3324 3122 3372 testamentum
3191 3332 3368 3371 meum
3396 3333 3492 3386 per
3526 3333 3582 3370 os

1990 3417 2140 3463 tuum
2172 3409 2258 3462 '9?

2060 3606 2148 3661 66.
2183 3604 2379 3661 Itidem
2405 3603 2494 3659 fur
2527 3611 2632 3669 est,
2675 3602 2770 3673 qui
2798 3611 3028 3660 externa
3053 3597 3242 3658 indole
3265 3609 3433 3670 atque
3461 3614 3580 3654 mos

1989 3697 2147 3752 ribus
2198 3697 2475 3751 internam
2529 3704 2694 3766 atque
2724 3696 2989 3750 latentem
3035 3692 3374 3748 fraudulenti
3409 3691 3576 3747 animi

1988 3788 2198 3860 obtegit
2219 3787 2560 3858 nequitiam;
2595 3787 2721 3843 ficta
2753 3786 3028 3841 nimirum
3067 3783 3294 3856 pietatis
3345 3799 3412 3838 ac
3461 3799 3581 3839 mo-

1991 3882 2368 3947 destizelarva,
2397 3882 2673 3936 internam
2699 3879 2870 3936 animi
2894 3878 3246 3934 affectionem
3270 3877 3488 3944 celans;
3519 3891 3584 3932 ac

1991 3976 2133 4030 sicut
2157 3975 2268 4037 ille,
2299 3973 2650 4028 eruditorum
2684 3987 3006 4029 sermonum
3047 3970 3382 4043 prolatione,
3417 3969 3580 4024 audi-

1991 4077 2174 4122 torum
2228 4073 2490 4130 mentem,
2542 4065 2622 4120 sic
2674 4075 2733 4122 et
2781 4065 2898 4136 ipse
2950 4064 3315 4120 honestorum
3366 4077 3582 4117 morum

1991 4157 2352 4212 simulatione
2387 4155 2723 4225 virtutisque
2764 4155 3030 4216 ementita
3081 4153 3263 4224 specie
3296 4193 3311 4218 ,
3358 4152 3581 4206 intuen-

1993 4253 2129 4307 tium
2182 4265 2406 4306 sensum
2476 4249 2724 4316 fallens;
2781 4249 2837 4303 in
2905 4263 3072 4318 quem
3132 4245 3366 4318 perinde
3431 4245 3585 4300 dicc-

1994 4353 2083 4400 tur
2114 4362 2126 4398 :
2158 4343 2482 4409 Erubescite,
2505 4341 2596 4412 qui
2617 4341 2904 4394 induimiui
2922 4349 3084 4394 vestes
3102 4340 3310 4394 alienas
3328 4339 3396 4392 ’°.
3417 4337 3584 4392 item-

1993 4453 2101 4508 que
2119 4455 2132 4490 :
2153 4437 2408 4490 Dominus
2432 4434 2719 4488 denudabit
2743 4433 2982 4488 habitum
3013 4449 3201 4486 earum
3216 4433 3270 4485 in
3293 4431 3376 4486 die
3397 4428 3495 4484 illa
3513 4429 3579 4482 ³ο.

297 4520 495 4591 ’ἡμέρᾳ
519 4519 744 4586 ἐκείνῃ.
777 4517 915 4570 Καθ’
942 4517 1182 4586 εκάστην
1213 4517 1322 4587 γὰρ
1345 4519 1402 4570 ἐν
1427 4517 1506 4587 τῷ
1535 4519 1766 4592 κρυπτῷ
1792 4523 1885 4593 τῆς

1995 4521 2257 4590 Quotidie
2286 4521 2437 4576 enim
2473 4520 2530 4574 in
2566 4519 2757 4574 abdita
2789 4519 2971 4574 cordis
2993 4517 3232 4582 ofﬁcina,
3265 4517 3382 4572 haec
3407 4515 3476 4570 ad
3497 4529 3581 4568 me

301 4613 532 4686 καρδίας
581 4609 954 4681 ἐργαστηρίῳ,
1005 4607 1177 4662 ταῦτά
1220 4625 1309 4678 μοι
1355 4607 1608 4678 λέγοντος
1667 4612 1891 4667 ἀκούειν

300 4704 447 4759 δοκῶ
478 4702 572 4756 τοῦ
610 4701 748 4755 Θεοῦ
783 4700 882 4772 τὴν
915 4701 1150 4772 ἡμέραν,
1183 4700 1260 4765 ὡς
1290 4701 1380 4754 ἐπ’
1412 4701 1616 4773 ἀμφοῖν
1660 4703 1891 4776 διαρρή-

302 4799 401 4870 δην
434 4795 910 4864 κατεγνωσμένος.

375 4888 474 4957 ξζ’.
504 4888 794 4959 Ἑπίορκός
822 4887 989 4952 ἐστιν,
1015 4886 1182 4956 ἤγουν
1213 4885 1432 4955 ὀμνύων
1451 4887 1544 4941 ἐπὶ
1566 4888 1643 4960 τῷ
1667 4890 1891 4961 ὀνόματι

305 4983 516 5056 Κυρίου
554 4981 788 5054 ψευδῶς,
829 4983 856 5035 ὁ
878 4979 1352 5050 ἐπαγγελλόμενος
1380 4981 1458 5053 τῷ
1492 4981 1612 5053 Θεῷ
1643 4984 1735 5037 τὸν
1771 4987 1892 5039 κατ’

306 5073 513 5144 ἀρετὴν
553 5075 690 5145 βίον,
719 5073 814 5127 κα)⁸
841 5072 1098 5143 ἀλλότρια
1129 5070 1283 5143 παρά
1321 5073 1422 5142 τὴν
1455 5073 1750 5145 ὑπόσχεσιν
1795 5076 1895 5146 τῆς

305 5164 514 5229 οἰκείας
551 5163 884 5233 ἐπαγγελίας
917 5161 1276 5234 ἐπιτηδεύων,
1317 5160 1414 5215 καὶ
1464 5160 1562 5232 τὴν
1615 5161 1897 5232 συνθήκην

305 5258 406 5329 τῆς
435 5258 724 5329 ὁμολογίας
759 5257 853 5312 τοῦ
884 5256 1085 5328 σεμνοῦ
1131 5255 1249 5326 βίου
1287 5255 1376 5308 διὰ
1404 5255 1503 5324 τῆς
1544 5254 1747 5326 ἀργίας
1787 5255 1897 5308 τῶν

307 5347 540 5403 ἐντολῶν
565 5347 945 5419 παραϐαίνων.
981 5347 1090 5400 Καὶ
1124 5345 1409 5417 συντόμως
1444 5347 1642 5408 εἰπεῖν,
1687 5346 1716 5399 ὁ
1755 5346 1900 5398 κατὰ

376 5528 424 5562 ³⁸
459 5530 604 5587 Psal.
633 5531 722 5596 49,
760 5530 842 5584 Ἰϐ.
920 5532 965 5563 ²⁹
991 5529 1232 5600 Sophon.
1263 5545 1299 5593 ι,
1331 5529 1382 5585 8.
1463 5531 1505 5561 ³ο
1535 5529 1634 5584 lsa.
1680 5545 1757 5592 ιιι,
1796 5529 1877 5581 i7.

1990 4614 2314 4683 loquentem
2351 4612 2522 4666 Deum
2564 4610 2701 4665 mihi
2729 4609 2925 4663 audire
2963 4609 3177 4670 videor,
3212 4614 3271 4660 ut
3304 4607 3399 4676 qui
3429 4614 3580 4660 utro--

1991 4721 2100 4776 que
2131 4704 2356 4760 nomine
2379 4703 2672 4774 perspicue
2702 4700 2975 4756 obnoxius
3011 4697 3296 4753 exsistam.

2063 4885 2152 4939 67.
2195 4883 2459 4955 Periurus
2482 4892 2589 4946 est,
2627 4880 2682 4935 id
2713 4889 2819 4947 est,
2853 4877 2992 4933 falso
3020 4879 3211 4948 jurans
3252 4877 3311 4932 in
3353 4875 3579 4932 nomine

1990 4976 2231 5042 Domini,
2272 4975 2366 5045 qui
2392 4973 2640 5029 studiose
2671 4989 2848 5043 exque
2879 4972 3102 5026 virtutis
3140 4971 3359 5026 ratione
3405 4957 3600 5024 vitam"

1988 5085 2047 5125 se
2075 5069 2266 5124 institu
2279 5076 2462 5121 turum
2485 5065 2786 5136 pollicitus,
2811 5067 2989 5120 aliena
3025 5072 3382 5122 consectatur
3395 5063 3465 5117 ab
3491 5061 3582 5118 bis

1990 5179 2113 5234 qua:
2161 5161 2313 5216 vovit
2366 5169 2422 5215 et
2467 5159 2746 5230 professus
2800 5169 2925 5224 cst;
2970 5157 3263 5227 foedusque
3314 5155 3585 5227 religiosa:

1990 5270 2054 5309 ac
2079 5252 2373 5309 sanctioris
2407 5252 2552 5316 vitae,
2586 5265 2697 5305 non
2731 5249 3046 5321 praestando
3089 5247 3371 5307 mandata.
3408 5258 3585 5301 trans-

1993 5343 2266 5416 greditur.
2308 5343 2511 5414 Atque,
2538 5351 2599 5398 ut
2634 5358 2850 5399 summa
2878 5343 3081 5407 dicam,
3111 5341 3206 5412 qui
3249 5356 3375 5397 cum
3405 5344 3494 5412 pie
3520 5351 3585 5390 ac

310 5728 434 5768 cum
471 5713 809 5768 attendenda
857 5729 1012 5768 mens
1062 5721 1378 5777 auctorum,
1405 5711 1458 5765 ni
1499 5709 1623 5779 quis
1667 5711 1890 5779 gravius
1928 5725 2117 5766 errare
2182 5711 2343 5776 velit,
2407 5709 2678 5780 docetque
2720 5711 2836 5779 ipse
2884 5707 3152 5762 Maximus
3195 5705 3248 5758 in
3293 5703 3410 5760 suis
3447 5701 3581 5772 Dog-

318 5801 367 5840 m
388 5785 536 5838 ιίίεἰδ.
