4060 6424
504 295 642 361 1:335
1671 302 1733 361 s.
1775 303 2065 366 MAXIM!
2103 308 2623 390 CONFESSORIS.
3629 300 3742 393 res

496 414 663 493 602
687 413 941 484 religiose
963 413 1153 470 vivere
1183 414 1563 478 constituerit.
1591 431 1702 470 non
1733 425 1820 473 est
1845 420 2084 489 perfecte

2195 424 2330 481 Θεὸν
2361 428 2463 499 ζῇν
2492 432 2882 504 προελόμενος,
2918 434 3017 489 καὶ
3049 434 3127 508 μὴ
3163 435 3387 502 τελείως
3430 439 3506 509 τῷ
3542 445 3751 515 παρόντι

502 514 756 559 nim-tuus
797 504 929 559 huic
963 502 1189 567 saeculo,
1215 502 1452 559 mendax
1478 518 1541 558 ac
1573 505 1835 574 perjurus
1863 514 1971 571 est;
1993 507 2084 577 qui

2203 517 2304 591 βίῳ
2333 502 2719 594 νεκρούμενος,
2736 525 2980 597 ψεύστης
3152 527 3245 582 καὶ
3272 502 3544 604 ἐπίορκος,
3570 502 3750 605 ὀμόσας

451 646 459 655 ,
499 593 725 665 quidem
762 593 875 648 Deo
908 591 1183 664 juraverit
1215 591 1440 664 (nempe
1486 594 1809 665 promiserit
1847 596 2084 651 voverit—

2204 611 2303 679 μὲν
2329 612 2407 683 τῷ
2437 591 2579 685 Θεῷ,
2615 591 2913 684 τουτέστιν,
2936 591 3418 694 ⁷ἐπαγγειλάμενος
3449 591 3540 679 τὸν
3572 591 3627 681 ἐν
3651 591 3751 697 τοῖς

458 684 627 756 'que)
675 685 1020 754 inculpatum
1070 684 1130 739 in
1189 684 1396 741 divinis
1444 686 1799 742 sermonibus
1842 702 2084 753 cursum,

2201 702 2368 792 θείοις
2389 706 2598 775 ἀγῶσιν
2628 708 2926 786 ἄμεμπτον
2952 684 3175 785 δρόμον,
3216 684 3315 769 καὶ
3345 684 3423 789 pii]
3456 684 3750 792 πληρώσας,

497 793 603 834 nec
657 786 840 834 tamen
885 777 1243 848 impleverit;
1301 778 1510 849 quique
1561 779 1701 834 adeo
1754 779 1909 835 nulla
1961 780 2084 837 hinc

2200 789 2296 843 καὶ
2341 791 2431 847 διὰ
2453 793 2614 849 τοῦτο
2645 777 2913 870 μηδαμῶς
2955 777 3370 873 ἐπαινούμενος..
3408 777 3751 881 "Euroram;

496 867 660 925 laude
690 869 894 940 dignus
929 868 1023 925 sit.
1075 868 1407 925 Laudabitur
1443 870 1615 936 enim,
1670 870 1871 941 inquit,
1918 873 2084 928 omnia

2198 896 2370 941 σεται
2390 883 2500 957 γὰρ
2520 887 2642 956 πᾶς
2663 867 2965 962 όγόμῖνύων
2995 895 3065 949 ἐν
3093 867 3272 962 αὐτῷ,
3305 899 3568 966 τουτέστι,
3600 867 3755 969 πᾶςιό

496 963 588 1032 qui
610 962 767 1032 jurat
808 963 866 1016 in
899 977 958 1015 eo
995 962 1038 994 ³³
1066 1003 1083 1027 ,
1114 960 1224 1016 hoe
1276 969 1382 1024 est,
1436 963 1620 1016 omnis
1667 964 1763 1032 qui
1798 977 1926 1017 cum
1976 963 2084 1017 Deo

2299 973 2419 1068 θεῷ
2447 977 2538 1033 τὸν
2566 960 2765 1036 ἔνθεον
2785 960 3258 1057 ἐπαγγειλάμενος
3289 989 3427 1059 βίον,
3459 960 3651 1048 καὶ-διὰ
3667 960 3755 1068 τῆς

496 1051 743 1111 divinam
794 1052 1012 1108 voverit
1054 1052 1185 1107 vita:
1216 1051 1488 1108 rationem
1514 1093 1530 1119 ,
1584 1053 1819 1108 veritate
1852 1069 2084 1124 operum

2197 1065 2459 1137 ἀληθείας
2496 1071 2607 1124 τῶν
2639 1072 2820 1145 ἔργων
3014 1051 3363 1152 δικαιοσύνης
3411 1051 3537 1148 τοὺς
3577 1051 3754 1158 ὅρκοός

490 1143 747 1214 Ῑυειίιὶαι,
779 1144 941 1201 bona:
971 1144 1336 1215 professionis
1360 1146 1590 1218 votique
1630 1147 1955 1219 juramenta
1988 1149 2084 1204 ad-

2200 1157 2428 1232 πληρῶν
2460 1163 2560 1234 τῆς
2588 1143 2763 1238 καλῆς
2793 1143 3160 1243 ὑποσχέσεως.

494 1234 710 1306 implet.

569 1325 657 1380 68.
689 1324 794 1392 Qui
827 1325 944 1381 sola
983 1340 1310 1382 sermonum
1333 1327 1648 1397 prolatione
1675 1327 1967 1384 scientiam
2014 1328 2090 1384 si-

493 1414 736 1480 mulans,
795 1414 852 1471 in
893 1430 1052 1471 suam
1087 1416 1206 1487 ipse
1239 1416 1474 1487 gloriam
1525 1417 1851 1473 auditorum
1891 1417 2087 1474 furtim

494 1506 667 1561 trahit
706 1506 1001 1574 animum;
1051 1523 1118 1563 ac
1158 1507 1414 1579 perinde,
1463 1508 1560 1579 qui
1600 1509 1881 1565 exteriore
1933 1510 2087 1566 cultu

492 1597 880 1670 moribusque,
904 1599 1132 1656 virtutis
1159 1600 1376 1672 objecta
1394 1601 1569 1669 larva,
1593 1601 1649 1656 in
1681 1618 1835 1658 suam
1854 1604 2085 1675 gloriam

492 1691 690 1748 furtim
723 1692 919 1748 itidem
954 1732 970 1759 ,
1022 1693 1291 1748 virtutem
1346 1692 1662 1749 simulando
1707 1704 2084 1764 spectatorum

494 1786 667 1809 .--ιιι
700 1793 979 1809 Α--ΑΑΑι--Μ
1007 1802 1021 1809 -
1055 1784 1202 1809 Ρη-ι-
1230 1785 1561 1809 ...ιι--..ιι-ι--
1587 1786 1839 1809 -2...--Ι-ι-
1871 1788 2066 1809 talin“.

2196 1691 2305 1775 τῶν
2337 1691 2627 1798 θεωμένων
2764 1691 3234 1805 δρέσιν

494 1786 671 1841 trahit
699 1793 983 1855 aspectum
1007 1802 1022 1853 ;
1053 1784 1206 1841 furto
1226 1785 1563 1856 obrepentes
1585 1786 1844 1844 simulate
1871 1788 2084 1856 fallunt1

495 1878 639 1903 -I.--
668 1877 983 1903 ...υιειιι-...νι
1025 1887 1268 1903 ...Α-...ηνκ
1330 1880 1470 1903 ιιι...-
1499 1878 1815 1903 -.2.l-_.2-._.
1846 1881 2084 1903 --μ--..2-

2199 1784 2544 1888 κλέπτοντες,
2603 1784 2901 1893 πλανῶσιν,
2946 1830 2976 1881 6
3030 1827 3154 1899 μὲν,
3183 1784 3642 1903 διάωιανῗψξχιης
3663 1784 3758 1886 τῶν

493 1878 639 1934 alter
666 1877 986 1933 auditorum
1025 1887 1293 1944 mentem,
1329 1880 1470 1937 alter
1499 1878 1818 1936 videntium
1842 1881 2084 1953 corporis

2503 1877 2543 1888 -ι
2724 1877 2780 1879 Vm
2806 1877 2901 1893 "'1
2950 1877 2971 1881 ν
3030 1877 3154 1899 ι---υι
3189 1877 3415 1885 ’πυτ-’τ’
3478 1877 3640 1903 τἈ-ιν
3673 1877 3752 1886 ⁷-⁷

2196 1908 2526 1980 ἀκουόντων,
2574 1915 2604 1968 6
2633 1913 2711 1983 δὲ,
2746 1915 2856 1972 τῶν
2888 1917 3179 1989 θεωμένων
3219 1918 3473 1991 σώματος
3504 1922 3754 1995 αἴσθησιν.

2269 1352 2371 1425 ξη’.
2417 1357 2479 1413 '0
2501 1361 2646 1415 κατά
2678 1364 2848 1435 μόνην
2874 1367 2977 1436 τὴν
3005 1370 3065 1424 ὲν
3090 1372 3206 1433 τοῖς
3241 1370 3423 1441 λόγοις
3472 1376 3753 1448 προφορὰν,

2198 1447 2401 1541 γνῶσιν
2435 1452 2886 1528 ὑποκρινόμενος,
2932 1462 3072 1533 πρὸς
3108 1463 3269 1529 δόξαν
3307 1465 3518 1521 οἰκείαν
3543 1447 3756 1541 τὴντῶν

2196 1540 2503 1598 ἀκουόντων
2535 1546 2761 1604 κλέπτει
2789 1552 3027 1607 διάνοιαν
3049 1571 3065 1588 ο
3117 1556 3213 1609 καὶ
3251 1558 3281 1610 6
3323 1559 3437 1622 τοῖς
3481 1540 3632 1630 ήθεσι
3670 1564 3757 1631 τὴν

2195 1632 2398 1702 ἀρετὴν
2427 1635 2873 1712 ὑποκρινόμενος,
2920 1637 3060 1715 πρὸς
3107 1646 3267 1713 δόξαν
3304 1647 3514 1702 οἰκείαν
3553 1648 3757 1706 κλέπτει

565 2062 745 2119 69.-Si
773 2064 1002 2120 omnino
1030 2061 1254 2119 laudem
1279 2062 1470 2129 habet,
1524 2064 1623 2137 qui
1669 2081 1736 2121 ea
1766 2082 1892 2137 quae
1919 2067 2092 2132 vovit,

492 2152 782 2224 adimplet,
813 2164 876 2211 ut
909 2154 1008 2224 qui
1029 2154 1180 2226 juret
1200 2153 1258 2208 in
1283 2154 1419 2221 Deo,
1445 2170 1551 2211 nec
1571 2170 1605 2225 ar
1628 2171 1762 2212 vero
1790 2158 2094 2229 quidquam

492 2244 795 2313 abscedat;
855 2246 1037 2317 liquet
1091 2245 1289 2316 utique
1351 2245 1559 2316 probro
1625 2247 1926 2305 obnoxium
1974 2248 2095 2305 fore

2267 2085 2368 2158 ἔθ’.
2401 2084 2469 2145 Εἰ
2499 2092 2716 2157 πάντως
2748 2092 2969 2149 ἔπαινον
2996 2094 3111 2166 ἔχει
3139 2098 3167 2151 6
3186 2096 3295 2152 τῶν
3322 2097 3545 2152 οἰκείων
3569 2098 3760 2172 πληρω-

2193 2182 2294 2252 τὴς
2325 2182 2691 2251 ἐπαγγελιῶν,
2723 2184 2800 2249 ὡς
2840 2185 3059 2257 ὀμνύων
3090 2189 3150 2242 ὲν
3187 2187 3266 2259 τῷ
3306 2188 3451 2259 θεῷ,
3503 2189 3597 2243 καί⁵
3643 2191 3759 2261 ἀλη-

2196 2271 2402 2328 θεύων·
2462 2275 2625 2346 δῆλον
2656 2277 2740 2331 ὅτι
2784 2276 2952 2348 ψόγον
3000 2278 3113 2344 ἕξει
3148 2279 3245 2334 καὶ
3281 2281 3533 2351 ἀτιμίαν,
3593 2284 3621 2334 6
3664 2280 3758 2335 τῶν

2193 2366 2411 2420 οἰκείων
2440 2367 2726 2439 συνθηκῶν
2758 2369 3089 2442 παραϐάτης
3134 2372 3442 2443 γινόμενος,
3474 2372 3553 2437 ὡς
3575 2373 3758 2445 ὀμόσας

2114 2492 2117 2497 -
2192 2458 2252 2513 ἐν
2282 2457 2361 2528 τῷ
2398 2457 2542 2527 Θεῷ,
2579 2458 2676 2514 καὶ
2700 2458 3068 2531 ψευσάμενος.

2188 2598 2197 2603 -
2262 2556 2326 2606 o'.
2356 2551 2375 2570 ⁶
2400 2550 2478 2604 Ού
2522 2553 2633 2616 πᾶς
2674 2552 2963 2626 ἄνθρωπος
3003 2557 3085 2619 εἰς
3120 2554 3312 2610 τοῦτον
3357 2557 3652 2629 ἐρχόμενος
3682 2559 3761 2613 τὸν

2192 2640 2421 2713 κόσμον,
2459 2641 2565 2697 ύπὺ
2592 2643 2690 2697 τοῦ
2737 2645 2914 2713 Λόγου
2950 2646 3169 2713 πάντως
3212 2649 3546 2718 φωτίζεται’
3592 2649 3761 2705 πολλοὶ

2190 2732 2301 2802 γὰρ
2326 2730 2623 2804 ἀφώτιστοι
2656 2735 2990 2808 διαμένουσι,
3040 2740 3258 2793 καὶτοῦ
3309 2741 3431 2795 κατ’
3486 2742 3761 2812 ἐπίγνωσιν

2189 2826 2451 2897 ἀμέτοχοι
2477 2828 2656 2896 φωτός
2675 2842 2689 2857 ⁸
2736 2826 2872 2881 ἀλλὰ
2907 2828 3067 2898 δῆλον
3092 2830 3175 2883 ὅτι
3197 2831 3306 2896 πᾶς
3337 2830 3435 2885 ἀνθ
3443 2849 3627 2905 ρωπος
3653 2831 3760 2885 κατ’

2188 2918 2397 2973 οἰκείαν
2431 2919 2682 2991 γνώμην,
2722 2922 2805 2984 εἰς
2859 2920 2948 2975 τὸν
2997 2920 3171 2993 ἀληθῆ
3216 2922 3423 2993 κόσμον
3481 2923 3762 2995 ἐρχόμενος

2188 3011 2298 3066 τῶν
2329 3012 2561 3084 ἀρετῶν.
2584 3013 2699 3077 Πᾶς
2724 3014 2834 3085 γὰρ
2852 3014 2882 3066 6
2909 3013 3031 3067 κατ’
3055 3012 3315 3085 ἀλήθειαν
3342 3014 3431 3068 διὰ
3458 3016 3559 3087 τῆς
3589 3015 3764 3069 αὐθαι-

2195 3104 2349 3174 ρέτου
2377 3105 2685 3176 γεννήσεως
2728 3106 2817 3177 εἰς,
2838 3104 3026 3160 τοῦτον
3066 3105 3365 3177 ἐρχόμενος
3407 3103 3509 3160 τὸν
3552 3105 3761 3175 κόσμον,

2191 3196 2298 3252 ὑπὸ
2335 3196 2429 3251 τοῦ
2471 3196 2647 3266 Λόγου
2693 3197 2912 3262 πάντως
2960 3195 3279 3266 φωτίζεται,
3325 3196 3619 3268 λαμϐάνων
3661 3195 3765 3261 ἕξιν

2191 3290 2393 3362 ἀρετῆς
2421 3289 2848 3363 ἀμετακίνητον,
2875 3289 2972 3345 καὶ
3003 3288 3265 3359 γνώσεως
3286 3288 3531 3361 ἀληθοῦς
3547 3289 3765 3360 ἐπιστή-

2194 3398 2302 3452 μην
2335 3382 2656 3438 ἄπταιστον.

2260 3482 2363 3528 οαν.
2385 3476 2462 3528 Ού
2494 3476 2695 3542 πάντες
2723 3495 2784 3531 τε
2812 3479 2907 3553 καὶ
2938 3482 3119 3537 πάντα
3155 3482 3227 3537 τὰ
3256 3480 3356 3555 τὴν
3388 3482 3562 3554 αὐτὴν
3595 3480 3763 3550 ὲκφὼ-

2187 3583 2344 3638 νησιν
2368 3567 2582 3638 ἔχοντα,
2606 3568 2728 3624 καθ’
2756 3570 2970 3645 ἕναδκαὶ
3001 3573 3091 3627 τὸν
3125 3574 3293 3629 αὐτὸν
3325 3573 3549 3638 πάντως
3577 3573 3764 3643 νοηθή-

2188 3677 2339 3714 σεται
2386 3660 2587 3733 τρόπον
2612 3677 2627 3691 ’
2678 3662 2796 3716 ἀλλ’
2844 3663 3076 3720 ἕκαστον
3130 3666 3241 3720 τῶν
3289 3667 3605 3738 λεγομένων
3637 3664 3765 3736 πρὸς

2183 3750 2282 3820 τὴν
2339 3751 2708 3826 ὑποκειμένην
2764 3752 3008 3824 δηλονότι
3060 3754 3141 3826 τῷ
3206 3755 3393 3827 τρόπῳ
3463 3757 3564 3827 τῆς
3615 3755 3762 3824 ἁγίας

493 2335 919 2408 ignominiaque
943 2335 1279 2402 notandum,
1319 2335 1416 2405 qui
1445 2351 1544 2391 sua
1578 2335 1696 2408 ipse
1725 2347 1887 2409 pacta
1920 2338 2094 2395 fuerit

491 2428 918 2500 praevaricatus,
953 2436 1014 2482 ut
1036 2428 1132 2498 qui
1155 2428 1355 2499 jurans
1380 2427 1437 2482 in
1460 2428 1577 2484 Deo
1602 2430 1873 2485 mentitus
1921 2431 2017 2486 sit.

567 2517 659 2577 70.
693 2518 818 2581 Non
848 2517 1030 2573 omnis
1068 2518 1238 2573 homo
1265 2518 1360 2588 qui
1384 2518 1538 2573 venit
1559 2519 1617 2573 in
1641 2519 1796 2575 hunc
1820 2522 2089 2593 mundum

493 2609 726 2664 omnino
760 2625 792 2665 a
836 2608 1018 2664 Verbo
1061 2607 1415 2664 illuminatur
1446 2610 1492 2642 ³¹
1523 2628 1536 2663 :
1576 2610 1737 2667 multi
1787 2612 1940 2667 enim
1976 2629 2090 2670 non

490 2701 793 2757 illuminati
830 2710 1079 2767 manent,
1112 2716 1220 2756 nec
1248 2702 1371 2772 ejus
1392 2703 1554 2770 lucis,
1579 2719 1703 2774 quae
1728 2705 1785 2761 in
1803 2706 2088 2775 agnitione

490 2793 674 2862 posita
707 2802 815 2859 est,
856 2802 1181 2864 compotes;
1218 2793 1316 2849 sed
1355 2794 1520 2865 plane
1560 2796 1744 2851 omnis
1770 2797 1960 2865 homo,
1990 2799 2087 2871 qui

489 2886 663 2942 animi
689 2886 978 2941 voluntate
1013 2885 1072 2940 in
1094 2902 1292 2942 verum
1317 2886 1594 2942 virtutum
1616 2888 1886 2944 mundum
1907 2891 2084 2946 venit.

489 2976 688 3033 Omnis
708 2977 859 3033 enim
886 2977 984 3048 qui
1013 2992 1147 3033 vere
1168 2978 1491 3034 voluntaria
1525 2979 1815 3037 nativitate
1845 2981 1904 3036 in
1936 2982 2088 3039 hunc

487 3069 765 3127 mundum
791 3069 967 3134 venit,
1000 3071 1232 3124 omnino
1266 3085 1298 3124 a
1323 3069 1507 3127 Verbo
1541 3071 1888 3128 illuminatur
1915 3113 1931 3139 ,
1976 3074 2083 3129 im-

492 3159 759 3216 mobilem
789 3159 1018 3217 virtutis
1043 3168 1242 3217 nactus
1261 3160 1540 3230 habitum,
1557 3158 1814 3235 veraeque
1839 3165 2086 3223 scientia:
2115 3144 2157 3203 (ἶ

490 3260 705 3307 certam
733 3252 1013 3310 notitiam.

565 3433 654 3489 7i.
680 3433 805 3489 Non
834 3448 1030 3490 omnes
1069 3449 1324 3505 persona:
1355 3438 1569 3509 pariter
1600 3448 1766 3511 atque
1806 3456 1916 3508 res,
1962 3459 2087 3513 quae

491 3524 690 3581 eodem
728 3534 1033 3583 censentur
1078 3529 1353 3585 vocabulo
1378 3570 1393 3596 ,
1431 3547 1599 3587 unam
1643 3535 1875 3590 omnino
1915 3544 2083 3607 atque

492 3617 747 3674 eamdem
778 3634 976 3675 sensus
1014 3620 1286 3692 spiritalis
1310 3622 1737 3696 intelligentiam
1766 3628 2079 3699 recipiunt;

490 3710 591 3764 sed
629 3711 848 3782 singula
874 3728 998 3783 quae
1030 3713 1295 3769 dicuntur
1327 3730 1430 3785 pro
1472 3718 1721 3789 subjecta
1749 3718 1873 3775 loco
1912 3736 2083 3777 sacrae

491 3799 800 3872 Scriptura;
827 3803 880 3858 vi
907 3804 1285 3876 intelligamus
1314 3822 1545 3863 necesse
1569 3817 1677 3873 est,
1702 3811 1747 3866 si
1774 3811 1939 3867 modo
1969 3828 2081 3883 quo

492 3901 748 3961 spectent
782 3909 846 3949 ea
870 3911 994 3966 quae
1019 3896 1224 3968 scripta
1248 3908 1380 3953 sunt
1408 3899 1515 3955 rite
1564 3901 1886 3972 conjectura
1932 3920 2082 3960 asse-

489 3980 675 4035 cnluri
704 3996 915 4038 sumus.

560 4073 649 4126 72.
687 4073 848 4130 Nulla
880 4077 1317 4148 perscripturum
1355 4079 1656 4153 Scriptura:
1680 4100 2076 4155 personarum,

489 4163 703 4220 nihilve
755 4165 1009 4223 locorum
1051 4177 1147 4223 aut
1185 4168 1423 4225 aliarum
1478 4189 1666 4229 rerum
1707 4177 2077 4233 animatarum

486 4256 703 4328 pariter
732 4258 1041 4331 animaeque
1070 4264 1407 4333 expertium,
1437 4268 1838 4338 sensiliumque
1870 4278 1927 4326 et
1955 4287 2079 4341 quae

489 4346 608 4401 sola
635 4356 822 4403 mente
850 4349 1251 4421 intelligantur,
1275 4371 1387 4410 uno
1413 4371 1638 4427 semper
1658 4360 1823 4431 603
1852 4363 2077 4417 codem-

489 4452 601 4508 que
618 4438 790 4493 modo
802 4439 1238 4510 consideratum,
1285 4445 1532 4523 undique
1557 4447 1663 4503 sibi
1683 4450 2073 4520 cohaerentem,

486 4528 569 4584 rei
591 4522 760 4601 gestae
787 4532 1164 4588 narrationem
1192 4547 1290 4591 aut
1311 4520 1533 4594 sensum
1557 4542 1863 4612 spiritalem
1888 4518 2076 4601 habet.
2113 4518 2157 4572 Β

482 4619 700 4679 Idcirco
729 4636 915 4692 opera:
942 4624 1209 4694 pretium,
1248 4636 1308 4684 ut
1338 4629 1432 4700 qui
1481 4642 1636 4689 certa
1667 4635 1903 4692 veritate
1937 4637 2079 4693 divi-

483 4727 612 4768 nam
648 4712 955 4785 Scripturaa
975 4728 1330 4776 consectatur
1362 4721 1783 4797 intelligentiam
1807 4771 1822 4797 ,
1854 4746 1955 4802 pro
1978 4747 2077 4788 eo-

480 4819 606 4859 rum
645 4820 767 4876 qua:
790 4816 944 4878 gesta
968 4815 1069 4865 aut
1101 4826 1226 4880 qua:
1257 4812 1406 4871 dicta
1440 4816 1765 4874 referuntur
1804 4821 2081 4879 discrimi-

482 4912 589 4961 ne,
650 4899 927 4955 recensita
971 4900 1188 4973 singula
1215 4903 1591 4965 diversimode
1626 4910 2031 4983 interpretetur
2058 4957 2075 4984 ,

481 4989 677 5059 eisque
711 4992 1133 5049 convenientem
1173 5011 1276 5069 pro
1317 4999 1443 5056 loco
1480 5011 1577 5061 aut
1618 5010 1865 5076 tempore
1905 5008 2073 5079 spiri-

483 5081 652 5134 talem
678 5082 782 5138 rite
807 5098 1032 5138 sensum
1070 5085 1392 5147 distribuat.

554 5170 643 5224 75.
672 5170 916 5229 Docendi
944 5185 1073 5232 sunt
1099 5177 1296 5237 omnes
1322 5183 1420 5253 qui
1449 5183 1507 5238 in
1533 5185 1684 5240 omni
1711 5189 1918 5245 mundo
1944 5207 2070 5249 ver-

481 5271 697 5330 santur,
726 5275 788 5320 ut
814 5267 931 5322 sola
958 5270 1171 5326 ratione
1196 5274 1385 5330 vivant
1412 5289 1709 5347 moresque
1742 5277 2065 5350 instituant;

481 5364 742 5426 tantaque
771 5359 1098 5427 corporibus
1131 5377 1261 5418 cura
1297 5365 1711 5436 impendantur,
1738 5382 1943 5441 quanta
1971 5390 2067 5429 ne-

478 5462 634 5505 cesse
670 5456 754 5505 est
788 5457 851 5505 ut
885 5452 1060 5507 multa
1095 5455 1466 5517 sollicitudine
1500 5474 1566 5515 ac
1597 5460 1883 5535 diligentia
1933 5481 2058 5537 pro-

554 5604 594 5635 ³¹
624 5605 766 5660 Psal.
798 5621 926 5671 an,
956 5606 1042 5660 12.
1120 5611 1163 5642 ³³
1189 5612 1345 5672 Joal.
1386 5630 1422 5677 ι,
1447 5614 1499 5669 9.

548 5717 567 5737 ‘
591 5716 674 5776 Cf.
705 5718 772 5773 ad
797 5719 955 5777 Thai.
987 5739 1039 5796 q.
1067 5724 1133 5779 65
1155 5736 1209 5782 et
1240 5727 1307 5782 64
1341 5727 1482 5787 infra
1513 5729 1577 5785 ad
1612 5726 1881 5793 [ωηιξη.

2183 3842 2407 3912 Γραφῆς
2458 3842 2693 3915 δύναμιν
2736 3846 2982 3915 νοητέον,
3025 3848 3076 3900 εἰ
3119 3847 3410 3921 μέλλοιμεν
3448 3848 3629 3920 ὀρθῶς
3674 3845 3763 3901 τοῦ

2186 3935 2389 4009 σκοποῦ
2415 3936 2526 3990 τῶν
2555 3939 2959 4011 γεγραμμένων
2986 3940 3517 4013 καταστοχάζεσθαι.

2253 4119 2352 4191 οβ’.

2182 4210 2512 4284 προσώπων,
2543 4210 2578 4281 ἢ
2603 4209 2806 4274 τόπων,
2832 4210 2875 4281 ἢν
2893 4211 3122 4284 χρόνων,
3140 4210 3173 4282 ἢ
3193 4210 3399 4286 ἐτέρων
3424 4210 3760 4283 πραγμάτων

2180 4303 2443 4377 ἐμψύχων
2472 4320 2532 4357 τε
2566 4303 2662 4358 καὶ
2705 4300 2953 4373 ἀψύχων,
2987 4303 3262 4377 αἰσθητῶν
3301 4321 3363 4358 τε
3402 4305 3504 4358 καὶ⁹
3536 4303 3757 4374 νοητῶν,

2181 4399 2331 4455 κατὰ.
2363 4397 2456 4452 τὸν
2484 4395 2648 4452 αὑτὸν
2678 4396 2766 4450 ἀεὶ
2798 4395 3087 4468 νοούμενον
3115 4395 3341 4467 τρόπον,
3369 4395 3488 4467 ἔχει
3529 4391 3755 4465 συμϐαί-

2186 4508 2383 4557 νουσαν
2429 4490 2597 4561 ἑαυτῇ
2636 4487 2811 4542 διόλου
2849 4487 2948 4558 τὴν
2996 4487 3237 4559 ἱστορίαν
3283 4487 3317 4556 ἢ
3361 4486 3465 4559 τὴν
3512 4485 3754 4558 θεωρίαν.

2181 4586 2272 4642 Διὸ
2290 4583 2399 4655 χρὴ
2417 4582 2508 4635 τὸν
2530 4578 2845 4642 ἀπταίστως
2861 4577 2957 4650 τὴν
2974 4578 3128 4632 θείαν
3144 4581 3245 4650 τῆς
3266 4579 3496 4652 Γραφῆς
3518 4575 3760 4645 ὲξασκού·

2185 4693 2347 4750 μενον
2381 4674 2610 4743 εἴδησιν,
2641 4672 2762 4735 ταῖς
2781 4671 3065 4741 διαφοραῖς
3092 4669 3204 4723 τῶν
3227 4670 3533 4742 γινομένων
3559 4668 3591 4740 ἦ
3614 4667 3757 4736 λεγο-

2184 4769 2387 4841 μένων,
2443 4764 2717 4835 διαφόρως
2759 4762 3075 4832 ἐκδέχεσθαι
3128 4761 3240 4815 τῶν
3290 4759 3757 4833 ἀπηριθμημένων

2185 4862 2440 4921 ἕκαστον,
2474 4857 2571 4911 καὶ
2595 4854 2693 4927 τὴν
2724 4854 3071 4926 ἁρμόζουσαν
3111 4852 3260 4923 αὐτῷ
3290 4853 3434 4907 κατά
3463 4853 3557 4907 τὸν
3580 4851 3755 4914 τόπον,

2188 4953 2222 5025 ἢ
2260 4952 2352 5007 τὸν
2382 4951 2573 5029 χρόνον
2599 4948 2829 5013 δεόντως
2869 4946 3101 5017 θεωρίαν
3131 4946 3486 5019 προσνέμειν.

2445 4118 2612 4175 Οὐδὲν
2672 4118 2781 4173 τῶν
2864 4119 3378 4194 ἀναγεγραμμένων
3451 4123 3521 4193 τῇ
3579 4120 3759 4194 Γραφῇ

2248 5199 2349 5270 ογ⁰.
2388 5199 2671 5255 Διδάσκειν
2702 5198 2810 5272 χρὴ
2842 5198 3049 5262 πάντας
3093 5196 3220 5262 τοὺς
3246 5196 3304 5249 ὲν
3346 5195 3512 5249 παντί¹
3553 5191 3635 5264 τῷ
3677 5190 3760 5246 κό-

2179 5306 2324 5361 σμῳ,
2356 5288 2502 5363 λόγῳ
2527 5288 2628 5361 ζῇν
2657 5290 2806 5362 μόνῳ
2841 5290 2934 5344 καὶ
2960 5287 3360 5349 πολιτεύεσθαι,
3387 5285 3484 5339 καὶ
3508 5280 3755 5337 τοσοῦτον

2174 5381 2319 5451 ἔχειν
2371 5383 2499 5454 περὶ
2539 5382 2651 5436 τῶν
2695 5382 2966 5453 σωμάτων
3021 5381 3121 5453 τὴν
3181 5380 3474 5451 μέριμναν,
3502 5378 3628 5431 ὅσον
3671 5371 3756 5427 διά

2171 5472 2376 5553 πολλῆς
2407 5474 2686 5546 φροντίδος
2730 5474 2828 5549 τὴν
2873 5475 3012 5549 πρὸς
3057 5471 3197 5529 αύτά
3253 5470 3435 5544 σχέσιν
3459 5469 3563 5543 τῆς
3579 5461 3752 5540 ψυχῆς
