4060 6410
312 273 441 341 1337

977 273 1312 333 CAPITUM
1352 272 1780 344 QUiNQUlES
1821 228 2353 331 CENTENOHUNi
2393 272 2780 332 CENTURIA
2825 274 2915 333 1V.

3446 271 3582 339 1338

304 382 570 451 διακόψαι,
609 382 703 434 καὶ
748 382 1019 453 μηδεμίαν
1063 383 1261 437 διδόναι
1312 384 1593 436 τοσύνο).ον
1641 383 1772 453 ῦλης
1816 384 1884 453 τῇ

2011 384 2277 438 'iiviorcm
2312 385 2364 437 in
2395 400 2458 437 ea
2490 386 2656 439 animi
2686 385 2944 439 aﬂ’cetum
2974 402 3039 440 ac
3066 385 3353 441 libidinem
3383 403 3576 456 ampu-

304 478 446 548 ψυχῇ
475 474 777 542 φαντασίαν
812 490 824 505 ·
863 473 1184 545 σϐεσθείσης
1211 475 1312 545 ἤδη
1344 475 1421 545 τῷ
1457 475 1601 545 λόγῳ
1631 475 1732 543 τῆς
1760 472 1883 527 κατ’

306 570 496 640 ἀρχὰς,
527 568 618 621 τὸν
655 567 751 636 μὲν
783 566 942 634 λόγον
976 566 1401 638 παρωσαμένης,
1433 567 1532 638 τὴν
1575 568 1801 635 ἀλογίαν
1827 567 1883 620 δὲ

306 664 400 729 τῆς
431 660 623 729 ἡδονῆς
653 658 828 725 ὄφεως
859 657 1015 729 δίκην
1050 658 1381 729 έρπυστικοῦ
1413 659 1883 729 προσδεξαμένης,

305 752 625 822 αἰσθήσεως,
668 750 790 803 καθ’
827 744 895 821 ἦς
929 750 1141 821 ὡρίσθη
1176 751 1404 815 δικαίως
1441 753 1469 804 ό
1510 751 1763 816 θάνατος,
1798 751 1887 804 ἵνα

307 844 584 910 παύσηται
611 842 688 912 τῷ
725 841 961 913 διαϐόλῳ
996 843 1132 914 πρὸς
1171 843 1270 913 τὴν
1310 842 1489 915 ψυχὴν
1532 842 1885 915 παρεχομένη

306 935 405 1006 τὴν
434 935 660 987 εἴσοδον.

375 1116 463 1168 οδ’.
497 1116 611 1169 Μία
668 1092 992 1187 ὑπάρίίουσα
1042 1116 1185 1170 κατὰ
1244 1118 1308 1170 τὸ
1350 1116 1506 1185 γένος
1535 1118 1569 1186 ἡ
1609 1116 1886 1186 αἴσθησις,

305 1208 710 1262 πενταπλοῦται
743 1212 855 1272 τοῖς
886 1208 1075 1272 είδεσι,
1105 1209 1195 1263 διὰ
1232 1210 1331 1278 τῆς
1370 1209 1493 1261 καθ’
1522 1208 1753 1261 ἕκαστον
1813 1203 1891 1259 εῖ-

306 1302 391 1363 δο,
423 1300 817 1372 ἀντιληπτικῆς
871 1302 1174 1373 ἐνεργείας,
1235 1302 1296 1355 τὸ
1346 1301 1631 1373 προσφυὲς
1695 1299 1888 1371 αἰσθη·

306 1394 417 1453 τδιν,
450 1394 571 1447 ἀντὶ
604 1393 740 1446 Θεοῦ
774 1393 1023 1465 στέργειν
1044 1394 1142 1465 τὴν
1173 1394 1534 1464 πλανωμένην
1560 1393 1738 1463 ψυχὴν
1761 1393 1892 1446 ἁνα-

308 1485 591 1539 πείθουσα.
635 1485 838 1559 Διόπερ
896 1488 924 1539 ό
963 1486 1040 1556 τῷ
1088 1486 1231 1555 λόγῳ
1265 1485 1445 1555 σοφῶς
1467 1485 1750 1553 ἑπόμενος,
1786 1482 1893 1552 πρὸ

315 1576 407 1629 τοῦ
443 1576 805 1646 βεϐιασμένου
831 1577 925 1629 καὶ
954 1594 1025 1628 πα
1039 1576 1105 1646 ρὰ
1135 1576 1363 1645 γνώμην
1399 1574 1653 1636 Θανάτου,
1679 1573 1769 1626 τὸν
1796 1574 1892 1626 θά-

308 1686 467 1722 νλτον
492 1668 591 1738 τῆς
627 1668 829 1739 σαρκὸς
855 1667 1119 1730 ἑκουσίως
1143 1666 1610 1736 καταψηφίζεται,
1638 1666 1729 1720 τὸν
1757 1665 1892 1736 πρὸς

1996 483 2131 539 tent,
2151 475 2466 545 nullamque
2489 476 2539 530 ei
2564 493 2789 547 prorsus
2813 491 3161 535 terrenorum
3186 479 3578 548 cogitationem

1993 566 2349 637 indulgeant;
2401 568 2673 623 exstincto
2717 571 2829 640 jam
2881 588 2979 641 per
3026 572 3299 627 rationem
3348 571 3580 640 ejusque

1995 659 2269 727 polentia,
2302 659 2395 729 qui
2432 659 2593 716 initio
2627 662 2878 717 submota
2915 664 3158 728 ratione,
3186 662 3486 732 voluptatis
3521 678 3584 715 ac

1994 747 2243 803 libidinis
2275 748 2496 804 brutam
2530 750 2877 807 affectionem
2916 754 3189 823 serpentis
3220 770 3377 809 more
3410 756 3582 824 repti-

1994 838 2083 903 lis,
2114 853 2310 893 sensus
2345 850 2689 911 susceperat;
2732 843 3000 898 adversus
3036 860 3201 913 quem
3242 845 3437 899 merito
3476 846 3584 899 lata

1995 931 2194 984 mortis
2234 934 2530 1000 sententia,
2567 948 2679 1004 quo
2719 934 2812 990 ille
2849 934 3071 990 diabolo
3095 935 3151 989 in
3192 936 3438 989 animum
3480 935 3586 990 iter

1996 1022 2239 1091 pandere
2265 1023 2503 1079 desinat.

2069 1112 2153 1166 74.
2200 1112 2338 1167 Cum
2386 1129 2583 1170 sensus
2627 1116 2827 1171 unicus
2877 1117 2948 1172 sit
2991 1133 3223 1187 genere,
3260 1117 3586 1187 quintuplcx

1996 1212 2080 1257 est
2103 1205 2309 1273 specie,
2334 1221 2437 1275 pro
2462 1209 2730 1278 cujusque
2757 1208 2959 1278 speciei
2992 1211 3368 1280 perceptione,
3393 1210 3589 1265 anima:

1998 1295 2240 1351 seductas
2272 1306 2466 1351 auctor
2492 1300 2786 1366 exsistcns,
2820 1309 2879 1355 ut
2912 1301 3011 1356 Dei
3045 1302 3169 1356 loco
3200 1302 3588 1371 amplectatur,

1999 1389 2146 1458 quod
2178 1388 2336 1443 aliine
2364 1394 2798 1448 ae’conveniens
2821 1393 3104 1463 obiectum
3130 1409 3354 1450 sensum
3383 1402 3586 1448 movet.

1998 1480 2209 1535 Idcirco
2253 1481 2345 1550 qui
2396 1482 2696 1552 prudenter
2740 1485 3010 1539 rationem
3063 1485 3261 1540 ducem
3315 1487 3589 1555 sequitur,

2000 1573 2440 1640 ante,violentam
2472 1583 2736 1645 extraque
2756 1576 2925 1630 animi
2949 1578 3305 1644 sententiam,
3332 1587 3590 1643 mortem,

2001 1675 2196 1735 sponte
2227 1682 2448 1721 carnem
2477 1669 2641 1723 morti
2671 1669 2901 1735 addicit,
2928 1671 3175 1725 animum
3206 1687 3237 1727 a
3268 1686 3436 1726 sensu
3464 1687 3591 1741 per—

308 1759 564 1829 αἴσθησιν
612 1761 711 1831 τῆς
775 1760 999 1830 γνώμης
1056 1759 1292 1829 παντελῆ
1343 1758 1666 1829 ποιούμενος
1726 1775 1893 1830 χωριι-

2011 1756 2140 1808 'ecto
2166 1755 2401 1810 divortio
2425 1772 2705 1826 separatis.

310 1852 467 1921 σμόν.

378 1948 471 1997 os’.
493 1940 747 1994 Λαϐοῦσα
778 1942 869 1994 τὸν
898 1940 1023 1994 νοῦν
1059 1944 1090 2011 ἠ
1120 1942 1383 2012 αἴσθησις
1417 1941 1734 2011 ὑποχείριον
1763 1979 1777 2000 ,
1810 1941 1893 1992 δι-

307 2033 496 2087 δὲσκει
528 2033 812 2095 πολύοεον,
845 2033 913 2087 δι’
937 2034 1178 2104 ἑκάστης
1217 2033 1529 2102 αἰσθήσεως
1564 2034 1631 2102 τῇ
1669 2031 1800 2102 περὶ
1829 2032 1895 2085 τὰ

308 2123 458 2192 πάθη
510 2123 728 2195 δουλείᾳ
769 2125 847 2187 ὡς
876 2123 1021 2177 θεῖον
1054 2124 1114 2177 τὺ
1138 2124 1415 2195 προσφυὲς
1445 2121 1701 2193 αἰσθητὸν
1730 2121 1895 2194 θεραο

308 2214 573 2268 πεύουσα.

376 2310 485 2367 ος·’.
523 2307 541 2325 ⁵
591 2303 653 2356 Ὀ
689 2303 835 2373 μόνῳ
874 2302 952 2373 τῷ
986 2303 1279 2374 γράμματι
1319 2303 1421 2373 τῆς
1455 2303 1681 2374 Γραφῆς
1716 2319 1897 2372 παρα-

308 2396 645 2464 καθήμενος,
684 2395 853 2465 μόνην
898 2395 1011 2465 ἔχει
1044 2395 1141 2465 τὴν
1178 2395 1433 2466 αἴσθησιν
1463 2394 1773 2465 κρατοῦσαν
1796 2395 1896 2462 τῆς

310 2485 552 2553 φύσεως,
585 2485 710 2539 καθ’
744 2486 811 2557 ἣν
846 2488 879 2556 ἠ
911 2486 1053 2556 πρὸς
1080 2486 1181 2555 τὴν
1207 2486 1386 2553 σάρκα
1413 2485 1511 2555 τῆς
1555 2484 1734 2554 ψυχῆς
1776 2483 1899 2552 σχέ-

312 2595 398 2640 σις
431 2578 565 2649 μόνη
592 2577 977 2647 διαφαίνεσθαι
1007 2576 1243 2646 πέφυκε.
1276 2576 1350 2629 Τὸ
1392 2576 1500 2646 γὰρ
1553 2577 1787 2646 γράμμα
1823 2575 1898 2646 μὴ

310 2667 604 2735 νοούμενον
661 2667 1076 2736 πνευματικῶς,
1109 2666 1284 2736 μόνην
1343 2665 1455 2735 ἔχει
1499 2663 1599 2734 τὴν
1644 2663 1898 2734 αἴσθησιν

312 2756 766 2827 περιγράφουσαν
803 2755 971 2809 αὐτοῦ
997 2755 1096 2827 τὴν
1122 2754 1456 2823 ὲκφώνησιν,
1511 2753 1607 2805 καὶ
1654 2752 1729 2823 μὴ
1770 2769 1899 2821 συγ-

314 2848 608 2921 χωροῦσαν
636 2848 773 2919 πρὸς
793 2849 884 2901 τὸν
907 2848 1033 2902 νοῦν
1063 2847 1319 2918 διαϐῆναι
1349 2846 1456 2899 τῶν
1490 2845 1898 2915 γεγραμμένων

317 2941 420 3010 τὴν
453 2938 705 3008 δύναμιν.
734 2939 798 2991 Et
828 2938 886 2991 δὲ
915 2938 1055 3009 πρὸς
1092 2938 1258 3009 μόνην
1295 2937 1393 3005 τὴν
1427 2935 1681 3007 αἴσθησιν
1706 2936 1817 3006 ἔχει
1841 2935 1900 2988 τὸ

313 3033 553 3103 γράμμα
578 3031 676 3102 τὴν
700 3031 1033 3101 οἰκειότητα,
1065 3031 1175 3092 πᾶς
1208 3032 1237 3083 ό
1259 3029 1384 3083 καθ’
1427 3028 1674 3099 ἱστορίαν
1728 3027 1898 3099 μόνην

2074 1933 2160 1986 75.
2186 1932 2421 1987 Addicto
2447 1949 2645 1989 sensus
2674 1934 2859 1988 animo
2887 1934 3106 2004 sibique
3136 1936 3448 2007 subjugato,
3472 1936 3599 2005 plu-

2003 2023 2148 2077 rium
2189 2038 2315 2077 eum
2359 2023 2589 2078 deorum
2632 2025 2973 2094 impietatem
3013 2026 3192 2091 docet,
3226 2026 3358 2080 dum
3401 2042 3598 2081 sensus

2002 2115 2271 2184 cujusque
2301 2130 2467 2184 opera
2500 2116 2792 2170 serviendo
2819 2117 3129 2185 affectibus,
3157 2117 3305 2187 quod
3336 2127 3595 2187 agnatum

2002 2205 2204 2260 sensile
2231 2215 2317 2261 cst
2339 2208 2495 2261 velut
2519 2207 2634 2262 fere
2660 2209 2877 2264 Numen
2903 2209 3054 2264 colit.

2077 2298 2163 2353 76.
2191 2298 2295 2364 Qui
2328 2299 2384 2352 in
2414 2299 2530 2352 sola
2563 2300 2864 2370 Scriptura:
2892 2302 3075 2355 littera
3105 2300 3451 2368 immoratur,
3474 2316 3599 2357 scn-

2004 2408 2127 2447 sum
2162 2392 2429 2446 duntaxat
2460 2401 2670 2447 natura:
2701 2393 3079 2448 dominantem
3114 2393 3303 2460 habet,
3335 2410 3447 2464 quo
3483 2394 3602 2451 sola

2003 2482 2174 2538 animi
2204 2483 2273 2537 ad
2299 2498 2523 2538 carnem
2548 2482 2771 2539 aﬂ‘ectio
2801 2494 2967 2554 atque
2991 2486 3167 2540 libido
3192 2486 3413 2540 elucere
3436 2487 3602 2541 solet-

2004 2574 2214 2629 Littera
2261 2575 2410 2629 enim
2435 2616 2449 2641 ,
2486 2574 2593 2629 nisi
2644 2576 2975 2645 spiritaliter
3018 2577 3387 2648 intelligatur,
3423 2578 3601 2632 solum

2005 2682 2261 2733 sensum,
2296 2667 2447 2723 illius
2488 2667 3037 2724 circumscribentem
3076 2669 3469 2738 prolationem,
3499 2669 3601 2722 ba-

2004 2757 2118 2825 bet,
2147 2774 2251 2813 nec
2284 2758 2560 2813 sinentem
2595 2774 2787 2815 eorum
2820 2775 2943 2829 quae
2974 2760 3180 2828 scripta
3214 2768 3361 2826 sunt,
3389 2759 3502 2813 vim
3532 2759 3602 2813 ad

2006 2849 2252 2907 animum
2292 2851 2548 2905 transire.
2582 2850 2871 2920 Siquidem
2906 2850 3073 2921 igitur
3103 2850 3287 2904 littera
3323 2866 3451 2904 cum
3486 2850 3604 2904 solo

2007 2959 2174 2999 sensu
2200 2944 2673 2998 necessitudinem
2704 2944 2892 3011 habet,
2915 2943 3171 3013 quisquis
3198 2959 3265 2997 ex
3288 2943 3403 2997 sola
3430 2942 3608 2997 histo-

2009 3036 2107 3089 ria:
2141 3034 2358 3089 ratione
2390 3033 2619 3089 Judaice
2655 3034 2898 3089 litteram
2932 3033 3165 3104 accipit,
3197 3049 3266 3087 ex
3301 3032 3483 3088 carnis
3516 3049 3606 3087 ra-

326 3116 645 3185 Ἰουδαϊκῶς
665 3122 727 3174 τὸ
769 3123 1010 3193 γράμμα
1046 3121 1355 3192 δεχόμενος,
1392 3120 1535 3174 κατὰ
1583 3119 1764 3189 σάρκα
1811 3119 1901 3189 ζῇ,

2011 3126 2162 3180 tione
2195 3125 2363 3193 vivit,
2392 3126 2488 3196 qui
2521 3126 2735 3196 peccati
2772 3125 3022 3196 quotidie
3055 3103 3265 3192 morte,
3295 3126 3516 3179 vivente
3552 3124 3608 3180 in

316 3218 416 3283 τῆς
465 3214 740 3285 ἁμαρτίας
789 3214 913 3267 καθ’
944 3213 1184 3285 ἑκάστην
1230 3213 1445 3284 ἡμέραν
1478 3212 1566 3266 διὰ
1597 3212 1696 3284 τὴν
1726 3210 1905 3275 ζῶσαν

316 3308 576 3377 αἴσθησιν
623 3292 919 3376 γνωμικῶς
962 3304 1327 3377 ἀποθνήσκων
1366 3304 1459 3358 τὸν
1514 3304 1770 3371 θάνατον,
1830 3304 1907 3375 μὴ

317 3399 621 3468 δυνάμενος
648 3395 918 3467 πνεύματι
945 3398 1046 3458 τὰς
1084 3395 1312 3467 πράξεις
1337 3395 1650 3449 θανατῶσαι
1679 3394 1775 3448 τοῦ
1800 3394 1907 3448 σώ-

325 3507 520 3560 ματος,
564 3489 653 3541 ἵνα
702 3487 767 3559 ζῇ
805 3489 903 3556 τὴν
954 3489 1011 3538 ἐν
1059 3487 1331 3557 πνεύματι
1396 3487 1678 3557 μακαρίαν
1738 3486 1905 3555 ζωήν.

324 3585 390 3635 El
424 3582 537 3650 γὰρ
571 3581 723 3633 κατὰ
766 3578 967 3647 σάρκα
995 3575 1148 3645 ζῆτε,
1173 3578 1432 3646 μέλλετε
1468 3577 1906 3644 ἀποθνήσκειν,

320 3674 493 3744 φησὶν
544 3673 572 3724 ό
626 3673 770 3735 θεῖος
822 3670 1182 3733 Ἀπόστολος’
1224 3672 1277 3723 εὶ
1326 3670 1396 3723 δὲ
1449 3671 1742 3739 πνεύματι
1801 3668 1911 3736 ⁸τὰς

321 3766 573 3834 πράξεις
601 3765 707 3818 τοῦ
734 3763 1011 3833 σώματος
1044 3762 1372 3817 θανατοῦτε
1401 3803 1416 3826 ,
1447 3761 1722 3829 ζήσεσθε.

395 3857 496 3921 οζν.
530 3856 620 3926 Μὴ
649 3855 826 3909 τοίνυν
852 3855 943 3908 τὸν
966 3856 1110 3909 θεῖον
1156 3854 1371 3925 λύχνον,
1396 3855 1564 3925 ἤγουν
1617 3854 1709 3909 τὸν
1744 3872 1912 3924 φωτιο

323 3950 516 4004 στικὸν
566 3948 668 4017 τῆς
720 3946 976 4016 γνώσεως
1004 3947 1161 4015 λόγον
1189 3948 1528 4011 ἀνάπτοντες
1552 3948 1642 4002 διὰ
1675 3948 1911 4019 θεωρίας

324 4043 422 4097 καὶ
457 4040 730 4109 πράξεως,
754 4039 860 4092 ὑπὸ
890 4039 980 4091 τὸν
1013 4039 1195 4108 μόδιον
1216 4039 1495 4109 θήσωμεν,
1527 4039 1615 4091 ἵνα
1642 4039 1717 4111 μὴ
1745 4056 1914 4092 κατα-

324 4133 611 4206 κριθῶμεν
646 4132 721 4195 ὡς
755 4132 1190 4202 περιγράφοντες
1241 4130 1320 4200 τῷ
1354 4132 1647 4201 γράμματι
1680 4130 1780 4202 τὴν
1812 4129 1916 4198 τῆς

328 4225 526 4295 σοφίας
560 4221 936 4292 ἀπερίληπτον
958 4220 1187 4291 δύναμιν
1214 4237 1230 4253 ⁶
1255 4222 1372 4275 ἀλλ’
1408 4222 1501 4274 ἐπὶ
1529 4222 1629 4292 τὴν
1652 4221 1876 4291 λυχνίαν
1898 4261 1915 4282 ,

324 4318 473 4387 λέγω
492 4315 589 4388 τὴν
613 4316 773 4385 ἁγίαν
805 4314 1158 4384 Ἐκκλησίαν,
1191 4315 1250 4367 ὲν
1279 4313 1358 4385 τῷ
1383 4313 1510 4384 ὕψει
1543 4314 1646 4383 τῆς
1677 4311 1915 4384 ἀληθοῦς

2008 3234 2077 3273 eo
2102 3227 2265 3288 atque
2285 3217 2507 3289 vigente
2537 3233 2726 3285 sensu,
2752 3219 2940 3273 animo
2964 3219 3260 3283 moriatur;
3288 3234 3398 3273 non
3422 3217 3612 3274 valens

2008 3312 2222 3367 scilicet
2244 3322 2403 3367 actus
2427 3311 2678 3381 corporis
2702 3311 2902 3381 spiritu
2928 3310 3287 3377 mortiﬁcarc,
3312 3318 3373 3364 ut
3392 3311 3609 3365 beatam

2008 3400 2067 3454 in
2092 3400 2291 3470 spiritu
2315 3401 2486 3455 vitam
2510 3401 2659 3455 vivat
2691 3420 2702 3453 :
2734 3399 2791 3455 Si
2822 3402 2961 3455 enim
2984 3400 3273 3455 secundum
3298 3400 3465 3472 604
3491 3416 3611 3454 car-

2007 3507 2128 3545 nem
2158 3492 2414 3556 vixeritis,
2443 3491 2624 3560 inquit
2654 3491 2877 3545 divinus
2905 3491 3223 3561 Apostolus,
3253 3492 3556 3546 moriemini
3588 3506 3609 3547 :

2005 3578 2051 3631 si
2087 3587 2265 3633 autem
2295 3580 2487 3648 spiritu
2522 3586 2670 3633 actus
2703 3582 2939 3651 corporis
2972 3580 3444 3649 mortiﬁcaven‘tis,
3468 3583 3609 3636 vive—

2009 3671 2075 3724 tis
2102 3667 2170 3724 ³³.

2082 3846 2171 3899 77.
2192 3842 2275 3900 Ne
2302 3843 2469 3915 igitur
2493 3842 2736 3897 divinam
2767 3842 3053 3898 lucernam
3081 3841 3472 3914 (illustrantcm
3503 3839 3609 3896 sci-

2009 3936 2140 3991 licet
2166 3935 2415 3990 scientiae
2444 3933 2779 4003 sermonem)
2808 3934 3295 4007 contemplationis
3320 3932 3607 4003 diligentia

2012 4043 2076 4083 ac
2114 4028 2353 4083 actionis
2389 4026 2782 4094 accendentes,
2822 4028 2924 4082 sub
2966 4027 3154 4081 modio
3192 4042 3485 4096 ponamus,
3516 4040 3607 4093 ne,

2011 4118 2165 4172 velut
2215 4118 2310 4190 qui
2358 4117 2643 4187 sapientia:
2686 4116 2800 4172 vim
2852 4116 3609 4193 incomprehensamiittcra

2013 4211 2575 4278 circumscribamus,
2609 4209 2983 4265 damnationis
3017 4212 3101 4265 rei
3133 4210 3473 4278 habeamur;
3512 4210 3608 4265 sed

2015 4322 2187 4377 super
2226 4303 2648 4370 candelabrum,
2685 4312 2931 4359 sanctam
2975 4303 3238 4361 nimirum
3285 4303 3610 4369 Ecclesiam,

327 4410 588 4482 θεωρίας,
616 4409 751 4461 πᾶσι
792 4406 855 4460 τὸ
885 4407 1001 4476 φῶς
1028 4408 1137 4462 τῶν
1167 4406 1330 4461 θείων
1360 4406 1647 4477 δογμάτων
1671 4401 1903 4476 πυρσεύ-

2020 4398 2079 4453 in
2116 4397 2266 4452 celso
2300 4411 2447 4451 vera:
2487 4396 2981 4466 contemplationis
3014 4396 3263 4468 fastigio,
3297 4396 3613 4451 divinorum

2246 4488 2584 4508 ,_-__._“___-
3280 4489 3431 4508 .___-
3470 4503 3577 4508 μμ

327 4502 516 4560 ουσαν.

399 4680 505 4753 οη’.
544 4681 603 4736 Ὀ
653 4681 755 4744 τὰς
796 4676 1108 4752 προσϐολὰς
1135 4675 1246 4730 τῶν
1284 4677 1559 4732 ἀκουσίων
1594 4678 1923 4749 πειρασμῶν

329 4774 472 4828 κατὰ
492 4773 581 4826 τὸν
608 4772 878 4843 μακάριον
908 4768 1029 4823 Ἰὼϐ
1058 4767 1300 4830 καὶτοὺς
1326 4769 1613 4836 γενναίους
1635 4769 1923 4841 μάρτυρας

330 4862 714 4930 ἀκατασείστῳ
768 4861 952 4931 φέρων
1011 4859 1090 4929 τῷ
1133 4863 1490 4933 φρονήματι,
1538 4860 1730 4931 λύχνος
1774 4861 1922 4915 ἐστὶν

336 4953 580 5023 ἰσχυρὸς,
621 4952 1033 5005 ὰκατόισϐεστον
1055 4951 1151 5004 καὶ
1180 4949 1343 5014 αὐτὸς
1389 4950 1675 5019 φυλάττων
1704 4950 1765 5002 τὸ
1801 4949 1920 5019 φῶς

332 5046 437 5113 τῆς
470 5045 763 5116 σωτηρίας,
799 5046 856 5097 ὲν
886 5044 965 5114 τῷ
993 5044 1179 5113 τρόπῳ
1222 5045 1319 5115 τῆς
1350 5042 1499 5095 κατὰ
1544 5043 1646 5112 τὴν
1696 5042 1923 5113 ἀνδρίαν

336 5137 621 5207 ὑπομονῆς
674 5136 1099 5206 φυλαττόμενον,
1122 5135 1197 5199 ὡς
1242 5134 1335 5190 τὸν
1365 5135 1571 5208 Κύριον
1602 5136 1757 5205 ἰσχὺν
1782 5134 1921 5204 ἔχων

337 5231 435 5284 καὶ
470 5229 724 5301 ὖμνησιν.
761 5229 818 5282 '0
849 5229 904 5283 δὲ
938 5228 1225 5297 γινώσκων
1250 5226 1346 5280 τοῦ
1378 5224 1619 5297 πονηροῦ
1644 5227 1713 5280 τὰ
1742 5224 1920 5296 μηχαφ

334 5320 580 5392 νήματα,
607 5319 701 5373 καὶ
744 5318 842 5387 τὰς
899 5318 1220 5391 συμπλοκὰς
1266 5316 1375 5370 τῶν
1418 5316 1640 5387 ἀφανῶν
1663 5316 1916 5386 πολέμων

337 5411 442 5465 οὐκ
470 5410 701 5481 ἀγνοῶν,
726 5410 822 5464 καὶ
844 5405 999 5476 οὗτος
1024 5409 1102 5482 τῷ
1147 5410 1290 5478 φωτὶ
1334 5411 1435 5481 τῆς
1464 5409 1723 5478 γνώσεως
1759 5425 1915 5481 περι-

2021 4490 2206 4545 lucem
2237 4488 2591 4545 decretorum
2626 4489 2802 4545 instar
2832 4488 2992 4544 factis
3027 4489 3246 4545 cunctis
3276 4489 3437 4559 longe
3470 4503 3612 4557 prae.-

2014 4581 2290 4637 ferentem
2312 4578 2380 4634 “.

2088 4673 2176 4728 78.
2210 4670 2315 4739 Qui
2359 4669 2857 4731 involuntariarum
2907 4668 3277 4725 tentationum
3322 4666 3608 4731 incursus,

2016 4763 2165 4818 haud
2218 4777 2381 4817 secus
2432 4776 2497 4817 ac
2550 4759 2909 4815 beatissimus
2952 4757 3058 4813 Job
3113 4772 3177 4812 ac
3237 4755 3613 4811 strenuissimi

2017 4862 2319 4925 martyres,
2352 4852 2683 4907 inconcusso
2717 4849 2929 4921 perfert
2960 4848 3175 4913 animo,
3204 4847 3435 4901 lucerna
3469 4861 3613 4915 prae-

2019 4956 2219 5017 potens
2246 4952 2352 5010 est,
2376 4942 2473 5015 qui
2497 4954 2555 4999 et
2582 4943 2698 5013 ipse
2730 4941 3125 4997 inexstinctum
3151 4947 3445 4994 conservet
3469 4937 3616 4993 salu-

2020 5040 2091 5095 tis
2121 5039 2343 5102 lumen,
2378 5034 2525 5105 quod
2561 5034 2620 5089 in
2649 5034 2829 5089 virilis
2864 5032 3148 5103 patientiae
3185 5030 3349 5084 modo
3384 5044 3613 5084 conser-

2019 5144 2213 5198 vatur;
2242 5132 2398 5187 velut
2427 5128 2642 5184 scilicet
2672 5126 2971 5182 Dominum
3008 5124 3181 5179 robur
3215 5131 3413 5177 nactus
3446 5128 3613 5189 atque

2020 5226 2295 5282 canticum
2318 5224 2384 5277 ³⁵.
2410 5223 2514 5291 Qui
2545 5230 2731 5277 autem
2756 5220 3084 5290 nequissimi
3115 5226 3265 5274 artes
3293 5225 3613 5287 perspectas

2025 5317 2221 5383 habet,
2254 5332 2358 5372 nec
2392 5314 2755 5370 invisibilinm
2788 5313 3106 5383 praeliorum
3141 5325 3474 5382 congressus
3509 5324 3609 5367 ne-

2023 5410 2157 5475 scit;
2193 5409 2284 5463 hic
2309 5422 2529 5479 quoque
2557 5406 2803 5462 scientia:
2827 5405 2950 5459 luce
2980 5404 3355 5468 eollustratus,
3381 5400 3609 5455 lucerna

417 5549 463 5584 ⁸³
490 5550 650 5607 Rom.
678 5568 791 5615 vm,
823 5553 909 5607 15.
987 5550 1031 5584 ³⁵
1056 5552 1247 5608 Matth.
1277 5570 1332 5621 v,
1361 5553 1445 5608 l5.
1523 5552 1568 5585 ³⁸
1595 5550 1641 5606 ll
1666 5550 1800 5621 Reg.
1828 5565 1903 5604 xx:

2011 5549 2047 5615 Ξ,
2082 5550 2149 5616 5;
2191 5548 2397 5605 Jercm.
2432 5563 2540 5613 xw,
2580 5545 2681 5612 £9;
2716 5543 2857 5601 Psal.
2891 5558 3012 5609 ιιι,
3039 5542 3091 5608 6,
3126 5542 3177 5595 7.

420 5666 439 5757 ξ
471 5664 719 5723 Thalass.
749 5680 803 5739 q.
833 5664 919 5719 63.
