4060 6448
470 534 649 606 quens
673 553 688 592 :
716 537 833 593 Non
862 542 1003 595 enim
1032 543 1344 613 ignoramus
1372 551 1713 621 cogitationes
1744 559 1859 630 ejus
1882 562 1946 616 ³³.

542 712 632 767 79.
679 712 776 769 His
825 716 1051 785 quidem
1104 719 1200 788 qui
1254 720 1405 792 digni
1466 726 1729 783 virtutum
1784 734 2056 789 munditia

471 810 632 865 sunt,
666 802 932 872 Spiritus,
960 816 1186 863 sanctus
1217 825 1317 879 per
1351 813 1409 867 tit
1432 831 1602 870 mrem
1630 826 1684 873 et
1711 820 1972 890 pietatem
2001 836 2057 883 et

472 891 780 959 scientiam,
829 897 1281 954 emundationem
1326 905 1552 972 praebet.
1589 907 1686 965 His
1729 920 1915 968 autem
1961 918 2055 987 qui

470 981 622 1054 digni
651 984 773 1040 luce
802 997 953 1055 sunt,
979 993 1387 1052 noscendarum
1415 998 1843 1061 illustrationem
1869 1024 2054 1065 rerum

470 1075 775 1132 secundum
809 1092 902 1133 eas
933 1080 1137 1148 quibus
1168 1085 1441 1143 exsistunt
1473 1092 1732 1160 rationes,
1765 1112 1864 1167 per
1896 1100 2056 1157 forti-

473 1166 721 1224 tudinem
762 1179 820 1226 et
857 1173 1150 1231 consilium
1196 1189 1253 1233 et
1292 1180 1708 1253 intelligentiam
1758 1166 1945 1248 donat.
1987 1195 2058 1252 lis

469 1255 711 1327 denique
749 1260 844 1329 qui
882 1262 1035 1333 digni
1073 1274 1202 1320 sunt
1239 1268 1610 1339 deiﬁcatione,
1647 1292 1746 1346 per
1779 1280 2057 1340 lucidissi-

469 1362 614 1401 mam
642 1348 1060 1422 simpliCemque
1083 1372 1146 1411 ac
1174 1361 1394 1415 totalem
1421 1364 1743 1434 sapientiam
1768 1373 2060 1440 perfectio-

469 1453 595 1492 nem
638 1440 889 1511 largitur,
919 1445 988 1499 ad
1033 1462 1221 1503 rerum
1264 1466 1362 1508 eos
1395 1453 1695 1514 Auctorem
1741 1462 2058 1523 immediate

468 1529 620 1584 omni
658 1533 844 1601 modo,
878 1538 1061 1605 quoad
1101 1540 1312 1597 homini
1354 1559 1678 1605 concessum
1716 1564 1820 1619 est,
1852 1557 2056 1612 subve-

469 1620 637 1689 hens;
672 1625 767 1693 qui
804 1640 873 1681 ex
910 1629 1043 1683 solis
1083 1631 1288 1689 divinis
1326 1635 1591 1696 bonitatis
1625 1646 2058 1714 proprietatibus

467 1724 769 1769 noscantur
795 1733 808 1770 :
840 1734 948 1788 qua
977 1721 1242 1778 nimirum
1271 1740 1332 1781 se
1357 1742 1425 1782 ex
1452 1729 1566 1785 Deo
1591 1748 1770 1804 exque
1796 1752 1857 1793 se
1878 1738 2052 1795 Deum

467 1803 575 1874 ipsi
607 1819 1025 1877 cognoscentes,
1054 1814 1208 1870 nullo
1255 1816 1534 1876 dividente
1568 1803 1753 1880 medio
1790 1842 1856 1883 ac
1886 1829 2057 1886 inter-
2090 1823 2129 1877 Β
2159 1839 2314 1904 ὄντος

466 1896 723 1952 eludente
763 1898 997 1970 (nullum
1033 1905 1184 1959 enim
1228 1910 1557 1979 sapientiam
1594 1915 1738 1972 inter
1777 1935 1843 1976 ac
1878 1922 2052 1981 Deum

467 1987 761 2061 medium),
787 1992 958 2049 nullis
976 1996 1269 2054 obnoxiam
1298 2002 1657 2063 varietatibus
1689 2009 2053 2071 immutabili-

465 2086 634 2134 tatem
663 2081 971 2153 habebunt;
1005 2090 1221 2146 eunetis
1249 2094 1465 2152 scilicet
1489 2099 1689 2156 mediis
1719 2118 1787 2157 ex
1820 2114 1936 2162 toto
1970 2108 2051 2164 eis

463 2172 774 2240 superatis,
813 2175 869 2230 in
905 2178 1110 2247 quibus
1149 2188 1211 2234 ut
1249 2182 1303 2237 in
1341 2185 1592 2255 scientia,
1620 2207 1690 2247 ne
1717 2196 2053 2268 quandoque

463 2276 624 2317 error
658 2264 971 2335 obreperet,
1005 2271 1315 2340 periculum
1360 2274 1472 2332 illis
1506 2281 1846 2341 vertebatur.
1881 2286 2054 2343 Porro

536 2628 626 2684 80.
665 2630 800 2699 Quae
843 2637 1032 2694 studet
1071 2641 1277 2697 actioni
1321 2644 1728 2718 philosophiam
1773 2651 2049 2720 eﬂiciunt,

464 2718 652 2786 timor,
680 2722 858 2793 pietas
887 2736 943 2784 et
974 2729 1206 2787 scicntia
1242 2748 1256 2787 :
1290 2736 1597 2791 naturalem
1630 2739 1792 2812 605
1822 2759 1957 2799 vero
1992 2744 2048 2800 in

460 2908 521 2956 et
548 2901 866 2963 intellectus
895 2925 909 2961 :
945 2911 1231 2982 mysticam
1265 2913 1509 2986 denique
1545 2918 1904 2992 theologiam,
1934 2925 2051 2981 sola

461 2988 651 3048 divina
672 2994 950 3064 Sapientia
978 3000 1234 3071 largitur.
1554 3000 1559 3004 ’

532 3081 623 3137 81.
659 3083 1135 3151 Quemadmodum
1180 3092 1302 3148 ﬁeri
1341 3109 1455 3150 non
1497 3106 1708 3167 potest,
1738 3108 1798 3155 ut
1840 3102 2051 3175 absque

461 3172 587 3229 oleo
614 3175 842 3234 lucerna
868 3178 1197 3240 inexstincta
1222 3194 1507 3256 servetur;
1539 3190 1621 3246 sie
1645 3208 1826 3263 neque
1851 3204 1911 3251 ut
1932 3197 2052 3255 sine

464 3355 854 3429 moribusque,
881 3364 1169 3436 sensisque
1200 3384 1267 3423 ac
1294 3370 1725 3440 cogitationibus
1761 3380 2049 3450 congruis,

461 3460 585 3515 qua:
616 3447 847 3506 honesta
879 3462 1042 3523 sunt,
1074 3456 1401 3516 confovcnte
1432 3477 1497 3518 ae
1530 3466 1840 3540 nutriente,
1871 3447 2048 3527 dono-

462 3549 589 3591 rum
626 3538 812 3596 lumen
857 3540 1248 3603 inexstinctum
1284 3551 1650 3609 custodiatur.
1684 3538 1858 3615 Omne
1900 3561 2046 3620 enim

460 3627 709 3696 spiritale
756 3631 1000 3706 donum,
1039 3638 1395 3698 eonvenienti
1438 3652 1603 3716 atque
1651 3648 1798 3707 amni
1844 3653 2050 3727 indiget

461 3719 674 3790 habitu,
696 3740 808 3795 quo
832 3728 984 3784 velut
1008 3732 1214 3802 oleum,
1234 3736 1441 3807 jugiter
1461 3739 1513 3795 ei
1536 3741 1604 3796 ad
1629 3719 2045 3816 intelligendum

462 3812 693 3867 materia
730 3814 1085 3887 infundatur,
1115 3830 1176 3876 ut
1207 3840 1308 3893 pro
1342 3826 1463 3899 ejus
1494 3828 1588 3899 qui
1622 3812 1835 3903 recipiti
1854 3835 2047 3893 habitu

460 3897 681 3957 ﬁrmum
709 3917 929 3970 maneat
955 3924 1019 3964 ac
1049 3919 1322 3970 teneatur.

531 3991 620 4047 82.
647 3994 1119 4064 Quemadmodum
1148 4004 1267 4060 ﬁeri
1300 4023 1412 4063 non
1441 4018 1624 4080 potest
1648 4023 1710 4069 ut
1731 4012 1849 4069 sine
1877 4016 2043 4086 oliva,

458 4098 648 4139 verum
679 4095 875 4147 natura
900 4106 966 4147 ac
993 4095 1294 4163 genuinum
1326 4099 1509 4154 oleum
1537 4117 1768 4173 usquam
1799 4106 2047 4187 invenia-

458 4183 578 4243 tur;
620 4179 708 4233 vel
748 4189 810 4236 ut
851 4183 971 4240 sine
1008 4201 1136 4242 vase
1177 4189 1430 4259 capiente
1471 4192 1654 4248 oleum
1694 4182 2047 4256 contineatur

458 4275 624 4336 atque
646 4280 930 4341 servetur;
960 4290 1024 4332 ac
1049 4278 1214 4347 plane
1244 4280 1319 4336 ita
1343 4283 1511 4339 rebus
1536 4297 1912 4357 comparatum
1936 4300 2041 4359 est,

459 4367 522 4414 ut
553 4361 699 4429 quod
733 4363 856 4419 oleo
887 4381 995 4423 non
1028 4371 1275 4425 nutritur
1302 4372 1543 4432 lucernae
1578 4378 1788 4446 lumen,
1815 4383 2041 4439 omnino
2071 4408 2116 4465 ι)

457 4451 882 4523 exstinguatur:
926 4459 1007 4515 sic
1038 4460 1247 4533 absque
1284 4465 1488 4524 divinis
1535 4468 1866 4541 Scripturis,
1898 4477 2048 4534 nulla

458 4558 587 4600 vere
612 4546 800 4604 divina
829 4564 1119 4608 sensorum
1160 4554 1247 4611 vis
1278 4572 1343 4613 ac
1385 4559 1647 4630 majestas
1675 4563 1913 4632 exsistit,
1945 4583 2049 4624 nec

456 4633 577 4691 sine
606 4635 820 4705 habitu,
847 4655 958 4710 quo
992 4643 1141 4699 velut
1171 4659 1299 4700 vase
1333 4646 1426 4703 illa
1460 4650 1871 4721 contineantur,
1898 4655 2043 4712 divi-

456 4739 563 4782 nus
595 4743 827 4799 usquam
859 4744 1165 4805 conceptus
1192 4738 1449 4794 consistit
1476 4756 1490 4794 :
1522 4755 1590 4796 ac
1618 4752 1902 4812 postremo
1916 4747 2042 4829 .nisi

455 4818 604 4887 quod
632 4819 687 4875 in
716 4820 878 4880 donis
902 4824 1148 4883 scientia:
1175 4834 1363 4886 lumen
1397 4841 1503 4899 est,
1530 4833 1734 4891 divinis
1766 4818 2040 4909 ejusmodi

456 4910 631 4966 sensis
659 4926 724 4968 ac
748 4917 1110 4986 conceptibus
1136 4922 1438 4990 nutriatur,
1461 4923 1549 4980 his
1575 4928 1667 4996 qui
1697 4927 1793 4984 illo
1820 4930 2038 5001 praediti

455 4997 597 5062 sint,
626 5000 1017 5061 inexstinetum
1043 5007 1470 5081 haudquaquam
1497 5015 1788 5073 exstiterit.

525 5091 614 5148 85.
641 5091 851 5151 Olivam
881 5113 1003 5167 quae
1024 5114 1055 5153 a
1078 5099 1320 5158 sinistris
1340 5103 1404 5171 ⁸⁷,
1430 5104 1600 5161 Vetus
1623 5106 2038 5167 Testamentum

454 5181 765 5252 signiﬁcare
799 5189 1085 5257 existimo,
1119 5199 1180 5246 ut
1210 5193 1360 5264 quod
1394 5196 1799 5268 philosophiam
1833 5202 2037 5257 actioni

453 5270 766 5328 studentem
809 5280 982 5350 magis
1020 5291 1179 5337 curet
1216 5301 1231 5337 :
1270 5300 1394 5354 quae
1433 5295 1618 5342 autem
1664 5304 1695 5343 a
1736 5290 1945 5347 dextris
1965 5291 2030 5359 ³⁸,

454 5358 667 5416 Novum
700 5362 1130 5435 Testamentum,
1158 5375 1307 5442 quod
1340 5391 1545 5431 novum
1577 5381 1898 5450 mysterium
1929 5381 2031 5437 do-

454 5461 597 5521 oeat,
627 5470 692 5510 ac
723 5458 817 5527 qui
852 5459 907 5513 in
938 5460 1169 5532 singulis
1202 5466 1445 5523 ﬁdelium
1476 5478 1581 5534 est,
1611 5469 1860 5527 habitum
1895 5488 2029 5535 con-

457 5544 829 5615 templationis
858 5548 1074 5605 efficiat.
1105 5552 1246 5610 Illud
1277 5555 1522 5625 quidem,
1550 5559 1772 5617 virtutis
1804 5563 2023 5633 modos,

519 5729 562 5763 ³⁸
604 5725 646 5782 ll
675 5724 800 5781 Cor.
830 5744 888 5793 ιι,
922 5728 1007 5783 Η.
1086 5731 1129 5761 δ’
1159 5731 1383 5790 Zachar.
1413 5753 1485 5803 iv,
1516 5740 1569 5793 5.
1649 5739 1691 5771 ³⁸
1727 5738 1862 5794 ibid.

1666 351 1727 413 S.
1767 352 2054 419 MAXIMI
2086 354 2596 449 CQNFESSORIS
2636 376 2645 384 ’

470 443 580 500 alia
613 442 834 513 claruit,
867 447 988 517 pari
1025 447 1140 505 fere
1179 466 1380 524 magno
1416 455 1682 528 Apostolo
1706 456 1936 524 ratione
1977 471 2049 525 ιο.

473 534 646 562 anAn...
673 553 688 562 .
723 537 831 562 R7,.--
869 542 999 562 ..-λῃ
1037 543 1184 562 s__-_,,
1472 551 1503 562 .Δ
1560 554 1586 562 γ.
1784 559 1794 562 -

2163 474 2515 549 λαμπόμενος
2544 525 2560 549 ,
2609 484 2768 549 ἄλλος
2833 448 3039 562 πέφηνε

3598 375 3714 441 134θ

3110 491 3304 563 λύχνος
3319 536 3337 562 ,
3386 496 3464 568 τῷ
3516 502 3714 580 μεγάλῳ

2173 566 2483 643 Ἀποστόλῳ
2510 578 2904 648 προσηκόντως
2932 581 3327 656 φθεγγόμενος,
3363 566 3446 644 Οὐ
3492 566 3712 663 renati.-

2156 657 2261 712 τοῦ
2289 661 2363 714 τὰ
2388 662 2662 732 νοήματα
2683 668 3044 741 ἀγνοοῦμεν.

2228 749 2327 804 σθ’.
2363 752 2475 824 Τὴν
2507 755 2608 825 μὲν
2636 758 2909 828 κάθαρσιν
2953 767 3068 828 τοῖς
3096 766 3270 833 ἀξίοις
3309 770 3410 840 τῆς
3451 772 3555 828 τῶν
3600 777 3713 849 ἀρε-

2157 840 2267 893 τῶν
2298 844 2693 931 καθαρότητος,
2730 852 2820 906 διὰ
2853 854 3022 923 φόϐου
3048 858 3142 911 καὶ
3172 860 3455 927 εὐσεϐείας
3486 867 3573 920 καὶ
3593 840 3714 936 γνώ-

2160 946 2300 996 σεως
2325 924 2559 1011 ποιεῖται
2590 938 2652 992 τὸ
2671 940 2897 1012 Πνεῦμα
2921 945 2981 999 τὸ
3020 947 3177 1015 ἅγιον
3211 966 3225 980 ο
3253 950 3344 1004 τὸν
3371 924 3717 1029 saeuum»

2157 1018 2256 1090 τῆς
2281 1006 2393 1076 τῶν
2423 1024 2593 1080 ὄντων
2628 1030 2751 1084 καθ’
2780 1006 2875 1097 οῦς
2910 1006 3218 1108 ὑπάρχουσι
3243 1040 3436 1111 λόγους

2158 1109 2225 1162 δι’
2254 1112 2435 1181 ἰσχύος
2478 1117 2572 1169 καὶ
2615 1116 2813 1191 βουλῆς
2861 1123 2958 1177 καί¹
3019 1126 3289 1193 συνέσεως
3320 1109 3580 1204 νδωρείται
3615 1109 3715 1203 τοίς

2158 1200 2333 1267 ἀξίοις
2361 1205 2537 1270 φωτός
2573 1223 2588 1237 ⁶
2616 1209 2718 1280 τὴν
2746 1211 2806 1265 δὲ
2830 1214 3169 1287 τελειότητα,
3199 1221 3289 1276 διὰ
3313 1200 3426 1293 τῆς.
3444 1200 3721 1296 πιμφαοῦς

2159 1292 2254 1343 καὶ
2303 1292 2479 1364 ἁπλῆς
2532 1297 2629 1350 καὶ
2666 1300 2994 1375 ὁλοσχεροῦς
3039 1311 3235 1378 σοφίας
3292 1292 3587 1384 χειρίζείτιὶι⁷
3616 1292 3716 1384 τοῖξ

2159 1381 2332 1446 ἀξίοις
2349 1382 2620 1455 θεώσεως,
2656 1391 2794 1461 πρὸς
2819 1395 2920 1464 τὴν
2948 1398 3058 1452 τῶν
3090 1400 3261 1455 ὄντων
3292 1381 3490 1468 αἰτίαν,
3512 1381 3723 1478 ἀμέσως

2159 1473 2356 1538 αὐτοὺς
2380 1477 2580 1547 ἀνάγον
2610 1483 2752 1536 κατὰ
2780 1486 2962 1542 πάντα
2991 1491 3213 1561 τρόπον,
3249 1496 3326 1559 ὡς
3362 1495 3505 1551 ἐστιν
3531 1500 3713 1571 ἀνθρώ

2158 1579 2247 1633 περ
2298 1564 2539 1635 δυνατὸν,
2580 1572 2645 1625 ἐκ
2695 1576 2872 1644 μόνων
2915 1579 3025 1633 τῶν
3065 1581 3224 1638 θείων
3260 1586 3358 1655 τῆς
3399 1564 3721 1663 ἀγαθόειητος.

2159 1652 2465 1724 ἰδιωμάτων
2519 1664 2993 1737 γνωριζομένους.
3027 1674 3148 1729 καθ’
3203 1678 3270 1747 ην
3316 1652 3385 1732 εκ
3434 1652 3568 1734 θεοῦ

2158 1747 2404 1815 ἑαυτοὺς,
2438 1752 2498 1821 ἐξ
2540 1756 2750 1812 ἑαυτῶν
2800 1761 2856 1816 δὲ
2900 1766 3263 1835 γινώσκοντες
3313 1773 3405 1828 τὸν
3436 1774 3595 1842 Θεὸν,
3624 1747 3717 1832 οὐκ

2342 1843 2488 1909 τινὸς
2522 1848 2688 1917 μέσου
2709 1851 3134 1927 διατειχίζοντος
3160 1878 3175 1892 ο
3208 1865 3402 1934 σοφίας
3429 1865 3539 1938 γὰρ
3569 1870 3721 1938 μέσον.

2157 1930 2310 1986 οὐδὲν
2342 1934 2478 2005 πρὸς
2501 1937 2656 1995 Θεόν⁸
2691 1944 2793 2016 τὴν
2822 1947 3185 2007 ἀναλλοίωτον
3200 1930 3418 2021 ἕξουσιν
3441 1930 3713 2031 άτΙρεψίαν,

2157 2021 2267 2116 τῶν
2327 2026 2507 2093 μέσων
2546 2031 2730 2098 αὐτοῖς
2770 2037 2971 2104 όλικῶς
3005 2043 3227 2100 πάντων
3262 2021 3643 2116 διαϐαθέντων,
3665 2021 3721 2105 ὲν

2157 2104 2240 2210 οἷς
2268 2114 2516 2188 ὑπῆρχεν
2547 2123 2575 2176 ό
2612 2128 2740 2196 περὶ
2762 2128 2863 2201 τὴν
2888 2133 3092 2201 γνῶσίν
3122 2153 3252 2192 ποτε
3279 2140 3375 2194 τοῦ
3401 2104 3717 2210 σφάλλεσθαι

2158 2200 2420 2271 κίνδυνος.
2455 2211 2613 2267 Μέσα
2652 2215 2709 2270 δὲ
2749 2200 2924 2289 καλεῖ,
2959 2225 3062 2295 τὴν
3100 2228 3212 2282 τῶν
3245 2200 3463 2300 νοητῶν·
3490 2234 3584 2288 καὶ
3620 2234 3714 2288 τῶν

2153 2293 2430 2367 αἰσθητῶν
2454 2302 2661 2373 οὐσίαν,
2684 2308 2752 2363 δι’
2775 2304 2851 2366 ὧν
2868 2293 3169 2384 πρὸςήΘεὺν
3190 2319 3266 2385 ὡς
3298 2293 3483 2378 αἰτίαν
3507 2324 3611 2380 τῶν
3629 2326 3707 2379 δν-

2154 2401 2285 2451 των,
2319 2390 2349 2442 ό
2377 2390 2719 2465 ἀνθρώπινος
2752 2406 2875 2469 νοῦς
2917 2392 3219 2477 ἀνάγεσθαι
3252 2413 3490 2483 πέφυκε.

2225 2669 2301 2720 π’.
2332 2665 2446 2737 Τὴν
2475 2670 2576 2740 μὲν
2605 2678 2919 2749 πρακτικὴν
2956 2681 3313 2755 φιλοσοφίαν,
3346 2686 3548 2758 φόϐος,
3576 2688 3720 2743 εὐσέ-

2152 2748 2278 2808 ϐειά
2310 2771 2371 2809 τε
2398 2758 2495 2812 καὶ
2525 2761 2727 2831 γνῶσις
2756 2748 3082 2837 ἐργάζονται
3108 2786 3125 2804 ο
3159 2748 3263 2846 τὴν
3293 2748 3623 2849 δὲ’φυσνικὴν
3664 2780 3717 2832 ὲν

2147 2937 2369 3008 ορθοῦσι
2403 2957 2419 2974 ⁸
2453 2943 2557 3015 τὴν
2605 2944 2664 3000 δὲ
2715 2953 2988 3025 μυστικὴν
3054 2937 3359 3031 θεολογίαν,
3389 2963 3558 3032 σοφία
3613 2962 3723 3016 θεία

2076 3057 2120 3116 C
2155 3030 2292 3103 μόνη
2326 3036 2632 3108 χαρίζεται.

2225 3132 2338 3182 πα’.
2374 3128 2588 3206 Ὥσπερ
2618 3136 2802 3192 ελαίου
2824 3141 3018 3211 χωρὶς,
3042 3141 3309 3200 ἄσϐεστον
3336 3145 3724 3219 διατηρηθῆναι

2152 3213 2346 3308 λύχνον
2393 3220 2711 3296 ἀμήχανον,
2742 3228 2919 3297 οὕτως
2959 3232 3129 3300 ἕξεως
3160 3236 3364 3307 χωρὶς,

2154 3307 2247 3361 καὶ
2274 3307 2457 3379 λόγοις
2485 3317 2580 3370 καί
2601 3320 2827 3387 τρόποις
2854 3324 2950 3377 καὶ
2982 3325 3160 3396 ἤθεσι,
3190 3329 3430 3401 νοήματί
3452 3307 3522 3385 τε
3549 3307 3724 3387 αὗίκαὶ

2151 3398 2433 3473 λογισμοῖς
2482 3410 2595 3473 τοῖς
2640 3412 2946 3484 καθήκουσι
2986 3416 3055 3470 τὰ
3094 3419 3238 3472 καλὰ
3272 3398 3718 3496 διατρεφούσης.

2151 3491 2416 3551 ἄσϐεστον
2436 3498 2778 3576 φυλαχθῆναι
2806 3505 2869 3570 τὸ
2890 3506 3009 3579 φῶς
3039 3509 3150 3567 τῶν
3185 3491 3552 3587 χαρισμάτων
3584 3491 3723 3591 ἀμή-

2150 3603 2332 3657 χανον.
2366 3592 2481 3648 Πᾶν
2529 3594 2639 3669 γὰρ
2679 3598 2933 3671 χάρισμα
2986 3607 3361 3676 πνευματικὸν
3412 3610 3724 3681 προσφυοῦς

2148 3677 2341 3750 χρῄζει
2366 3681 2470 3753 τῆς
2501 3682 2688 3756 ἕξεως,
2725 3689 3021 3757 ἀπαύστως
3050 3695 3379 3769 ὲπιχεούσης
3411 3677 3730 3770 adﬁxae.

2148 3767 2292 3842 άπερ
2347 3771 2526 3830 ἔλαιον
2566 3778 2669 3849 τὴν
2725 3779 2857 3853 ῦλην
2902 3782 3003 3854 τὴν
3047 3786 3279 3857 γοερὰν,
3328 3767 3415 3844 ἵνα
3479 3767 3725 3862 διαμείνῃ

2148 3863 2291 3916 κατὰ
2320 3863 2419 3937 τὴν
2445 3866 2561 3932 ἕξιν
2589 3870 2684 3923 τοῦ
2717 3870 3014 3943 δεξαμένου
3048 3877 3447 3950 κρατούμενον.

2219 4042 2332 4113 πβ’.
2366 4044 2799 4117 Ὠσπεριὲλαίας
2829 4050 3022 4122 χωρὶς,
3054 4051 3154 4106 οὐκ
3183 4053 3334 4108 ἔστιν
3354 4055 3615 4129 οὐδαμῶς
3636 4057 3723 4111 εὕρ

2148 4137 2263 4206 ρεῖν
2293 4135 2457 4204 φύσει
2486 4139 2608 4192 κατ’
2634 4139 2896 4211 ἀλήθειαν
2914 4145 3139 4215 γνήσιον
3168 4145 3349 4201 ἔλαιον
3384 4166 3399 4180 ο
3437 4150 3642 4220 ἄγγους
3667 4149 3728 4205 δὲ

2146 4226 2272 4299 δίχα
2299 4229 2623 4300 κρατεῖσθαι
2656 4232 2750 4286 τοῦ
2784 4234 3074 4305 δεχομένου
3100 4237 3161 4290 τὸ
3190 4238 3370 4293 ἔλαιον
3391 4243 3454 4296 οὐ
3481 4240 3721 4295 δυνατόν’

2145 4316 2312 4390 nam
2339 4320 2397 4375 δὲ
2425 4321 2502 4394 μὴ
2533 4324 2872 4395 τρεφόμενον
2908 4326 3197 4384 σϐέννυται
3239 4332 3463 4397 πάντως
3494 4332 3557 4387 τὺ
3602 4332 3723 4403 λυχ-

2145 4412 2316 4466 νιαίον
2346 4412 2487 4482 φῶς
2522 4413 2666 4469 οὕτω
2695 4415 2804 4469 τῶν
2831 4415 3003 4486 ἁγίων
3023 4418 3259 4490 Γραφῶν
3280 4423 3472 4493 χωρὶς,
3494 4423 3597 4476 οὐκ
3612 4421 3724 4476 ἔστι

2144 4504 2287 4565 κατὰ
2368 4504 2630 4576 ἀλήθειαν
2700 4508 2936 4581 δύναμις
3010 4512 3300 4582 νοημάτων
3368 4512 3716 4585 θεοπρεπὴς·

2142 4596 2308 4661 ἕξεως
2335 4597 2395 4651 δὲ
2425 4598 2571 4671 δίχα,
2603 4600 2858 4673 καθάπερ
2892 4602 3096 4673 ἄγγους
3125 4605 3417 4677 νοημάτων
3437 4606 3718 4670 δεκτικοῦ,

2139 4686 2394 4757 οὐδαμῶς
2418 4688 2485 4742 ἂν
2509 4690 2740 4761 συσταίη
2773 4691 2954 4764 νόημα
2978 4693 3123 4750 θεῖον
3154 4713 3168 4727 ·
3205 4696 3379 4762 θείοις
3407 4697 3466 4751 δὲ
3491 4700 3719 4770 νοήμασι

2143 4776 2220 4849 μὴ
2244 4778 2583 4850 τρεφόμενον
2616 4782 2678 4836 τὸ
2704 4781 2821 4851 φῶς
2864 4783 2965 4853 τῆς
2993 4785 3054 4839 ὲν
3084 4786 3198 4851 τοῖς
3242 4788 3554 4860 χαρίσμασι
3581 4785 3718 4860 γνώσ-

2142 4882 2307 4934 σεως,
2342 4868 2613 4927 ἄσϐεστον
2642 4872 2704 4926 οὐ
2741 4876 3093 4947 συντηρεῖται
3124 4879 3241 4942 τοῖς
3270 4877 3481 4950 ἔχουσι.

2209 5106 2326 5178 ιη’.
2353 5108 2466 5180 Τὴν
2489 5111 2590 5180 μὲν
2610 5110 2859 5169 Παλαιὰν
2889 5115 3188 5189 Διαθήκην,
3219 5118 3318 5191 τὴν
3338 5116 3398 5185 ἐξ
3424 5120 3717 5192 εὐωνύμων

2138 5196 2334 5254 ἐλαίαν
2372 5200 2747 5274 ὑπολαμϐάνοι
2795 5208 3108 5278 σημαίνειν,
3138 5210 3215 5275 ὡς
3260 5213 3362 5283 τῆς
3406 5217 3716 5286 πρακτικῆς

2144 5287 2349 5357 μᾶλλον
2383 5293 2795 5366 προνοουμένην
2821 5296 3142 5366 φιλοσοφίας
3162 5315 3177 5331 ο
3210 5299 3308 5372 τὴν
3336 5302 3400 5355 ὲκ
3430 5301 3621 5366 δεξιῶν
3637 5302 3713 5365 δὲ,

2142 5377 2244 5449 τὴν
2274 5379 2425 5434 Νέαν
2464 5379 2763 5454 Διαθήκην,
2797 5385 2873 5450 ὡς
2901 5386 3093 5441 καινοῦ
3133 5392 3432 5463 μυστηρίου
3465 5391 3715 5446 διδάσκαο

2137 5469 2250 5533 λον,
2279 5471 2376 5524 καὶ
2430 5473 2531 5544 τῆς
2578 5474 2639 5528 ὲν
2692 5475 2910 5550 ἑκάστῳ
2964 5478 3077 5547 τῶν
3123 5481 3335 5537 πιστῶν
3375 5482 3713 5555 θεωρητικῆς

2134 5564 2301 5631 ἕξεως
2341 5568 2650 5640 ποιητικήν.
2723 5568 2787 5625 Ἥ
2818 5571 2920 5643 μὲν
2951 5572 3080 5647 γὰρ,
3126 5575 3334 5649 ἀρετῆς
3376 5577 3636 5669 τρόπους.
3680 5576 3711 5645 ἠ
