4060 6472
278 342 413 412 1341

959 345 1295 409 CAPITUM
1334 349 1758 423 QUINQUIES
1797 353 2321 417 CENTENORUM
2359 357 2748 420 CENTURIA
2790 359 2884 420 1V.

3423 358 3558 426 1342

269 458 354 522 δὲ,
381 455 636 526 γνώσεως
676 458 870 527 λόγους
921 461 1224 532 παρέχεται
1259 465 1371 526 τοῖς
1398 463 1464 516 τὰ
1489 462 1610 516 θεῖα
1646 465 1859 532 φιλοσο-

1969 467 2116 522 istud
2146 485 2302 535 vero,
2336 471 2582 525 scientiae
2616 473 2860 532 rationes
2887 471 3074 526 divina
3112 471 3553 543 philosophanti-

269 550 453 620 φοῦσι·
483 554 579 606 καὶ
612 555 646 622 ἠ
675 555 792 624 μὲν,
826 556 926 623 τῆς
956 556 1066 610 τῶν
1094 557 1390 626 ὁρωμένων
1411 557 1644 629 ὁμίχλης
1669 560 1845 630 ὑφαρ-

269 645 522 710 πάζουσα
541 647 677 716 πρὸς
700 648 759 700 τὸ
792 650 1050 717 συγγενὲς
1069 651 1264 719 ἀνάγει
1283 651 1374 703 τὸν
1393 653 1540 713 νοῦν,
1561 654 1738 723 πάσης
1763 671 1862 705 κα-

269 737 439 808 θαρὸν
488 738 678 809 ὑλικῆς
718 741 1023 810 φαντασίας
1072 744 1436 814 γεγενημένον
1469 759 1483 773 ·
1533 746 1566 812 ἡ
1628 743 1706 804 δὲ,
1761 744 1860 811 τῆς

269 829 464 899 ὑλικῆς
495 831 871 900 προσπαθείας
911 833 1072 887 αὑτὸν
1106 834 1495 904 ἀποκαθαίρει,
1521 833 1600 904 τῷ
1637 835 1736 904 τῆς
1768 834 1858 885 ἀνι

266 922 425 1023 δρὶας
447 924 869 996 τόνῳ,καθάπερ
905 926 1090 996 σφῦρα
1116 927 1228 980 τινὶ
1271 929 1396 992 τοὺς
1427 928 1562 999 πρὸς
1605 926 1667 979 τὸ
1699 927 1860 998 σῶμα

265 1015 370 1082 τῆς
393 1015 620 1084 γνώμης
647 1016 792 1069 κατά
816 1017 915 1088 τὴν
949 1018 1134 1088 σχέσιν
1161 1021 1538 1090 ἐκκρουοειὲνη
1565 1019 1749 1090 ἥλους.

347 1185 452 1242 τπδ’.
504 1189 567 1242 ’Π
601 1190 702 1260 μὲν
740 1192 976 1259 Παλαιὰ,
1010 1194 1071 1247 τὸ
1104 1195 1264 1264 σῶμα
1303 1193 1440 1265 πρὸς
1492 1195 1672 1266 ψυχὴν
1712 1194 1856 1264 λογι-

275 1279 756 1347 σθὲνὰναϐιὸἀζει
785 1283 874 1337 διά
913 1285 1095 1355 μέσων
1137 1287 1246 1340 τῶν
1305 1289 1540 1357 ἀρετῶν,
1577 1288 1859 1341 κωλύουσα

266 1372 367 1426 τοῦ
405 1373 540 1444 πρὸς
563 1377 724 1446 σῶμα
754 1377 844 1432 τὸν
881 1378 1006 1431 νοῦν
1041 1378 1507 1442 καταϐιϐάζεσθαι
1529 1397 1541 1409 ·
1569 1382 1602 1450 ή
1631 1381 1686 1432 δὲ
1720 1380 1856 1443 Νέα,

264 1467 362 1518 τὸν
396 1467 520 1521 νοῦν
568 1469 705 1539 πρὸς
755 1470 844 1524 τὸν
896 1471 1028 1523 Θεὸν
1071 1471 1430 1537 ἀναϐιϐάζει,
1461 1471 1538 1542 τῷ
1579 1474 1714 1544 πυρὶ
1749 1474 1848 1541 τῆς

267 1558 498 1628 ἀγάπης
519 1561 888 1631 πτερούμενον
921 1565 956 1614 ⁸.
991 1563 1098 1617 Καὶ
1126 1567 1157 1634 ή
1193 1565 1313 1634 μὲν,
1341 1565 1538 1618 ταύτὸν
1565 1565 1859 1637 ἐργάζεται

265 1648 350 1718 τῷ
393 1649 476 1703 νοῒ
539 1651 592 1704 τὸ
655 1653 810 1723 σῶμα
843 1654 986 1708 κατά
1020 1655 1118 1726 τὴν
1160 1657 1306 1710 θέσει
1334 1658 1550 1728 κίνησιν
1579 1658 1677 1727 (u)°
1716 1659 1748 1727 ἡ
1777 1658 1856 1721 δὲ,

266 1741 474 1796 ταύτὸν
497 1742 576 1814 τῷ
613 1743 732 1815 Θεῷ
759 1745 850 1798 τὸν
885 1747 1008 1800 νοῦν
1042 1749 1297 1802 ἀποτελεῖ
1323 1750 1466 1802 κατά
1494 1750 1593 1820 τὴν
1621 1750 1731 1813 ἕξιν
1760 1752 1857 1819 τῆς

269 1841 500 1904 χάριτος
539 1835 810 1906 τοσαύτην
858 1837 1052 1908 ἔχοντα
1080 1839 1216 1909 πρὸς
1240 1841 1372 1895 Θεὸν
1405 1841 1500 1911 τὴν
1534 1842 1856 1911 ἐμφέρειαν,

266 1923 417 1977 ὥστε
439 1925 530 1977 τὸν
563 1926 695 1980 Θεὸν
717 1928 784 1980 δι’
819 1930 984 1982 αὑτοῦ
1021 1931 1423 2002 γνωρίζεσθαι,
1449 1933 1541 1985 τὸν
1576 1931 1634 1996 ἐξ
1665 1931 1859 1984 ἑαυτοῦ

266 2016 415 2069 κατά
437 2015 597 2086 φύσιν
623 2018 874 2089 οὐδαμῶς
897 2023 1221 2092 τοπαράπαν
1240 2023 1416 2077 οὐδενὶ
1437 2025 1858 2094 γινωσκόμενον,

263 2105 342 2170 ὼς
373 2106 439 2161 ἐκ
466 2125 610 2171 τινος
631 2111 842 2174 εἰκόνος
877 2114 1207 2183 ἀρχέτυπον.

341 2198 451 2253 πε’.
493 2200 556 2253 Ἠ
593 2202 691 2271 μὲν
721 2205 935 2258 Παλαιὰ
957 2207 1225 2277 Διαθήκη,
1260 2209 1512 2278 πράξεως
1539 2211 1632 2262 καὶ
1656 2208 1860 2279 ἀρετῆς

266 2289 600 2361 ὑπάρχουσα
656 2293 950 2364 σύμϐολον,
984 2303 1296 2367 συμφωνεῖν
1354 2301 1415 2354 τὸ
1462 2302 1622 2371 σῶμα
1672 2300 1749 2370 τῷ
1780 2301 1858 2354 νοῒ

264 2385 691 2486 παρασκευάζει
717 2389 859 2442 κατὰ
891 2391 990 2460 τὴν
1016 2393 1230 2461 κίνησιν
1261 2410 1274 2424 ·
1313 2394 1345 2463 ὴ
1373 2395 1427 2446 δὲ
1455 2394 1589 2458 Νέα,
1624 2397 1858 2463 θεωρίας

263 2476 406 2526 οὐσα
447 2476 542 2531 καὶ
597 2476 857 2544 γνώσεως
898 2484 1180 2552 ποιητικὴ,
1227 2483 1317 2537 τὸν
1365 2486 1642 2553 μυστικῶς
1687 2487 1858 2553 αὐτῆς

262 2564 627 2634 ἀντεχόμενον
697 2569 819 2624 νοῦν
882 2575 995 2637 τοῖς
1049 2574 1212 2639 θείοις
1278 2577 1512 2646 νοήμασι
1583 2596 1856 2648 καταφαιο·

262 2657 460 2725 δρύνει
498 2662 589 2714 καὶ
619 2666 732 2727 τοῖς
784 2667 1133 2738 γνωρίσμασι
1159 2671 1196 2690 ⁸·
1225 2687 1237 2700 '
1269 2671 1364 2722 καὶ
1391 2672 1423 2740 ἡ
1475 2671 1572 2741 μὲν
1620 2671 1855 2734 Παλαιὰ,

261 2750 339 2820 τῷ
371 2755 664 2825 γνωστικῴ
699 2761 928 2826 χορηγεῖ
957 2760 1083 2824 τοὺς
1121 2763 1357 2832 τρόπους
1388 2763 1496 2815 τῶν
1526 2763 1740 2832 ἀρετῶν
1775 2781 1790 2793 ο
1817 2767 1848 2833 ἡ

261 2842 319 2896 δὲ
343 2845 488 2910 Νέα,
511 2846 590 2918 τῷ
625 2850 916 2922 πρακτικῴ
942 2851 1198 2920 γνώσεως
1218 2854 1452 2924 ἀληθοῦς
1471 2855 1662 2922 λόγους
1693 2858 1852 2927 χαρε-

262 2937 440 3002 ζεται.

335 3036 463 3093 πς’.
507 3031 762 3086 Ἐκείνων
785 3035 813 3086 ὁ
849 3034 979 3095 Θεὸς
1004 3035 1224 3103 λέγεταί
1259 3054 1318 3089 τε
1346 3037 1679 3106 καὶγίνεται
1714 3038 1856 3092 κατά

1964 562 2070 616 bus
2100 562 2311 633 praebet
2339 582 2352 616 :
2383 571 2546 631 atque
2571 564 2812 617 alterum
2842 563 3088 632 quidem,
3113 580 3143 618 τι
3170 579 3353 619 rerum
3379 567 3558 622 oculis

1964 654 2341 724 subiectarum
2370 655 2604 724 caligine
2634 654 2898 723 paulatim
2928 655 3171 708 animum
3205 656 3553 724 abstrahens,

1962 745 2030 798 ad
2089 744 2142 798 id
2204 745 2464 801 subvehit
2505 745 2652 814 quod
2700 744 2861 798 affine
2911 753 2968 798 et
3014 755 3306 816 cognatum
3354 758 3472 812 est,
3523 763 3554 802 ιι

1966 847 2190 891 terreno
2225 836 2377 890 omni
2414 837 2656 906 cogitatu
2693 834 3052 900 mundatum;
3089 836 3320 889 alterum
3347 852 3495 903 vero,
3521 853 3554 892 a

1966 937 2185 982 terrena
2219 927 2513 981 affectione
2547 942 2613 980 ac
2647 925 2878 981 libidine
2913 924 3355 989 mundat,'velut
3387 925 3554 979 nimi-

1965 1037 2085 1075 rum
2128 1021 2328 1074 malleo
2367 1019 2630 1088 quodam,
2665 1015 3012 1070 fortitudinis
3048 1015 3264 1085 vigore,
3310 1010 3554 1071 excussis

1964 1114 2168 1183 quibus
2195 1113 2414 1181 corpori
2442 1126 2597 1164 mens
2622 1109 2884 1179 illigatur,
2910 1105 3160 1161 libidinis
3188 1106 3376 1160 clavis.

2035 1206 2125 1260 84.
2176 1202 2343 1257 Vetus
2387 1202 2612 1271 quidem
2657 1201 3110 1263 Testamentum,
3157 1213 3362 1267 corpus
3407 1197 3558 1252 velut

1965 1295 2176 1349 ratione
2211 1294 2480 1348 imbutum
2515 1290 2859 1347 intermediis
2881 1289 3185 1344 virtutibus
3214 1289 3280 1342 ad
3311 1287 3556 1342 animum

1963 1388 2242 1451 subvehit,
2279 1386 2580 1456 prohibens
2619 1400 2688 1438 nc
2728 1398 2887 1438 mens
2925 1382 2993 1436 ad
3034 1396 3236 1450 corpus
3276 1381 3556 1450 deprima-

1965 1490 2086 1545 tur;
2115 1479 2329 1533 Novum
2351 1485 2556 1539 autem,
2584 1483 2824 1528 mentem
2855 1474 2912 1526 in
2940 1474 3112 1526 Deum
3141 1471 3347 1538 evehit,
3375 1472 3558 1526 chari-

1964 1575 2092 1627 tatis
2135 1573 2258 1642 igne
2298 1570 2483 1624 volatu
2531 1568 2821 1622 sublimem
2864 1565 3032 1635 606
3071 1565 3345 1619 effectam.
3377 1565 3556 1634 Atque

1962 1665 2197 1718 alterum
2223 1661 2468 1732 quidem,
2492 1674 2693 1730 corpus
2720 1658 2864 1712 idem
2895 1673 3019 1712 cum
3047 1664 3234 1711 mente
3255 1655 3556 1710 voluntatis

1964 1766 2114 1810 motu
2149 1754 2341 1818 efficit;
2378 1753 2633 1815 alterum,
2661 1750 2807 1804 idem
2843 1764 2971 1803 cum
3002 1748 3116 1801 Deo
3142 1756 3384 1802 mentem
3417 1747 3555 1800 cha-

1897 1825 1934 1877 Β
1967 1847 2146 1902 ritatis
2189 1845 2381 1900 habitu
2421 1843 2620 1908 reddit,
2659 1851 2807 1895 tanta
2845 1856 2970 1895 eum
3009 1839 3122 1894 Dco
3157 1839 3348 1908 sicque
3387 1854 3553 1892 accu-

1966 1947 2081 1992 rata
2112 1935 2497 1999 similitudine,
2526 1943 2586 1988 ut
2615 1950 2682 1988 ex
2715 1948 2779 1986 ea
2813 1933 2958 1986 Deus
2993 1939 3377 2000 cognoscatur,
3401 1929 3555 1983 velut

1961 2048 2029 2085 ex
2076 2030 2314 2099 imagine
2354 2042 2450 2081 seu
2501 2024 2799 2079 simulacro
2845 2022 3149 2090 exemplar,
3194 2019 3282 2088 qui
3328 2019 3446 2089 ipse
3485 2033 3555 2071 ex

1960 2123 2144 2192 seipse
2175 2138 2206 2175 a
2237 2119 2391 2174 nullo
2417 2133 2647 2187 usquam
2685 2131 2912 2185 prorsus
2943 2122 3141 2168 natura
3175 2110 3551 2182 cognoscitur.

2030 2215 2120 2269 85.
2155 2213 2326 2268 Vetus
2369 2210 2592 2280 quidem
2637 2208 3084 2269 Testamentum,
3121 2203 3271 2273 quod
3317 2201 3552 2256 actionis

1960 2319 2125 2377 atque
2161 2305 2386 2359 virtutis
2425 2304 2496 2358 sit
2537 2301 2870 2372 symbolum,
2907 2297 3157 2368 corporis
3199 2312 3326 2350 cum
3365 2302 3551 2348 mente

1959 2415 2292 2456 consensum
2330 2397 2484 2461 facit,
2516 2394 2661 2464 quod
2710 2393 2907 2447 attinet
2945 2391 3010 2444 ad
3054 2399 3294 2452 motum;
3337 2387 3555 2440 Novum

1959 2499 2178 2553 autem,
2215 2487 2362 2558 quod
2413 2485 2486 2539 sit
2528 2478 3010 2551 contemplationis
3053 2492 3117 2531 ac
3167 2472 3410 2529 scientiae
3452 2485 3552 2540 pa-

1959 2598 2116 2647 rens,
2152 2589 2393 2635 mentem
2439 2575 2540 2646 ipsi
2585 2573 2814 2644 mystice
2849 2572 3152 2639 impensam
3189 2575 3355 2634 atque
3391 2561 3552 2616 dedi-

1961 2686 2090 2740 tam,
2125 2672 2332 2727 divinis
2367 2669 2546 2725 sensis
2577 2665 2836 2733 notisque
2868 2667 3102 2716 exornat
3139 2675 3152 2710 :
3189 2666 3353 2724 atque
3385 2653 3554 2708 Vetus

1956 2767 2204 2837 quidem,
2230 2761 2464 2833 spiritali
2500 2775 2564 2814 ac
2595 2755 2829 2838 sapienti
2857 2753 3129 2806 virtutum
3168 2746 3552 2803 subministrat

1955 2859 2177 2921 modos;
2203 2855 2416 2910 Novum
2443 2860 2649 2914 autem,
2674 2835 2879 2902 colenti
2903 2842 3181 2898 actionem
3203 2852 3348 2893 verte
3371 2835 3552 2892 scicn-

1961 2950 2046 3003 tia:
2071 2947 2313 2999 rationes
2339 2941 2556 2997 tribuit.

2028 3051 2116 3106 86.
2151 3051 2358 3104 Eorum
2397 3047 2546 3101 Deus
2578 3058 2678 3114 per
2711 3039 2941 3110 gratiam
2976 3037 3139 3091 Pater
3175 3043 3294 3089 tum
3329 3045 3549 3086 nuncu-

265 3121 429 3192 χάριν
469 3123 660 3215 Πατὴρ
687 3165 702 3188 ,
731 3125 840 3177 τῶν
894 3127 1062 3198 μόνην
1102 3128 1336 3197 ἐχόντων
1374 3129 1474 3199 τὴν
1508 3130 1630 3182 κατ’
1653 3132 1854 3202 ἀρετὴν

1965 3153 2121 3212 patur
2153 3149 2269 3194 tum
2303 3135 2558 3200 efficitur,
2582 3131 2678 3202 qui
2713 3130 2887 3186 solam
2919 3126 3105 3182 animo
3138 3123 3364 3178 virtutis
3393 3121 3548 3175 cultu

263 3212 554 3283 γνωμικὴν
601 3216 660 3265 ἐν
708 3215 979 3286 πνεύματι
1039 3216 1296 3288 γέννησιν
1331 3235 1345 3247 ·
1391 3219 1516 3272 καθ’
1549 3223 1616 3292 ἢν
1662 3221 1853 3293 ὥσπερ

262 3303 447 3380 ψυχῆς
494 3306 804 3375 πρόσωπον,
841 3308 932 3361 τὸν
990 3309 1046 3362 ὲν
1091 3310 1316 3379 ἀρεταῖς
1350 3311 1444 3364 τοῦ
1501 3315 1857 3383 γεννήσαντος

267 3398 405 3452 Θεοῦ
437 3399 769 3469 χαρακτῆρα
825 3401 1152 3469 φαινόμενον
1176 3402 1392 3470 ἔχοντες
1430 3404 1571 3458 κατά
1605 3405 1696 3458 τὸν
1719 3405 1854 3474 βίον,

267 3493 397 3550 τοὺς
447 3488 752 3558 θεωμένους
785 3494 850 3560 τῇ
894 3491 1308 3562 μεταϐολῇ-τῶν
1353 3493 1577 3562 τρόπων
1613 3494 1857 3558 δοξάζειν

265 3577 358 3632 τὸν
393 3580 526 3631 Θεὸν
553 3582 1055 3651 παρασκευάζουσι,
1084 3587 1176 3635 τὸν
1197 3585 1396 3636 οἰκεῖον
1432 3585 1545 3654 βίον
1585 3587 1722 3652 πρὸς
1769 3587 1858 3657 μί-

268 3689 442 3744 μησιν
472 3674 801 3744 παρέχοντες
823 3675 1006 3739 αὐτοῖς
1037 3676 1320 3746 ἐξαίρετον
1346 3677 1550 3746 ἀρετῆς
1583 3677 1858 3746 ἐξεμπιλάο

268 3785 411 3840 ριον.
441 3769 514 3820 Οὐ
547 3770 655 3838 γὰρ
709 3769 851 3840 λόγῳ
895 3769 1037 3840 ψιλῷ
1067 3771 1198 3834 Θεὸς
1228 3771 1550 3836 δοξάζεσθαι
1589 3773 1852 3840 πέφυκεν,

266 3860 387 3914 ἀλλ’
418 3859 604 3930 ἔργοις
638 3861 988 3932 δικαιοσύνης
1023 3862 1206 3932 πολλῷ
1229 3862 1454 3916 πλείονα
1483 3862 1660 3931 λόγων
1701 3862 1862 3935 βοῶσι

267 3952 364 4024 τὴν
392 3951 544 4006 θείαν
581 3953 1082 4024 μεγαλοπρέπειαν.

335 4044 455 4108 πζ’.
511 4045 824 4117 ’Δριστερὸς
860 4047 959 4116 μὲν
989 4049 1016 4100 ὀ
1038 4047 1268 4116 φυσικὸς
1301 4048 1485 4117 νόμος,
1517 4047 1605 4101 διὰ
1633 4049 1732 4116 τὴν
1771 4047 1855 4100 ai-

270 4136 470 4208 σθησιν
498 4154 512 4167 ·
546 4138 816 4207 προσάγει
872 4139 928 4191 δὲ
994 4139 1073 4209 τῷ
1123 4138 1269 4209 λόγῳ
1301 4139 1430 4202 τοὺς
1475 4140 1712 4209 τρόπους
1752 4139 1861 4192 τῶν

267 4229 506 4298 ἀρετῶν.
550 4229 646 4281 καὶ
668 4232 814 4282 ποιεῖ
841 4229 1044 4298 γνῶσιν
1065 4231 1488 4300 ἐνεργουμένην.
1528 4231 1585 4284 ’0
1609 4231 1665 4284 δὲ
1698 4249 1864 4282 πνευ-

273 4321 506 4391 ματικὸς
530 4323 712 4390 νόμος,
740 4321 912 4387 δεξιὸς
935 4323 1032 4393 μέν
1061 4326 1178 4376 ἐστι
1207 4323 1297 4376 διὰ
1323 4323 1416 4376 τὸν
1441 4324 1566 4378 νοῦν
1599 4340 1613 4352 ο
1644 4324 1863 4394 μίγνυσι

270 4413 326 4466 δὲ
356 4417 429 4485 τῇ
463 4414 713 4484 αἰσθήσει
739 4416 868 4476 τοὺς
916 4416 974 4467 ὲν
1014 4417 1127 4486 τοῖς
1159 4411 1279 4468 οῦσι
1319 4417 1727 4486 πνευματικοὺς
1770 4415 1858 4469 λό-

269 4520 428 4572 γους,
462 4505 556 4558 καὶ
587 4508 730 4557 ποιεῖ
752 4505 950 4574 πρᾶξιν
985 4484 1407 4575 λελδγισμένην.

343 4603 461 4665 πη’.
507 4597 565 4648 '0
599 4599 664 4666 τῇ
698 4596 894 4666 πράξει
915 4597 1344 4666 σωματουμένην
1367 4599 1467 4669 τὴν
1493 4599 1728 4667 γνῶσιν’,
1765 4602 1862 4654 καὶ

273 4691 337 4758 τῇ
373 4687 572 4756 γνώσει
599 4689 770 4758 ψυχου
780 4688 949 4758 μένην
977 4689 1076 4758 τὴν
1105 4687 1306 4759 πρᾶξιν
1333 4691 1568 4754 δεικνὺς,
1586 4693 1676 4744 τὸν
1699 4693 1861 4762 ἀκρι-

276 4781 346 4852 ϐῆ
391 4781 591 4853 τρόπον
640 4776 768 4849 εὗρε
811 4780 910 4850 τῆς
955 4778 1190 4850 ἀληθοῦς
1239 4779 1528 4851 θεουργίας
1583 4783 1676 4851 (υ).
1724 4782 1782 4836 Ὀ
1817 4784 1862 4837 δ’

341 4945 359 4964 ¹
393 4941 495 5010 Qu.
531 4940 620 4996 65.
653 4939 723 4994 ad
754 4939 912 4993 Thal.
950 4937 1213 5010 πυρούμ.,
1245 4955 1521 4993 accensam

334 5082 432 5208 ίᾇιι)
477 5081 641 5137 Κατὰ
660 5081 774 5146 τὴν
795 5079 957 5135 θέσει
981 5078 1245 5144 κΙνησιν.
1266 5076 1358 5131 Sic
1381 5075 1548 5130 etiam
1573 5082 1765 5144 quaest.
1797 5075 1865 5130 56

392 5153 635 5208 Thalass.
675 5152 792 5205 Non
852 5151 988 5204 satis
1026 5149 1207 5208 Picus,
1241 5147 1297 5200 in
1346 5147 1643 5208 peragenda
1694 5155 1865 5198 motu.

283 5147 372 5210 Ad
392 5147 635 5208 Tltulass.
675 5152 792 5205 Non
852 5151 988 5204 satis
1026 5149 1207 5212 Picus,
1241 5147 1297 5200 in
1346 5147 1643 5216 peragenda
1694 5155 1865 5198 motu.

287 5225 549 5289 Reddidi,
588 5220 875 5280 voluntatis
921 5228 1088 5284 motu,
1126 5235 1234 5272 non
1261 5215 1659 5289 quoddelﬁaat
1699 5217 1867 5270 velim

285 5285 665 5358 emendatum,
707 5292 803 5346 sed
832 5291 980 5360 quod
1012 5290 1088 5353 id,
1125 5285 1383 5358 qtiod’sic
1415 5285 1584 5350 θέσει,
1611 5287 1768 5360 quasi
1801 5286 1870 5360 ab

287 5367 602 5420 cxtrinseco
637 5355 694 5418 et
719 5355 929 5416 factitie
966 5371 1070 5420 est,
1107 5355 1396 5414 voluntate
1430 5363 1535 5418 est,
1571 5355 1644 5410 at’
1673 5358 1726 5410 in
1773 5355 1870 5408 ad-

289 5437 516 5504 optione
540 5477 552 5500 ,
597 5448 705 5504 qua
743 5433 870 5502 quis
911 5432 1077 5504 θέσει,
1115 5445 1227 5484 non
1268 5427 1426 5504 φύσει
1450 5466 1473 5489 .,
1500 5427 1582 5504 _in
1610 5425 1873 5504 familiam

291 5495 574 5588 liliumque
606 5495 935 5584 cooptatum
969 5501 1060 5556 Sic
1083 5495 1290 5588 corpus
1333 5495 1400 5552 ad
1423 5496 1671 5588 animuml
1702 5495 1870 5549 effer-

293 5583 405 5638 tur,
451 5568 570 5644 eius
625 5568 782 5644 quasi
834 5572 1047 5626 ratione
1082 5568 1378 5644 imbutum,
1435 5582 1545 5635 qua
1587 5568 1872 5624 voluntate

291 5641 596 5701 virtutibus
627 5641 922 5706 excolitur,
971 5658 1138 5712 supra
1185 5641 1355 5705 illius,
1398 5647 1460 5691 ut
1521 5653 1725 5708 corpus
1749 5643 1870 5700 est,

295 5717 551 5786 meritum
584 5725 752 5786 atque
784 5714 1053 5786 debitum.

369 5783 441 5857 (υ)
475 5787 589 5858 Τῆς
619 5779 883 5854 ἀξῖηθοῦς
928 5782 1260 5854 θεουργίας.
1305 5783 1504 5839 Veram
1558 5779 1869 5852 θεουργέαν,

1957 3236 2014 3288 ἱιι
2050 3233 2248 3304 spiritu
2282 3229 2628 3284 nativitatem
2660 3222 2806 3278 nacti
2835 3230 2993 3285 sunt;
3028 3233 3169 3287 qua,
3203 3215 3352 3270 velut
3384 3212 3552 3267 animi

1956 3328 2154 3381 faciem
2189 3341 2254 3379 ac
2285 3322 2516 3393 efﬁgiem
2537 3360 2550 3383 ,
2582 3316 2827 3388 parentis
2861 3313 2957 3367 Dei
2991 3310 3292 3365 virtutibus
3325 3308 3554 3362 elucen-

1961 3424 2089 3477 tem,
2112 3414 2226 3468 vita
2253 3412 2322 3466 iis
2350 3410 2624 3470 instituta,
2649 3405 3028 3458 characterem
3061 3400 3347 3462 habentes,
3374 3396 3425 3449 in
3455 3396 3555 3450 Dei

1958 3505 2178 3559 laudem
2236 3500 2599 3558 conversione
2648 3509 2866 3550 morum
2917 3490 3284 3561 spectantium
3337 3486 3552 3540 animos

1959 3599 2292 3667 provocant;
2343 3590 2546 3661 quibus
2589 3586 2853 3642 eximium
2893 3583 3119 3637 virtutis
3157 3579 3438 3648 exemplar
3479 3577 3548 3632 ad

1960 3686 2319 3748 imitandum,
2351 3683 2518 3736 vitam
2559 3677 2663 3749 ipsi
2706 3692 2862 3734 suam
2902 3674 3204 3746 praebeant.
3240 3671 3358 3725 Non
3398 3669 3549 3724 enim

1961 3781 2016 3834 in
2046 3777 2192 3832 nudo
2220 3789 2474 3831 sermone
2500 3771 2693 3842 positae
2720 3768 2815 3823 Dei
2841 3767 3051 3830 laudes,
3076 3763 3168 3818 sed
3200 3763 3254 3817 in
3286 3759 3551 3832 operibus

1957 3869 2213 3942 justitiae;
2261 3881 2382 3936 quae
2426 3864 2588 3933 longe
2631 3859 2825 3930 majori
2871 3875 2984 3928 prae
3022 3856 3209 3912 verbis
3249 3851 3547 3925 praeconio,

1961 3961 2202 4016 divinam
2235 3959 2476 4012 clament
2498 3951 2985 4022 magnificentiam.

2035 4051 2122 4105 87.
2160 4049 2272 4103 Lex
2315 4045 2588 4101 naturalis
2635 4041 2860 4096 sinistra
2915 4039 3109 4108 utique
3157 4045 3269 4099 cst,
3319 4040 3548 4106 propter

1963 4156 2218 4205 sensum;
2271 4139 2652 4205 virtutumque
2710 4132 2904 4187 modos
2955 4129 3158 4184 rationi
3212 4127 3547 4187 admovens,

1963 4231 2249 4290 scientiam
2275 4229 2546 4285 efﬁcacem
2581 4242 2644 4281 ac
2677 4235 2956 4280 actuosam
2989 4219 3190 4275 reddit.
3224 4218 3336 4271 Lex
3364 4224 3547 4270 autem

1963 4325 2232 4398 spiritalis
2282 4324 2474 4378 dextra
2504 4328 2610 4384 est,
2638 4326 2861 4388 propter
2887 4315 3130 4372 animum
3156 4328 3253 4366 seu
3277 4317 3546 4374 mentem;

1963 4419 2313 4486 miscensque
2368 4412 2556 4469 sensui
2612 4409 2889 4480 spiritales
2940 4407 2998 4461 in
3055 4405 3221 4460 rebus
3274 4403 3549 4465 rationes,

1893 4501 1939 4556 D
1966 4510 2240 4565 actionem
2270 4505 2580 4560 consultam
2608 4501 2985 4568 imbutamque
3010 4497 3220 4554 ratione
3248 4494 3398 4551 facit.

2041 4599 2130 4654 88.
2160 4597 2265 4663 Qui
2305 4595 2521 4651 actione
2561 4598 2908 4660 corporatam
2951 4585 3259 4645 scientiam,
3291 4579 3551 4636 scientia-

1968 4706 2076 4762 que
2109 4689 2404 4743 animatam
2441 4683 2714 4738 actionem
2751 4677 3023 4740 ostendit,
3060 4681 3378 4730 accuratum
3411 4686 3552 4724 vera:

1970 4781 2255 4854 θεουργεας
2283 4778 2502 4852 (divinae
2530 4775 2743 4841 scilicet
2765 4767 3124 4842 operationis)
3152 4766 3376 4820 modum
3402 4764 3554 4818 inve-

2041 4941 2076 4958 “
2110 4935 2193 4992 Ad
2225 4932 2480 4989 Thalass.
2516 4928 2837 5000 χαρισμασι.

1963 5089 2060 5129 seu
2093 5072 2339 5126 divinam
2371 5064 2784 5135 operationem,
2807 5058 3030 5112 videtur
3062 5055 3164 5135 hic
3185 5054 3393 5118 dicere,
3427 5069 3551 5135 qua;

1967 5125 2058 5198 ἐὶςξ
2096 5125 2313 5196 actione
2347 5125 2898 5201 et'contcmplatione
2930 5127 3272 5201 completur,
3307 5125 3548 5201 et_qu_a_si

1967 5193 2280 5268 cnﬁdenter
2308 5207 2598 5273 utriusque
2643 5193 2766 5273 vim
2802 5199 3005 5273 habet:
3038 5193 3550 5273 sapientiatn‘scili-

2293 5264 2543 5352 proxima
2572 5281 2657 5352 est
2701 5270 2768 5323 ad
2812 5268 3242 5352 deificationcm.
3264 5264 3552 5352 Quomodo

1970 5333 2108 5409 etin
2126 5333 2360 5405 ‘tltris'to
2383 5340 2905 5418 dictamﬁeoupyiav
2932 5335 3212 5418 Dionysio,
3239 5334 3373 5404 quin
3397 5333 3546 5414 dica-

1973 5403 2117 5487 ἱπίιὶξ,
2147 5403 2287 5475 nihil
2309 5417 2533 5471 videtur
2560 5403 2971 5487 obstare—anon
2993 5403 3215 5487 quidem
3245 5403 3550 5487 qutelunio:

1980 5472 2284 5565 iii‘up'raEvia
2303 5487 2737 5565 intelligatur‘et
2778 5472 3329 5565 adeam-disponens
3378 5472 3548 5543 (quod

1975 5544 2289 5620 i‘ies'toriani
2311 5544 2542 5612 furfuris
2571 5557 2695 5617 est),
2728 5550 2826 5605 sed
2861 5549 2941 5603 illi
2966 5544 3178 5620 comes,
3210 5544 3278 5620 ad
3313 5557 3551 5620 eamque

1980 5613 2241 5702 sequens,
2277 5629 2442 5702 velut
2492 5613 2912 5701 illiusbrnatus
2947 5636 2961 5672 ι
2995 5619 3052 5675 in
3099 5631 3209 5702 qua
3237 5614 3352 5702 ipsa
3379 5613 3556 5693 .uohis

1981 5682 2412 5759 idcmvf—lliristus
2435 5704 2491 5751 et
2517 5703 2710 5749 auctor
2736 5692 2966 5745 exsistat
3009 5697 3065 5742 et
3087 5682 3549 5759 perfectissimum

2473 5768 2593 5839 ejus
2611 5762 2890 5834 θεουργία,
2923 5769 2984 5815 ιιι
3004 5751 3204 5813 Budaao
3228 5751 3548 5824 exponitur.
