4060 6418
245 350 373 416 1345

915 345 1246 408 CAPITUM
1288 338 1714 415 QUINQUIES
1753 337 2272 400 CENTENORUM
2311 341 2698 402 CENTURIA
2742 343 2836 405 Ν.

3358 342 3495 410 13ίῦ

239 470 410 539 πάσης
454 463 658 537 ἀρετῆς
714 463 956 532 κεφαλὴν
991 464 1020 514 ὀ
1057 463 1342 532 προφήτης
1370 459 1650 528 ὠνόμασεν
1677 473 1688 485 ·
1725 456 1799 517 ὼς

1905 455 2174 509 rationem
2207 464 2370 524 atque
2403 471 2735 519 sermonem,
2766 467 3023 528 tanquam
3056 456 3275 514 virtutis
3312 464 3495 515 omnis

236 562 311 625 τὸ,
350 558 492 611 Ἕδυ
523 559 560 626 ἡ
594 557 826 626 κεφαλή
853 573 970 624 μου
995 558 1076 621 εἰς
1113 555 1384 623 σχισμὰς
1445 551 1630 619 ὀρέων
1651 563 1666 580 ⁵
1704 548 1804 610 τὰς

235 652 286 703 δὲ
313 649 549 711 διανοίας
576 648 684 700 τῶν
718 647 1042 716 πνευμάτων
1085 649 1182 715 τῆς
1249 643 1538 713 πονηρίας,
1568 638 1805 710 σχισμὰς

236 739 337 796 τῶν
364 737 557 806 ὀρέων,
587 737 677 804 ὑφ’
717 731 793 788 ὧν
822 736 1100 806 κατεπόθη
1125 735 1214 788 διὰ
1241 736 1336 805 τῆς
1382 733 1746 802 παραϐάσεως
1775 731 1805 782 ὁ

237 828 494 898 ἡμέτερος
553 826 676 889 νοῦς
701 842 712 856 ·
743 826 846 896 γῆν
888 826 946 878 δὲ
994 827 1338 894 κατωτάτην,
1375 825 1474 894 τὴν
1540 819 1806 890 μηδαμῶς

237 917 484 984 γνώσεως
546 915 944 986 αἰσθανομένην
1006 914 1234 985 θείας,ἢ
1287 916 1387 985 τῆς
1438 915 1560 966 κατ’
1603 912 1804 980 ἀρετὴν

234 1010 405 1077 ζωῆς,
433 1007 534 1078 τὴν
568 1007 781 1061 οἱανοῦν
815 1010 1028 1077 κίνησιν
1079 1007 1309 1076 ἔχουσαν
1363 1006 1472 1070 ἕξιν
1503 1021 1516 1036 ·
1570 1003 1805 1055 ἄϐυσσον

233 1100 304 1158 δὲ,
332 1097 427 1168 τὴν
463 1097 822 1168 ἐπικειμένην
854 1097 1076 1165 ἄγνοιαν
1101 1101 1168 1167 τῇ
1205 1096 1316 1161 ἕξει
1343 1097 1441 1165 τῆς
1467 1095 1698 1158 κακίας,
1718 1095 1803 1163 ἐφ’

233 1185 264 1264 ᾖ
293 1189 488 1260 βέϐηκε
511 1188 765 1260 καθάπερ
790 1192 882 1259 γῇ,
909 1189 978 1241 τὰ
1003 1187 1104 1258 τῆς
1135 1188 1338 1250 κακίας
1363 1188 1575 1256 πελάγη
1606 1187 1639 1256 ἢ
1676 1187 1802 1256 γῆν,

231 1282 322 1352 τὴν
394 1282 602 1349 παγίαν
653 1281 754 1350 τῆς
805 1279 1000 1341 κακίας
1044 1280 1155 1345 ’ἐξιν
1205 1275 1395 1332 εἶπεν·
1436 1277 1689 1338 αἰωνίους
1745 1276 1804 1328 δὲ

237 1375 477 1445 μοχλοὺς,
512 1374 614 1436 τὰς
652 1374 1069 1444 συγκρατούσας
1097 1375 1197 1443 τὴν
1229 1372 1511 1443 χειρίστην
1540 1369 1655 1437 ἕξιν
1699 1369 1803 1440 έμ-

234 1466 417 1529 παθεῖς
447 1465 824 1536 προσπαθείας
847 1466 956 1520 τῶν
985 1465 1207 1520 ὑλικῶν.

296 1646 400 1711 ια’.
444 1641 508 1694 Ἦ
541 1641 649 1694 τῶν
674 1639 848 1708 ἁγίων
890 1638 1136 1711 ὑπομονὴ
1163 1680 1180 1707 ,
1210 1638 1310 1710 τὴν
1353 1636 1600 1709 πονηρὰν
1639 1634 1802 1688 δύνα-

236 1751 320 1804 μιν
342 1731 809 1803 προσϐάλλουσαν,
839 1731 1056 1802 δαπανᾷ
1086 1747 1100 1762 ο
1135 1732 1212 1794 ὡς
1241 1730 1508 1785 πείθουσα
1527 1731 1638 1792 τοῖς
1660 1727 1802 1798 ὑπὲρ

1907 546 2238 616 principium
2269 558 2323 600 et
2353 547 2655 617 originem;
2686 550 2763 602 uti
2795 559 2878 602 est
2908 550 3042 603 illud
3078 567 3092 604 :
3129 549 3296 605 Subiit
3333 562 3493 623 caput

1909 654 2080 691 meum
2112 639 2373 692 scissuras
2413 641 2668 692 montium
2692 639 2755 691 ‘9.
2788 639 3067 694 Scissuras
3106 649 3288 696 autem
3333 657 3492 695 mon-

1908 728 2067 794 tium,
2085 729 2548 798 nequissimorum
2579 730 2869 798 Spirituum
2895 731 3121 785 consilia
3149 737 3201 780 et
3229 733 3490 795 rationes,

1906 820 2108 888 quibus
2146 836 2245 889 per
2283 822 2772 891 transgressionem
2811 837 2966 875 mens
3004 833 3192 874 nostra
3232 822 3492 892 absorpta

1906 918 1991 963 est
2034 927 2047 963 :
2098 918 2297 964 terram
2338 926 2470 964 vero
2518 911 2785 975 infimam,
2817 911 2968 964 omni
3011 912 3255 965 scientiae
3294 912 3493 965 divinae

1907 1016 2070 1055 sensu
2121 1009 2403 1056 carentem
2453 1003 2736 1066 habitum,
2774 1018 2840 1057 ac
2887 1003 2979 1071 qui
3032 1003 3158 1056 vitm
3201 1019 3232 1056 e
3271 1004 3495 1057 virtutis

1907 1092 2214 1148 rationibus
2249 1094 2516 1149 institutae
2547 1104 2698 1149 motu
2732 1095 2885 1148 omni
2920 1094 3278 1149 destituatur.
3312 1095 3493 1166 Abys-

1906 1199 2050 1249 sum,
2081 1185 2448 1255 ignorantiam
2482 1186 2770 1255 pravitatis
2804 1186 3016 1239 babitui
3053 1187 3491 1253 incumbentem;

1906 1273 1963 1328 in
2012 1290 2212 1344 quam,
2253 1276 2405 1330 velut
2453 1276 2510 1330 in
2563 1287 2764 1331 terram
2819 1276 3189 1331 ascenderunt
3233 1277 3494 1345 nequitia:

1903 1361 2071 1433 608
2114 1365 2321 1428 maria,
2369 1364 2483 1418 sive
2529 1372 2764 1428 terram,
2809 1365 3026 1419 firmum
3075 1366 3193 1418 vitii
3244 1366 3490 1418 habitum

1904 1457 2264 1526 nuncupavit.
2315 1457 2507 1511 Vcctes
2567 1465 2837 1520 aeternos,
2888 1457 3187 1527 pessimum
3240 1458 3491 1512 habitum

1904 1549 2328 1603 corroborantes
2361 1557 2710 1602 terrenorum
2738 1548 3070 1603 libidinosos
3096 1548 3345 1602 aifectus.

1976 1640 2065 1694 93.
2111 1639 2436 1695 Sanctorum
2486 1641 2787 1710 patientia,
2827 1641 3169 1695 adorientem
3212 1640 3488 1710 nequissi-

1905 1746 2050 1785 mam
2081 1741 2407 1802 potestatem
2437 1734 2708 1800 absumit;
2741 1742 2801 1787 ut
2825 1749 2947 1802 quae
2976 1733 3258 1788 laboribus
3286 1735 3489 1789 verita-

231 1788 476 1896 άληοείας
506 1788 1016 1894 ἐγκαλλωπίζεσθαι
1032 1788 1244 1890 πόνοις,
1267 1825 1390 1887 τοὺς
1428 1823 1598 1892 αὐτῆς
1619 1788 1799 1877 διακό·

1909 1822 1979 1874 tis
2017 1836 2183 1876 causa
2221 1822 2467 1877 ferendis
2506 1823 2751 1893 gloriari,
2786 1823 3055 1877 ministris
3090 1823 3206 1877 suis
3240 1824 3486 1889 suadeat,

232 1936 364 1981 νους,
397 1919 488 1970 καὶ
511 1917 672 1971 πλέον
695 1917 1134 1987 ὲμπλατύνεσθαι
1155 1917 1404 1971 διδάσκου
1414 1932 1482 1968 σα
1504 1913 1805 1984 τοῖςπαθή-

235 2026 406 2080 μασιν,
421 2009 454 2079 ἢ
467 2011 589 2071 ταῖς
602 2010 874 2073 άνέσεσιν,
891 2011 940 2061 οἱ
957 2009 1056 2076 τῆς
1077 2010 1134 2061 ὲν
1150 2008 1312 2078 σαρκὶ
1331 2006 1476 2078 ζωῆς
1490 2008 1627 2075 ἄγαν
1641 2023 1804 2077 φρον-

232 2097 480 2160 τίζοντες,
521 2097 778 2152 ὑπόθεσιν
805 2099 986 2161 αὐτοῖς
1015 2097 1458 2169 ὑπερϐαλλούσης
1486 2098 1629 2152 κατὰ
1649 2096 1806 2150 πνεῦ-

234 2206 304 2256 μα
331 2188 614 2257 δυνάμεως
652 2189 969 2258 ποιουμένη,
1000 2188 1098 2259 τὴν
1121 2188 1261 2241 κατὰ
1283 2189 1445 2256 φύσιν
1467 2187 1566 2258 τῆς
1599 2187 1802 2258 σαρκὸς

233 2280 347 2348 περὶ
378 2279 435 2332 τὸ
463 2281 698 2350 πάσχειν
728 2280 1035 2332 ἀσθένειαν.
1069 2280 1209 2350 Ὅρα
1241 2279 1348 2350 γὰρ
1378 2280 1526 2342 ὅπως
1551 2279 1653 2349 τῆς
1677 2278 1800 2331 καθ’

232 2371 524 2441 ὑπερϐολὴν
553 2370 708 2434 Θείας
735 2370 1034 2441 ,δυνάμεώς
1062 2369 1211 2424 ὲστιν
1264 2368 1545 2433 ὑπόθεσις,
1585 2371 1619 2440 ἡ
1658 2369 1802 2424 κατὰ

232 2462 381 2530 φύσιν
415 2463 530 2515 τῶν
561 2463 734 2531 ἁγίων
761 2463 1036 2527 ἀσθένεια,
1062 2458 1130 2534 ἦς
1155 2463 1357 2533 ἥττονα
1395 2462 1486 2517 τὸν
1511 2461 1799 2533 ὑπερήφα-

230 2571 310 2606 νον
332 2554 578 2608 διάϐολον
605 2556 633 2607 ὁ
664 2555 870 2625 Κύριος
900 2555 1122 2620 ἔδειξεν.

293 2645 386 2713 ιδ’.
430 2646 490 2698 '0
530 2646 688 2714 λόγος
715 2647 820 2717 τῆς
847 2647 1092 2718 χάριτος,
1130 2646 1223 2701 διὰ
1247 2645 1458 2701 πολλῶν
1474 2645 1798 2718 πειρασμῶν

232 2742 353 2810 πρὸς
382 2741 478 2811 τὴν
507 2741 622 2792 τῶν
648 2739 952 2811 ἀνθρώπων
980 2740 1166 2810 φύσιν,
1194 2740 1363 2812 ήγουν
1407 2739 1507 2808 τὴν
1561 2739 1672 2792 τῶν
1709 2739 1800 2793 έθ-

232 2831 326 2883 νῶν
365 2831 722 2902 Ἐκκλησίαν,
757 2831 948 2902 ὥσπερ
987 2831 1179 2893 Ἰωνᾶς
1203 2831 1294 2886 διὰ
1315 2831 1526 2886 πολλῶν
1566 2831 1797 2901 Θλίψεων

232 2921 355 2990 πρὸς
391 2924 582 2978 Νινευὶ
601 2922 797 2985 διαϐὰς
833 2923 933 2994 τὴν
959 2923 1115 2976 πόλιν
1164 2922 1264 2993 τὴν
1310 2923 1551 2993 μεγάλην
1571 2961 1586 2984 ,
1610 2921 1796 2975 ἔπεισε

233 3011 312 3063 τὸν
341 3011 698 3082 βασιλεύοντα
723 3012 885 3083 νόμον
917 3013 1016 3082 τῆς
1046 3011 1263 3080 φύσεως
1291 3009 1659 3079 ἐξαναστῆναι
1703 3006 1795 3062 τοῦ

1908 1909 2211 1980 doceatque
2235 1927 2332 1966 eos
2358 1913 2530 1982 magis
2551 1913 2812 1967 aerumnis
2834 1914 3074 1977 dilatari,
3098 1930 3259 1983 quam
3286 1915 3490 1983 quibus

1905 2001 2144 2056 carnalis
2164 2002 2276 2056 vita
2307 2003 2543 2056 maxime
2571 2019 2716 2058 cura:
2742 2011 2846 2067 est,
2869 2004 3082 2058 deliciis
3109 2006 3486 2070 oblectentur;

1904 2095 2223 2149 excellentis
2264 2095 2347 2149 eis
2386 2095 2650 2165 spiritalis
2678 2097 2902 2150 virtutis
2933 2111 2998 2150 ac
3027 2095 3368 2150 fortitudinis
3394 2113 3486 2151 ar-

1904 2193 2226 2257 gumentum
2256 2186 2486 2250 faciens,
2515 2187 2819 2240 naturalem
2851 2187 3032 2242 carnis
3063 2187 3218 2242 malis
3245 2187 3489 2242 ferendis

1905 2279 2359 2334 imbecillitatem.
2385 2277 2521 2332 Vide
2548 2279 2696 2332 enim
2723 2279 3184 2348 quemadmodum
3209 2279 3486 2333 excellen-

1903 2369 1975 2423 tis
2002 2367 2204 2423 divinaa
2233 2367 2496 2438 potentia:
2527 2375 2940 2438 argumentum,
2969 2367 3235 2422 naturalis
3265 2376 3485 2424 sancto-

1903 2475 2028 2514 rum
2060 2459 2358 2514 infirmitas
2391 2459 2484 2524 sit,
2516 2475 2625 2529 qua
2655 2459 2923 2515 Dominus
2959 2460 3260 2531 superbum
3290 2461 3487 2517 diabo-

1901 2552 2014 2607 lum
2043 2551 2366 2608 inferiorem
2393 2552 2655 2610 ostendit.

1971 2644 2062 2699 94.
2113 2644 2307 2700 Sermo
2359 2643 2582 2714 gratias,
2625 2660 2727 2715 per
2773 2646 2975 2700 multas
3031 2646 3364 2702 tentationcs
3415 2647 3483 2701 ad

1900 2734 2203 2790 humanum
2234 2751 2408 2806 genus
2445 2737 2770 2806 (Ecclesiam
2803 2737 3013 2791 scilicet
3039 2736 3306 2808 gentium)
3334 2739 3485 2793 velut

1897 2825 2062 2881 Jonas
2112 2842 2212 2896 per
2259 2829 2459 2881 multas
2505 2826 2828 2881 afllictiones
2874 2835 3042 2896 atque
3091 2843 3368 2882 aerumnas
3413 2827 3483 2881 ad

1899 2918 2097 2974 Ninivc
2125 2917 2404 2973 civitatem
2433 2934 2686 2988 magnam
2713 2934 3027 2974 commeans
3045 2918 3113 2983 ³ο,
3141 2920 3246 2989 legi
3273 2929 3482 2974 naturae

1900 3011 2050 3064 illius
2090 3011 2238 3081 regia
2279 3017 2548 3080 potestate
2588 3010 2896 3064 dominanti
2935 3019 3128 3064 auctor
3160 3010 3292 3073 fuit,
3320 3019 3381 3064 ut
3414 3011 3482 3064 de

232 3103 431 3173 θρόνου,
461 3105 570 3174 τῆς
605 3104 878 3176 προτέρας
905 3102 1106 3174 δηλαδὴ
1143 3102 1274 3172 περὶ
1323 3101 1384 3154 τὸ
1435 3101 1604 3158 κακὸν
1650 3099 1796 3154 κατὰ

1902 3102 2042 3156 solio
2074 3109 2324 3172 surgeret
2355 3102 2406 3174 (a
2440 3101 2627 3171 priore
2657 3101 2870 3156 scilicet
2899 3103 3104 3155 malum
3134 3111 3483 3156 consectante

232 3192 319 3264 τὴν
357 3195 614 3266 αῐσθησιν
641 3195 832 3262 ἕξεως,
858 3198 954 3248 καὶ
993 3193 1342 3266 περιελέσθαι
1363 3193 1465 3263 τὴν
1489 3192 1682 3263 στολὴν
1697 3192 1796 3246 αύ-

231 3285 335 3352 τοῦ,
363 3289 450 3340 τὸν
506 3287 605 3341 ἐπὶ
662 3289 772 3349 τοῖς
818 3287 973 3356 ήθεσι
1013 3286 1158 3355 λέγω
1193 3289 1293 3357 τῆς
1329 3286 1604 3356 κοσμικῆς
1638 3285 1798 3356 δόξης

231 3371 514 3427 ἀποθέσθαι
576 3371 778 3442 τῦφον,
825 3374 920 3426 καὶ
979 3372 1370 3442 περιϐαλέσθαι
1431 3374 1672 3436 σάκκον,
1734 3373 1796 3425 τὸ

233 3460 413 3526 πένθος
440 3463 650 3534 δηλαδὴ
681 3463 779 3517 καὶ
813 3463 910 3533 τὴν
945 3463 1180 3533 δυσχερῆ
1237 3463 1332 3516 καὶ
1380 3466 1642 3535 τραχεῖαν
1695 3463 1797 3533 τῆς

231 3553 632 3618 κακοπαθείας,
676 3554 770 3606 καὶ
814 3551 914 3622 βίῳ
956 3553 1033 3623 τῷ
1093 3553 1236 3606 κατὰ
1289 3553 1423 3606 Θεὸν
1477 3555 1796 3624 πρέπουσαν

231 3641 438 3714 ἀγωγήν
472 3659 486 3673 ·
535 3645 632 3697 καὶ
661 3644 888 3698 καθίσαι
919 3645 1012 3698 ἐπὶ
1037 3645 1233 3698 σποδοῦ
1267 3661 1280 3676 ο
1311 3645 1504 3708 σποδὸς
1536 3645 1593 3698 δέ
1647 3646 1796 3699 ἐστιν

231 3732 528 3804 ήπτωχεία
565 3733 659 3787 τοῦ
716 3734 1046 3805 πνεύματος,
1089 3736 1172 3804 ἐφ’
1199 3731 1266 3805 ἧς
1324 3736 1617 3797 καθέζεται
1688 3737 1797 3800 πᾶς

229 3821 454 3888 εὐσεϐῶς
482 3824 590 3895 ζῇν
618 3823 1019 3894 διδασκόμενος,
1039 3829 1135 3881 καὶ
1156 3827 1254 3898 τὴν
1279 3828 1520 3898 μάστιγα
1541 3829 1639 3900 τῆς
1668 3844 1794 3881 συν-

229 3911 473 3982 ειδήσεως
516 3915 658 3987 ἔχων
700 3919 791 3970 ἐπὶ
820 3921 931 3982 τοῖς
951 3918 1444 3991 πλημμεληθεῖσιν,
1471 3920 1634 3974 αὐτὸν
1660 3937 1793 3974 κατ-

229 4005 560 4071 αικίζουσαν.

295 4097 544 4171 ιιε’.”ορα
575 4101 724 4164 ὅπως
758 4101 984 4172 βασιλέα
1015 4101 1112 4172 μὲν
1141 4098 1279 4157 εῖναι
1311 4103 1481 4172 λέγει,
1508 4105 1599 4158 τὸν
1633 4123 1794 4174 φυσι-

232 4190 319 4244 κὸν
369 4193 582 4263 ,νόμονο
619 4192 810 4264 θρόνον
859 4193 938 4258 δὲ,
974 4195 1073 4264 τὴν
1122 4195 1345 4268 ἐμπαθῆ
1391 4199 1513 4250 κατ’
1543 4197 1795 4269 αἴσθησιν

227 4277 351 4344 ἕξιν·
377 4282 475 4353 τὴν
501 4282 561 4335 δὲ
582 4282 796 4353 στολὴν,
835 4283 934 4353 τὴν
965 4283 1067 4354 τῆς
1091 4288 1254 4356 κενῆς
1275 4286 1433 4358 δόξης
1471 4287 1742 4359 προϐολήν
1777 4305 1792 4320 ο

228 4370 312 4423 τὸν
337 4372 394 4425 δὲ
440 4375 670 4439 σάκκον,
696 4373 760 4425 τὸ
803 4373 942 4427 κατὰ
967 4375 1066 4444 τὴν
1099 4376 1392 4446 μετάνοιαν
1425 4377 1618 4440 πένθος
1643 4393 1656 4408 ·
1694 4377 1795 4448 τὴν

1899 3211 1962 3250 ac
1992 3195 2188 3248 vitium
2221 3209 2416 3248 sensus
2450 3191 2664 3262 habitu)
2700 3192 3009 3261 stolamque
3044 3192 3368 3247 detraheret
3404 3193 3482 3263 (id

1898 3293 2002 3351 est,
2036 3285 2327 3340 mundana:
2365 3282 2552 3354 gloria).
2589 3297 2654 3336 ex
2694 3297 2911 3336 morum
2953 3292 3152 3336 ornatu
3191 3283 3481 3352 quaesitura

1898 3379 2098 3433 fastum
2122 3376 2432 3448 abjiceret),
2455 3390 2518 3428 ac
2537 3389 2697 3430 sacco
2721 3374 3046 3430 indueretur
3074 3374 3302 3445 (luctum
3333 3376 3481 3430 scili-

1898 3477 2015 3533 cet,
2050 3477 2107 3522 et
2155 3468 2440 3522 molestam
2487 3481 2551 3519 ac
2599 3465 2882 3520 laboribus
2931 3481 3210 3535 asperam,
3243 3467 3366 3520 vitae
3410 3483 3479 3521 ex

1896 3560 2119 3630 pietatis
2147 3559 2455 3612 rationibus
2487 3557 2753 3611 instituta:
2784 3572 3100 3628 congruam,
3128 3557 3476 3626 disciplinam

1897 3647 2222 3717 assumeret)
2255 3655 2418 3716 atque
2452 3646 2509 3701 in
2539 3647 2724 3700 cinere
2758 3647 2995 3703 sederet.
3024 3648 3119 3702 Est
3147 3663 3279 3702 vero
3312 3649 3472 3713 cinis,

1897 3747 2190 3810 paupertas
2225 3739 2486 3810 spiritus,
2519 3739 2574 3793 in
2608 3755 2718 3809 quo
2753 3739 2908 3794 sedet
2943 3739 3193 3809 quisquis
3231 3739 3354 3794 vitae
3388 3741 3477 3810 pie

1898 3831 2252 3886 instituendas
2296 3831 2586 3901 praeceptis
2630 3830 2919 3895 eruditur;
2976 3848 3071 3896 ac,
3113 3831 3204 3901 qui
3260 3832 3477 3886 caedcns

1897 3923 2252 3978 conscientia
2281 3921 2579 3992 ﬂagellum,
2605 3938 2709 3992 pro
2750 3923 2818 3978 iis
2849 3939 2969 3993 quae
3003 3923 3256 3993 deliquit,
3287 3923 3474 3978 habet.

1965 4104 2053 4160 95.
2097 4102 2233 4160 Vide
2279 4101 2747 4172 quemadmodum
2792 4115 2976 4171 regem
3024 4100 3260 4169 appellet
3299 4101 3475 4170 legem

1896 4196 2235 4261 naturalem;
2269 4193 2466 4248 solium
2501 4206 2663 4257 vero,
2697 4192 3056 4246 libidinosum
3089 4206 3285 4246 sensus
3316 4192 3476 4245 babi-

1897 4297 2047 4357 tum;
2076 4291 2293 4355 stolam,
2323 4288 2505 4344 inanis
2534 4287 2722 4358 glorim
2755 4285 3047 4351 amictum;
3088 4300 3329 4351 saccum,
3358 4302 3477 4355 pm-

1897 4383 2144 4438 nitentiae
2180 4383 2423 4446 luctum;
2469 4381 2742 4445 cinerem,
2774 4378 3010 4433 modesti
3048 4377 3216 4432 animi
3255 4394 3479 4433 sensum

229 4457 280 4510 δὲ
306 4461 522 4527 σποδὸν,
546 4461 644 4533 τὴν
667 4465 1191 4536 ταπεινοφροσύνην*
1214 4466 1538 4536 ἀνθρώπους
1563 4469 1640 4534 δὲ,
1669 4471 1795 4534 τοὺς

1902 4473 1979 4547 (id
2003 4482 2106 4536 est,
2125 4472 2512 4543 humilitatem)
2536 4465 2807 4534 homines,
2832 4471 2925 4540 qui
2945 4471 3189 4535 ratione;
3209 4471 3477 4540 iumenta,

232 4553 355 4622 περὶ
394 4555 484 4608 τὸν
521 4555 680 4624 λόγον
716 4573 730 4588 ο
759 4559 932 4628 κτήνη
971 4557 1049 4623 δὲ,
1082 4559 1209 4622 τοὺς
1273 4560 1402 4631 περὶ
1453 4564 1552 4632 τὴν
1607 4561 1797 4615 ἐπιθυ-

234 4643 354 4712 μίαν
379 4659 393 4674 ⁶
432 4646 562 4717 βόας
604 4646 684 4712 δὲ,
717 4647 846 4710 τοὺς
895 4648 1026 4720 περὶ
1078 4647 1171 4703 τὸν
1205 4649 1376 4721 θυμόν
1401 4665 1416 4680 ’
1446 4650 1695 4723 πρόϐατα
1719 4653 1798 4720 δὲ,

227 4735 347 4797 τοὺς
369 4737 499 4807 περὶ
529 4735 629 4806 τὴν
663 4736 897 4809 θεωρίαν
918 4737 1028 4792 τῶν
1049 4739 1262 4809 ὁρατῶν
1291 4741 1604 4806 πταίοντας.

145 4903 156 4906 _
293 4826 405 4892 kg'.
449 4830 510 4883 '0
531 4830 621 4882 διὰ
647 4828 747 4901 τήν
775 4830 998 4905 ἔννομον
1036 4832 1237 4904 ἀρετὴν
1261 4833 1370 4886 τῶν
1405 4835 1462 4887 ὲν
1498 4835 1672 4907 σαρκὶ
1694 4853 1800 4890 πα-

229 4915 330 5002 θῶν
353 4921 426 4984 ὡς
489 4921 798 4994 ἀριστερῶν
861 4922 1186 4993 ποιούμενος
1219 4922 1408 4994 λήθην,
1442 4927 1537 4978 καὶ
1580 4927 1668 4980 διὰ
1698 4927 1798 5000 τὴν

227 5009 516 5067 ἄπταιστον
545 5013 769 5082 γνῶσιν,
808 5015 902 5068 ἐπὶ
961 5017 1074 5078 τοῖς
1111 5015 1499 5086 κατορθώμασι
1547 5008 1612 5090 τῇ
1656 5019 1797 5089 νόσῳ

227 5104 321 5176 τῆς
341 5107 639 5178 φυσιούσης
667 5108 899 5178 οἰήσεως
939 5108 1014 5170 ὡς
1036 5107 1219 5172 δεξιᾶς
1277 5110 1376 5178 οὐχ
1419 5110 1796 5181 ἁλισκόμενος,

229 5197 361 5272 ἀνὴρ
388 5201 602 5270 γέγονε,
643 5201 716 5272 μὴ
748 5199 1032 5269 γινώσκων
1078 5201 1262 5268 δεξιὰν
1294 5203 1484 5267 αὑτοῦ,
1519 5205 1594 5267 ὡς
1642 5205 1799 5276 δόξης

190 5359 192 5367 ι
229 5290 322 5343 οὐκ
365 5290 506 5363 ὲρῶν
546 5293 834 5364 λυομένης,
875 5292 994 5348 οὐδὲ
1053 5295 1380 5364 ἀριστερὰν,
1406 5296 1482 5359 ὡς
1529 5300 1642 5360 τοῖς
1703 5300 1799 5369 τῆς

185 5383 192 5434 ἑ
231 5384 426 5453 σαρκὸς
489 5386 588 5439 οὐκ
635 5385 1016 5456 ἐρεθιζόμενος
1073 5386 1292 5440 πάθεσι.
1331 5386 1523 5452 Δεξιὰν
1573 5385 1685 5452 οὖν,
1719 5390 1794 5454 ὡς

229 5471 417 5542 ἔοικεν,
449 5474 600 5532 εἶπεν
628 5480 655 5530 ό
684 5479 862 5547 λόγος,
894 5479 990 5550 τὴν
1030 5481 1123 5532 ἐπὶ
1151 5481 1262 5544 τοῖς
1309 5481 1470 5550 δῆθεν
1520 5482 1795 5553 κατορθώ-

232 5577 355 5633 μασι
381 5572 704 5638 κενοδοξίαν·
740 5573 1034 5643 ἀριστερὰν
1063 5573 1142 5637 δὲ,
1166 5573 1263 5645 τὴν
1293 5575 1384 5626 ἐπὶ
1413 5577 1522 5638 τοῖς
1544 5577 1791 5646 αἰσχροῖς

1898 4567 1994 4637 qui
2025 4565 2355 4636 cupiditate;
2389 4565 2580 4629 boves,
2611 4561 2710 4632 qui
2743 4561 2856 4627 ira;
2893 4576 3045 4626 oves,
3077 4561 3171 4630 qui
3205 4576 3388 4615 rerum
3422 4561 3479 4614 in

1898 4667 2182 4730 aspectum
2212 4656 2530 4713 cadentium
2557 4653 2932 4725 speculatione
2957 4651 3262 4707 offendunt.

1969 4851 2056 4906 96.
2081 4849 2188 4917 Qui
2225 4847 2482 4920 legitima:
2511 4845 2737 4900 virtutis
2777 4857 2973 4908 causa,
3006 4841 3307 4898 carnalium
3342 4841 3479 4897 aﬂe-

1902 4951 2089 4998 ctuum
2120 4941 2272 4995 velut
2299 4939 2648 4994 sinistrorum
2682 4935 3057 4999 obliviscitur;
3091 4933 3478 5003 proque-inof-

1901 5035 2069 5089 tensae
2107 5031 2353 5087 scientiae
2388 5044 2640 5093 munere,
2668 5029 2739 5082 ob
2776 5027 3034 5097 praeclare
3073 5033 3222 5096 gesta
3260 5041 3323 5080 ac
3363 5042 3478 5081 me-

1901 5127 2028 5190 rita,
2057 5125 2236 5178 inanis
2269 5121 2546 5194 jactantiae
2579 5119 2772 5174 morbo
2805 5117 3058 5186 fastuque
3093 5131 3205 5171 non
3238 5117 3474 5186 capitur,

1903 5219 1962 5273 in
2016 5217 2196 5271 virum
2253 5213 2463 5278 evasit,
2509 5213 2604 5283 qui
2666 5211 2874 5266 nesciat
2923 5209 3203 5264 dexteram
3253 5225 3408 5263 suam
3436 5211 3476 5242 δ’

1907 5307 2092 5378 (quem
2137 5306 2349 5359 scilicet
2390 5304 2647 5374 peritura:
2675 5301 2862 5373 gloriae
2889 5315 3045 5356 amor
3089 5315 3198 5354 non
3245 5302 3476 5370 teneat),

1901 5411 2081 5467 neque
2118 5410 2252 5450 vero
2297 5395 2575 5449 sinistram
2603 5393 2676 5458 δ’,
2720 5401 2781 5446 ut
2824 5405 2987 5460 quem
3029 5390 3210 5445 carnis
3250 5389 3479 5443 affectus

1897 5505 1997 5560 per
2029 5487 2316 5542 libidinem
2351 5500 2460 5539 non
2494 5484 2742 5539 illiciant.
2776 5484 3064 5538 Dexteram
3102 5483 3286 5553 igitur,
3315 5482 3477 5551 609

1907 5588 1966 5634 ut
2003 5577 2241 5643 videtur,
2269 5577 2484 5636 vocavit
2523 5575 2826 5646 Scriptura,
2861 5575 3079 5629 inanem
3118 5572 3368 5644 gloriam,
3414 5573 3484 5626 ob

299 5749 342 5782 "
365 5752 410 5805 ll
445 5754 577 5826 Reg.
611 5772 737 5820 xxii,
774 5758 824 5810 8.
908 5758 952 5789 *ο
983 5758 1132 5812 lance
1162 5775 1242 5820 in,
1284 5775 1300 5812 ι
1343 5773 1496 5829 seqq.
1574 5760 1614 5790 “
1651 5759 1802 5815 Jonm
1849 5775 1922 5824 tv,
1961 5758 2045 5824 lO,
2083 5758 2171 5814 Η.
2249 5758 2293 5788 δ’
2321 5756 2457 5810 ibid.
