4060 6440
627 355 753 418 134⁸]

1798 357 1855 415 S.
1899 351 2186 413 MAXIM!
2227 349 2736 410 CONFESSOMS

3729 358 3838 426 1348

623 475 768 518 recte
805 461 942 518 farta
979 477 1043 519 ac
1073 465 1340 519 virtutum
1369 479 1567 536 opera;
1606 465 1885 521 sinistram
1915 485 2067 532 vero,
2091 484 2202 536 qua

2323 467 2552 517 πάθεσιν
2597 462 2916 516 ἀκολασίαν.
2957 462 3013 515 '0
3051 461 3158 532 γὰρ
3188 461 3289 531 τῆς
3329 462 3527 532 ἀρετῆς
3572 463 3732 534 λόγος,
3763 473 3844 544 τῆς

622 571 690 608 ex
726 555 982 624 turpibus
1018 555 1310 609 affectibus
1339 567 1446 619 est,
1473 557 1769 611 luxuriam.
1798 557 2033 611 Virtutis
2064 557 2213 611 enim

623 659 809 698 sermo
837 653 1001 714 atque
1027 645 1188 706 ratio,
1217 653 1504 714 peccatum
1537 647 1722 700 carnis
1752 647 1931 700 nescit
1957 656 2214 716 tanquam

622 735 862 789 sinistra:
894 753 906 788 :
938 736 1186 790 scientiae
1212 753 1344 791 vero
1379 739 1539 801 ratio,
1567 738 1735 792 animi
1763 738 1954 793 vitium
1989 754 2053 793 ac
2086 754 2215 808 pra-

619 824 849 880 vitalem
877 827 1058 881 nescit
1081 838 1342 897 tanquam
1368 829 1591 884 dextrre.

690 915 780 970 97.
818 917 1100 973 Virtutum
1145 934 1214 974 ex
1259 921 1476 975 ratione
1521 921 1754 977 scientia
1797 921 1957 992 (vera
2000 921 2216 978 scilicet

620 1006 804 1076 reipsa
836 1007 1095 1064 Auctoris
1125 1010 1396 1064 virtutum
1431 1012 1657 1082 agnitio)
1691 1013 2061 1067 omuimodam
2094 1013 2215 1082 ejus

621 1105 740 1152 tum
771 1113 1054 1165 excessus,
1085 1110 1200 1155 tum
1232 1102 1505 1168 defectus,
1534 1104 1630 1173 qui
1664 1105 1928 1173 utrinque
1953 1121 1982 1159 a
2005 1105 2214 1160 dextris

619 1201 675 1246 et
703 1208 733 1247 a
760 1193 1022 1258 sinistris,
1049 1196 1324 1250 virtutum
1354 1195 1725 1250 mediocritati
1758 1197 2031 1267 adjacent,
2061 1197 2214 1266 igno-

620 1286 856 1339 rantiam
921 1297 1186 1356 praestare
1253 1289 1441 1343 habet.
1512 1288 1796 1356 Siquidem
1860 1290 2008 1343 enim
2072 1288 2211 1342 nihil

620 1390 854 1444 prorsus
903 1388 1288 1447 comparatum
1334 1387 1419 1433 est
1466 1393 1588 1433 esse
1638 1378 1692 1432 in
1738 1379 1952 1434 ratione
1991 1378 2139 1449 quod
2179 1394 2210 1433 a

619 1469 833 1524 ratione
885 1471 1224 1535 abhorreat;
1259 1471 1440 1540 palam
1485 1480 1590 1535 est,
1622 1486 1749 1526 eum
1787 1470 1881 1540 qui
1922 1470 1990 1525 ad
2030 1472 2210 1524 virtu-

617 1565 733 1611 tum
784 1560 1058 1614 rationem
1109 1571 1336 1615 evectus
1386 1561 1478 1625 sit,
1518 1576 1713 1616 eorum
1745 1576 1868 1630 quae
1914 1577 1946 1616 a
1995 1561 2210 1615 ratione

2319 559 2518 628 σαρκὸς
2577 558 2652 620 ὡς
2690 558 2987 627 ἀριστερᾶς
3041 556 3141 608 οὑκ
3196 550 3336 607 οἶδεν
3389 556 3680 627 ἁμαρτίανο
3732 566 3756 616 ὁ
3799 567 3843 620 δὲ

2315 652 2415 720 τῆς
2473 649 2751 719 γνώσεως,
2804 649 2903 721 τὴν
2947 649 3122 718 ψυχῆς
3174 646 3249 710 ὼς
3300 647 3478 711 δεξίᾶς
3525 649 3583 702 οὗ
3633 655 3846 718 γινώσκει

2317 746 2534 799 κακίαν.

2388 920 2495 986 ιιξν.
2551 918 2614 971 Ἡ
2641 916 2785 972 κατὰ
2821 917 2981 985 λόγον
3016 915 3219 986 γνῶσις
3255 913 3362 968 τῶν
3408 916 3635 986 ἀρετῶν,
3659 918 3845 993 ἧγουνή

2315 1011 2434 1062 κατ’
2465 1009 2750 1080 ἐνέργειαν
2795 1008 3004 1079 ἀληθὴς
3046 1006 3148 1076 τῆς
3180 1005 3289 1060 τῶν
3326 1005 3539 1076 ἀρετῶν
3567 1009 3730 1072 αίτίας
3753 1014 3848 1065 ἐπί-

2314 1119 2538 1170 γνωσις,
2567 1103 2793 1171 ἄγνοιαν
2827 1100 3068 1170 παντελῆ
3095 1099 3308 1168 πέφυκε
3345 1101 3540 1164 ποιεῖν,
3573 1101 3666 1172 τῆς
3702 1103 3847 1170 δεξιᾶς

2315 1196 2410 1247 καὶ
2457 1196 2758 1266 ἀριστερᾶς
2788 1191 3134 1265 ἑκατέρωθεν
3164 1192 3581 1262 παρακειμένης
3615 1197 3677 1266 τῇ
3721 1199 3852 1266 μεσό·

2311 1302 2437 1355 τητι
2485 1287 2598 1340 τῶν
2637 1287 2851 1355 ἀρετῶν
2883 1283 3192 1356 ὑπερϐολῆς
3225 1285 3320 1336 καὶ
3352 1283 3657 1353 ἐλλείψεως.
3684 1287 3738 1339 El
3765 1287 3850 1358 γὰρ

2311 1379 2464 1432 οὐδὲν
2501 1381 2560 1431 ὲν
2589 1378 2668 1448 τῷ
2703 1379 2847 1449 λόγῳ
2883 1376 3164 1440 παντελῶς
3197 1377 3443 1447 πέφυκεν
3483 1372 3620 1430 εἶναι
3651 1379 3852 1449 παράλου

2313 1487 2431 1540 γον,
2463 1470 2653 1540 σαφῶς
2681 1473 2709 1524 ὁ
2738 1471 2878 1542 πρὸς
2906 1471 2998 1524 τὸν
3030 1470 3189 1538 λόγον
3228 1470 3338 1524 τῶν
3371 1469 3582 1541 ἀρετῶν
3613 1471 3847 1542 ἀναχθεὴν

2309 1563 2410 1634 τὴν
2428 1563 2539 1616 τῶν
2555 1564 2888 1634 παραλόγων
2929 1563 3185 1634 οὐδαμῶς
3221 1563 3592 1632 ἐπιγνώσεται
3618 1562 3768 1618 θέσιν.
3792 1567 3851 1618 Oli

613 1649 957 1705 abhorreant
999 1667 1348 1722 nequaquam
1384 1654 1717 1723 positionem
1761 1668 1990 1722 remque
2025 1653 2202 1724 cogni-

2310 1657 2420 1727 γὰρ
2451 1655 2684 1710 δυνατὸν
2712 1655 2882 1727 ἄμφω
2915 1655 3058 1708 κατά
3083 1655 3280 1708 ταύτὸν
3308 1655 3426 1724 ἅμα
3452 1655 3774 1726 καταθρῆσαι
3799 1658 3852 1708 τὰ

616 1747 828 1795 turum.
869 1743 988 1796 Non
1025 1744 1172 1798 enim
1208 1744 1486 1799 contraria
1519 1744 1826 1799 secundum
1861 1743 2007 1798 idem
2043 1743 2202 1798 simul

2312 1749 2689 1818 ἀντικείμενα,
2728 1749 2825 1801 καὶ
2850 1747 3064 1818 θατέρῳ
3092 1745 3209 1817 ἅμα
3227 1746 3288 1800 τὸ
3312 1747 3503 1817 ἕτερον
3532 1745 3724 1816 γνῶναι
3752 1764 3853 1800 συνο

611 1832 862 1901 conspici
909 1843 1171 1904 possunt,
1221 1845 1386 1906 atque
1433 1837 1670 1891 alterum
1709 1851 1816 1889 una
1857 1849 1982 1888 cum
2027 1835 2202 1890 altero

2312 1858 2335 1893 ε
2347 1841 2733 1911 μφαινόμενον.

611 1924 778 1979 simul
811 1927 1056 1982 elucere.

681 2018 770 2074 98.
813 2019 1103 2088 Siquidem
1160 2020 1217 2075 in
1267 2019 1408 2082 ﬁde,
1461 2018 1808 2074 inﬁdelitatis
1855 2020 2005 2074 nulla
2061 2021 2203 2073 ratio

607 2119 727 2177 est;
774 2127 956 2180 neque
1000 2111 1095 2165 lux
1148 2127 1247 2182 per
1298 2120 1554 2165 naturam
1599 2110 1958 2166 tenebrarum
2007 2119 2203 2166 auctor

606 2211 722 2269 est;
759 2219 862 2259 nec
901 2204 1126 2259 diabolo
1159 2213 1546 2274 comparatum
1583 2213 1644 2258 ut
1677 2219 1786 2258 una
1821 2219 1946 2258 cum
1977 2203 2202 2259 Christo

607 2303 954 2365 compareat;
990 2296 1155 2365 plane
1199 2311 1382 2364 neque
1427 2305 1490 2349 ut
1519 2294 1722 2348 rationi
1756 2295 1982 2350 omnino
2015 2309 2200 2350 comes

606 2387 859 2452 exsistat,
892 2387 1040 2458 quod
1087 2388 1356 2441 abhorret
1384 2403 1414 2440 a
1447 2387 1684 2441 ratione.
1727 2385 1823 2441 Sin
1863 2396 2045 2440 autem
2077 2401 2199 2441 om-

604 2479 742 2534 nino
787 2479 994 2534 rationi
1022 2495 1211 2535 comes
1237 2495 1361 2534 esse
1393 2493 1503 2532 non
1537 2487 1720 2548 potest
1751 2477 1900 2548 quod
1933 2477 2200 2534 abhorret

606 2585 638 2624 a
673 2570 924 2635 ratione,
953 2569 1049 2640 qui
1095 2569 1163 2623 ad
1198 2569 1469 2623 virtutum
1504 2567 1778 2623 rationem
1823 2577 2050 2622 evectus
2089 2575 2195 2632 est,

604 2661 1029 2717 abhorrentium
1070 2675 1101 2714 a
1143 2659 1356 2716 ratione
1392 2659 1726 2729 positionem
1765 2657 2196 2728 haudquaquam

599 2758 902 2822 agnoscet;
954 2749 1051 2820 qui
1101 2749 1318 2805 scilicet
1363 2751 1561 2814 solam,
1603 2749 1685 2804 uti
1713 2749 1853 2818 -ipsa
1895 2763 1954 2803 se
2004 2748 2191 2816 habet,

600 2857 712 2896 non
747 2849 810 2896 ut
856 2840 1228 2905 existimatur,
1261 2849 1562 2912 cognoscat
1603 2840 1913 2895 virtutem:
1951 2839 2194 2910 hincque

598 2943 710 3000 est,
741 2943 804 2990 ut
844 2949 1024 3005 neque
1065 2934 1351 2989 dexteram
1399 2949 1501 3002 per
1544 2947 1857 2996 excessum,
1898 2947 2079 3001 neque
2114 2932 2193 2986 si-

598 3026 834 3080 nistram
868 3039 970 3095 per
1013 3023 1320 3084 defectum,
1351 3022 1513 3076 sciat.
1549 3021 1798 3090 Utraque
1839 3020 1992 3074 enim
2032 3027 2196 3091 parte

599 3113 780 3182 palam
811 3111 1159 3182 intelligitur,
1188 3111 1338 3179 quod
1368 3109 1669 3164 abhorreat
1697 3124 1728 3163 a
1758 3109 1995 3164 ratione.

669 3199 760 3254 99.
800 3171 1385 3254 lnﬁdelitatetn-vocat
1414 3213 1514 3253 seu
1545 3198 2012 3264 incredulitatem,
2039 3198 2192 3268 quod

2368 3210 2474 3277 ιιθι.
2530 3211 2819 3268 Ἀπιστίαν
2855 3213 3029 3283 λέγει,
3061 3213 3164 3285 τὴν
3189 3214 3424 3286 ἄρνησιν
3460 3215 3573 3270 τῶν
3620 3211 3859 3268 ἐντολῶν

597 3293 726 3365 quis
756 3293 996 3363 abneget
1036 3293 1324 3358 mandata;
1373 3291 1538 3346 ﬁdem
1576 3307 1731 3354 vero,
1769 3291 1920 3361 quod
1962 3293 2073 3348 illis
2108 3308 2196 3349 as-

2305 3299 2481 3354 πίστιν
2517 3301 2598 3363 δὲ,
2643 3303 2742 3374 τὴν
2771 3303 2953 3358 αὑτῶν
2999 3304 3433 3372 συγκατάθεσιν
3474 3304 3538 3358 τὸ
3575 3303 3637 3358 δὲ
3673 3303 3863 3366 σκότος.

595 3390 824 3441 sensu‘m
892 3385 1158 3455 praabeat.
1233 3384 1553 3448 Tenebras,
1632 3382 1768 3437 boni
1855 3383 2190 3454 honestique

2305 3389 2392 3443 τοῦ
2427 3390 2594 3444 καλοῦ
2621 3393 2721 3462 τὴν
2751 3391 2977 3461 ἄγνοιαν
2999 3410 3014 3424 ·
3050 3392 3112 3446 τὸ
3143 3393 3201 3447 δὲ
3235 3393 3377 3462 φῶς,
3415 3394 3525 3466 τὴν
3554 3397 3744 3448 τούτου
3771 3392 3862 3446 διά·

595 3478 994 3550 ignorantiam;
1046 3477 1250 3542 lucem,
1297 3477 1419 3547 ejus
1468 3475 1828 3545 agnitionem.
1881 3474 2190 3544 Christum,

2305 3498 2521 3549 γνωσιν.
2563 3483 2801 3554 Χριστὸν
2834 3484 2889 3538 δὲ
2918 3483 3182 3556 κέκληκε,
3219 3484 3318 3556 τὴν
3348 3485 3546 3540 οὐσίαν
3589 3484 3684 3539 τοῦ
3715 3481 3862 3538 καλοῦ

594 3573 727 3628 1)οηὶ
768 3571 1106 3640 honestique
1149 3568 1446 3639 appellavit
1487 3569 1786 3623 essentiam
1827 3583 1892 3623 ac
1927 3569 2190 3626 substan-

2305 3576 2388 3629 καὶ
2438 3574 2538 3644 τὴν
2579 3575 2914 3630 ὑπόστασιν’
2949 3577 3041 3631 τὸν
3084 3577 3331 3632 διάϐολον
3385 3577 3470 3643 δὲ,
3520 3577 3621 3650 τὴν
3661 3575 3859 3630 πάντων

593 3664 749 3718 tiam.
803 3662 1096 3718 Diabolum
1147 3661 1428 3730 denique,
1467 3659 1565 3730 qui
1620 3660 1894 3714 malorum
1939 3662 2187 3717 omnium

2305 3665 2620 3738 γεννητικὴν
2641 3667 2753 3720 τῶν
2777 3667 2970 3722 κακῶν
3002 3669 3290 3741 χειρίστην
3320 3667 3460 3735 ἕξιν.

591 3768 796 3824 parens
825 3752 1078 3816 exsistat,
1109 3750 1412 3821 pessimum
1448 3750 1726 3805 habitum.

664 3847 794 3901 100.
821 3844 959 3900 Cum
1001 3843 1144 3899 ratio
1179 3859 1366 3898 rerum
1408 3841 1536 3898 ﬁnis
1582 3843 1894 3914 modusque
1931 3845 2185 3911 exsistat,

590 3939 824 4010 perinde
861 3946 947 3994 est
987 3937 1055 3992 ad
1104 3937 1336 3992 rationis
1376 3937 1709 4001 absentiam,
1742 3945 1910 4007 atque
1957 3937 2096 3994 adeo
2127 3949 2188 3994 ut

587 4048 618 4086 a
651 4031 868 4087 ratione
900 4030 1217 4093 abhorreat,
1252 4038 1456 4098 praeter
1494 4029 1659 4084 ﬁnem
1704 4029 2058 4100 modumque,
2089 4041 2186 4087 aut

589 4140 784 4180 rursus
809 4139 980 4194 supra
1014 4123 1126 4185 illa,
1159 4123 1394 4177 moveri.
1425 4121 1713 4178 Utrumvis
1739 4123 1912 4188 enim,
1941 4123 2064 4188 hos,
2088 4125 2184 4193 qui

586 4220 668 4273 sic
715 4224 1069 4279 moveantur,
1101 4215 1171 4269 ab
1208 4229 1277 4269 eo
1323 4213 1471 4284 quod
1519 4223 1605 4268 est
1652 4215 1876 4284 proprie
1923 4230 2183 4272 exerrare

586 4310 770 4365 facit:
807 4309 1043 4363 alterum
1089 4307 1348 4376 quidem,
1405 4307 1680 4362 incertum
1738 4308 2017 4377 nullisque
2067 4317 2182 4364 ter-

2305 4298 2436 4361 ἱντος
2477 4299 2638 4370 φέρει
2681 4300 2782 4369 τὴν
2824 4300 3136 4354 ἔκπτωσιν·
3179 4299 3242 4352 τὸ
3289 4301 3409 4371 μὲν,
3459 4301 3664 4372 ἄδηλον
3696 4299 3855 4358 αὐτοῖς

587 4401 754 4455 minis
786 4399 1075 4454 deﬁnitum
1125 4413 1350 4452 cursum
1394 4412 1664 4468 peragere
1700 4397 1967 4465 suadens;
2017 4401 2184 4471 διο

2305 4391 2554 4444 ποιεῖσθαι
2583 4390 2678 4444 τοῦ
2722 4391 2925 4462 δρόμου
2960 4393 3148 4445 πεῖθον
3179 4391 3280 4464 τὴν
3327 4392 3550 4463 κίνησιν
3591 4391 3688 4445 καὶ
3724 4388 3853 4460 ἀόρι-

583 4493 667 4548 sic
715 4491 1002 4555 nimirum,
1037 4500 1099 4546 ut
1140 4505 1254 4560 pra:
1304 4491 1507 4544 mentis
1551 4489 2012 4556 immoderantia,
2062 4500 2182 4545 tan-

2305 4499 2432 4549 κτον,
2475 4484 2576 4536 οὐκ
2639 4483 2870 4554 ἔχουσαν
2929 4483 3132 4538 σκοπὸν
3178 4484 3270 4538 τὸν
3313 4484 3448 4538 Θεὸν
3491 4485 3565 4538 δι’
3612 4483 3855 4553 ἀμετρίαν

582 4601 749 4658 quam
778 4585 946 4640 ﬁnem
983 4585 1092 4639 illis
1120 4593 1594 4654 prteconceptum,
1625 4583 1802 4636 Deum
1843 4583 2180 4637 destinatum

2305 4574 2422 4640 δοὺς,
2453 4575 2528 4638 ὡς
2559 4575 2713 4639 τέλος
2754 4576 2938 4638 αὐτοῖς
2973 4576 3503 4646 προεπινοούμενον·
3541 4575 3640 4630 τοῦ
3677 4570 3851 4638 δεξιοῦ.

580 4694 693 4734 non
741 4677 1018 4742 habeant;
1061 4676 1193 4730 dum
1242 4685 1312 4730 eo
1364 4674 1512 4745 quod
1560 4673 1819 4728 dextrum
1864 4683 1982 4738 est,
2032 4675 2179 4729 aliud

2305 4664 2598 4737 εεξιώτερον
2647 4666 3180 4736 ἀναπλαττομένοις’
3229 4669 3291 4720 τὸ
3331 4669 3410 4732 δὲ,
3449 4667 3612 4738 παρὰ
3639 4667 3727 4720 τὸν
3750 4681 3854 4717 σκο-

579 4763 716 4835 quid
761 4763 938 4835 magis
983 4763 1243 4818 dextrum
1295 4777 1359 4817 ac
1409 4762 1647 4826 beatius,
1685 4763 1960 4817 somniant
1997 4781 2011 4816 :
2047 4765 2180 4819 alte-

2305 4758 2405 4822 ιδν,
2441 4760 2579 4831 πρὸς
2627 4761 2795 4831 μόνην
2843 4761 2941 4830 τὴν
2990 4758 3248 4830 αἴσθησιν
3287 4761 3494 4824 αὐτοὺς
3539 4759 3745 4823 πεῖθον,
3773 4754 3851 4808 τοῦ

579 4872 704 4912 rum
743 4872 876 4912 vero
929 4856 984 4910 in
1037 4857 1282 4911 animum
1338 4854 1634 4916 inducens,
1667 4865 1729 4910 ut
1769 4866 1970 4924 praater
2009 4856 2180 4912 desti-

2305 4851 2484 4923 ἰρόμου
2511 4851 2786 4906 ποιεῖσθαι
2811 4852 2912 4922 τὴν
2947 4853 3186 4921 κίνησιν,
3211 4852 3280 4906 δι’
3307 4853 3534 4916 ἀτονίας
3566 4853 3709 4916 νοὸς,
3740 4866 3854 4918 προο

578 4959 792 5010 natum,
827 4949 884 5001 in
937 4947 1118 5002 solum
1167 4961 1394 5000 sensum
1433 4961 1658 5000 cursum
1698 4945 2015 5012 intendant;
2047 4946 2179 5001 dum

2305 4943 2672 5014 :mvooépsvov
2724 4944 2876 5008 τέλος
2924 4944 3269 5014 νομίζοντας,
3336 4944 3396 4996 τὸ
3441 4946 3575 4998 κατ’
3623 4941 3851 5010 αἴσθησιν

577 5053 691 5108 pne
742 5035 948 5090 mentis
999 5035 1349 5104 pusillitate,
1396 5049 1561 5103 quem
1611 5049 1776 5088 sensu
1825 5033 2178 5090 circumscri-

2305 5036 2464 5098 [ὐτοῖς
2509 5036 3023 5106 περιγραφόμενον·
3053 5035 3200 5104 ἀπερ
3229 5036 3415 5105 ἀγνοεῖ
3458 5037 3541 5108 μὴ
3575 5033 3852 5106 πάσχων.ό

579 5128 754 5190 bunt,
809 5135 1256 5196 prmconceptum
1309 5124 1474 5178 ﬁnem
1533 5124 1872 5180 existimant.
1920 5125 2046 5179 llaac
2097 5127 2176 5179 rci

2305 5128 2426 5197 ιόνῳ
2469 5126 2547 5197 τῷ
2589 5127 2735 5198 λόγῳ
2781 5127 2887 5196 τῆς
2918 5129 3121 5200 ἀρετῆς
3153 5130 3523 5200 συνημμένος,
3559 5130 3657 5183 καὶ
3693 5127 3850 5181 πᾶσαν

580 5219 702 5289 ipso
729 5235 894 5275 sensu
937 5234 1048 5273 non
1089 5219 1400 5288 experitur,
1437 5218 1532 5286 qui
1571 5217 1674 5272 soli
1708 5217 1934 5272 virtutis
1975 5218 2176 5272 rationi

2305 5218 2426 5288 ,ὑτῷ
2471 5219 2571 5288 τῆς
2601 5218 2743 5272 κατὰ
2782 5220 2910 5272 νοῦν
2951 5220 3164 5284 οἰκείας
3194 5221 3478 5291 δυνάμεως
3516 5219 3851 5290 περιγράψας

577 5311 890 5374 devinctus,
917 5325 1139 5364 omnem
1176 5309 1384 5364 mentis
1415 5325 1527 5364 suae
1556 5309 1834 5364 facultatis
1868 5317 2079 5363 motum
2110 5326 2174 5366 ea

2307 5313 2373 5382 ὴν
2405 5312 2643 5381 κίνησιν,
2691 5313 2787 5366 καὶ
2833 5312 3085 5366 διοιτοῦτο
3131 5313 3296 5384 μηδὲν
3333 5313 3475 5384 ὑπὲρ
3526 5315 3624 5366 τὸν
3656 5306 3849 5381 λόγονῆ

576 5399 862 5465 deﬁnivit;
895 5415 960 5454 ex
991 5414 1101 5469 quo
1136 5398 1212 5453 illi
1241 5406 1348 5462 est,
1379 5408 1442 5454 ut
1475 5399 1617 5452 nihil
1649 5413 1814 5468 supra
1842 5406 1937 5452 aut
1969 5408 2169 5468 praeter

2305 5406 2429 5474 ταρὰ
2459 5405 2550 5457 τὸν
2582 5403 2740 5472 λόγον
2778 5404 3112 5459 διανοεῖσθαι
3145 5405 3462 5475 δυνάμενος.

575 5489 870 5551 rationem,
903 5488 1106 5556 illaque
1131 5488 1304 5541 invita
1334 5488 1520 5542 animo
1554 5487 1795 5557 cogitare
1825 5488 2020 5557 possit.

893 5599 1152 5668 QUINTO
1189 5600 1514 5657 CENTENA
1547 5600 1823 5655 CAPITA.

650 5695 699 5746 l.
741 5693 1018 5746 Naturalis
1049 5693 1211 5757 ratio,
1245 5709 1345 5762 pcr
1375 5693 1585 5748 medias
1614 5691 1871 5760 virtutes,
1903 5710 2029 5748 cum
2069 5694 2162 5763 qui

647 5802 662 5821 '
696 5801 776 5857 Cf.
813 5803 876 5856 ad
909 5803 1066 5858 Thal.
1097 5820 1147 5874 q.
1187 5806 1273 5858 64.

2381 2022 2492 2090 ιη’.
2521 2021 2608 2076 Ἐἰ
2634 2023 2900 2085 ἀπιστίας
2940 2023 3000 2075 ἐν
3020 2025 3086 2093 τῇ
3133 2022 3319 2074 πίστει
3352 2020 3512 2090 λόγος
3550 2020 3733 2084 οὐδεὶς,
3756 2019 3854 2073 οὐδὲ

2311 2113 2540 2178 σκότους
2591 2113 2742 2167 αἰτία
2791 2113 2936 2167 κατὰ
2984 2113 3147 2181 φύσιν
3194 2113 3432 2184 ὑπάρχει
3480 2112 3544 2166 τὸ
3583 2113 3712 2180 φῶς,
3752 2112 3854 2166 οὐδὲ

2310 2205 2532 2275 Χριστῷ
2563 2204 3046 2259 συνενδείκνυσθαι
3089 2205 3335 2274 πέφυκεν
3375 2207 3405 2258 ὁ
3448 2203 3707 2268 διάϐολος.
3725 2202 3854 2272 δῆλον

2307 2295 2383 2359 ὡς
2409 2296 2532 2350 οὐδὲ
2563 2295 2642 2366 τῷ
2671 2297 2814 2368 λόγῳ
2842 2297 3174 2368 τοπαράπαν
3193 2298 3536 2368 συνυπάρχει
3569 2297 3629 2350 τὺ
3654 2297 3851 2368 mde

2308 2404 2426 2457 γον.
2459 2389 2522 2441 Εἰ
2565 2387 2624 2442 δὲ
2675 2387 2754 2459 τῷ
2792 2388 2936 2459 λόγῳ
2978 2391 3220 2443 συνεῖναι
3253 2389 3540 2452 παντελῶς
3570 2390 3629 2442 οὑ
3666 2389 3854 2442 δύναται

2308 2478 2370 2531 τὸ
2403 2479 2739 2550 παράλογον,
2769 2481 2798 2532 ὁ
2831 2480 2970 2550 πρὸς
3011 2479 3104 2533 τὸν
3150 2479 3309 2549 λόγον
3347 2479 3461 2533 τῶν
3512 2479 3716 2550 ἀρετῶν
3747 2481 3850 2532 ἀνα-

2304 2569 2476 2640 χθεὶς,
2527 2569 2628 2642 τὴν
2691 2572 2800 2625 τῶν
2847 2571 3179 2642 παραλόγων
3226 2573 3485 2643 οὐδαμῶς
3529 2572 3854 2642 ἐπιγνώσεται

2304 2662 2476 2728 θέσιν,
2520 2663 2690 2735 μόνην
2720 2664 2798 2727 ὡς
2833 2664 3005 2729 ἐστιν,
3042 2664 3160 2719 ἀλλ’
3202 2666 3302 2736 οὐχ
3355 2665 3432 2730 ὡς
3488 2665 3758 2737 νομίζεται
3782 2680 3856 2733 γι-

2303 2755 2533 2810 νώσκων
2561 2756 2660 2828 τὴν
2691 2757 2897 2828 ἀρετήν
2917 2774 2931 2790 ·
2967 2759 3062 2811 καὶ
3091 2757 3180 2812 διά
3209 2757 3372 2811 τοῦτο
3421 2758 3570 2830 μήτε
3599 2757 3768 2822 δεξιὰν
3788 2755 3859 2810 διὰ

2302 2851 2401 2920 τῆς
2432 2849 2675 2922 ὑπερὸολ
2689 2850 2773 2920 ἧς,
2819 2852 2959 2923 μήτε
3000 2851 3300 2924 ἀριστερὰν
3336 2851 3426 2906 διὰ
3469 2851 3574 2922 τῆς
3603 2851 3858 2922 ἐλλείψεως

2301 2941 2692 3012 ἐπιστάμενος.
2736 2943 2858 2997 Ἐπ’
2892 2944 3098 3014 ἀμφοῖν
3141 2945 3252 3015 γὰρ
3281 2945 3583 3016 θεωρεῖται
3612 2942 3790 3012 σαφῶς
3808 2941 3859 2995 τὸ

2300 3033 2631 3104 παράλογον.

2363 3849 2428 3914 ρ’.
2473 3843 2536 3897 El
2569 3845 2695 3916 ὅρος
2728 3847 2966 3919 ὑπάρχει
3015 3847 3110 3902 καὶ
3159 3847 3359 3918 μέτρον
3386 3847 3498 3902 τῶν
3529 3845 3701 3902 όντων
3731 3845 3758 3898 ὁ
3782 3843 3858 3898 λό-

2287 3953 2404 4005 γος,
2438 3937 2556 3992 ἴσον
2600 3938 2739 4010 πρὸς
2785 3939 3012 4008 ἀλογίαν
3039 3941 3176 4005 ἐστὶ,
3207 3940 3304 3994 κα)⁵
3335 3939 3425 3994 διὰ
3447 3941 3615 3994 τοῦτο
3645 3936 3859 4008 παράλο-

2288 4044 2406 4096 γον.
2437 4027 2500 4080 τὸ
2531 4028 2688 4100 παρὰ
2707 4029 2801 4082 τὸν
2831 4029 2956 4099 ὅρον
2985 4029 3078 4084 καὶ⁵
3107 4029 3257 4098 παρὰ
3304 4029 3364 4082 τὸ
3391 4031 3624 4101 μέτρον,
3654 4028 3688 4099 ἢ
3719 4025 3858 4080 πάλιν

2288 4119 2427 4189 ὑπὲρ
2458 4119 2549 4172 τὸν
2583 4120 2710 4190 ὅρον
2752 4119 3025 4174 κινεῖσθαι
3048 4121 3142 4174 καὶ
3176 4119 3318 4191 ὑπὲρ
3351 4119 3414 4172 τὸ
3448 4121 3680 4190 μέτρον.
3726 4113 3856 4171 Ἐπί-

2286 4224 2389 4278 σης
2422 4206 2534 4279 γὰρ
2581 4207 2751 4277 ἄμφω
2794 4210 2907 4271 τοῖς
2959 4207 3103 4261 οὑτω
3145 4207 3488 4279 κινουμένοις
3536 4207 3636 4261 τοῦ
3672 4205 3854 4278 acupis»:

2678 5605 3098 5658 ΕΚΑΤΟΝΤΑΣ
3137 5605 3454 5658 ΠΕΜΠΤΗ.

2344 5702 2412 5749 α’.
2457 5699 2472 5714 ⁹
2509 5698 2568 5749 Ὀ
2609 5699 2749 5751 κατά
2795 5697 2957 5767 φύσιν
3006 5697 3184 5766 λόγος,
3232 5699 3319 5752 διά
3371 5697 3554 5767 μέσων
3598 5696 3707 5748 τῶν
3733 5695 3847 5775 ἀρε-
