4060 6406
311 352 440 420 13ι9

979 349 1315 411 CAPITUM
1356 347 1782 418 QUINQUIES
1820 346 2344 407 CENTENQRUM
2382 347 2770 408 CENTURIA
2811 349 2873 408 ν.

3457 347 3594 415 1350

306 474 431 534 τῶν,
464 468 602 541 πρὸς
631 468 725 522 τὸν
761 467 888 522 νοῦν
931 467 1159 536 ἀνάγειν
1209 467 1423 537 πέφυκε
1467 466 1558 518 τὸν
1599 463 1892 536 ἐπιμελού-

2015 465 2206 518 ietioni
2250 464 2592 534 diligentiam
2635 467 2821 534 habet,
2861 466 2930 522 ad
2967 466 3388 538 intelligentiam
3432 484 3593 523 men-

308 582 464 636 μενον
497 563 750 633 πράξεως
771 575 784 588 ’
817 563 849 615 ὁ
875 561 933 614 δὲ
975 562 1100 624 νοῦς
1132 561 1269 632 πρὸς
1301 560 1400 632 τὴν
1442 560 1638 627 σοφίαν
1677 559 1891 626 εἰσάγει

303 657 388 709 διὰ
418 653 656 726 θεωρίας
697 653 790 706 τὸν
833 654 1120 724 ἐφιέμενον
1161 651 1438 720 γνώσεως.
1476 653 1548 706 Τὸ
1571 653 1626 705 δὲ
1654 651 1894 722 παράλο-

305 764 397 815 γον
425 745 618 808 πάθος,
653 745 792 810 πρὸς
836 743 935 814 τὴν
980 742 1236 813 αἴσθησιν
1265 743 1442 796 πείθει
1484 741 1893 812 καταφέρεσθαι

304 839 396 894 τὸν
422 836 738 908 ἀμελοῦντα
769 837 878 890 τῶν
916 835 1172 898 ἐντολῶν,
1207 831 1275 908 ἧς
1317 834 1472 898 τέλος
1501 835 1640 900 ἐστὶ,
1669 834 1730 888 τὸ
1757 833 1895 906 πρὸς

302 931 399 1002 τὴν
427 929 625 1000 ἡδονὴν
657 926 1047 1000 καθηλωθῆναι
1069 926 1161 982 τὸν
1189 925 1337 982 νοῦν.

374 1110 438 1180 β’.
495 1107 728 1180 Ἀρετὴν
771 1108 951 1170 καλεῖ,
985 1107 1086 1178 τὴν
1118 1106 1507 1176 ἀπαθεστάτην
1551 1109 1648 1160 καὶ
1688 1105 1896 1175 παγίαν

304 1205 432 1276 περὶ
460 1204 521 1256 τὸ
548 1201 715 1257 καλὸν
760 1201 896 1266 ἐξιν,
925 1195 994 1273 ἦς
1031 1200 1119 1270 ἐφ’
1148 1200 1388 1271 ἑκάτερα
1419 1199 1766 1272 καθέστηκεν
1806 1201 1898 1253 οὑ-

302 1299 409 1362 δὲν,
450 1297 587 1350 Θεοῦ
619 1295 892 1366 φερούσης
919 1297 1273 1366 χαρακτῆρα,
1305 1285 1349 1360 ᾧ
1378 1292 1530 1346 οὐδέν
1557 1293 1704 1346 ἐστιν
1739 1294 1897 1346 ἐναν-

303 1389 435 1444 τίον.
465 1386 629 1441 Αἰτία
675 1386 733 1438 δὲ
771 1383 883 1438 τῶν
917 1385 1130 1455 ἀρετῶν
1164 1386 1317 1436 ἐστιν
1345 1385 1374 1437 ὁ
1413 1383 1547 1446 Θεός
1569 1398 1582 1412 ·
1614 1382 1806 1436 τούτου
1839 1384 1896 1435 δὲ

303 1480 424 1535 κατ’
446 1480 730 1552 ἐνέργειαν
769 1478 994 1547 γνῶσις,
1032 1479 1067 1547 ἠ
1099 1476 1190 1531 τοῦ
1213 1476 1337 1530 κατ’
1369 1475 1630 1546 ἀλήθειαν
1653 1476 1899 1544 ἐπεγνω-

304 1575 460 1636 κὰτος
483 1573 575 1626 τὸν
597 1571 730 1625 Θεὸν
751 1571 888 1642 πρὸς
915 1570 978 1624 τὸ
1002 1569 1226 1640 πνεῦμα
1253 1567 1396 1622 κατά
1423 1567 1523 1630 τὴν
1546 1566 1660 1631 ἕξιν
1671 1567 1899 1621 ἀλλοίω-

306 1685 411 1730 σις.

371 1765 441 1826 γ’.
468 1759 530 1811 Εἰ
553 1759 580 1810 ὀ
595 1757 752 1826 λόγος
780 1753 1034 1826 διώρισεν
1055 1754 1132 1819 ὡς
1161 1753 1404 1824 πέφυκεν
1421 1753 1652 1807 ἑκάστου
1674 1754 1773 1824 τὴν
1790 1753 1899 1823 γέ·-

1998 567 2222 626 temque
2252 557 2500 626 proclive
2541 559 2840 627 provehit:
2877 576 3034 615 mens
3078 575 3214 614 vero
3255 562 3595 630 contempla-

1997 649 2167 704 tionis
2196 651 2348 704 cultu
2381 650 2626 704 scientiae
2655 650 2934 706 desiderio
2962 651 3240 716 aﬂ‘cctum,
3271 651 3340 705 ad
3369 651 3588 720 sapien-

1998 742 2127 796 tiam
2161 741 2398 797 inducit.
2423 741 2557 809 Qum
2580 751 2765 797 autem
2793 759 2824 797 a
2852 743 3065 797 ratione
3093 743 3276 812 passio
3304 741 3591 806 abhorret,

1997 847 2062 892 ut
2110 836 2165 890 in
2214 853 2436 892 sensum
2488 853 2736 909 praeceps
2781 845 2910 891 ruat
2959 837 3038 891 illi
3097 845 3292 891 auctor
3337 845 3449 900 est,
3495 837 3592 905 qui

1997 929 2256 984 mandata
2285 930 2543 1001 negligit;
2585 932 2745 1000 cujus
2785 928 2913 984 ﬁnis
2945 939 3050 992 est,
3081 936 3144 982 ut
3183 943 3341 983 mens
3371 927 3594 982 libidini

1998 1021 2207 1076 hmrcat
2233 1022 2398 1092 eique
2429 1023 2644 1078 confixa
2674 1023 2766 1077 sit.

2067 1113 2122 1167 2.
2173 1113 2448 1169 Virtutem
2513 1125 2710 1179 vocat,
2776 1113 3198 1184 pacatissimum
3266 1111 3595 1180 ﬁrmumque

1998 1206 2222 1262 honesti
2263 1208 2513 1277 rectique
2561 1208 2836 1272 habitum,
2882 1207 3023 1260 nihil
3075 1206 3341 1274 utrinque
3388 1204 3598 1258 haben-

2001 1308 2134 1365 tem,
2163 1302 2259 1370 qui
2294 1301 2394 1356 Dei
2438 1303 2819 1358 characterem
2864 1303 3026 1366 ferat,
3059 1303 3150 1356 cui
3193 1301 3334 1355 nihil
3365 1300 3600 1355 exsistat

1999 1393 2366 1447 contrarium.
2402 1393 2686 1448 Virtutum
2731 1401 2916 1447 autem
2965 1409 3132 1448 causa
3181 1393 3326 1446 Deus
3359 1401 3465 1454 est,
3498 1406 3597 1444 seu

2000 1493 2195 1538 auctor
2229 1501 2242 1537 :
2281 1484 2378 1537 Dei
2421 1500 2557 1538 vero
2601 1484 2658 1538 in
2708 1491 2833 1539 actu
2889 1483 3154 1554 cognitio,
3190 1483 3306 1552 ipsa
3342 1483 3462 1551 ejus
3501 1480 3596 1550 qui

1998 1591 2132 1631 vere
2199 1577 2373 1630 Deum
2431 1576 2659 1646 agnovit
2703 1575 2760 1630 in
2824 1576 3090 1645 spiritum
3148 1574 3343 1629 habitu
3397 1573 3600 1626 immu-

2002 1665 2159 1720 tatio.

2071 1760 2124 1813 5.
2164 1757 2303 1812 Cum
2345 1759 2510 1823 ratio,
2548 1759 2818 1829 cujusque
2857 1758 2958 1823 rei,
2992 1773 3095 1828 pro
3121 1774 3190 1814 eo
3223 1773 3289 1812 ac
3329 1757 3407 1812 illi
3448 1771 3600 1812 com-

303 1867 470 1914 νεσιν,
499 1850 653 1903 οὐδὲν
681 1849 792 1902 τῶν
814 1847 984 1901 ὄντων
1014 1847 1177 1900 ἑαυτὸ
1191 1845 1438 1915 φυσικῶς
1462 1846 1494 1914 ἢ
1518 1844 1899 1916 ὑπερϐέϐηκεν

2015 1859 2260 1920 paratum
2289 1859 2395 1915 est,
2431 1851 2798 1906 substantiam
2829 1861 3199 1922 naturamque
3234 1851 3594 1915 discreverit;

307 1943 335 2012 ἣ
369 1941 734 2010 ὑποϐέϐηκεν.
775 1937 986 1993 Οὐκοῦν
1019 1940 1145 2009 ὅρος
1189 1938 1288 2008 μέν
1317 1937 1426 1990 τῶν
1454 1936 1625 1990 ὄντων
1669 1936 1835 2000 ἐστὶν,
1866 1937 1899 2004 ἡ

305 2033 425 2086 κατ’
446 2031 631 2101 ἔφεσιν
647 2032 747 2101 τῆς
761 2031 940 2094 αἰτίας
967 2031 1261 2098 ἐπίγνωσις
1280 2045 1296 2059 ο
1319 2028 1516 2099 μέτρον
1547 2029 1624 2092 δὲ,
1649 2029 1681 2099 ἡ
1705 2027 1898 2097 ἐφικτὴ

305 2127 417 2188 τοῖς
436 2121 557 2177 οὖσι
587 2125 708 2177 κατ’
754 2123 1036 2190 ἐνέργειαν
1059 2122 1158 2190 τῆς
1186 2121 1365 2183 αἰτίας
1391 2121 1716 2190 ἐκμίμησις.
1747 2120 1821 2172 Τὸ
1844 2119 1901 2172 δέ

307 2217 451 2287 ὑπὲρ
475 2216 565 2269 τὸν
590 2217 718 2286 ὅρον
752 2215 1019 2284 φέρεσθαι
1043 2213 1138 2267 καὶ
1170 2213 1230 2265 τὸ
1267 2212 1468 2282 μέτρον
1500 2211 1610 2264 τῶν
1647 2209 1902 2281 κινουμέ-

306 2325 414 2360 νων
439 2306 540 2378 τὴν
569 2306 776 2375 ἔφεσιν,
809 2306 1069 2374 ἀνόνητον
1101 2306 1248 2358 ποιεῖ
1281 2304 1371 2357 τὸν
1396 2303 1617 2374 δρόμον,
1659 2302 1733 2374 μὴ
1759 2319 1896 2355 κατ-

306 2396 596 2452 αντὼντων
648 2401 728 2461 εἰς
776 2397 930 2461 Θεὸν,
983 2398 1042 2449 ἐν
1092 2390 1136 2464 ᾧ
1186 2397 1375 2466 ήκατ’
1425 2396 1612 2464 ἔφεσιν
1677 2395 1897 2446 πάντων

310 2489 530 2542 ἵσταται
580 2487 814 2559 κίνησις,
865 2486 1279 2541 αὑθυπόστατον
1316 2485 1582 2555 δεχομένη
1611 2483 1764 2547 τέλος
1797 2483 1896 2537 τοῦ

308 2579 448 2634 Θεοῦ
482 2579 580 2650 τὴν
607 2579 932 2632 ἀπόλαυσιν.
968 2578 1042 2629 Τὸ
1074 2575 1131 2628 δὲ
1174 2575 1327 2646 παρά
1356 2575 1448 2628 τὸν
1477 2575 1603 2646 ὅρον
1633 2573 1893 2645 φέρεσθαι

311 2675 407 2728 καί⁸
433 2673 493 2726 τὸ
527 2673 729 2744 μέτρον
764 2671 874 2725 τῶν
909 2670 1251 2742 κινουμένων
1278 2669 1376 2739 τὴν
1407 2667 1616 2737 ἔφεσιν,
1647 2667 1906 2737 ἀνόνητον

310 2766 459 2818 ποιεῖ
487 2764 578 2818 τὸν
611 2762 833 2835 δρόμον,
865 2761 988 2816 ἀντὶ
1031 2760 1170 2815 Θεοῦ
1209 2758 1602 2813 καταντῶντων
1643 2757 1784 2829 πρὸς
1807 2757 1909 2827 τὴν

313 2857 594 2928 αἴσθησιν,
641 2858 700 2908 ἐν
818 2853 945 2907 καθ’
979 2852 1174 2924 ἡδονὴν
1221 2851 1456 2922 βέϐηκεν
1495 2853 1529 2922 ἡ
1564 2849 1673 2904 τῶν
1717 2849 1908 2904 παθῶν

314 2947 689 3009 ἀνυπόστατος
720 2945 1044 3004 ἀπόλαυσις.

2005 1941 2156 1996 nulla
2209 1958 2301 1997 res
2342 1951 2428 1997 est
2476 1959 2599 2012 qua:
2647 1944 2886 2012 seipsam
2936 1951 3136 1997 natura
3188 1941 3451 2003 excedat,
3503 1948 3599 1993 aut

2005 2033 2186 2103 seipsa
2223 2033 2456 2088 inferior
2483 2034 2576 2088 sit.
2611 2034 2803 2104 Itaque
2839 2050 3026 2088 rerum
3061 2033 3187 2088 ﬁnis
3215 2043 3380 2102 atque
3407 2033 3597 2086 termi-

2005 2139 2133 2186 nus,
2175 2123 2435 2178 Auctoris
2481 2123 2760 2177 desiderio
2813 2123 3023 2194 agnitio
3075 2122 3293 2178 exsistit
3338 2138 3350 2173 :
3402 2120 3600 2174 modus

2002 2228 2159 2279 vero,
2193 2216 2316 2286 ejus
2362 2214 2540 2284 ipsius
2585 2215 2826 2269 imitatio
2869 2225 2982 2279 est,
3024 2229 3190 2285 quam
3245 2229 3335 2269 res
3373 2213 3428 2267 in
3471 2221 3597 2268 actu

2005 2305 2226 2376 assequi
2263 2306 2500 2375 possint.
2532 2305 2688 2372 Quod
2726 2322 2892 2376 porro
2935 2322 3102 2376 supra
3147 2305 3312 2360 tinem
3348 2313 3603 2359 moriunt-

2004 2412 2136 2465 que,
2165 2412 2360 2452 eorum
2393 2412 2515 2467 qua:
2543 2405 2838 2452 moventur
2863 2399 3143 2467 appetitus
3169 2395 3398 2460 feratur,
3435 2394 3606 2448 inuti-

2003 2489 2112 2543 lem
2143 2489 2330 2543 reddit
2357 2504 2608 2554 cursum,
2642 2489 2789 2559 quod
2815 2489 2882 2543 ad
2913 2490 3085 2544 Deum
3109 2505 3220 2543 non
3252 2487 3598 2558 perveniant,

2005 2577 2062 2631 in
2108 2592 2220 2646 quo
2270 2577 2520 2630 omnium
2568 2576 2929 2647 appetitionis
2979 2585 3198 2640 motus,
3245 2577 3424 2648 ipsum
3469 2587 3603 2629 vere

2003 2669 2364 2723 exsistentem
2410 2668 2572 2724 ﬁnem
2608 2669 2846 2739 (beatam
2894 2669 3112 2724 scilicet
3153 2669 3248 2724 Dci
3297 2668 3605 2738 possessio-

2005 2760 2155 2832 nem)
2188 2770 2407 2825 nactus,
2437 2760 2802 2830 conquiescit.
2839 2760 2935 2816 Sin
2975 2770 3158 2815 autem
3197 2771 3400 2831 prmter
3435 2760 3600 2815 ﬁnem

2006 2853 2347 2923 modumque
2401 2868 2597 2907 eorum
2650 2853 2932 2924 appetitus
2988 2853 3220 2917 feratur,
3275 2869 3398 2923 qua:
3449 2862 3602 2908 metu

2012 2944 2339 3009 incitantur,
2389 2944 2644 2998 inutilem
2698 2951 2928 3014 praestat
2983 2959 3244 3008 cursum,
3297 2945 3426 2999 dum
3482 2945 3606 2999 loco

317 3039 410 3094 Dei
485 3038 541 3092 in
607 3049 831 3091 sensum
870 3032 1147 3098 incidunt,
1187 3031 1246 3087 in
1286 3046 1398 3102 quo
1437 3031 1620 3087 inanis
1684 3031 2108 3103 frustraneaque
2175 3033 2477 3090 aﬂectuum
2541 3035 2951 3105 libidinumque
3027 3035 3220 3091 fruitio
3288 3037 3605 3106 voluptarie

314 3130 611 3188 conﬂatur.

383 3242 454 3297 δ’.
507 3244 566 3297 ’0
595 3242 734 3314 πρὸς
761 3241 860 3314 τὴν
898 3241 1081 3295 αἰτίαν
1126 3241 1235 3295 τῶν
1270 3241 1440 3295 ὅντων
1487 3238 1737 3311 ἀσχέτως
1775 3240 1905 3293 ἀνα-

2083 3219 2243 3291 611
2297 3218 2350 3272 4.
2389 3218 2544 3275 Mens
2593 3218 2647 3274 in
2697 3235 2882 3274 rerum
2936 3235 3158 3275 causam
3199 3219 3610 3289 Auctoremque

319 3337 495 3400 τιθεὶς
556 3336 682 3390 νοῦν
713 3377 728 3400 ,
774 3335 1033 3404 ἀγνοήσει
1083 3333 1389 3400 παντελῶς,
1437 3333 1641 3404 μηδένα
1688 3331 1909 3402 θεωρῶν

325 3431 509 3498 λόγον,
548 3416 604 3483 ἐν
644 3428 723 3500 τῷ
762 3427 905 3481 κατὰ
950 3427 1132 3479 πᾶσαν
1159 3425 1341 3480 αἰτίαν
1371 3424 1514 3496 ὑπὲρ
1540 3423 1719 3477 πάντα
1750 3423 1909 3492 λόγον

318 3523 439 3576 δντι
473 3522 594 3576 κατ’
610 3521 799 3575 οὐσίαν
821 3519 941 3584 Θεῷ
967 3535 980 3547 ·
1011 3518 1150 3590 πρὸς
1180 3517 1240 3571 ὃν
1267 3517 1376 3570 ἀπὸ
1403 3516 1515 3568 τῶν
1540 3516 1708 3571 ὄντων
1738 3517 1912 3572 ἁπάν-

319 3630 432 3667 των
469 3611 778 3674 συσταλεὶς,
805 3607 996 3662 οὐδένα
1030 3606 1140 3660 τῶν
1190 3605 1287 3675 ἀφ’
1329 3598 1406 3659 ὧν
1452 3606 1666 3670 ἀπέστη
1710 3603 1906 3673 λόγων,

320 3704 642 3764 ἐπίσταται,
681 3700 843 3772 μόνον
891 3699 982 3752 τὸν
1031 3697 1169 3769 πρὸς
1219 3695 1279 3750 ὃν
1317 3696 1508 3765 γέγονε
1550 3696 1693 3750 κατὰ
1727 3697 1908 3766 χάριν,

322 3793 754 3867 ἁνερμηνεὺτως
800 3791 1100 3863 θεώμενος.
1153 3790 1264 3843 Καὶ
1300 3788 1411 3861 γὰρ
1469 3789 1564 3842 καὶ
1619 3789 1748 3852 τοὺς
1803 3786 1911 3840 τῶν

322 3886 636 3955 ἀσωμάτων
685 3884 780 3937 καλ⁸
809 3883 937 3947 τοὺς
967 3881 1077 3934 τῶν
1121 3880 1390 3952 σωμάτων
1424 3880 1619 3950 ἀφίησι
1641 3879 1855 3948 λόγους,
1885 3881 1912 3931 ὁ

333 3979 477 4049 πρὸς
514 3974 606 4027 τὸν
653 3973 786 4027 Θεὸν
830 3970 1158 4043 ἀναδραμὼν
1188 3972 1309 4024 κατ’
1352 3970 1609 4024 ἔκστασιν
1649 3967 1793 4033 νοῦς.
1836 3968 1911 4021 Οὑ

325 4069 440 4138 γὰρ
484 4065 697 4134 πέφυκέ
733 4083 786 4118 τι
817 4063 938 4135 Θεῷ
965 4064 1074 4117 τῶν
1117 4063 1255 4134 μετὰ
1303 4061 1455 4128 Θεὸν,
1494 4063 1611 4132 ἅμα
1648 4077 1913 4130 συγκατο-

330 4157 651 4215 πτεύεσθαι.

397 4333 464 4382 ε’.
482 4327 619 4382 ‘Emi
628 4344 786 4400 ρατον
802 4327 971 4392 ὅντως
985 4327 1158 4389 πάθος
1191 4329 1220 4382 ὁ
1236 4327 1426 4398 τῦφος,
1447 4328 1540 4380 καὶ
1551 4325 1717 4380 ἐκδύο
1731 4324 1918 4379 κακῶν

328 4421 474 4476 κατά
506 4419 757 4473 σύνθεσιν
785 4420 1201 4491 συνιστάμενον,
1238 4418 1624 4489 ὑπερηφανίας
1657 4417 1802 4488 φημὶ
1824 4415 1918 4469 καί

328 4510 672 4578 κενοδοξίας’
710 4503 786 4565 ὧν
827 4512 861 4581 ἡ
911 4510 1013 4580 μὲν
1067 4509 1438 4580 ὑπερηφανία,
1472 4509 1570 4578 τὴν
1608 4509 1790 4562 αἰτίαν
1821 4509 1918 4577 ἀρ·-

2013 3311 2188 3366 libcre
2238 3312 2472 3374 intenta,
2525 3311 2756 3366 omnino
2809 3311 3107 3381 ignorabit,
3147 3312 3355 3364 nullam
3397 3311 3454 3364 in
3494 3313 3608 3367 Deo

2012 3412 2284 3458 contuens
2343 3403 2649 3467 rationem,
2716 3403 2811 3470 qui
2871 3403 3250 3458 cssentialiter
3303 3403 3609 3458 secundum

2013 3507 2235 3548 onmem
2289 3509 2510 3548 causam
2541 3535 2556 3558 ,
2609 3495 2762 3549 omni
2815 3495 3074 3564 superior
3127 3494 3342 3550 ratione
3387 3503 3474 3549 est
3507 3513 3522 3549 :
3552 3497 3606 3550 in

2012 3598 2177 3652 quem
2226 3599 2256 3638 a
2303 3585 2521 3639 cunctis
2566 3585 2735 3640 rebus
2791 3585 3043 3648 collecta,
3085 3585 3291 3639 nullam
3325 3600 3538 3649 earum,
3575 3601 3610 3641 a

2013 3671 2218 3740 quibus
2247 3672 2538 3738 abscessit,
2572 3673 2852 3728 rationum
2897 3673 3081 3739 novit;
3117 3673 3297 3728 solum
3344 3674 3610 3729 nimirum

2014 3761 2082 3817 ad
2110 3778 2276 3832 quem
2309 3764 2487 3818 evasit
2531 3780 2631 3834 per
2669 3764 2927 3835 gratiam,
2975 3764 3351 3834 inexplicabili
3394 3765 3612 3820 ratione

2014 3868 2248 3908 cernens
2287 3870 2351 3909 ac
2399 3855 2781 3910 considerans.
2823 3855 2955 3920 Qum
2993 3855 3141 3909 enim
3177 3869 3337 3909 mens
3382 3869 3609 3910 excessu

2016 3948 2071 4003 in
2118 3948 2292 4002 Deum
2338 3946 2606 4012 excurrit,
2653 3947 3108 4016 incorporeorum
3141 3947 3258 4018 (seu
3288 3945 3610 4016 spirituum)

2016 4053 2428 4110 corporumque
2481 4038 2679 4093 missas
2733 4038 2977 4092 rationes
3029 4037 3182 4092 facit.
3234 4038 3372 4092 Nam
3429 4053 3612 4108 neque

2017 4139 2394 4201 comparatum
2443 4141 2562 4196 est,
2616 4140 2676 4185 ut
2724 4145 2920 4184 eorum
2971 4129 3218 4200 aliquid,
3265 4146 3386 4200 qum
3427 4146 3458 4185 a
3497 4131 3612 4187 Deo

2017 4221 2260 4278 secunda
2289 4234 2438 4289 sunt,
2471 4238 2581 4277 una
2609 4237 2738 4276 cum
2767 4222 2882 4276 Deo
2910 4222 3308 4291 conspiciatur.

2057 4326 2060 4329 '
2093 4314 2145 4371 5.
2187 4313 2603 4370 Exsecrandum
2633 4327 2827 4368 revera
2852 4311 3050 4366 vitium
3085 4312 3446 4382 aﬂ‘ectusque,
3478 4311 3608 4366 elati

2020 4408 2190 4462 animi
2221 4416 2406 4462 tumor
2433 4421 2498 4461 ac
2532 4406 2708 4460 fastus
2740 4405 3165 4474 insolentiaque,
3195 4419 3372 4472 exque
3402 4403 3610 4474 duplici

2023 4500 2343 4554 coalescens
2371 4499 2541 4563 vitio,
2580 4497 2841 4568 superbia
2883 4497 3150 4550 nimirum
3196 4495 3458 4564 inanique
3494 4495 3614 4565 glo-

327 4605 503 4656 νεῑται
537 4602 634 4674 τῆς
669 4565 877 4673 ἀρετῆς
908 4565 1002 4656 καὶ
1039 4601 1138 4672 τῆς
1177 4565 1403 4672 φῦσεως
1423 4616 1438 4631 ·
1469 4602 1503 4671 ἡ
1528 4565 1590 4653 δὲ
1620 4565 1905 4666 κενοδοξίαΙ

2026 4591 2136 4657 ria;
2167 4607 2401 4661 quarum
2435 4592 2608 4645 altera
2640 4565 2861 4662 (nempe
2891 4586 3172 4658 superbia)
3199 4585 3424 4640 virtutis
3447 4595 3614 4656 atque

327 4695 432 4765 τήν
461 4710 522 4746 τε
555 4693 739 4761 φύσιν,
769 4694 866 4748 καὶ
899 4693 1071 4765 αὐτὴν
1094 4692 1249 4747 νόθον
1283 4694 1384 4765 τὴν
1418 4694 1623 4763 ἀρετὴν
1654 4691 1919 4762 καθίστη-

331 4801 442 4838 σιν.
480 4785 648 4839 Οὐδὲν
677 4785 787 4858 γὰρ
829 4785 908 4856 τῷ
950 4784 1291 4856 ὑπερηφάνῳ
1325 4785 1470 4838 κατὰ
1491 4784 1624 4840 Θεὸν
1655 4782 1921 4854 διαπράτ-

329 4893 507 4944 τεται,
541 4878 634 4931 καὶ
665 4878 822 4932 οὐδὲν
847 4876 928 4951 τῷ
965 4877 1224 4946 κενοδόξῳ
1263 4875 1407 4930 κατά
1455 4876 1619 4946 φύσιν
1662 4877 1920 4948 προέρχεο

329 4984 443 5020 ται.

409 5147 482 5206 ς’.
537 5141 949 5211 ’Υπερηφανίας
997 5141 1150 5207 ἰδιον,
1200 5143 1261 5195 τὸ
1305 5143 1587 5213 ἀρνεῖσθαι
1651 5144 1740 5198 τὸν
1789 5146 1920 5200 Θεὸν

337 5233 541 5303 ἀρετῆς
594 5229 732 5286 εἰναι
787 5232 1015 5301 γενὲτην
1061 5232 1156 5285 καὶ
1194 5233 1442 5300 φύσεωςο
1487 5232 1795 5298 κενοδοξίας
1841 5234 1918 5298 δὲ,

335 5327 399 5378 τὸ
434 5326 680 5398 μερίζειν
733 5325 830 5397 τὴν
886 5327 1048 5396 φύσιν
1102 5326 1246 5398 πρὸς
1304 5325 1530 5394 ὕφεσιν·
1585 5320 1660 5381 ὧν
1692 5328 1720 5379 ὁ
1753 5327 1921 5395 τῦφος

337 5415 476 5470 εἶναι
526 5418 774 5488 γέννημα
811 5418 1078 5487 πέφυκεν,
1113 5415 1226 5482 ἕξις
1255 5417 1458 5481 κακίας
1503 5417 1764 5488 ὑπάρχων
1803 5418 1923 5471 σύν-

339 5508 514 5573 θετος,
549 5510 685 5563 Θεοῦ
721 5511 952 5582 ἄρνησιν
996 5509 1243 5564 ἑκούσιον
1277 5509 1498 5581 ἔχουσα,
1529 5509 1626 5564 καὶ
1655 5511 1755 5580 τῆς
1785 5513 1924 5565 κατὰ

343 5597 507 5668 φύσιν
543 5599 817 5670 ἰσοτιμίας
855 5599 1102 5669 ἄγνοιαν.

2025 4693 2240 4739 natum
2297 4684 2597 4738 Auctorem
2649 4689 2848 4752 neget;
2905 4680 3078 4734 altera
3137 4676 3340 4748 (inanis
3402 4677 3616 4732 scilicet

2026 4775 2223 4849 gloria)
2264 4785 2380 4831 tum
2423 4785 2700 4837 naturam,
2744 4780 2858 4827 tum
2892 4772 3156 4825 virtutem
3195 4770 3370 4839 ipsam
3405 4769 3618 4824 adulte-

2030 4882 2135 4927 ret.
2171 4869 2318 4925 Nihil
2357 4869 2506 4924 enim
2537 4867 2611 4931 ei,
2637 4865 2732 4936 qui
2767 4864 3042 4934 superbus
3070 4863 3162 4929 sit,
3191 4861 3383 4916 divina
3411 4862 3619 4931 pietate

2033 4961 2399 5032 religioseque
2425 4959 2635 5031 agitur;
2664 4957 2917 5026 nihilque
2945 4952 3220 5009 laboranti
3245 4951 3392 5006 inani
3423 4951 3618 5022 gloria,

2028 5072 2094 5109 ex
2125 5063 2337 5108 natura:
2368 5051 2680 5107 rationibus
2715 5047 3095 5120 progreditur.

2100 5146 2153 5200 ϐ.
2188 5145 2482 5214 Proprium
2534 5141 2811 5213 superbiae
2853 5149 2958 5203 est,
2991 5147 3052 5195 ut
3088 5137 3263 5192 Deum
3305 5134 3529 5218 virtutis
3557 5149 3620 5189 ac

2033 5245 2241 5294 naturae
2276 5245 2588 5293 creatorem
2630 5243 2790 5306 neget
2826 5253 2838 5287 :
2875 5231 3056 5288 inanis
3095 5238 3277 5285 autem
3315 5228 3525 5299 gloriae,
3560 5235 3621 5280 ut

2030 5338 2308 5390 naturam,
2354 5327 2476 5397 ejus
2522 5323 2838 5379 mmuendm
2894 5337 2958 5377 ac
3011 5319 3387 5392 deprimcndaa
3431 5332 3617 5376 causa.

2031 5421 2283 5492 partibus
2323 5417 2576 5484 scindat;
2625 5431 2861 5487 quarum
2903 5413 3073 5468 animi
3115 5422 3298 5466 tumor
3333 5409 3620 5476 fastusquc

2027 5521 2084 5567 et
2110 5510 2401 5567 insolentia
2435 5510 2648 5581 (τῦφος,
2681 5507 2762 5562 sic
2787 5506 2998 5562 dictum
3029 5499 3251 5570 vitium)
3279 5499 3465 5570 proles
3497 5512 3619 5553 esse

2031 5605 2196 5670 solet;
2251 5600 2592 5670 compositus
2649 5599 2862 5654 scilicet
2921 5595 3144 5651 malitia:
3199 5591 3460 5654 habitus,
3510 5588 3618 5642 hoc

2031 5697 2264 5760 habens,
2299 5703 2358 5748 ut
2396 5695 2569 5748 Deum
2602 5701 2804 5761 sponte
2841 5690 3096 5758 abneget,
3125 5700 3185 5740 ac
3215 5698 3334 5754 qua:
3363 5698 3392 5736 a
3422 5689 3618 5736 natura

2029 5802 2178 5846 sunt.
2216 5802 2376 5857 pares
2407 5785 2636 5841 honoris
2666 5791 2852 5855 partes
2887 5782 3124 5851 ignoret.
