4060 6422
518 380 647 446 1351

1695 369 1754 428 S.
1802 367 2089 428 MAXIMI
2131 366 2644 431 CONFESSORIS

3637 373 3750 446 1352

583 491 638 542 7.
691 486 834 542 Elati
894 484 1065 540 animi
1127 490 1313 537 tumor
1377 479 1660 548 fastusquc
1709 487 1768 532 et
1817 477 2111 531 insolentia

2289 476 2366 540 C'.
2407 477 2821 548 ’Υπερηφανίας
2865 477 2958 531 καὶ
2997 475 3306 542 κενοδοξίας
3364 475 3524 546 μίξις,
3561 481 3754 554 ότύφις

517 579 614 642 (id
661 585 766 642 est,
811 576 1020 648 τῦφος)
1067 575 1342 646 superbiae
1393 572 1683 641 inanisque
1725 569 1915 641 gloriae
1961 583 2112 623 eom-

511 672 699 726 mistio
748 678 853 734 est,
887 685 1017 740 erga
1066 669 1242 723 Deum
1287 673 1668 735 contemptum
1723 662 1957 726 habens,
1999 675 2110 730 quo

512 763 609 817 Dei
661 762 1098 832 providentiam,
1137 759 1242 830 ipsi
1287 756 1656 819 detrahendo,
1706 769 1978 826 propenso
2021 768 2113 807 ca-

513 854 850 918 lumniatur;
897 868 1026 923 erga
1077 859 1334 905 naturam
1376 865 1532 913 vero,
1564 848 1730 903 alieni
1767 847 1939 901 animi
1979 845 2112 901 θίγε-

512 955 686 1007 etum,
745 957 880 1014 quo,
944 943 1216 1014 quidquid
1299 950 1513 997 naturae
1569 950 1654 995 est
1719 939 2112 994 innaturaliter

512 1037 840 1106 aggrediens
873 1046 1224 1106 tentansque,
1257 1047 1472 1092 naturae
1526 1034 1785 1090 decorem
1841 1033 2110 1089 abusione

511 1127 845 1199 corrumpit.

583 1221 636 1274 8.
675 1221 918 1290 Spiritus
963 1221 1181 1276 ardoris
1212 1221 1281 1287 “,
1316 1220 1524 1275 nedum
1561 1220 1897 1275 tentationcs
1932 1217 2108 1290 signi-

513 1312 660 1376 ﬁcat,
693 1313 790 1368 sed
837 1322 895 1368 et
941 1314 1038 1368 Dei
1091 1312 1538 1378 derelictionem,
1570 1329 1692 1383 qum
1723 1310 1928 1366 Iudaeis
1963 1309 2108 1366 divi-

512 1421 712 1460 norum
761 1406 1036 1460 donorum
1092 1406 1275 1460 ablata
1331 1405 1782 1460 subministratio
1820 1413 1923 1459 est.
1975 1403 2108 1470 Quae

512 1503 695 1549 autem
742 1511 841 1564 per
884 1496 1141 1566 spiritum
1181 1497 1351 1550 animi
1394 1495 1750 1551 necessitudo
1793 1503 1880 1550 est
1907 1503 1963 1549 et
1995 1493 2110 1548 alli-

515 1585 678 1649 nitas,
709 1587 876 1640 animi
910 1588 977 1641 ad
1010 1604 1234 1642 carnem
1262 1589 1615 1644 allectionem
1641 1586 1827 1652 solvit,
1859 1586 2105 1655 Deoque,

512 1677 790 1733 desiderio
817 1678 1059 1743 allixum,
1084 1680 1349 1736 devincit.

582 1857 641 1912 9.
678 1856 792 1911 Lex
843 1859 1150 1923 naturalis,
1207 1874 1334 1914 cum
1394 1860 1670 1930 vigentem
1725 1873 1840 1930 prae
1893 1858 2108 1913 ratione
2142 1837 2179 1890 Β

512 1949 704 2018 illique
751 1949 1144 2019 praevalentem
1197 1965 1424 2006 sensum
1469 1967 1580 2007 non
1628 1951 1911 2016 habuerit,
1955 1951 2105 2006 ultro

510 2055 706 2094 onmes
741 2041 1007 2111 nulloque
1055 2042 1322 2112 magistro
1361 2042 1428 2096 ad
1476 2051 1742 2112 cognatos
1780 2042 2111 2111 generisque

514 2130 930 2185 necessitudine
967 2132 1135 2202 612
1181 2133 1515 2203 conjunetos
1566 2133 1981 2204 amplectendos
2028 2133 2113 2187 in-

511 2221 696 2288 ducit;
743 2223 860 2292 ipsa
897 2224 1158 2278 nimirum
1204 2235 1402 2280 natura
1439 2226 1700 2290 doeenle,
1742 2227 2110 2296 prmstandam

512 2329 695 2383 opem,
739 2315 851 2380 his,
899 2317 995 2385 qui
1048 2317 1366 2388 indigeant;
1414 2325 1470 2372 et
1518 2326 1578 2371 ut
1618 2333 1814 2373 omnes
1851 2320 2113 2373 omnibus

512 2404 719 2469 velint,
771 2406 919 2475 quod
967 2407 1204 2477 quisque
1255 2407 1438 2462 libens
1479 2407 1683 2462 habeat
1729 2406 1835 2462 sibi
1891 2407 1961 2462 ab
2002 2409 2112 2465 alio

513 2499 910 2566 praestandum.
963 2499 1134 2569 quue
1180 2515 1241 2554 ut
1283 2500 1513 2555 doceret
1557 2499 1848 2565 Dominus,
1882 2499 2108 2555 aiebat:

513 2588 851 2660 Quwcunque
883 2589 1044 2644 vultis
1086 2600 1144 2644 ut
1187 2591 1391 2660 faciant
1434 2590 1576 2645 vobis
1627 2591 1888 2656 homines,
1932 2599 1982 2644 et
2026 2606 2112 2644 vos

509 2679 759 2733 similiter
791 2681 950 2749 facile
979 2680 1088 2736 illis
1115 2681 1181 2735 ⁸⁵.

587 2781 670 2836 10.
704 2783 988 2838 Naturalis
1017 2783 1154 2854 legis
1184 2799 1323 2854 opus
1353 2799 1474 2840 esse
1501 2783 1658 2849 dicit,
1690 2791 1751 2838 ut
1775 2780 2110 2837 concordem

512 2874 762 2928 omnium
803 2890 931 2945 erga
978 2889 1173 2929 omnes
1217 2874 1386 2928 animi
1433 2875 1716 2929 voluntate
1757 2873 2109 2928 affectionem

513 2982 579 3020 ac
615 2965 1090 3021 necessitudinem
1129 2974 1379 3036 praestet.
1403 2967 1463 3020 In
1491 2967 1697 3035 quibus
1729 2967 1876 3019 enim
1911 2973 2110 3019 natura

513 3061 730 3114 ratione
772 3060 1009 3128 regitur,
1048 3059 1104 3112 in
1154 3058 1241 3112 his
1273 3067 1681 3127 comparatum,
1718 3067 1780 3112 ut
1809 3074 1953 3112 unus
1990 3058 2110 3112 ani-

515 3166 658 3215 mus,
687 3151 994 3220 eademque
1037 3151 1238 3204 mentis
1277 3151 1499 3204 aﬂ‘eetio
1526 3151 1616 3206 sit.
1646 3151 1890 3216 Quorum
1922 3160 2105 3205 autem
2137 3189 2178 3244 ϐ

513 3244 734 3298 animus
783 3243 1095 3312 mentisque
1143 3242 1392 3306 aﬂ’ectio,
1440 3259 1504 3297 ac
1550 3258 1769 3296 morum
1814 3243 1956 3297 ratio
1998 3258 2107 3297 una

513 3347 620 3396 est,
663 3333 793 3387 vitae
841 3348 1061 3402 quoque
1107 3348 1306 3387 cursus
1342 3333 1522 3402 palam
1571 3349 1717 3388 unus
1755 3349 1875 3389 esse
1918 3334 2103 3389 habet.

513 3425 758 3490 Quorum
823 3433 1010 3478 autem
1080 3439 1298 3478 morum
1379 3425 1520 3480 ratio
1582 3437 1640 3481 et
1698 3426 1825 3481 vitae
1886 3443 2107 3497 quoque

513 3530 712 3570 cursus
759 3515 907 3569 idem
953 3523 1056 3580 est,
1108 3529 1279 3568 unum
1329 3515 1524 3584 utique
1571 3515 1831 3585 idemque
1871 3518 2104 3571 aliorum

513 3624 640 3662 eum
675 3608 798 3663 aliis
833 3608 1001 3662 animi
1032 3606 1311 3662 sententia
1353 3607 1789 3661 necessitudinis
1822 3607 2104 3663 vinculum

513 3698 749 3761 exsistit,
777 3713 885 3751 una
911 3696 1081 3750 animi
1113 3696 1398 3750 voluntate
1427 3711 1491 3750 ac
1517 3697 1815 3762 sententia,
1850 3699 1906 3752 in
1939 3715 2106 3754 unam

513 3807 708 3845 omnes
771 3799 986 3845 naturae
1042 3789 1318 3846 rationem
1381 3803 1612 3861 cogens;
1673 3789 1728 3843 in
1783 3805 1894 3861 qua
1954 3791 2107 3847 nullo

514 3897 742 3952 prorsus
795 3882 1138 3946 modo-'est,
1187 3897 1310 3952 qua:
1368 3896 1520 3936 nunc
1569 3880 1698 3936 caeci
1757 3883 2107 3953 carnalisque

513 3973 718 4028 amoris
773 3975 899 4028 labe
952 3973 1138 4043 viget,
1199 3982 1410 4028 natura:
1474 3973 1694 4028 divisio.
1751 3974 1864 4028 Lex
1920 3987 2106 4029 autem

513 4064 738 4134 scripta,
775 4078 1066 4133 pmnarum
1116 4070 1270 4116 metu
1319 4063 1715 4133 incompositos
1761 4063 2109 4134 insipientio-

513 4174 635 4212 rum
673 4159 1082 4228 appetitionum
1118 4166 1306 4212 motus
1339 4157 1620 4221 inhibens,
1659 4157 1726 4213 ad
1759 4159 1930 4212 solam
1963 4160 2106 4228 tequi

513 4251 964 4306 distributionem
1018 4251 1265 4305 animum
1323 4251 1651 4315 attendere,
1705 4252 1868 4320 eique
1921 4268 2106 4307 assue-

513 4361 668 4400 scere
723 4346 887 4400 docet
923 4363 936 4398 :
969 4360 1078 4414 qua
1135 4345 1401 4399 nimirum
1452 4346 1681 4416 justitia:
1727 4345 1809 4399 vis
1859 4354 2105 4416 tempore

515 4438 748 4501 ﬁrmata,
786 4437 842 4490 in
867 4445 1123 4490 naturam
1149 4436 1377 4502 transit;
1423 4437 1496 4491 ita
1524 4437 1788 4491 nimirum
1815 4448 1876 4492 ut
1915 4439 2105 4507 paula-

2216 564 2525 632 καθέστηκε
2549 583 2561 594 ·
2601 567 2738 636 πρὸς
2785 567 2885 637 μὲν
2921 566 3012 619 τὸν
3040 566 3175 619 Θεὸν
3212 565 3355 635 ἔχων
3396 567 3488 636 τὴν
3513 577 3752 644 καταφρόο

2215 672 2394 722 νησιν,
2435 656 2558 709 καθ’
2594 657 2661 728 ἢν
2702 658 2914 726 πέφυκε
2968 657 3306 728 βλασφήμως
3342 658 3628 716 διαϐάλλειν
3670 666 3753 737 τὴν

2217 743 2504 811 πρόνοιαν·
2545 744 2682 814 πρὸς
2709 744 2766 798 δὲ
2799 745 2899 816 τὴν
2924 746 3086 816 φύσιν
3118 746 3452 817 κεκτημένος
3494 749 3585 820 τὴν
3616 754 3752 809 ἀλλο.

2211 834 2462 902 τρίωσιν,
2499 836 2624 889 καθ’
2653 839 2721 908 ἣν
2767 839 2948 891 πάντα
2986 839 3055 892 τὰ
3096 841 3196 911 τῆς
3249 839 3462 908 φύσεως
3492 845 3632 916 παρὰ
3669 849 3754 920 τὴν

2218 923 2381 994 φύσιν
2426 931 2890 1002 μεταχειρίζεται,
2921 931 2998 1003 τῷ
3036 932 3181 986 κατὰ
3225 935 3566 1007 παράχρησιν
3597 938 3755 1011 τρόπω

2213 1015 2314 1087 τὴν
2338 1018 2440 1088 τῆς
2476 1019 2694 1089 φύσεως
2731 1024 3126 1096 παραφθείρων
3157 1027 3510 1099 εὐπρέπειαν.

2281 1201 2356 1266 η’.
2399 1194 2476 1248 Τὸ
2521 1195 2742 1268 πνεῦμα
2789 1197 2888 1252 τοῦ
2933 1199 3217 1264 καύσωνος
3236 1201 3278 1264 ⁸,
3331 1200 3393 1254 ού
3459 1201 3608 1271 μόνον
3651 1198 3758 1264 τοὺς

2217 1287 2590 1359 πειρασμοὺς,
2635 1288 2774 1344 ἀλλὰ
2816 1290 2910 1344 καὶ
2955 1289 3056 1362 τὴν
3091 1291 3476 1362 ὶγκατάλειψιν
3509 1293 3597 1347 τοῦ
3620 1294 3754 1360 Θεοῦ,

2208 1379 2310 1450 τὴν
2335 1381 2754 1454 ἀφαιρουμένην
2783 1382 2895 1436 τῶν
2930 1382 3200 1437 Ἰουδαίων
3235 1385 3335 1456 τὴν
3366 1384 3470 1438 τῶν
3502 1385 3648 1440 θείων
3675 1406 3758 1457 χα-

2215 1471 2498 1544 ρισμάτων
2563 1474 2853 1546 χορηγίαν,
2905 1475 3076 1548 δηλοῖ.
3123 1476 3187 1530 Ἦ
3233 1477 3290 1529 δὲ
3338 1475 3426 1530 διὰ
3487 1479 3760 1550 πνεύματος

2213 1563 2362 1617 κατὰ
2383 1563 2565 1635 ψυχὴν
2595 1567 2907 1636 ἀγχιστεία,
2937 1568 3141 1639 σαρκὸς
3179 1568 3280 1638 μὲν
3319 1568 3436 1623 λύει
3473 1570 3568 1642 τὴν
3601 1571 3761 1642 σχέσιν

2213 1655 2312 1724 τῆς
2367 1656 2771 1728 προαιρέσεως,
2813 1657 2933 1728 Θεῷ
2984 1658 3042 1712 δὲ
3091 1658 3429 1730 προσδεσμεῖ
3467 1660 3600 1714 κατὰ
3621 1659 3760 1714 πόθον

2216 1746 2682 1818 προσηλωοεῖσαν.

2284 1838 2350 1890 θ’.
2405 1838 2463 1890 '0
2515 1839 2613 1909 μὲν
2654 1839 2886 1910 φυσικὸς
2929 1839 3119 1911 νόμος,
3163 1842 3293 1896 ὅταν
3330 1842 3430 1896 οὐκ
3467 1843 3559 1914 ἔχῃ
3604 1843 3764 1897 πλεον-

2215 1930 2376 1983 εκτοῦ
2385 1948 2484 1985 σαν
2506 1933 2598 1985 τὸν
2613 1931 2774 2002 λόγον
2804 1933 2904 2002 τὴν
2935 1933 3211 2005 αἴσθησιν,
3230 1933 3531 1998 ἀδιδάκτως
3551 1936 3763 2000 ἀσπάζε-

2215 2025 2341 2078 σθαι
2368 2025 2578 2089 πάντας
2605 2026 2786 2080 πείθει
2811 2026 2874 2079 τὸ
2897 2027 3159 2095 συγγενὲς
3178 2028 3275 2082 καὶ
3311 2028 3593 2098 ὁμόφυλον,
3622 2030 3764 2098 αὐτὴν

2213 2116 2444 2187 ἔχοντας
2469 2117 2570 2189 τὴν
2599 2119 2763 2189 φύσιν
2791 2120 2891 2189 τῆς
2916 2119 3028 2172 τῶν
3068 2120 3341 2192 δεομένων
3381 2121 3680 2194 ἐπικουρίας
3707 2121 3767 2176 διο

2213 2209 2510 2274 δάσκαλον,
2548 2211 2772 2264 κάκεῖνο
2802 2210 3087 2282 βούλεσθαι
3111 2214 3278 2266 πᾶσιν
3313 2211 3476 2286 [male
3505 2214 3637 2268 edita
3657 2209 3765 2284 πᾶν]

2215 2302 2486 2366 ἅπαντας,
2531 2303 2672 2375 ὅπερ
2719 2305 2952 2368 ἕκαστος
2978 2305 3158 2376 ἑαυτῷ
3189 2309 3344 2377 παρὰ
3380 2307 3485 2360 τῶν
3516 2307 3676 2360 ἄλλων
3699 2323 3768 2373 γι-

2213 2395 2462 2465 νόμενον,
2507 2393 2650 2450 εἶναι
2699 2398 2848 2450 δοκεῖ
2888 2397 3244 2469 καταθύμιον.
3303 2400 3418 2453 Καὶ
3469 2399 3617 2453 τοῦτο
3649 2399 3769 2453 διδάο

2222 2505 2368 2541 σκων
2397 2490 2425 2540 ὁ
2469 2488 2698 2560 Κύριος,
2733 2492 2921 2561 φησιν,
2957 2493 3117 2545 Ὅσα
3157 2495 3368 2546 θέλετε
3419 2493 3518 2546 ἵνα
3546 2491 3771 2546 ποιῶσιν

2221 2578 2366 2646 ὑμῖν
2391 2583 2444 2633 οἱ
2488 2579 2812 2647 ἄνθρωποι,
2844 2582 3059 2651 ὁμοίως
3093 2583 3190 2635 καὶ
3228 2583 3402 2652 ὑμεῖς
3430 2583 3642 2636 ποιεῖτε
3667 2583 3769 2636 αὑ·-

2215 2669 2361 2737 τοῖς.

2290 2769 2348 2815 ι’.
2393 2763 2597 2834 Ἔργον
2623 2760 2764 2816 εἶναι
2786 2762 2881 2816 τοῦ
2909 2765 3142 2831 φυσικοῦ
3165 2765 3337 2836 νόμου
3369 2766 3518 2838 φησὶ,
3543 2766 3636 2835 τὴν
3650 2781 3770 2832 γνω-

2217 2855 2386 2924 μικὴν
2423 2855 2641 2910 πάντων
2686 2857 2825 2925 πρὸς
2871 2857 3082 2920 πάντας
3130 2859 3410 2929 ὁμόθυμον
3437 2859 3630 2930 σχέσιν.
3671 2856 3769 2925 Ἐφ’

2213 2942 2288 3002 ὧν
2322 2947 2434 3021 γὰρ
2463 2950 2496 3018 ἡ
2528 2949 2692 3016 φύσις
2743 2949 2887 3021 λόγῳ
2942 2951 3291 3022 βραδεύεται,
3322 2952 3530 3005 τούτων
3573 2952 3664 3023 μία
3693 2951 3772 3004 πέ-

2216 3057 2388 3109 φυκεν
2417 3038 2559 3094 εἶναι
2587 3042 2848 3106 διάθεσις.
2885 3037 2987 3097 Ὧν
3025 3044 3082 3098 δὲ
3127 3043 3371 3108 διάθεσις
3402 3048 3435 3116 ή
3467 3046 3618 3116 αύτὴ,
3642 3045 3726 3098 καὶ
3747 3046 3773 3098 ὁ

2219 3134 2338 3186 κατ’
2366 3128 2498 3204 ἦθος
2536 3136 2757 3205 τρόπος.
2791 3137 2887 3188 καλ⁸
2921 3138 2950 3189 ό
2977 3137 3072 3190 τοῦ
3115 3138 3233 3208 βίου
3277 3137 3482 3210 δρόμος
3511 3133 3590 3201 εἷς
3618 3139 3774 3209 ύτιᾲρ⁴

2213 3243 2330 3296 χειν
2377 3227 2662 3298 προδήλως
2709 3228 2975 3297 πέφυκεν.
3023 3225 3122 3285 Ὦν
3172 3231 3230 3284 δὲ
3277 3233 3483 3305 τρόπος
3529 3231 3667 3302 ἠθῶν
3691 3230 3774 3284 καὶ

2213 3321 2331 3390 βίου
2363 3320 2568 3392 δρόμος
2598 3323 2756 3378 ἐστὶν
2784 3326 2812 3378 ὁ
2848 3325 3030 3389 αὐτὸς,
3065 3320 3145 3389 εἷς
3176 3325 3426 3398 δηλονότι
3456 3327 3548 3381 καὶ
3578 3327 3604 3378 ὁ
3631 3323 3773 3385 αὐτὸς

2211 3412 2356 3466 κατὰ
2381 3416 2481 3484 τὴν
2511 3413 2740 3488 γνώμην
2770 3418 2868 3487 τῆς
2901 3418 3037 3490 πρὸς
3060 3418 3330 3490 ἀλλήλους
3361 3419 3598 3490 σχέσεως
3618 3415 3774 3486 ὑπάρ-

2209 3527 2296 3579 χει
2328 3509 2550 3580 δεσμὺς,
2587 3511 2733 3564 κατὰ
2766 3514 2895 3582 μίαν
2933 3514 3162 3586 γνώμην
3201 3513 3367 3581 ,ἄγων
3413 3514 3539 3576 τοὺς
3583 3511 3773 3571 πάντας

2211 3603 2350 3670 πρὸς
2380 3603 2470 3656 τὸν
2499 3605 2595 3656 ἕνα
2615 3604 2774 3670 λόγον
2809 3606 2908 3676 τῆς
2938 3605 3188 3674 φύσεως·
3223 3609 3280 3660 ὲν
3313 3600 3359 3675 ᾧ
3382 3604 3656 3668 παντελῶς
3686 3602 3774 3656 οὐκ

2211 3695 2358 3748 ἔστιν
2389 3697 2421 3764 ὴ
2451 3697 2544 3750 νῦν
2577 3698 2858 3770 κρατοῦσα
2883 3700 2984 3771 τῆς
3017 3700 3235 3769 φύσεως
3261 3700 3352 3756 διὰ
3384 3704 3481 3774 τῆς
3510 3697 3775 3769 φιλαυτίας

2209 3788 2286 3841 διε
2304 3789 2497 3860 ίρεσις.
2543 3789 2602 3842 '0
2650 3790 2707 3843 δὲ
2759 3792 3009 3862 γραπτὰς
3037 3793 3222 3862 νόμος,
3259 3792 3416 3864 φόϐῳ
3465 3792 3572 3846 τῶν
3616 3792 3773 3844 ἐπιτι-

2213 3880 2353 3951 μίων
2388 3881 2601 3950 ἐπέχων
2639 3883 2737 3942 τὰς
2785 3882 3058 3946 ἀτάκτους
3099 3883 3209 3935 τῶν
3252 3881 3666 3955 ἀφρονεστέρων
3692 3881 3773 3949 ὀρ-

2215 3973 2342 4043 μὰς,
2376 3972 2545 4038 ἐθίζει
2588 3973 2876 4035 διδάσκων,
2911 3976 3048 4045 πρὸς
3084 3973 3253 4046 μόνην
3284 3977 3488 4038 αὐτοὺς
3531 3974 3659 4046 όρᾷν
3687 3971 3774 4039 τὴν

2210 4064 2303 4117 τοῦ
2341 4065 2457 4118 ἴσου
2491 4064 2777 4134 διανομὴν,
2799 4065 2922 4117 καθ’
2959 4066 3025 4137 ἣν
3052 4066 3152 4134 τῆς
3186 4066 3536 4136 δικαιοσύνης
3566 4064 3624 4117 τὸ
3657 4060 3776 4130 κρά-

2209 4176 2302 4221 τος
2335 4157 2514 4228 χρᾶνῳ
2540 4157 2868 4227 βεϐαιωθὲν,
2903 4159 2982 4222 εἰς
3015 4159 3176 4228 φύσιν
3213 4161 3562 4229 μεθίσταται,
3583 4155 3773 4214 ποιοῦν,

2208 4249 2301 4302 τὸν
2359 4248 2457 4317 μὲν
2507 4249 2692 4317 φόϐον,
2742 4249 3001 4316 διάθεσιν,
3061 4253 3244 4321 ἡρέμα
3295 4252 3440 4305 κατὰ
3491 4248 3678 4322 μικρὸν
3716 4246 3772 4314 τῇ

2210 4342 2342 4412 περὶ
2381 4340 2448 4393 τὸ
2475 4339 2642 4394 καλὸν
2693 4341 2890 4412 γνώμῃ
2941 4344 3464 4414 συγκρατυνομένην
3490 4359 3502 4371 ·
3557 4339 3664 4405 ἕξιν
3706 4337 3772 4399 δὲ,

2209 4439 2307 4509 τὴν
2350 4438 2667 4508 συνήθειαν,
2721 4439 2787 4506 τῇ
2839 4435 2977 4507 λήθῃ
3008 4437 3116 4489 τῶν
3149 4437 3438 4506 προτέρων
3466 4426 3776 4501 καθαιρομέ-

515 4528 612 4583 tim
663 4529 1018 4599 sensimque,
1064 4538 1310 4594 metum,
1359 4529 1530 4583 animi
1579 4530 1814 4585 honesta
1866 4532 2106 4587 volentis

2212 4547 2329 4602 νην,
2362 4529 2458 4581 καὶ
2487 4529 2547 4581 τὸ
2573 4526 2895 4597 φιλάλληλον
2928 4529 3095 4598 ἑαυτῇ
3129 4525 3649 4580 συναποτίκτουσαν.

514 4622 793 4678 sententia
852 4621 1169 4677 roboratam
1239 4621 1612 4686 affectionem,
1643 4621 1872 4688 elliciat;
1940 4623 2323 4693 habitumque,
2363 4622 2420 4678 in
2486 4618 2945 4677 consuetudinem
2989 4621 3235 4689 priorum
3280 4619 3567 4674 oblivione
3601 4626 3774 4668 emun-

511 4716 719 4780 datam,
747 4729 812 4770 ac
843 4729 966 4784 quae
997 4729 1107 4769 una
1135 4729 1325 4769 secum
1357 4725 1607 4769 mutuam
1638 4715 1820 4784 pariat
1854 4716 2228 4772 dilectionem.
2264 4724 2464 4770 vertat.

583 4809 671 4863 Η.
707 4808 819 4863 Lex
847 4809 1077 4880 scripta,
1107 4808 1312 4878 inquit,
1342 4816 1491 4861 metu
1522 4809 1786 4878 injuriam
1815 4808 2105 4874 cohibens,

511 4901 731 4956 colendi
756 4901 900 4973 juris
933 4915 997 4956 ac
1031 4900 1310 4972 aequitatis
1341 4899 1811 4955 consuetudinem
1853 4900 2064 4955 inducit
2093 4920 2104 4953 :

511 5002 672 5049 aucta
717 5000 904 5048 autem
943 5001 1192 5064 tempore
1233 4992 1618 5056 consuetudo,
1661 4993 1796 5062 justi
1829 5001 2104 5046 amantem

510 5083 681 5138 animi
710 5082 1064 5138 aﬂectionem
1095 5081 1245 5148 facit,
1272 5097 1380 5152 qua
1412 5081 1604 5136 ﬁrmus
1634 5081 1852 5136 honesti
1884 5081 2108 5136 habitus

511 5175 746 5238 accedit,
769 5175 973 5243 prioris
995 5173 1261 5244 nequitiae
1287 5172 1628 5228 oblivionem
1666 5173 1956 5227 inducens.

583 5265 670 5318 12.
714 5263 824 5318 Lex
868 5272 1053 5318 autem
1095 5264 1306 5335 gratiae,
1344 5264 1526 5334 ipsum
1576 5263 1894 5319 immediate
1929 5264 2102 5317 Deum

512 5354 716 5410 imitari
767 5355 950 5421 docet,
996 5370 1116 5421 eos,
1163 5357 1259 5426 qui
1317 5355 1707 5422 adducuntur;
1743 5357 1839 5426 qui
1891 5364 2106 5409 tantum

510 5462 612 5502 nos
645 5462 757 5517 pne
784 5461 840 5501 se
873 5454 991 5517 ipse
1027 5448 1093 5519 (si
1128 5447 1293 5501 modo
1320 5447 1403 5503 fas
1427 5457 1514 5504 est
1539 5448 1748 5520 dicere)
1787 5447 1952 5518 idque
1981 5464 2106 5502 cum

509 5539 581 5593 ob
621 5547 906 5610 peccatum
953 5539 1164 5594 inimici
1207 5555 1479 5607 essemus,
1508 5541 1786 5605 dilexerit,
1821 5549 1879 5594 ut
1915 5548 1972 5593 et
2004 5555 2108 5593 no-

581 5685 756 5737 ⁸³188.
791 5700 866 5748 tv,
899 5685 951 5738 4.
1031 5685 1076 5714 ’δ”
1102 5682 1291 5738 Matth.
1318 5675 1414 5750 vn,
1448 5685 1533 5739 12.

580 5801 599 5819 ¹
644 5797 804 5864 Apud
849 5797 990 5851 LXX
1039 5797 1320 5860 καύσεως·
1359 5797 1455 5852 sed
1503 5804 1757 5850 nostrum
1790 5796 1928 5850 forte
1961 5794 2174 5848 melius.

2285 4815 2372 4863 ια’.
2427 4809 2487 4860 '0
2516 4807 2760 4876 γραπτὸς
2793 4805 2977 4875 νόμος,
3015 4806 3172 4877 φησι,
3204 4804 3433 4858 κωλύων
3495 4801 3641 4874 φόϐῳ
3688 4801 3772 4869 τὴν

2209 4902 2447 4961 ἀδικίαν.
2501 4896 2670 4961 ἐθίζει
2724 4899 2861 4968 πρὸς
2895 4897 2956 4950 τὸ
3005 4896 3246 4950 δίκαιον·
3283 4897 3463 4968 χρόνῳ
3498 4895 3555 4949 δὲ
3581 4893 3640 4946 τὸ
3668 4889 3772 4952 ἔθος

2209 4997 2354 5047 ποιεῖ
2398 4993 2639 5046 διάθεσιν
2681 4992 3036 5061 φιλοδίκαιον,
3073 4991 3160 5059 ὑφ’
3204 4985 3271 5062 ἧς
3322 4991 3498 5059 παγία
3549 4987 3680 5059 πρὸς
3722 4983 3773 5035 τὸ

2208 5087 2373 5138 καλὸν
2405 5086 2516 5150 ἕξις
2551 5085 2877 5151 ἐπιγίνεται,
2917 5083 3086 5154 λήθην
3116 5081 3499 5153 προλαϐούσης
3528 5077 3771 5150 πονηρίας

2212 5177 2513 5242 ἐπάγουσα.

2281 5265 2368 5334 ιβὀ
2423 5265 2481 5316 ὐ
2515 5264 2570 5317 δὲ
2604 5263 2704 5332 τῆς
2733 5264 2956 5334 χάριτος
2983 5265 3171 5334 νόμος.
3207 5264 3371 5319 αὐτὸν
3395 5264 3615 5335 ἀμέσως
3637 5259 3770 5315 διδά-

2205 5374 2326 5410 σκει
2356 5358 2484 5419 τοὺς
2513 5355 2812 5425 ἀγομένους
2840 5357 3123 5426 μιμεῖσθαι
3150 5357 3241 5410 τὸν
3270 5356 3426 5420 Θεὸν,
3457 5357 3516 5421 ὃς
3535 5352 3770 5408 τοσοῦτον

2206 5446 2347 5517 ὑπὲρ
2381 5446 2573 5499 ἑαυτὸν
2607 5446 2778 5515 ἡμᾶς,
2825 5449 2873 5498 εξ
2902 5446 3058 5516 θέμις,
3111 5448 3304 5508 εἰπεῖν,
3343 5447 3442 5500 καὶ
3483 5443 3651 5498 ταῦτα
3691 5435 3771 5490 διὰ

2207 5539 2306 5611 τὴν
2335 5539 2610 5611 ἁμαρτίαν
2657 5538 2816 5603 ὖντας
2865 5538 3112 5610 ἐχθροὺς,
3155 5539 3467 5611 ἠγάπησεν,
3514 5536 3650 5590 ὥστε
3684 5529 3771 5583 καὶ
