4060 6424
334 381 465 453 liii?

1013 378 1343 439 CAPITUM
1378 375 1803 449 QUINQUIES
1842 371 2303 433 CENTENORU
2320 374 2376 432 Μ
2417 373 2806 437 CENTURlA
2846 380 2910 439 V.

3450 380 3588 447 1351

329 500 406 561 εἰς
454 495 552 563 τὴν
604 490 723 545 καθ’
751 494 897 563 ἡμᾶς
944 474 1129 544 οὐσίαν
1174 489 1352 543 ἐλθεῖν
1414 489 1723 561 ἀτρέπτως,
1754 486 1898 556 ὑπὲρ

2017 492 2172 536 stram
2221 486 2522 539 essentiam
2565 494 2927 558 naturamqne
2966 488 3103 546 citra
3146 502 3364 545 omnem
3405 500 3587 546 muta«

330 589 506 641 πᾶσαν
530 582 718 637 οὐσίαν
747 582 911 636 ὄνταο
939 583 1036 635 καὶ
1075 581 1237 650 φύσιν
1280 579 1622 652 ὑπερουσιως
1671 577 1900 632 καταδὲ-

2006 574 2211 629 tionem
2236 574 2414 639 adire,
2436 576 2534 644 qui
2560 586 2759 634 natura
2784 581 2933 634 omni
2957 581 3310 652 cssentiaque
3336 584 3590 653 Superior

329 676 518 745 ξασθαι
551 674 646 726 καὶ
683 673 972 745 ἄνθρωπον
1008 672 1289 741 γενέσθαι,
1320 672 1414 724 καὶ
1446 668 1556 724 τῶν
1596 660 1900 739 ἀνθρώπων

2017 676 2106 732 3st,
2152 668 2694 737 superessentialiter
2741 672 3021 737 annuerit,
3049 681 3215 742 atque
3254 674 3422 729 homo
3471 674 3592 729 ﬁeri

329 772 422 823 ἕνα
451 763 785 836 χρηματίσαι
833 762 1147 834 βούλεσθαι,
1174 763 1266 816 καὶ
1306 762 1403 832 τὴν
1432 760 1709 833 ἡμετέραν
1741 758 1900 811 κατά-

328 872 506 929 κρισιν
540 854 749 907 οἰκείαν
783 854 1007 925 ποιῆσαι
1048 851 1124 923 μὴ
1164 850 1616 923 παραιτήσασθαι
1639 866 1651 880 ο
1687 853 1783 904 καὶ
1809 867 1901 903 το-

330 945 514 998 σοῦτον
542 944 685 1013 ἡμᾶς
722 942 925 996 θεῶσαι
973 942 1118 996 κατὰ
1174 942 1355 1012 χάριν,
1390 938 1513 995 ὅσον
1544 940 1664 993 κατ’
1697 941 1903 993 οἰκονο-

332 1035 455 1106 μίαν
490 1033 648 1095 αὐτὸς
683 1030 907 1100 γέγονεν
943 1028 1261 1102 ἄνθρωπος·
1290 1029 1379 1084 ἵνα
1407 1029 1482 1100 μὴ
1518 1029 1678 1100 μόνον
1724 1029 1905 1101 μάθω-

332 1139 429 1191 μεν
477 1119 729 1191 ἀλλήλων
771 1118 1098 1190 ἀντέχεσθαι
1142 1118 1410 1188 φυσικῶς,
1443 1119 1536 1171 καὶ
1565 1120 1641 1181 ὼς
1676 1119 1904 1182 ἑαυτοὺς

332 1211 592 1283 ἀλλήλους
620 1213 842 1283 ἀγαπᾷν
878 1212 1288 1282 πνευματικῶς,
1313 1210 1452 1264 ἀλλά
1492 1207 1584 1264 καὶ
1614 1211 1753 1282 ὑπὲρ
1781 1212 1907 1264 ἐαυ-

330 1303 455 1365 τοὺς
494 1300 738 1371 ἀλλήλων
789 1301 1054 1372 κήδεσθαι
1091 1300 1308 1366 θεῖκῶς,
1337 1302 1435 1354 καὶ
1465 1301 1668 1371 ταύτην
1698 1301 1799 1371 τῆς
1826 1303 1905 1364 εἰς

328 1396 589 1464 ἀλλήλους
620 1394 845 1464 ἀγάπης
879 1393 1158 1457 ἀπόδειξιν
1190 1392 1484 1458 ποιεῖσθαι,
1530 1391 1592 1446 τὸ
1629 1394 1749 1446 κατ’
1779 1394 1907 1463 ἀρε-

327 1487 421 1555 τὴν
447 1484 590 1554 ὑπὲρ
616 1484 863 1554 ἀλλήλων
892 1483 983 1536 τὸν
1025 1482 1274 1537 ἑκούσιον
1306 1482 1603 1555 προθύμως
1633 1480 1906 1553 αἱρεῖσθαι

331 1578 580 1631 θάνατον.
612 1578 733 1630 Οὺκ
752 1576 886 1630 ἐστι
900 1576 1007 1647 γὰρ
1035 1576 1194 1644 ἄλλη
1209 1574 1421 1645 μείζων
1434 1577 1656 1643 ταύτης
1681 1574 1903 1645 ἀγάπη,

329 1669 511 1738 φησὶν,
566 1668 669 1722 ἵνα
716 1685 806 1734 τις
859 1666 939 1735 θῇ
992 1666 1107 1737 τὴν
1140 1668 1353 1738 ψυχὴν
1383 1667 1570 1723 αὑτοῦ
1611 1667 1763 1736 ὑπὲρ
1801 1667 1907 1721 τοῦ

327 1761 509 1832 φίλου
541 1759 751 1815 αὑτοῦ.

399 1942 487 2006 ιγ’.
546 1935 606 1990 ὐ
636 1936 735 2008 μὲν
775 1933 873 2009 τῆς
902 1932 1119 2009 φύσεως
1146 1935 1310 2007 νόμος
1338 1934 1507 2001 ἐστὶν,
1551 1932 1638 1987 ἵνα
1667 1933 1906 1986 συνελὼν

330 2026 485 2095 εῐπω,
519 2026 677 2096 λόγος
715 2028 965 2098 φυσικὸς,
1008 2026 1106 2098 τὴν
1157 2027 1412 2098 αἴσθησιν
1461 2022 1642 2078 λαϐὼν
1691 2021 1909 2094 ὑποκείσ-

334 2137 469 2191 ριον,
499 2117 642 2190 πρὸς
670 2112 964 2190 ἀφαίρεσιν
997 2116 1098 2187 τῆς
1127 2116 1353 2187 ἀλογίας
1372 2132 1384 2145 °
1422 2114 1547 2170 καθ’
1581 2112 1647 2186 ἣν
1674 2116 1782 2168 τῶν
1816 2134 1910 2185 φυ-

332 2212 499 2276 σικῶς
572 2208 938 2283 συνημμένων
993 2212 1140 2263 ἐστὶν
1174 2203 1208 2281 ή
1241 2204 1527 2281 διαίρεσις.
1567 2202 1627 2261 '0
1683 2202 1739 2260 δὲ
1775 2223 1913 2277 γρα-

332 2303 461 2367 πτδς
490 2302 660 2374 νόμος
686 2300 823 2369 ἐστὶ,
837 2302 992 2371 λόγος
1009 2301 1237 2372 φυσικὸς
1268 2301 1408 2371 μετά
1434 2300 1531 2371 τὴν
1562 2296 1682 2353 κατ’
1716 2296 1912 2369 αἴσθη-

336 2414 421 2454 σιν
458 2399 563 2469 τῆς
612 2397 839 2467 ἀλογίας
880 2396 1197 2470 ἀφαίρεσιν,
1234 2394 1561 2467 προσλαϐὼν
1607 2395 1703 2449 καὶ
1749 2393 1915 2449 πόθον

329 2490 699 2562 πνευματικὸν
730 2491 831 2561 τῆς
867 2489 1005 2561 πρὸς
1025 2490 1088 2544 τὸ
1116 2489 1379 2559 συγγενὲς
1407 2487 1766 2559 ἀλληλουχίας
1790 2505 1915 2541 συν-

328 2586 571 2639 εκτικόν.
615 2584 753 2638 ὐδὲ
778 2583 876 2653 τῆς
912 2586 1135 2654 χάριτος
1164 2585 1351 2653 νόμος,
1381 2583 1521 2653 ὑπὲρ
1569 2583 1732 2651 φύσιν
1778 2580 1915 2634 καθ-

329 2676 525 2749 έστηκε
560 2678 739 2746 λόγος,
764 2677 899 2747 πρὸς
934 2676 1128 2730 θέωσιν
1158 2676 1444 2747 ἀτρέπτως
1466 2674 1561 2745 τὴν
1592 2673 1757 2744 φύσιν
1782 2688 1914 2743 μετ-

328 2771 629 2836 αλλάττων,
680 2770 775 2824 καὶ
813 2771 888 2833 ὡς
934 2770 993 2822 ὲν
1043 2769 1212 2823 εἰκόνι
1257 2769 1472 2833 δεικνὺς
1510 2766 1916 2838 ἀκαταλήπτως

332 2865 396 2935 τῇ
424 2864 591 2933 φύσει
624 2862 733 2915 τῶν
763 2860 1090 2933 ἀνθρώπων,
1125 2861 1186 2915 τὸ
1228 2860 1368 2931 ὑπὲρ
1408 2860 1596 2915 οὐσίαν
1625 2859 1721 2914 καὶ
1753 2858 1916 2929 φύσιν

329 2954 656 3027 ἀρχέτυπον,
693 2954 787 3008 καὶ
812 2951 910 3023 τὴν
940 2952 1033 3008 τοῦ
1060 2953 1149 3007 ἀεὶ
1188 2947 1249 3007 εὖ
1294 2948 1435 3006 εἶναι
1474 2948 1738 3024 διαμονὴν
1768 2968 1914 3024 πσρ-

330 3046 613 3118 εχόμενος.

402 3311 485 3366 ιδ’.
536 3309 611 3362 Τὸ
657 3309 757 3379 μὲν
801 3306 949 3378 ἔχειν
984 3306 1060 3370 ὡς
1108 3303 1305 3359 ἑαυτὸν
1340 3305 1431 3359 τὸν
1462 3305 1712 3375 πλησίον,
1749 3307 1918 3377 μόνης

330 3402 444 3457 ἐστὶ
474 3403 767 3475 φροντίσαι
804 3402 908 3471 τῆς
941 3399 1079 3471 πρὸς
1106 3398 1169 3451 τὸ
1204 3396 1345 3452 εἶναι
1379 3396 1525 3468 ζωῆς
1550 3415 1564 3429 ·
1593 3398 1732 3469 ὅπερ
1758 3415 1914 3468 φυσι-

331 3494 427 3549 κοῦ
475 3495 651 3565 νόμου
691 3490 1001 3562 καθέστηκε
1025 3505 1038 3520 °
1070 3489 1132 3543 τὸ
1180 3489 1239 3543 δὲ
1287 3489 1377 3542 τὸν
1429 3488 1656 3560 πλησίον
1686 3488 1907 3559 ἀγαπᾷν

330 3586 405 3652 ὡς
438 3586 659 3653 ἑαυτὸν,
700 3585 797 3639 καὶ
845 3585 945 3656 τῆς
991 3583 1129 3653 πρὸς
1170 3581 1233 3636 τὸ
1275 3576 1333 3637 εὖ
1382 3577 1521 3635 εἶναι
1553 3581 1673 3634 κατ’
1706 3582 1911 3652 ἀρετήν

333 3675 446 3729 ἔστι
482 3673 841 3746 προνοεῖσθαι
876 3673 972 3726 τοῦ
1017 3673 1219 3736 πέλαςο
1264 3671 1402 3741 ὅπερ
1450 3668 1479 3724 6
1512 3670 1759 3741 γραπτὸς
1799 3673 1917 3724 ὲπι-

331 3766 523 3839 τρέπει
556 3769 720 3838 νόμος
740 3764 755 3795 δ
789 3767 851 3820 τὸ
880 3765 937 3819 δὲ
968 3766 1106 3837 ὑπὲρ
1134 3764 1328 3819 ἑαυτὸν
1350 3762 1636 3833 ἀγαπῆσαι
1658 3762 1749 3817 τὸν
1775 3762 1915 3834 πλη-

333 3859 466 3929 σίον,
498 3858 599 3914 τοῦ
628 3859 793 3931 νόμου
820 3858 920 3927 τῆς
950 3857 1176 3929 χάριτός
1202 3858 1351 3910 ἐστιν
1378 3855 1698 3911 ίδιαίτατον.

402 3958 482 4006 ιε’.
541 3950 600 4004 ’0
646 3946 995 4020 κωλυόμενος
1039 3947 1149 4000 τῶν
1215 3947 1355 4019 πρὸς
1403 3947 1595 4018 ήδονὴν
1657 3944 1911 4017 σώματος

331 4042 619 4115 ἀφορμῶν,
657 4036 918 4112 μανθάνει
948 4039 1207 4111 Προνοίας
1229 4038 1444 4107 λόγους,
1480 4036 1784 4108 ἐπεχούσης
1813 4037 1910 4107 τὴν

333 4132 634 4205 ὲξαπτικὴν
679 4130 814 4203 ὓλην
848 4131 959 4185 τῶν
998 4133 1212 4186 παθῶν·
1248 4129 1277 4184 ό
1310 4130 1367 4184 δὲ
1409 4130 1507 4194 τὰς
1550 4130 1685 4201 πρὸς
1719 4128 1909 4198 ὀδύνην

337 4228 591 4297 σώματος
643 4225 937 4296 δεχόμενος
983 4222 1278 4294 μάστιγας,
1325 4222 1636 4275 διδάσκεται
1676 4222 1909 4289 κρίσεως

333 4315 551 4385 λόγους,
610 4313 991 4385 προλαϐόντων
1040 4312 1332 4383 μολυσμῶν
1389 4300 1668 4374 ἀκουσίοις
1732 4310 1912 4371 πόνοις

333 4408 494 4463 αὑτὸν
526 4405 980 4477 ὲκκαθαιρούσης.

411 4594 507 4653 ις’.
555 4588 618 4640 Εἰ
644 4587 734 4639 τὸν
762 4587 1047 4658 προφήτην
1075 4585 1163 4637 διὰ
1196 4583 1295 4654 τὴν
1329 4581 1535 4654 σκηνὴν
1568 4582 1663 4635 καὶ
1688 4580 1788 4651 τὴν
1818 4598 1913 4633 κο-

334 4676 602 4735 λόκυνθαν
634 4676 992 4746 λυπούμενον,
1036 4675 1180 4743 λέγω
1222 4673 1279 4727 δὲ
1309 4674 1409 4744 τὴν
1461 4674 1640 4743 σάρκα
1680 4672 1774 4725 καὶ
1814 4671 1913 4741 τὴν

336 4771 434 4841 τῆς
468 4770 673 4842 σαρκὸς
705 4768 917 4840 ἡδονὴν,
948 4762 1048 4838 τῆς
1078 4764 1134 4819 δὲ
1177 4766 1221 4818 Ν
1232 4764 1372 4818 ινευῒ
1402 4765 1493 4818 τὸν
1522 4763 1654 4817 Θεὸν
1686 4764 1911 4833 ἀντεχό-

346 4878 509 4932 μενον
557 4862 955 4932 ἀντεισήγαγεν
988 4861 1017 4915 ὁ
1044 4861 1143 4931 τῆς
1174 4858 1398 4930 Γραφῆς
1443 4858 1621 4926 λόγος,
1645 4858 1806 4929 δῆλον
1840 4859 1916 4920 ὡς

334 4949 445 5004 τῶν
500 4954 618 5015 τοῖς
674 4951 983 5023 ἀνθρώποις
1023 4950 1223 5020 τιμίων
1270 4950 1365 5003 καὶ
1418 4950 1758 5020 ὲπεράστων,
1798 4949 1915 5003 τόδε

335 5042 415 5114 τῷ
445 5042 566 5116 Θεῷ
598 5043 764 5113 φανὲν
790 5042 1108 5113 προσφιλὲς,
1142 5042 1361 5096 πάντων
1390 5044 1500 5095 τῶν
1526 5043 1698 5096 ὄντων
1735 5041 1917 5112 πολλῷ

338 5138 585 5207 κρεῖττόν
616 5138 731 5191 ἐστι
781 5137 877 5190 καὶ
928 5130 1275 5208 τιμιώτερον,
1322 5137 1531 5207 ἦπουγε
1568 5142 1727 5208 [unus
1782 5134 1915 5206 Reg.

335 5228 471 5281 ὅπου
511 5227 595 5303 γε]
625 5230 733 5283 τῶν
775 5229 877 5283 οὐκ
925 5228 1116 5295 ὄντων,
1152 5230 1249 5281 καὶ
1297 5230 1434 5301 μόνῃ
1485 5228 1758 5301 προλήψει
1798 5228 1916 5281 κατ’

339 5317 687 5391 ἐσφαλμένην
717 5319 897 5389 κρίσιν
932 5315 1068 5372 εἶναι
1113 5317 1435 5380 δοκούντων,
1488 5312 1565 5372 ὧν
1603 5319 1782 5383 οὐδεὶς
1828 5334 1919 5372 το-

339 5410 607 5480 παράπαν
647 5411 765 5465 ἐστὶ
813 5411 959 5466 κατὰ
1003 5410 1107 5483 τὴν
1149 5409 1386 5483 ὕπαρξιν
1424 5412 1619 5479 λόγος·
1677 5412 1812 5482 μόνη
1862 5410 1916 5464 δὲ

340 5501 612 5579 φαντασία
660 5504 750 5556 τὸν
802 5503 927 5557 νοῦν
980 5502 1369 5573 φενακίζουσα,
1427 5504 1524 5556 καὶ
1582 5504 1769 5575 σχῆμα
1803 5503 1916 5566 τοῖς

343 5591 579 5648 οὐκοῦσι
607 5596 870 5661 διάκενον,
904 5596 1015 5649 ἀλλ’
1039 5596 1137 5666 οὺχ
1165 5596 1463 5650 ὑπόστασιν
1486 5595 1564 5666 τῷ
1597 5594 1756 5649 πάθει
1784 5610 1920 5665 παρ-

339 5687 602 5757 σχομένη.

415 5763 464 5799 ⁸³
487 5778 644 5836 Joan.
665 5795 754 5848 xv,
784 5782 872 5839 15.

580 5876 855 5937 Ρλτιιοι..
888 5876 1007 5939 Gn.
1040 5874 1171 5939 XC.

2004 774 2259 827 unusque
2306 759 2593 814 hominum
2637 760 2831 815 audire
2880 763 3145 827 voluerit,
3193 780 3297 821 nec
3340 775 3590 821 nostrum

2004 859 2218 902 reatum
2265 866 2427 905 suum
2468 852 2651 907 facere
2702 857 3080 921 recusaverit;
3124 867 3443 928 tantumque
3490 870 3593 914 nos

2005 956 2105 1010 per
2148 941 2378 1011 gratiam
2430 943 2690 1000 deiﬁcare
2733 944 2993 1015 dignatus
3033 948 3126 1013 sit,
3169 960 3437 1018 quantum
3472 952 3592 1022 ipse

2006 1031 2311 1085 secundum
2342 1033 2504 1103 613
2546 1034 3015 1103 dispensationem
3059 1038 3224 1094 homo
3254 1039 3431 1096 factus
3459 1052 3545 1096 est
3578 1060 3590 1095 :

2007 1131 2068 1177 ut
2101 1137 2212 1176 non
2252 1123 2430 1177 solum
2470 1124 2565 1178 alii
2602 1126 2741 1180 alios
2781 1128 3111 1183 naturaliter
3155 1132 3483 1201 complecti,
3529 1148 3595 1187 ac

2009 1215 2163 1270 velut
2200 1230 2302 1270 nos
2336 1214 2487 1285 ipsos
2532 1217 2768 1277 invicem
2800 1219 3126 1288 spiritaliter
3163 1220 3393 1293 diligere
3426 1239 3597 1278 nove-

2008 1307 2212 1375 rimus;
2251 1322 2447 1362 verum
2491 1310 2659 1363 etiam
2701 1325 2867 1379 supra
2910 1327 3010 1365 nos
3052 1313 3202 1381 ipsos
3245 1314 3337 1367 alii
3372 1314 3496 1370 aliis
3532 1330 3597 1370 ex

2008 1400 2212 1457 divinis
2242 1399 2554 1455 rationibus
2584 1415 2771 1455 curam
2817 1401 3159 1472 impendere,
3194 1405 3445 1477 hancque
3480 1412 3600 1460 nia-

2009 1498 2117 1545 tum
2149 1490 2467 1549 dilectionis
2503 1492 2912 1549 exhibitionem
2952 1507 3237 1565 praestare,
3295 1509 3357 1552 ut
3390 1513 3456 1553 ex
3490 1498 3603 1553 vir-

2009 1590 2127 1637 tute
2160 1598 2260 1652 pro
2291 1583 2525 1638 invicem
2556 1595 2913 1653 spontaneam
2952 1585 3120 1640 alacri
3148 1587 3334 1643 animo
3366 1596 3600 1643 mortem

2008 1673 2315 1729 ambiamus
2354 1685 2633 1743 oppetere.
2673 1674 2836 1729 Nulla
2866 1677 3037 1743 enim,
3072 1676 3271 1746 inquit,
3301 1678 3399 1732 hac
3428 1679 3601 1749 major

2012 1763 2219 1818 dilectio
2259 1774 2355 1831 est,
2382 1774 2440 1819 ut
2484 1767 2600 1835 quis
2648 1775 2808 1836 ponat
2852 1768 3088 1822 animum
3120 1784 3273 1822 suam
3297 1782 3392 1840 pro
3430 1771 3603 1825 amico

1944 1844 1983 1897 Β
2011 1868 2106 1905 suo
2132 1854 2196 1908 δ’.

2082 1943 2168 1997 15.
2206 1943 2321 1998 Lex
2349 1952 2585 2009 naturze,
2616 1951 2679 1998 ut
2725 1960 2940 1999 summa
2980 1945 3182 2013 dicam,
3212 1948 3481 2003 naturalis
3510 1956 3600 2003 rae

2013 2036 2088 2089 tio
2114 2043 2219 2099 est,
2249 2050 2474 2090 sensum
2519 2037 2803 2091 subditum
2849 2046 3010 2093 nacta
3060 2052 3125 2094 ac
3159 2037 3497 2105 dedititium',
3531 2040 3599 2094 ad

2011 2129 2408 2184 abhorrentem
2456 2145 2486 2184 a
2520 2130 2735 2185 ratione
2775 2129 3034 2185 allectum
3072 2131 3460 2197 amovendum,
3490 2147 3602 2202 quo

2013 2222 2073 2285 ii,
2104 2222 2197 2292 qui
2235 2232 2432 2277 natura
2467 2222 2746 2293 conjuncti
2783 2232 2932 2289 sunt,
2974 2223 3321 2280 dividuntur.
3354 2224 3468 2279 Lex
3499 2240 3600 2280 au-

2013 2320 2124 2366 tem
2166 2313 2393 2383 scripta,
2425 2314 2694 2368 naturalis
2725 2315 2868 2370 ratio
2909 2323 3014 2378 est,
3050 2323 3174 2384 post
3210 2314 3604 2371 abhorrentem

2014 2419 2044 2458 a
2097 2402 2311 2459 ratione
2373 2405 2611 2460 ablatam
2671 2420 2871 2462 sensus
2923 2406 3309 2471 alleCtionem,
3360 2407 3607 2477 spiritale

2015 2496 2183 2553 etiam
2220 2496 2562 2552 desiderium
2603 2511 2959 2569 amoremque
3002 2514 3310 2564 assumens,
3338 2506 3449 2570 quo
3480 2512 3606 2556 mu-

2019 2598 2111 2644 tua
2160 2604 2388 2655 eorum,
2433 2588 2530 2659 qui
2577 2604 2783 2659 genere
2837 2590 3117 2661 conjuncti
3165 2598 3323 2654 sunt,
3368 2589 3607 2646 eohtesio

2016 2681 2283 2735 consistat
2310 2696 2375 2737 ac
2406 2691 2791 2737 conservetur.
2823 2681 2934 2737 Lex
2960 2682 3201 2752 denique
3231 2682 3438 2753 gratim,
3462 2682 3607 2737 ratio

2016 2781 2102 2827 est
2132 2781 2327 2826 natura
2358 2772 2640 2843 superior,
2670 2782 2926 2828 naturam
2964 2773 3031 2828 ad
3063 2773 3468 2829 deiﬁcationem
3497 2773 3606 2827 im-

2018 2862 2361 2918 mutabiliter
2417 2871 2815 2931 transmutans,
2864 2879 2930 2919 ac
2970 2864 3123 2918 velut
3162 2864 3219 2919 in
3270 2863 3508 2935 imagine
3549 2869 3609 2920 et

2018 2953 2316 3008 simulacro
2346 2951 2403 3005 in
2441 2960 2643 3008 natura
2667 2954 2909 3008 humana
2940 2952 3420 3023 incomprehense,
3457 2952 3607 3024 quod

2019 3059 2188 3115 supra
2229 3045 2523 3099 essentiam
2568 3060 2632 3100 ac
2670 3054 2925 3101 naturam
2967 3053 3073 3115 est.
3104 3046 3385 3114 exemplar
3420 3054 3610 3103 osten-

2020 3137 2179 3199 dens,
2219 3135 2677 3209 sempiternzeque
2719 3136 3001 3194 beatitatis
3033 3136 3438 3207 perennitatem
3466 3150 3610 3208 prm-
3658 3152 3661 3155 ·

2025 3228 2183 3284 bcns.

2099 3322 2185 3377 14.
2224 3324 2296 3382 Ut
2322 3323 2545 3395 quidem
2584 3319 2897 3391 proximum
2936 3319 3141 3374 habeas
3172 3319 3316 3374 sicut
3350 3319 3610 3388 teipsum,

2024 3428 2091 3467 eo
2125 3414 2303 3470 solum
2341 3421 2575 3485 spectat,
2603 3421 2667 3466 ut
2709 3412 2830 3482 ejus
2862 3410 3029 3464 vitam
3074 3426 3137 3465 ac
3180 3411 3325 3480 quod
3370 3411 3609 3479 exsistit,

2024 3520 2216 3572 cures;
2260 3505 2407 3576 quod
2455 3511 2543 3558 est
2589 3502 2725 3572 legis
2770 3501 3074 3556 naturalis:
3105 3510 3164 3554 ut
3203 3510 3385 3555 autem
3412 3502 3612 3574 diligas

2025 3598 2170 3652 sicut
2197 3598 2456 3669 teipsum,
2492 3611 2561 3651 eo
2594 3597 2812 3659 attinet,
2854 3602 2915 3648 ut
2954 3603 3011 3649 et
3043 3594 3185 3649 bene
3210 3608 3277 3649 ex
3308 3594 3512 3651 virtute
3550 3611 3610 3651 se

2023 3689 2234 3745 habere
2295 3689 2607 3761 proximum
2667 3688 2991 3759 provideas;
3053 3687 3202 3759 quod
3256 3688 3346 3743 lex
3402 3688 3609 3759 scripta

2020 3780 2221 3852 jubet:
2263 3792 2324 3837 ut
2364 3798 2495 3837 vero
2543 3781 2856 3852 proximum
2904 3779 3098 3851 diligas
3136 3788 3302 3851 supra
3346 3779 3607 3850 teipsunt,

2025 3871 2162 3943 legis
2187 3874 2376 3943 gratiae
2402 3888 2608 3929 munus
2638 3872 3078 3944 propriissimum
3110 3880 3216 3927 est.

2094 3965 2181 4020 15.
2221 3965 2325 4032 Qui
2369 3980 2398 4019 a
2441 3964 2624 4021 causis
2664 3964 3006 4033 voluptatem
3046 3979 3110 4019 ac
3148 3963 3437 4019 libidinem
3475 3970 3607 4036 proa-

2025 4059 2350 4113 curantibus
2395 4058 2711 4122 cohibetur,
2754 4056 3121 4113 Providentia
3167 4056 3397 4112 docetur
3440 4059 3608 4115 ratio-

2026 4166 2146 4217 nes,
2178 4153 2463 4207 materiam
2514 4151 2816 4206 inltibentis
2848 4160 2972 4219 αυω
3002 4149 3236 4205 allectus
3270 4157 3439 4219 atque
3472 4148 3603 4205 vitia

2027 4254 2297 4315 propense
2329 4243 2617 4298 succendit
2646 4262 2658 4295 :
2690 4243 2783 4313 qui
2828 4253 3013 4297 autem
3048 4240 3443 4297 consciscenda
3478 4256 3605 4299 cor-

2029 4337 2179 4407 poris
2227 4336 2416 4391 dolore
2467 4335 2678 4407 ﬂagella
2722 4336 2973 4405 suscipit,
3018 4334 3213 4406 iudicii
3255 4336 3527 4400 rationes,
3573 4350 3605 4390 a

2028 4430 2333 4499 superioris
2353 4429 2531 4483 aetatis
2551 4428 2815 4484 sordibus
2832 4427 3089 4482 violentis
3113 4428 3394 4482 laboribus
3416 4436 3610 4483 einun-

1951 4535 1997 4588 ι)
2025 4520 2207 4574 dantis
2233 4520 2525 4574 condiscit.

2094 4610 2182 4665 16.
2223 4609 2360 4664 Cum
2397 4610 2683 4677 Scriptura
2731 4611 3057 4679 prephetam
3092 4610 3314 4664 tentorii
3343 4616 3505 4663 causa
3543 4618 3607 4665 ac

2019 4702 2325 4757 cucurbita
2375 4704 2581 4773 (carnis
2630 4700 2842 4755 scilicet
2890 4712 2955 4755 ac
3003 4702 3243 4755 carnalis
3286 4701 3613 4771 voluptatis)

2019 4792 2320 4856 dolentem,
2367 4793 2650 4863 Deumque
2673 4808 2739 4846 ex
2800 4792 3032 4847 adverso
3066 4792 3263 4847 Ninive
3293 4792 3606 4848 studentem

2020 4884 2329 4951 induxerit;
2362 4885 2535 4955 liquet
2562 4886 2743 4955 plane,
2770 4885 2841 4938 iis
2874 4894 2997 4954 qut
3032 4876 3354 4939 hominibus
3390 4884 3447 4939 in
3481 4898 3610 4956 pre-

2023 4974 2102 5029 tio
2144 4986 2276 5030 sunt
2322 4991 2387 5030 ac
2431 4975 2608 5050 amori
2650 4976 2944 5040 habemur,
2983 4975 3130 5031 istud
3166 4974 3247 5031 sic
3280 4976 3399 5030 Dee“
3428 4976 3607 5031 visum

2026 5067 2285 5132 charum;
2322 5067 2541 5123 cunctis
2568 5067 2780 5122 scilicet
2808 5063 2976 5122 rebus
3011 5066 3365 5135 praesumitis
3390 5077 3515 5122 esse
3544 5081 3609 5122 ac

2024 5156 2299 5219 nobilius;
2336 5155 2543 5210 nedum
2576 5156 2664 5220 ..is,
2692 5171 2815 5225 qum
2854 5170 2923 5211 ne
2953 5154 3178 5226 quidem
3206 5165 3355 5220 sunt,
3380 5156 3609 5225 solaque

2024 5243 2454 5313 praesumptione
2485 5252 2705 5299 errante
2728 5244 2940 5314 judicio
2977 5254 3099 5299 esse
3132 5242 3414 5309 videntur,
3444 5236 3611 5315 61E.

2024 5346 2265 5405 quorum
2312 5333 2464 5389 nulla
2516 5340 2746 5404 prorsus
2793 5334 3114 5390 substantia:
3156 5334 3320 5399 ratio,
3353 5334 3446 5389 sed
3490 5334 3608 5389 sola

2027 5426 2210 5479 animo
2261 5424 2500 5479 illudens
2549 5421 2842 5494 cogitatio,
2892 5424 3222 5496 inanemque
3269 5423 3498 5495 ﬁguram
3543 5437 3610 5478 ac

2028 5517 2268 5586 speciem
2299 5532 2410 5571 non
2437 5516 2665 5571 entibus
2694 5517 2963 5585 prabens,
2996 5533 3105 5572 non
3142 5516 3365 5571 ali‘cctui
3394 5531 3460 5570 ac
3484 5530 3610 5587 past

2028 5602 2169 5661 εἱθηί
2199 5618 2327 5661 vere
2357 5608 2657 5663 essiStendi
2689 5608 3053 5663 substantiam
3090 5608 3357 5663 tribuens.

3208 5874 3285 5937 b3
