4060 6416
484 377 625 451 ιτιις

1634 383 1696 443 S.
1739 372 2024 443 ΜΑΧΙΜΙ
2063 371 2571 440 CONFESSORIS

3590 370 3715 438 1356

556 500 637 553 17.
671 494 955 565 Exquisita
978 501 1237 565 certaque
1258 493 1605 564 eloquiorum
1626 491 1867 563 Spiritus
1890 493 2067 547 scien-

2244 491 2329 554 ιζ’.
2405 493 2423 509 ⁶
2458 491 2520 541 Ἡ
2571 488 2670 559 μὲν
2715 486 2948 557 ἀκριϐὴς
2998 484 3201 554 γνῶσις
3253 476 3362 537 τῶν
3411 482 3597 553 λογίων
3629 493 3715 544 τοῦ

484 588 579 653 tia,
610 588 681 643 ;is
719 586 983 641 duntaxat
1014 585 1355 641 manifestari
1404 586 1587 649 habet,
1624 586 1718 656 qni
1750 585 1903 655 digni
1945 584 2065 655 Spi-

483 679 593 732 ritu
625 685 788 742 sunt;
825 676 921 746 qui
955 676 1168 731 scilicet
1201 674 1453 747 diligenti
1488 676 1735 731 colendis
1762 675 2065 729 virtutibus

483 783 651 839 opera
696 768 962 824 vitiorum
1004 767 1234 839 fuligine
1278 779 1580 840 expurgato
1622 768 1843 832 animo,
1892 768 2068 822 instar

481 859 644 915 nitidi
688 874 752 914 ac
797 858 1062 929 pellucidi
1116 859 1361 929 speculi,
1411 859 1595 929 primo
1635 857 1820 912 statim
1867 856 2068 911 mentis

483 948 721 1019 appulsu
766 962 832 1004 ac
867 947 1336 1015 consideratione,
1370 950 1523 1004 velut
1567 947 1766 1004 faciem
1816 946 1927 1002 illis
1968 948 2071 1001 im-

486 1054 730 1109 pressam
784 1054 849 1094 ac
905 1038 1259 1106 illabentem,
1325 1039 1645 1094 divinorum
1695 1038 2069 1110 cognitionem

486 1131 886 1203 scientiamque
938 1131 1292 1203 suscipiunt.,
1323 1130 1539 1198 Quibus
1579 1139 1762 1186 autem
1805 1130 2070 1185 vitiorum

486 1225 926 1297 inquinamentis
956 1226 1072 1280 vita
1114 1233 1447 1296 eompuncta
1472 1233 1557 1281 est
1586 1231 1641 1279 et
1675 1222 2067 1297 contaminata,

484 1311 559 1367 iis
605 1328 677 1367 ne
724 1312 814 1366 vix
867 1312 1090 1382 quidem
1145 1327 1216 1367 ex
1270 1313 1686 1368 verosimilihus
1735 1312 2072 1383 quibusdam

487 1402 711 1458 indiciis
762 1403 1076 1459 divinorum
1137 1404 1793 1475 scientiam‘conjeclura
1853 1403 2072 1474 assequi

487 1507 811 1549 concessum
835 1500 941 1559 est,
968 1492 1175 1548 nedum
1202 1502 1264 1548 ut
1293 1494 1563 1564 exquisite
1595 1495 1902 1566 intelligere
1933 1510 2074 1565 prae-

488 1594 721 1640 sumant
742 1600 810 1640 ac
837 1584 1025 1641 verbis
1056 1600 1337 1641 enarrare.

564 1677 650 1730 l8.
689 1677 793 1745 Qui
844 1677 1045 1733 mentis
1076 1678 1331 1745 formam,
1379 1694 1501 1749 quae
1545 1680 1600 1733 in
1641 1679 1850 1749 Spiritu
1888 1678 2080 1735 divino

488 1782 567 1820 ex
585 1767 888 1827 virtutibus
922 1767 1158 1823 scientia
1199 1780 1303 1834 est,
1331 1778 1524 1824 nactus
1546 1778 1650 1834 est,
1679 1770 1726 1825 is
1750 1769 1937 1825 divina
1963 1770 2075 1841 pati

488 1858 715 1923 dicitur,
746 1858 897 1928 quod
934 1873 1047 1912 non
1086 1867 1307 1923 natura,
1337 1858 1660 1913 substantia:
1693 1858 1810 1929 ipsa
1840 1837 2073 1924 ratione,
2108 1837 2150 1891 Β

490 1950 587 2004 sed
634 1965 736 2020 per
784 1949 1019 2021 gratiam
1067 1965 1136 2005 ex
1189 1950 1612 2020 participatione
1656 1949 1804 2004 illam
1849 1950 2081 2020 adeptus

489 2054 592 2096 est.
611 2041 726 2107 ‘Qui
755 2046 941 2097 autem
975 2042 1264 2098 scientiam
1292 2056 1414 2112 quae
1442 2057 1508 2096 ex
1534 2042 1710 2113 gratia
1737 2049 1825 2097 est
1851 2043 2081 2097 minime

490 2142 687 2187 nactus
717 2140 823 2197 est,
850 2133 1209 2202 quantumvis
1235 2131 1484 2203 spiritale
1514 2132 1723 2203 aliquid
1750 2133 2079 2204 solet-lisque

492 2223 696 2293 ingenii
735 2223 906 2288 dicat,
934 2224 1056 2295 ejus
1098 2231 1282 2279 tamen
1328 2225 1475 2295 quod
1516 2225 1767 2295 loquitur
1791 2241 1890 2297 per
1917 2243 2083 2297 expe-

490 2316 749 2372 rientiam
774 2318 886 2372 v'im
910 2318 1151 2391 ignorat.
1173 2317 1333 2373 Nuda
1362 2319 1508 2373 enim
1532 2318 1847 2390 disciplina,
1882 2321 2079 2377 habitu

490 2418 836 2467 constantem
860 2410 1150 2466 scientiam
1176 2420 1290 2467 non
1324 2410 1541 2466 tribuit.

563 2503 645 2558 i9.
662 2502 813 2559 Mens
824 2517 1095 2559 summam
1110 2502 1403 2574 quamdam
1416 2519 1482 2558 ex
1499 2504 1799 2559 virtutibus
1811 2511 1971 2559 nacta
1987 2521 2083 2573 pu-

493 2596 672 2650 ritatis
690 2595 825 2660 vim,
847 2595 1114 2651 virtutum
1140 2596 1343 2651 merito
1363 2595 1671 2651 rationibus
1696 2596 2081 2652 condiscendis

492 2696 811 2757 comparata
834 2696 947 2753 est;
977 2685 1167 2743 divine
1197 2699 1271 2742 ex-
1293 2686 1403 2741 illis
1421 2686 1740 2758 insignitam
1766 2685 2077 2753 scientiam,

491 2792 649 2834 suam
694 2778 813 2850 ipsa
853 2777 960 2834 sibi
991 2776 1189 2833 faciem
1227 2788 1516 2848 praestans.
1557 2777 1599 2833 A
1637 2793 1696 2833 se
1730 2779 1879 2832 enim
1925 2793 2082 2834 mens

492 2871 675 2927 omnis
700 2869 891 2942 ﬁgurae
905 2869 1205 2941 formaeque
1236 2884 1454 2939 expers,
1469 2869 1824 2926 adventitiam
1860 2870 2081 2925 asciscit

491 2960 746 3030 formam,
781 2964 870 3019 vel
902 2978 972 3019 ex
1007 2963 1314 3018 virtutibus
1351 2963 1408 3017 in
1450 2962 1649 3033 spiritu
1684 2963 2079 3019 consistentem

493 3053 806 3119 scientiam,
832 3053 921 3107 vel
948 3066 1072 3121 qua:
1099 3066 1167 3114 ex
1195 3051 1710 3121 perturbationibus
1736 3062 1903 3120 atque
1931 3054 2082 3109 vitiis

493 3144 836 3215 supervenit,
867 3143 1255 3214 ignorantiam.

562 3237 653 3292 ‘20.
681 3234 951 3307 Quisquis
971 3251 1003 3291 a
1025 3235 1212 3291 divina
1232 3234 1439 3291 excidit
1459 3235 1775 3304 dilectione,
1800 3238 2078 3292 carnalem

494 3331 669 3401 legem
699 3330 1003 3400 voluptatis
1033 3328 1295 3384 illecebra
1322 3343 1387 3385 ac
1412 3329 1642 3385 libidine
1674 3333 1759 3386 sui
1791 3330 2082 3385 dominan-

497 3420 822 3485 temhabet,
857 3434 966 3490 qua
1012 3418 1153 3474 nihil
1192 3433 1388 3476 eorum
1433 3434 1557 3490 qua:
1599 3437 1631 3476 a
1671 3421 1783 3477 Deo
1807 3431 2079 3493 praecepta

494 3521 623 3571 sunt
651 3525 878 3567 servare
905 3511 1084 3567 valeat
1116 3522 1212 3567 aut
1247 3512 1399 3567 velit.
1433 3512 1537 3580 Qui
1568 3513 1717 3568 enim
1754 3512 1834 3568 illi
1864 3515 1991 3570 vita:
2019 3528 2083 3569 ac

495 3619 685 3676 regno,
722 3604 873 3675 quod
912 3618 979 3659 ex
1022 3603 1235 3659 virtute
1278 3604 1461 3675 agitur
1502 3613 1668 3675 atque
1714 3606 1948 3677 regitur,
1986 3622 2085 3660 vo-

494 3697 704 3765 luptate
751 3694 965 3751 ebriam
1010 3693 1478 3766 libidinosamque
1519 3697 1691 3751 vitam
1739 3695 2080 3767 przetulerit,

495 3788 741 3843 scientite
768 3787 893 3843 loco
923 3787 1292 3859 ignorantiam
1326 3789 1542 3847 ascivit.

562 3880 628 3934 21
693 3878 800 3946 Qui
844 3879 932 3934 ad'
964 3880 1290 3937 interiorem
1337 3881 1393 3935 in
1444 3880 1648 3950 spiritu
1700 3880 1840 3951 legis
1884 3880 2083 3936 littera!

494 3969 742 4025 divinum
791 3969 1049 4025 decorem
1101 3979 1283 4026 mente
1313 3970 1437 4041 [non
1479 3971 1697 4037 transit,
1732 3970 2081 4027 libidinosam

497 4062 667 4117 animi
696 4061 1047 4131 aﬂectionem
1082 4062 1444 4135 (mundanum
1479 4062 1698 4119 scilicet
1723 4062 1980 4119 aﬂectum
2019 4078 2084 4119 ac

496 4153 682 4210 ωουιί
711 4152 1034 4225 amantem),
1059 4168 1128 4209 ex
1155 4154 1294 4226 legis
1322 4153 1615 4225 disciplina
1650 4155 1708 4210 in
1736 4154 1886 4209 nuda
1916 4153 2082 4225 615

497 4246 772 4302 sermonis
798 4246 1112 4317 prolatione
1140 4248 1318 4317 posita
1350 4247 1576 4317 gignere
1609 4246 1918 4301 consuevit.

563 4422 654 4475 ‘32.
677 4420 797 4476 Oris
841 4420 1076 4489 confusio
1108 4429 1212 4485 est,
1242 4418 1637 4488 cogitationum
1698 4419 1866 4473 animi
1917 4436 2080 4474 mun-

2105 3175 2153 3237 C

2170 584 2509 655 Πνεῦματος,
2572 582 2756 652 μόνοις
2817 577 3300 633 ἀποκαλύπτεσθαι
3370 576 3567 646 πέφυκε
3614 585 3717 645 τοῖς

2168 676 2341 743 ἀξίοις
2382 674 2479 729 τοῦ
2527 673 2875 743 Πνεῦματος·
2908 670 2958 723 οἳ
2997 670 3085 723 διὰ
3133 669 3336 739 πολλὴν
3388 669 3493 721 τῶν
3532 672 3720 740 ἀρετῶν

2170 768 2514 840 ἐπιμέλειαν,
2547 766 2649 837 τῆς
2684 765 2795 819 τῶν
2823 763 3016 818 παθῶν
3054 763 3288 833 αἰθάλης
3312 762 3406 815 τὸν
3428 761 3548 814 νοῦν
3574 765 3717 817 ἐκκα-

2172 862 2461 932 εάραντες,
2504 853 2776 930 ἐσόπτρου
2825 855 2983 926 δίκην
3023 853 3271 925 καθαροῦ
3335 853 3428 906 καὶ
3465 853 3720 922 διαυγοῦς,

2173 954 2289 1022 ἅμα
2325 953 2392 1022 τῇ
2444 949 2746 1022 προσϐολῇ,
2787 946 3040 1018 καθάπερ
3084 945 3380 1017 πρόσωπον
3416 945 3724 1015 ὲντνπουμέι

2171 1059 2269 1114 νην
2296 1042 2483 1106 αὐτοῖς
2515 1042 2612 1096 καὶ
2635 1040 3020 1111 ἐμπίπτουσαν
3054 1037 3154 1108 τὴν
3178 1034 3287 1089 τῶν
3315 1035 3475 1089 θείων
3504 1036 3726 1106 δέχονται

2171 1135 2398 1202 γνῶσιν.
2432 1128 2530 1196 Οἷς
2558 1131 2615 1185 δὲ
2643 1134 2767 1194 ταῖς
2790 1130 2899 1183 τῶν
2941 1128 3131 1183 παθῶν
3162 1127 3378 1198 κηλῖσιν
3409 1129 3438 1180 ὁ
3472 1126 3580 1197 βίος
3616 1146 3729 1182 κατ-

2173 1228 2439 1290 έστικται,
2496 1225 2648 1296 μόλις
2702 1224 2813 1279 κᾶν
2844 1222 2905 1287 ἐξ
2938 1220 3163 1275 εἰκότων
3223 1219 3385 1273 τινῶν
3432 1219 3731 1289 στοχασμῶν

2173 1318 2555 1390 τεκμηριῶσαι
2590 1319 2687 1387 τὴν
2730 1317 2839 1369 τῶν
2893 1315 3051 1368 θείων
3101 1313 3305 1383 γνῶσίν
3338 1313 3456 1365 ἐστι
3508 1311 3728 1375 δυνατὴν,

2179 1420 2253 1483 μὴ
2283 1413 2366 1465 ὅτι
2398 1428 2460 1479 γε
2492 1409 2685 1478 νοῆσαί
2714 1427 2771 1463 τε
2802 1411 2895 1463 καὶ
2925 1408 3131 1479 φράσαι
3156 1406 3360 1478 ταύτην
3385 1404 3453 1459 δι’
3473 1404 3735 1476 ἀκριϐείας

2176 1502 2664 1566 ἀπαυθαδίζεσθαι.

2253 1695 2344 1757 ιη’.
2398 1688 2455 1740 '0
2487 1687 2581 1741 τοῦ
2612 1687 2702 1740 νοῦ
2735 1687 2949 1758 μορφὴν
2979 1686 3077 1756 τὴν
3129 1686 3187 1752 ἐξ
3232 1686 3446 1756 ἀρετῶν
3494 1686 3549 1737 ὲν
3581 1683 3735 1737 Πνεῦε-

2182 1795 2312 1849 ματι
2340 1778 2474 1848 θείῳ
2504 1777 2800 1848 δεξάμενος
2816 1777 3038 1847 γνῶσιν,
3056 1778 3126 1830 τὰ
3153 1777 3271 1830 θεῖα
3297 1777 3515 1845 λέγεται
3542 1775 3745 1838 παθεῖν,

2181 1871 2265 1923 ὃτι
2298 1869 2373 1941 μὴ
2402 1869 2564 1937 φύσει
2596 1868 2740 1922 κατὰ
2771 1867 2871 1940 τὴν
2912 1867 3168 1940 ὓπαρξιν,
3205 1867 3344 1923 ἀλλὰ
3386 1867 3567 1939 χάριτι
3615 1867 3739 1919 κατὰ

2180 1960 2278 2032 τὴν
2314 1958 2555 2031 μέθεξιν,
2606 1958 2813 2027 ταύτην
2862 1958 3220 2030 προσέλαϐεν.
3266 1959 3325 2011 '0
3359 1958 3413 2012 δὲ
3439 1951 3546 2029 ’τὴν
3573 1960 3633 2011 ἐκ
3659 1959 3743 2027 χὰ-

2183 2068 2333 2122 ριτος
2372 2052 2444 2122 μὴ
2475 2050 2773 2119 δεξάμενος
2801 2048 3024 2119 γνῶσιν,
3053 2051 3156 2105 κᾶν
3184 2049 3319 2123 λέγῃ
3355 2065 3407 2103 τι
3435 2046 3740 2118 γνωστικὸν,

2180 2143 2279 2196 οὐκ
2315 2140 2422 2196 οἶδε
2472 2143 2614 2198 κατὰ
2665 2145 2862 2213 πεῖραν
2890 2141 2985 2196 τοῦ
3022 2142 3319 2214 λεγομένου
3370 2142 3472 2213 τὴν
3512 2139 3741 2209 δύναμιν.

2181 2233 2330 2306 vos]
2356 2234 2465 2307 γὰρ
2507 2233 2765 2307 μάθησις,
2808 2232 2908 2307 τὴν
2946 2232 3068 2289 καθ’
3091 2233 3207 2300 ἕξιν
3236 2233 3441 2305 γνῶσιν
3472 2234 3531 2288 οὐ
3557 2233 3744 2288 δίδωσι.

2257 2489 2349 2544 ιϐ’,
2384 2489 2531 2553 Νοῦς
2570 2491 2652 2554 εἷς
2699 2490 2869 2561 ἄκρον
2900 2490 2989 2544 διὰ
3021 2490 3132 2544 τῶν
3174 2491 3387 2563 ἀρετῶν
3434 2492 3751 2564 καθαιρόμε-

2182 2600 2292 2646 νος,
2318 2583 2447 2646 τοὺς
2489 2582 2598 2637 τῶν
2638 2583 2855 2661 ἀρετῶν
2898 2582 3150 2653 πέφυκεν
3189 2584 3416 2648 εἰκότως
3450 2585 3750 2639 ἐκδιδάσκε-

2185 2675 2306 2729 σθαι
2340 2674 2552 2744 λόγους,
2583 2676 2683 2747 τὴν
2712 2675 2771 2741 ἐξ
2800 2676 2982 2729 αὐτῶν
3039 2677 3276 2742 θειωδῶς
3305 2678 3755 2750 χαρακτηρισθεῖ-

2184 2784 2284 2823 σαν
2332 2767 2535 2836 γνῶσιν
2594 2769 2795 2823 οἰκεῖον
2870 2769 3196 2841 ποιούμενος
3258 2770 3573 2841 πρόσωπον.
3629 2769 3757 2823 Καθ’

2183 2862 2378 2915 ἑαυτδν
2425 2861 2536 2932 γὰρ
2587 2848 2937 2926 ἁνείδεόςτε
2978 2862 3075 2916 καὶ
3122 2863 3604 2936 ἀχαρακτήριστος
3656 2861 3757 2924 πᾶς

2183 2954 2490 3022 καθέστηκε
2525 2953 2672 3017 νοῦς,
2706 2954 2923 3026 μορφὴν
2962 2955 3102 3025 ἔχων
3142 2955 3465 3026 ἐπίκτητον,
3500 2956 3533 3029 ἢ
3574 2955 3668 3025 τὴν
3699 2957 3759 3008 ἐκ

2182 3045 2294 3099 τῶν
2322 3046 2535 3116 ἀρετῶν
2573 3047 2893 3100 ὑποστᾶσαν
2937 3050 2995 3100 ὲν
3057 3046 3332 3118 πνεύματι
3358 3046 3584 3123 γνῶσιν,
3613 3047 3762 3118 ἢτὴν

2183 3137 2247 3190 ἐκ
2271 3136 2379 3191 τῶν
2417 3137 2607 3191 παθῶν
2642 3138 3143 3209 ὲπισυμϐαινουσαν
3167 3138 3410 3208 ἄγνοιαν.

2256 3237 2326 3284 κ’.
2371 3232 2487 3294 Πᾶς
2537 3233 2567 3285 ὁ
2608 3234 2709 3301 τῆς
2760 3230 2913 3294 Θείας
2958 3229 3332 3295 ὲκπεπτωκὼς
3381 3231 3626 3299 ἀγάπης,
3675 3230 3760 3283 τὸν

2183 3324 2241 3376 ὲν
2268 3325 2335 3396 τῇ
2370 3324 2533 3393 σαρκὶ
2564 3324 2726 3395 νόμον
2765 3324 2879 3395 ἔχει
2913 3323 3001 3377 διὰ
3034 3324 3136 3394 τῆς
3162 3323 3358 3396 ἡδονῆς
3382 3323 3757 3395 βασιλεύοντα.

2181 3417 2273 3470 τὸν
2326 3417 2598 3489 μηδεμίαν
2648 3416 2798 3470 θείαν
2842 3415 3063 3487 ἐντολὴν
3125 3415 3359 3485 φυλάξαι
3407 3410 3764 3486 δυνάμενοιῆ

2185 3506 2534 3579 βουλόμενον.
2567 3508 2681 3579 Τῆς
2714 3507 2824 3579 γὰρ
2859 3509 2918 3559 ἐν
2945 3507 3219 3576 πνεύματι
3255 3505 3389 3559 Θεοῦ
3422 3507 3548 3560 κατ’
3574 3504 3763 3575 ἀρετὴν

2182 3597 2575 3669 διεξαγομένης
2620 3596 2765 3668 ζωῆς
2803 3614 2862 3649 τε
2911 3597 3005 3650 καὶ
3059 3594 3364 3666 βασιλείας,
3417 3594 3764 3667 προτιμήσας

2182 3689 2283 3759 τὴν
2313 3688 2596 3759 φιλήδονον
2629 3688 2796 3758 ζωὴν,
2835 3687 2935 3759 τὴν
2966 3684 3195 3756 ἄγνοιαν
3235 3686 3365 3753 ἀντὶ,
3389 3687 3493 3757 τῆς
3519 3684 3765 3754 γνώσεως

2084 3834 2087 3837 .
2183 3780 2364 3849 ἑαυτῷ
2394 3780 2768 3833 ἐπεσπάσατο.

2256 3872 2364 3927 κα’.
2417 3874 2475 3927 '0
2520 3874 2595 3944 μὴ
2632 3872 2927 3927 διαϐαίνων
2961 3871 3105 3925 κατὰ
3135 3869 3260 3924 νοῦν
3312 3870 3455 3944 πρὸς
3488 3871 3591 3941 τὴν
3625 3869 3764 3922 ἔνδον

2184 3965 2242 4019 ἐν
2275 3964 2549 4036 πνεύματι
2590 3964 2685 4019 τοῦ
2736 3964 2965 4035 νομικοῦ
3006 3964 3341 4036 γράμματος
3376 3963 3534 4017 θείαν
3581 3960 3764 4029 εὐπρέ-

2186 4072 2367 4119 πειαν,
2399 4055 2497 4125 τὴν
2526 4055 2627 4126 τῆς
2657 4055 2884 4127 γνώμης
2922 4056 3206 4127 φιλήδονον
3238 4055 3449 4126 σχέσιν,
3484 4056 3655 4126 ἦγουν
3676 4052 3768 4120 τὴν

2185 4150 2458 4220 κοσμικὴν
2508 4148 2890 4221 προσπάθειαν
2922 4148 3018 4203 καὶ
3048 4148 3410 4218 φιλοκοσμίαν
3439 4148 3639 4217 γεννᾷν
3671 4145 3765 4197 πέ-

2186 4258 2378 4311 φυκεν,
2412 4242 2476 4294 ἐκ
2508 4241 2608 4311 τῆς
2639 4241 2781 4296 κατὰ
2837 4239 3007 4311 μόνην
3056 4240 3153 4309 τὴν
3185 4242 3243 4293 ἐν
3287 4240 3435 4311 λόγῳ
3475 4239 3571 4293 τοῦ
3606 4239 3767 4307 νόμου

2188 4332 2477 4404 μαθήσεως
2506 4332 2808 4403 προφορὰν.

2256 4423 2363 4494 κβ’.
2390 4425 2663 4492 Αἰσχύνη
2698 4425 2997 4493 στόματός
3032 4423 3105 4495 (z)
3151 4425 3320 4489 ἐστιν,
3370 4424 3403 4495 ἡ
3457 4421 3605 4477 κατὰ
3651 4418 3769 4474 νοῦν

498 4512 636 4565 dana
667 4524 732 4566 ac
756 4522 1053 4578 corporum
1086 4522 1273 4562 amore
1312 4506 1610 4562 libidinosa
1660 4508 1965 4564 meditatio.
2012 4510 2075 4564 In

2183 4516 2512 4587 φιλόκοσμος
2542 4516 2739 4587 μελέτη
2767 4516 2875 4569 τῶν
2908 4516 3185 4587 λογισμῶν
3224 4516 3319 4569 καὶ
3368 4514 3765 4583 φιλοσώματος.

496 4618 606 4674 quo
663 4601 815 4657 enim
866 4614 935 4655 ex
976 4600 1233 4675 elucente
1283 4600 1341 4653 in
1385 4598 1525 4671 legis
1567 4600 1752 4655 littera
1805 4601 2077 4671 corporali

496 4693 903 4758 informatione,
917 4690 1223 4748 voluntatis
1250 4691 1566 4763 mentisque
1590 4692 1820 4749 libidine
1835 4694 2078 4750 mundus

495 4786 843 4858 progignitur
867 4783 1085 4856 (mundi
1118 4783 1333 4841 scilicet
1365 4799 1430 4840 ac
1458 4784 1646 4841 ειεοωί
1675 4800 1870 4841 amans
1901 4786 2075 4840 animi

496 4876 764 4950 all‘ectio)‘,
782 4877 841 4932 in
870 4876 979 4933 hoc
995 4876 1166 4933 etiam
1196 4877 1511 4948 voluptaria
1538 4876 1683 4933 inest
1709 4879 1895 4933 animo
1923 4878 2076 4950 cogi-

497 4970 767 5025 tationum
790 4966 1098 5024 meditatio.
1121 4966 1224 5023 Cui
1248 4968 1398 5023 enim
1423 4967 1503 5022 rei
1525 4967 1728 5023 ali‘ectu
1743 4965 2073 5036 addicimur,

495 5079 861 5135 caruqnoque
887 5061 1075 5118 animo
1094 5061 1449 5118 meditamur.

561 5203 579 5218 -
613 5197 694 5253 cr.
731 5197 797 5253 ad
824 5196 984 5255 Thal.
1015 5214 1069 5268 τι.
1105 5196 1194 5252 65.

573 5312 641 5384 (ς.)
680 5312 959 5384 malum
1000 5312 1320 5384 arduaqoc.
1376 5307 1663 5384 Expositio
1708 5320 1794 5365 est
1811 5310 2076 5384 _nominis

499 5364 857 5453 Μέμφιδι)σῆ
914 5364 1149 5453 alterius
1201 5364 1655 5453 (ili'orum'Saulis
1702 5364 2071 5453 enRhespha

500 5451 820 5524 pellice;__ut
873 5458 939 5524 et»
970 5451 1229 5524 ἀνάθημα
1257 5452 1393 5524 _(seu
1430 5453 1618 5524 potius
1670 5451 1921 5524 ἀνάθεμα
1945 5489 1959 5515 ,
1992 5458 2080 5524 _ut

500 5520 695 5594 quaest.
743 5522 835 5594 illa
868 5522 943 5594 es
991 5521 1273 5594 scribitur)
1310 5520 1560 5594 alterius,
1594 5536 1795 5594 nempe
1825 5520 2037 5594 ’Epov0_£
2061 5539 2075 5551 -

489 5589 641 5663 quos
668 5590 1150 5663 ambosblaximus
1174 5589 1449 5646 illaudata:
1463 5592 1671 5663 sobolis
1688 5589 1818 5663 typo
1850 5589 2074 5660 accipit.

501 5661 710 5733 quippe
736 5674 801 5733 ex
827 5661 1113 5732 illegitimo
1142 5669 1445 5733 susceptos
1471 5661 1752 5717 connubio
1779 5679 1791 5714 :
1824 5677 1926 5733 nec
1952 5677 2075 5716 raro

503 5730 820 5803 ἄναγωγῐαν
845 5730 1197 5803 sensumque
1234 5730 1541 5803 spiritalem
1576 5733 1632 5803 in
1667 5732 1940 5803 ejusmodi
1969 5747 2072 5787 no—

504 5800 719 5854 minum
760 5798 1159 5857 Hebraicoruin
1200 5798 1531 5874 etimologia
1569 5798 1789 5867 fundat;
1821 5817 1985 5873 quam
2015 5812 2071 5859 et

2196 4610 2285 4664 Ἐν
2314 4602 2358 4677 ᾧ
2384 4609 2493 4680 γὰρ
2529 4610 2557 4661 ὁ
2588 4609 2791 4679 κόσμος
2815 4610 2878 4661 ἐκ
2901 4608 3002 4677 τῆς
3035 4607 3446 4679 ἐμφαινομένης
3480 4606 3562 4677 τῷ
3596 4603 3771 4676 γράμ-

2188 4716 2319 4769 ματι
2359 4699 2454 4751 τοῦ
2495 4699 2661 4769 νόμου
2705 4700 3029 4769 σωματικῆς
3080 4699 3451 4763 διαπλάσεως,
3494 4698 3641 4752 κατὰ
3674 4696 3767 4764 τὴν

2183 4790 2472 4862 γνωμικὴν
2519 4790 2705 4859 σχέσιν
2752 4791 3046 4858 γεννᾶσθαι
3080 4791 3327 4860 πέφυκεν
3351 4807 3365 4820 ο
3399 4791 3595 4862 ἤγουν,
3624 4791 3657 4859 ἡ
3682 4788 3769 4841 τὸν

2186 4883 2388 4952 κόσμον
2421 4882 2652 4951 φιλοῦσα
2680 4882 2945 4949 διάθεσις,
2977 4883 3071 4937 καὶ
3096 4884 3127 4952 ἡ
3161 4883 3305 4936 κατὰ
3333 4883 3460 4938 νοῦν
3490 4883 3769 4954 φιλήδονος

2187 4974 2388 5046 μελέτη
2423 4972 2532 5027 τῶν
2567 4974 2866 5047 λογισμῶν.
2909 4975 3052 5048 Πρὸς
3082 4976 3109 5029 ὃ
3139 4976 3244 5047 γὰρ
3276 4976 3545 5046 exsuxit;
3568 4972 3771 5029 διακεί-

2186 5067 2346 5135 μεθα,
2381 5067 2518 5138 πρὸς
2543 5070 2718 5121 ἐκεῖνο
2739 5070 2832 5123 καὶ
2859 5069 3002 5123 κατὰ
3023 5069 3148 5124 νοῦν
3177 5069 3406 5140 μελέτην
3424 5067 3767 5138 κεκτήμεθα,

2182 5310 2505 5365 methodum
2537 5312 2854 5381 exponendi
2883 5311 3003 5368 Scri
3052 5321 3204 5368 turos
3247 5314 3303 5367 in
3331 5312 3416 5367 his
3449 5312 3587 5381 ipsis
3612 5310 3769 5381 Capi-

2182 5381 2330 5435 tibus
2363 5382 2734 5435 commcndat.
2774 5383 2923 5435 Nihil
2958 5329 3044 5435 at?
3059 5399 3197 5435 rem.
3234 5382 3382 5435 quod
3416 5384 3603 5435 Picus.
3637 5382 3767 5435 illud

2182 5381 2734 5453 tibusgcommendat.
2774 5383 2923 5438 Nihil
2958 5381 3028 5438 ad
3059 5399 3197 5446 rem,
3234 5382 3382 5453 quod
3416 5384 3603 5444 Picus,
3637 5382 3767 5437 illud

2182 5452 2423 5532 Αἰσχῦνη
2465 5453 2771 5532 στόματος,
2830 5455 2974 5507 dictu
3034 5452 3320 5532 pudendo,
3361 5454 3502 5532 dictu
3535 5453 3766 5532 infamis

2180 5521 2503 5594 reddit,’ac
2541 5521 2585 5594 si
2633 5535 2783 5578 esset
2838 5521 3124 5594 sequentis
3182 5526 3373 5585 vocis,
3412 5521 3621 5592 μελέτη
3683 5521 3766 5594 vel

2179 5594 2396 5663 κίνησις
2419 5592 2732 5661 epithetum
2757 5611 2771 5647 :
2805 5596 2866 5646 τὸ
2887 5592 3147 5663 ἄνάθημα
3176 5609 3290 5647 non
3327 5593 3544 5656 habuit,
3572 5593 3768 5646 mutila

2176 5661 2475 5732 ipsi’textu
2502 5680 2515 5715 :
2554 5679 2751 5744 mineo
2783 5663 2937 5744 {orte
2966 5661 3131 5744 nobis
3176 5664 3404 5744 omnino
3436 5665 3654 5744 integer
3685 5678 3769 5716 re-

2173 5741 2566 5859 przgsehntlatur.
2600 5735 2762 5788 Plura
2794 5735 2848 5789 in
2882 5734 2974 5790 illa
3013 5732 3214 5800 Quwst.
3267 5734 3323 5789 in
3373 5742 3525 5788 textu
3559 5732 3679 5803 ipso
3700 5742 3762 5785 et

2173 5818 2230 5857 tn
2301 5819 2332 5858 c
2375 5819 2519 5859 ous.

2172 5818 2230 5857 m
2262 5818 2519 5859 δσηοιιιε.
