4060 6406
371 393 500 461 1357

1047 402 1376 463 CAPITUM
1419 395 1843 472 QUINQUIES
1883 391 2404 460 CENTENORUM
2444 399 2831 461 CENTURIA
2868 403 2933 461 V.

3475 397 3607 461 135g
3631 401 3636 416 '

433 510 534 580 κγ’.
569 512 639 566 'll
676 513 835 566 πάλιν
865 515 1130 581 αἰσχύνη
1183 515 1481 583 στόματός
1529 513 1698 576 ἐστιν,
1741 512 1776 566 ἠ
1827 511 1937 571 τοῖς

2113 512 2203 567 25.
2225 513 2335 567 Aut
2363 528 2560 568 rursus
2590 516 2695 568 oris
2731 515 2986 584 confusio,
3028 515 3228 570 mentis
3250 515 3476 585 agitatio
3501 528 3605 579 est,

365 604 592 657 πάθεσιν
642 601 782 667 εῐδος
832 603 1135 672 ἐπάγουσα.
1186 605 1272 660 καὶ
1316 604 1376 656 τὸ
1419 603 1542 656 καθ’
1575 602 1769 672 ἡδονὴν
1801 600 1937 668 πρὸς

363 695 615 765 αἴσθησιν
671 695 1067 749 διαπλάττουσα
1129 695 1345 760 κάλλος,
1401 693 1494 747 τοῦ
1550 692 1643 746 νοῦ
1701 691 1934 760 κίνησις.

361 787 544 856 Χωρὶς
589 787 695 857 γὰρ
733 788 831 856 τῆς
884 787 1026 839 κατὰ
1076 785 1197 839 νοῦν
1243 787 1592 856 ὲπινοητικῆς
1631 782 1932 853 δυνάμεως,

365 877 501 944 πρὸς
557 875 842 928 διάπλασιν
899 877 1129 948 μορφῆς,
1188 876 1438 947 οὐδαμῶς
1491 874 1664 939 πάθος
1721 875 1933 943 ἄγεται.

366 968 435 1020 ’Ἦ
474 967 750 1037 ἀνάθημά
788 969 923 1033 ἐστι,
955 970 1044 1022 καὶ
1073 970 1104 1038 ἡ
1140 967 1406 1036 πρὸσυλος
1444 968 1535 1021 καὶ
1562 967 1800 1037 ἀκαλλὴς
1830 967 1936 1019 τῶν

363 1058 549 1110 παθῶν
583 1057 677 1112 καλ⁸
720 1059 1092 1123 ἁδιατύπωτος
1125 1060 1339 1128 κίνησις
1364 1076 1377 1088 ·
1411 1059 1674 1126 αἰσχύνη
1706 1059 1761 1111 δὲ
1793 1060 1935 1110 στό-

355 1164 562 1218 ματος,
615 1153 648 1222 ἡ
696 1151 755 1203 τὸ
804 1151 972 1212 πάθος
1011 1149 1351 1202 είδοποιοῦσα
1386 1150 1521 1221 πρὸς
1565 1149 1815 1220 αἴσθησιν
1841 1148 1936 1202 τοῦ

359 1239 451 1293 νοῦ
484 1243 717 1311 κίνησις,
763 1242 857 1294 καὶ
889 1244 1006 1305 ταῖς
1055 1243 1319 1304 ἐπινοίαις
1374 1240 1506 1312 ὓλην
1557 1241 1812 1311 ἁρμόδιον
1860 1239 1938 1310 τῷ

361 1331 521 1384 πάθει
555 1331 870 1401 πορίζουσα.
1743 1379 1790 1410 ν...

434 1503 528 1558 κδ’.
577 1504 633 1557 Ὀ
663 1505 749 1558 διὰ
776 1503 984 1575 τρυφὴν
1020 1505 1341 1574 σωματικὴν
1370 1504 1466 1557 καὶ
1499 1505 1804 1556 ἀνάπαυσιν
1839 1504 1937 1568 τὰς

361 1598 553 1660 θυσίας
589 1597 680 1649 καὶ
713 1596 810 1658 τὰς
845 1596 1055 1667 ἑορτὰς,
1083 1597 1150 1648 τά
1181 1613 1239 1648 τε
1283 1594 1536 1648 Σάϐϐατα
1570 1595 1662 1646 καὶ
1694 1595 1792 1657 τὰς
1819 1611 1936 1646 νεο-

369 1688 568 1757 μηνίας
613 1687 756 1740 κατὰ
794 1685 885 1738 τὸν
924 1686 1089 1755 νόμον
1133 1682 1221 1738 τδν
1264 1685 1396 1738 Θεὸν
1445 1685 1817 1755 διατεταχέναι
1853 1702 1937 1738 πιο

363 1780 587 1846 στεύων,
623 1779 803 1848 πάντη
848 1795 909 1830 τε
953 1780 1048 1831 καὶ
1086 1779 1324 1843 πάντως,
1355 1779 1459 1830 ὑπὸ
1493 1779 1590 1848 τὴν
1634 1779 1822 1850 ἐνοχῆν
1847 1796 1938 1847 γε·

2039 619 2160 671 qna—z
2187 603 2479 658 aflectibus
2527 597 2767 674 speciem
2812 605 3043 669 inducit,
3077 621 3254 674 exque
3296 619 3493 660 sensus
3527 623 3609 660 ra-

2042 693 2190 748 tione
2239 694 2598 749 libidinosam
2662 696 3132 764 pulchritudinem
3186 697 3414 767 efﬁngit.
3459 697 3607 752 Citra

2038 785 2186 840 enim
2216 786 2618 856 excogitantem
2663 802 2727 842 ac
2753 787 3114 841 inventricem
3148 791 3350 844 mentis
3378 789 3609 844 faculta-

2039 883 2149 930 tem
2184 877 2252 930 ad
2306 876 2538 930 formam
2584 876 2984 948 etlingendam,
3039 879 3270 934 allectus
3323 897 3389 935 ac
3425 881 3610 950 passio

2038 983 2148 1020 non
2180 968 2450 1037 procedit.
2482 969 2578 1022 Vel
2623 970 2790 1023 etiam
2821 971 3106 1022 anathema
3151 979 3266 1034 est,
3313 979 3532 1026 terrena
3557 981 3611 1027 et

2042 1057 2333 1111 invenusta
2387 1057 2753 1126 informisque
2820 1059 3299 1126 perturbationum
3360 1075 3423 1113 ac
3477 1061 3612 1114 alle-

2038 1155 2226 1201 ctuum
2270 1147 2518 1202 incitatio
2540 1165 2551 1200 :
2573 1150 2678 1201 oris
2705 1164 2835 1202 vero
2871 1150 3139 1218 confusio,
3170 1163 3290 1218 quin
3320 1164 3386 1202 ex
3419 1162 3612 1203 sensus

2040 1239 2250 1294 ratione
2286 1240 2541 1294 allectum
2566 1240 2746 1309 specie
2782 1241 2999 1304 format,
3037 1241 3444 1310 subtilibusque
3466 1257 3612 1294 eom-

2038 1329 2237 1385 mentis
2259 1341 2438 1398 aptam
2462 1330 2681 1385 aﬂ‘ectui
2703 1346 2798 1385 seu
2822 1332 3061 1401 passioni
3088 1334 3374 1386 materiam
3401 1333 3609 1395 tribuit,

2039 1423 2242 1476 mentis
2266 1423 2510 1492 agitatio.

2111 1514 2197 1567 24.
2231 1514 2335 1580 Qui
2387 1515 2626 1570 carnalis
2660 1517 2960 1584 volumatis
2999 1518 3356 1587 fruentlreque
3409 1518 3614 1587 quietis

2040 1619 2225 1667 causa,
2257 1605 2581 1674 praecepisse
2609 1607 2779 1661 Deum
2806 1607 3200 1662 sacrificiorum
3235 1607 3613 1674 festorumquc

2039 1693 2303 1764 legitima,
2343 1695 2689 1766 Sabbataque
2727 1705 2782 1751 et
2821 1698 3136 1752 neomenias
3168 1698 3472 1752 instituisse
3496 1695 3615 1751 exi-

2044 1784 2256 1849 stimat,
2314 1787 2538 1840 omnino
2602 1803 2939 1857 prorsusque
3009 1788 3299 1842 affectibus
3355 1789 3616 1857 vitiisque

359 1873 583 1942 νήσεται
612 1871 709 1938 τῆς
738 1869 847 1921 τῶν
875 1867 1062 1922 παθῶν
1087 1869 1387 1939 ἐνεργείας,
1418 1867 1511 1922 καὶ
1544 1869 1641 1939 τὴν
1671 1871 1932 1940 αἰσχύνην

2051 1877 2322 1930 obnoxius
2367 1879 2504 1944 erit;
2550 1881 2901 1949 turpiumque
2959 1881 3084 1934 inde
3123 1879 3519 1949 cogitationum
3550 1893 3613 1932 ac

356 1962 459 2032 τῆς
489 1961 599 2013 τῶν
629 1962 715 2013 ἐπ’
761 1961 948 2023 αὑταῖς
1003 1959 1241 2030 αἰσχρῶν
1291 1960 1568 2030 λογισμῶν
1623 1961 1934 2032 ῥυπαρίαςο

357 2053 465 2105 ὑπό
511 2070 568 2104 τε
622 2052 714 2104 τὸν
773 2051 1127 2120 φθειρόμενον
1177 2050 1328 2105 ἔσται
1367 2052 1590 2121 κόσμον,
1617 2053 1712 2105 καὶ
1744 2053 1846 2122 τὴν
1878 2054 1936 2105 ὲν

358 2143 639 2212 λογισμοῖς
667 2140 1042 2211 φιλοσώματον
1083 2141 1352 2213 μελέτηνο
1403 2143 1508 2196 ὑπό
1554 2160 1614 2196 τε
1663 2144 1763 2214 τῆν
1805 2143 1937 2210 ὕλην

356 2234 467 2289 τῶν
501 2233 688 2288 παθῶν
720 2233 892 2288 καὶτὸ
922 2232 1078 2299 εἶδος,
1117 2234 1283 2304 μηδὲν
1318 2233 1447 2289 ἄλλο
1482 2233 1622 2306 πλὴν
1647 2234 1749 2288 τῶν
1784 2234 1936 2305 φθει-

361 2327 603 2397 ρομένων
641 2325 820 2394 τίμιον
842 2326 985 2395 ἔχειν
1012 2325 1329 2395 δυνάμενος.
1366 2388 1390 2410 ⁸

429 2545 528 2594 κε’.
580 2540 639 2592 Ὀ
668 2537 908 2601 πεισθεὶς
939 2535 1088 2591 θείαν
1121 2532 1258 2592 εἶναι
1291 2537 1554 2608 διαταγὴν
1582 2538 1645 2591 τὸ
1687 2552 1930 2606 σωματι-

359 2631 470 2693 κῶς
510 2630 649 2684 κατὰ
701 2629 862 2700 νόμον
916 2631 1151 2700 τρυφᾷν,
1209 2630 1307 2698 τὴν
1360 2629 1806 2701 γαστριμαργίαν
1861 2627 1937 2690 ὼς

357 2722 496 2776 Θεοῦ
545 2722 715 2792 δῶρον
755 2720 1021 2791 λαμϐάνει
1062 2720 1195 2791 πρὸς
1227 2720 1530 2789 συμϐίωσιν
1566 2718 1707 2790 μετὰ
1738 2719 1932 2789 χαρᾶς,

358 2808 513 2884 ἑξῆς
569 2811 733 2882 γεννᾷ
780 2811 906 2872 τοὺς
952 2808 1272 2878 μολύνοντας
1324 2809 1781 2882 τῇιπαραχρὴσει
1836 2809 1934 2878 τὴν

358 2904 640 2972 ἐνέργειαν
664 2903 768 2956 τῶν
796 2902 1099 2969 αἰσθήσεων
1132 2901 1388 2972 τρόπους.

429 3108 542 3164 κςθ.
604 3098 851 3152 Ἐπειδὰν
882 3098 942 3150 τὸ
979 3097 1310 3168 θεωρητικὸν
1345 3102 1440 3168 τῆς
1467 3097 1646 3167 ψυχῆς
1673 3096 1770 3167 τὴν
1802 3113 1936 3168 τρυ-

2045 1968 2321 2021 rationum
2371 1970 2604 2038 paedoris
2649 1971 2853 2040 probro
2903 1987 2967 2026 ac
3011 1972 3319 2025 confusioni
3359 1988 3371 2022 :
3408 1970 3614 2024 mundo

2044 2057 2174 2111 item
2209 2060 2302 2128 qui
2340 2062 2735 2130 corrumpitur,
2769 2070 2823 2116 et
2849 2063 3158 2116 libidinosa:
3189 2063 3355 2132 inque
3381 2077 3614 2131 corpora

2041 2149 2230 2204 effusae
2266 2151 2658 2220 cogitationum
2703 2153 3078 2218 meditationi;
3121 2168 3184 2206 ac
3225 2163 3502 2222 postremo
3529 2153 3614 2206 vi-

2043 2241 2248 2295 tiorum
2281 2242 2690 2313 affectuumque
2721 2251 2834 2297 tum
2862 2243 3106 2298 materiae
3133 2257 3247 2298 tum
3275 2243 3493 2307 forma};
3523 2241 3617 2311 qui

2045 2343 2247 2403 prmter
2281 2351 2344 2387 ea
2371 2352 2490 2404 qum
2527 2336 2882 2406 corruptione
2913 2337 3212 2402 intereunt,
3239 2335 3376 2390 nihil
3405 2336 3460 2389 in
3495 2350 3620 2404 pre-

2047 2424 2124 2478 tio
2147 2425 2348 2479 habere
2375 2427 2569 2495 possit.

2113 2538 2202 2592 25.
2230 2537 2330 2593 Cui
2363 2548 2513 2594 certo
2538 2555 2856 2609 persuasum
2889 2538 2981 2602 sit,
3020 2539 3269 2594 divinum
3305 2554 3424 2593 esse
3469 2552 3618 2591 man-

2044 2628 2233 2683 datum
2287 2632 2671 2699 corporalibus
2728 2634 3033 2687 secundum
3091 2635 3264 2703 legem
3332 2633 3618 2701 indulgere

2043 2717 2280 2781 deliciis,
2311 2727 2569 2788 tanquam
2615 2723 2712 2776 Dei
2759 2722 2965 2777 donum
3001 2739 3124 2777 cum
3164 2719 3364 2794 gaudio
3408 2721 3619 2775 ventris

2044 2807 2340 2878 ingluviem
2367 2809 2421 2862 in
2445 2812 2647 2864 sociam
2674 2813 2798 2867 vitae
2835 2813 3100 2867 rationem
3137 2815 3385 2876 assumit,
3412 2829 3475 2864 ετ
3511 2829 3616 2881 qua

2043 2899 2237 2954 modos
2271 2917 2563 2970 moresque
2600 2920 2698 2972 per
2742 2904 3012 2966 abusum,
3047 2920 3308 2959 sensuum
3337 2903 3616 2972 operatioa

2042 3008 2167 3046 nem
2205 2994 2554 3063 inquinantes
2578 2995 2770 3065 gignit.

2111 3107 2202 3163 26.
2233 3107 2370 3163 Cum
2393 3109 2565 3162 animi
2595 3109 2678 3164 vis
2700 3111 3104 3178 contemplandi
3138 3111 3335 3169 solers,
3363 3112 3620 3177 volupta-

359 3191 467 3262 φῆν
510 3190 648 3243 κατὰ
691 3189 780 3242 τὸν
815 3190 871 3241 ὲν
907 3188 1198 3258 γράμματι
1230 3187 1390 3257 νόμον
1418 3187 1490 3250 ὡς
1533 3187 1683 3240 θείαν
1720 3186 1807 3240 διὰ
1837 3187 1936 3257 τὴν

2045 3206 2153 3252 tem
2185 3213 2253 3252 ex
2276 3198 2414 3268 legis
2438 3198 2622 3253 littera
2649 3207 2909 3267 tanquam
2943 3199 3183 3252 divinam
3210 3208 3440 3268 propter
3469 3215 3619 3252 man-

359 3281 579 3347 ἂντολὴν
614 3282 926 3350 ἀσπάσηται
963 3279 1098 3349 πρὸς
1138 3279 1458 3350 συμϐίωσιν,
1487 3280 1586 3347 τὴν
1615 3278 1723 3330 τῶν
1747 3278 1939 3347 αἰσθή-

360 3393 500 3428 σεων
528 3375 679 3444 παρᾶ
714 3373 875 3442 φύσιν
907 3373 1226 3444 μετέρχεται
1255 3373 1469 3441 χρῆσιν,
1504 3371 1773 3442 μηδεμιᾶς
1811 3386 1940 3436 συγ-

357 3464 574 3535 χωροῦν
629 3465 772 3516 κατὰ.
821 3463 984 3532 φύσιν
1036 3462 1417 3530 διαφαίνεσθαι
1455 3460 1550 3530 τῆν
1601 3461 1796 3530 χρῆσιν
1835 3460 1934 3528 τῆς

362 3555 664 3627 ἐνεργείας.
701 3556 867 3625 Γεννᾷ
900 3554 1010 3624 γὰρ
1047 3555 1146 3622 τήν
1191 3569 1252 3605 τε
1294 3551 1402 3604 τῶν
1455 3550 1644 3604 παθῶν
1683 3551 1794 3616 ἕξιν
1845 3551 1937 3604 καὶ

354 3647 458 3720 τὴν
479 3647 784 3718 ἐνέργειαν,
807 3647 899 3698 καὶ
920 3645 994 3708 ὠς
1023 3643 1172 3697 θείαν
1198 3641 1546 3704 είσοικίζεται
1576 3640 1675 3712 τὴν
1711 3659 1935 3711 γαστρι-

360 3737 625 3810 μαργίαν,
681 3737 817 3808 πρὸς
855 3737 1068 3804 γένεσιν
1108 3734 1216 3787 τῶν
1252 3735 1621 3804 ρυπαινόντων
1660 3734 1728 3803 τῇ
1758 3749 1938 3802 παρα-

356 3831 551 3902 χρήσει
590 3829 686 3893 τὰς
737 3828 1016 3898 αἰσθήσεις
1054 3827 1291 3897 τρόπων,
1332 3827 1410 3890 είς
1441 3826 1718 3896 ἀναίρεσιν
1745 3824 1852 3877 τῶν
1879 3825 1938 3876 ἐν

356 3924 470 3985 τοῖς
497 3918 615 3974 οὖσι
644 3919 887 3989 φυσικῶν
911 3920 1084 3988 λόγων
1104 3935 1162 3970 τε
1185 3917 1278 3970 καὶ
1301 3916 1652 3986 σπερμάτων.

429 4032 532 4095 κζ’.
585 4031 773 4096 Οὐδεὶς
828 4030 964 4101 μόνῃ
1014 4029 1366 4101 προσανέχων
1401 4031 1469 4100 τῇ
1505 4030 1789 4100 σωματικῇ
1843 4026 1938 4080 τοῦ

356 4125 524 4193 νόμου
559 4123 801 4194 λατρεία,
835 4122 1064 4192 φυσικὸν
1100 4122 1425 4191 τοπαράπαν
1461 4120 1660 4174 δύναιτ’
1711 4119 1778 4174 ἂν
1831 4136 1938 4171 πα·

360 4217 684 4289 ραδὲξασθαι
714 4217 870 4284 λόγον
902 4215 936 4285 ἢ
972 4214 1250 4284 λογισμὸν,
1278 4215 1359 4268 ὅτι
1390 4214 1525 4285 μηδὲ
1555 4215 1768 4282 πέφυκε
1803 4230 1934 4266 ταυ-

355 4315 450 4367 τὸν
477 4309 616 4367 εἶναι
658 4316 723 4382 τῇ
756 4313 914 4380 φύσει
939 4311 1009 4364 τὰ
1037 4310 1299 4380 σύμϐολα.
1338 4310 1396 4362 '0
1422 4310 1530 4381 γὰρ
1569 4311 1679 4371 τοῖς
1737 4308 1940 4377 συμϐό-

357 4408 472 4468 λοις
513 4406 864 4475 ἑναττομένων
907 4402 1000 4456 τοῦ
1032 4402 1221 4471 νόμου,
1255 4402 1314 4455 οὐ
1347 4401 1568 4454 δύναται
1611 4401 1754 4453 κατὰ
1781 4399 1937 4466 λόγον

2042 3291 2232 3346 datum
2264 3291 2318 3344 in
2353 3291 2561 3345 sociam
2590 3291 2716 3346 vitae
2754 3291 3026 3344 rationem
3055 3290 3300 3358 proclive
3337 3291 3616 3353 asciverit,

2041 3379 2409 3434 innaturalem
2462 3393 2726 3433 sensuum
2780 3394 2942 3433 usum
2979 3379 3145 3442 colit,
3203 3380 3342 3433 nihil
3398 3381 3615 3449 reipsa,

2039 3469 2310 3540 quidquid
2341 3479 2524 3539 agant,
2558 3486 2626 3523 ex
2673 3479 2883 3524 natura}
2927 3470 3240 3524 rationibus
3283 3471 3504 3525 elucere
3540 3472 3618 3523 si-

2038 3576 2196 3616 nens.
2233 3560 2585 3630 Gignitenim
2606 3560 2866 3614 vitiorum
2891 3575 2955 3614 ac
2990 3560 3465 3629 perturbationum
3492 3577 3617 3615 cum

2040 3653 2289 3706 habitum
2317 3661 2432 3706 tum
2465 3659 2684 3718 actum;
2732 3666 2796 3706 ac
2840 3651 2994 3706 velut
3043 3652 3286 3708 divinam
3315 3693 3329 3717 ,
3371 3653 3615 3724 conjugii

2033 3749 2159 3814 jure
2195 3746 2376 3816 gulam
2401 3744 2575 3809 ducit,
2613 3745 2760 3800 unde
2793 3761 2975 3800 mores
3002 3745 3305 3814 modosque
3348 3745 3615 3815 suscipiat

2038 3854 2139 3908 per
2166 3838 2399 3892 abusum
2439 3851 2636 3892 sensus
2667 3836 2996 3906 pollueutes,
3027 3837 3192 3908 616
3232 3853 3466 3907 quorum
3494 3838 3618 3894 labe

2041 3930 2320 3986 naturales
2359 3928 2415 3983 in
2446 3928 2614 3983 rebus
2659 3928 2903 3982 rationes
2942 3929 3263 3998 seminaque
3309 3928 3614 3983 interimat.

2109 4045 2197 4099 27.
2243 4044 2347 4112 Qui
2372 4044 2472 4099 soli
2503 4044 2776 4114 corporali
2800 4043 2937 4112 legis
2962 4043 3133 4098 cultui
3174 4043 3418 4098 animum
3458 4044 3618 4098 adbi-

2041 4138 2154 4202 bet,
2186 4136 2493 4191 naturalem
2519 4135 2746 4190 omnino
2780 4137 3048 4190 rationem
3090 4144 3185 4189 aut
3229 4137 3618 4204 cogitationem

2041 4243 2375 4297 sensumque
2406 4227 2574 4282 animi
2599 4237 2659 4281 ut
2681 4227 2934 4296 recipiat,
2962 4226 3082 4282 lien
3117 4244 3228 4282 non
3257 4238 3468 4298 potest;
3492 4247 3619 4283 cum

2041 4332 2222 4386 neque
2267 4326 2638 4386 comparatum
2679 4317 2769 4380 sit,
2797 4327 2854 4371 ut
2881 4317 3125 4388 symbola
3171 4319 3495 4388 idipsumac
3529 4337 3623 4372 na-

2044 4417 2165 4462 tura
2196 4406 2326 4461 sint.
2366 4405 2470 4472 Qui
2500 4405 2648 4461 enim
2679 4407 2818 4476 legis
2854 4406 3117 4478 symbolis
3154 4408 3498 4472 immoratur,
3537 4425 3624 4460 re-

355 4503 461 4570 τὴν
486 4499 593 4551 τῶν
623 4499 792 4550 ὅντων
817 4497 978 4566 φύσιν
1003 4497 1157 4567 όρᾷν,
1190 4494 1284 4547 καὶ
1312 4496 1438 4556 τοὺς
1459 4493 1714 4555 τεθέντας
1740 4493 1936 4544 οὑσιω-

2044 4514 2168 4553 rum
2201 4506 2480 4562 naturam,
2514 4497 2589 4551 ita
2627 4507 2688 4552 ut
2729 4497 2944 4552 ratione
2977 4505 3354 4566 comparatum
3383 4507 3485 4560 est,
3532 4498 3620 4551 tun

355 4591 466 4653 δῶς
491 4592 596 4643 ὑπὸ
621 4589 715 4642 τοῦ
743 4587 1076 4658 δημιουργοῦ
1096 4589 1212 4650 τοῖς
1237 4582 1354 4640 οὖσι
1409 4584 1598 4652 λόγους
1640 4585 1940 4653 περιποιεί-

358 4683 507 4745 σθαι,
532 4683 618 4737 διὰ
639 4683 698 4735 τὸ
717 4681 824 4734 τῶν
847 4680 1126 4744 συμϐόλων
1154 4682 1298 4748 πρὸς·¹
1319 4677 1418 4748 τὴν
1451 4677 1560 4730 τῶν
1585 4676 1750 4730 ὄντων
1781 4675 1939 4744 φύσιν

347 4777 633 4846 διάφορον.

433 4895 537 4958 κη’.
600 4888 658 4940 'U
699 4887 833 4940 Θεὸν
871 4885 969 4956 τὴν
1020 4883 1225 4939 κοιλίαν
1251 4883 1574 4954 ἡγούμενος,
1606 4881 1699 4934 καὶ
1735 4880 1809 4941 ὡς
1849 4879 1939 4932 ἐπὶ

356 4982 487 5053 δόξῃ
537 4983 601 5051 τῇ
653 4979 882 5050 αἰσχύνῃ
931 4977 1418 5046 καλλωπιζόμενος,
1485 4974 1660 5044 μόνων
1699 4968 1834 5025 οἶδεν
1866 4971 1941 5032 ὼς

357 5075 520 5124 θείων
557 5072 876 5142 ἀντέχεσθαι
917 5071 1005 5124 διὰ
1053 5070 1291 5140 σπουδῆς
1335 5068 1444 5120 τῶν
1477 5066 1663 5120 παθῶν
1692 5067 1789 5134 τῆς
1820 5065 1938 5118 ἀτι-

360 5165 531 5233 μίας²
583 5163 678 5215 καὶ
727 5162 816 5215 διὰ
867 5161 1025 5214 τοῦτο
1067 5162 1207 5232 μόνα
1262 5159 1516 5230 περιέπει
1569 5157 1638 5211 τὰ
1689 5157 1936 5228 χρονικὰ,

356 5255 606 5308 τουτέστι
639 5256 736 5324 τὴν
769 5255 900 5326 ὓλην
938 5255 1032 5308 καὶ
1063 5253 1123 5306 τὸ
1155 5249 1314 5317 εἶδος,
1348 5245 1442 5303 καὶ
1465 5251 1562 5322 τὴν
1591 5250 1732 5305 κατὰ
1762 5249 1939 5319 παρά-

357 5361 556 5414 χρησιν
611 5343 925 5413 πενταπλῆν
984 5340 1260 5411 ἐνέργειαν
1319 5338 1426 5392 τῶν
1482 5339 1804 5408 αἰσθήσεων.
1861 5338 1939 5408 Τῇ

357 5437 469 5504 γὰρ
527 5433 627 5505 ῦλῃ
672 5436 766 5486 καὶ
813 5433 890 5504 τῷ
937 5433 1070 5486 εἴδει
1128 5429 1512 5500 συμπλακεῖσα
1556 5430 1696 5482 κατὰ
1728 5428 1873 5499 μίξιν
1907 5431 1941 5498 ἡ

355 5526 637 5591 αἴσθησις,
679 5525 959 5580 ἀποτελεῖν
1009 5526 1105 5596 μὲν
1154 5523 1344 5585 πάθος,
1376 5521 1713 5575 ἁπεκτείνειν
1752 5521 1805 5574 δὲ
1848 5520 1941 5572 καὶ

358 5621 601 5686 ἀναιρεῖν
627 5619 751 5680 τοὺς
780 5618 916 5670 κατὰ
941 5616 1103 5684 φύσιν
1130 5618 1340 5684 πέφυκε
1377 5615 1588 5681 λόγους.
1624 5613 1800 5676 Πὰθος
1834 5615 1942 5684 γὰρ

361 5712 452 5761 >αἰ
501 5709 661 5776 φύσις
702 5709 839 5761 κατὰ
879 5709 968 5760 τὸν
1007 5707 1101 5760 τοῦ
1149 5704 1290 5759 εἶναι
1345 5705 1521 5774 λόγον,
1563 5704 1810 5774 οὐδαμῶς
1847 5705 1941 5758 ἁλ-

355 5802 537 5870 λῇῗκοςς
576 5802 1030 5872 συνυπάρχουσιν.
1070 5801 1143 5854 Οὐ
1195 5799 1303 5870 γὰρ
1363 5787 1571 5868 πέἐρυκε
1624 5797 1784 5853 πάθει
1817 5815 1941 5852 συν-

2043 4600 2222 4647 strare
2260 4606 2368 4644 non
2411 4598 2612 4660 potest,
2637 4605 2741 4643 nec
2775 4589 3145 4644 essentialiter
3174 4605 3202 4642 a
3237 4588 3498 4644 Creatore
3540 4589 3624 4642 in-

2043 4682 2189 4736 ditas
2229 4681 2399 4736 rebus
2433 4681 2674 4734 rationes
2701 4681 2998 4741 asciscere,
3049 4680 3120 4734 ob
3145 4681 3441 4735 discrimen
3471 4679 3619 4750 quod

2045 4773 2188 4827 inter
2218 4772 2462 4844 symbols
2493 4785 2791 4840 rerumque
2814 4780 3068 4828 naturam
3101 4781 3206 4824 est.

2113 4884 2201 4938 28.
2229 4885 2331 4950 Qui
2356 4892 2601 4939 ventrem
2623 4885 2792 4938 Deum
2833 4899 2952 4938 esse
2985 4884 3282 4950 existimat,
3325 4900 3388 4938 ac
3423 4883 3619 4939 confu-

2043 4976 2197 5030 sione
2227 4975 2508 5045 probrnqu
2527 4994 2545 5029 ι
2575 4975 2845 5047 gloriatur
2869 4984 2929 5029 ut
2957 4976 3246 5045 magnifico
3280 4977 3467 5046 glorire
3493 4978 3623 5031 titu-

2043 5068 2116 5133 lo,
2169 5069 2316 5122 solos
2364 5067 2517 5121 novit
2566 5075 2827 5138 tanquam
2880 5067 3098 5123 divinos
3144 5069 3290 5122 serio
3330 5067 3620 5138 complecti

2045 5159 2498 5228 probrosissimos
2521 5159 2751 5213 allectus
2776 5160 3015 5228 vitiaque
3052 5179 3063 5211 :
3090 5160 3327 5229 binaque
3356 5159 3495 5214 adeo
3515 5170 3619 5224 est,

2047 5268 2105 5306 ut
2134 5253 2248 5306 sola
2284 5262 2441 5306 curet
2473 5253 2729 5321 colatque
2767 5261 3155 5320 temporanca;
3192 5254 3478 5306 materiam
3514 5255 3622 5305 sci;

2044 5342 2174 5396 licet
2203 5348 2260 5395 et
2315 5339 2568 5404 formam,
2631 5348 2834 5408 etquae
2877 5338 3050 5392 abusu
3087 5347 3321 5400 constat,
3377 5338 3622 5408 quinque

2045 5433 2299 5504 partibus
2347 5431 2580 5485 divisam
2631 5445 2893 5485 sensuum
2948 5431 3350 5499 operationem.
3423 5428 3647 5482 Sensui.

2045 5526 2192 5578 enim
2221 5523 2463 5576 materia:
2488 5521 2786 5592 formaeque
2821 5522 3155 5590 complicato
3197 5535 3359 5590 atque
3387 5521 3620 5572 commi-

2046 5627 2131 5671 sto
2163 5622 2543 5683 comparatum
2579 5624 2663 5668 est
2689 5653 2702 5673 ,
2741 5624 2801 5667 ut
2842 5613 3090 5666 libidinis
3125 5612 3354 5678 vitiique
3397 5623 3618 5677 parans,

2047 5707 2324 5763 naturales
2357 5705 2600 5760 rationes
2631 5705 2880 5760 sublatas
2918 5705 3052 5758 velit
3087 5719 3150 5757 ac
3181 5701 3483 5756 interimat.
3523 5699 3621 5753 νίν

2051 5799 2186 5852 tium
2217 5797 2400 5862 enim,
2445 5812 2540 5853 seu
2576 5797 2750 5852 libido
2795 5806 2850 5854 et
2893 5795 3238 5867 perturbatio
3261 5835 3275 5858 ,
3310 5803 3621 5861 naturaque
