4060 6426
498 377 636 446 1359

1659 377 1719 435 S.
1759 373 2045 436 MAXIM!
2083 372 2592 444 CONFESSORIS

3599 384 3715 452 1360

493 493 716 550 εθεριιὼ
775 489 989 545 ratione
1022 502 1134 544 non
1174 502 1285 542 una
1347 501 1537 548 $8001“
1592 488 1892 548 οιείειιιιιι.
1945 487 2066 542 Non

2180 489 2536 558 εμφαίνεσθαι
2601 488 2934 560 τοπαράπαν
2957 489 3176 558 φύσεως
3204 489 3384 560 λόγος,
3415 489 3591 567 ὥσπερ
3611 499 3720 555 οὒτε

491 585 639 642 enim
665 584 891 641 omnino
926 589 1304 650 comparatum
1357 589 1463 646 est,
1499 593 1562 639 ut
1603 595 1712 636 una
1758 594 1886 634 cum
1920 578 2058 634 vitio

2180 579 2328 648 ρύσει
2353 580 2844 635 συναποτίκτεσθαι
2879 581 3019 636 κατὰ
3044 581 3258 650 γένεσιν
3281 583 3468 648 πάθος.

490 680 800 747 aﬁ‘ectuque
853 684 912 732 et
951 673 1210 740 libidine,
1273 683 1487 736 natura;
1539 674 1682 732 ratio
1743 673 1978 738 eluceat,
2030 679 2126 738 ut,
2185 688 2366 743 neque
2412 691 2517 730 una
2549 689 2675 728 cum
2705 682 2901 728 natura
2932 674 3133 731 vitium
3189 675 3515 746 labesqueet
3563 684 3724 751 passio

489 768 761 840 originem
799 767 1022 827 habeat.

557 861 646 917 29.
677 860 781 932 Qui
813 873 929 914 non
955 856 1134 916 credit
1172 856 1480 926 spiritalem
1521 871 1641 912 esse
1687 853 2066 924 Scripturam,

489 956 864 1021 paupertatem
894 961 1072 1011 suam,
1101 944 1249 1015 quod
1279 944 1346 998 ad
1379 945 1666 1002 scientiam
1699 943 1917 1007 attinet,
1957 957 2069 995 non

487 1039 676 1104 sentit,
708 1037 815 1096 etsi
843 1035 986 1094 fame
1027 1034 1394 1097 consumitur.
1432 1034 1573 1088 Vere
1603 1046 1841 1100 namque
1895 1030 2072 1089 fames

487 1136 595 1194 est,
625 1127 775 1199 quod
796 1127 942 1186 bona
971 1125 1089 1197 ipso
1131 1124 1514 1194 experimento
1544 1131 1818 1194 gustuque
1848 1121 2069 1192 cognita

488 1221 769 1284 deﬁciant,
823 1217 1165 1289 penuriaque
1204 1231 1269 1271 ac
1295 1223 1512 1286 egestas
1548 1215 1801 1269 ciborum
1841 1213 2068 1283 Spirita-

2248 847 2352 902 κθ’.
2397 849 2458 900 ’0
2487 852 2562 918 μὴ
2596 850 2870 904 πιστεύων
2906 851 3004 921 τὴν
3039 849 3420 924 Γραφήνεῐναι
3453 875 3725 931 πνευματι..

2173 937 2300 1008 κὴν,
2330 937 2430 1007 τῆς
2457 939 2665 1003 οἰκείας
2708 942 2852 994 κατὰ
2886 941 2985 1011 τὴν
3045 943 3254 1011 γνῶσιν
3293 947 3478 1010 πενίας
3520 950 3612 1003 οὐκ
3651 956 3728 1006 αξ-

2177 1028 2450 1090 σθάνεται,
2481 1029 2616 1083 ἀλλὰ
2664 1031 2808 1103 λιμῷ
2853 1031 3248 1104 διαφθείρεται.
3287 1036 3456 1105 Λιμὸς
3475 1039 3576 1110 γάρ
3599 1041 3730 1102 ἐστιν

2172 1119 2250 1182 ὼς
2278 1119 2518 1191 ἀληθῶς,
2555 1120 2798 1193 ἔκλειψις
2845 1123 2955 1178 τῶν
3008 1125 3130 1178 κατ’
3187 1126 3359 1194 αὐτὴν
3405 1128 3502 1198 τὴν
3554 1134 3728 1203 πεῖραν

2172 1210 2533 1283 ἐγνωσμένων
2559 1214 2802 1281 ἀγαθῶν,
2837 1217 2933 1271 καὶ
2992 1219 3197 1289 ἀπορία
3241 1220 3336 1274 καὶ
3385 1221 3575 1286 σπάνις
3611 1243 3731 1278 παν-

488 1314 648 1375 lium,
675 1310 882 1382 quibus
913 1308 1084 1370 animi
1119 1307 1277 1378 vigor
1303 1305 1593 1361 conﬂatur.
1619 1305 1738 1372 Qua
1765 1304 1914 1362 enim
1939 1303 2070 1374 quis

2180 1302 2324 1372 ιελὴς
2380 1303 2489 1357 τῶν
2542 1305 2640 1376 τὴν
2670 1307 2848 1380 ψυχὴν
2881 1312 3332 1380 συγκρατοῦντων
3365 1316 3731 1384 πνευματικῶν

490 1407 703 1462 ratione
729 1404 930 1458 famem
964 1402 1297 1456 damnumve
1323 1397 1623 1470 putaverit,
1655 1413 1723 1454 ea
1747 1396 1856 1452 sibi
1886 1397 2070 1456 ablata

489 1511 724 1568 quorum
749 1508 1030 1564 nunquam
1061 1491 1284 1562 penitus
1316 1489 1572 1549 notitiam
1595 1488 1833 1551 habuit?

560 1671 649 1724 50.
706 1669 919 1724 Revera
948 1665 1094 1724 fame
1142 1662 1362 1718 laborat
1400 1661 1557 1733 plebs
1588 1659 1856 1725 ﬁdelium,
1889 1674 1955 1714 ac
1977 1674 2073 1715 eo-

491 1775 616 1817 rum
645 1760 740 1831 qui
765 1759 1057 1814 veritatem
1104 1761 1514 1827 cognoverunt;
1549 1753 1892 1824 singulorum
1937 1750 2072 1806 item

2172 1392 2502 1464 βρωμάτων.
2537 1397 2660 1459 Πῶς
2693 1400 2803 1468 γὰρ
2836 1399 2996 1470 λιμὸν
3023 1403 3290 1472 ἡγήσεται
3326 1422 3409 1468 τις
3451 1405 3483 1474 ἦ
3525 1406 3729 1476 ζημίαν,

2168 1485 2270 1558 τὴν
2300 1486 2410 1542 τῶν
2440 1487 2695 1554 καθάπαξ
2721 1490 2870 1562 αότῷ
2897 1492 3168 1564 μηδαμῶς
3197 1496 3552 1566 ἐγνωσμένων
3581 1499 3732 1566 ἀφαί-
3837 1483 3840 1486 ’

2206 1595 2356 1647 εσιν;

2206 1595 2356 1647 εσιν;

2172 1595 2202 1649 ρ
2247 1670 2311 1728 λ’.
2361 1671 2633 1742 Λιμώττει
2679 1673 2766 1726 ἐπ’
2819 1672 3079 1744 ἀληθείας
3118 1675 3227 1727 τῶν
3258 1676 3466 1728 πιστῶν
3525 1679 3612 1730 καὶ
3650 1680 3734 1732 ἐπ-

2180 1761 2503 1828 εγνωκότων
2522 1761 2620 1833 τὴν
2644 1762 2901 1832 ἀλήθειαν
2931 1764 2960 1814 ὁ
2995 1763 3143 1829 Ααὸς,
3175 1763 3269 1816 καὶ
3291 1766 3324 1834 ἡ
3361 1764 3507 1835 ψυχὴ
3529 1765 3612 1820 τοῦ
3629 1767 3736 1821 καθ’

491 1849 710 1914 enim,
737 1846 968 1918 spiritali
998 1845 1057 1900 in
1080 1844 1256 1916 gratia
1286 1842 1756 1913 contemplatione
1799 1840 2028 1896 dimissa
2053 1880 2068 1907 ,

2180 1851 2402 1906 ἕκαστον
2429 1853 2677 1923 ἀφεμένη
2717 1854 2815 1924 τῆς
2841 1855 2900 1906 ἐν
2921 1855 2989 1925 τῇ
3009 1855 3191 1924 χάριτι
3215 1857 3588 1928 πνευματικῆς
3616 1858 3736 1913 θεω-

491 1939 704 2011 ﬁgurali
725 1939 782 1993 in
806 1938 995 1998 littera
1021 1934 1276 1992 servituti
1299 1933 1454 1989 factae
1476 1932 1764 1999 obnoxiae;
1793 1932 1927 1988 dum
1958 1947 2072 1988 ma-

490 2029 706 2100 gniﬁcis
733 2025 916 2092 sensis
941 2033 1002 2082 et
1037 2025 1399 2095 conceptibus
1444 2022 1880 2093 notionibusque
1923 2037 2074 2100 meno

2175 1941 2454 2012 ρίας,·καὶ
2483 1943 2754 2016 γενομένη
2783 1944 2883 2015 τῆς
2934 1947 3171 2017 τυπικῆς
3227 1948 3286 2000 ἐν
3335 1947 3418 2018 τῷ
3468 1949 3739 2020 γράμματι

2170 2033 2439 2100 δουλείας,
2485 2033 2560 2105 μὴ
2586 2034 2957 2103 διατρέφουσα
2988 2035 3080 2089 τὸν
3115 2036 3238 2088 νοῦν
3266 2038 3392 2101 ταῖς
3415 2039 3522 2092 τῶν
3547 2039 3736 2109 νοημά-

493 2127 602 2177 tem
634 2134 750 2175 non
802 2124 1070 2189 pascunt,
1104 2115 1203 2172 sed
1255 2115 1640 2188 corporalibus
1695 2113 2072 2186 symbolorum

2180 2141 2281 2178 των
2339 2125 2756 2194 μεγαλοφυὴις,
2811 2125 2948 2180 ἀλλὰ
3010 2127 3298 2197 πληροῦσα
3353 2127 3455 2200 τὴν
3508 2128 3742 2200 αἴσθησιν

491 2210 796 2280 Scriptum
823 2206 1328 2272 informationibus,
1375 2205 1692 2263 libidinosis
1723 2203 2075 2276 cogitationi-

496 2301 600 2360 bus
631 2296 937 2374 adimplent
954 2311 1202 2353 sensum.

562 2390 651 2445 51.
677 2388 941 2460 Quisquis
967 2387 1270 2457 Spiritalem
1296 2384 1597 2456 Scriptura:
1625 2399 1795 2440 sacrae
1831 2391 2076 2439 contem-

493 2484 793 2555 plationem
829 2495 939 2536 non
989 2478 1253 2543 admittit,
1291 2487 1407 2534 tum
1452 2477 1763 2532 naturalem
1794 2493 1902 2532 una
1947 2491 2075 2531 cum

495 2576 586 2630 illa
616 2572 935 2633 Judzeorum
965 2571 1128 2646 617
1160 2585 1315 2625 more
1359 2570 1537 2640 legem
1568 2568 1916 2639 repudiavit,
1958 2576 2075 2622 tum

493 2667 668 2737 legem
693 2663 904 2736 gratiae,
933 2662 1022 2728 iis,
1056 2662 1152 2732 qui
1183 2678 1252 2716 ex
1279 2661 1430 2716 illius
1448 2660 1758 2714 rationibus
1786 2668 2072 2729 reguntur,

495 2755 902 2812 deiﬁcationem
927 2760 1300 2824 praestantem,
1324 2749 1574 2806 nescivit.
1603 2749 1655 2804 Is
1676 2750 1844 2820 igitur
1876 2749 1972 2818 qui
1999 2748 2080 2803 le-

495 2860 620 2917 gem
669 2843 932 2914 scriptam
995 2841 1272 2912 corporali
1329 2841 1544 2896 ratione
1570 2839 1792 2909 accipit,
1831 2839 2076 2894 animum

495 2935 798 2992 virtutibus
835 2948 946 2990 non
975 2933 1075 2988 alit
1107 2951 1121 2986 :
1155 2931 1364 3002 quique
1389 2947 1578 2986 rerum
1624 2930 1936 2985 rationibus
1968 2945 2078 2984 non

498 3025 736 3084 attendit
795 3026 1079 3089 animum,
1137 3040 1249 3078 non
1300 3038 1427 3077 eum
1459 3021 1611 3076 varia
1665 3021 1764 3076 Dei
1811 3020 2080 3090 sapientia

2173 2214 2454 2285 ἐμπαθοῦς
2481 2215 2784 2286 φαντασίας
2830 2216 2930 2288 (a),
2953 2219 3076 2288 ταῖς
3097 2221 3444 2290 σωματικαῖς
3471 2219 3579 2274 τῶν
3616 2221 3741 2293 Ppu-

2174 2307 2351 2376 φικῶν
2387 2308 2672 2380 συμϐόλων
2701 2309 3091 2366 διατυπώσεσι.

2246 2399 2350 2454 λα’.
2385 2402 2500 2464 Πᾶς
2536 2403 2564 2454 ὁ
2608 2402 2706 2472 τὴν
2745 2389 3126 2474 ⁴ἳννευματικὴν
3173 2406 3274 2475 τῆς
3327 2404 3492 2474 ἁγίας
3539 2404 3745 2475 Γραφῆς

2177 2491 2409 2562 θεωρίαν
2427 2491 2509 2562 μὴ
2549 2493 2925 2565 προσιέμενος,
2970 2494 3062 2548 τόν
3102 2512 3164 2549 τε
3200 2496 3439 2565 φυσικὸν
3463 2495 3636 2568 ταύτῃ
3662 2498 3746 2550 καὶ

2175 2580 2266 2634 τὸν
2295 2582 2538 2652 γραπτὸν
2577 2583 2721 2637 κατὰ
2749 2585 2876 2647 τοὺς
2917 2586 3208 2652 Ἰουδαίους
3262 2587 3624 2646 συναπώσατθ
3671 2589 3747 2642 v6-

2180 2690 2300 2741 μον,
2329 2673 2544 2727 καὶτὸν
2591 2675 2651 2728 ἐν
2681 2677 2747 2747 τῇ
2793 2676 2978 2748 χάριτι
3027 2677 3193 2748 νόμον
3241 2679 3505 2750 ἠγνόησε,
3550 2680 3668 2734 καθ’
3695 2679 3748 2732 ὃν

2175 2762 2377 2818 δίδοται
2410 2767 2522 2828 τοῖς
2567 2765 2688 2820 κατ’
2720 2767 2884 2820 αὐτὸν
2916 2768 3206 2838 ἀγομένοις
3237 2771 3271 2842 ὴ
3303 2769 3525 2834 θέωσις.
3573 2771 3632 2824 Ὅ
3658 2771 3754 2825 τοί-

2177 2873 2272 2908 νυν
2319 2854 2410 2908 τὸν
2444 2856 2690 2926 γραπτὸν
2716 2857 2879 2929 νόμον
2907 2859 3208 2930 λαμϐάνων
3255 2862 3606 2930 σωματικῶς,
3637 2862 3752 2933 ἁρε-

2177 2948 2298 3010 ταῖς
2324 2946 2424 3015 τὴν
2453 2945 2630 3018 ψυχὴν
2668 2947 2728 3000 οὐ
2769 2949 3047 3019 διατρέφει
3076 2967 3091 2981 ·
3127 2952 3223 3004 καὶ
3246 2953 3274 3004 ὁ
3310 2955 3428 3014 τοῖς
3455 2951 3630 3020 λόγοις
3657 2951 3755 3004 τῶν

2181 3039 2352 3092 ὅντων
2399 3038 2499 3092 οὐκ
2556 3039 2881 3106 ἐπιϐάλλων,
2934 3045 3002 3113 τῇ
3061 3042 3278 3114 ποικίλῃ
3306 3043 3406 3097 τοῦ
3437 3043 3571 3096 Θεοῦ
3605 3042 3756 3111 σοφίᾳ⁴

501 3115 788 3188 magniﬁce
829 3123 1045 3170 recreat
1067 3129 1132 3169 ac
1173 3112 1349 3183 pascit
1385 3129 1398 3164 :
1430 3111 1526 3181 qui
1554 3110 1794 3182 denique
1822 3127 2078 3182 magnum

2181 3126 2273 3178 τὸν
2329 3125 2455 3180 νοῦν
2501 3127 2601 3198 οὐχ
2644 3129 2803 3200 ἐστιᾷ
2834 3110 3133 3201 φιλοτίμως
3165 3147 3180 3162 ο
3223 3110 3318 3186 καὶ
3357 3134 3388 3186 ό
3411 3132 3473 3185 τὸ
3509 3110 3759 3202 μέγα

503 3227 658 3267 novae
704 3207 896 3279 gratia:
947 3222 1060 3261 non
1102 3206 1257 3260 novit
1305 3204 1648 3276 mysterium,
1685 3218 1796 3258 non
1842 3205 2078 3258 exsultat

2186 3219 2381 3285 καινῆς
2419 3219 2643 3289 χάριτος
2683 3198 3086 3290 μὴὝγινώσκων
3126 3225 3455 3292 μυστήριον,
3490 3198 3555 3292 τῇ
3591 3198 3756 3274 ἐλπίδι

504 3317 602 3372 spe
639 3300 844 3355 futurae
869 3297 1260 3354 deiﬁcationis.
1295 3293 1454 3363 Quod
1485 3294 1656 3365 igitur
1693 3295 1832 3365 legis
1866 3295 2084 3364 scripta:

501 3393 767 3465 spiritalis
795 3390 1192 3461 contemplatio
1215 3388 1455 3452 deﬁciat,
1492 3387 1748 3442 comitem
1781 3395 2084 3457 egestatem

501 3485 689 3549 habet,
726 3492 788 3538 ut
822 3497 891 3538 ex
918 3481 1158 3536 naturali
1185 3481 1307 3552 lege
1355 3495 1468 3534 non
1515 3479 1860 3550 intelligatur
1899 3480 2084 3534 multi-

501 3579 626 3649 plex
655 3576 752 3632 Dei
784 3574 1077 3646 sapientia,
1123 3573 1192 3629 ad
1221 3588 1384 3644 quam
1429 3578 1694 3641 sequatur
1721 3571 1972 3636 omnino,
2016 3586 2085 3625 ex

502 3667 629 3722 novi
689 3666 936 3737 mysterii
997 3664 1214 3719 ratione
1271 3679 1372 3734 per
1423 3661 1656 3733 gratiam
1715 3659 2084 3715 concedenda:

501 3758 868 3815 deiﬁcationis
908 3757 1237 3827 ignorantia.

575 3871 663 3928 5‘2.
694 3870 848 3929 ltlens
891 3869 1073 3929 omnis
1100 3867 1418 3923 Christiana
1450 3866 1657 3936 pietate
1690 3865 1982 3935 perspicax
2019 3879 2083 3920 ac

503 3960 659 4015 fortis
702 3968 925 4030 aspectu
943 3958 1012 4027 ",
1039 3974 1258 4027 semper
1289 3955 1605 4021 desiderat,
1653 3971 1716 4011 ac
1761 3957 1961 4026 quaerit
2006 3954 2085 4008 t‘a—

501 4052 642 4108 ciem
667 4051 885 4108 Domini
901 4050 967 4105 ιτ.
993 4050 1184 4105 Facies
1211 4058 1397 4104 autem
1427 4049 1642 4105 Domini
1689 4057 1774 4103 est
1793 4089 1807 4113 ,
1848 4064 1977 4102 vera
2001 4049 2085 4103 di-

502 4147 781 4208 vinorum,
817 4158 920 4213 pro
947 4157 1015 4198 eo
1036 4157 1100 4196 ac
1125 4142 1333 4196 virtute
1381 4148 1767 4212 comparatum
1796 4148 1910 4203 est,
1951 4153 2084 4193 con-

505 4235 785 4305 templatio
815 4249 879 4289 ac
919 4233 1173 4297 scientia,
1215 4248 1380 4302 quam
1409 4232 1504 4301 qui
1540 4231 1763 4303 quaerit,
1804 4232 1925 4299 ejus
1951 4245 2072 4284 cau-

502 4342 618 4381 sam
667 4325 914 4396 penuriae
959 4339 1023 4379 ac
1079 4324 1340 4393 egestatis
1378 4321 1562 4377 discit.
1603 4319 2080 4389 Quemadmodum

501 4419 650 4474 cnim
675 4417 843 4471 facies
872 4415 1308 4484 uniuscujusque
1343 4414 1558 4484 insigne
1584 4422 1827 4482 notaque
1855 4412 2080 4481 prepria

502 4520 618 4578 est;
680 4510 759 4565 sic
788 4523 1010 4579 quoque
1049 4507 1318 4578 spiritalis
1353 4508 1586 4563 scientia
1630 4507 1916 4576 signanter
1962 4504 2079 4559 Nu-

501 4613 628 4657 men
659 4609 1018 4671 repraesentat
1045 4615 1057 4654 :
1091 4614 1258 4670 quam
1282 4599 1376 4668 qui
1399 4599 1620 4669 quaerit,
1639 4596 1857 4651 Domini
1886 4595 2082 4650 faciem

502 4705 751 4762 quaerere
773 4689 992 4745 dicitur.
1018 4689 1123 4755 Qui
1164 4697 1350 4744 autem
1381 4688 1628 4744 eruentis
1656 4685 1946 4741 sacriﬁciis
1985 4700 2085 4754 pro

503 4783 701 4838 litterae
722 4782 860 4853 legis
896 4783 1109 4838 ratione
1128 4781 1334 4852 oppido
1358 4780 1593 4836 carnalis
1611 4787 1716 4843 est,
1744 4777 2084 4833 desiderabi-

572 4939 617 4973 ⁸⁶
649 4939 691 4994 ll
734 4939 866 5008 Reg.
900 4939 986 5004 {6,
1026 4939 1113 4993 12.
1190 4937 1235 4969 ⁵⁷
1265 4937 1409 4993 Psal.
1441 4954 1564 5000 xxv,
1597 4937 1649 4991 8.

2183 3309 2284 3378 τῆς
2331 3309 2632 3379 μελλούσης
2685 3309 2934 3374 θεώσεως
2977 3311 3078 3364 οὐκ
3118 3310 3437 3380 ἀγάλλεται.
3487 3310 3689 3365 Οὐκοῦν
3729 3308 3758 3378 ἠ

2183 3399 2424 3470 ἔλλειψις
2464 3403 2564 3472 τῆς
2603 3404 2743 3456 κατὰ
2774 3403 2867 3457 τὸν
2897 3404 3141 3474 γραπτὸν
3170 3403 3335 3475 νόμον
3367 3403 3623 3474 θεωρίας,
3657 3402 3760 3472 ἔχει

2186 3495 2578 3565 παρεπομένην
2610 3495 2746 3566 αὐτῇ
2775 3493 2871 3565 τὴν
2903 3494 3108 3548 ἔνδειαν
3135 3495 3235 3565 τῆς
3265 3495 3414 3551 κατὰ
3435 3495 3526 3548 τὸν
3550 3493 3764 3565 φυσικὸν

2184 3590 2347 3657 νόμον
2368 3589 2666 3660 νοουμένης
2711 3589 2964 3659 ποικίλης
2994 3589 3188 3658 σοφίας
3220 3589 3312 3643 τοῦ
3364 3587 3528 3652 Θεοῦ,
3582 3589 3766 3656 ἐφεπο-

2189 3682 2356 3752 μένην
2406 3681 2637 3750 ἔχουσαν
2661 3683 2760 3750 τῆς
2797 3680 2940 3734 κατὰ
2967 3680 3027 3733 τὸ
3052 3681 3237 3734 καινὸν
3266 3681 3572 3751 μυστήρθον
3595 3679 3764 3750 χάριτι

2184 3772 2555 3843 δοθησομένης
2585 3770 2836 3834 θεώσεως
2866 3771 3085 3835 πάντως
3114 3772 3213 3841 τὴν
3240 3769 3494 3836 ἄγνοιαν.

2255 3863 2356 3932 λβ’.
2389 3864 2501 3925 Πᾶς
2528 3861 2654 3925 νοῦς
2679 3863 2816 3915 κατὰ
2840 3860 3076 3934 Χριστὸν
3101 3860 3413 3931 διορατικὸς
3434 3860 3533 3914 καὶ
3560 3857 3767 3930 ἰσχυρὸς

2184 3956 2370 4025 ὁράσει
2403 3956 2498 4027 (b),
2536 3956 2624 4008 ἀεὶ
2669 3955 2882 4024 ἐφίεται
2915 3955 3010 4008 καὶ
3042 3939 3198 4024 ζητεῖ
3235 3953 3297 4007 τὸ
3331 3955 3632 4028 πρόσωπον
3663 3954 3766 4006 Κυ-

2186 4048 2326 4118 ρίου.
2365 4048 2666 4119 Πρόσωπον
2693 4046 2751 4100 δέ
2786 4047 2991 4118 Κυρίου
3015 4045 3382 4118 καθέστηκεν,
3420 4050 3456 4117 ἡ
3498 4048 3621 4100 κατ’
3651 4046 3770 4116 ἁρε-

2183 4139 2281 4209 τὴν
2303 4139 2412 4191 τῶν
2446 4137 2608 4191 θείων
2621 4138 2837 4208 ἀληθὴς
2863 4137 3089 4208 θεωρία,
3115 4137 3208 4191 καὶ
3235 4136 3466 4206 γνῶσις,
3489 4137 3556 4208 ἠν
3578 4135 3767 4207 ζητῶν,

2182 4230 2492 4283 διδάσκεται
2525 4231 2626 4302 τὴν
2655 4230 2836 4284 αἰτίαν
2881 4230 2986 4300 τῆς
3023 4230 3145 4286 κατ’
3193 4229 3366 4284 αὐτὸν
3418 4229 3632 4292 ἐνδείας
3683 4227 3770 4279 καὶ

2182 4320 2436 4391 ἀπορίας.
2474 4320 2684 4390 Ὥσπερ
2714 4320 2823 4389 γὰρ
2854 4319 2919 4372 τδ
2946 4318 3240 4388 πρόσωπον
3269 4314 3769 4387 χαρακτηριστικόν

2183 4413 2302 4464 ἐστι
2325 4410 2420 4464 τοῦ
2451 4411 2573 4465 καθ’
2605 4411 2855 4472 ἕκαστον,
2875 4408 3019 4464 οὕτω
3045 4410 3138 4462 καὶ
3156 4411 3196 4478 ἡ.
3207 4406 3562 4478 πνευματικὴ
3582 4404 3772 4473 γνῶσις

2185 4503 2537 4574 ἐμφαντικῶς
2567 4502 2961 4574 χαρακτηρίζει
3007 4501 3069 4553 τὸ
3111 4501 3294 4554 Θείον.
3345 4499 3456 4554 Ἦν
3497 4498 3528 4550 ὀ
3579 4494 3767 4565 ζητῶν,

2190 4594 2410 4663 λέγεται
2433 4593 2617 4665 ζητεῖν
2636 4595 2700 4646 τὸ
2732 4593 3024 4665 πρόσωπον
3058 4591 3291 4662 Κυρίου.
3337 4591 3399 4643 '0
3424 4589 3486 4644 δὲ
3512 4601 3772 4653 κατασαρ-

2192 4685 2456 4756 κούμενος
2491 4685 2634 4739 κατὰ
2666 4685 2726 4738 τὸ
2764 4685 3004 4755 γράμμα.
3040 4683 3138 4737 τοῦ
3168 4683 3337 4752 νόμου
3377 4683 3510 4742 ταῖς.
3535 4679 3773 4746 ἐναίμοις

2194 4779 2405 4843 θυσίαις
2455 4778 2544 4849 (c),
2590 4777 2936 4848 ποθουμένην
2990 4775 3211 4843 ἄγνοιαν
3263 4773 3400 4845 ἕχει,
3452 4771 3586 4843 πρὸς
3618 4769 3772 4838 μόνην

576 5077 654 5147 (a)
683 5072 1010 5147 [Enpedaa
1051 5073 1166 5147 τὴν
1197 5073 1490 5147 αἴσθησιν
1518 5074 1827 5147 ἐμπαθᾳῦς
1863 5091 2078 5142 φαντα-

2185 5075 2696 5147 άεοονειριῂᾳερεᾳιι,
2736 5070 2908 5141 Syrus
2950 5066 3218 5147 et__Ar_ab.
3259 5073 3574 5147 exponunt.
3611 5063 3782 5147 Hebr.-

501 5144 665 5211 σίαςέ.
687 5145 824 5206 Male
857 5146 1020 5200 Picus
1056 5144 1138 5198 sic
1181 5145 1334 5199 clara
1377 5151 1622 5213 torquet,
1660 5144 1925 5213 nulloque
1957 5153 2084 5212 apto

489 5232 669 5283 sensu
719 5215 930 5280 reddit;
962 5214 1093 5267 dum
1149 5229 1257 5267 non
1293 5212 1530 5268 attendit
1575 5212 1745 5282 ipsam
1801 5212 2082 5282 participii

503 5286 998 5346 constructionem,
1029 5299 1092 5338 ac
1123 5287 1200 5338 τὸ.
1242 5284 1656 5354 πληροῦσα,ιοθί
1686 5285 1928 5354 genitivo
1951 5300 2085 5353 gau-

503 5358 666 5423 dere;
691 5355 838 5426 quod
868 5355 1026 5426 nobis
1053 5354 1295 5407 ablativo
1311 5369 1440 5408 casu
1475 5353 1746 5420 reddi-tur,
1776 5353 2080 5409 Libidinosa

504 5425 728 5495 impleas
769 5425 1104 5495 cogitatione.

596 5499 646 5562 ὁ)
711 5492 847 5551 Καϊ
878 5492 1126 5564 ίσχίυρὸς
1163 5492 1390 5564 ὁράσει.
1441 5494 1702 5550 Davidcm
1757 5495 1860 5549 ista
1899 5495 2080 5564 respi-

505 5562 680 5625 ciunt.
709 5565 803 5634 qui
830 5566 909 5619 sic
937 5563 1080 5616 ﬁlios
1098 5562 1277 5616 Saulis
1307 5572 1427 5632 post
1457 5566 1577 5633 ejus
1608 5576 1839 5620 mortem
1872 5565 1925 5619 in
1953 5562 2082 5635 gra-

507 5637 637 5689 tiam
660 5635 1434 5703 Gabaonitarum,_grassante
1470 5635 1614 5689 fame
1648 5635 1936 5700 occiderit,
1973 5636 2080 5690 eis-

504 5721 613 5773 que
639 5705 691 5758 in
728 5713 914 5773 monte
953 5701 1355 5772 cruciﬁgendos
1388 5705 1704 5760 tradiderit.
1756 5706 1970 5760 Dicitur
1985 5722 2082 5759 au-

509 5771 619 5832 tem
650 5771 850 5840 ἀγαθὸς
876 5774 1064 5844 ὁράσει
1085 5811 1099 5837 ,
1128 5771 1314 5843 I’Reg.
1350 5789 1460 5840 xw,
1495 5775 1548 5841 2,
1582 5775 1728 5846 quod
1764 5776 2076 5845 formosum,

2183 5154 2248 5199 ut
2283 5161 2314 5198 a
2346 5143 2489 5198 LXX
2525 5135 2807 5198 redditum
2846 5151 2955 5200 3‘1:
3002 5139 3270 5196 Maximus
3307 5135 3405 5206 qui
3435 5135 3507 5189 ad
3536 5135 3772 5194 animum

2179 5225 2322 5295 erat,
2373 5214 2594 5294 ἰσχυρὸς
2635 5213 2794 5295 fortis.
2821 5210 3022 5295 maluit
3071 5208 3281 5295 :qua'si
3401 5207 3636 5295 virtute,
3673 5217 3773 5295 qua

2181 5277 2652 5339 maxime"animi
2705 5279 3061 5351 pulchritudo
3122 5277 3415 5351 densistit;
3482 5277 3773 5351 potiusque

2178 5356 2358 5410 active
2408 5354 2634 5410 videtur
2664 5346 2940 5421 accipere,
2988 5359 3052 5404 ut
3086 5349 3255 5421 (praei
3291 5348 3510 5421 altera_
3549 5346 3770 5421 alteram

2179 5441 2370 5480 vocem
2402 5424 2662 5494 expiieet,
2695 5414 3148 5494 τὸ,’διορατικὸς,
3189 5418 3300 5494 τῷ..
3327 5416 3556 5494 ἰσχυρὸς
3573 5414 3774 5494 ὁράσει,

2186 5495 2338 5564 fortis
2372 5484 2508 5560 viszi,
2569 5484 2770 5562 eoque
2803 5484 2954 5564 acuti
2987 5508 3021 5564 :_
3055 5504 3157 5543 nec
3186 5484 3328 5542 male
3363 5484 3558 5564 Picus,
3586 5484 3774 5561 visione

2187 5557 2429 5636 'pollens;
2467 5557 2573 5621 etsi
2608 5557 2717 5617 non
2773 5562 2908 5617 satis
2957 5560 3025 5615 ad
3073 5568 3316 5613 mentem
3363 5557 3598 5612 videtur
3641 5557 3772 5608 sacri

2185 5644 2389 5690 textus.

2260 5705 2328 5777 (ε)
2369 5704 2958 5777 Κατασαρκούμενος
3012 5700 3145 5766 ταῖς
3189 5700 3468 5777 ἐωίμοις
3523 5694 3774 5777 θυσίαις.

2188 5761 2411 5831 Carna“
2442 5761 2900 5846 sensit-menteque
2930 5761 3103 5841 Iactus
3122 5761 3367 5826 'cruentis
3400 5761 3777 5832 hostiis;Car-
