4060 6458
441 367 566 441 1361

1134 381 1468 445 CAPITUM
1502 380 1926 457 QUINQUIES
1965 379 2487 445 CENTENORUM
2524 382 2914 445 CENTURIA
2949 384 3005 444 V.

3541 375 3679 441 1362

436 478 637 551 σαρκὸς
683 480 880 552 ἡδονὴν
911 484 1132 558 ἐντολὴν
1164 490 1536 561 ἐκδεχόμενος,
1568 491 1663 544 καὶ
1693 489 1861 562 μόνης
1887 488 1997 541 κατ⁴

2110 487 2220 541 lem
2272 484 2639 559 ignorantiam
2679 489 2865 553 liabet,
2915 502 2982 542 ex
3042 486 3158 541 sola
3208 482 3390 540 carnis
3448 484 3677 539 libidine

433 568 688 639 αἴσθησιν
747 572 1110 645 ἀντεχόμενος
1174 580 1502 649 σωματικῶς
1573 583 1673 651 τῆς
1727 578 1861 651 ὕλης
1908 575 2004 632 τοῦ

432 660 778 732 γράμματος.

499 837 601 908 λγ’.
647 841 708 896 '0
744 843 843 914 μὲν
878 847 1204 913 σωματικῶς
1232 849 1374 903 κατὰ
1395 850 1488 903 τδι
1512 851 1674 920 νόμον
1704 852 2002 922 λατρεύων,

429 930 681 1003 καθάπερ
728 932 862 1004 ὕλην
912 939 1073 1009 γεννᾷ
1108 938 1205 1010 τὴν
1241 941 1361 993 κατ’
1390 942 1673 1012 ἐνέργειαν
1706 940 2002 1011 ἁμαρτίαν,

428 1022 522 1107 καὶ
549 1023 623 1086 ὼς
651 1020 789 1090 εἶδος
822 1027 919 1099 τὴν
949 1030 1039 1081 ἐπ’
1064 1031 1200 1102 αὐτῇ
1224 1031 1319 1085 τοῦ
1347 1032 1439 1085 νοῦ
1465 1033 1864 1100 συγκατάθεσιν
1884 1033 2004 1095 ταῖς

427 1115 762 1186 προσφόροις
780 1118 996 1188 ἡδοναῖς
1023 1121 1134 1174 τῶν
1170 1124 1478 1193 αἰσθήσεων
1509 1122 1710 1186 ὑλικῶς
1744 1123 2003 1176 διαπλάτο

424 1222 597 1259 τεται.
646 1208 703 1261 Ὁ
747 1208 804 1262 δὲ
840 1212 1222 1281 πνευματικῶς
1248 1214 1346 1284 τὴν
1377 1212 1596 1285 Γραφὴν
1628 1213 2002 1283 ἐκδεχόμενος,

422 1296 502 1361 ὡς
553 1297 651 1368 μὲν
684 1298 816 1371 ὕλην
857 1300 955 1372 τὴν
990 1304 1292 1373 ἐνέργειαν,
1338 1304 1413 1367 ὡς
1442 1300 1578 1368 εἶδος
1604 1304 1661 1357 δὲ
1699 1305 1799 1374 τῆς
1824 1304 2005 1374 ἁμαρ-

423 1389 545 1452 τίας
569 1390 667 1461 τὴν
696 1393 1115 1461 συγκατάθεσιν,
1148 1396 1287 1463 μετὰ
1329 1396 1439 1450 τῶν
1468 1396 1608 1450 κατὰ
1652 1396 2003 1469 παραχρησιν

423 1481 562 1550 πρὸς
594 1482 785 1555 ἡδονὴν
836 1486 936 1555 τῆς
994 1487 1303 1558 αἰσθήσεως
1353 1488 1571 1559 τρόπων
1619 1486 1862 1553 θανατοῖ,
1912 1484 2002 1542 διὰ

422 1573 531 1626 τῶν
564 1576 807 1642 φυσικῶν
835 1577 1108 1647 λογισμῶν
1141 1581 1199 1632 ὲν
1228 1580 1309 1650 τῷ
1344 1580 1470 1651 ὕψει
1504 1584 1606 1652 τῆς
1638 1581 1891 1651 θεωρίας.

493 1663 585 1719 λδ¹.
624 1664 737 1738 Τὴν
776 1666 909 1739 ὓλην
958 1670 1050 1722 καὶ
1102 1670 1164 1724 τὸ
1209 1666 1369 1735 εἶδος,
1431 1673 1527 1726 καὶ
1577 1674 1705 1735 τοὺς
1734 1672 1861 1742 περὶ
1900 1671 2001 1742 τὴν

422 1755 557 1826 ὓλην
605 1759 698 1811 καὶ
731 1759 792 1812 τὸ
827 1756 968 1824 εἶδος
1012 1762 1153 1815 κατὰ
1193 1765 1539 1835 παραχρησιν
1572 1765 1732 1817 πέντε
1764 1764 2000 1835 τρόπους

421 1849 530 1901 τῶν
574 1850 734 1903 πέντε
771 1852 1077 1924 αἰσθήσεων
1104 1872 1115 1884 ’
1154 1856 1298 1924 λέγω
1343 1856 1401 1909 δὲ
1435 1856 1533 1927 τὴν
1560 1858 1785 1927 ἐμπαθῆ
1819 1874 1879 1911 τε
1906 1858 1999 1911 καὶ

423 1940 575 2009 παρὰ
611 1940 772 2008 φύσιν
808 1942 943 2013 πρὸς
975 1945 1042 1997 τὰ
1074 1948 1306 2017 αίσθητὰ
1352 1946 1459 1999 τῶν
1500 1947 1808 2018 αἰσθήσεσιν
1858 1966 1998 2018 συμ-

421 2028 648 2100 πλοκὴν,
693 2031 861 2100 ἤγουν
892 2033 961 2086 τὰ
1006 2034 1111 2087 ὑπὸ
1141 2036 1333 2105 χρόνον
1367 2037 1462 2089 καὶ
1492 2036 1699 2105 ρεὖσιν,
1738 2037 1879 2107 μετὰ
1899 2040 1998 2107 τὴν

421 2121 655 2191 πάροδον
708 2123 806 2193 τῆς
847 2126 907 2177 ἐν
953 2126 1102 2197 νόμῳ
1152 2126 1293 2181 κατὰ
1321 2127 1382 2181 τὸ
1416 2129 1651 2198 γράμμα
1683 2129 2000 2199 σωματικῆς

420 2209 697 2279 λατρείας,
754 2215 850 2266 καὶ
898 2215 997 2285 τὴν
1037 2218 1135 2286 τῆς
1179 2216 1401 2285 ἀγνοίας
1446 2217 1715 2283 διάϐασιν,
1766 2218 1998 2286 παραδία

421 2302 553 2357 δωσι
587 2303 961 2376 θανατωθῆναι
994 2310 1101 2369 τοῖς
1134 2308 1275 2361 κατὰ
1309 2310 1545 2380 φυσικὴν
1586 2309 1817 2380 θεωρίαν
1860 2309 1999 2381 ὕψη-

422 2392 661 2465 λοτέροις
692 2395 872 2464 λόγοις
903 2398 996 2450 καὶ
1026 2398 1321 2467 λογισμοῖς,
1356 2402 1386 2453 ὁ
1416 2400 1784 2470 πνευματικὸς
1814 2400 1997 2472 νόμος,

421 2484 455 2556 ἢ
476 2484 619 2545 νοῦς·
644 2486 739 2558 τὴν
756 2488 939 2553 ἐντοῖς
969 2489 1254 2558 συμϐόλοις
1282 2491 1419 2560 πρὸς
1446 2490 1822 2560 αἴσθησιν’καὶ
1844 2492 2001 2563 σῶμα

421 2575 868 2649 καθολικωτάτην
922 2583 1031 2635 τῶν
1081 2583 1185 2636 ὑπὸ
1237 2583 1429 2654 χρόνον
1483 2584 1691 2654 σχέσιν,
1741 2585 2001 2653 ἀφανίσαι

420 2669 518 2766 καὶ
548 2669 879 2737 θανατῶσαι,
912 2675 1055 2729 κατὰ
1092 2676 1152 2729 τὸ
1191 2675 1328 2749 ὕψος
1365 2677 1678 2751 γινομένοις
1700 2677 1795 2733 τοῦ
1832 2679 1997 2748 νόμον

421 2762 517 2827 τῆς
540 2762 924 2834 πνευματικῆς
953 2763 1214 2830 θεωρίας.

489 2931 586 2987 λε’.
632 2934 819 3005 Χωρὶς
853 2940 1095 3009 φυσικῆς
1129 2939 1384 3015 θεωρίας,
1423 2938 1600 3008 οὐδεὶς
1628 2941 1727 3016 τὴν
1760 2943 1898 3016 πρὸς
1930 2947 1999 3002 τὰ

416 3022 541 3080 θεῖα
565 3026 674 3081 τῶν
700 3030 941 3100 νομικῶν
969 3032 1252 3104 συμϐόλων
1280 3034 1603 3105 ἀπεμφασιν
1628 3036 1997 3105 διαγινώσκει.

2107 579 2339 651 ejusque
2380 581 2591 636 ratione
2632 581 2949 635 mandatum
2995 579 3305 649 intelligens
3332 616 3347 643 ,
3388 576 3678 645 solumque

2106 669 2306 727 litteras
2357 674 2618 727 corticem
2676 670 3035 741 corporaliter
3068 710 3082 734 ,
3126 684 3227 740 pro
3269 683 3337 724 eo
3397 681 3463 722 ac
3511 682 3678 722 sensu

2107 772 2482 832 comparatum
2503 772 2606 826 est,
2644 750 3033 831 complectens.
3108 765 3114 771 '

2176 851 2264 905 53.
2294 851 2399 917 Qui
2423 852 2785 923 corporaliter
2811 850 3041 920 legalem
3070 849 3280 901 cultum
3324 847 3463 913 obit,
3504 846 3679 901 instar

2104 942 2372 1005 materiae,
2422 943 2631 1012 peccati
2666 949 2849 997 actum
2882 939 3088 1010 gignit;
3132 937 3413 1007 instarque
3466 934 3677 998 formae,

2106 1033 2309 1087 mentis
2341 1032 2397 1086 in
2433 1032 2569 1087 illud
2594 1029 3053 1086 convenientibus
3083 1041 3347 1082 sensuum
3384 1024 3679 1095 voluptati-

2104 1118 2211 1178 bus
2246 1122 2607 1178 materialiter
2634 1121 2836 1177 format
2870 1132 3176 1175 assensum.
3203 1115 3310 1184 Qui
3341 1122 3527 1174 autem
3566 1119 3679 1185 spi~

2102 1214 2342 1269 ritaliter
2365 1214 2708 1285 Seripturam
2728 1208 2948 1282 accipit,
2980 1211 3154 1265 instar
3173 1207 3439 1272 materiae,
3464 1215 3642 1260 actum
3664 1248 3678 1271 ,

2104 1306 2390 1376 instarque
2447 1306 2680 1368 formae,
2741 1302 2953 1375 peccati
3005 1314 3358 1363 consensum,
3396 1308 3505 1351 una
3555 1312 3681 1351 cum

2103 1412 2301 1453 sensus
2328 1412 2427 1467 per
2452 1396 2776 1452 abusionem
2801 1392 3003 1449 lasciva
3024 1391 3209 1447 indole
3233 1391 3461 1461 ejusque
3482 1389 3680 1454 modis,

2103 1488 2443 1542 naturalium
2470 1487 2750 1541 rationum
2787 1500 2957 1555 opera
2991 1484 3047 1539 in
3076 1481 3305 1539 sublimi
3336 1479 3679 1549 contempla-

2104 1577 2272 1632 tionis
2298 1592 2399 1631 axe
2425 1575 2719 1631 interimit.

2173 1669 2261 1723 3i.
2287 1656 2569 1723 Materiam
2591 1675 2648 1722 et
2680 1665 2937 1731 formam,
2961 1663 3168 1736 quique
3196 1662 3375 1718 abusu
3396 1662 3545 1716 circa
3568 1670 3685 1714 ma-

2102 1758 2296 1812 teriam
2330 1765 2387 1812 et
2400 1757 2629 1811 formam
2652 1755 2801 1810 modi
2830 1754 3076 1825 quinque
3105 1768 3367 1809 sensuum
3390 1758 3681 1805 versantur

2032 1820 2074 1875 Β
2103 1847 2483 1920 (libidinosum
2523 1846 2736 1902 scilicet
2766 1860 2831 1901 ac
2870 1844 3238 1900 innaturaiem
3263 1856 3527 1899 sensuum
3552 1857 3680 1896 cum

2102 1941 2270 1996 rebus
2319 1954 2442 2010 quae
2498 1954 2667 1993 sensu
2711 1937 3097 2008 percipiuntur
3126 1934 3513 2004 complexum;
3560 1932 3681 1988 sive

2099 2046 2226 2089 Cum
2262 2032 2331 2088 iis
2357 2049 2479 2102 quae
2503 2032 2742 2086 subsunt
2781 2028 3016 2099 tempori
3056 2041 3120 2083 ac
3142 2024 3508 2096 dilabuntur),
3550 2032 3675 2094 post

2100 2125 2314 2180 scilicet
2346 2123 2689 2193 corporalem
2717 2122 2852 2193 legis
2899 2121 3109 2175 cultum
3138 2134 3207 2175 ex
3234 2117 3435 2173 littera
3463 2116 3679 2171 ratione

2100 2222 2252 2272 retro
2299 2215 2577 2279 relictura,
2641 2228 2706 2268 ac
2756 2220 3073 2283 superatam
3119 2207 3503 2281 ignorantiam,
3550 2206 3680 2261 neci

2101 2309 2403 2365 tradendos
2437 2306 2858 2363 sublimioribus
2907 2302 3179 2362 naturalis
3230 2299 3399 2373 618
3432 2306 3679 2354 contem.—

2099 2399 2363 2469 platiouis
2391 2397 2701 2453 rationibus
2721 2410 2785 2450 ac
2806 2393 3257 2465 cogitationibus,
3278 2391 3368 2446 lex
3394 2388 3677 2460 spiritalis,

2100 2490 2216 2547 sive
2255 2504 2410 2545 mens
2440 2486 2643 2554 tradit;
2692 2498 2893 2555 nempe
2924 2524 2939 2550 ,
2976 2489 3036 2539 ut
3060 2478 3586 2537 universalissimam
3623 2477 3679 2531 in

2101 2581 2364 2654 symbolis
2397 2594 2583 2635 rerum
2611 2576 2847 2647 tempori
2889 2572 3263 2645 subjectarum
3286 2580 3354 2626 ex
3390 2580 3587 2625 sensus
3616 2582 3681 2621 ac

2100 2671 2350 2740 corporis
2408 2670 2623 2725 ratione
2676 2666 3148 2722 necessitudinem
3175 2704 3189 2729 ,
3262 2661 3334 2717 ad
3386 2659 3678 2716 sublimem

2097 2774 2255 2821 axem
2316 2760 2580 2834 spiritalis
2622 2756 3106 2829 contemplationis
3162 2754 3301 2826 legis
3362 2756 3638 2824 provectae
3663 2791 3677 2815 ,

2099 2854 2359 2909 aboleant
2385 2868 2452 2908 ac
2489 2851 2829 2907 interimant.

2170 2946 2257 3001 55.
2281 2944 2429 3002 Citra
2455 2938 2759 2999 naturalem
2787 2939 3242 3011 speculationem,
3267 2943 3433 2988 nemo
3456 2930 3682 3000 symbo-

2101 3036 2283 3093 lorum
2334 3035 2595 3107 legalium
2638 3034 3047 3088 dissentaneam
3097 3044 3127 3083 a
3167 3025 3371 3083 divinis
3409 3023 3681 3078 rationem

418 3117 484 3212 Et
516 3120 625 3190 γὰρ
681 3121 757 3192 μὴ
791 3124 1035 3191 φυσικῶς
1067 3125 1329 3198 πρότερόν
1354 3144 1441 3191 τις
1468 3127 1567 3200 τὴν
1588 3132 1645 3182 ὲν
1660 3131 1770 3193 τοῖς
1799 3131 1997 3202 συμϐό-

2103 3127 2404 3199 cognoscit.
2432 3126 2549 3181 Nisi
2580 3124 2729 3180 enim
2761 3123 2889 3194 quis
2921 3121 3097 3192 prius,
3134 3118 3451 3172 divinorum
3479 3129 3546 3170 ac
3592 3112 3684 3168 in-

416 3210 529 3277 λοις
558 3213 667 3267 τῶν
701 3215 861 3270 θείων
898 3217 993 3270 καὶ
1015 3218 1222 3289 νοητῶν
1252 3219 1631 3293 διασκοπήσας
1647 3223 1993 3296 ἀπέμφασιν,

415 3303 592 3358 {Mdv
615 3304 845 3377 ποθήσει
880 3308 1022 3363 κατὰ
1049 3309 1196 3375 νοῦν,
1220 3309 1327 3376 ἔξω
1364 3312 1645 3377 παντελῶς
1682 3314 1792 3368 τῶν
1836 3315 1997 3369 θείων

414 3396 627 3451 ἀδύτων
651 3397 751 3470 τὴν
779 3399 1037 3471 αἴσθησιν
1059 3400 1310 3471 θέμενος,
1347 3403 1487 3475 πρὸς
1518 3404 1620 3477 τὴν
1651 3405 1759 3459 τῶν
1792 3406 1996 3478 νοητῶν

410 3488 771 3559 εὐπρέπειαν,
788 3490 886 3560 τῆς
903 3493 961 3544 ὲν
976 3493 1288 3556 τοῖςτύποις
1311 3493 1646 3565 ἀπολυθῆναι
1662 3494 1913 3562 καθάπαξ
1934 3496 1996 3550 οὺ

412 3580 639 3635 δύναται
688 3582 1012 3654 σωματικῆς
1061 3585 1336 3648 ποικιλίας
1366 3602 1380 3617 ’
1408 3585 1531 3639 καθ’
1556 3587 1622 3658 ὴν
1653 3587 1763 3651 ἕως
1796 3586 1997 3659 βέϐηκε

415 3668 513 3722 τοῦ
544 3671 875 3742 γράμματος
904 3673 1284 3742 ἀντεχόμενος,
1311 3674 1411 3746 τὴν
1434 3676 1499 3728 ὲκ
1549 3672 1643 3728 τοῦ
1692 3674 1855 3747 λιμοῦ
1896 3680 1998 3749 τῆς

414 3761 672 3829 γνώσεως
693 3764 919 3827 εἰκότως
936 3765 1166 3836 ἀπορίαν
1186 3766 1247 3818 οὐ
1267 3766 1694 3839 παραμυθεῖται,
1727 3769 1827 3840 τῆς
1857 3770 1999 3842 Γρα-

416 3852 525 3922 φῆς
552 3854 651 3925 τὴν
673 3853 798 3924 γῆν,
842 3854 1012 3924 ἤγουν
1056 3854 1119 3908 τὸ
1165 3854 1344 3925 σῶμα,
1399 3856 1541 3910 κατὰ
1585 3856 1678 3910 τὸν
1718 3856 1997 3929 ἀπατηλὸν

412 3942 539 4011 ὅφιν
588 3943 791 3997 ἐσθίειν
843 3945 1036 3999 ἑαυτὸν
1095 3945 1465 4021 καταδικάσας
1490 3964 1504 3980 ⁸
1562 3947 1679 4003 ἀλλ’
1726 3949 1789 4003 οὐ
1853 3949 1997 4004 κατὰ

412 4033 671 4105 Χριστὸν,
700 4034 793 4087 τὸν
821 4034 1070 4105 οὐρανὸν,
1108 4034 1278 4104 ῆγουν
1315 4035 1414 4106 τῆς
1440 4037 1663 4108 Γραφῆς
1693 4039 1752 4091 τὸ
1776 4038 1996 4108 πνεῦμα

415 4127 511 4179 καὶ
539 4125 639 4196 τὴν
666 4125 867 4197 ψυχὴν,
902 4125 1155 4180 τουτέστι
1183 4127 1272 4181 τὸν
1297 4126 1549 4198 οὐράνιον
1582 4130 1678 4184 καὶ
1705 4130 1997 4199 ἁγγελικδν

411 4215 582 4286 ἄρτον
612 4233 625 4247 ·
649 4216 792 4284 λέγω
829 4218 909 4281 δὲ,
932 4217 1031 4288 τὴν
1063 4218 1120 4271 ὲν
1145 4217 1368 4291 Χριστῷ
1404 4221 1514 4274 τῶν
1550 4221 1785 4293 Γραφῶν
1827 4240 1994 4276 πνευ-

416 4307 656 4377 ματικὴν
692 4306 927 4378 θεωρίαν
973 4309 1069 4362 καὶ
1113 4309 1317 4376 γνῶσιν
1366 4309 1865 4383 βρωματιζόμενος,
1928 4313 1995 4385 ἢν

412 4398 600 4451 δίδωσι
662 4398 905 4468 δαψιλῶς
957 4400 1468 4473 ἑπιχορηγουμένην
1522 4405 1635 4468 τοῖς
1702 4404 1996 4473 ἀγαπῶσιν

2102 3222 2469 3293 telligibilium
2495 3219 2843 3275 dissentanea
2864 3216 2918 3271 in
2940 3212 3206 3287 symbolis
3231 3210 3443 3266 ratione
3473 3221 3542 3262 ac
3567 3203 3683 3260 dis-

2098 3310 2465 3368 similitudine
2525 3310 2821 3380 diiigenter
2887 3308 3177 3377 inSpecta,
3237 3312 3405 3359 sensu
3459 3297 3684 3369 penitus

2098 3403 2304 3459 divinis
2329 3403 2555 3458 excluso
2587 3401 2789 3473 adytis,
2830 3398 3077 3468 forisque
3100 3395 3327 3461 relicto,
3363 3392 3430 3449 ad
3453 3405 3682 3446 eorum-

2098 3495 2227 3550 dem
2251 3493 2585 3565 spiritalium
2608 3490 3153 3562 intelligibiiiumque
3182 3487 3464 3548 decorem,
3493 3490 3682 3538 mente

2097 3586 2291 3641 venire
2339 3592 2587 3655 satagat,
2638 3598 2671 3637 a
2726 3580 3003 3652 corporali
3054 3579 3352 3650 ﬁgurarum
3410 3572 3684 3629 varietate

2096 3676 2325 3732 omnino
2354 3673 2566 3730 absolvi
2597 3688 2709 3729 non
2740 3679 2952 3743 potest;
2980 3684 3048 3725 ex
3082 3668 3241 3740 cujus
3266 3666 3481 3721 ratione
3502 3678 3681 3734 quan—

2097 3768 2193 3825 diu
2220 3767 2486 3832 ambulat,
2503 3766 2705 3822 litterae
2723 3763 3013 3821 adhaerens
3036 3774 3269 3831 eamque
3285 3754 3679 3821 consectando,

2098 3860 2160 3917 iit
2185 3861 2407 3925 merito,
2461 3866 2523 3913 ut
2570 3865 2895 3930 egestatem,
2940 3869 3049 3927 qua
3104 3852 3247 3911 fame
3298 3844 3538 3914 laborat,
3569 3862 3682 3903 non

2096 3953 2330 4016 soletur,
2398 3950 2492 4021 qui
2542 3949 2661 4021 ipse
2723 3960 2805 4016 se,
2867 3947 3143 4018 serpentis
3192 3941 3499 4001 seductoris
3527 3954 3682 3995 more

2097 4041 2393 4105 addixerit,
2453 4049 2513 4095 ut
2565 4039 2871 4109 Scriptura
2919 4046 3124 4093 terram
3174 4035 3399 4107 (corpus
3446 4029 3682 4097 scilicet)

2096 4132 2346 4189 comedat
2369 4133 2432 4197 “';
2448 4145 2554 4185 non
2580 4138 2638 4183 ut
2665 4129 2976 4184 Christiana
3003 4128 3360 4200 ingenuitate,
3379 4124 3683 4194 Scriptura:

2096 4224 2296 4280 coelum
2323 4222 2598 4293 (spiritum
2624 4221 2839 4275 scilicet
2865 4219 3225 4289 animumque
3254 4230 3453 4285 nempe
3480 4226 3683 4283 panem

2096 4316 2380 4371 cmiestem
2406 4323 2461 4368 et
2484 4310 2823 4384 angelicum)
2849 4310 3149 4367 manducet
3184 4325 3197 4363 :
3228 4306 3553 4378 spiritalem,
3593 4302 3680 4356 in-

2098 4421 2285 4477 quam,
2317 4406 2373 4462 in
2394 4404 2618 4461 Christo
2638 4403 3052 4475 Scripturarum
3076 4397 3598 4468 contemplationem
3626 4402 3685 4449 et

414 4492 579 4546 αὑτὸν
608 4493 637 4545 ὁ
660 4492 812 4556 Θεὸς,
842 4493 985 4547 κατὰ
1009 4492 1070 4547 τὸ
1106 4495 1514 4566 γεγραμμένον,
1567 4497 1775 4566 Ἄρτον
1820 4499 1995 4566 οὐρα·-

2101 4498 2394 4554 scientiam
2428 4496 2614 4551 cibum
2650 4494 2908 4565 adeptus,
2946 4506 3112 4564 quem
3157 4491 3303 4545 Deus
3340 4484 3525 4559 ipsum
3551 4484 3683 4541 di|i~

412 4584 528 4640 νοῦ
556 4584 781 4641 ἔδωκεν
810 4584 1036 4652 αὐτοῖς,
1064 4586 1248 4655 ἄρτον
1289 4589 1565 4658 ἀγγέλων
1613 4590 1838 4660 ἔφαγεν
1888 4591 1994 4645 ἅν-

411 4678 663 4745 θρωπος.

492 4849 594 4918 λς’.
644 4852 767 4925 Χρὴ
800 4851 901 4925 τὴν
944 4852 1067 4907 κατ’
1097 4852 1348 4923 αἴσθησιν
1382 4854 1519 4925 πρὸς
1545 4853 1705 4925 σῶμα
1736 4856 1834 4927 τῆς
1856 4856 1998 4927 Γρα-

414 4945 524 5014 φῆς
550 4944 800 5016 ἐκδοχὴν,
827 4944 903 5008 ὡς
923 4944 1115 4999 παθῶν
1145 4946 1426 5017 προδήλως
1451 4947 1545 5001 καὶ
1583 4948 1683 5018 τῆς
1738 4948 1875 5020 πρὸς
1925 4949 1996 5003 τὰ

414 5037 644 5107 χρονικὰ
683 5039 779 5092 καὶ
826 5039 1018 5110 ῥέοντα
1049 5039 1308 5111 σχετικῆς
1338 5041 1632 5104 διαθέσεως
1664 5038 1831 5096 οὖσαν
1865 5058 1992 5111 γενε-

413 5122 661 5195 νητικὴν,
686 5125 853 5196 ῆγουν
880 5126 982 5198 τῆς
1012 5128 1149 5197 πρὸς
1181 5128 1250 5181 τὰ
1281 5130 1516 5201 αἰσθητὰ
1548 5130 1659 5184 τῶν
1686 5132 1995 5203 αἰσθήσεων

415 5215 698 5284 ὲμπαθοῦς
729 5217 1032 5289 ἐνεργείας,
1051 5220 1126 5283 ὡς
1153 5220 1322 5274 Σαοὺλ
1341 5221 1508 5276 τέκνα
1528 5224 1623 5277 καὶ
1646 5223 1867 5292 ἔκγονα,
1905 5223 1995 5280 διὰ

489 5368 534 5402 ⁵⁸
554 5371 692 5428 Gen.
723 5386 801 5436 ιη,
833 5372 920 5429 14.
998 5374 1043 5405 ⁸³
1077 5374 1219 5430 Psal.
1259 5391 1459 5442 Lxxvu,
1487 5377 1576 5431 24.

415 5505 561 5578 nalis
588 5504 714 5578 inde
747 5506 1020 5571 redditus,
1048 5521 1115 5561 ac
1145 5508 1297 5562 velut
1322 5508 1444 5578 ejus
1470 5522 1626 5571 cura,
1647 5516 1704 5561 et
1737 5508 1997 5578 voluptas

415 5576 531 5656 illis
555 5576 852 5656 sanciatur,
892 5584 953 5630 ut
991 5576 1373 5656 superioribus
1414 5576 1991 5656 jam‘enposuit._l‘ion

415 5647 558 5701 bene
592 5646 776 5705 Picus.
804 5648 1115 5701 incarnatus
1151 5648 1350 5701 ruentis
1383 5646 1658 5714 sacriﬁciis
1681 5647 1861 5715 :quod
1899 5648 1991 5701 ille

415 5717 645 5770 cruentis
666 5716 966 5786 scripserit.
991 5716 1146 5783 Quod
1183 5726 1331 5780 erat,
1358 5719 1417 5771 ἐν
1452 5717 1531 5784 τῷ
1571 5716 1693 5786 ὕψει
1722 5716 1821 5786 τῆς
1844 5717 1989 5769 ἀπα-

421 5786 570 5849 θείας
594 5803 606 5815 ·
637 5780 912 5857 essetque,
967 5780 1033 5842 iri
1055 5780 1540 5858 imper-turbationis
1581 5780 1815 5842 σὲίὲὶιοὶε
1839 5789 1988 5858 ejus-

2101 4590 2361 4662 gentibus
2404 4589 2553 4659 large
2593 4586 2998 4648 subministret,
3031 4585 3186 4655 juxta
3232 4581 3383 4653 quod
3412 4580 3681 4651 scriptum

2101 4691 2185 4738 est
2215 4699 2229 4736 :
2257 4681 2459 4735 Panem
2490 4679 2604 4734 caeli
2638 4678 2780 4731 dedit
2808 4677 2882 4731 eis
2905 4715 2921 4741 ,
2953 4690 3145 4745 panem
3176 4670 3492 4743 angelorum
3522 4686 3680 4724 man-

2101 4772 2311 4825 ducavit
2338 4772 2492 4825 homo
2515 4771 2582 4823 λ’.

2175 4864 2263 4919 56.
2301 4862 2495 4932 Operm
2526 4860 2766 4931 pretium
2803 4869 2908 4923 cst,
2939 4866 3001 4912 ut
3044 4854 3346 4925 Scriptum
3388 4866 3454 4907 ex
3482 4864 3681 4907 sensus

2103 4954 2319 5009 ratione
2370 4950 2593 5022 corpori
2652 4946 3122 5005 accommodatam
3174 4942 3576 5015 acceptionem,
3618 4946 3681 4995 ut

2100 5041 2393 5113 perspicue
2433 5040 2916 5111 perturbationum
2954 5037 3328 5106 vitiorumque
3350 5074 3366 5101 ,
3397 5049 3463 5090 ac
3491 5032 3682 5090 libidi-

2100 5146 2248 5188 nosae
2268 5148 2394 5203 erga
2415 5140 2767 5202 temporanea
2787 5128 3040 5199 iluxaque
3060 5126 3368 5182 aiiectionis
3393 5133 3680 5197 parentem

2103 5224 2338 5294 (vitiosae
2364 5223 2580 5280 scilicet
2605 5238 2801 5279 sensus
2830 5237 2963 5291 erga
2994 5234 3085 5275 res
3114 5219 3193 5275 illi
3216 5219 3462 5291 objectas
3486 5228 3681 5288 opera-

2100 5523 2209 5576 que
2242 5521 2458 5576 summo
2482 5518 2582 5561 axe
2608 5520 2671 5561 ac
2691 5504 2921 5576 vertice,
2948 5503 3209 5576 allegoria
3240 5503 3593 5576 admont'em,
3619 5501 3679 5557 in

2099 5570 2211 5647 quo
2266 5575 2515 5632 cruciﬁxi
2566 5574 2753 5647 Saulis
2802 5574 2955 5647 ﬁlii;
2984 5570 3097 5647 non
3134 5573 3277 5647 bene
3308 5571 3452 5627 idem
3484 5570 3673 5647 Picus,

2097 5639 2438 5718 cogitationes
2460 5646 2677 5718 essetam
2702 5646 2983 5718 vacuitatis
3002 5644 3357 5713 affectiones,
3389 5639 3680 5718 aptius

2096 5709 2396 5841 Ἆηὲιόηἶμιιοά
2420 5716 2639 5773 restitui
2658 5715 2914 5787 θεωρίας,
2935 5709 3222 5784 exstatque
3240 5709 3438 5784 quasi.
3464 5710 3556 5765 illa
3579 5709 3672 5773 65,

2257 5806 2307 5840 ta
2335 5804 2439 5841 αδδ.

2257 5804 2439 5841 ιαιαιςε.
