4060 6452
394 349 527 411 1363
1514 389 1522 396 .
1553 341 1614 400 S.
1658 338 1912 400 MAXIM
1922 337 1946 396 Ι
1979 337 2490 402 CONFESSORIS
3522 335 3657 400 1354

389 454 578 523 tionis)
607 459 865 522 tanquam
890 448 1071 506 Saulis
1103 448 1245 504 ﬁlios
1280 462 1344 505 ac
1367 457 1600 520 nepotes
1619 450 1686 513 ⁵ο,
1716 446 1983 503 naturalis
2012 475 2025 506 Α

2130 448 2189 517 ἧς
2228 448 2465 519 φυσικῆς
2496 449 2552 502 ἐν
2583 447 2718 520 ὖρει,
2742 451 2810 521 τῇ
2839 448 2948 506 τῶν
2976 446 3139 505 θείων
3157 448 3439 519 ἀναγωγῇ,
3461 446 3661 516 λογίων

390 542 784 615 spccnlationis
850 558 984 613 ope,
1045 543 1198 598 velut
1259 543 1314 597 in
1374 551 1563 598 monte
1622 541 1981 613 (divinorum

2130 539 2353 608 φανὲσαι
2382 539 2639 611 Θεωρίας,
2667 539 2722 593 εἴ
2743 557 2860 605 πως
2899 539 3277 612 ἐμφορηθῆναι
3320 539 3470 603 θείας
3514 540 3666 609 ἐφιέμ-

391 636 607 693 scilicet
650 624 1004 706 cloquiorum
1056 633 1239 689 altiori
1273 645 1329 689 et
1378 650 1408 689 a
1473 649 1639 689 sensu
1698 628 1986 686 remetiori

2133 631 2231 685 εοα
2253 633 2497 703 χάριτος.

395 726 808 799 intelligentia)
862 710 1181 792 deleamus;
1248 726 1293 780 si
1328 726 1494 781 modo
1544 724 1731 780 divina
1797 721 1985 777 satiari

392 820 569 889 gratia
599 819 999 877 desideramus.

462 907 552 961 57.
590 906 821 963 Veritati
873 907 1134 978 iujuriam
1183 906 1394 964 faciunt
1431 922 1544 960 tum
1600 906 1710 971 lex,
1765 919 1889 975 quae
1921 918 1990 959 ex

2161 910 2261 973 λζ’.
2314 910 2514 965 Ἀδικεί
2553 911 2653 980 τὴν
2692 911 2955 982 ἀλήθειαν
2985 913 3014 965 ὅ
3044 927 3107 964 τε
3156 910 3320 981 νόμος
3343 908 3677 979 κατὰ-μόνον

395 998 512 1052 sola
542 998 745 1052 litterae
775 999 989 1053 ratione
1017 998 1376 1069 intelligatur,
1410 1010 1527 1053 tum
1558 997 1717 1069 plebs
1738 998 1987 1063 Judaica,

2130 1002 2152 1056 ί)
2182 1002 2418 1073 γράμμα
2445 1000 2753 1071 νοούμενος,
2785 1002 2881 1054 καὶ
2909 1002 2939 1053 ὁ
2961 1000 3071 1054 τῶν
3106 999 3379 1054 Ἰουδαίων
3404 999 3553 1064 λαὸς,
3587 1001 3681 1071 καὶ

398 1104 460 1141 ac
476 1090 521 1145 si
546 1089 673 1159 quis
691 1090 891 1146 horum
914 1091 1099 1146 animo
1125 1092 1331 1146 assccla
1359 1091 1611 1157 exsistit;
1639 1092 1756 1146 sola
1781 1090 1995 1145 scilicet

2130 1094 2254 1157 ίτις
2275 1093 2500 1147 ἐκείνων
2532 1094 2767 1164 ὑπάρχει
2800 1091 2943 1147 κατὰ
2967 1093 3208 1147 διάνοιαν
3238 1090 3501 1161 μιμητὴς,
3534 1091 3682 1162 μόνῳ

401 1180 589 1235 littera
617 1181 730 1235 vim
767 1180 905 1252 legis
933 1180 1227 1247 deﬁniens,
1261 1197 1367 1237 nec
1401 1181 1472 1236 ad
1511 1182 1758 1253 mysticae
1804 1182 1863 1234 in
1902 1181 1996 1235 lit-

2130 1188 2173 1256 ᾦ
2198 1188 2493 1259 γράμματι
2522 1186 2885 1257 περιγράφων
2923 1183 3016 1237 τοῦ
3070 1184 3240 1254 νόμον
3282 1181 3381 1253 τὴν
3423 1181 3680 1250 δύναμιν,

408 1260 525 1343 tera
577 1275 808 1329 occulta:
868 1274 1114 1331 scientia:
1177 1275 1634 1339 declarationem,
1681 1275 1994 1331 naturalem

2130 1280 2191 1333 ,αἱ
2222 1279 2296 1350 μὴ
2323 1279 2612 1349 δεχόμενος
2640 1278 2776 1349 πρὸς
2810 1280 2911 1347 τὴν
2940 1276 3251 1347 φανέρωσιν
3280 1276 3382 1345 τῆς
3415 1274 3685 1344 μυστικῆς

408 1366 840 1434 speculationem
873 1367 1133 1436 (mediam
1166 1368 1379 1435 scilicet
1414 1367 1560 1423 inter
1585 1367 1789 1439 ﬁguras
1822 1376 1995 1422 etve-

2130 1371 2564 1443 γκεκρυμμένης
2602 1370 2681 1441 τῷ
2706 1371 3000 1442 γράμματι
3042 1367 3298 1437 γνώσεως
3327 1367 3424 1438 τὴν
3449 1366 3685 1436 φυσικὴν

410 1457 652 1530 ritatem)
708 1473 1023 1526 assumens;
1059 1475 1183 1529 qua:
1235 1474 1333 1514 eos
1393 1459 1486 1529 qui
1538 1458 1907 1514 instituuntur
1964 1472 1998 1512 a

2134 1458 2356 1535 εωρίαν,
2400 1463 2575 1533 μέσην
2611 1462 2968 1532 ὑπάρχουσαν
3002 1459 3190 1516 τύπων
3231 1461 3325 1513 καὶ
3368 1458 3639 1529 ἀληθείας
3669 1472 3683 1487 ο

412 1546 601 1616 ﬁguris
624 1546 971 1615 adducendo,
1005 1548 1075 1603 ad
1109 1548 1397 1617 veritatem
1427 1547 1657 1602 reducat
1692 1563 1706 1600 :
1734 1546 1832 1614 scd
1849 1546 2001 1601 velut

2133 1553 2211 1609 ὧν
2243 1554 2363 1624 μὲν,
2392 1554 2518 1618 τοὺς
2561 1553 2865 1622 ἀγομένους
2906 1552 3249 1619 άπάγουσαν,
3299 1548 3437 1619 πρὸς
3479 1549 3541 1602 δὲ
3589 1549 3687 1621 τὴν

407 1652 530 1692 eam
592 1652 822 1707 prorsus
869 1652 1114 1708 negans,
1157 1646 1215 1692 et
1257 1653 1289 1692 a
1338 1636 1653 1692 divinorum
1712 1635 2003 1692 secretiori

2135 1647 2483 1715 πανάγουσαν
2514 1663 2528 1678 θ
2560 1644 2676 1698 ἀλλ’
2709 1639 2821 1698 οἷον
2837 1642 3046 1713 ταύτην
3069 1643 3305 1713 πάμπαν
3324 1640 3684 1712 ἀρνούμενος,

409 1725 668 1783 doctrina
714 1727 1027 1783 initiatione
1075 1728 1238 1798 longe
1281 1725 1602 1781 amandans.
1648 1725 1814 1795 619
1848 1725 2002 1781 Hanc

2130 1740 2201 1794 ιαὶ
2239 1739 2338 1808 τῆς
2370 1739 2479 1792 τῶν
2505 1737 2667 1792 θείων
2692 1737 2864 1808 αὐτὴν
2890 1736 2996 1801 ἔξω
3026 1734 3356 1806 ποιούμενος
3394 1750 3687 1806 μυσταγω-

410 1816 581 1887 igitur
608 1818 957 1888 corporalem
988 1835 1054 1873 ac
1098 1827 1514 1889 temporaneam
1555 1816 1695 1886 legis
1726 1816 2001 1886 acceptio-

2130 1832 2253 1897 νίας.
2282 1830 2499 1899 Ταύτην
2523 1828 2813 1900 τοιγαροῦν
2844 1828 2952 1900 χρὴ
2977 1827 3071 1882 τοῦ
3106 1827 3275 1898 νόμον
3305 1826 3410 1897 τὴν
3444 1841 3690 1894 σωματι-

409 1921 560 1969 nem,
598 1906 753 1963 velut
781 1908 1017 1979 tempori
1042 1908 1344 1963 obnoxiam
1373 1906 1710 1977 ﬂuxamque,
1748 1907 1907 1979 quasi
1945 1908 2004 1964 in

2130 1921 2212 1994 ιὴν
2256 1921 2351 1975 καὶ
2399 1921 2734 1991 πρόσκαιρον
2783 1919 3033 1988 ἐκδοχὴν,
3082 1916 3160 1981 ὡς
3218 1916 3325 1972 ὑπὸ
3359 1915 3557 1985 χρόνον
3601 1914 3694 1967 καὶ

412 2006 623 2063 monte,
655 1997 713 2052 in
742 1999 990 2054 scientiae
1016 1999 1381 2065 sublimitate,
1406 2014 1507 2069 per
1532 1999 1844 2054 naturalem
1876 2014 2004 2069 spe-

411 2090 745 2145 culationem
791 2090 1117 2147 interimant
1153 2106 1380 2145 necesse
1410 2099 1516 2157 est,
1559 2091 1654 2160 qui
1687 2089 2007 2145 divinorum

412 2184 854 2254 spectaculorum
891 2199 1298 2255 sensorumquc
1339 2182 1519 2239 seduli
1555 2191 1832 2239 amatores
1857 2184 2004 2241 exsi-

412 2286 583 2332 stant.

481 2371 571 2425 '58.
596 2369 955 2441 Corporalem
979 2370 1281 2442 Scripturaa
1311 2370 1733 2443 intelligentiam
1778 2386 2009 2442 prorsus

415 2460 621 2529 abolet,
650 2463 747 2532 qui
766 2463 1004 2518 actionis
1025 2463 1177 2519 cultu
1202 2478 1303 2533 per
1341 2464 1650 2518 naturalem
1673 2464 2009 2535 speculatio-

418 2569 543 2609 nem
569 2555 815 2625 perimit,
847 2570 970 2626 qute
996 2570 1065 2611 ex
1099 2555 1221 2625 lege
1269 2557 1477 2627 scripta
1508 2558 1709 2613 animre
1754 2557 2010 2622 inolevit,

414 2645 771 2707 libidinosam
791 2662 856 2703 ac
890 2662 1186 2716 corporum
1217 2657 1517 2714 amantem,
1540 2664 1669 2719 erga
1701 2648 2013 2704 instabilem

417 2740 733 2811 ﬂuxamque
752 2741 1044 2798 materiam
1065 2742 1539 2799 necessitudinem
1554 2757 1619 2800 ac
1641 2743 2012 2810 affectionem;

421 2833 571 2887 velut
600 2831 862 2891 nimirum
910 2830 1096 2888 Saulis
1145 2832 1288 2887 ﬁlios
1336 2848 1401 2889 ac
1445 2841 1706 2903 nepotes,
1742 2833 2016 2888 humilem

420 2925 561 2996 legis
608 2924 1054 2996 intelligentiam,
1106 2924 1291 2982 media
1325 2926 1565 2982 naturali
1617 2925 2014 2996 speculatione,

424 3027 684 3085 tanquam
742 3017 801 3071 in
860 3026 1081 3087 monte,
1122 3017 1182 3071 in
1247 3017 1495 3073 scientiae
1566 3018 1717 3073 celso
1765 3018 2014 3083 vertice,

418 3109 710 3178 jugulans;
746 3108 1208 3179 manifestamque
1239 3110 1381 3179 apud
1410 3109 1731 3176 Dominum,
1759 3110 2015 3180 superio-

425 3215 545 3257 rem
572 3201 712 3271 legis
736 3202 1117 3271 acceptionem
1154 3202 1376 3272 corpori
1402 3201 1892 3273 indulgentiorem,
1918 3217 2018 3273 per

427 3293 833 3353 confessionem
867 3292 1095 3349 faciens.
1145 3294 1260 3349 Hoc
1313 3295 1461 3349 enim
1509 3293 1776 3350 studiosis
1833 3309 2020 3350 rerum

429 3383 849 3456 indagatoribus
870 3401 937 3440 ex
976 3386 1084 3441 illis
1106 3386 1292 3442 verbis
1334 3387 1643 3458 intelligere
1689 3387 1855 3442 liceat
1891 3404 1905 3441 :
1940 3385 2023 3442 Ad

428 3474 593 3531 solem
621 3493 885 3544 exponere
906 3488 1029 3533 ante
1054 3478 1361 3533 Dominum.
1387 3479 1454 3532 Et
1478 3480 1548 3532 ad
1574 3478 1739 3533 solem
1771 3496 2022 3551 exposue-

432 3575 558 3628 runt
586 3584 694 3635 eos,
728 3569 928 3639 inquit,
961 3571 1017 3625 in
1044 3580 1217 3625 monte
1248 3581 1372 3626 ante
1394 3572 1681 3629 Dominum
1703 3574 1748 3605 “
1776 3591 1789 3627 :
1827 3589 2024 3643 nempe

371 3647 374 3651 ’
434 3661 491 3715 in
533 3660 713 3715 lucem
734 3662 1109 3731 producentes
1137 3665 1258 3734 (per
1295 3666 1584 3721 scientiam
1632 3660 1868 3735 scilicet)
1899 3680 2028 3735 qua:

438 3767 501 3806 rx
532 3751 731 3807 litterae
774 3754 990 3809 ratione
1021 3763 1107 3808 est
1162 3755 1353 3824 illique
1381 3755 1651 3822 adhaeret,
1696 3768 2025 3827 occupatam

435 3844 640 3900 erroris
676 3844 992 3914 Opinionem
1033 3863 1046 3899 :
1080 3846 1228 3916 quod
1271 3857 1358 3903 est
1393 3855 1703 3903 emortuam
1761 3848 1897 3918 legis
1936 3848 2027 3902 lit-

2111 2015 2360 2085 ῥέουσαν,
2398 2011 2745 2067 ἀποκτείνειν
2787 2009 2878 2064 διὰ
2906 2010 3010 2080 τῆς
3048 2008 3290 2079 φυσικῆς
3327 2007 3591 2076 θεωρίας,
3625 2006 3698 2069 ὡς

2109 2104 2169 2158 ὲν
2194 2103 2314 2173 ὄρει
2344 2101 2422 2173 τῷ
2445 2100 2572 2171 ὕψει
2593 2102 2694 2173 τῆς
2720 2097 3001 2170 γνώσεως,
3022 2101 3151 2163 τοὺς
3180 2096 3290 2152 τῶν
3312 2096 3478 2151 θείων
3500 2097 3698 2167 ἐπιμε-

2112 2195 2281 2267 λητὰς
2317 2193 2629 2266 θεαμάτων.

2182 2368 2288 2444 λη’.
2329 2370 2433 2424 Τὸν
2490 2368 2807 2440 σωματικὸν
2855 2368 2980 2423 νοῦν
3020 2367 3124 2438 τῆς
3162 2366 3393 2438 Γραφῆς
3445 2360 3702 2432 ἀφανίζει

2116 2461 2418 2528 παντελῶς,
2457 2460 2487 2513 ὁ
2517 2459 2719 2532 πράξει
2744 2460 2834 2514 διὰ
2859 2459 2960 2529 τῆς
3008 2457 3246 2528 φυσιής
3290 2454 3528 2527 θεωρίας
3572 2454 3703 2507 ἀπο-

2117 2554 2347 2609 κτείνων
2384 2552 2484 2626 τὴν
2525 2551 2828 2623 γενομένην
2860 2552 2924 2604 ὲκ
2954 2549 3048 2604 τοῦ
3077 2548 3323 2619 γραπτοῦ
3346 2548 3541 2617 νόμου.
3574 2545 3706 2615 πρὸς

2114 2643 2212 2715 τὴν
2233 2644 2467 2696 ἄστατον
2491 2641 2626 2713 ὓλην
2656 2642 2751 2696 καὶ
2803 2642 3036 2719 ῥέουσαν
3087 2642 3154 2711 τῇ
3213 2638 3361 2709 ψυχῇ
3423 2637 3706 2707 φιλήδονον

2116 2730 2305 2802 σχέσιν
2355 2731 2450 2784 καὶ
2505 2722 2907 2801 φιλοσώματον,
2958 2728 3358 2797 κατασφάττων
3412 2726 3494 2789 ὡς
3541 2727 3705 2778 τέκνα

2117 2820 2212 2874 τοῦ
2246 2819 2421 2874 Σαοὺλ
2447 2817 2542 2873 καὶ
2602 2819 2821 2887 ἔκγονα,
2866 2817 2964 2890 τὴν
3010 2817 3349 2888 χαμαίζηλον
3394 2815 3490 2869 τοῦ
3549 2815 3708 2885 νόμον

2117 2912 2382 2974 διάνοιαν,
2420 2909 2510 2965 διὰ
2555 2911 2729 2983 μέσης
2774 2910 2878 2980 τῆς
2924 2910 3165 2980 φυσικῆς
3219 2908 3477 2977 θεωρίας,
3531 2907 3604 2969 ὡς
3654 2907 3709 2957 ἐν

2120 2999 2238 3071 ὄρει
2280 2998 2358 3070 τῷ
2397 2996 2524 3069 ὕψει
2561 2998 2660 3070 τῆς
2685 2997 2964 3067 γνώσεως,
2991 2998 3086 3050 καὶ
3112 2995 3356 3066 φανεράν
3382 2995 3710 3060 ποιούμενος

2125 3091 2359 3147 ἐνώπιον
2425 3089 2655 3163 Κυρίου,
2718 3089 2786 3143 δι’
2836 3089 3281 3159 ἐξομολογήσεως
3330 3087 3558 3158 δηλαδὴ,
3617 3086 3711 3156 τὴν

2124 3181 2258 3255 πρὸς
2293 3181 2453 3253 σῶμα
2498 3177 2594 3233 τοῦ
2624 3179 2791 3250 νόμου
2822 3176 3093 3248 προτέραν
3132 3176 3380 3246 ἐκδοχὴν.
3411 3174 3587 3228 Τοῦτο
3608 3176 3713 3245 γὰρ

2122 3275 2221 3340 τὺ,
2289 3272 2635 3341 Ἐξηλιάσαι
2661 3310 2677 3339 ,
2736 3268 2979 3347 νοεῖσθαι
3027 3267 3252 3322 δύναται
3299 3269 3415 3331 τοῖς
3476 3266 3711 3336 φιλομα-

2126 3367 2298 3434 θέσιν,
2345 3367 2551 3421 ἔναντι
2624 3363 2871 3432 Κυρίου.
2905 3362 3018 3417 Καὶ
3075 3360 3415 3429 ἐξηλιάοάν
3467 3359 3711 3424 αὐτοὺς,

2128 3457 2393 3530 φησ“ιν,ἐν
2427 3456 2508 3524 τῷ
2538 3456 2659 3527 ὄρει
2695 3459 2903 3512 ἔναντι
2931 3454 3152 3522 Κυρίου
3178 3468 3193 3484 °
3235 3454 3314 3514 εἰς
3345 3450 3460 3520 φῶς
3489 3451 3714 3518 ἀγαγόν-

2130 3567 2246 3616 τες,
2294 3549 2385 3603 διὰ
2422 3551 2523 3620 τῆς
2550 3546 2807 3617 γνώσεως
2835 3544 3059 3617 δηλαδὴ,
3090 3543 3187 3612 τὴν
3223 3541 3369 3595 κατὰ
3392 3541 3455 3593 τὸ
3483 3540 3714 3610 γράμμα

2129 3640 2560 3710 πεπλανημένην
2624 3635 2896 3710 πρόληψιν
2933 3652 2946 3667 ·
3005 3636 3145 3705 ὅπερ
3205 3632 3348 3695 ἐστὶ,
3405 3628 3712 3701 φανερῶσαι

2130 3735 2272 3795 κατὰ
2305 3734 2365 3787 τὸ
2397 3731 2531 3803 ὕψος
2557 3731 2657 3802 τῆς
2684 3729 2915 3798 θεωρίας
2948 3727 3010 3782 τὸ
3034 3727 3271 3799 γράμμα
3294 3723 3389 3778 τοῦ
3428 3723 3599 3793 νόμον
3630 3737 3714 3774 νε-

2130 3825 2262 3897 κρὸν
2293 3822 2386 3879 διὰ
2405 3822 2506 3893 τῆς
2540 3822 2599 3875 ὲν
2623 3820 2899 3891 πνεύματι
2923 3816 3197 3887 γνώσεως.

439 3943 612 3990 teram
668 3951 770 4005 per
826 3936 1117 3992 scientiam
1205 3938 1261 3993 in
1314 3939 1515 4008 spiritu
1557 3940 1638 4010 (in
1689 3940 2031 3998 sublimitate
2136 3963 2145 3972 ·

439 4027 861 4098 speculationis)
887 4029 1267 4087 manifestare.

456 4156 462 4161 -
510 4118 603 4175 59.
641 4118 868 4187 Littera,
904 4121 1104 4192 inquit,
1136 4122 1359 4188 occidit;
1389 4123 1607 4193 spiritus
1651 4131 1832 4177 autem
1862 4120 2033 4189 viviﬁ-

442 4218 528 4265 σαι
546 4212 612 4267 ³³.
643 4211 1015 4279 Quamobrem
1046 4214 1237 4270 cuiita
1266 4220 1648 4284 comparatum
1677 4223 1763 4270 est
1785 4224 1847 4269 ut
1877 4213 2033 4268 occi-

445 4300 558 4367 dat,
617 4303 907 4360 occidatur
958 4319 1190 4361 necesse
1243 4315 1329 4362 est
1371 4305 1595 4361 viviﬁco
1647 4306 1871 4377 spiritu.
1910 4307 2031 4363 Una

445 4394 595 4449 eriim
627 4393 791 4449 simul
815 4394 870 4448 in
894 4403 1023 4449 actu
1043 4395 1335 4462 exsistere,
1362 4396 1511 4466 quod
1534 4396 2034 4468 legiscorporeum

2202 4114 2302 4170 10'.
2346 4113 2415 4169 Τὸ
2438 4113 2693 4184 malum,
2718 4108 2906 4179 φησὶν,
2937 4105 3280 4161 ἀποκτείνει
3309 4119 3323 4133 ·
3344 4101 3416 4158 τὸ
3436 4100 3506 4155 δὲ
3538 4098 3715 4154 πνεῦ-

2128 4226 2214 4279 μα
2241 4206 2528 4271 ζωοποιεῖ.
2555 4205 2648 4257 Διὸ
2669 4202 2778 4275 χρὴ
2825 4202 2886 4255 τί,
2920 4198 3263 4256 ἀποκτείνειν
3293 4194 3560 4279 πεφυκὸς,
3593 4194 3717 4246 ἁπο-

2136 4276 2446 4355 κτείνεσθαι
2492 4296 2765 4365 πνεύματι
2825 4290 3095 4362 ζωοποιῷ.
3168 4276 3551 4358 Συνυπάρχειν
3616 4283 3717 4353 γὰρ

2135 4392 2389 4463 ἀλλήλοις
2403 4391 2523 4445 κατ’
2559 4388 2842 4458 ἐνέργειαν
2865 4387 2984 4455 ἅμα
3005 4382 3147 4438 κατὰ
3165 4381 3226 4434 τὸ
3240 4378 3379 4434 αὐτὸ
3398 4378 3462 4431 τὸ
3487 4391 3716 4446 σωματι-

446 4493 534 4541 eat
568 4493 626 4540 et
647 4486 793 4555 quod
824 4485 1073 4542 divinum
1096 4463 1618 4558 (litteram—scilicet
1661 4498 1720 4544 et
1752 4463 2025 4559 spiritum]

2144 4484 2239 4537 κὸν
2268 4481 2364 4536 τοῦ
2403 4480 2571 4552 νόμου
2620 4478 2716 4533 καὶ
2745 4476 2811 4529 τὸ
2842 4475 3008 4535 θεῖον,
3050 4473 3217 4543 ἤγουν
3240 4470 3319 4523 ςτὺ
3367 4468 3604 4561 γράμμα
3627 4463 3716 4517 καὶ

448 4576 674 4634 omnino
727 4576 843 4633 ﬁeri
879 4594 990 4632 non
1044 4587 1267 4648 potest:
1310 4581 1463 4650 quod
1498 4596 1679 4651 neque
1726 4581 2040 4637 consentire

450 4669 707 4735 habeant,
738 4670 886 4740 quod
919 4680 1116 4727 natura
1155 4673 1321 4727 vitam
1352 4658 1580 4743 praebet,
1628 4684 1686 4728 et
1727 4673 1876 4744 quod
1917 4686 2040 4729 eam

452 4768 633 4830 potest
661 4760 920 4817 adimere.

524 4852 614 4907 £0.
647 4853 724 4913 Ea
764 4853 820 4908 vi
870 4854 1103 4924 spiritus
1149 4854 1418 4924 praadilus
1447 4863 1554 4920 est,
1582 4865 1644 4917 ut
1689 4853 1859 4910 vitam
1907 4870 2047 4924 prae-

454 4945 615 5011 beat;
652 4945 835 5002 littera
863 4961 998 5001 vero
1021 4986 1037 5011 ,
1076 4955 1139 5001 ut
1167 4961 1288 5002 eam
1332 4947 1560 5003 adimat.
1606 4946 1726 5001 Non
1762 4961 1893 5018 ergo
1928 4944 2046 5000 ﬁeri

455 5047 657 5107 potest,
690 5048 753 5094 ut
784 5037 950 5093 simul
998 5039 1182 5093 littera
1211 5054 1274 5093 ac
1290 5038 1521 5109 Spiritus
1562 5038 1673 5091 vim
1721 5045 1951 5092 exorant
1984 5049 2049 5091 ac

456 5137 797 5199 operentur,
830 5131 912 5185 uti
961 5144 1144 5200 neque
1185 5139 1247 5195 ut
1275 5129 1425 5199 quod
1479 5126 1760 5183 vivilicum
1810 5124 2046 5197 etquod

459 5218 740 5275 letiferum
765 5228 852 5275 est
874 5235 985 5276 una
1018 5220 1309 5279 exsistant.

532 5373 579 5406 '°
614 5373 661 5429 ll
692 5373 830 5446 Reg.
864 5390 975 5439 xxi,
1010 5374 1036 5428 1
1071 5389 1225 5444 seqq.

540 5508 616 5593 (ει)
648 5506 955 5593 "narrar.
977 5506 1126 5593 κατὰ
1160 5506 1278 5593 ,τεδη
1297 5506 1467 5593 «ne
1491 5503 2049 5593 990(133'193’5‘12‘3

473 5570 820 5661 philosophia
846 5575 1052 5661 optime
1086 5577 1287 5661 extulit
1313 5570 1605 5661 Maximus,
1631 5588 1742 5661 non
1767 5570 2053 5661 Apossens‘ic

474 5640 752 5704 eontraria
778 5640 1086 5703 secundum
1117 5646 1287 5709 idem,
1316 5645 1373 5699 id
1404 5656 1511 5710 est,
1560 5644 1725 5700 simul
1759 5640 1817 5697 et
1856 5640 2050 5705 semel,

472 5715 971 5789 eodemquegquasi
1006 5731 1238 5789 munere
1264 5729 1427 5789 agere
1448 5755 1462 5779 ,
1517 5716 1741 5789 vimque
1767 5725 2052 5789 exercere,

480 5782 718 5860 quorum
750 5782 1011 5852 alterum,
1038 5786 1200 5856 vitae;
1238 5782 1496 5853 alterum,
1532 5782 1872 5842 interitionis
1904 5795 2053 5836 mor—

2141 4573 2203 4629 τὸ
2239 4573 2483 4644 πνεῦμα,
2531 4566 2814 4630 παντελῶς
2844 4566 3129 4637 ἀμήχανον
3156 4579 3171 4595 ·
3200 4563 3286 4615 ὃτι
3329 4558 3465 4629 μηδὲ
3497 4572 3715 4625 συμφωο

2143 4667 2253 4720 νεῖν
2301 4664 2516 4733 πέφυκε
2552 4660 2632 4731 τῷ
2666 4655 3029 4732 παρεχομένῳ
3067 4653 3215 4708 κατὰ
3260 4652 3424 4720 φύσιν
3466 4648 3626 4717 ζωὴν,
3663 4644 3717 4699 τὸ

2142 4754 2349 4823 ταύτην
2397 4750 2752 4822 ἀφαιρεῖσθαι
2786 4747 3108 4816 δυνάμενον.

2221 4845 2299 4918 μ’,
2327 4845 2400 4898 Τὸ
2434 4843 2534 4915 μὲν
2560 4839 2800 4910 πνεῦμα,
2855 4836 3000 4907 ζωῆς
3054 4834 3292 4905 ὑπάρχει
3339 4825 3711 4918 παρεκτικὸνς

2143 4912 2308 4994 σεδ-δὲ
2345 4912 2603 5007 γράμμα,
2641 4931 2790 5001 ζωῆς
2823 4931 2972 4982 ἐστιν
3005 4922 3385 4996 ἁφαιρετικόν.
3427 4916 3631 4973 Οὐκοῦν

2144 5003 2371 5085 δύναται
2388 5003 2584 5081 *καὶτὸ
2611 5024 2852 5095 γράμμα
2876 5020 3140 5091 πράττειν
3177 5014 3322 5069 κατὰ
3368 5013 3429 5066 τὸ
3476 5008 3605 5064 αὐτὸ
3647 5003 3714 5075 (d)

2147 5120 2242 5175 καὶ
2275 5118 2336 5172 τδ
2376 5115 2616 5187 πνεῦμα,
2649 5112 2842 5183 ὥσπερ
2879 5109 3002 5165 οὐδὲ
3045 5106 3105 5161 τὸ
3136 5103 3401 5169 ζωοποιὸν
3430 5100 3506 5171 τῷ
3533 5098 3716 5169 φθορο-

2147 5209 2286 5282 ποιῷ
2317 5207 2704 5278 συνυπάρχειν.

1303 5373 1345 5405 ⁸¹
1383 5371 1521 5427 ibid.
1553 5369 1605 5426 9.
1685 5370 1731 5402 ⁵²
1757 5369 1807 5425 ll
1826 5367 1954 5424 Cor.
1986 5382 2065 5430 ιιι,
2097 5367 2152 5421 7.

2147 5497 2330 5566 tisque
2354 5501 2551 5566 auctor
2564 5489 2867 5554 exsistant;
2888 5486 3050 5566 valde
3076 5475 3612 5566 ἀφιλοσᾴφωςῬίςιιε
3624 5471 3716 5566 1Y3:

2152 5546 2324 5566 ‘--1“'
2358 5546 2408 5549 ἡὴ
2440 5546 2475 5549 vr
2856 5546 2866 5554 '
2931 5560 2942 5571 ι
3127 5546 3139 5553 '
3281 5546 3341 5564 ι’.

2151 5574 2347 5649 queunt
2366 5565 2509 5649 circa
2517 5564 2871 5649 544N291
2885 5558 3193 5649 Messi.
3203 5546 3716 5649 ﬁeriﬁiﬂl'ifﬁi

2153 5614 2638 5707 inﬁmitatem
2646 5614 2877 5707 mgevssen
2885 5629 2976 5707 tia;
3002 5641 3070 5682 ac
3092 5614 3325 5707 rationis
3336 5614 3582 5707 negatio;
3589 5614 3716 5707 _S‘II‘I.I3

2155 5692 2305 5761 certe
2348 5704 2441 5760 illa
2482 5702 2634 5757 circa
2660 5699 2831 5766 idem,
2863 5698 2961 5755 sed
2988 5712 3101 5753 non
3132 5692 3318 5758 simul,
3351 5692 3449 5746 sed
3474 5699 3634 5743 unum
3657 5693 3713 5736 ea

2156 5778 2266 5832 alio
2290 5782 2347 5832 et
2375 5771 2751 5830 successione.
