4060 6406
389 377 530 443 λ3δ5

382 564 510 633 περὶ
530 563 631 632 τὴν
653 562 978 615 επείσακτον
1017 563 1231 629 γένεσιν
1282 563 1350 632 (ε)
1391 564 1654 632 σχέσεως,
1701 563 1967 632 παντελὴς

385 654 745 724 περιαίρεσις.
783 654 1035 716 Φυσικῶς
1072 655 1179 725 γὰρ
1213 656 1601 719 ἐπιϐάλλοντες
1632 659 1746 719 τοῖς
1786 656 1967 725 πράγ-

388 765 575 818 μασιν,
637 746 865 816 οἴδαμεν
926 746 1002 809 ὡς
1053 748 1154 800 οὐκ
1205 747 1321 800 ἐστι
1374 748 1718 818 τελειότηςὴ
1762 739 1861 818 τῆς
1905 749 1969 801 ὲκ

383 835 518 888 Θεοῦ
573 835 718 888 κατὰ
780 834 943 900 φύσιν
994 835 1313 906 ἀρτιότητος
1355 837 1720 906 περιαίρεσις.
1750 837 1823 888 Οὐ
1861 835 1968 904 γὰρ

385 929 528 981 ποιεῖ
553 926 867 995 τελειότητα
898 926 1060 994 φύσις
1081 926 1169 978 διὰ
1195 926 1393 996 τέχνης
1430 926 1824 998 κολοϐουμένη,
1873 926 1970 979 καὶ

383 1020 472 1072 διὰ
505 1018 808 1088 περινοίας.
837 1017 1206 1087 ἀποτιθεμένη
1252 1018 1314 1070 τὸ
1361 1018 1562 1087 προσὸν
1611 1019 1746 1089 αὐτῇ
1787 1017 1970 1072 θεόθεν

387 1110 706 1176 κατὰλόγον
746 1107 1134 1180 δημιουργίας,
1177 1108 1263 1162 ἵνα
1305 1108 1380 1179 μὴ
1421 1109 1519 1176 τὴν
1566 1109 1782 1179 τέχνην,
1835 1109 1970 1162 Θεοῦ

387 1201 525 1271 πρὸς
559 1201 859 1274 βεῆαίωσιν,
877 1200 1224 1272 δικαιοσύνης
1257 1203 1612 1272 ἰσχυροτέραν
1637 1203 1969 1272 εἰσάγωμεν,

387 1294 483 1346 καί
518 1293 616 1363 τὴν
648 1293 1114 1364 περινενοημένην
1143 1295 1242 1362 τῆς
1279 1295 1498 1360 φύσεως
1539 1291 1800 1363 ἔλλειψιν,
1844 1295 1969 1346 ἀναο

387 1383 744 1453 πληρωτικὴν
787 1383 1078 1453 ποιώμεθα
1116 1383 1214 1450 τῆς
1265 1383 1324 1435 ὲν
1347 1381 1662 1453 δικαιοσύνῃ
1704 1383 1847 1436 κατὰ
1876 1382 1974 1451 δη-

390 1473 681 1544 μιουργίαν
715 1473 1008 1543 ἐλλείψεως
1045 1491 1058 1506 °
1098 1475 1213 1527 ἀλλ’
1245 1475 1311 1528 ὲκ
1344 1477 1444 1543 τῆς
1476 1473 1711 1540 τοπικῆς
1739 1471 1850 1544 [τιτι.
1883 1471 1972 1538 ὓ5,

384 1563 600 1634 τυπικ.]
632 1564 725 1616 τοῦ
759 1565 1226 1636 περιτεμνομένου
1255 1567 1445 1636 μορίου
1469 1566 1691 1629 θέσεως,
1713 1564 1977 1617 διδασκὼ-

390 1657 530 1726 μεθα
570 1657 844 1710 ποιεῖσθαι
886 1657 1182 1728 γνωμικῶς
1228 1656 1378 1728 [ίὸίιί.
1417 1655 1645 1727 γνωστ.]
1686 1655 1784 1726 τὴν
1809 1673 1971 1726 περι-

385 1749 560 1818 τομὴν
593 1749 691 1818 τῆς
713 1750 856 1803 κατά
891 1749 1071 1820 ψυχὴν
1105 1748 1697 1820 ὲμπαθοῦςδιαθέσεως
1720 1764 1736 1780 ο
1766 1748 1886 1802 καθ’
1912 1748 1977 1817 ἦν

391 1842 594 1910 μᾶλλον
615 1844 680 1912 τῇ
707 1843 867 1911 φύσει
895 1841 1210 1912 συντρέχειν
1239 1843 1270 1911 ἡ
1294 1843 1486 1911 γνώμη
1521 1839 1864 1912 ῥυθμίζεται,
1886 1839 1979 1894 τὸν

389 1932 612 2002 ἐμπαθῆ
642 1935 742 2003 τῆς
780 1933 1078 2003 ἐπικτήτου
1099 1933 1366 1999 γενέσεως
1395 1933 1558 2000 νόμον
1584 1929 1975 2000 διορθουμένη.

1100 381 1433 441 CAPITUM
1474 377 1900 453 QUINQUIES
1939 373 2461 440 CENTENORUM
2503 374 2892 437 CENTURIA
2931 374 2996 436 V.

455 476 566 538 μα’.
585 469 858 539 Περιτομή
878 470 989 522 ἐστι
1012 471 1271 540 μυστικὴ,
1287 472 1380 541 τῆς
1397 469 1677 540 ὲμπαθοῦς
1691 469 1969 523 κατᾶνοῦν
2005 472 2041 528 Α

2144 470 2234 522 41.
2267 466 2492 538 Mystica
2525 462 2878 518 circumcisio
2911 467 3028 523 est,
3084 456 3246 526 plena
3292 469 3356 508 ac
3405 452 3660 507 absoluta

2074 559 2385 614 libidinosae
2407 555 2609 611 mentis
2630 553 2939 608 affectionis
2962 565 3090 620 erga
3115 546 3482 603 adventitium
3501 559 3665 614 gene-

2075 652 2306 707 rationis
2333 659 2522 705 ortum
2552 645 2875 717 amputatio.
2912 643 3129 699 Scimus
3161 640 3310 696 enim
3332 635 3660 693 naturaliter

2074 745 2318 800 animum
2341 743 2508 799 rebus
2544 739 2890 801 adhibentes,
2915 753 3022 791 non
3047 735 3102 788 in
3133 750 3200 789 eo
3217 733 3449 804 positam
3486 726 3666 799 perfe-

2075 837 2337 900 ctionem,
2376 843 2436 889 ut
2477 831 2768 895 naturalis,
2802 843 2924 899 quae
2952 842 3021 882 ex
3059 825 3170 880 Deo
3203 833 3291 878 est
3315 865 3328 886 ,
3373 819 3664 890 integritas

2075 922 2379 978 auferatur.
2408 921 2529 976 Non
2554 920 2703 975 enim
2725 927 2924 972 natura
2948 932 3045 985 per
3069 922 3240 969 artem
3269 913 3518 966 mutilata
3542 925 3667 979 per-

2079 1013 2377 1069 fectionem
2421 1011 2783 1076 nauciscitur,
2816 1007 3118 1076 subtilique
3163 1005 3384 1058 invento
3411 1017 3477 1055 eo
3506 1009 3662 1053 trun-
3689 1041 3691 1044 .

2075 1112 2216 1170 cata,
2242 1104 2390 1174 quod
2421 1120 2516 1174 per
2547 1103 2816 1158 rationem
2842 1099 3140 1155 crcationis
3170 1095 3334 1167 620
3360 1094 3436 1147 illi
3463 1093 3666 1146 divini-

2078 1205 2166 1250 tus
2197 1196 2360 1262 inest,
2386 1211 2457 1250 ne
2479 1193 2547 1248 ad
2559 1193 2788 1266 justitiaa
2814 1191 3006 1256 robur,
3029 1196 3202 1242 artem
3230 1187 3342 1240 Deo
3377 1184 3662 1238 fortiorem

2077 1288 2433 1353 inducamus;
2474 1286 2942 1352 adinventumquc
2978 1292 3190 1336 natura:
3234 1277 3530 1338 defectum,
3567 1274 3665 1328 dc-

2077 1380 2253 1434 fcctus
2271 1378 2495 1450 justitiae
2514 1393 2580 1431 ex
2604 1376 2882 1432 creatione
2907 1374 3350 1444 supplementum
3372 1367 3666 1421 faciamus:

2078 1473 2174 1528 sed
2226 1487 2324 1542 per
2368 1455 2602 1525 membri
2659 1470 2779 1539 ejus
2809 1466 2955 1538 quod
2983 1461 3402 1520 circumciditur
3438 1457 3668 1512 localcm

2080 1566 2267 1629 situm,
2295 1561 2798 1618 circumcidendam
2832 1557 3034 1614 mentis
3063 1554 3294 1611 arbitrio
3317 1551 3667 1606 libidinosam

2080 1657 2248 1711 animi
2297 1655 2646 1711 affectionem
2706 1653 3010 1717 discimus;
3065 1649 3225 1720 cujus
3290 1642 3706 1715 amputatione'

2081 1749 2432 1819 componitur
2475 1747 2712 1811 animus,
2743 1753 2802 1799 ut
2844 1739 3188 1799 emendanda
3240 1736 3467 1794 ascititii
3516 1743 3673 1798 ortus

2087 1839 2460 1910 generationis
2491 1836 2785 1891 libidinosa
2813 1835 2953 1904 lege,
2988 1848 3113 1888 cum
3142 1839 3341 1885 natura
3386 1826 3570 1898 potius
3612 1838 3675 1877 ac

2086 1931 2166 1985 illi
2199 1945 2382 1985 comes
2415 1929 2570 1983 malit
2617 1941 2969 1982 concurrere.

465 2022 572 2092 μβ’.
606 2025 842 2077 Φυσικὸν
862 2026 895 2094 ἡ
921 2023 1278 2094 ἀκροϐυστία.
1315 2024 1432 2076 Πᾶν
1462 2023 1519 2075 δὲ
1543 2023 1793 2090 φυσικὸν,
1826 2021 1980 2083 ,θείας

2153 2023 2243 2076 42.
2301 2020 2638 2092 Praeputium
2699 2019 2830 2090 quid
2887 2017 3141 2072 naturale
3181 2007 3314 2070 est.
3381 2007 3669 2079 Quidquid

389 2115 556 2186 ἔργον
588 2117 954 2188 δημιουργίας
993 2117 1131 2180 ἐστι,
1172 2117 1265 2167 καὶ
1300 2116 1420 2169 λίαν
1475 2115 1662 2179 καλὸν,
1715 2113 1858 2166 κατά
1890 2114 1986 2182 τὴν

392 2210 712 2278 φάσκουσαν
747 2210 935 2280 φωνήν
963 2225 976 2239 ⁸
1028 2209 1138 2264 Καὶ
1171 2205 1332 2263 εἶδεν
1370 2211 1402 2262 ό
1449 2208 1596 2274 Θεὸς
1642 2206 1842 2260 πάντα
1875 2205 1991 2259 ὅσα

391 2299 667 2366 ἐποίησε,
699 2300 799 2352 καὶ
839 2299 972 2353 ἰδοὺ
1005 2300 1165 2381 κα.ίᾴ
1197 2298 1357 2352 λίαν.
1405 2298 1462 2350 '0
1483 2298 1538 2350 δὲ
1568 2298 1728 2366 νόμος
1759 2294 1832 2356 ὼς
1858 2294 1993 2347 ἀκά-

393 2392 593 2462 θαρτον
633 2391 1040 2463 περιαιρεῖσθαι
1085 2390 1327 2444 κελεύων
1364 2390 1462 2460 τὴν
1499 2388 1868 2460 ἀκροϐυστίαν
1902 2385 1990 2440 διὰ

394 2485 722 2554 περιτομῆς,
749 2484 841 2537 τὸν
869 2484 1002 2537 Θεὸν
1040 2484 1270 2552 εἰσάγει,
1301 2483 1390 2535 διὰ
1431 2482 1633 2552 τέχνης
1675 2481 1733 2533 τὸ
1776 2481 1983 2533 οἰκεῖον

393 2574 781 2646 διορθούμενον
832 2574 1024 2646 ἔργον,
1064 2575 1202 2646 ὅπερ
1234 2575 1337 2628 κᾶν
1373 2576 1574 2627 ἐννοεῖν
1604 2572 1988 2624 ἀσεΰέστατον.

396 2668 609 2722 Οὐκοῦν
645 2669 674 2720 ὁ
695 2669 809 2730 τοῖς
851 2667 1143 2736 συμϐόλοις
1164 2666 1258 2719 τοῦ
1286 2669 1454 2735 νόμου
1482 2663 1730 2732 φυσικῶς
1761 2662 1991 2715 emas).-

395 2765 528 2831 λων,
564 2758 706 2817 οἶδεν
726 2765 800 2826 ὡς
830 2765 891 2817 οὐ
926 2765 1025 2834 τὴν
1057 2764 1219 2831 φύσιν
1279 2767 1306 2815 ό
1357 2761 1489 2824 Θεὸς
1549 2757 1856 2830 διορθοῦται
1902 2755 1992 2810 διὰ

395 2856 501 2925 τῆς
536 2856 755 2925 τέχνης,
787 2855 926 2909 ἀλλὰ
955 2856 1018 2908 τὸ
1054 2853 1334 2915 anmatos;
1368 2851 1513 2921 λόγῳ
1545 2852 1643 2920 τῆς
1668 2848 1849 2918 ψυχῆς
1880 2864 1989 2899 πα·

399 2949 626 3016 θητικὸν
664 2947 1093 3017 περιτέμνεσθαι
1139 2943 1372 3008 κελεύει,
1411 2941 1591 2995 etate
1620 2939 1715 2993 τοῦ
1748 2954 1993 3009 σωματι-

400 3040 501 3091 κοῦ
535 3039 725 3109 μορίου
765 3037 1015 3100 τυπικῶς
1062 3037 1413 3108 δηλούμενον,
1455 3035 1590 3104 ὅπερ
1645 3031 1848 3100 γνῶσις
1905 3029 1993 3082 διὰ

399 3128 500 3195 τῆς
531 3127 670 3179 κατὰ
708 3126 908 3196 πρᾶξιν
955 3126 1200 3196 ἀνδρίας,
1246 3127 1343 3196 τῆς
1375 3123 1601 3192 γνώμης
1635 3116 1995 3173 ἀποτίθεσθαι

402 3219 668 3286 πέφυκεν.
717 3219 774 3270 '0
820 3219 928 3287 γὰρ
971 3217 1320 3288 περιτέμνων
1355 3215 1556 3283 ἱερεὺς.
1606 3209 1861 3281 σημαίνει
1895 3207 1996 3277 τὴν

402 3311 608 3378 γνῶσιν
636 3349 649 3373 ,
718 3309 816 3380 τὴν
868 3309 1099 3379 ἔχουσαν
1145 3308 1400 3377 καθάπερ
1453 3305 1672 3372 σίδηρον
1712 3300 1854 3354 κατὰ
1900 3298 1994 3351 τοῦ

2091 2123 2273 2170 autem
2320 2123 2405 2169 est
2430 2113 2706 2178 naturale,
2732 2112 2931 2167 divina:
2979 2108 3278 2165 crcationis
3305 2121 3444 2176 opus
3468 2110 3572 2166 est,
3613 2116 3675 2154 ac

2089 2207 2250 2262 valde
2278 2207 2510 2270 bonum,
2538 2205 2690 2275 juxta
2722 2219 2914 2258 vocem
2944 2216 3066 2271 qute
3109 2199 3187 2254 ait
3218 2215 3232 2253 :
3269 2198 3336 2252 Et
3376 2196 3506 2250 vidit
3536 2193 3675 2248 Dens

2091 2307 2281 2353 cuncta
2304 2313 2422 2368 quae
2453 2299 2668 2368 fecerat,
2693 2304 2739 2350 et
2765 2311 2877 2348 ecce
2903 2293 3056 2348 valde
3086 2293 3222 2346 bona
3238 2291 3304 2343 ⁸³.
3350 2288 3457 2342 Lex
3494 2293 3675 2339 autem

2093 2391 2226 2446 dum
2255 2386 2700 2446 circumcisionis
2735 2388 2843 2442 ritu
2878 2385 3210 2457 praeputium
3243 2381 3397 2437 velut
3434 2381 3675 2434 immun—

2092 2485 2222 2539 dum
2249 2482 2526 2553 amputari
2553 2481 2733 2552 jubet,
2779 2479 2951 2533 Deum
2997 2473 3301 2530 introducit
3344 2468 3481 2525 artis
3510 2481 3676 2536 opera

2093 2591 2233 2645 opus
2261 2591 2421 2630 suum
2439 2573 2814 2642 corrigentem
2845 2588 2858 2623 :
2885 2569 3032 2639 quod
3057 2563 3408 2637 quidem,vel
3439 2560 3675 2631 cogitatu

2095 2667 2484 2738 impiissimum
2513 2673 2618 2720 est.
2651 2665 2754 2731 Qui
2789 2665 2960 2735 igitur
2997 2661 3134 2730 legis
3165 2655 3430 2730 symbolis
3480 2658 3676 2706 natura

2094 2758 2235 2812 duce
2267 2757 2505 2812 attendit
2533 2756 2802 2816 animum,
2837 2769 2947 2807 non
2983 2748 3279 2805 emendare
3301 2746 3472 2800 Deum
3515 2747 3679 2794 natu—

2094 2864 2211 2903 ram
2239 2849 2375 2903 artis
2401 2863 2504 2917 ope
2527 2846 2814 2916 intelligit;
2844 2843 2940 2898 sed
2969 2841 3288 2912 praecipere,
3319 2844 3379 2889 ut
3397 2831 3680 2904 patibilem

2095 2937 2267 2993 animi
2293 2936 2608 2992 facultatem
2638 2934 2839 2989 rationi
2875 2932 3278 2999 obsequentem
3310 2919 3680 2978 circumcida-

2097 3045 2242 3094 mus,
2261 3043 2381 3097 quae
2412 3026 2624 3080 scilicet
2649 3023 2954 3093 corporalis
2975 3017 3209 3074 membri
3231 3016 3404 3085 figura
3431 3011 3686 3080 designe-

2101 3131 2226 3186 tur;
2253 3134 2416 3189 quam
2446 3118 2641 3187 utique
2665 3115 2920 3175 scientia,
2949 3110 3110 3166 fortis
3143 3106 3378 3163 actionis
3399 3104 3473 3167 vi,
3499 3101 3685 3155 animo

2099 3215 2342 3284 abjicere
2370 3211 2556 3265 habet.
2585 3205 3006 3264 Circumcide’ns
3019 3202 3167 3257 enim
3193 3196 3471 3260 sacerdos,
3504 3193 3686 3248 scien-

2101 3307 2236 3359 tiam
2291 3300 2610 3372 significat,
2677 3299 2831 3353 velut
2899 3295 3048 3349 ferro
3107 3292 3374 3347 adversus
3426 3287 3686 3342 affectum

404 3401 638 3467 πάθους,
669 3399 767 3469 τὴν
807 3399 900 3452 τοῦ
938 3399 1100 3467 λόγου
1157 3401 1302 3453 κατὰ
1351 3398 1449 3467 τὴν
1497 3395 1697 3465 πρᾶξιν
1750 3389 1992 3460 ἀνδρίαν.

2103 3396 2413 3462 vitiumque
2437 3407 2532 3447 seu
2559 3388 3054 3460 perturbationem,
3080 3382 3207 3437 forti
3233 3379 3470 3434 actionis
3496 3376 3689 3445 vigore

419 3493 770 3559 Ἀφανίζεται
810 3492 917 3561 γὰρ
955 3495 986 3561 ἡ
1022 3491 1119 3544 τοῦ
1199 3489 1366 3560 νόμου
1417 3487 1750 3558 παράδοσις,
1810 3482 2002 3534 πλεονο

403 3584 694 3648 εκτοῦντος
716 3585 776 3636 τὸ
804 3585 1038 3655 γράμμα
1066 3584 1158 3637 τοῦ
1184 3583 1510 3653 πνεύματος.

488 3683 598 3746 μγ’.
643 3679 715 3730 Τὸ
741 3677 1045 3740 Σάϐϐατον,
1091 3675 1282 3729 παθῶν
1327 3677 1443 3726 ἐστι
1481 3673 1578 3726 καὶ
1606 3672 1704 3747 ποῇς
1742 3669 1872 3739 περὶ
1902 3667 2002 3740 τὴν

411 3771 580 3840 φύσιν
609 3769 719 3822 τῶν
746 3771 918 3822 ὄντων
947 3767 1040 3821 τοῦ
1101 3766 1193 3820 νοῦ
1241 3767 1511 3836 κινήσεως
1570 3763 1880 3824 ἀν’ἀπαυσις
1908 3778 1922 3792 ·
1968 3759 2000 3829 ἢ

408 3860 599 3914 τελεία
634 3859 822 3912 παθῶν
851 3858 1115 3929 ἀπραξία,
1149 3857 1244 3910 καὶ
1268 3856 1366 3925 τῆς
1396 3853 1523 3924 περὶ
1553 3851 1620 3905 τὰ
1653 3849 2003 3920 πεποιημένα

411 3952 678 4021 καθολικὴ
701 3949 794 4003 τοῦ
819 3950 908 4002 νοῦ
939 3949 1119 4003 παύλα
1155 3948 1442 4016 κινήσεως,
1475 3945 1569 3997 καὶ
1597 3943 1734 4012 πρὸς
1758 3942 1818 3994 τὸ
1847 3941 2003 3993 Θεῖον

409 4040 595 4093 τελεία
649 4038 898 4101 διάϐασις
926 4053 938 4066 ’
988 4039 1044 4089 ὲν
1169 4035 1259 4086 τὸν
1287 4032 1354 4086 δι’
1393 4033 1596 4102 ἀρετῆς
1624 4031 1719 4083 καὶ
1750 4028 2005 4098 γνώσεως

413 4131 559 4186 κατὰ
605 4129 666 4182 τὸ
720 4127 938 4197 θεμιτὸν
988 4127 1342 4196 ἀφικόμενον,
1376 4124 1435 4176 ού
1476 4124 1557 4176 δεῖ
1582 4121 1839 4189 καθάπερ
1871 4118 2004 4182 ξύλα

414 4223 516 4293 τὴν
553 4221 765 4275 οίανοῦν
801 4219 1084 4282 παντελῶς
1116 4217 1250 4287 ὕλην
1293 4213 1595 4284 ἐξαπτικὴν
1649 4211 2004 4282 ἐνθυμεῖσθαι

412 4314 630 4378 παθῶν,
657 4313 779 4367 οὕτε
838 4314 944 4383 μὴν
998 4313 1213 4382 φύσεως
1273 4310 1601 4380 τοπαράπαν
1645 4307 2006 4374 ἀναλέγεσθαι

414 4409 633 4476 λόγους,
664 4401 750 4458 ἵνα
792 4405 867 4476 μὴ
914 4404 1147 4457 πάθεσιν
1198 4403 1481 4469 ἡδόμενον,
1527 4401 1560 4469 ἢ
1604 4399 1820 4467 φύσεως
1861 4400 2007 4468 ὅροις

421 4497 821 4568 μετρούμενον,
847 4498 989 4549 κατά
1023 4495 1150 4557 τοὺς
1181 4494 1446 4563 ’Έλληνας
1469 4492 1560 4544 τὸν
1591 4491 1724 4543 Θεὸν
1753 4489 2008 4560 δογματί-

421 4591 604 4660 ζωμεν
630 4607 641 4619 ’
672 4591 903 4660 ὃνπερή
942 4588 1124 4640 τελεία
1161 4586 1295 4657 μόνη
1330 4585 1571 4655 κέκραγε
1616 4583 1766 4654 σιγὴ,
1822 4583 1916 4637 καὶ
1966 4585 1999 4653 ἡ

419 4683 691 4752 παντελὴς
715 4683 835 4737 καθ’
865 4681 1139 4750 ὑπεροχὴν
1177 4679 1421 4744 ἀγνωσία
1468 4679 1766 4747 παρίστησι
1798 4676 1882 4746 (Ῑ).

2106 3489 2456 3542 instructam.
2490 3482 2759 3536 Aboletur
2773 3477 2920 3533 enim
2943 3473 3249 3546 corporalis
3275 3469 3411 3539 legis
3437 3465 3685 3528 traditio,

2103 3593 2168 3632 ea
2201 3576 2414 3630 ratione
2445 3571 2592 3642 quod
2621 3569 2850 3639 spiritus
2877 3567 3075 3621 litterae
3098 3561 3375 3633 praevalet.

2176 3669 2265 3726 45.
2292 3666 2614 3726 Sabbatum,
2640 3662 2936 3716 atfcctuum
2969 3665 3054 3712 est
3082 3673 3145 3711 ac
3169 3650 3649 3726 perturbationum
3671 3688 3686 3711 ,

2105 3768 2400 3826 motusque
2450 3753 2620 3810 animi
2675 3752 2826 3807 circa
2877 3763 3060 3804 rerum
3113 3753 3368 3800 naturam
3421 3741 3580 3811 quies
3635 3748 3692 3793 et

2104 3850 2339 3907 cessatio
2367 3865 2380 3902 :
2406 3853 2500 3901 aut
2528 3845 2824 3901 affectuum
2852 3839 3446 3911 perturbationumquc
3478 3831 3692 3887 sedatio

2104 3950 2161 3997 et
2187 3939 2409 4001 inertia,
2445 3932 2886 4002 universalisquc
2914 3929 3083 3984 animi
3102 3935 3286 3982 motus
3313 3926 3460 3980 circa
3482 3939 3548 3977 ea
3573 3937 3694 3991 qua:

2105 4031 2330 4087 condita
2361 4035 2510 4091 sunt,
2547 4026 2670 4079 linis
2704 4023 2950 4094 atquein
2979 4021 3152 4076 Deum
3201 4017 3480 4088 perfectus
3510 4024 3691 4068 trans-

2108 4125 2218 4178 itus
2247 4139 2262 4176 :
2298 4122 2353 4176 in
2375 4134 2540 4190 quem
2571 4117 2666 4188 qui
2696 4117 2906 4171 virtute
2943 4129 3009 4169 ac
3033 4106 3287 4174 scicntia,
3335 4107 3516 4178 quoad
3540 4106 3691 4168 licet,

2108 4213 2368 4276 evaserit,
2401 4221 2595 4267 caveat
2639 4222 2868 4264 necesse
2901 4213 3005 4271 est,
3054 4220 3123 4282 ne
3157 4212 3419 4272 tanquam
3451 4198 3600 4270 ligna
3625 4197 3692 4258 5‘,

2113 4309 2278 4362 ullam
2342 4318 2574 4375 prorsus
2635 4301 2922 4356 materiam
2973 4298 3158 4352 animo
3214 4291 3523 4363 concipiat,
3575 4305 3740 4358 quat,

2109 4397 2402 4453 affectibus
2418 4411 2482 4449 ac
2498 4390 3012 4464 perturbationibus
3032 4388 3274 4442 fomento
3304 4384 3409 4450 sit;
3439 4389 3496 4436 at
3518 4395 3697 4450 neque

2111 4490 2340 4545 omnino
2396 4495 2610 4541 natura:
2666 4485 2912 4538 rationes
2969 4481 3223 4551 colligat,
3279 4494 3349 4531 ne
3380 4475 3696 4531 ercorum

2114 4595 2290 4645 more,
2317 4581 2513 4645 Deum,
2538 4578 2624 4632 vel
2655 4575 2950 4632 all'ectibus
2973 4572 3329 4643 gaudentem,
3368 4567 3456 4621 vel
3485 4573 3698 4619 natura:

2117 4672 2373 4728 terminis
2420 4683 2804 4726 commensum
2854 4671 3192 4721 statuamus:
3237 4674 3403 4731 quem
3453 4655 3698 4728 perfecta

417 4775 599 4830 solum
627 4773 834 4828 silentii
860 4773 1108 4827 clamitat
1125 4771 1316 4841 religio
1337 4769 1405 4834 ⁵³,
1430 4784 1494 4823 ac
1516 4769 1679 4838 plena
1700 4767 2008 4823 secundum
2047 4764 2430 4821 excellentiam
2464 4758 2775 4834 ignorantia
2804 4763 3184 4828 repraasentat.

498 4935 543 4964 ⁸³
573 4932 708 4988 Gen.
743 4949 801 4995 ιι,
835 4930 924 4984 ⁸51.
1002 4928 1046 4960 ⁵⁸
1083 4929 1246 4981 Num.
1281 4944 1371 4988 xv,
1405 4927 1493 4980 5:2.

1573 4925 1618 4957 ⁵⁸
1654 4925 1796 4979 Psal.
1836 4940 1978 4990 LXIV,
2012 4925 2066 4978 2.

501 5075 570 5144 (ε)
612 5076 746 5139 Περὶ
803 5073 919 5138 τὴν
975 5071 1356 5145 ἐπείσακτος
1387 5065 1651 5145 γένεσιν.
1686 5065 1992 5145 Necessarii

2117 5071 2400 5145 peccante.
2419 5059 2590 5145 .Quod
2619 5061 2696 5122 τὸ,
2715 5053 3024 5145 ,γνωμικῶς
3060 5050 3359 5145 (quomodo
3387 5048 3696 5145 faciendam

428 5135 699 5201 restituta
718 5159 821 5196 vox
855 5135 921 5196 ex
948 5156 1079 5194 mss.
1107 5155 1230 5209 quae
1269 5137 1436 5192 editis
1470 5136 1682 5209 deerat,
1715 5145 1779 5209 et
1808 5135 2010 5204 repeti-

429 5228 524 5272 tur
551 5216 604 5268 in
636 5214 740 5267 line
767 5212 986 5281 capitis.
1005 5207 1293 5265 Non‘enim
1315 5209 1462 5281 circa
1480 5207 1703 5281 γένεσιν
1733 5207 2007 5281 absolute,

427 5289 513 5343 sic
564 5276 861 5339 libidinosa
887 5290 1139 5336 versatur
1181 5280 1384 5334 mentis
1435 5277 1690 5339 affectio,
1738 5276 1834 5331 sed
1863 5277 2010 5331 circa

391 5359 646 5426 ,γένεσιν
700 5355 1048 5426 ἐπείσακτον,
1086 5366 1210 5419 qute
1242 5365 1310 5403 ex
1343 5356 1570 5426 peccato
1598 5347 1822 5402 advenit
1847 5355 2011 5400 natu-

427 5418 528 5490 rae,
558 5435 614 5480 et
637 5440 799 5493 quam
826 5418 1238 5477 Maximus’non
1268 5434 1402 5493 raro
1417 5418 1668 5493 γέννησιν
1689 5425 2011 5493 vocat,_0p-

429 5487 702 5568 ponitque
753 5495 818 5568 τῇ
843 5493 1056 5568 γενέσει
1075 5507 1106 5568 ’Δ
1123 5491 1339 5568 quzesit
1361 5489 1594 5568 simplex
1623 5487 1938 5568 procreatio
1957 5496 2014 5540 et

432 5557 629 5628 ortus;
648 5557 826 5633 qualis
857 5557 900 5616 'a
945 5564 1058 5617 Deo
1082 5557 1273 5633 Adami
1307 5560 1430 5623 fuit,
1464 5557 1693 5633 nonqui
1723 5557 2012 5633 brutorum

437 5626 1003 5690 more—commistione
1035 5631 1309 5686 seminum
1356 5645 1420 5684 ac
1468 5628 1700 5682 libidine
1744 5627 1800 5681 in
1851 5626 2014 5684 nobis

439 5707 533 5770 lit;
560 5704 706 5774 quod
743 5704 942 5774 passim
988 5701 1256 5757 Maximus
1299 5709 1422 5774 post
1449 5698 1592 5768 Greg
1630 5697 1794 5774 _Nyss_.
1828 5711 1894 5751 ac
1915 5711 2011 5750 su-

442 5766 690 5848 periores
745 5766 1037 5842 theologos
1095 5781 1257 5841 negat
1300 5766 1582 5824 'futurum—
1630 5766 1856 5822 heroine
1902 5782 2012 5822 non

2116 5121 2601 5190 circumcisionem
2645 5121 2967 5197 spiritalem
2994 5121 3228 5197 acgvere
3263 5121 3375 5174 Deo
3417 5126 3698 5197 acceptam

2116 5187 2306 5258 monet
2331 5199 2622 5269 Maximus)
2649 5187 2776 5253 s'cite
2817 5195 3018 5250 reddit.
3061 5193 3245 5269 Picus,
3278 5207 3389 5269 non
3413 5190 3556 5269 satis
3589 5187 3701 5269 sci-

2117 5284 2259 5337 tum,
2291 5284 2367 5328 est
2391 5259 2914 5336 animofvoluntate,
2949 5280 3014 5320 ac
3033 5262 3181 5333 quod
3235 5260 3474 5324 reddidi,
3513 5259 3702 5314 mentis

2117 5345 2337 5399 arbitrio
2353 5384 2368 5406 ,
2403 5342 2687 5410 animique
2705 5337 2999 5410 sententia.

2189 5414 2252 5484 (Γ)
2297 5400 2694 5484 ῚῙπαντελὴς
2742 5409 2872 5484 ,τίφθ’
2895 5402 3210 5484 ὺῗτερρχὴν
3243 5400 3527 5484 ᾀγνωσξρ
3549 5411 3701 5465 παρ,

2117 5469 2351 5552 ίο-ἰίήσι.
2383 5483 2537 5538 lstud
2566 5469 2900 5552 ex'mysticaa
2923 5469 3211 5552 theologiae
3236 5469 3358 5552 sinu
3384 5469 3618 5552 petitum
3635 5481 3700 5548 ac

2121 5537 2403 5625 bionvsio,
2437 5568 2549 5622 quo
2579 5537 2882 5625 eminentia
2933 5537 3185 5625 quaedam
3229 5537 3476 5625 scientiae
3493 5537 3702 5625 divini-

2123 5607 2520 5681 tus—concessa
2550 5635 2717 5690 supra
2748 5607 3049 5690 humanam
3081 5614 3416 5690 denotatur;
3450 5608 3531 5664 uti
3562 5617 3620 5690 et
3648 5607 3699 5661 in

2120 5678 2207 5750 eo~
2238 5678 2386 5765 quod
2420 5678 2652 5749 stultum
2683 5689 2779 5765 Dei
2817 5681 3435 5765 nqminatpbeminep‘s‘
3451 5678 3699 5756 quantam

2122 5745 2620 5836 emathiam
2653 5756 2953 5830 sapientia;
3006 5755 3086 5810 uti
3105 5745 3308 5811 Paulus
3351 5745 3524 5807 ICo‘r.
3550 5765 3588 5814 ι,
3619 5745 3699 5801 si-
