4060 6432
402 336 541 407 i369

1113 341 1447 405 CAPITUM
1481 345 1906 419 QUINQUIES
1943 346 2468 408 CENTENORUM
2503 348 2889 410 CENTURIA
2925 350 2996 409 V.

3526 345 3664 412 1370

399 452 583 523 φύσις,
611 454 909 525 ἀλλοιωτὴν
935 453 1047 525 ἔχει
1084 455 1185 527 τὴν
1210 457 1446 529 κίνησιν,
1476 458 1563 512 διὰ
1593 460 1690 530 τὴν
1731 460 1825 511 τοῦ
1886 459 1980 512 κό-

2091 461 2153 519 ob
2207 460 2401 515 mundi
2458 462 2701 530 quietem
2755 461 2989 529 ﬁnitam,
3057 461 3436 534 temporisque
3499 464 3661 518 altam

402 561 543 615 σμου
564 548 993 617 πεπερασμένην
1030 550 1239 614 στάσιν,
1266 551 1359 603 καὶ
1385 550 1484 621 τὴν
1515 551 1637 604 καθ’
1664 552 1978 622 ὲτεροίωσιν

399 635 494 690 τοῦ
522 636 716 708 χρόνου
740 639 911 709 φοράν
932 654 945 668 ⁸
976 640 1033 692 ὲν
1063 640 1120 693 δὲ
1152 639 1231 713 τῷ
1268 641 1388 713 Θεῷ
1417 644 1699 715 γινομένη,
1746 643 1833 696 διὰ
1879 646 1980 707 τὴν

401 733 634 804 φυσικὴν
679 734 774 802 τοῦ
820 736 879 788 ὲν
917 728 961 803 ᾧ
996 736 1188 805 γέγονε
1234 739 1460 807 μονάδα,
1498 739 1688 792 στάσιν
1721 738 1981 809 ἀκίνητον

401 818 534 884 ἕξει.
560 878 561 881 η
588 824 683 881 καὶ
735 825 1000 892 στάσιμον
1045 826 1485 897 ταυτοκινησίαν,
1532 826 1661 897 περὶ
1694 825 1755 879 τὸ
1787 826 1983 879 ταυτὸν

402 915 495 973 καὶ
543 913 603 971 ἒν
637 918 724 973 καὶ
786 917 970 987 μόνον,
1017 918 1205 982 ἀϊδίως
1244 920 1561 992 γινομένην,
1633 920 1700 993 ἢν
1751 916 1894 975 οἶδεν
1949 921 1979 977 ὁ

400 1005 561 1075 λόγος
595 1007 670 1078 (Ιι)
711 1009 919 1081 ἄμεσον
959 1007 1098 1067 εἶναι
1149 1014 1282 1084 περὶ
1312 1014 1372 1069 τὸ
1406 1015 1623 1085 πρῶτον
1647 1016 1840 1077 αίτιον,
1869 1012 1979 1071 τῶν

400 1095 462 1163 ἐξ
488 1100 653 1153 αὐτοῦ
682 1104 1072 1174 πεποιημένων
1105 1106 1332 1176 μόνιμον
1360 1106 1569 1176 ἵδρυσιν
1595 1110 1635 1162 '.

2082 563 2245 621 atque
2275 552 2436 607 aliam
2468 552 2755 614 lationem.
2808 563 2868 607 ut
2912 568 2982 609 ex
3019 553 3144 610 aliis
3187 554 3325 609 alias
3369 553 3665 624 qualitates

2084 644 2360 709 immutct,
2401 652 2613 698 motum
2651 644 2921 717 ejusmodi
2972 645 3157 711 habet,
3185 661 3351 716 quem
3396 646 3662 701 varianti-

2081 736 2187 790 bus
2217 736 2576 806 qualitatibus
2600 750 2824 790 sensum
2851 736 3242 803 aiﬁcientibus,
3278 737 3663 791 alterationem

2082 838 2299 885 vocant.
2332 830 2429 886 Ubi
2461 839 2646 884 autem
2670 829 2727 883 in
2750 829 2925 885 Deum
2949 828 3307 894 concesserit,
3338 829 3409 883 ob
3438 840 3666 887 natura-

2082 921 2191 977 lem
2223 923 2343 993 ejus
2382 923 2437 976 in
2482 937 2593 992 quo
2642 930 2747 985 est,
2785 921 3077 986 unitatem,
3114 920 3437 990 sempiterni
3481 927 3667 974 motus

2084 1014 2324 1087 quietem
2387 1012 2635 1078 habebit,
2693 1012 3054 1085 ejusdemque
3095 1021 3278 1067 motus
3326 1013 3473 1067 circa
3520 1012 3665 1066 idem

2087 1120 2370 1176 unumque
2402 1120 2469 1160 ac
2497 1105 2678 1159 solum
2727 1101 3064 1174 sempiterne
3108 1104 3382 1158 versantis
3412 1114 3669 1159 constan-

402 1193 534 1251 tiam
577 1210 741 1264 quam
783 1193 1069 1266 Scriptura
1108 1196 1504 1262 immediatatn,
1550 1197 1697 1252 circa
1747 1194 1983 1269 primam
2016 1208 2261 1260 causam,
2302 1209 2497 1251 eorum
2527 1210 2650 1266 quae
2677 1209 2746 1249 ex
2769 1193 2861 1248 illa
2926 1202 3079 1260 sunt,
3138 1194 3393 1253 stabilem
3428 1195 3669 1251 mansio-

402 1299 530 1338 nem
569 1283 867 1354 sedemque
898 1301 1097 1340 vocare
1127 1286 1436 1341 consuevit.

475 1377 582 1448 μθ¹.
646 1379 964 1451 Μυστήριόν
1018 1383 1134 1436 ἐστι
1186 1382 1587 1452 Πεντηκοστῆς,
1633 1385 1667 1455 ἡ
1711 1383 1847 1454 πρὸς
1884 1383 1980 1453 τὴν

402 1471 668 1542 Πρόνοιαν
683 1473 889 1543 ἄμεσος
922 1473 1030 1526 τῶν
1055 1476 1471 1545 προνοουμένων
1501 1477 1697 1539 ἓνωσις
1714 1495 1731 1508 ο
1759 1477 1926 1548 ἦγουν
1947 1477 1982 1548 ἡ

402 1564 541 1635 πρὸς
570 1563 661 1617 τὸν
687 1564 844 1631 λόγον
872 1565 1015 1620 κατὰ
1043 1567 1141 1638 τὴν
1164 1568 1265 1637 τῆς
1297 1569 1566 1639 Προνοίας
1607 1570 1848 1624 ἐπίνοιαν
1884 1570 1983 1638 τῆς

2159 1382 2248 1443 49.
2281 1382 2640 1439 Pentecostes
2673 1383 3024 1455 mysterium,
3058 1393 3143 1439 est
3182 1381 3502 1439 immediata
3539 1385 3673 1440 unio

2089 1489 2214 1529 cum
2248 1474 2603 1531 Providentia
2635 1491 2828 1530 eorum
2860 1476 2955 1548 qui
2980 1474 3335 1531 Providentia
3368 1485 3670 1546 reguntur;

2090 1567 2143 1623 id
2168 1576 2272 1633 est,
2297 1577 2508 1624 natura:
2532 1584 2660 1623 cum
2686 1568 2925 1635 ratione,
2967 1566 3273 1623 secundum
3304 1565 3675 1623 Providentia:

403 1656 620 1727 φύσεως
662 1658 879 1723 ἓνωσις,
936 1661 1057 1714 καθ’
1090 1662 1157 1732 ἢν
1200 1662 1435 1732 οὐδεμία
1484 1662 1813 1732 τοπαράπαν
1865 1660 1985 1714 ἐστὶ

2091 1667 2455 1729 conceptum,
2517 1660 2837 1730 copulatio;
2901 1659 3207 1716 secundum
3286 1672 3451 1728 quam
3525 1658 3677 1712 nulla

403 1750 596 1821 χρόνον
655 1751 750 1804 καὶ
796 1755 1066 1820 γενέσεως
1104 1752 1365 1823 ἔμφασις.
1418 1755 1661 1823 Σάλπιγξ
1708 1755 1765 1811 δὲ
1824 1754 1987 1808 πάλιν

2092 1767 2320 1824 prorsus
2347 1752 2635 1822 temporis,
2675 1762 2944 1824 ortusque
2971 1751 3346 1824 generationis
3373 1759 3553 1806 exstat
3590 1766 3679 1806 re-

404 1842 562 1913 ijquw
585 1844 737 1899 ἔστιν
758 1846 787 1899 ὁ
814 1845 992 1913 λόγος,
1015 1845 1092 1910 ὼς
1120 1847 1220 1910 τὰς
1258 1847 1407 1911 θείας
1436 1848 1530 1902 καὶ
1551 1849 1828 1920 ἀρῤήτους
1857 1849 1987 1919 ἡμῖν

404 1935 769 2007 ἑνηχούμενος
796 1936 1060 2005 γνώσεις*
1096 1938 1325 2010 ίλασμὸς
1361 1939 1441 2004 δὲ,
1482 1940 1559 2004 ὼς
1608 1942 1667 1994 ὲν
1700 1940 1879 2013 ἑαυτῷ
1917 1940 1987 1993 τὰ

404 2024 672 2097 ἡμέτερα,
717 2026 837 2080 καθ’
869 2029 1018 2097 ἡμᾶς
1039 2028 1348 2098 γενόμενος,
1380 2028 1612 2083 διαλύων
1643 2030 1983 2101 ἐγκλήματα·

405 2117 501 2171 καὶ
522 2120 589 2188 τῇ
620 2120 802 2190 δωρεᾷ
828 2122 926 2190 τῆς
960 2120 1183 2190 χάριτος
1216 2110 1276 2174 ἓν
1310 2120 1602 2191 πνεύματι,
1658 2121 1758 2192 τὴν
1801 2123 1984 2192 ἀμαρ-

402 2210 650 2281 τήσασαν
689 2207 851 2278 φύσιν
889 2210 1187 2264 θεοποιῶνο
1251 2212 1601 2284 σκηνοπηγία
1639 2214 1720 2278 δὲ,
1763 2213 1842 2276 ὡς
1888 2214 1988 2284 τῆς

403 2298 565 2370 ἡμῶν
593 2300 735 2357 κατὰ
762 2300 862 2369 τὴν
888 2300 1223 2372 θεομίμητον
1252 2299 1365 2368 ἕξιν
1387 2302 1515 2372 περὶ
1546 2302 1608 2355 τὸ
1636 2301 1801 2355 καλὸν
1825 2304 1989 2373 ἀτρει-

400 2392 535 2462 ψιας
560 2392 779 2462 πρᾶξις,
803 2394 897 2449 καὶ
923 2394 952 2447 ὁ
971 2394 1073 2464 τῆς
1096 2393 1233 2466 πρὸς
1250 2393 1550 2455 ἀθανασίαν
1574 2395 1988 2465 μεταποιήσεως

407 2483 724 2547 συνεκτικὸς
756 2483 975 2555 δεσμός.

474 2670 541 2721 ν’.
582 2663 642 2719 '0
666 2663 849 2735 ψιλαῖς
886 2664 1007 2728 ταῖς
1059 2661 1310 2734 ὲναίμοις
1356 2662 1561 2739 χαίρων
1589 2660 1823 2726 θυσίαις,
1858 2660 1988 2731 περὶ

402 2757 475 2810 τὰ
507 2756 656 2826 πάθη
684 2755 1002 2820 σπουδάζειν
1027 2754 1103 2819 ὡς
1133 2754 1389 2824 ἐμπαθὴς
1414 2753 1822 2826 παρασκευάζει
1860 2753 1988 2815 τοὺς

406 2847 661 2911 θύοντας.
691 2846 840 2899 Φιλεί
886 2845 996 2916 γὰρ
1038 2845 1253 2915 χαίρειν
1293 2845 1354 2897 τὸ
1380 2844 1623 2915 γνησίως
1669 2842 1857 2906 σέϐον,
1905 2836 1988 2905 οἷς

404 2940 584 3011 χαίρει
629 2941 691 2992 τὸ
749 2937 1247 3009 προσκυνούμενον.
1297 2937 1459 2991 Ὅθεν
1520 2935 1713 3001 θυσίας
1758 2931 1899 2990 οίδεν
1958 2936 1988 2989 ὁ

407 3031 592 3101 λόγος,
621 3028 720 3100 τὴν
742 3028 852 3085 τῶν
878 3026 1066 3082 παθῶν
1103 3026 1304 3100 μᾶλλον
1332 3026 1697 3098 σφαγὴν,λκαὶ
1736 3025 1838 3097 τὴν
1880 3026 1989 3080 τῶν

403 3121 651 3193 φυσικῶν
678 3121 967 3192 δυνάμεων
994 3120 1396 3193 προσαγωγήνο
1423 3111 1520 3184 ὧν,
1549 3116 1645 3172 τοῦ
1673 3117 1772 3189 μὲν
1802 3116 1984 3184 λόγου,

402 3216 574 3280 τύπος
600 3215 747 3270 ἐστὶν
772 3216 801 3268 ό
837 3215 1020 3285 κριὸςο
1052 3212 1148 3266 τοῦ
1178 3214 1237 3267 δὲ
1266 3212 1441 3284 θυμοῦ
1474 3214 1630 3285 φέρει
1661 3211 1933 3282 σύμϐολον
1962 3212 1989 3264 ὁ

401 3308 635 3377 ταῦρος·
683 3307 783 3377 τῆς
813 3306 871 3360 δὲ
902 3288 1292 3376 ὲπιθυμίαςίή
1325 3305 1433 3372 ἀἲξ
1464 3306 1699 3376 ὑπάρχει
1731 3304 1986 3375 δήλωσις.

477 3481 579 3539 va'.
621 3481 824 3545 Θυσίας
872 3480 1253 3550 πνευματικὰς
1295 3472 1436 3531 εἶναι
1490 3475 1871 3546 γινώσκομεν,
1925 3477 1985 3531 οὐ

408 3575 575 3646 μόνον
628 3574 726 3643 τὴν
779 3572 886 3625 τῶν
929 3570 1116 3625 παθῶν
1165 3572 1434 3640 νέκρωσιν
1471 3568 1863 3638 σφαττομένων
1920 3570 1986 3638 τῇ

406 3667 656 3740 μαχαίρᾳ
681 3666 776 3719 τοῦ
812 3665 1141 3736 πνεύματος,
1188 3664 1325 3732 ὅπερ
1356 3662 1475 3715 ἐστὶ
1514 3662 1664 3731 ῥῆμα
1693 3660 1854 3726 Θεοῦ,
1896 3662 1989 3713 καὶ

404 3763 590 3829 πάσης
642 3761 741 3828 τῆς
776 3759 836 3812 ἐν
882 3757 1048 3828 σαρκὶ⁹
1093 3756 1258 3827 ζωῆς,
1309 3755 1383 3819 ὡς
1424 3755 1660 3824 αἵματος
1702 3753 1802 3823 τὴν
1846 3753 1990 3806 κατὰ

404 3853 670 3919 πρόθεσιν
698 3852 914 3921 κίνησιν
944 3852 1030 3919 (ἱ),
1060 3848 1197 3904 ἀλλὰ
1228 3848 1326 3902 καὶ
1353 3846 1461 3901 τῶν
1489 3845 1631 3899 κατὰ
1669 3843 1988 3913 φιλοσοφίαν

407 3944 580 4017 ἠθῶν,
617 3944 713 3997 καὶ
752 3941 947 3997 πασῶν
986 3940 1096 3994 τῶν
1135 3939 1280 3993 κατὰ
1314 3937 1476 4006 φύσιν
1507 3935 1791 4007 δυνάμεων
1822 3952 1989 4007 προσ-

401 4037 628 4110 αγωγὴν
647 4033 1056 4107 ἀφιερωμένων
1077 4032 1216 4103 Θεῷ,
1242 4032 1339 4085 καὶ
1357 4031 1435 4101 τῷ
1461 4028 1596 4102 πυρὶ
1620 4029 1720 4098 τῆς
1742 4030 1803 4080 ὲν
1822 4028 1988 4082 Πνεύο

407 4148 542 4203 ματι
603 4131 827 4201 χάριτος
874 4127 1015 4201 πρὸς
1062 4124 1163 4196 τὴν
1225 4124 1379 4181 θείαν
1445 4121 1601 4193 λῆξιν
1662 4119 1990 4179 ὁλοκαυτου-

407 4221 589 4295 μένων
624 4221 711 4295 υ).

481 4364 527 4397 ⁸⁷
561 4362 762 4433 Ephcs.
798 4375 873 4425 vt,
907 4359 993 4412 Π.

488 4501 744 4572 ‘Dionys.
777 4499 854 4554 De
881 4496 1074 4553 οωιεειί
1099 4497 1425 4553 Ιιίενσνειιία.

2087 1843 2461 1917 ρι-εεεειιιειίο.
2497 1844 2710 1900 Rursus
2740 1854 2923 1901 autem
2954 1844 3085 1900 tuba
3120 1853 3331 1908 nostra,
3363 1857 3548 1898 sermo
3569 1850 3674 1903 est.

2090 1943 2155 1989 ut
2177 1935 2271 2004 qui
2300 1934 2519 1991 divinas
2545 1944 2712 2006 atque
2745 1950 2972 1991 arcanas
2996 1934 3157 1990 nobis
3184 1934 3446 1989 scientias
3470 1949 3535 1990 ac
3571 1950 3674 1989 no-

2088 2027 2269 2081 tiones
2295 2026 2536 2082 insonet.
2578 2026 2906 2099 Propitiatio
2947 2042 3101 2090 vero,
3143 2034 3205 2082 ut
3238 2025 3333 2101 qui
3370 2026 3426 2079 in
3463 2025 3672 2095 seipso,

2088 2118 2250 2175 nobis
2280 2117 2481 2177 similis
2506 2119 2711 2183 factus,
2749 2126 2939 2174 nostra
2976 2119 3243 2174 dissolvat
3267 2117 3520 2183 erimina,
3553 2132 3676 2188 gra-

2088 2210 2288 2279 tiaeque
2338 2209 2484 2266 dono
2533 2210 2591 2264 in
2636 2209 2887 2279 Spiritu,
2943 2219 3200 2264 naturam
3255 2206 3469 2278 peccati
3521 2221 3675 2262 ream

2088 2299 2295 2357 deitate
2334 2299 2566 2354 imbuat.
2606 2298 2944 2369 Sceuopegia
2982 2299 3242 2368 denique,
3272 2306 3335 2351 ut
3375 2304 3577 2353 nostra:
3614 2296 3671 2353 in

2088 2392 2239 2447 bono
2268 2390 2760 2457 immutabilitatis,
2798 2390 2993 2445 habitu
3024 2390 3121 2445 Dei
3154 2390 3374 2453 aemulo,
3409 2389 3576 2455 actio,
3611 2404 3677 2446 ac

2090 2499 2198 2555 qua
2252 2483 2321 2539 ad
2369 2484 2842 2538 immortalitatem
2891 2491 3354 2547 transmutamur,
3396 2481 3678 2538 vinculum

2089 2590 2430 2632 conservans
2457 2590 2521 2630 ac
2541 2575 2858 2631 continens.

2162 2665 2255 2722 50.
2301 2665 2405 2731 Qui
2446 2665 2615 2721 nudis
2660 2665 2865 2735 gaudet
2911 2666 3164 2720 cruentis
3209 2665 3520 2730 sacriﬁciis,
3562 2673 3679 2722 tan-

2088 2774 2255 2829 quam
2305 2758 2603 2814 aﬁ‘ectibus
2647 2757 2765 2828 ipse
2807 2757 3031 2813 deditus
3070 2773 3136 2812 ac
3188 2759 3542 2822 libidinosus,
3584 2772 3682 2811 eos

2088 2850 2183 2920 qui
2227 2849 2541 2905 sacriﬁcant
2594 2858 2656 2904 ut
2709 2849 3001 2905 aﬁ'ectibus
3052 2849 3471 2918 itupendantur.
3523 2848 3680 2902 facit.

2090 2940 2268 2997 Verus
2315 2940 2467 2997 enim
2511 2941 2715 3004 cultor,
2764 2941 2832 2995 iis
2885 2940 3067 2997 libens
3102 2940 3429 3005 delectatur,
3478 2939 3684 3010 quibus

2017 3053 2061 3110 (ς
2093 3034 2313 3089 Numen
2370 3034 2578 3103 ipsum,
2632 3032 2781 3102 quod
2836 3032 2990 3088 colit.
3052 3032 3210 3090 Unde
3269 3033 3479 3087 hostias
3529 3032 3686 3087 novit

2098 3124 2405 3195 Scriptura,
2451 3125 2753 3179 affectuum
2790 3125 2982 3195 potius
3016 3123 3417 3195 jugulationem
3459 3132 3685 3177 natura-

2094 3212 2344 3283 liumque
2414 3212 2617 3267 virium
2680 3211 3055 3277 oblationem;
3115 3226 3384 3280 quarum,
3456 3210 3684 3267 rationis

2097 3302 2321 3371 quidem
2366 3300 2563 3372 ﬁgura,
2593 3302 2775 3367 aries;
2810 3300 2904 3356 irae
2952 3300 3287 3371 symbolum,
3326 3311 3517 3357 taurus
3542 3316 3685 3371 prte-

2095 3394 2235 3459 fert;
2272 3393 2618 3465 cupiditatis,
2641 3408 2807 3463 capra
2830 3392 3140 3464 symbolum
3161 3400 3267 3447 cst.

2165 3486 2255 3539 51.
2299 3485 2521 3543 Hostias
2561 3484 2844 3553 spiritales
2887 3499 3010 3539 esse
3053 3484 3334 3551 novimus,
3365 3498 3475 3537 non
3504 3483 3683 3539 solum

2095 3576 2245 3647 quod
2297 3576 2531 3631 aﬁ‘ectus
2581 3576 2760 3647 gladio
2821 3576 3075 3645 spiritus,
3122 3575 3271 3645 quod
3318 3583 3403 3630 est
3450 3574 3683 3629 verbum

2096 3667 2192 3724 Dei
2229 3669 2297 3731 ⁵⁷,
2336 3668 2642 3738 jugulando
2670 3667 3092 3733 mortiﬁcamus,
3133 3668 3420 3735 vitamque
3460 3680 3683 3719 omnem

2095 3760 2400 3824 carnalem,
2438 3760 2609 3815 instar
2645 3759 2952 3829 sanguinis,
2985 3758 3155 3812 animi
3189 3756 3474 3829 proposito
3498 3755 3685 3811 fundi-

2096 3864 2220 3904 mus
2246 3864 2310 3903 ac
2332 3849 2608 3915 libamus;
2643 3849 2739 3903 sed
2768 3849 2921 3918 quod
2960 3848 3130 3904 etiam
3163 3864 3350 3902 mores
3384 3863 3578 3902 omnes
3615 3863 3685 3902 ex

2095 3940 2467 4010 philosophiae
2493 3940 2808 3996 rationibus
2840 3940 3153 4004 institutos,
3194 3940 3455 4008 viresque
3490 3954 3686 3993 omnes

2095 4035 2380 4090 naturales
2419 4035 2532 4090 Deo
2569 4042 2941 4101 consecratas,
2984 4034 3223 4105 igneque
3278 4032 3521 4103 Spiritus
3553 4048 3682 4101 gra-

2097 4124 2209 4191 tim,
2271 4135 2331 4180 ut
2374 4126 2454 4181 illi
2501 4125 2557 4181 in
2597 4126 2871 4197 integrum
2911 4125 3134 4193 cedant,
3174 4125 3506 4185 holocausto
3543 4122 3683 4181 offn-

2098 4229 2301 4271 rimus.

486 4658 560 4731 (h)
591 4659 705 4713 Ἦν
726 4653 939 4731 οἶδεν-ό
972 4654 1357 4731 λόγοςέριιοό
1389 4657 1471 4714 sic
1495 4668 1655 4715 voeat
1694 4658 1984 4731 Maximus,

2091 4658 2405 4716 minimum.

406 4733 437 4785 δ
463 4726 936 4801 16?0;._nonip_sa
963 4742 1123 4801 sacra
1156 4726 1443 4801 scriptura
1495 4737 1602 4795 est,
1647 4730 1744 4784 sed
1789 4730 1990 4801 Diony-

408 4796 548 4865 sius,
584 4798 678 4868 qui
730 4798 812 4852 sie
841 4796 917 4871 {de
948 4796 1158 4871 angelis
1198 4796 1485 4871 loquitur;
1507 4808 1569 4853 ut
1596 4802 1759 4871 quasi
1785 4796 1989 4871 funda-

409 4880 523 4927 tam
572 4866 767 4923 corum
814 4868 962 4922 circa
1013 4867 1186 4921 Deum
1235 4866 1656 4925 collomtioneni
1700 4886 1767 4926 ac
1801 4870 1989 4925 sedem

408 4939 706 5011 signiﬁcet,
728 4954 862 5011 qua:
900 4938 1009 5011 erit
1027 4944 1083 4990 et
1106 4935 1401 5011 hominum
1426 4938 1747 5011 beatorum,
1788 4940 1992 5010 quibus

408 5007 705 5088 Pensipse
728 5007 883 5063 lucus
907 5008 1130 5088 iuturus
1158 5007 1269 5088 sit;
1299 5023 1497 5088 ex‘quo
1517 5010 1709 5075 etiam,
1728 5007 1993 5088 perennis

410 5082 503 5136 illa
536 5077 785 5150 ejusdem
809 5077 1253 5150 motusAquieset
1282 5077 1587 5144 stabilitas;
1616 5077 1746 5135 cuni
1768 5081 1825 5134 in
1856 5089 1996 5134 tem-

407 5147 711 5237 μοι-εζηςιιιο
739 5149 973 5237 agimus,
999 5147 1435 5237 ipsoaltera’nle,
1458 5150 1713 5237 jtigi's‘sit
1738 5151 1991 5237 mutatio.

483 5220 545 5290 (ὅ)
580 5217 700 5287 Τὴν
730 5217 884 5274 κάτά
928 5218 1220 5290 πρόθεσιν
1250 5217 1546 5290 primaut:
1571 5221 1754 5276 Etiam
1791 5230 1989 5289 quaest.

384 5287 505 5355 illa
528 5287 625 5354 ⁷65,
657 5304 782 5344 cum
829 5288 1187 5360 perspicuum
1218 5287 1293 5360 sit
1322 5287 1432 5360 leg.
1465 5288 1719 5360 κένωσιν,
1747 5287 1843 5344 seu
1874 5307 1991 5345 ma-

408 5360 498 5432 gis
518 5360 706 5428 χύσιν·
734 5358 839 5432 nec
879 5358 1175 5432 Maximum
1215 5358 1377 5432 aliter
1394 5358 1719 5432 scripsisse.
1766 5361 1842 5416 De
1866 5361 1993 5417 vitm

407 5427 563 5483 enim
587 5430 821 5484 carnalis
853 5428 1129 5500 sacriﬁcio
1157 5427 1790 5500 sanguinismetaphora
1809 5446 1994 5486 sermo

406 5507 516 5561 est,
544 5515 715 5568 quem
732 5500 906 5569 liquet
928 5515 1038 5553 non
1057 5497 1218 5553 aliter
1234 5497 1398 5569 quam
1423 5497 1689 5555 libatione
1707 5509 1764 5554 et
1777 5500 1995 5557 fusione

407 5570 623 5639 oll‘erri.
648 5570 798 5624 Nihil
825 5585 955 5639 ergo
986 5569 1056 5624 ad
1088 5584 1227 5631 rem,
1251 5568 1400 5638 quod
1434 5569 1507 5623 ita
1536 5570 1699 5639 Picus
1730 5570 1993 5636 reddidit,

408 5638 553 5693 velut
604 5638 1005 5694 commotionem
1040 5641 1338 5702 sanguinis,
1372 5649 1481 5696 etc.
1528 5638 1670 5694 Sane
1713 5641 1996 5695 cohaerent

409 5708 678 5780 νέκρωσις
701 5722 756 5764 ει
798 5713 1057 5774 κένωσις,
1110 5708 1348 5780 alterum
1382 5711 1436 5764 in
1465 5710 1805 5775 viventibus,
1855 5712 1996 5765 alte-

411 5778 538 5834 rum
559 5780 716 5851 quasi
744 5782 798 5837 in
826 5780 1070 5836 humidis
1100 5790 1155 5834 et
1189 5778 1521 5843 ﬂuentibus:
1555 5780 1790 5844 κίνησις,
1818 5797 1889 5837 ne
1910 5783 1994 5837 vel

2163 4732 2228 4801 (j)
2258 4732 2411 4798 Πρὸς
2450 4727 2567 4801 τὴν
2596 4729 2764 4801 θείαν
2793 4728 2980 4801 λῆξιν
3010 4728 3563 4801 ὁλοκαυτουμένων.
3607 4726 3680 4785 Ut

2090 4797 2219 4855 Deo
2247 4797 2377 4857 ιοίιεε
2414 4800 2615 4853 cedant
2662 4817 2677 4854 :
2732 4798 2850 4853 hzec
2885 4799 3033 4852 enim
3080 4797 3389 4854 holocausti
3421 4800 3584 4863 ratio,
3619 4807 3682 4852 ut

2089 4872 2276 4925 omnia
2305 4871 2418 4924 Deo
2455 4870 2809 4933 adoleantur,
2834 4870 3111 4937 nullaque
3136 4869 3222 4922 vel
3251 4868 3555 4924 sacerdotis
3590 4869 3679 4923 vel

2089 4941 2448 4995 oﬁ‘erentium
2498 4948 2684 5008 partes
2712 4939 2845 4992 ﬁant
2894 4956 2909 5003 ;
2945 4940 3255 5008 cujusmodi
3281 4940 3548 5008 Maximus
3574 4954 3678 5008 no-

2091 5021 2269 5066 strum
2315 5010 2407 5064 hic
2448 5007 2715 5064 describit
2752 5007 3108 5063 sacriﬁcium.
3165 5009 3262 5064 Est
3313 5009 3459 5063 enim
3501 5007 3678 5075 λῆξις,

2100 5080 2281 5151 μερίς,
2301 5081 2379 5151 uti
2413 5078 2616 5151 Suidas
2644 5078 2893 5151 exponit,
2930 5088 2985 5133 et
3007 5077 3157 5151 quod
3183 5079 3308 5151 quis
3328 5077 3676 5151 sortiturAei-

2097 5148 2206 5221 que
2230 5148 2476 5221 obtingit
2510 5148 2749 5221 acillius
2782 5149 2925 5219 juris
2953 5148 3214 5204 exsistit.’
3236 5149 3363 5204 Non
3389 5149 3537 5221 bene
3567 5148 3677 5201 ita-

2095 5219 2206 5290 que
2229 5220 2412 5282 Picus,
2448 5219 2518 5271 ad
2544 5219 2779 5274 divinam
2817 5227 3015 5273 sortem
3070 5219 3491 5290 consequendum
3518 5233 3537 5271 :
3565 5233 3678 5290 non

2094 5288 2247 5371 enim
2278 5290 2629 5371 adjunctum,
2663 5304 2813 5371 eum
2842 5304 3069 5370 sensum
3107 5288 3352 5371 patitur;
3388 5288 3495 5370 etsi
3539 5288 3677 5341 alias

2095 5360 2191 5415 illa
2223 5375 2331 5415 vox
2358 5359 2537 5429 ipsum
2563 5359 2850 5429 admittat;
2884 5359 3067 5428 sitque
3092 5375 3223 5415 vere
3260 5359 3405 5413 Deus
3433 5359 3549 5426 ipse
3574 5370 3677 5429 ηρ-

2092 5440 2212 5485 stra
2230 5425 2503 5497 ).ἧξις’,τὺ,
2525 5428 2747 5492 παῦσις,
2783 5429 2836 5483 id
2857 5437 2962 5493 est,
2978 5425 3293 5493 'hwredit‘as,
3322 5425 3675 5497 κληρονομία,

2094 5499 2217 5571 ipso
2247 5500 2419 5571 Snida
2466 5499 2801 5571 interprete;
2829 5499 3176 5571 dicimusque
3230 5506 3452 5571 sanctos
3500 5513 3681 5571 uexa-

2136 5571 2221 5624 ίαν
2248 5570 2423 5649 λῆξιν,
2460 5565 2665 5649 ’θεαί-ἀρ
2704 5569 2851 5649 series
2894 5565 3126 5649 adeptos
3181 5566 3488 5649 esse._.Nec
3530 5565 3676 5649 bene

2139 5636 2314 5695 ortus?
2338 5639 2477 5694 illud
2516 5638 2672 5694 Suid.
2705 5639 2882 5707 λῆξις,
2915 5636 3137 5701 παῦσις,
3176 5638 3419 5701 cessatio,
3451 5636 3677 5698 sedatio,

2095 5710 2325 5781 exponit
2358 5728 2368 5763 :
2399 5709 2597 5781 melius
2632 5710 2855 5779 requies,
2887 5725 3009 5781 qua:
3032 5708 3150 5779 ipsa
3198 5718 3428 5773 mterna,
3484 5714 3680 5763 nostra

2098 5780 2151 5834 in
2188 5782 2301 5836 Deo
2332 5780 2627 5836 hazreditas
2646 5789 2749 5835 est.
