4060 6406
507 331 636 394 13Ῐ1

503 533 651 602 lique
675 535 974 603 imperans,
1011 537 1298 591 naturales
1323 538 1512 608 abjirit
1541 541 1701 610 623
1742 543 1986 595 rationes
2015 543 2080 608 ⁵⁸,

502 627 835 678 naturalium
859 627 1181 682 facultatum
1205 630 1380 684 abusu
1401 646 1492 684 eas
1518 633 1744 686 abolens
1770 650 1833 688 ac
1857 651 2080 688 necans.

501 714 598 769 llic
621 718 767 770 enim
799 717 929 772 dum
959 720 1112 782 vivit,
1158 721 1248 790 qui
1283 724 1398 776 sola
1423 740 1589 777 carne
1622 724 1796 794 legem
1835 726 2080 790 deﬁniat,

501 810 780 864 naturales
808 812 1052 867 rationes
1085 829 1147 867 ae
1177 816 1542 883 cogitationes
1575 833 1766 871 revera
1807 821 2086 874 consumit

498 908 555 954 et
608 903 959 971 persequitur
1008 905 1324 974 perditque,
1373 908 1525 961 velut
1573 909 1788 962 scilicet
1841 910 2081 975 divinos,

498 990 960 1057 probrosissimos
989 995 1223 1048 affectus
1249 997 1437 1051 colens
1467 998 1511 1028 ⁵⁹
1541 1017 1554 1050 :
1591 1015 1730 1068 quos
1757 1001 1947 1069 utique
1989 1017 2085 1054 na-

503 1082 709 1135 turales
737 1084 999 1145 rationes,
1024 1101 1120 1154 per
1149 1088 1285 1156 legis
1312 1089 1542 1157 spiritus
1568 1091 1765 1144 factam
1796 1093 1877 1145 eis
1907 1093 2082 1147 licen-

501 1172 650 1231 tiam.
686 1173 741 1227 in
778 1191 945 1229 unum
978 1191 1170 1232 omnes
1202 1178 1530 1234 interimunt
1564 1196 1626 1234 ac
1649 1192 1870 1237 necant.

571 1369 658 1424 55.
702 1371 896 1426 Statim
923 1389 986 1428 ac
1013 1376 1212 1446 aliquis
1245 1378 1507 1433 virtutum
1534 1379 1941 1449 philosophiam
1982 1398 2084 1436 ra-

502 1463 650 1518 tione
689 1464 911 1530 obierit,
947 1466 1359 1538 Scripturarum
1393 1486 1612 1540 quoque
1639 1488 1862 1526 sensum
1893 1473 1947 1526 in
1968 1473 2082 1542 spi-

500 1556 667 1609 ritum
726 1567 924 1613 natura
982 1564 1283 1626 transtulit,
1339 1573 1400 1617 ut
1451 1563 1506 1617 in
1563 1565 1806 1619 novitate
1856 1567 2083 1635 spiritus

501 1650 680 1717 reipsa
709 1667 808 1720 per
827 1653 1082 1706 sublimia
1117 1671 1277 1709 sensa
1315 1657 1427 1710 Deo
1469 1657 1695 1721 serviat,
1742 1674 1853 1711 non
1895 1668 2081 1714 autem

498 1741 554 1794 in
591 1752 864 1798 vetustate
909 1745 1108 1800 littera:
1143 1763 1241 1816 per
1269 1747 1623 1803 humiliorem
1652 1766 1719 1803 ex
1753 1765 1947 1804 sensus
1990 1765 2079 1804 ra-

499 1831 648 1886 tione
689 1833 756 1898 “,
797 1843 859 1887 ut
918 1837 1139 1906 corpori
1185 1849 1564 1908 comparatum
1601 1855 1686 1894 est
1712 1882 1725 1906 ,
1763 1842 1899 1914 legis
1929 1858 2081 1898 accc-

495 1923 760 1992 ptionem,
789 1926 1086 1981 aﬂectuum
1122 1940 1311 1999 pastor
1352 1932 1420 1997 θ’,
1456 1947 1518 1986 ac
1539 1932 1749 2002 peccati
1780 1934 1960 1987 cultor
1986 1934 2081 1990 Ju-

495 2013 737 2067 dzeorum
762 2032 914 2069 more
948 2016 1242 2074 etliciatur.

563 2105 650 2159 54..
679 2106 799 2159 Mox
823 2124 885 2161 ac
908 2109 1104 2177 aliquis
1131 2109 1196 2163 ex
1214 2127 1407 2166 sensus
1439 2113 1652 2166 ratione
1683 2113 1755 2167 ita
1784 2116 2078 2183 utcorpori

494 2207 866 2266 comparatum
931 2211 1050 2261 est,
1107 2201 1445 2271 Scripturam
1505 2206 1754 2274 accipere
1811 2207 2076 2271 desierit,

493 2295 677 2341 mente
717 2305 937 2358 quoque
976 2290 1040 2344 ad
1080 2292 1332 2360 spiritum
1362 2305 1561 2347 natura
1587 2295 1766 2348 modia
1798 2305 2075 2361 excurret,

492 2395 557 2433 ea
592 2380 914 2448 spiritaliter
953 2400 1138 2452 agens.
1162 2400 1282 2452 quze
1312 2385 1531 2441 .lud:eus
1567 2389 1928 2456 corporaliter
1955 2404 2080 2458 per-

493 2471 725 2542 agendo,
766 2473 906 2528 irato
943 2476 1054 2530 Deo
1086 2478 1280 2531 utitur.

565 2563 654 2616 55.
692 2564 844 2620 Mens
870 2567 1050 2620 omnis
1080 2568 1265 2622 divina
1311 2569 1512 2639 pietate
1542 2570 1756 2623 excelsa
1789 2580 1952 2640 atque
1982 2588 2076 2625 su-

493 2651 700 2718 blimis,
748 2656 934 2720 simul,
983 2666 1096 2710 tum
1137 2659 1400 2714 vitiorum
1448 2676 1512 2714 ac
1553 2659 1848 2714 libidinum
1896 2670 2078 2715 actum
2124 2718 2126 2721 ,

489 2745 704 2816 jugulat
747 2762 811 2800 ac
849 2749 1143 2813 interimit,
1193 2759 1305 2803 tum
1355 2749 1750 2821 cogitationum
1797 2752 2079 2822 animique

495 2837 765 2892 rationum
795 2838 1115 2894 indecorum
1153 2851 1360 2895 motum
1398 2860 1410 2896 :
1445 2843 1511 2896 ad
1547 2843 1663 2897 luec
1706 2843 1873 2897 etiam
1904 2885 1915 2907 ,
1978 2844 2078 2898 ab-

501 2929 696 2984 usione
721 2940 1039 2986 constantes
1059 2935 1294 2988 lascivos
1311 2951 1568 2989 sensuum
1596 2935 1936 3018 operationis
1959 2951 2077 2989 mo-

494 3017 613 3072 dos.
660 3019 790 3073 Ncei
839 3023 988 3073 enim
1043 3021 1337 3075 traduntur
1379 3022 1611 3077 ailectus
1676 3039 1740 3076 ac
1794 3017 2075 3088 libidines,

1688 340 1748 400 Β.
1793 339 2077 399 MAXIM!
2121 340 2630 401 CONFESSOIUS

575 444 660 499 5‘2.
689 445 968 500 Terrenus
1000 446 1298 516 Scriptura:
1333 465 1528 505 sensus
1567 453 1731 506 animi
1769 455 1978 522 potitus
2011 453 2076 506 il-
2112 464 2155 517 Α

3627 336 3748 400 1⁸3·ῑέ

2256 455 2351 525 νβ’.
2403 455 2460 508 Ὁ
2518 458 2701 526 χοῖκὺς
2759 460 2885 521 νιῦς
2934 458 3028 527 τῆς
3086 455 3329 525 1“ρα;ρῆς,
3401 454 3612 524 κρατῶν
3658 456 3748 520 τῆς

2185 547 2382 618 ψυχῆς,
2404 551 2530 611 τοὺς
2563 549 2819 618 φυσικοὺς
2847 549 3204 602 ἁποὸἅλλεται
3240 547 3451 614 λέγους,
3489 549 3552 616 τῇ
3586 562 3751 615 παρα-

2185 643 2378 711 χρήσει
2404 642 2510 695 τῶν
2533 643 2672 695 κατά
2697 643 2858 712 φύσιν
2880 641 3158 712 δυνάμεων
3189 641 3385 702 αὐτοὺς
3404 639 3749 706 ἐξαφανίζων.

2186 725 2356 796 Οὗτος
2395 734 2511 805 ’γὰρ
2565 734 2695 798 ζῶν,
2745 733 2829 786 ἐπ’
2869 732 3125 804 ἀληθείας
3164 731 3409 784 συντελεῖ
3439 729 3532 781 καὶ
3578 728 3751 781 διώκει

2185 827 2279 878 καὶ
2309 825 2590 886 ἀπόλλυσι,
2650 825 2813 896 σαρκὶ
2875 826 3012 897 μόνῃ
3053 825 3140 877 τὸν
3180 824 3341 893 νόμον
3381 821 3750 890 περιγράιςων,

2183 918 2310 978 τοὺς
2334 918 2474 970 κατὰ
2503 917 2664 986 φύσιν
2705 919 2847 987 φημὶ
2878 917 3070 985 λόγους
3104 917 3198 970 καὶ
3233 915 3548 984 λογισμοὺς,
3589 912 3754 980 τιμῶν

2185 1006 2260 1070 ὡς
2293 1007 2409 1060 θεία
2435 1009 2502 1060 τὰ
2529 1008 2673 1080 πάθη
2704 1008 2804 1080 τῆς
2851 1008 3092 1078 ἀτιμίας,
3141 1007 3286 1077 ἅπερ
3326 1008 3372 1058 οἱ
3425 1004 3562 1058 κατά
3603 1003 3754 1072 φύσιν

2185 1095 2454 1166 λογισμοὶ,
2519 1097 2891 1166 λαμϐάνοντες
2941 1097 3122 1152 ἄδειαν
3175 1097 3280 1151 ὑπὸ
3334 1097 3428 1149 τοῦ
3472 1095 3633 1164 νόμου
3667 1092 3753 1172 τοῦ

2185 1187 2519 1257 πνεύματος,
2587 1189 3003 1244 ἀποκτείνουσιν
3064 1187 3351 1241 ἐπιτοαυτδ
3426 1187 3522 1239 καὶ
3600 1186 3754 1239 θανα-

2183 1277 2391 1331 τοῦσιν.

2255 1369 2355 1438 νγ’.
2388 1370 2543 1439 ’Ἀμα
2581 1389 2665 1434 τις
2702 1373 2800 1442 τὴν
2837 1372 2947 1425 τῶν
2982 1369 3195 1442 ἀρετῶν
3234 1368 3470 1435 λογικῶς
3516 1365 3755 1436 μετέλθοι

2185 1460 2523 1528 φιλοσοφίαν,
2593 1461 2710 1532 ἅμα
2762 1462 2856 1514 καὶ
2901 1461 2998 1531 τὴν
3052 1460 3158 1513 τῶν
3227 1456 3463 1527 Γραφῶν
3513 1457 3649 1528 πρδς
3701 1455 3757 1507 τδ

2184 1549 2401 1620 πνεῦμα
2430 1551 2676 1619 φυσικῶς
2718 1553 3050 1622 μετήνεγκεν
3088 1550 3340 1620 ἐκδοχὴν,
3374 1549 3434 1600 ἐν
3481 1548 3754 1616 καινότητι

2185 1642 2495 1712 πνεύματος
2525 1644 2844 1714 πρακτικῶς
2884 1644 2972 1696 διὰ
2997 1641 3103 1696 τῶν
3136 1641 3357 1713 ὑψηλῶν
3387 1640 3755 1710 θεωρημάτων

2182 1732 2260 1802 τῷ
2291 1733 2409 1802 Θεῷ
2439 1733 2739 1803 λατρεύων,
2787 1735 2881 1786 καὶ
2925 1734 2984 1786 οὐ
3031 1733 3357 1798 παλαιότητι
3412 1732 3752 1800 γράμματος,

2114 1807 2150 1857 Β
2182 1826 2272 1879 διὰ
2303 1826 2397 1894 τῆς
2422 1828 2543 1878 κατ’
2572 1825 2828 1896 αἴσθησιν
2858 1825 2994 1896 πρὸς
3039 1825 3201 1894 σῶμα
3239 1822 3636 1891 ταπεινοτέρας
3668 1819 3753 1873 τοῦ

2182 1917 2349 1987 νόμου
2385 1916 2722 1987 παραδοχῆς,
2770 1917 3006 1988 τροφεὺς
3049 1915 3240 1968 παθῶν
3285 1913 3429 1968 κατά
3457 1914 3585 1974 τοὺς
3628 1912 3751 1964 Ἰουο·

2181 2009 2366 2072 δαίους
2396 2009 2705 2078 γινόμενος,
2737 2009 2832 2061 καὶ
2872 2008 3150 2079 ἁμαρτίας
3177 2007 3548 2078 θεραπευτής.

2249 2100 2341 2153 νδ’.
2381 2101 2537 2170 ’Ἅμα
2558 2117 2642 2163 τις
2673 2099 2945 2154 παύσεται
2985 2100 3112 2152 κατ’
3141 2100 3398 2170 αἴσθησιν
3435 2100 3574 2169 πρὸς
3609 2098 3756 2167 σῶμα

2179 2191 2277 2262 τὴν
2306 2191 2530 2262 Γραφὴν
2555 2191 2934 2261 ἐκδεχόμενος,
2975 2191 3089 2260 ἅμα
3115 2193 3212 2245 καὶ
3247 2191 3384 2261 πρὸς
3429 2191 3490 2243 τὸ
3545 2189 3755 2258 πνεῦμα

2182 2283 2322 2337 κατὰ
2343 2282 2470 2335 νοῦν
2499 2282 2586 2335 διὰ
2625 2284 2801 2352 μέσης
2829 2283 3118 2355 ἀνατρέχει
3147 2286 3248 2353 τῆς
3293 2282 3534 2352 φύσεως,
3581 2283 3758 2334 ἐκεῖνα

2180 2376 2437 2445 πράττων
2469 2377 2879 2445 πνευματικῶς,
2911 2376 3056 2446 ἆπερ
3088 2375 3419 2444 σωματικῶς
3440 2376 3468 2427 ὀ
3512 2373 3756 2436 Ἰουδαῖος

2181 2470 2467 2533 ἐπιτελῶν,
2497 2469 2611 2538 ἕχει
2644 2469 2735 2522 τὸν
2760 2470 2893 2523 Θεὸν
2919 2469 3300 2539 ὀργιζόμενον.

2251 2569 2346 2616 νε’.
2387 2564 2504 2624 Πᾶς
2534 2563 2661 2627 νοῦς
2708 2563 2853 2617 κατὰ
2897 2562 3030 2615 Θεὸν
3077 2562 3278 2632 ὑψηλὸς
3317 2561 3414 2616 καὶ
3460 2560 3755 2631 μετέωρος,

2181 2655 2325 2708 κατά
2363 2653 2425 2706 τὸ
2456 2655 2606 2718 αὐτὸ,
2627 2657 2729 2725 τήν
2759 2672 2818 2708 τε
2851 2653 2961 2708 τῶν
2986 2653 3174 2707 παθῶν
3204 2654 3493 2722 κατασφάτ
3506 2669 3584 2704 τει
3613 2647 3758 2718 ἐνέρ-

2179 2765 2354 2818 γειαν,
2397 2729 2491 2801 καὶ
2547 2749 2648 2818 τὴν
2689 2748 2799 2801 τῶν
2843 2747 3119 2817 λογισμῶν
3172 2747 3458 2817 ἀσχήμονα
3510 2747 3755 2816 κίνησινο

2182 2841 2320 2912 πρὸς
2343 2840 2420 2903 δὲ,
2458 2841 2552 2893 καὶ
2589 2840 2716 2902 τοὺς
2744 2839 2884 2892 κατὰ
2916 2840 3268 2909 παράχρησιν
3300 2838 3399 2908 τῆς
3429 2838 3539 2892 τῶν
3566 2838 3757 2905 αἰσθή-

2184 2952 2323 2987 σεων
2351 2934 2635 3006 ἐνεργείας
2683 2933 3023 2996 ἁκολάστους
3069 2933 3326 3002 τρόπους.
3386 2929 3759 3001 Ἀναιροῦνται

2182 3022 2291 3094 γὰρ
2310 3025 2377 3078 τά
2402 3024 2547 3095 πάθη
2568 3024 2674 3077 ὑπὸ
2698 3023 2808 3076 τῶν
2833 3023 3054 3093 ὑψηλῶν
3080 3025 3180 3093 τῆς
3208 3022 3425 3091 φύσεως
3457 3022 3758 3093 λυγισμῶν,

496 3109 828 3165 sublimibus
886 3121 1097 3166 natura:
1156 3111 1470 3167 rationibus
1528 3130 1593 3167 ac
1648 3114 2078 3184 cogitationibus

2182 3115 2326 3169 κατά
2359 3113 2458 3186 τὴν
2485 3114 2696 3186 ὑψηλὴν
2731 3113 2964 3186 θεωρίαν
2993 3114 3460 3188 θρ⁶ιαμ6ευὸμενα.

495 3202 836 3266 auctoribus,
875 3202 1003 3256 dum
1040 3203 1268 3258 sublimi
1300 3203 1416 3259 haec
1459 3205 1841 3274 speculatione
1886 3206 2079 3260 trium-

494 3293 607 3363 pho
627 3303 814 3364 agunt.

565 3385 653 3439 56.
709 3386 924 3440 Pceeati
970 3386 1139 3440 robur
1190 3387 1396 3458 (carnis
1436 3389 1650 3445 scilicet
1698 3391 2075 3461 prudentiam)

488 3476 670 3530 Sancti
703 3476 1050 3545 baptismatis
1092 3478 1278 3547 gratize
1315 3489 1689 3547 comparatum
1731 3488 1815 3533 est
1873 3489 1933 3534 ut
1981 3482 2079 3534 al)-

495 3567 635 3622 oleat
651 3555 996 3638 {divinisque
1016 3569 1193 3637 reipsa
1221 3569 1514 3639 implendis
1535 3571 1806 3625 mandatis
1823 3572 2078 3640 prmstitze

493 3657 840 3723 “obedientite,
881 3667 942 3711 ut
977 3659 1157 3728 gladio
1187 3661 1418 3728 spiritus
1444 3661 1488 3691 “
1524 3660 1746 3729 (divinat-3
1774 3662 1984 3717 scilicet
2019 3664 2075 3717 in

493 3745 687 3814 spiritu
731 3746 977 3800 scientiae
1019 3747 1211 3816 verbo)
1250 3748 1544 3802 interﬁciat
1570 3790 1584 3813 ,
1621 3751 1908 3804 clamando
1949 3767 2068 3823 my-

495 3833 632 3885 stice
663 3831 929 3887 adversus
955 3832 1163 3901 peccati
1187 3833 1388 3898 labem,
1413 3833 1556 3886 haud
1571 3849 1730 3888 secus
1761 3851 1823 3888 ac
1851 3851 2076 3905 magnus

491 3921 711 3977 Samuel
738 3923 804 3976 ad
839 3927 985 3992 Agag
1019 3942 1030 3977 :
1068 3922 1212 3977 Sicut
1238 3923 1411 3977 liberis
1438 3925 1641 3978 orbavit
1671 3925 1917 3979 mulieres
1952 3926 2077 3996 glu-

491 4013 607 4068 dius
645 4022 782 4080 tuus,
801 4015 952 4068 hodie
983 4013 1158 4068 liberis
1183 4015 1456 4068 orbabitur
1476 4032 1540 4069 ea:
1571 4017 1878 4071 mulieribus
1906 4027 2077 4072 mater

493 4113 584 4158 tua
609 4103 676 4158 “.

561 4197 648 4249 57.
688 4196 884 4250 Multas
920 4197 1191 4252 virtutum
1230 4199 1370 4269 gulae
1416 4198 1635 4263 vitium,
1688 4199 1873 4254 adulta
1911 4201 2074 4255 volu-

489 4285 657 4351 ptatis
713 4284 1072 4353 cogitatione,
1120 4287 1272 4340 velut
1334 4286 1536 4355 gladio,
1590 4287 1784 4342 liberis
1837 4290 2072 4344 orbavit.

493 4374 892 4444 Temperantia:
923 4375 1070 4428 enim
1098 4385 1153 4430 et
1187 4377 1454 4431 castitatis
1486 4393 1584 4446 per
1617 4377 2070 4432 incontinentiam

2250 3381 2358 3440 νς’.
2393 3373 2467 3426 Τὸ
2495 3373 2699 3444 κράτος
2732 3374 2831 3444 τῆς
2877 3373 3172 3443 ἁμαρτίας,
3215 3374 3382 3443 ἤγουν
3413 3373 3473 3426 τὸ
3509 3373 3760 3443 φρόνημα

2178 3465 2278 3534 τῆς
2321 3465 2542 3536 σαρκὸς,
2591 3467 2623 3535 ἡ
2665 3465 2828 3536 χάρις
2873 3466 3160 3534 ἀφανίζειν
3207 3466 3418 3534 πέφυκε
3468 3465 3568 3517 τοῦ
3609 3464 3759 3532 ἁγίου

2181 3557 2587 3627 βαπτίσματος·
2648 3559 2743 3610 καὶ
2791 3557 2825 3626 ἡ
2874 3556 2996 3609 κατ’
3048 3557 3332 3624 ἐνέργειαν
3382 3557 3603 3626 ὑπακοὴ
3657 3555 3760 3608 τῶν

2179 3648 2340 3702 θείων
2377 3648 2628 3714 ἐντολῶν,
2679 3648 3026 3702 ἀποκτείνειν
3068 3652 3134 3720 τῇ
3176 3649 3422 3718 μαχαίρᾳ
3457 3648 3560 3700 τοῦ
3604 3647 3759 3700 πνεύ-

2182 3757 2371 3810 ματος,
2423 3740 2612 3810 ἤγουν,
2662 3739 2740 3810 τῷ
2796 3741 3002 3811 ῥήματι
3042 3740 3141 3808 τῆς
3194 3739 3346 3801 θείας
3390 3742 3447 3790 ἐν
3485 3739 3758 3807 πνεύματι

2176 3832 2452 3899 γνώσεως,
2485 3832 2663 3901 βοῶσα
2692 3833 2974 3902 μυστικῶς
3009 3833 3146 3901 πρὸς
3172 3832 3230 3883 τὸ
3255 3832 3424 3894 πάθος
3460 3832 3562 3899 τῆς
3588 3833 3757 3899 ἀμαρ-

2176 3924 2319 3987 τίας,
2350 3923 2423 3986 ὡς
2455 3925 2482 3976 ὁ
2519 3924 2695 3993 μέγας
2728 3923 2865 3994 πρὸς
2897 3924 2987 3976 τὸν
3032 3924 3233 3992 Ἀγαγ,
3285 3924 3565 3992 Σαμουὴλ,
3607 3922 3755 3974 ἈνιΓ

2175 4009 2264 4068 ὧν
2291 4016 2600 4082 ῆτὲκνωσε
2639 4015 2930 4084 γυναῖκας
2966 4015 3005 4083 ἡ
3041 4013 3307 4083 μάχαιρά
3331 4030 3472 4075 σου,
3495 4016 3753 4068 desumu-

2177 4107 2424 4173 θήσεται
2463 4107 2732 4175 σήμερον
2763 4107 2832 4159 ἐκ
2870 4105 3175 4176 γυναικῶν
3204 4105 3242 4170 ἡ
3260 4105 3464 4173 μήτηρ
3493 4120 3636 4158 σου.

2247 4199 2344 4262 νξκ
2401 4197 2610 4261 Πολλὰς
2655 4197 2716 4251 τὸ
2745 4196 2916 4261 πάθος
2944 4197 3043 4267 τῆς
3075 4196 3529 4266 γαστριμαργίας
3571 4197 3646 4258 ὡς
3691 4198 3746 4246 ὲν

2180 4291 2448 4361 μαχαίρᾳ,
2479 4290 2559 4360 τῷ
2582 4289 2772 4361 τελείῳ
2795 4289 2893 4359 τῆς
2927 4291 3120 4360 ἡδονῆς
3149 4288 3417 4358 λογισμῷ,
3449 4288 3756 4356 ὴτέκνωσεν

2176 4383 2396 4452 ἀρετάς.
2423 4384 2534 4452 Τῆς
2561 4382 2660 4452 μὲν
2684 4383 2792 4452 γὰρ
2822 4382 3198 4452 σωφροσύνης,
3237 4381 3324 4434 διὰ
3360 4381 3460 4449 τῆς
3485 4379 3754 4450 ἀκρασίας

489 4465 722 4534 vitatque
760 4466 1034 4520 luxuriam
1060 4467 1362 4536 exstinguit
1399 4469 1648 4533 semina;
1679 4468 1929 4539 justitiae,
1975 4485 2073 4537 per

2177 4473 2489 4528 ἀποκτείνει
2537 4473 2604 4526 τὰ
2637 4471 2960 4542 σπέρματα⁶
3007 4475 3107 4543 τῆς
3139 4471 3490 4540 δικαιοσύνης
3541 4471 3621 4531 δὲ,
3671 4470 3752 4521 διὰ

491 4558 860 4615 insatiabilem
880 4560 1139 4629 modique
1164 4561 1406 4615 nesciam
1432 4562 1671 4616 habendi
1691 4561 2071 4630 cupiditatem,

489 4649 800 4718 corrumpit
839 4649 1240 4719 aequalitatem;
1278 4651 1645 4706 humanitatis
1683 4667 1781 4704 seu
1816 4649 2071 4720 benigni-

492 4742 638 4804 tatis,
682 4758 780 4811 per
818 4757 1023 4796 caecum
1071 4758 1138 4797 ac
1187 4744 1465 4797 carnalem
1511 4757 1781 4805 amorem,
1833 4757 1954 4810 quae
2007 4757 2073 4794 ex

492 4843 697 4887 naturae
741 4833 1054 4887 rationibus
1090 4841 1196 4897 est,
1229 4833 1679 4904 conjunctionem
1709 4833 1874 4904 624
1911 4833 2075 4887 solvit

489 4933 544 4976 et
568 4923 1058 4978 necessitudinem.
1096 4925 1295 4994 Atque,
1335 4933 1394 4977 ut
1427 4939 1639 4978 summa
1679 4925 1892 4986 dicam,
1925 4925 2074 4979 nulla

491 5022 618 5068 sunt
641 5014 864 5068 virtutis
894 5016 1143 5084 germina
1166 5031 1287 5084 (Ῑιιαε
1322 5015 1462 5086 gula:
1495 5015 1647 5068 labes
1685 5030 1794 5068 non
1828 5014 2074 5084 proclive

495 5103 794 5160 interimat.

561 5194 648 5247 58.
677 5194 832 5249 Gula:
853 5197 1073 5259 vitium,
1101 5196 1286 5251 divina
1312 5199 1497 5251 omnia
1530 5197 1799 5252 virtutum
1827 5199 2073 5267 germina

493 5284 738 5351 proclive
776 5285 1088 5340 interimit:
1125 5288 1271 5355 quod
1309 5289 1487 5357 ipsum
1533 5287 1656 5342 ﬁdei
1705 5289 1898 5357 gratia,
1935 5289 2075 5344 divi-

494 5373 690 5442 nisque
736 5390 946 5429 morem
992 5377 1234 5444 gerendo
1278 5379 1574 5446 mandatis,
1608 5380 1854 5436 scicntia:
1895 5397 2074 5436 sermo

494 5477 765 5534 proper-se
789 5465 911 5519 neci
947 5465 1132 5522 tradit.

563 5691 610 5725 ⁸⁸
641 5691 658 5762 l
691 5692 822 5762 Reg.
851 5709 958 5758 χιιι,
987 5693 1038 5747 6.

501 5773 585 5818 λγ,
613 5761 700 5815 55.

1112 5695 1160 5726 ‘9
1194 5696 1352 5751 ltom.
1389 5698 1541 5762 1,26.
1619 5703 1662 5733 "
1695 5703 1849 5757 Rom.
1889 5719 1979 5766 vn,
2016 5703 2067 5756 6.

2173 4565 2271 4634 τῆς
2300 4564 2610 4628 πλεονεξίας
2634 4562 2937 4634 διαφθείρει
2967 4563 3066 4634 τὴν
3104 4563 3405 4640 ἰσονομίαν·
3437 4563 3538 4632 τῆς
3568 4562 3751 4631 φιλαν-

2173 4657 2421 4726 θρωπίας
2449 4656 2528 4721 δὲ,
2559 4655 2648 4708 διὰ
2672 4656 2774 4725 τῆς
2812 4655 3121 4724 φιλαυτίας,
3157 4656 3255 4726 τὴν
3295 4658 3357 4708 ὲκ
3392 4653 3612 4722 φύσεως
3645 4655 3750 4705 δια-

2170 4750 2360 4820 τέμνει
2390 4749 2702 4820 συνέχειαν.
2737 4749 2848 4802 Kal.
2866 4750 3144 4819 συντόμως
3166 4751 3366 4812 εἰπεῖν,
3403 4749 3624 4801 πάντων
3652 4747 3752 4797 τῶν

2172 4841 2292 4894 κατ’
2360 4840 2562 4912 ἀρετὴν
2625 4840 2986 4909 γεννημάτων
3063 4840 3412 4910 ἀναιρετικὸν
3476 4841 3598 4892 ἐστι
3659 4841 3751 4906 τῆς

2172 4931 2619 5002 γαστριμαργίας
2649 4931 2711 4984 τὸ
2742 4931 2934 4996 πάθος.

2240 5190 2343 5260 Vri"
2372 5191 2444 5243 Τὸ
2484 5191 2581 5260 τῆς
2618 5191 3065 5261 γαστριμαργίας
3097 5190 3293 5250 πάθος.
3331 5189 3514 5242 πάντα
3537 5189 3604 5239 τὰ
3635 5188 3747 5238 θεῖ-ι

2169 5281 2278 5334 τῶν
2314 5281 2524 5350 ἀρετῶν
2557 5281 2901 5334 ἀποκτείνειν
2935 5281 3258 5351 γεννήματα
3307 5282 3580 5348 πέφυκεν·
3619 5275 3746 5329 αὐτὸ

2170 5372 2228 5424 δὲ
2269 5375 2334 5443 τῇ
2385 5389 2444 5424 τε
2483 5371 2666 5442 χάριτι
2711 5373 2812 5442 τῆς
2858 5372 3118 5434 πίστεως,
3152 5372 3245 5424 καὶ
3282 5374 3342 5441 τῇ
3382 5372 3598 5440 ὑπακοῇ
3641 5367 3743 5421 τῶν

2172 5463 2334 5516 θείων
2382 5462 2635 5527 ἐντολῶν,
2677 5464 2769 5517 διὰ
2812 5463 2908 5518 τοῦ
2951 5465 3092 5516 κατὰ
3122 5463 3218 5534 τὴν
3255 5462 3458 5532 γνῶσιν
3491 5460 3742 5515 ἀποκτεί-

2171 5573 2324 5610 νεται
2361 5555 2544 5624 λόγου.

2176 5703 2217 5734 ⁶¹
2251 5701 2386 5756 Gen.
2437 5715 2576 5757 XLVI.
2606 5699 2695 5755 3'2.
2795 5701 2840 5732 ⁶⁹
2896 5699 3094 5769 Ephes.
3147 5715 3220 5764 vt,
3275 5700 3358 5754 Π.
3459 5697 3502 5729 ⁵³
3543 5695 3576 5750 Ι.
3613 5694 3736 5764 Reg.
