  <div class='ocr_page' id='page_1' title='image "/cluster/home/n/w/nwhite01/storage/ocr_20150623/90:no.1/coo.31924054869940/702.png"; bbox 0 0 4060 6418; ppageno 0'>
   <div class='ocr_carea' id='block_1_1' title="bbox 393 357 529 420">
    <p class='ocr_par' dir='ltr' id='par_1_1' title="bbox 393 357 529 420">
     <span class='ocr_line' id='line_1_1' title="bbox 393 357 529 420; baseline 0.007 -1"><span class='ocrx_word' id='word_1_1' title='bbox 393 357 413 419; x_wconf 82' lang='lat'><strong><em>1</em></strong></span> <span class='ocrx_word' id='word_1_2' title='bbox 426 359 529 420; x_wconf 70' lang='lat'><strong>373</strong></span> 
     </span>
    </p>
   </div>
   <div class='ocr_carea' id='block_1_2' title="bbox 392 561 1969 633">
    <p class='ocr_par' dir='ltr' id='par_1_2' title="bbox 392 561 1969 633">
     <span class='ocr_line' id='line_1_2' title="bbox 392 561 1969 633; baseline 0.001 -16"><span class='ocrx_word' id='word_1_3' title='bbox 392 561 790 617; x_wconf 72' lang='grc' dir='ltr'>ἂποκαλύπτων</span> <span class='ocrx_word' id='word_1_4' title='bbox 830 563 1016 624; x_wconf 78' lang='grc' dir='ltr'>αὐτοῖς</span> <span class='ocrx_word' id='word_1_5' title='bbox 1056 563 1146 614; x_wconf 71' lang='grc' dir='ltr'>διὰ</span> <span class='ocrx_word' id='word_1_6' title='bbox 1184 565 1282 630; x_wconf 75' lang='grc' dir='ltr'>τῆς</span> <span class='ocrx_word' id='word_1_7' title='bbox 1319 563 1555 633; x_wconf 83' lang='grc' dir='ltr'>ἀληθοῦς</span> <span class='ocrx_word' id='word_1_8' title='bbox 1595 566 1969 632; x_wconf 82' lang='grc' dir='ltr'>ἐπιγνώσεως,</span> 
     </span>
    </p>
   </div>
   <div class='ocr_carea' id='block_1_3' title="bbox 389 653 1972 727">
    <p class='ocr_par' dir='ltr' id='par_1_3' title="bbox 389 653 1972 727">
     <span class='ocr_line' id='line_1_3' title="bbox 389 653 1972 727; baseline 0.004 -23"><span class='ocrx_word' id='word_1_9' title='bbox 389 654 517 716; x_wconf 73' lang='grc' dir='ltr'>τοὺς</span> <span class='ocrx_word' id='word_1_10' title='bbox 541 653 619 722; x_wconf 82' lang='grc' dir='ltr'><strong>τῷ</strong></span> <span class='ocrx_word' id='word_1_11' title='bbox 657 653 805 724; x_wconf 78' lang='grc' dir='ltr'><strong>ζόφῳ</strong></span> <span class='ocrx_word' id='word_1_12' title='bbox 832 656 928 722; x_wconf 67' lang='grc' dir='ltr'>τῆς</span> <span class='ocrx_word' id='word_1_13' title='bbox 958 654 1184 721; x_wconf 75' lang='grc' dir='ltr'>ἀγνοίας</span> <span class='ocrx_word' id='word_1_14' title='bbox 1215 656 1630 724; x_wconf 72' lang='grc' dir='ltr'>ἐπιμεμυκὸτας</span> <span class='ocrx_word' id='word_1_15' title='bbox 1659 657 1972 727; x_wconf 77' lang='grc' dir='ltr'>ὀφθαλμοὺς</span> 
     </span>
    </p>
   </div>
   <div class='ocr_carea' id='block_1_4' title="bbox 390 745 1974 818">
    <p class='ocr_par' dir='ltr' id='par_1_4' title="bbox 390 745 1974 818">
     <span class='ocr_line' id='line_1_4' title="bbox 390 745 1974 818; baseline 0.003 -21"><span class='ocrx_word' id='word_1_16' title='bbox 390 746 492 814; x_wconf 79' lang='grc' dir='ltr'>τῆς</span> <span class='ocrx_word' id='word_1_17' title='bbox 538 745 800 808; x_wconf 78' lang='grc' dir='ltr'>διανοίας,</span> <span class='ocrx_word' id='word_1_18' title='bbox 850 747 943 798; x_wconf 73' lang='grc' dir='ltr'><strong>καὶ</strong></span> <span class='ocrx_word' id='word_1_19' title='bbox 997 747 1149 808; x_wconf 84' lang='grc' dir='ltr'>θείας</span> <span class='ocrx_word' id='word_1_20' title='bbox 1192 748 1418 814; x_wconf 75' lang='grc' dir='ltr'>ἀγωγῆς</span> <span class='ocrx_word' id='word_1_21' title='bbox 1470 749 1633 800; x_wconf 78' lang='grc' dir='ltr'>πάλιν</span> <span class='ocrx_word' id='word_1_22' title='bbox 1676 750 1974 818; x_wconf 71' lang='grc' dir='ltr'><strong>ἑτοιμάσας</strong></span> 
     </span>
    </p>
   </div>
   <div class='ocr_carea' id='block_1_5' title="bbox 395 837 1972 910">
    <p class='ocr_par' dir='ltr' id='par_1_5' title="bbox 395 837 1972 910">
     <span class='ocr_line' id='line_1_5' title="bbox 395 837 1972 910; baseline 0.003 -21"><span class='ocrx_word' id='word_1_23' title='bbox 395 837 586 890; x_wconf 80' lang='grc' dir='ltr'>ἑαυτὸν</span> <span class='ocrx_word' id='word_1_24' title='bbox 613 841 727 901; x_wconf 88' lang='grc' dir='ltr'>τοῖς</span> <span class='ocrx_word' id='word_1_25' title='bbox 765 841 973 900; x_wconf 81' lang='grc' dir='ltr'>πιστοῖς</span> <span class='ocrx_word' id='word_1_26' title='bbox 1003 838 1175 902; x_wconf 86' lang='grc' dir='ltr'>λαοῖς,</span> <span class='ocrx_word' id='word_1_27' title='bbox 1207 841 1410 907; x_wconf 74' lang='grc' dir='ltr'>ἀγαθὸν</span> <span class='ocrx_word' id='word_1_28' title='bbox 1448 841 1652 910; x_wconf 83' lang='grc' dir='ltr'>ἀρετῆς</span> <span class='ocrx_word' id='word_1_29' title='bbox 1695 840 1972 909; x_wconf 78' lang='grc' dir='ltr'>ὲξεμπλάο</span> 
     </span>
    </p>
   </div>
   <div class='ocr_carea' id='block_1_6' title="bbox 399 926 1974 1001">
    <p class='ocr_par' dir='ltr' id='par_1_6' title="bbox 399 926 1974 1001">
     <span class='ocr_line' id='line_1_6' title="bbox 399 926 1974 1001; baseline 0.005 -23"><span class='ocrx_word' id='word_1_30' title='bbox 399 943 537 996; x_wconf 87' lang='grc' dir='ltr'>ριον,</span> <span class='ocrx_word' id='word_1_31' title='bbox 568 926 869 996; x_wconf 81' lang='grc' dir='ltr'>προσώπου</span> <span class='ocrx_word' id='word_1_32' title='bbox 901 928 996 979; x_wconf 83' lang='grc' dir='ltr'>τοῦ</span> <span class='ocrx_word' id='word_1_33' title='bbox 1033 930 1154 982; x_wconf 83' lang='grc' dir='ltr'>κατ’</span> <span class='ocrx_word' id='word_1_34' title='bbox 1199 930 1422 1000; x_wconf 79' lang='grc' dir='ltr'>ἀρετὴν,</span> <span class='ocrx_word' id='word_1_35' title='bbox 1467 930 1834 1001; x_wconf 73' lang='grc' dir='ltr'>ὑπογραμμὸς</span> <span class='ocrx_word' id='word_1_36' title='bbox 1874 934 1974 985; x_wconf 80' lang='grc' dir='ltr'>αὐ-</span> 
     </span>
    </p>
   </div>
   <div class='ocr_carea' id='block_1_7' title="bbox 394 1019 1977 1094">
    <p class='ocr_par' dir='ltr' id='par_1_7' title="bbox 394 1019 1977 1094">
     <span class='ocr_line' id='line_1_7' title="bbox 394 1019 1977 1094; baseline 0.005 -26"><span class='ocrx_word' id='word_1_37' title='bbox 394 1019 508 1081; x_wconf 87' lang='grc' dir='ltr'>τοῖς</span> <span class='ocrx_word' id='word_1_38' title='bbox 538 1020 833 1089; x_wconf 84' lang='grc' dir='ltr'>γενόμενος</span> <span class='ocrx_word' id='word_1_39' title='bbox 863 1020 960 1072; x_wconf 74' lang='grc' dir='ltr'>καὶ</span> <span class='ocrx_word' id='word_1_40' title='bbox 987 1020 1362 1085; x_wconf 85' lang='grc' dir='ltr'>ὑποτύπωσις,</span> <span class='ocrx_word' id='word_1_41' title='bbox 1405 1021 1540 1091; x_wconf 73' lang='grc' dir='ltr'>πρὸς</span> <span class='ocrx_word' id='word_1_42' title='bbox 1562 1022 1619 1073; x_wconf 85' lang='grc' dir='ltr'>ὃν</span> <span class='ocrx_word' id='word_1_43' title='bbox 1660 1024 1977 1094; x_wconf 81' lang='grc' dir='ltr'>ἀφορῶντες</span> 
     </span>
    </p>
   </div>
   <div class='ocr_carea' id='block_1_8' title="bbox 395 1109 1976 1187">
    <p class='ocr_par' dir='ltr' id='par_1_8' title="bbox 395 1109 1976 1187">
     <span class='ocr_line' id='line_1_8' title="bbox 395 1109 1976 1187; baseline 0.004 -24"><span class='ocrx_word' id='word_1_44' title='bbox 395 1109 471 1187; x_wconf 73' lang='grc' dir='ltr'>ᾡς</span> <span class='ocrx_word' id='word_1_45' title='bbox 503 1112 745 1182; x_wconf 74' lang='grc' dir='ltr'>ἀρχηγὸν</span> <span class='ocrx_word' id='word_1_46' title='bbox 773 1112 872 1181; x_wconf 82' lang='grc' dir='ltr'><strong>τῆς</strong></span> <span class='ocrx_word' id='word_1_47' title='bbox 907 1112 1183 1182; x_wconf 79' lang='grc' dir='ltr'><strong>σωτηρίας</strong></span> <span class='ocrx_word' id='word_1_48' title='bbox 1225 1113 1404 1184; x_wconf 86' lang='grc' dir='ltr'>ήμῶν,</span> <span class='ocrx_word' id='word_1_49' title='bbox 1449 1115 1548 1176; x_wconf 81' lang='grc' dir='ltr'><strong>τὰς</strong></span> <span class='ocrx_word' id='word_1_50' title='bbox 1587 1117 1792 1183; x_wconf 79' lang='grc' dir='ltr'>ἀρετὰς</span> <span class='ocrx_word' id='word_1_51' title='bbox 1832 1116 1976 1169; x_wconf 77' lang='grc' dir='ltr'>κατὰ</span> 
     </span>
    </p>
   </div>
   <div class='ocr_carea' id='block_1_9' title="bbox 399 1202 1975 1278">
    <p class='ocr_par' dir='ltr' id='par_1_9' title="bbox 399 1202 1975 1278">
     <span class='ocr_line' id='line_1_9' title="bbox 399 1202 1975 1278; baseline 0.006 -25"><span class='ocrx_word' id='word_1_52' title='bbox 399 1202 648 1272; x_wconf 78' lang='grc' dir='ltr'><strong>μίμησιν,</strong></span> <span class='ocrx_word' id='word_1_53' title='bbox 689 1203 764 1267; x_wconf 85' lang='grc' dir='ltr'>ὡς</span> <span class='ocrx_word' id='word_1_54' title='bbox 804 1207 933 1274; x_wconf 80' lang='grc' dir='ltr'>ἡμῖν</span> <span class='ocrx_word' id='word_1_55' title='bbox 982 1207 1097 1259; x_wconf 79' lang='grc' dir='ltr'>ἐστι</span> <span class='ocrx_word' id='word_1_56' title='bbox 1148 1206 1405 1270; x_wconf 76' lang='grc' dir='ltr'>δυνατὸν,</span> <span class='ocrx_word' id='word_1_57' title='bbox 1459 1208 1839 1278; x_wconf 80' lang='grc' dir='ltr'>κατορθοῦμεν</span> <span class='ocrx_word' id='word_1_58' title='bbox 1889 1210 1975 1262; x_wconf 77' lang='grc' dir='ltr'><strong>διὰ</strong></span> 
     </span>
    </p>
   </div>
   <div class='ocr_carea' id='block_1_10' title="bbox 393 1293 797 1362">
    <p class='ocr_par' dir='ltr' id='par_1_10' title="bbox 393 1293 797 1362">
     <span class='ocr_line' id='line_1_10' title="bbox 393 1293 797 1362; baseline 0.015 -19"><span class='ocrx_word' id='word_1_59' title='bbox 393 1293 494 1362; x_wconf 80' lang='grc' dir='ltr'>τῆς</span> <span class='ocrx_word' id='word_1_60' title='bbox 524 1293 797 1362; x_wconf 83' lang='grc' dir='ltr'>πράξεως.</span> 
     </span>
    </p>
   </div>
   <div class='ocr_carea' id='block_1_11' title="bbox 468 1379 1975 1460">
    <p class='ocr_par' dir='ltr' id='par_1_11' title="bbox 468 1379 1975 1460">
     <span class='ocr_line' id='line_1_11' title="bbox 468 1379 1975 1460; baseline 0.007 -27"><span class='ocrx_word' id='word_1_61' title='bbox 468 1379 530 1445; x_wconf 81' lang='grc' dir='ltr'><strong>ξ’.</strong></span> <span class='ocrx_word' id='word_1_62' title='bbox 560 1383 676 1446; x_wconf 84' lang='grc' dir='ltr'><strong>Πᾶς</strong></span> <span class='ocrx_word' id='word_1_63' title='bbox 709 1386 736 1436; x_wconf 77' lang='grc' dir='ltr'>ὁ</span> <span class='ocrx_word' id='word_1_64' title='bbox 764 1384 851 1437; x_wconf 76' lang='grc' dir='ltr'><strong>διὰ</strong></span> <span class='ocrx_word' id='word_1_65' title='bbox 884 1385 1077 1451; x_wconf 75' lang='grc' dir='ltr'>φθόνον</span> <span class='ocrx_word' id='word_1_66' title='bbox 1110 1386 1286 1454; x_wconf 80' lang='grc' dir='ltr'>μισῶν</span> <span class='ocrx_word' id='word_1_67' title='bbox 1311 1389 1406 1440; x_wconf 75' lang='grc' dir='ltr'><strong>καὶ</strong></span> <span class='ocrx_word' id='word_1_68' title='bbox 1435 1388 1623 1452; x_wconf 86' lang='grc' dir='ltr'>κακῶς</span> <span class='ocrx_word' id='word_1_69' title='bbox 1669 1389 1975 1460; x_wconf 88' lang='grc' dir='ltr'>διαθρυλῶν</span> 
     </span>
    </p>
   </div>
   <div class='ocr_carea' id='block_1_12' title="bbox 393 1474 1977 1552">
    <p class='ocr_par' dir='ltr' id='par_1_12' title="bbox 393 1474 1977 1552">
     <span class='ocr_line' id='line_1_12' title="bbox 393 1474 1977 1552; baseline 0.008 -27"><span class='ocrx_word' id='word_1_70' title='bbox 393 1475 516 1536; x_wconf 83' lang='grc' dir='ltr'>ταῖς</span> <span class='ocrx_word' id='word_1_71' title='bbox 571 1474 845 1539; x_wconf 72' lang='grc' dir='ltr'>διαϐολαῖς</span> <span class='ocrx_word' id='word_1_72' title='bbox 884 1477 974 1530; x_wconf 68' lang='grc' dir='ltr'><strong>τὸν</strong></span> <span class='ocrx_word' id='word_1_73' title='bbox 1009 1479 1065 1529; x_wconf 79' lang='grc' dir='ltr'><strong>ἐν</strong></span> <span class='ocrx_word' id='word_1_74' title='bbox 1097 1481 1210 1541; x_wconf 87' lang='grc' dir='ltr'>τοῖς</span> <span class='ocrx_word' id='word_1_75' title='bbox 1235 1481 1409 1546; x_wconf 86' lang='grc' dir='ltr'>ἀγῶσι</span> <span class='ocrx_word' id='word_1_76' title='bbox 1448 1480 1558 1534; x_wconf 83' lang='grc' dir='ltr'><strong>τῶν</strong></span> <span class='ocrx_word' id='word_1_77' title='bbox 1602 1483 1834 1552; x_wconf 84' lang='grc' dir='ltr'>ἀρετῶν,</span> <span class='ocrx_word' id='word_1_78' title='bbox 1881 1478 1977 1538; x_wconf 78' lang='grc' dir='ltr'>καὶ</span> 
     </span>
    </p>
   </div>
   <div class='ocr_carea' id='block_1_13' title="bbox 393 1568 1976 1645">
    <p class='ocr_par' dir='ltr' id='par_1_13' title="bbox 393 1568 1976 1645">
     <span class='ocr_line' id='line_1_13' title="bbox 393 1568 1976 1645; baseline 0.009 -28"><span class='ocrx_word' id='word_1_79' title='bbox 393 1568 461 1635; x_wconf 82' lang='grc' dir='ltr'>τῇ</span> <span class='ocrx_word' id='word_1_80' title='bbox 497 1569 786 1640; x_wconf 74' lang='grc' dir='ltr'>περιουσία</span> <span class='ocrx_word' id='word_1_81' title='bbox 835 1570 929 1622; x_wconf 80' lang='grc' dir='ltr'>τοῦ</span> <span class='ocrx_word' id='word_1_82' title='bbox 971 1570 1130 1638; x_wconf 83' lang='grc' dir='ltr'>λόγου</span> <span class='ocrx_word' id='word_1_83' title='bbox 1173 1575 1272 1641; x_wconf 78' lang='grc' dir='ltr'><strong>τῆς</strong></span> <span class='ocrx_word' id='word_1_84' title='bbox 1309 1576 1684 1645; x_wconf 81' lang='grc' dir='ltr'>πνευματικῆς</span> <span class='ocrx_word' id='word_1_85' title='bbox 1719 1577 1976 1644; x_wconf 81' lang='grc' dir='ltr'>γνώσεως</span> 
     </span>
    </p>
   </div>
   <div class='ocr_carea' id='block_1_14' title="bbox 392 1658 1976 1738">
    <p class='ocr_par' dir='ltr' id='par_1_14' title="bbox 392 1658 1976 1738">
     <span class='ocr_line' id='line_1_14' title="bbox 392 1658 1976 1738; baseline 0.006 -26"><span class='ocrx_word' id='word_1_86' title='bbox 392 1658 780 1732; x_wconf 79' lang='grc' dir='ltr'>δυνατώτερον,</span> <span class='ocrx_word' id='word_1_87' title='bbox 841 1663 1015 1716; x_wconf 85' lang='grc' dir='ltr'>Σαούλ</span> <span class='ocrx_word' id='word_1_88' title='bbox 1061 1665 1178 1716; x_wconf 83' lang='grc' dir='ltr'>ἐστι</span> <span class='ocrx_word' id='word_1_89' title='bbox 1221 1665 1445 1736; x_wconf 82' lang='grc' dir='ltr'>πονηρῷ</span> <span class='ocrx_word' id='word_1_90' title='bbox 1503 1669 1976 1738; x_wconf 86' lang='grc' dir='ltr'>καταπνιγὸμενος</span> 
     </span>
    </p>
   </div>
   <div class='ocr_carea' id='block_1_15' title="bbox 394 1755 1976 1834">
    <p class='ocr_par' dir='ltr' id='par_1_15' title="bbox 394 1755 1976 1834">
     <span class='ocr_line' id='line_1_15' title="bbox 394 1755 1976 1834; baseline 0.008 -28"><span class='ocrx_word' id='word_1_91' title='bbox 394 1755 688 1824; x_wconf 83' lang='grc' dir='ltr'>πνεύματι,</span> <span class='ocrx_word' id='word_1_92' title='bbox 728 1757 800 1828; x_wconf 85' lang='grc' dir='ltr'>μὴ</span> <span class='ocrx_word' id='word_1_93' title='bbox 838 1759 1019 1827; x_wconf 85' lang='grc' dir='ltr'>φέρων</span> <span class='ocrx_word' id='word_1_94' title='bbox 1065 1760 1126 1812; x_wconf 72' lang='grc' dir='ltr'>τὺ</span> <span class='ocrx_word' id='word_1_95' title='bbox 1159 1761 1316 1824; x_wconf 80' lang='grc' dir='ltr'>κλέος</span> <span class='ocrx_word' id='word_1_96' title='bbox 1350 1761 1448 1830; x_wconf 85' lang='grc' dir='ltr'>τῆς</span> <span class='ocrx_word' id='word_1_97' title='bbox 1488 1763 1610 1814; x_wconf 84' lang='grc' dir='ltr'>κατ’</span> <span class='ocrx_word' id='word_1_98' title='bbox 1641 1763 1843 1834; x_wconf 80' lang='grc' dir='ltr'>ἀρετὴν</span> <span class='ocrx_word' id='word_1_99' title='bbox 1879 1766 1976 1818; x_wconf 77' lang='grc' dir='ltr'><strong>καὶ</strong></span> 
     </span>
    </p>
   </div>
   <div class='ocr_carea' id='block_1_16' title="bbox 392 1846 1980 1918">
    <p class='ocr_par' dir='ltr' id='par_1_16' title="bbox 392 1846 1980 1918">
     <span class='ocr_line' id='line_1_16' title="bbox 392 1846 1980 1918; baseline 0.007 -22"><span class='ocrx_word' id='word_1_100' title='bbox 392 1846 596 1912; x_wconf 81' lang='grc' dir='ltr'>γνῶσιν</span> <span class='ocrx_word' id='word_1_101' title='bbox 629 1849 975 1917; x_wconf 74' lang='grc' dir='ltr'>εὐδαιμονίας</span> <span class='ocrx_word' id='word_1_102' title='bbox 1003 1848 1101 1902; x_wconf 79' lang='grc' dir='ltr'>τοῦ</span> <span class='ocrx_word' id='word_1_103' title='bbox 1139 1851 1487 1918; x_wconf 81' lang='grc' dir='ltr'>κρείττονος·</span> <span class='ocrx_word' id='word_1_104' title='bbox 1539 1854 1634 1905; x_wconf 77' lang='grc' dir='ltr'><strong>καὶ</strong></span> <span class='ocrx_word' id='word_1_105' title='bbox 1690 1854 1777 1906; x_wconf 72' lang='grc' dir='ltr'><strong>διὰ</strong></span> <span class='ocrx_word' id='word_1_106' title='bbox 1824 1854 1980 1907; x_wconf 81' lang='grc' dir='ltr'>τοῦτο</span> 
     </span>
    </p>
   </div>
   <div class='ocr_carea' id='block_1_17' title="bbox 397 1938 1982 2017">
    <p class='ocr_par' dir='ltr' id='par_1_17' title="bbox 397 1938 1982 2017">
     <span class='ocr_line' id='line_1_17' title="bbox 397 1938 1982 2017; baseline 0.007 -29"><span class='ocrx_word' id='word_1_107' title='bbox 397 1938 565 1990; x_wconf 82' lang='grc' dir='ltr'>πλέον</span> <span class='ocrx_word' id='word_1_108' title='bbox 596 1940 943 2010; x_wconf 83' lang='grc' dir='ltr'>μαινόμενος,</span> <span class='ocrx_word' id='word_1_109' title='bbox 1005 1942 1086 1994; x_wconf 83' lang='grc' dir='ltr'>ὅτι</span> <span class='ocrx_word' id='word_1_110' title='bbox 1141 1941 1214 2011; x_wconf 83' lang='grc' dir='ltr'>μὴ</span> <span class='ocrx_word' id='word_1_111' title='bbox 1270 1942 1497 1996; x_wconf 84' lang='grc' dir='ltr'>δύναται</span> <span class='ocrx_word' id='word_1_112' title='bbox 1543 1944 1634 1996; x_wconf 79' lang='grc' dir='ltr'><strong>τὸν</strong></span> <span class='ocrx_word' id='word_1_113' title='bbox 1688 1946 1982 2017; x_wconf 72' lang='grc' dir='ltr'>εὐεργέτην</span> 
     </span>
    </p>
   </div>
   <div class='ocr_carea' id='block_1_18' title="bbox 391 2028 1982 2106">
    <p class='ocr_par' dir='ltr' id='par_1_18' title="bbox 391 2028 1982 2106">
     <span class='ocr_line' id='line_1_18' title="bbox 391 2028 1982 2106; baseline 0.006 -26"><span class='ocrx_word' id='word_1_114' title='bbox 391 2028 854 2100; x_wconf 78' lang='grc' dir='ltr'>διαχειρίσασθαι.</span> <span class='ocrx_word' id='word_1_115' title='bbox 885 2033 1156 2098; x_wconf 79' lang='grc' dir='ltr'>Πολλάκις</span> <span class='ocrx_word' id='word_1_116' title='bbox 1179 2035 1234 2088; x_wconf 88' lang='grc' dir='ltr'><strong>δὲ</strong></span> <span class='ocrx_word' id='word_1_117' title='bbox 1275 2037 1368 2088; x_wconf 76' lang='grc' dir='ltr'><strong>καὶ</strong></span> <span class='ocrx_word' id='word_1_118' title='bbox 1397 2036 1560 2088; x_wconf 79' lang='grc' dir='ltr'>αὑτὸν</span> <span class='ocrx_word' id='word_1_119' title='bbox 1593 2037 1982 2106; x_wconf 80' lang='grc' dir='ltr'>ἀποπέμπεται</span> 
     </span>
    </p>
   </div>
   <div class='ocr_carea' id='block_1_19' title="bbox 395 2119 1983 2196">
    <p class='ocr_par' dir='ltr' id='par_1_19' title="bbox 395 2119 1983 2196">
     <span class='ocr_line' id='line_1_19' title="bbox 395 2119 1983 2196; baseline 0.006 -26"><span class='ocrx_word' id='word_1_120' title='bbox 395 2119 613 2189; x_wconf 84' lang='grc' dir='ltr'>πικρῶς</span> <span class='ocrx_word' id='word_1_121' title='bbox 665 2121 755 2173; x_wconf 81' lang='grc' dir='ltr'><strong>τὸν</strong></span> <span class='ocrx_word' id='word_1_122' title='bbox 803 2121 1059 2190; x_wconf 80' lang='grc' dir='ltr'>φίλτατον</span> <span class='ocrx_word' id='word_1_123' title='bbox 1103 2125 1379 2184; x_wconf 84' lang='grc' dir='ltr'>’ῐωνάθαν,</span> <span class='ocrx_word' id='word_1_124' title='bbox 1421 2124 1513 2178; x_wconf 75' lang='grc' dir='ltr'><strong>τὸν</strong></span> <span class='ocrx_word' id='word_1_125' title='bbox 1557 2127 1797 2196; x_wconf 75' lang='grc' dir='ltr'>ἔμφυτον</span> <span class='ocrx_word' id='word_1_126' title='bbox 1840 2128 1983 2196; x_wconf 86' lang='grc' dir='ltr'>λέγω</span> 
     </span>
    </p>
   </div>
   <div class='ocr_carea' id='block_1_20' title="bbox 395 2211 1980 2286">
    <p class='ocr_par' dir='ltr' id='par_1_20' title="bbox 395 2211 1980 2286">
     <span class='ocr_line' id='line_1_20' title="bbox 395 2211 1980 2286; baseline 0.005 -23"><span class='ocrx_word' id='word_1_127' title='bbox 395 2211 540 2263; x_wconf 72' lang='grc' dir='ltr'>κατὰ</span> <span class='ocrx_word' id='word_1_128' title='bbox 567 2212 872 2281; x_wconf 82' lang='grc' dir='ltr'>συνείδησιν</span> <span class='ocrx_word' id='word_1_129' title='bbox 887 2212 1165 2284; x_wconf 75' lang='grc' dir='ltr'>λογισμὸν,</span> <span class='ocrx_word' id='word_1_130' title='bbox 1188 2214 1249 2267; x_wconf 89' lang='grc' dir='ltr'>τὺ</span> <span class='ocrx_word' id='word_1_131' title='bbox 1275 2216 1459 2268; x_wconf 73' lang='grc' dir='ltr'>ἄδικον</span> <span class='ocrx_word' id='word_1_132' title='bbox 1490 2219 1647 2285; x_wconf 88' lang='grc' dir='ltr'>μῖσος</span> <span class='ocrx_word' id='word_1_133' title='bbox 1667 2217 1980 2286; x_wconf 75' lang='grc' dir='ltr'>ἐλέγχοντα,</span> 
     </span>
    </p>
   </div>
   <div class='ocr_carea' id='block_1_21' title="bbox 400 2303 1984 2378">
    <p class='ocr_par' dir='ltr' id='par_1_21' title="bbox 400 2303 1984 2378">
     <span class='ocr_line' id='line_1_21' title="bbox 400 2303 1984 2378; baseline 0.006 -24"><span class='ocrx_word' id='word_1_134' title='bbox 400 2303 496 2355; x_wconf 77' lang='grc' dir='ltr'><strong>καὶ</strong></span> <span class='ocrx_word' id='word_1_135' title='bbox 553 2303 648 2355; x_wconf 74' lang='grc' dir='ltr'>τοῦ</span> <span class='ocrx_word' id='word_1_136' title='bbox 715 2309 1048 2373; x_wconf 84' lang='grc' dir='ltr'>μισουμένου</span> <span class='ocrx_word' id='word_1_137' title='bbox 1108 2307 1417 2377; x_wconf 79' lang='grc' dir='ltr'>φιλαλήθως</span> <span class='ocrx_word' id='word_1_138' title='bbox 1480 2309 1864 2378; x_wconf 74' lang='grc' dir='ltr'>ἀφηγούμενον</span> <span class='ocrx_word' id='word_1_139' title='bbox 1915 2309 1984 2363; x_wconf 77' lang='grc' dir='ltr'><strong>τὰ</strong></span> 
     </span>
    </p>
   </div>
   <div class='ocr_carea' id='block_1_22' title="bbox 401 2394 827 2464">
    <p class='ocr_par' dir='ltr' id='par_1_22' title="bbox 401 2394 827 2464">
     <span class='ocr_line' id='line_1_22' title="bbox 401 2394 827 2464; baseline 0.005 -16"><span class='ocrx_word' id='word_1_140' title='bbox 401 2394 827 2464; x_wconf 77' lang='grc' dir='ltr'>κατορθώματα.</span> 
     </span>
    </p>
   </div>
   <div class='ocr_carea' id='block_1_23' title="bbox 473 2486 1980 2563">
    <p class='ocr_par' dir='ltr' id='par_1_23' title="bbox 473 2486 1980 2563">
     <span class='ocr_line' id='line_1_23' title="bbox 473 2486 1980 2563; baseline 0.005 -24"><span class='ocrx_word' id='word_1_141' title='bbox 473 2486 573 2552; x_wconf 72' lang='grc' dir='ltr'><strong>ξαῆ</strong></span> <span class='ocrx_word' id='word_1_142' title='bbox 607 2488 1092 2560; x_wconf 85' lang='grc' dir='ltr'>Παρακαλέσωμεν</span> <span class='ocrx_word' id='word_1_143' title='bbox 1132 2490 1227 2544; x_wconf 74' lang='grc' dir='ltr'><strong>καὶ</strong></span> <span class='ocrx_word' id='word_1_144' title='bbox 1254 2491 1416 2560; x_wconf 77' lang='grc' dir='ltr'>ἡμεῖς</span> <span class='ocrx_word' id='word_1_145' title='bbox 1443 2491 1534 2544; x_wconf 81' lang='grc' dir='ltr'><strong>τὸν</strong></span> <span class='ocrx_word' id='word_1_146' title='bbox 1574 2493 1764 2563; x_wconf 74' lang='grc' dir='ltr'>νοητὸν</span> <span class='ocrx_word' id='word_1_147' title='bbox 1794 2494 1980 2555; x_wconf 65' lang='grc' dir='ltr'>Δαϐιδ,</span> 
     </span>
    </p>
   </div>
   <div class='ocr_carea' id='block_1_24' title="bbox 397 2579 1985 2656">
    <p class='ocr_par' dir='ltr' id='par_1_24' title="bbox 397 2579 1985 2656">
     <span class='ocr_line' id='line_1_24' title="bbox 397 2579 1985 2656; baseline 0.005 -25"><span class='ocrx_word' id='word_1_148' title='bbox 397 2579 677 2649; x_wconf 77' lang='grc' dir='ltr'>ἑπηχῆσαι</span> <span class='ocrx_word' id='word_1_149' title='bbox 706 2583 770 2650; x_wconf 82' lang='grc' dir='ltr'>τῇ</span> <span class='ocrx_word' id='word_1_150' title='bbox 801 2581 1005 2652; x_wconf 79' lang='grc' dir='ltr'>κιθάρᾳ</span> <span class='ocrx_word' id='word_1_151' title='bbox 1045 2585 1143 2652; x_wconf 82' lang='grc' dir='ltr'><strong>τῆς</strong></span> <span class='ocrx_word' id='word_1_152' title='bbox 1182 2583 1562 2655; x_wconf 78' lang='grc' dir='ltr'>πνευματικῆς</span> <span class='ocrx_word' id='word_1_153' title='bbox 1604 2585 1840 2656; x_wconf 83' lang='grc' dir='ltr'>θεωρίας</span> <span class='ocrx_word' id='word_1_154' title='bbox 1888 2588 1985 2641; x_wconf 78' lang='grc' dir='ltr'><strong>καὶ</strong></span> 
     </span>
    </p>
   </div>
   <div class='ocr_carea' id='block_1_25' title="bbox 396 2666 1984 2744">
    <p class='ocr_par' dir='ltr' id='par_1_25' title="bbox 396 2666 1984 2744">
     <span class='ocr_line' id='line_1_25' title="bbox 396 2666 1984 2744; baseline 0.006 -26"><span class='ocrx_word' id='word_1_155' title='bbox 396 2666 677 2733; x_wconf 83' lang='grc' dir='ltr'>γνώσεως,</span> <span class='ocrx_word' id='word_1_156' title='bbox 714 2669 1220 2739; x_wconf 84' lang='grc' dir='ltr'>ὲπιληπτευόμενον</span> <span class='ocrx_word' id='word_1_157' title='bbox 1262 2674 1374 2734; x_wconf 83' lang='grc' dir='ltr'>τοῖς</span> <span class='ocrx_word' id='word_1_158' title='bbox 1401 2671 1607 2736; x_wconf 74' lang='grc' dir='ltr'>ὑλικοῖς</span> <span class='ocrx_word' id='word_1_159' title='bbox 1631 2674 1702 2744; x_wconf 74' lang='lat' dir='ltr'><strong>(It;</strong></span> <span class='ocrx_word' id='word_1_160' title='bbox 1732 2674 1821 2725; x_wconf 83' lang='grc' dir='ltr'><strong>τὸν</strong></span> <span class='ocrx_word' id='word_1_161' title='bbox 1851 2675 1984 2744; x_wconf 83' lang='grc' dir='ltr'>ἠμέ-</span> 
     </span>
    </p>
   </div>
   <div class='ocr_carea' id='block_1_26' title="bbox 397 2759 1982 2839">
    <p class='ocr_par' dir='ltr' id='par_1_26' title="bbox 397 2759 1982 2839">
     <span class='ocr_line' id='line_1_26' title="bbox 397 2759 1982 2839; baseline 0.007 -29"><span class='ocrx_word' id='word_1_162' title='bbox 397 2776 558 2826; x_wconf 84' lang='grc' dir='ltr'>τερον</span> <span class='ocrx_word' id='word_1_163' title='bbox 593 2759 740 2824; x_wconf 81' lang='grc' dir='ltr'>νοῦν,</span> <span class='ocrx_word' id='word_1_164' title='bbox 774 2761 870 2812; x_wconf 73' lang='grc' dir='ltr'><strong>καὶ</strong></span> <span class='ocrx_word' id='word_1_165' title='bbox 915 2762 1186 2815; x_wconf 76' lang='grc' dir='ltr'>ἀπελάσαι</span> <span class='ocrx_word' id='word_1_166' title='bbox 1234 2762 1294 2814; x_wconf 78' lang='grc' dir='ltr'>τὸ</span> <span class='ocrx_word' id='word_1_167' title='bbox 1340 2765 1578 2835; x_wconf 84' lang='grc' dir='ltr'>πονηρὸν</span> <span class='ocrx_word' id='word_1_168' title='bbox 1618 2766 1835 2835; x_wconf 82' lang='grc' dir='ltr'>πνεῦμα</span> <span class='ocrx_word' id='word_1_169' title='bbox 1886 2769 1982 2839; x_wconf 80' lang='grc' dir='ltr'>τῆς</span> 
     </span>
    </p>
   </div>
   <div class='ocr_carea' id='block_1_27' title="bbox 399 2851 1983 2928">
    <p class='ocr_par' dir='ltr' id='par_1_27' title="bbox 399 2851 1983 2928">
     <span class='ocr_line' id='line_1_27' title="bbox 399 2851 1983 2928; baseline 0.005 -25"><span class='ocrx_word' id='word_1_170' title='bbox 399 2851 536 2922; x_wconf 81' lang='grc' dir='ltr'>πρὸς</span> <span class='ocrx_word' id='word_1_171' title='bbox 575 2852 829 2922; x_wconf 74' lang='grc' dir='ltr'>αἴσθησιν</span> <span class='ocrx_word' id='word_1_172' title='bbox 861 2853 1052 2922; x_wconf 77' lang='grc' dir='ltr'>ὑλικῆς</span> <span class='ocrx_word' id='word_1_173' title='bbox 1101 2856 1478 2923; x_wconf 82' lang='grc' dir='ltr'>περιπετείας,</span> <span class='ocrx_word' id='word_1_174' title='bbox 1526 2857 1614 2909; x_wconf 80' lang='grc' dir='ltr'><strong>ἵνα</strong></span> <span class='ocrx_word' id='word_1_175' title='bbox 1663 2857 1983 2928; x_wconf 58' lang='grc' dir='ltr'>δυνηθῶμεν</span> 
     </span>
    </p>
   </div>
   <div class='ocr_carea' id='block_1_28' title="bbox 400 2942 1985 3019">
    <p class='ocr_par' dir='ltr' id='par_1_28' title="bbox 400 2942 1985 3019">
     <span class='ocr_line' id='line_1_28' title="bbox 400 2942 1985 3019; baseline 0.004 -26"><span class='ocrx_word' id='word_1_176' title='bbox 400 2943 598 3011; x_wconf 80' lang='grc' dir='ltr'>νοῆσαι</span> <span class='ocrx_word' id='word_1_177' title='bbox 655 2942 742 2994; x_wconf 74' lang='grc' dir='ltr'><strong>τὸν</strong></span> <span class='ocrx_word' id='word_1_178' title='bbox 793 2943 958 3011; x_wconf 79' lang='grc' dir='ltr'>νόμον</span> <span class='ocrx_word' id='word_1_179' title='bbox 1005 2947 1414 3013; x_wconf 79' lang='grc' dir='ltr'>πνευματικῶς,</span> <span class='ocrx_word' id='word_1_180' title='bbox 1474 2947 1570 2999; x_wconf 72' lang='grc' dir='ltr'><strong>καὶ</strong></span> <span class='ocrx_word' id='word_1_181' title='bbox 1599 2947 1690 3000; x_wconf 76' lang='grc' dir='ltr'>τὸν</span> <span class='ocrx_word' id='word_1_182' title='bbox 1736 2950 1792 3000; x_wconf 81' lang='grc' dir='ltr'><strong>ἐν</strong></span> <span class='ocrx_word' id='word_1_183' title='bbox 1836 2951 1985 3019; x_wconf 83' lang='grc' dir='ltr'>αὑτῷ</span> 
     </span>
    </p>
   </div>
   <div class='ocr_carea' id='block_1_29' title="bbox 399 3036 1985 3112">
    <p class='ocr_par' dir='ltr' id='par_1_29' title="bbox 399 3036 1985 3112">
     <span class='ocr_line' id='line_1_29' title="bbox 399 3036 1985 3112; baseline 0.006 -25"><span class='ocrx_word' id='word_1_184' title='bbox 399 3036 788 3106; x_wconf 83' lang='grc' dir='ltr'>κεκρυμμένον</span> <span class='ocrx_word' id='word_1_185' title='bbox 838 3037 997 3104; x_wconf 77' lang='grc' dir='ltr'>λόγον</span> <span class='ocrx_word' id='word_1_186' title='bbox 1063 3039 1326 3107; x_wconf 59' lang='grc' dir='ltr'>μυστικὴν</span> <span class='ocrx_word' id='word_1_187' title='bbox 1377 3041 1583 3110; x_wconf 83' lang='grc' dir='ltr'>εὑρεῖν,</span> <span class='ocrx_word' id='word_1_188' title='bbox 1640 3043 1736 3095; x_wconf 79' lang='grc' dir='ltr'>καὶ</span> <span class='ocrx_word' id='word_1_189' title='bbox 1796 3043 1985 3112; x_wconf 73' lang='grc' dir='ltr'>κτῆμα.</span> 
     </span>
    </p>
   </div>
   <div class='ocr_carea' id='block_1_30' title="bbox 399 3127 1807 3201">
    <p class='ocr_par' dir='ltr' id='par_1_30' title="bbox 399 3127 1807 3201">
     <span class='ocr_line' id='line_1_30' title="bbox 399 3127 1807 3201; baseline 0.006 -24"><span class='ocrx_word' id='word_1_190' title='bbox 399 3127 733 3195; x_wconf 74' lang='grc' dir='ltr'>ποιήσασθαι</span> <span class='ocrx_word' id='word_1_191' title='bbox 761 3129 984 3198; x_wconf 79' lang='grc' dir='ltr'>διαρκὲς</span> <span class='ocrx_word' id='word_1_192' title='bbox 1023 3130 1158 3199; x_wconf 67' lang='grc' dir='ltr'>πρὸς</span> <span class='ocrx_word' id='word_1_193' title='bbox 1192 3131 1401 3198; x_wconf 69' lang='grc' dir='ltr'>ἑφόδιον</span> <span class='ocrx_word' id='word_1_194' title='bbox 1440 3131 1585 3201; x_wconf 78' lang='grc' dir='ltr'>ζωῆς</span> <span class='ocrx_word' id='word_1_195' title='bbox 1613 3134 1807 3188; x_wconf 82' lang='grc' dir='ltr'>ἀϊδίου.</span> 
     </span>
    </p>
   </div>
   <div class='ocr_carea' id='block_1_31' title="bbox 473 3215 1982 3293">
    <p class='ocr_par' dir='ltr' id='par_1_31' title="bbox 473 3215 1982 3293">
     <span class='ocr_line' id='line_1_31' title="bbox 473 3215 1982 3293; baseline 0.021 -25"><span class='ocrx_word' id='word_1_196' title='bbox 473 3215 571 3288; x_wconf 71' lang='grc' dir='ltr'><strong>ξβ’.</strong></span> <span class='ocrx_word' id='word_1_197' title='bbox 624 3219 737 3286; x_wconf 81' lang='grc' dir='ltr'>Πᾶς</span> <span class='ocrx_word' id='word_1_198' title='bbox 775 3222 801 3272; x_wconf 84' lang='grc' dir='ltr'>ὁ</span> <span class='ocrx_word' id='word_1_199' title='bbox 847 3220 1124 3290; x_wconf 68' lang='grc' dir='ltr'>σωτηρίας</span> <span class='ocrx_word' id='word_1_200' title='bbox 1158 3220 1320 3292; x_wconf 73' lang='grc' dir='ltr'>ἐρῶν»</span> <span class='ocrx_word' id='word_1_201' title='bbox 1365 3221 1397 3293; x_wconf 79' lang='grc' dir='ltr'>ἦ</span> <span class='ocrx_word' id='word_1_202' title='bbox 1439 3223 1637 3292; x_wconf 67' lang='grc' dir='ltr'><strong>πράξει</strong></span> <span class='ocrx_word' id='word_1_203' title='bbox 1691 3225 1911 3287; x_wconf 68' lang='grc' dir='ltr'><strong>πάντως</strong></span> <span class='ocrx_word' id='word_1_204' title='bbox 1950 3224 1982 3293; x_wconf 69' lang='grc' dir='ltr'>ἢ</span> 
     </span>
    </p>
   </div>
   <div class='ocr_carea' id='block_1_32' title="bbox 398 3312 1986 3385">
    <p class='ocr_par' dir='ltr' id='par_1_32' title="bbox 398 3312 1986 3385">
     <span class='ocr_line' id='line_1_32' title="bbox 398 3312 1986 3385; baseline 0.003 -21"><span class='ocrx_word' id='word_1_205' title='bbox 398 3312 604 3382; x_wconf 66' lang='grc' dir='ltr'>θεωρίᾳ</span> <span class='ocrx_word' id='word_1_206' title='bbox 638 3312 982 3382; x_wconf 81' lang='grc' dir='ltr'>προσανέχει.</span> <span class='ocrx_word' id='word_1_207' title='bbox 1045 3314 1272 3383; x_wconf 78' lang='grc' dir='ltr'>Ἀρετῆς</span> <span class='ocrx_word' id='word_1_208' title='bbox 1320 3314 1429 3385; x_wconf 83' lang='grc' dir='ltr'><strong>γὰρ</strong></span> <span class='ocrx_word' id='word_1_209' title='bbox 1464 3317 1556 3367; x_wconf 73' lang='grc' dir='ltr'>καὶ</span> <span class='ocrx_word' id='word_1_210' title='bbox 1600 3314 1853 3382; x_wconf 85' lang='grc' dir='ltr'>γνώσεως</span> <span class='ocrx_word' id='word_1_211' title='bbox 1877 3334 1986 3385; x_wconf 81' lang='grc' dir='ltr'>χω·</span> 
     </span>
    </p>
   </div>
   <div class='ocr_carea' id='block_1_33' title="bbox 401 3401 1987 3474">
    <p class='ocr_par' dir='ltr' id='par_1_33' title="bbox 401 3401 1987 3474">
     <span class='ocr_line' id='line_1_33' title="bbox 401 3401 1987 3474; baseline 0.003 -23"><span class='ocrx_word' id='word_1_212' title='bbox 401 3401 507 3471; x_wconf 70' lang='grc' dir='ltr'>ρἰς.</span> <span class='ocrx_word' id='word_1_213' title='bbox 537 3402 786 3470; x_wconf 67' lang='grc' dir='ltr'>οὐδαμῶς</span> <span class='ocrx_word' id='word_1_214' title='bbox 814 3402 989 3465; x_wconf 78' lang='grc' dir='ltr'>οὐδεὶς</span> <span class='ocrx_word' id='word_1_215' title='bbox 1021 3403 1238 3455; x_wconf 83' lang='grc' dir='ltr'>πώποτε</span> <span class='ocrx_word' id='word_1_216' title='bbox 1263 3407 1446 3473; x_wconf 81' lang='grc' dir='ltr'>τυχεῖν</span> <span class='ocrx_word' id='word_1_217' title='bbox 1478 3406 1750 3474; x_wconf 78' lang='grc' dir='ltr'>σωτηρίας</span> <span class='ocrx_word' id='word_1_218' title='bbox 1771 3405 1987 3474; x_wconf 78' lang='grc' dir='ltr'>δεδύνη-</span> 
     </span>
    </p>
   </div>
   <div class='ocr_carea' id='block_1_34' title="bbox 395 3494 1984 3567">
    <p class='ocr_par' dir='ltr' id='par_1_34' title="bbox 395 3494 1984 3567">
     <span class='ocr_line' id='line_1_34' title="bbox 395 3494 1984 3567; baseline 0.003 -23"><span class='ocrx_word' id='word_1_219' title='bbox 395 3510 488 3544; x_wconf 86' lang='grc' dir='ltr'><strong>ται</strong></span> <span class='ocrx_word' id='word_1_220' title='bbox 508 3512 520 3524; x_wconf 91' lang='grc'><strong>·</strong></span> <span class='ocrx_word' id='word_1_221' title='bbox 554 3495 710 3563; x_wconf 79' lang='grc' dir='ltr'>εἴπερ</span> <span class='ocrx_word' id='word_1_222' title='bbox 741 3494 942 3564; x_wconf 75' lang='grc' dir='ltr'>ἀρετῆς</span> <span class='ocrx_word' id='word_1_223' title='bbox 979 3495 1097 3560; x_wconf 83' lang='grc' dir='ltr'>μὲν,</span> <span class='ocrx_word' id='word_1_224' title='bbox 1137 3497 1195 3548; x_wconf 78' lang='grc' dir='ltr'>τὸ</span> <span class='ocrx_word' id='word_1_225' title='bbox 1224 3495 1446 3548; x_wconf 78' lang='grc' dir='ltr'>τάσσειν</span> <span class='ocrx_word' id='word_1_226' title='bbox 1476 3496 1576 3567; x_wconf 76' lang='grc' dir='ltr'><strong>τὴν</strong></span> <span class='ocrx_word' id='word_1_227' title='bbox 1603 3497 1694 3549; x_wconf 75' lang='grc' dir='ltr'>τοῦ</span> <span class='ocrx_word' id='word_1_228' title='bbox 1733 3496 1984 3566; x_wconf 77' lang='grc' dir='ltr'>σώματος</span> 
     </span>
    </p>
   </div>
   <div class='ocr_carea' id='block_1_35' title="bbox 395 3581 1985 3658">
    <p class='ocr_par' dir='ltr' id='par_1_35' title="bbox 395 3581 1985 3658">
     <span class='ocr_line' id='line_1_35' title="bbox 395 3581 1985 3658; baseline 0.003 -22"><span class='ocrx_word' id='word_1_229' title='bbox 395 3585 632 3652; x_wconf 84' lang='grc' dir='ltr'>κίνησιν,</span> <span class='ocrx_word' id='word_1_230' title='bbox 660 3581 769 3637; x_wconf 69' lang='grc' dir='ltr'>οἷον</span> <span class='ocrx_word' id='word_1_231' title='bbox 801 3587 1004 3656; x_wconf 75' lang='grc' dir='ltr'>χαλινῷ</span> <span class='ocrx_word' id='word_1_232' title='bbox 1035 3605 1140 3639; x_wconf 87' lang='grc' dir='ltr'>τινι</span> <span class='ocrx_word' id='word_1_233' title='bbox 1168 3587 1242 3655; x_wconf 83' lang='grc' dir='ltr'>τῷ</span> <span class='ocrx_word' id='word_1_234' title='bbox 1279 3587 1422 3658; x_wconf 79' lang='grc' dir='ltr'>ὀρθῷ</span> <span class='ocrx_word' id='word_1_235' title='bbox 1453 3587 1703 3656; x_wconf 82' lang='grc' dir='ltr'>λογισμῷ</span> <span class='ocrx_word' id='word_1_236' title='bbox 1727 3590 1825 3658; x_wconf 75' lang='grc' dir='ltr'>τῆς</span> <span class='ocrx_word' id='word_1_237' title='bbox 1852 3590 1985 3656; x_wconf 72' lang='grc' dir='ltr'>πρὸς</span> 
     </span>
    </p>
   </div>
   <div class='ocr_carea' id='block_1_36' title="bbox 393 3677 1985 3749">
    <p class='ocr_par' dir='ltr' id='par_1_36' title="bbox 393 3677 1985 3749">
     <span class='ocr_line' id='line_1_36' title="bbox 393 3677 1985 3749; baseline 0.002 -20"><span class='ocrx_word' id='word_1_238' title='bbox 393 3677 629 3730; x_wconf 85' lang='grc' dir='ltr'>ἀτοπίαν</span> <span class='ocrx_word' id='word_1_239' title='bbox 673 3681 845 3746; x_wconf 81' lang='grc' dir='ltr'>φορᾶς</span> <span class='ocrx_word' id='word_1_240' title='bbox 879 3681 1260 3749; x_wconf 73' lang='grc' dir='ltr'>ἐπιστημόνως</span> <span class='ocrx_word' id='word_1_241' title='bbox 1309 3679 1801 3749; x_wconf 75' lang='grc' dir='ltr'>ἁναχαιτιζούσης·</span> <span class='ocrx_word' id='word_1_242' title='bbox 1851 3681 1985 3732; x_wconf 85' lang='grc' dir='ltr'>θεω-</span> 
     </span>
    </p>
   </div>
   <div class='ocr_carea' id='block_1_37' title="bbox 399 3766 1984 3844">
    <p class='ocr_par' dir='ltr' id='par_1_37' title="bbox 399 3766 1984 3844">
     <span class='ocr_line' id='line_1_37' title="bbox 399 3766 1984 3844; baseline 0.003 -27"><span class='ocrx_word' id='word_1_243' title='bbox 399 3766 525 3836; x_wconf 82' lang='grc' dir='ltr'>ρίας</span> <span class='ocrx_word' id='word_1_244' title='bbox 564 3767 642 3831; x_wconf 77' lang='grc' dir='ltr'><strong>δὲ,</strong></span> <span class='ocrx_word' id='word_1_245' title='bbox 701 3769 761 3820; x_wconf 78' lang='grc' dir='ltr'><strong>τὸ</strong></span> <span class='ocrx_word' id='word_1_246' title='bbox 808 3769 876 3821; x_wconf 73' lang='grc' dir='ltr'>τὰ</span> <span class='ocrx_word' id='word_1_247' title='bbox 937 3768 1122 3831; x_wconf 89' lang='grc' dir='ltr'>καλῶς</span> <span class='ocrx_word' id='word_1_248' title='bbox 1167 3769 1435 3844; x_wconf 78' lang='grc' dir='ltr'>νοηθέντα</span> <span class='ocrx_word' id='word_1_249' title='bbox 1477 3788 1536 3822; x_wconf 91' lang='grc' dir='ltr'><strong>τε</strong></span> <span class='ocrx_word' id='word_1_250' title='bbox 1578 3771 1673 3824; x_wconf 65' lang='grc' dir='ltr'><strong>καλ⁸</strong></span> <span class='ocrx_word' id='word_1_251' title='bbox 1723 3769 1984 3841; x_wconf 84' lang='grc' dir='ltr'>κριθέντα</span> 
     </span>
    </p>
   </div>
   <div class='ocr_carea' id='block_1_38' title="bbox 395 3857 1492 3932">
    <p class='ocr_par' dir='ltr' id='par_1_38' title="bbox 395 3857 1492 3932">
     <span class='ocr_line' id='line_1_38' title="bbox 395 3857 1492 3932; baseline 0.005 -22"><span class='ocrx_word' id='word_1_252' title='bbox 395 3859 690 3929; x_wconf 74' lang='grc' dir='ltr'>ἐμφρόνως</span> <span class='ocrx_word' id='word_1_253' title='bbox 718 3860 997 3931; x_wconf 85' lang='grc' dir='ltr'>αἱρεῖσθαι</span> <span class='ocrx_word' id='word_1_254' title='bbox 1017 3860 1372 3932; x_wconf 66' lang='grc' dir='ltr'>ψηφίζεσθαι.</span> <span class='ocrx_word' id='word_1_255' title='bbox 1487 3857 1492 3861; x_wconf 71' lang='grc'><strong>’</strong></span> 
     </span>
    </p>
   </div>
   <div class='ocr_carea' id='block_1_39' title="bbox 475 4033 1984 4107">
    <p class='ocr_par' dir='ltr' id='par_1_39' title="bbox 475 4033 1984 4107">
     <span class='ocr_line' id='line_1_39' title="bbox 475 4033 1984 4107; baseline 0.003 -19"><span class='ocrx_word' id='word_1_256' title='bbox 475 4033 577 4101; x_wconf 84' lang='grc' dir='ltr'>ξγ’.</span> <span class='ocrx_word' id='word_1_257' title='bbox 626 4033 846 4105; x_wconf 83' lang='grc' dir='ltr'>Ἐπειδὴ</span> <span class='ocrx_word' id='word_1_258' title='bbox 887 4037 1071 4107; x_wconf 75' lang='grc' dir='ltr'>νοερὸν</span> <span class='ocrx_word' id='word_1_259' title='bbox 1116 4037 1212 4107; x_wconf 88' lang='grc' dir='ltr'><strong>μέν</strong></span> <span class='ocrx_word' id='word_1_260' title='bbox 1241 4038 1356 4089; x_wconf 72' lang='grc' dir='ltr'>ἐστι</span> <span class='ocrx_word' id='word_1_261' title='bbox 1381 4036 1441 4090; x_wconf 85' lang='grc' dir='ltr'>τὸ</span> <span class='ocrx_word' id='word_1_262' title='bbox 1476 4037 1656 4102; x_wconf 74' lang='grc' dir='ltr'>νοοῦν,</span> <span class='ocrx_word' id='word_1_263' title='bbox 1697 4037 1888 4107; x_wconf 81' lang='grc' dir='ltr'>νοητὸν</span> <span class='ocrx_word' id='word_1_264' title='bbox 1925 4038 1984 4091; x_wconf 82' lang='grc' dir='ltr'><strong>δὲ</strong></span> 
     </span>
    </p>
   </div>
   <div class='ocr_carea' id='block_1_40' title="bbox 393 4124 1986 4198">
    <p class='ocr_par' dir='ltr' id='par_1_40' title="bbox 393 4124 1986 4198">
     <span class='ocr_line' id='line_1_40' title="bbox 393 4124 1986 4198; baseline 0.003 -20"><span class='ocrx_word' id='word_1_265' title='bbox 393 4124 460 4178; x_wconf 74' lang='grc' dir='ltr'>τὸ</span> <span class='ocrx_word' id='word_1_266' title='bbox 483 4125 795 4195; x_wconf 81' lang='grc' dir='ltr'>νοούμενον,</span> <span class='ocrx_word' id='word_1_267' title='bbox 833 4130 1008 4198; x_wconf 74' lang='grc' dir='ltr'>τροφὴ</span> <span class='ocrx_word' id='word_1_268' title='bbox 1039 4128 1095 4180; x_wconf 79' lang='grc' dir='ltr'>δὲ</span> <span class='ocrx_word' id='word_1_269' title='bbox 1126 4130 1220 4182; x_wconf 73' lang='grc' dir='ltr'><strong>καὶ</strong></span> <span class='ocrx_word' id='word_1_270' title='bbox 1245 4125 1357 4182; x_wconf 78' lang='grc' dir='ltr'>οἷον</span> <span class='ocrx_word' id='word_1_271' title='bbox 1402 4127 1668 4193; x_wconf 86' lang='grc' dir='ltr'>σύστασις</span> <span class='ocrx_word' id='word_1_272' title='bbox 1687 4129 1782 4182; x_wconf 81' lang='grc' dir='ltr'>τοῦ</span> <span class='ocrx_word' id='word_1_273' title='bbox 1807 4131 1986 4183; x_wconf 77' lang='grc' dir='ltr'>νοοῦν-</span> 
     </span>
    </p>
   </div>
   <div class='ocr_carea' id='block_1_41' title="bbox 390 4220 1983 4289">
    <p class='ocr_par' dir='ltr' id='par_1_41' title="bbox 390 4220 1983 4289">
     <span class='ocr_line' id='line_1_41' title="bbox 390 4220 1983 4289; baseline 0.003 -17"><span class='ocrx_word' id='word_1_274' title='bbox 390 4236 491 4281; x_wconf 80' lang='grc' dir='ltr'><strong>τος</strong></span> <span class='ocrx_word' id='word_1_275' title='bbox 516 4220 579 4271; x_wconf 84' lang='grc' dir='ltr'><strong>τὸ</strong></span> <span class='ocrx_word' id='word_1_276' title='bbox 603 4221 932 4289; x_wconf 82' lang='grc' dir='ltr'><strong>νοούμενον⁸</strong></span> <span class='ocrx_word' id='word_1_277' title='bbox 985 4222 1214 4285; x_wconf 81' lang='grc' dir='ltr'>εἰκότως</span> <span class='ocrx_word' id='word_1_278' title='bbox 1267 4225 1294 4275; x_wconf 88' lang='grc' dir='ltr'>ὁ</span> <span class='ocrx_word' id='word_1_279' title='bbox 1337 4221 1468 4285; x_wconf 76' lang='grc' dir='ltr'>Θεὸς</span> <span class='ocrx_word' id='word_1_280' title='bbox 1503 4221 1599 4275; x_wconf 81' lang='grc' dir='ltr'>ἆτε</span> <span class='ocrx_word' id='word_1_281' title='bbox 1643 4223 1780 4276; x_wconf 65' lang='grc' dir='ltr'>νέων</span> <span class='ocrx_word' id='word_1_282' title='bbox 1811 4223 1983 4277; x_wconf 75' lang='grc' dir='ltr'>ὄντων</span> 
     </span>
    </p>
   </div>
   <div class='ocr_carea' id='block_1_42' title="bbox 391 4309 1984 4382">
    <p class='ocr_par' dir='ltr' id='par_1_42' title="bbox 391 4309 1984 4382">
     <span class='ocr_line' id='line_1_42' title="bbox 391 4309 1984 4382; baseline 0.003 -20"><span class='ocrx_word' id='word_1_283' title='bbox 391 4309 522 4362; x_wconf 84' lang='grc' dir='ltr'>τῶν.</span> <span class='ocrx_word' id='word_1_284' title='bbox 541 4309 873 4380; x_wconf 76' lang='grc' dir='ltr'>ἀσωμάτων,</span> <span class='ocrx_word' id='word_1_285' title='bbox 909 4311 1071 4372; x_wconf 83' lang='grc' dir='ltr'>αὐτὸς</span> <span class='ocrx_word' id='word_1_286' title='bbox 1100 4311 1408 4381; x_wconf 81' lang='grc' dir='ltr'>νοούμενος,</span> <span class='ocrx_word' id='word_1_287' title='bbox 1438 4313 1531 4365; x_wconf 72' lang='grc' dir='ltr'>καὶ</span> <span class='ocrx_word' id='word_1_288' title='bbox 1581 4314 1771 4382; x_wconf 85' lang='grc' dir='ltr'>νοητὸς</span> <span class='ocrx_word' id='word_1_289' title='bbox 1800 4315 1984 4379; x_wconf 81' lang='grc' dir='ltr'>αὐτοῖς</span> 
     </span>
    </p>
   </div>
   <div class='ocr_carea' id='block_1_43' title="bbox 393 4400 1985 4470">
    <p class='ocr_par' dir='ltr' id='par_1_43' title="bbox 393 4400 1985 4470">
     <span class='ocr_line' id='line_1_43' title="bbox 393 4400 1985 4470; baseline 0.003 -17"><span class='ocrx_word' id='word_1_290' title='bbox 393 4400 522 4453; x_wconf 75' lang='grc' dir='ltr'>καθ’</span> <span class='ocrx_word' id='word_1_291' title='bbox 572 4403 694 4455; x_wconf 80' lang='grc' dir='ltr'>ὅσον</span> <span class='ocrx_word' id='word_1_292' title='bbox 750 4403 1101 4469; x_wconf 72' lang='grc' dir='ltr'>ἐφικνοῦνται</span> <span class='ocrx_word' id='word_1_293' title='bbox 1157 4403 1480 4470; x_wconf 85' lang='grc' dir='ltr'>γινόμενος,</span> <span class='ocrx_word' id='word_1_294' title='bbox 1530 4403 1735 4457; x_wconf 74' lang='grc' dir='ltr'>ἔσωθεν</span> <span class='ocrx_word' id='word_1_295' title='bbox 1781 4405 1985 4469; x_wconf 76' lang='grc' dir='ltr'>αὐτοὺς</span> 
     </span>
    </p>
   </div>
   <div class='ocr_carea' id='block_1_44' title="bbox 393 4493 1817 4582">
    <p class='ocr_par' dir='ltr' id='par_1_44' title="bbox 393 4493 1817 4582">
     <span class='ocr_line' id='line_1_44' title="bbox 393 4493 1817 4582; baseline 0.005 -36"><span class='ocrx_word' id='word_1_296' title='bbox 393 4493 688 4564; x_wconf 83' lang='grc' dir='ltr'>ἑλλάμπει,</span> <span class='ocrx_word' id='word_1_297' title='bbox 721 4497 813 4548; x_wconf 82' lang='grc' dir='ltr'>τοῦ</span> <span class='ocrx_word' id='word_1_298' title='bbox 842 4494 934 4548; x_wconf 77' lang='grc' dir='ltr'>νοῦ</span> <span class='ocrx_word' id='word_1_299' title='bbox 966 4496 1218 4560; x_wconf 84' lang='grc' dir='ltr'>νοοῦντός</span> <span class='ocrx_word' id='word_1_300' title='bbox 1248 4513 1306 4548; x_wconf 85' lang='grc' dir='ltr'><strong>τε</strong></span> <span class='ocrx_word' id='word_1_301' title='bbox 1337 4496 1432 4549; x_wconf 69' lang='grc' dir='ltr'>καὶ</span> <span class='ocrx_word' id='word_1_302' title='bbox 1457 4496 1817 4582; x_wconf 46' lang='grc' dir='ltr'>τρεφμένου.</span> 
     </span>
    </p>
   </div>
   <div class='ocr_carea' id='block_1_45' title="bbox 470 4673 1985 4745">
    <p class='ocr_par' dir='ltr' id='par_1_45' title="bbox 470 4673 1985 4745">
     <span class='ocr_line' id='line_1_45' title="bbox 470 4673 1985 4745; baseline 0.002 -20"><span class='ocrx_word' id='word_1_303' title='bbox 470 4673 561 4738; x_wconf 80' lang='grc' dir='ltr'><strong>ξδ’.</strong></span> <span class='ocrx_word' id='word_1_304' title='bbox 609 4674 835 4745; x_wconf 82' lang='grc' dir='ltr'>’Έτερόν</span> <span class='ocrx_word' id='word_1_305' title='bbox 863 4676 1000 4735; x_wconf 81' lang='grc' dir='ltr'>,ἐστι</span> <span class='ocrx_word' id='word_1_306' title='bbox 1039 4675 1249 4744; x_wconf 82' lang='grc' dir='ltr'>νοητὸν,</span> <span class='ocrx_word' id='word_1_307' title='bbox 1294 4677 1386 4727; x_wconf 74' lang='grc' dir='ltr'>καὶ</span> <span class='ocrx_word' id='word_1_308' title='bbox 1428 4673 1617 4743; x_wconf 72' lang='grc' dir='ltr'>ἕτερον</span> <span class='ocrx_word' id='word_1_309' title='bbox 1647 4675 1854 4745; x_wconf 84' lang='grc' dir='ltr'>νοερόν.</span> <span class='ocrx_word' id='word_1_310' title='bbox 1910 4675 1985 4728; x_wconf 75' lang='grc' dir='ltr'>Τὸ</span> 
     </span>
    </p>
   </div>
   <div class='ocr_carea' id='block_1_46' title="bbox 392 4759 1987 4837">
    <p class='ocr_par' dir='ltr' id='par_1_46' title="bbox 392 4759 1987 4837">
     <span class='ocr_line' id='line_1_46' title="bbox 392 4759 1987 4837; baseline 0.003 -21"><span class='ocrx_word' id='word_1_311' title='bbox 392 4766 504 4835; x_wconf 71' lang='grc' dir='ltr'><strong>γὰρ</strong></span> <span class='ocrx_word' id='word_1_312' title='bbox 527 4767 738 4836; x_wconf 80' lang='grc' dir='ltr'>νοητὸν,</span> <span class='ocrx_word' id='word_1_313' title='bbox 770 4766 943 4837; x_wconf 60' lang='grc' dir='ltr'>τροφὴ</span> <span class='ocrx_word' id='word_1_314' title='bbox 990 4759 1079 4819; x_wconf 78' lang='grc' dir='ltr'><strong>οἷά</strong></span> <span class='ocrx_word' id='word_1_315' title='bbox 1118 4783 1220 4830; x_wconf 88' lang='grc' dir='ltr'>τις,</span> <span class='ocrx_word' id='word_1_316' title='bbox 1265 4765 1340 4828; x_wconf 78' lang='grc' dir='ltr'>ὡς</span> <span class='ocrx_word' id='word_1_317' title='bbox 1376 4765 1614 4836; x_wconf 75' lang='grc' dir='ltr'>εἴρηται,</span> <span class='ocrx_word' id='word_1_318' title='bbox 1658 4765 1753 4818; x_wconf 80' lang='grc' dir='ltr'>τοῦ</span> <span class='ocrx_word' id='word_1_319' title='bbox 1797 4767 1987 4837; x_wconf 73' lang='grc' dir='ltr'>νοεροῦ</span> 
     </span>
    </p>
   </div>
   <div class='ocr_carea' id='block_1_47' title="bbox 469 4881 1418 4950">
    <p class='ocr_par' dir='ltr' id='par_1_47' title="bbox 469 4881 1418 4950">
     <span class='ocr_line' id='line_1_47' title="bbox 469 4881 1418 4950; baseline -0.004 -12"><span class='ocrx_word' id='word_1_320' title='bbox 469 4885 515 4916; x_wconf 65' lang='grc'>⁸⁵</span> <span class='ocrx_word' id='word_1_321' title='bbox 541 4885 675 4940; x_wconf 85' lang='lat' dir='ltr'><strong>Luc.</strong></span> <span class='ocrx_word' id='word_1_322' title='bbox 708 4902 766 4950; x_wconf 83' lang='grc' dir='ltr'><strong>ιι,</strong></span> <span class='ocrx_word' id='word_1_323' title='bbox 794 4885 884 4939; x_wconf 77' lang='lat'><strong>3‘2.</strong></span> <span class='ocrx_word' id='word_1_324' title='bbox 962 4884 1007 4915; x_wconf 63' lang='grc'><strong>⁸⁸</strong></span> <span class='ocrx_word' id='word_1_325' title='bbox 1040 4883 1206 4937; x_wconf 84' lang='lat' dir='ltr'><strong>Hebr.</strong></span> <span class='ocrx_word' id='word_1_326' title='bbox 1244 4899 1334 4948; x_wconf 83' lang='lat' dir='ltr'><strong>xu,</strong></span> <span class='ocrx_word' id='word_1_327' title='bbox 1363 4881 1418 4934; x_wconf 73' lang='grc'><strong>2.</strong></span> 
     </span>
    </p>
   </div>
   <div class='ocr_carea' id='block_1_48' title="bbox 469 4998 1977 5070">
    <p class='ocr_par' dir='ltr' id='par_1_48' title="bbox 469 4998 1977 5070">
     <span class='ocr_line' id='line_1_48' title="bbox 469 4998 1977 5070; baseline 0.003 -18"><span class='ocrx_word' id='word_1_328' title='bbox 469 4998 542 5070; x_wconf 76' lang='lat' dir='ltr'><strong>(It)</strong></span> <span class='ocrx_word' id='word_1_329' title='bbox 586 5000 1177 5068; x_wconf 71' lang='grc' dir='ltr'>Ἐπιληπτευόμενον</span> <span class='ocrx_word' id='word_1_330' title='bbox 1222 4999 1349 5064; x_wconf 78' lang='grc' dir='ltr'>τοῖς</span> <span class='ocrx_word' id='word_1_331' title='bbox 1383 4998 1641 5063; x_wconf 79' lang='grc' dir='ltr'>ὐλικοῗς.</span> <span class='ocrx_word' id='word_1_332' title='bbox 1672 4999 1778 5064; x_wconf 83' lang='lat' dir='ltr'><strong>Qui</strong></span> <span class='ocrx_word' id='word_1_333' title='bbox 1823 5003 1977 5057; x_wconf 82' lang='lat' dir='ltr'><strong>velut</strong></span> 
     </span>
    </p>
   </div>
   <div class='ocr_carea' id='block_1_49' title="bbox 392 5069 1973 5139">
    <p class='ocr_par' dir='ltr' id='par_1_49' title="bbox 392 5069 1973 5139">
     <span class='ocr_line' id='line_1_49' title="bbox 392 5069 1973 5139; baseline 0.001 -16"><span class='ocrx_word' id='word_1_334' title='bbox 392 5069 667 5133; x_wconf 64' lang='lat' dir='ltr'><strong>daemone,</strong></span> <span class='ocrx_word' id='word_1_335' title='bbox 710 5069 792 5124; x_wconf 91' lang='lat' dir='ltr'><strong>sic</strong></span> <span class='ocrx_word' id='word_1_336' title='bbox 822 5071 1062 5125; x_wconf 89' lang='lat' dir='ltr'><strong>terrenis</strong></span> <span class='ocrx_word' id='word_1_337' title='bbox 1088 5084 1395 5139; x_wconf 90' lang='lat' dir='ltr'><strong>eorumque</strong></span> <span class='ocrx_word' id='word_1_338' title='bbox 1419 5083 1631 5139; x_wconf 84' lang='lat' dir='ltr'><strong>amore</strong></span> <span class='ocrx_word' id='word_1_339' title='bbox 1697 5078 1973 5138; x_wconf 90' lang='lat' dir='ltr'><strong>teneatur,</strong></span> 
     </span>
    </p>
   </div>
   <div class='ocr_carea' id='block_1_50' title="bbox 391 5138 1974 5208">
    <p class='ocr_par' dir='ltr' id='par_1_50' title="bbox 391 5138 1974 5208">
     <span class='ocr_line' id='line_1_50' title="bbox 391 5138 1974 5208; baseline 0.001 -14"><span class='ocrx_word' id='word_1_340' title='bbox 391 5141 809 5208; x_wconf 87' lang='lat' dir='ltr'><strong>arreptitiorum</strong></span> <span class='ocrx_word' id='word_1_341' title='bbox 834 5154 1014 5205; x_wconf 89' lang='lat' dir='ltr'><strong>more;</strong></span> <span class='ocrx_word' id='word_1_342' title='bbox 1049 5141 1180 5195; x_wconf 85' lang='lat' dir='ltr'><strong>dum</strong></span> <span class='ocrx_word' id='word_1_343' title='bbox 1213 5138 1320 5195; x_wconf 81' lang='lat' dir='ltr'><strong>hoc</strong></span> <span class='ocrx_word' id='word_1_344' title='bbox 1343 5138 1560 5193; x_wconf 88' lang='lat' dir='ltr'><strong>animus</strong></span> <span class='ocrx_word' id='word_1_345' title='bbox 1584 5139 1700 5206; x_wconf 90' lang='lat' dir='ltr'><strong>ipse</strong></span> <span class='ocrx_word' id='word_1_346' title='bbox 1744 5141 1974 5208; x_wconf 89' lang='lat' dir='ltr'><strong>patitur,</strong></span> 
     </span>
    </p>
   </div>
   <div class='ocr_carea' id='block_1_51' title="bbox 392 5209 1978 5279">
    <p class='ocr_par' dir='ltr' id='par_1_51' title="bbox 392 5209 1978 5279">
     <span class='ocr_line' id='line_1_51' title="bbox 392 5209 1978 5279; baseline 0.004 -18"><span class='ocrx_word' id='word_1_347' title='bbox 392 5209 544 5279; x_wconf 89' lang='lat' dir='ltr'><strong>quod</strong></span> <span class='ocrx_word' id='word_1_348' title='bbox 578 5210 727 5264; x_wconf 85' lang='lat' dir='ltr'><strong>Saul.</strong></span> <span class='ocrx_word' id='word_1_349' title='bbox 754 5223 988 5279; x_wconf 89' lang='lat' dir='ltr'><strong>corpore</strong></span> <span class='ocrx_word' id='word_1_350' title='bbox 1014 5227 1044 5264; x_wconf 92' lang='lat' dir='ltr'><strong>a</strong></span> <span class='ocrx_word' id='word_1_351' title='bbox 1065 5211 1335 5274; x_wconf 67' lang='lat' dir='ltr'><strong>daemone,</strong></span> <span class='ocrx_word' id='word_1_352' title='bbox 1363 5225 1393 5263; x_wconf 89' lang='lat' dir='ltr'><strong>a</strong></span> <span class='ocrx_word' id='word_1_353' title='bbox 1421 5224 1532 5279; x_wconf 86' lang='lat' dir='ltr'><strong>quo</strong></span> <span class='ocrx_word' id='word_1_354' title='bbox 1571 5209 1764 5279; x_wconf 86' lang='lat' dir='ltr'><strong>mitius</strong></span> <span class='ocrx_word' id='word_1_355' title='bbox 1807 5211 1978 5267; x_wconf 89' lang='lat' dir='ltr'><strong>babe-</strong></span> 
     </span>
    </p>
   </div>
   <div class='ocr_carea' id='block_1_52' title="bbox 392 5278 1973 5349">
    <p class='ocr_par' dir='ltr' id='par_1_52' title="bbox 392 5278 1973 5349">
     <span class='ocr_line' id='line_1_52' title="bbox 392 5278 1973 5349; baseline 0.004 -17"><span class='ocrx_word' id='word_1_356' title='bbox 392 5278 512 5349; x_wconf 80' lang='lat' dir='ltr'><strong>bat,</strong></span> <span class='ocrx_word' id='word_1_357' title='bbox 575 5280 782 5335; x_wconf 87' lang='lat' dir='ltr'><strong>Davide</strong></span> <span class='ocrx_word' id='word_1_358' title='bbox 817 5278 1070 5348; x_wconf 77' lang='lat' dir='ltr'><strong>pulsante</strong></span> <span class='ocrx_word' id='word_1_359' title='bbox 1107 5281 1399 5336; x_wconf 79' lang='lat' dir='ltr'><strong>citharam.</strong></span> <span class='ocrx_word' id='word_1_360' title='bbox 1457 5278 1575 5332; x_wconf 85' lang='lat' dir='ltr'><strong>Non</strong></span> <span class='ocrx_word' id='word_1_361' title='bbox 1609 5278 1752 5349; x_wconf 84' lang='lat' dir='ltr'><strong>bene</strong></span> <span class='ocrx_word' id='word_1_362' title='bbox 1787 5281 1973 5349; x_wconf 81' lang='lat' dir='ltr'><strong>Picus,</strong></span> 
     </span>
    </p>
   </div>
   <div class='ocr_carea' id='block_1_53' title="bbox 391 5347 1974 5423">
    <p class='ocr_par' dir='ltr' id='par_1_53' title="bbox 391 5347 1974 5423">
     <span class='ocr_line' id='line_1_53' title="bbox 391 5347 1974 5423; baseline 0.001 -20"><span class='ocrx_word' id='word_1_363' title='bbox 391 5348 565 5404; x_wconf 80' lang='lat' dir='ltr'><strong>Rebus</strong></span> <span class='ocrx_word' id='word_1_364' title='bbox 599 5347 983 5423; x_wconf 62' lang='lat' dir='ltr'><strong>materiatibus.</strong></span> <span class='ocrx_word' id='word_1_365' title='bbox 1016 5352 1169 5423; x_wconf 80' lang='lat' dir='ltr'><strong>quasi</strong></span> <span class='ocrx_word' id='word_1_366' title='bbox 1193 5355 1374 5406; x_wconf 89' lang='lat' dir='ltr'><strong>morbo</strong></span> <span class='ocrx_word' id='word_1_367' title='bbox 1399 5347 1654 5423; x_wconf 79' lang='lat' dir='ltr'><strong>comitiali</strong></span> <span class='ocrx_word' id='word_1_368' title='bbox 1685 5347 1974 5423; x_wconf 57' lang='lat' dir='ltr'><strong>laboranti,</strong></span> 
     </span>
    </p>
   </div>
   <div class='ocr_carea' id='block_1_54' title="bbox 393 5419 1976 5492">
    <p class='ocr_par' dir='ltr' id='par_1_54' title="bbox 393 5419 1976 5492">
     <span class='ocr_line' id='line_1_54' title="bbox 393 5419 1976 5492; baseline 0.004 -21"><span class='ocrx_word' id='word_1_369' title='bbox 393 5435 518 5492; x_wconf 61' lang='lat' dir='ltr'><strong>quae</strong></span> <span class='ocrx_word' id='word_1_370' title='bbox 547 5421 837 5492; x_wconf 83' lang='lat' dir='ltr'><strong>est&#39;altera</strong></span> <span class='ocrx_word' id='word_1_371' title='bbox 863 5419 1037 5492; x_wconf 84' lang='lat' dir='ltr'><strong>hujus</strong></span> <span class='ocrx_word' id='word_1_372' title='bbox 1060 5423 1214 5477; x_wconf 86' lang='lat' dir='ltr'><strong>vocis</strong></span> <span class='ocrx_word' id='word_1_373' title='bbox 1250 5419 1523 5492; x_wconf 84' lang='lat' dir='ltr'><strong>acceptio,</strong></span> <span class='ocrx_word' id='word_1_374' title='bbox 1570 5420 1816 5492; x_wconf 88' lang='lat' dir='ltr'><strong>secundo</strong></span> <span class='ocrx_word' id='word_1_375' title='bbox 1855 5422 1976 5477; x_wconf 91' lang='lat' dir='ltr'><strong>loco</strong></span> 
     </span>
    </p>
   </div>
   <div class='ocr_carea' id='block_1_55' title="bbox 394 5490 1973 5568">
    <p class='ocr_par' dir='ltr' id='par_1_55' title="bbox 394 5490 1973 5568">
     <span class='ocr_line' id='line_1_55' title="bbox 394 5490 1973 5568; baseline 0.001 -26"><span class='ocrx_word' id='word_1_376' title='bbox 394 5490 670 5568; x_wconf 51' lang='lat' dir='ltr'><strong>Hesychio</strong></span> <span class='ocrx_word' id='word_1_377' title='bbox 702 5491 900 5568; x_wconf 76' lang='lat' dir='ltr'><strong>posita,</strong></span> <span class='ocrx_word' id='word_1_378' title='bbox 927 5490 1020 5568; x_wconf 66' lang='grc' dir='ltr'>καὶ</span> <span class='ocrx_word' id='word_1_379' title='bbox 1047 5495 1074 5545; x_wconf 87' lang='grc' dir='ltr'>ὁ</span> <span class='ocrx_word' id='word_1_380' title='bbox 1106 5496 1172 5564; x_wconf 83' lang='grc' dir='ltr'>τῇ</span> <span class='ocrx_word' id='word_1_381' title='bbox 1212 5493 1332 5568; x_wconf 81' lang='grc' dir='ltr'>ἱερᾷ</span> <span class='ocrx_word' id='word_1_382' title='bbox 1362 5491 1526 5568; x_wconf 31' lang='grc' dir='ltr'>’νόσω</span> <span class='ocrx_word' id='word_1_383' title='bbox 1581 5490 1973 5568; x_wconf 66' lang='grc' dir='ltr'>συνεχᾴμενος·</span> 
     </span>
    </p>
   </div>
   <div class='ocr_carea' id='block_1_56' title="bbox 393 5557 1974 5626">
    <p class='ocr_par' dir='ltr' id='par_1_56' title="bbox 393 5557 1974 5626">
     <span class='ocr_line' id='line_1_56' title="bbox 393 5557 1974 5626; baseline 0.004 -16"><span class='ocrx_word' id='word_1_384' title='bbox 393 5557 669 5622; x_wconf 28' lang='grc' dir='ltr'>ραὶίεαενο</span> <span class='ocrx_word' id='word_1_385' title='bbox 703 5557 904 5624; x_wconf 60' lang='lat' dir='ltr'><strong>inorbo,</strong></span> <span class='ocrx_word' id='word_1_386' title='bbox 931 5562 986 5615; x_wconf 88' lang='lat' dir='ltr'><strong>id</strong></span> <span class='ocrx_word' id='word_1_387' title='bbox 1006 5572 1111 5626; x_wconf 86' lang='lat' dir='ltr'><strong>est,</strong></span> <span class='ocrx_word' id='word_1_388' title='bbox 1133 5557 1418 5622; x_wconf 67' lang='lat' dir='ltr'><strong>comitiali,</strong></span> <span class='ocrx_word' id='word_1_389' title='bbox 1453 5557 1678 5611; x_wconf 72' lang='lat' dir='ltr'><strong>laborat.</strong></span> <span class='ocrx_word' id='word_1_390' title='bbox 1711 5557 1806 5613; x_wconf 84' lang='lat' dir='ltr'><strong>Sic</strong></span> <span class='ocrx_word' id='word_1_391' title='bbox 1825 5563 1974 5615; x_wconf 87' lang='lat' dir='ltr'><strong>enim</strong></span> 
     </span>
    </p>
   </div>
   <div class='ocr_carea' id='block_1_57' title="bbox 393 5628 1973 5704">
    <p class='ocr_par' dir='ltr' id='par_1_57' title="bbox 393 5628 1973 5704">
     <span class='ocr_line' id='line_1_57' title="bbox 393 5628 1973 5704; baseline 0.002 -22"><span class='ocrx_word' id='word_1_392' title='bbox 393 5629 812 5704; x_wconf 64' lang='lat' dir='ltr'><strong>laborantinon</strong></span> <span class='ocrx_word' id='word_1_393' title='bbox 837 5632 1064 5704; x_wconf 76' lang='lat' dir='ltr'><strong>prodest</strong></span> <span class='ocrx_word' id='word_1_394' title='bbox 1092 5632 1305 5704; x_wconf 77' lang='lat' dir='ltr'><strong>mystici</strong></span> <span class='ocrx_word' id='word_1_395' title='bbox 1344 5628 1566 5704; x_wconf 75' lang='lat' dir='ltr'><strong>Davidis</strong></span> <span class='ocrx_word' id='word_1_396' title='bbox 1607 5628 1855 5704; x_wconf 66' lang='lat' dir='ltr'><strong>cithara,</strong></span> <span class='ocrx_word' id='word_1_397' title='bbox 1893 5633 1973 5686; x_wconf 86' lang='lat' dir='ltr'><strong>uti</strong></span> 
     </span>
    </p>
   </div>
   <div class='ocr_carea' id='block_1_58' title="bbox 393 5699 1970 5770">
    <p class='ocr_par' dir='ltr' id='par_1_58' title="bbox 393 5699 1970 5770">
     <span class='ocr_line' id='line_1_58' title="bbox 393 5699 1970 5770; baseline 0 -16"><span class='ocrx_word' id='word_1_398' title='bbox 393 5713 500 5754; x_wconf 84' lang='lat' dir='ltr'><strong>nec</strong></span> <span class='ocrx_word' id='word_1_399' title='bbox 558 5699 709 5754; x_wconf 83' lang='lat' dir='ltr'><strong>Sauli</strong></span> <span class='ocrx_word' id='word_1_400' title='bbox 758 5700 1072 5770; x_wconf 82' lang='lat' dir='ltr'><strong>profuisset,</strong></span> <span class='ocrx_word' id='word_1_401' title='bbox 1113 5699 1166 5756; x_wconf 81' lang='lat' dir='ltr'><strong>si</strong></span> <span class='ocrx_word' id='word_1_402' title='bbox 1212 5703 1304 5756; x_wconf 87' lang='lat' dir='ltr'><strong>hic</strong></span> <span class='ocrx_word' id='word_1_403' title='bbox 1327 5701 1448 5770; x_wconf 89' lang='lat' dir='ltr'><strong>ejus</strong></span> <span class='ocrx_word' id='word_1_404' title='bbox 1471 5699 1670 5752; x_wconf 78' lang='lat' dir='ltr'><strong>fuisset</strong></span> <span class='ocrx_word' id='word_1_405' title='bbox 1718 5703 1970 5765; x_wconf 80' lang='lat' dir='ltr'><strong>morbus,</strong></span> 
     </span>
    </p>
   </div>
   <div class='ocr_carea' id='block_1_59' title="bbox 391 5769 1970 5844">
    <p class='ocr_par' dir='ltr' id='par_1_59' title="bbox 391 5769 1970 5844">
     <span class='ocr_line' id='line_1_59' title="bbox 391 5769 1970 5844; baseline 0.001 -20"><span class='ocrx_word' id='word_1_406' title='bbox 391 5783 522 5824; x_wconf 85' lang='lat' dir='ltr'><strong>cum</strong></span> <span class='ocrx_word' id='word_1_407' title='bbox 543 5769 773 5826; x_wconf 82' lang='lat' dir='ltr'><strong>auctore</strong></span> <span class='ocrx_word' id='word_1_408' title='bbox 807 5771 1065 5828; x_wconf 86' lang='lat' dir='ltr'><strong>Traliano</strong></span> <span class='ocrx_word' id='word_1_409' title='bbox 1092 5782 1147 5828; x_wconf 89' lang='lat' dir='ltr'><strong>et</strong></span> <span class='ocrx_word' id='word_1_410' title='bbox 1175 5769 1522 5844; x_wconf 76' lang='lat' dir='ltr'><strong>experientia</strong></span> <span class='ocrx_word' id='word_1_411' title='bbox 1547 5775 1704 5836; x_wconf 85' lang='lat' dir='ltr'><strong>teste,</strong></span> <span class='ocrx_word' id='word_1_412' title='bbox 1740 5769 1819 5826; x_wconf 87' lang='lat' dir='ltr'><strong>sic</strong></span> <span class='ocrx_word' id='word_1_413' title='bbox 1845 5787 1970 5826; x_wconf 85' lang='lat' dir='ltr'><strong>eor-</strong></span> 
     </span>
    </p>
   </div>
   <div class='ocr_carea' id='block_1_60' title="bbox 1103 361 3002 432">
    <p class='ocr_par' dir='ltr' id='par_1_60' title="bbox 1103 361 3002 432">
     <span class='ocr_line' id='line_1_60' title="bbox 1103 361 3002 432; baseline 0.002 -12"><span class='ocrx_word' id='word_1_414' title='bbox 1103 361 1440 420; x_wconf 66' lang='lat' dir='ltr'><strong>CAPlTUfil</strong></span> <span class='ocrx_word' id='word_1_415' title='bbox 1480 361 1908 432; x_wconf 66' lang='lat' dir='ltr'><strong>QUlNQUIES</strong></span> <span class='ocrx_word' id='word_1_416' title='bbox 1948 362 2468 422; x_wconf 76' lang='lat' dir='ltr'><strong>CENTENORUM</strong></span> <span class='ocrx_word' id='word_1_417' title='bbox 2509 363 2898 424; x_wconf 76' lang='lat' dir='ltr'><strong>CENTURIA</strong></span> <span class='ocrx_word' id='word_1_418' title='bbox 2939 365 3002 424; x_wconf 85' lang='lat' dir='ltr'><strong>V.</strong></span> 
     </span>
    </p>
   </div>
   <div class='ocr_carea' id='block_1_61' title="bbox 458 472 2047 547">
    <p class='ocr_par' dir='ltr' id='par_1_61' title="bbox 458 472 2047 547">
     <span class='ocr_line' id='line_1_61' title="bbox 458 472 2047 547; baseline 0.002 -22"><span class='ocrx_word' id='word_1_419' title='bbox 458 472 556 527; x_wconf 77' lang='grc' dir='ltr'><strong>νϐ’.</strong></span> <span class='ocrx_word' id='word_1_420' title='bbox 587 473 708 534; x_wconf 81' lang='grc' dir='ltr'>Φῶς</span> <span class='ocrx_word' id='word_1_421' title='bbox 739 473 881 524; x_wconf 71' lang='grc' dir='ltr'>ἐστιν</span> <span class='ocrx_word' id='word_1_422' title='bbox 919 473 993 535; x_wconf 86' lang='grc' dir='ltr'>ὡς</span> <span class='ocrx_word' id='word_1_423' title='bbox 1029 473 1246 543; x_wconf 81' lang='grc' dir='ltr'>ἀληθῶς</span> <span class='ocrx_word' id='word_1_424' title='bbox 1275 474 1445 527; x_wconf 72' lang='grc' dir='ltr'>ἐθνῶν</span> <span class='ocrx_word' id='word_1_425' title='bbox 1485 478 1512 528; x_wconf 85' lang='grc' dir='ltr'>ὁ</span> <span class='ocrx_word' id='word_1_426' title='bbox 1556 477 1760 546; x_wconf 75' lang='grc' dir='ltr'>Κύριος</span> <span class='ocrx_word' id='word_1_427' title='bbox 1791 476 1968 547; x_wconf 85' lang='grc' dir='ltr'>ἡμῶν,</span> <span class='ocrx_word' id='word_1_428' title='bbox 2007 491 2047 536; x_wconf 76' lang='grc' dir='ltr'>Α</span> 
     </span>
    </p>
   </div>
   <div class='ocr_carea' id='block_1_62' title="bbox 1495 4881 2005 4952">
    <p class='ocr_par' dir='ltr' id='par_1_62' title="bbox 1495 4881 2005 4952">
     <span class='ocr_line' id='line_1_62' title="bbox 1495 4881 2005 4952; baseline 0.012 -17"><span class='ocrx_word' id='word_1_429' title='bbox 1495 4881 1589 4935; x_wconf 78' lang='lat'><strong>“1</strong></span> <span class='ocrx_word' id='word_1_430' title='bbox 1627 4883 1760 4952; x_wconf 80' lang='lat' dir='ltr'><strong>Reg.</strong></span> <span class='ocrx_word' id='word_1_431' title='bbox 1795 4899 1884 4947; x_wconf 77' lang='lat' dir='ltr'><strong>xx,</strong></span> <span class='ocrx_word' id='word_1_432' title='bbox 1916 4885 2005 4941; x_wconf 80' lang='lat'><strong>50.</strong></span> 
     </span>
    </p>
   </div>
   <div class='ocr_carea' id='block_1_63' title="bbox 3564 362 3658 395">
    <p class='ocr_par' dir='ltr' id='par_1_63' title="bbox 3564 362 3658 395">
     <span class='ocr_line' id='line_1_63' title="bbox 3564 362 3658 395; baseline 0 0"><span class='ocrx_word' id='word_1_433' title='bbox 3564 362 3627 395; x_wconf 64' lang='grc' dir='ltr'><strong>’έν-</strong></span> <span class='ocrx_word' id='word_1_434' title='bbox 3637 363 3658 395; x_wconf 63' lang='grc' dir='ltr'><strong>,ἐ</strong></span> 
     </span>
    </p>
   </div>
   <div class='ocr_carea' id='block_1_64' title="bbox 3565 391 3666 422">
    <p class='ocr_par' dir='ltr' id='par_1_64' title="bbox 3565 391 3666 422">
     <span class='ocr_line' id='line_1_64' title="bbox 3565 391 3666 422; baseline -0.02 0"><span class='ocrx_word' id='word_1_435' title='bbox 3565 391 3666 422; x_wconf 65' lang='grc' dir='ltr'><strong>ι’ἷιίί</strong></span> 
     </span>
    </p>
   </div>
   <div class='ocr_carea' id='block_1_65' title="bbox 2149 473 3662 546">
    <p class='ocr_par' dir='ltr' id='par_1_65' title="bbox 2149 473 3662 546">
     <span class='ocr_line' id='line_1_65' title="bbox 2149 473 3662 546; baseline 0 -16"><span class='ocrx_word' id='word_1_436' title='bbox 2149 478 2236 531; x_wconf 71' lang='lat'><strong>59.</strong></span> <span class='ocrx_word' id='word_1_437' title='bbox 2276 477 2542 531; x_wconf 84' lang='lat' dir='ltr'><strong>Dominus</strong></span> <span class='ocrx_word' id='word_1_438' title='bbox 2586 487 2774 531; x_wconf 80' lang='lat' dir='ltr'><strong>noster</strong></span> <span class='ocrx_word' id='word_1_439' title='bbox 2810 479 2995 531; x_wconf 87' lang='lat' dir='ltr'><strong>lumen</strong></span> <span class='ocrx_word' id='word_1_440' title='bbox 3033 485 3116 531; x_wconf 82' lang='lat' dir='ltr'><strong>est</strong></span> <span class='ocrx_word' id='word_1_441' title='bbox 3157 473 3404 546; x_wconf 85' lang='lat' dir='ltr'><strong>gentium</strong></span> <span class='ocrx_word' id='word_1_442' title='bbox 3432 473 3500 534; x_wconf 71' lang='lat'><strong>“,</strong></span> <span class='ocrx_word' id='word_1_443' title='bbox 3532 491 3662 530; x_wconf 76' lang='lat' dir='ltr'><strong>vere</strong></span> 
     </span>
    </p>
   </div>
   <div class='ocr_carea' id='block_1_66' title="bbox 2081 563 3662 636">
    <p class='ocr_par' dir='ltr' id='par_1_66' title="bbox 2081 563 3662 636">
     <span class='ocr_line' id='line_1_66' title="bbox 2081 563 3662 636; baseline -0.002 -16"><span class='ocrx_word' id='word_1_444' title='bbox 2081 567 2301 621; x_wconf 82' lang='lat' dir='ltr'><strong>clausos</strong></span> <span class='ocrx_word' id='word_1_445' title='bbox 2328 567 2652 636; x_wconf 64' lang='lat' dir='ltr'><strong>ignorantiae</strong></span> <span class='ocrx_word' id='word_1_446' title='bbox 2678 566 2912 636; x_wconf 82' lang='lat' dir='ltr'><strong>caligine</strong></span> <span class='ocrx_word' id='word_1_447' title='bbox 2955 566 3154 619; x_wconf 89' lang='lat' dir='ltr'><strong>mentis</strong></span> <span class='ocrx_word' id='word_1_448' title='bbox 3191 563 3402 627; x_wconf 89' lang='lat' dir='ltr'><strong>oculos,</strong></span> <span class='ocrx_word' id='word_1_449' title='bbox 3440 579 3583 618; x_wconf 76' lang='lat' dir='ltr'><strong>vene</strong></span> <span class='ocrx_word' id='word_1_450' title='bbox 3609 564 3662 617; x_wconf 93' lang='lat' dir='ltr'><strong>in</strong></span> 
     </span>
    </p>
   </div>
   <div class='ocr_carea' id='block_1_67' title="bbox 2081 653 3666 725">
    <p class='ocr_par' dir='ltr' id='par_1_67' title="bbox 2081 653 3666 725">
     <span class='ocr_line' id='line_1_67' title="bbox 2081 653 3666 725; baseline -0.001 -18"><span class='ocrx_word' id='word_1_451' title='bbox 2081 656 2161 707; x_wconf 89' lang='lat' dir='ltr'><strong>eis</strong></span> <span class='ocrx_word' id='word_1_452' title='bbox 2191 656 2487 725; x_wconf 79' lang='lat' dir='ltr'><strong>agnitionis</strong></span> <span class='ocrx_word' id='word_1_453' title='bbox 2516 656 2636 709; x_wconf 84' lang='lat' dir='ltr'><strong>luce</strong></span> <span class='ocrx_word' id='word_1_454' title='bbox 2671 663 2925 724; x_wconf 82' lang='lat' dir='ltr'><strong>relegens</strong></span> <span class='ocrx_word' id='word_1_455' title='bbox 2957 670 3020 707; x_wconf 88' lang='lat' dir='ltr'><strong>ac</strong></span> <span class='ocrx_word' id='word_1_456' title='bbox 3053 653 3327 723; x_wconf 84' lang='lat' dir='ltr'><strong>aperiens,</strong></span> <span class='ocrx_word' id='word_1_457' title='bbox 3360 667 3666 720; x_wconf 73' lang='lat' dir='ltr'><strong>rursusque</strong></span> 
     </span>
    </p>
   </div>
   <div class='ocr_carea' id='block_1_68' title="bbox 2082 743 3668 814">
    <p class='ocr_par' dir='ltr' id='par_1_68' title="bbox 2082 743 3668 814">
     <span class='ocr_line' id='line_1_68' title="bbox 2082 743 3668 814; baseline -0.002 -14"><span class='ocrx_word' id='word_1_458' title='bbox 2082 747 2283 800; x_wconf 66' lang='lat' dir='ltr'><strong>divinm</strong></span> <span class='ocrx_word' id='word_1_459' title='bbox 2311 747 2678 800; x_wconf 86' lang='lat' dir='ltr'><strong>institutionis</strong></span> <span class='ocrx_word' id='word_1_460' title='bbox 2704 761 2768 800; x_wconf 92' lang='lat' dir='ltr'><strong>ac</strong></span> <span class='ocrx_word' id='word_1_461' title='bbox 2795 745 3118 814; x_wconf 75' lang='lat' dir='ltr'><strong>disciplinae,</strong></span> <span class='ocrx_word' id='word_1_462' title='bbox 3156 745 3272 814; x_wconf 89' lang='lat' dir='ltr'><strong>ipse</strong></span> <span class='ocrx_word' id='word_1_463' title='bbox 3311 760 3369 798; x_wconf 88' lang='lat' dir='ltr'><strong>se</strong></span> <span class='ocrx_word' id='word_1_464' title='bbox 3412 743 3668 798; x_wconf 85' lang='lat' dir='ltr'><strong>fidelibus</strong></span> 
     </span>
    </p>
   </div>
   <div class='ocr_carea' id='block_1_69' title="bbox 2083 836 3666 908">
    <p class='ocr_par' dir='ltr' id='par_1_69' title="bbox 2083 836 3666 908">
     <span class='ocr_line' id='line_1_69' title="bbox 2083 836 3666 908; baseline -0.003 -16"><span class='ocrx_word' id='word_1_465' title='bbox 2083 839 2304 908; x_wconf 84' lang='lat' dir='ltr'><strong>populis</strong></span> <span class='ocrx_word' id='word_1_466' title='bbox 2335 840 2572 907; x_wconf 87' lang='lat' dir='ltr'><strong>probum</strong></span> <span class='ocrx_word' id='word_1_467' title='bbox 2600 838 2816 908; x_wconf 83' lang='lat' dir='ltr'><strong>paravit</strong></span> <span class='ocrx_word' id='word_1_468' title='bbox 2847 836 3068 890; x_wconf 82' lang='lat' dir='ltr'><strong>virtutis</strong></span> <span class='ocrx_word' id='word_1_469' title='bbox 3099 836 3450 889; x_wconf 66' lang='lat' dir='ltr'><strong>aemulatione</strong></span> <span class='ocrx_word' id='word_1_470' title='bbox 3478 851 3666 888; x_wconf 79' lang='lat' dir='ltr'><strong>exem-</strong></span> 
     </span>
    </p>
   </div>
   <div class='ocr_carea' id='block_1_70' title="bbox 2081 925 3665 1001">
    <p class='ocr_par' dir='ltr' id='par_1_70' title="bbox 2081 925 3665 1001">
     <span class='ocr_line' id='line_1_70' title="bbox 2081 925 3665 1001; baseline -0.004 -16"><span class='ocrx_word' id='word_1_471' title='bbox 2081 933 2268 1001; x_wconf 88' lang='lat' dir='ltr'><strong>plum;</strong></span> <span class='ocrx_word' id='word_1_472' title='bbox 2310 931 2533 984; x_wconf 81' lang='lat' dir='ltr'><strong>virtutis</strong></span> <span class='ocrx_word' id='word_1_473' title='bbox 2577 937 2772 984; x_wconf 89' lang='lat' dir='ltr'><strong>ornata</strong></span> <span class='ocrx_word' id='word_1_474' title='bbox 2810 928 2979 982; x_wconf 88' lang='lat' dir='ltr'><strong>facies</strong></span> <span class='ocrx_word' id='word_1_475' title='bbox 3025 941 3088 980; x_wconf 88' lang='lat' dir='ltr'><strong>ac</strong></span> <span class='ocrx_word' id='word_1_476' title='bbox 3132 941 3320 978; x_wconf 88' lang='lat' dir='ltr'><strong>norma</strong></span> <span class='ocrx_word' id='word_1_477' title='bbox 3364 925 3470 979; x_wconf 85' lang='lat' dir='ltr'><strong>illis</strong></span> <span class='ocrx_word' id='word_1_478' title='bbox 3525 925 3665 980; x_wconf 78' lang='lat' dir='ltr'><strong>ell&#39;c-</strong></span> 
     </span>
    </p>
   </div>
   <div class='ocr_carea' id='block_1_71' title="bbox 2082 1018 3750 1093">
    <p class='ocr_par' dir='ltr' id='par_1_71' title="bbox 2082 1018 3750 1093">
     <span class='ocr_line' id='line_1_71' title="bbox 2082 1018 3750 1093; baseline -0.008 -13"><span class='ocrx_word' id='word_1_479' title='bbox 2082 1035 2238 1091; x_wconf 90' lang='lat' dir='ltr'><strong>ctus;</strong></span> <span class='ocrx_word' id='word_1_480' title='bbox 2292 1024 2346 1078; x_wconf 92' lang='lat' dir='ltr'><strong>in</strong></span> <span class='ocrx_word' id='word_1_481' title='bbox 2393 1041 2557 1093; x_wconf 85' lang='lat' dir='ltr'><strong>quem</strong></span> <span class='ocrx_word' id='word_1_482' title='bbox 2588 1023 2940 1093; x_wconf 85' lang='lat' dir='ltr'><strong>aspicientes,</strong></span> <span class='ocrx_word' id='word_1_483' title='bbox 2958 1021 3110 1073; x_wconf 77' lang='lat' dir='ltr'><strong>velut</strong></span> <span class='ocrx_word' id='word_1_484' title='bbox 3155 1029 3436 1072; x_wconf 82' lang='lat' dir='ltr'><strong>auctorem</strong></span> <span class='ocrx_word' id='word_1_485' title='bbox 3469 1034 3532 1071; x_wconf 89' lang='lat' dir='ltr'><strong>ac</strong></span> <span class='ocrx_word' id='word_1_486' title='bbox 3563 1018 3671 1072; x_wconf 73' lang='lat' dir='ltr'><strong>dn-</strong></span> <span class='ocrx_word' id='word_1_487' title='bbox 3747 1063 3750 1067; x_wconf 74' lang='grc'><strong>,</strong></span> 
     </span>
    </p>
   </div>
   <div class='ocr_carea' id='block_1_72' title="bbox 2083 1110 3668 1177">
    <p class='ocr_par' dir='ltr' id='par_1_72' title="bbox 2083 1110 3668 1177">
     <span class='ocr_line' id='line_1_72' title="bbox 2083 1110 3668 1177; baseline -0.008 -5"><span class='ocrx_word' id='word_1_488' title='bbox 2083 1134 2202 1172; x_wconf 87' lang='lat' dir='ltr'><strong>cem</strong></span> <span class='ocrx_word' id='word_1_489' title='bbox 2260 1117 2454 1172; x_wconf 89' lang='lat' dir='ltr'><strong>salutis</strong></span> <span class='ocrx_word' id='word_1_490' title='bbox 2509 1126 2713 1170; x_wconf 70' lang='lat' dir='ltr'><strong>nostra:</strong></span> <span class='ocrx_word' id='word_1_491' title='bbox 2762 1116 2828 1177; x_wconf 74' lang='grc'>⁸⁵,</span> <span class='ocrx_word' id='word_1_492' title='bbox 2878 1113 3117 1166; x_wconf 71' lang='lat' dir='ltr'><strong>virtutes</strong></span> <span class='ocrx_word' id='word_1_493' title='bbox 3180 1111 3327 1165; x_wconf 89' lang='lat' dir='ltr'><strong>illius</strong></span> <span class='ocrx_word' id='word_1_494' title='bbox 3379 1110 3668 1176; x_wconf 87' lang='lat' dir='ltr'><strong>imitando,</strong></span> 
     </span>
    </p>
   </div>
   <div class='ocr_carea' id='block_1_73' title="bbox 2088 1203 3668 1280">
    <p class='ocr_par' dir='ltr' id='par_1_73' title="bbox 2088 1203 3668 1280">
     <span class='ocr_line' id='line_1_73' title="bbox 2088 1203 3668 1280; baseline -0.004 -16"><span class='ocrx_word' id='word_1_495' title='bbox 2088 1209 2271 1280; x_wconf 86' lang='lat' dir='ltr'><strong>quoad</strong></span> <span class='ocrx_word' id='word_1_496' title='bbox 2325 1210 2488 1264; x_wconf 83' lang='lat' dir='ltr'><strong>nobis</strong></span> <span class='ocrx_word' id='word_1_497' title='bbox 2539 1222 2866 1262; x_wconf 90' lang='lat' dir='ltr'><strong>concessum</strong></span> <span class='ocrx_word' id='word_1_498' title='bbox 2900 1214 3007 1270; x_wconf 90' lang='lat' dir='ltr'><strong>est,</strong></span> <span class='ocrx_word' id='word_1_499' title='bbox 3047 1203 3284 1258; x_wconf 86' lang='lat' dir='ltr'><strong>actionis</strong></span> <span class='ocrx_word' id='word_1_500' title='bbox 3326 1203 3477 1256; x_wconf 88' lang='lat' dir='ltr'><strong>cultu</strong></span> <span class='ocrx_word' id='word_1_501' title='bbox 3527 1219 3668 1272; x_wconf 75' lang='lat' dir='ltr'><strong>pra:—</strong></span> 
     </span>
    </p>
   </div>
   <div class='ocr_carea' id='block_1_74' title="bbox 2084 1313 2315 1357">
    <p class='ocr_par' dir='ltr' id='par_1_74' title="bbox 2084 1313 2315 1357">
     <span class='ocr_line' id='line_1_74' title="bbox 2084 1313 2315 1357; baseline -0.013 0"><span class='ocrx_word' id='word_1_502' title='bbox 2084 1313 2315 1357; x_wconf 79' lang='lat' dir='ltr'><strong>stamus.</strong></span> 
     </span>
    </p>
   </div>
   <div class='ocr_carea' id='block_1_75' title="bbox 2154 1388 3672 1465">
    <p class='ocr_par' dir='ltr' id='par_1_75' title="bbox 2154 1388 3672 1465">
     <span class='ocr_line' id='line_1_75' title="bbox 2154 1388 3672 1465; baseline -0.007 -15"><span class='ocrx_word' id='word_1_503' title='bbox 2154 1396 2240 1451; x_wconf 83' lang='lat'><strong>60.</strong></span> <span class='ocrx_word' id='word_1_504' title='bbox 2277 1395 2541 1465; x_wconf 84' lang='lat' dir='ltr'><strong>Quisquis</strong></span> <span class='ocrx_word' id='word_1_505' title='bbox 2567 1409 2680 1464; x_wconf 68' lang='lat' dir='ltr'><strong>pm</strong></span> <span class='ocrx_word' id='word_1_506' title='bbox 2729 1392 2934 1447; x_wconf 80' lang='lat' dir='ltr'><strong>invidia</strong></span> <span class='ocrx_word' id='word_1_507' title='bbox 2979 1391 3094 1446; x_wconf 88' lang='lat' dir='ltr'><strong>odit</strong></span> <span class='ocrx_word' id='word_1_508' title='bbox 3142 1406 3205 1444; x_wconf 88' lang='lat' dir='ltr'><strong>ac</strong></span> <span class='ocrx_word' id='word_1_509' title='bbox 3252 1389 3395 1443; x_wconf 85' lang='lat' dir='ltr'><strong>male</strong></span> <span class='ocrx_word' id='word_1_510' title='bbox 3449 1388 3672 1458; x_wconf 81' lang='lat' dir='ltr'><strong>sugillat</strong></span> 
     </span>
    </p>
   </div>
   <div class='ocr_carea' id='block_1_76' title="bbox 2084 1476 3667 1553">
    <p class='ocr_par' dir='ltr' id='par_1_76' title="bbox 2084 1476 3667 1553">
     <span class='ocr_line' id='line_1_76' title="bbox 2084 1476 3667 1553; baseline -0.007 -14"><span class='ocrx_word' id='word_1_511' title='bbox 2084 1484 2437 1553; x_wconf 87' lang='lat' dir='ltr'><strong>dctrahitqne</strong></span> <span class='ocrx_word' id='word_1_512' title='bbox 2465 1481 2536 1547; x_wconf 92' lang='lat' dir='ltr'><strong>ei,</strong></span> <span class='ocrx_word' id='word_1_513' title='bbox 2565 1481 2660 1551; x_wconf 90' lang='lat' dir='ltr'><strong>qui</strong></span> <span class='ocrx_word' id='word_1_514' title='bbox 2685 1480 2906 1534; x_wconf 86' lang='lat' dir='ltr'><strong>virtutis</strong></span> <span class='ocrx_word' id='word_1_515' title='bbox 2930 1477 3332 1533; x_wconf 85' lang='lat' dir='ltr'><strong>certaminibus</strong></span> <span class='ocrx_word' id='word_1_516' title='bbox 3377 1476 3667 1529; x_wconf 83' lang='lat' dir='ltr'><strong>abundan-</strong></span> 
     </span>
    </p>
   </div>
   <div class='ocr_carea' id='block_1_77' title="bbox 2086 1569 3667 1644">
    <p class='ocr_par' dir='ltr' id='par_1_77' title="bbox 2086 1569 3667 1644">
     <span class='ocr_line' id='line_1_77' title="bbox 2086 1569 3667 1644; baseline -0.005 -15"><span class='ocrx_word' id='word_1_517' title='bbox 2086 1576 2269 1644; x_wconf 88' lang='lat' dir='ltr'><strong>tiaquc</strong></span> <span class='ocrx_word' id='word_1_518' title='bbox 2316 1574 2589 1629; x_wconf 89' lang='lat' dir='ltr'><strong>sermonis</strong></span> <span class='ocrx_word' id='word_1_519' title='bbox 2631 1573 2901 1642; x_wconf 83' lang='lat' dir='ltr'><strong>spiritalis</strong></span> <span class='ocrx_word' id='word_1_520' title='bbox 2951 1570 3200 1625; x_wconf 64' lang='lat' dir='ltr'><strong>scientia:</strong></span> <span class='ocrx_word' id='word_1_521' title='bbox 3245 1569 3529 1639; x_wconf 84' lang='lat' dir='ltr'><strong>potentior</strong></span> <span class='ocrx_word' id='word_1_522' title='bbox 3562 1577 3667 1627; x_wconf 85' lang='lat' dir='ltr'><strong>est.</strong></span> 
     </span>
    </p>
   </div>
   <div class='ocr_carea' id='block_1_78' title="bbox 2087 1661 3670 1738">
    <p class='ocr_par' dir='ltr' id='par_1_78' title="bbox 2087 1661 3670 1738">
     <span class='ocr_line' id='line_1_78' title="bbox 2087 1661 3670 1738; baseline -0.007 -13"><span class='ocrx_word' id='word_1_523' title='bbox 2087 1670 2215 1725; x_wconf 90' lang='lat' dir='ltr'><strong>Saul</strong></span> <span class='ocrx_word' id='word_1_524' title='bbox 2246 1679 2329 1724; x_wconf 87' lang='lat' dir='ltr'><strong>est</strong></span> <span class='ocrx_word' id='word_1_525' title='bbox 2360 1668 2698 1738; x_wconf 88' lang='lat' dir='ltr'><strong>nequissimo</strong></span> <span class='ocrx_word' id='word_1_526' title='bbox 2731 1680 3028 1734; x_wconf 85' lang='lat' dir='ltr'><strong>oppressus</strong></span> <span class='ocrx_word' id='word_1_527' title='bbox 3051 1663 3272 1733; x_wconf 85' lang='lat' dir='ltr'><strong>spiritu,</strong></span> <span class='ocrx_word' id='word_1_528' title='bbox 3301 1663 3423 1733; x_wconf 90' lang='lat' dir='ltr'><strong>ejus</strong></span> <span class='ocrx_word' id='word_1_529' title='bbox 3454 1663 3549 1731; x_wconf 90' lang='lat' dir='ltr'><strong>qui</strong></span> <span class='ocrx_word' id='word_1_530' title='bbox 3578 1661 3670 1715; x_wconf 91' lang='lat' dir='ltr'><strong>illo</strong></span> 
     </span>
    </p>
   </div>
   <div class='ocr_carea' id='block_1_79' title="bbox 2084 1754 3671 1831">
    <p class='ocr_par' dir='ltr' id='par_1_79' title="bbox 2084 1754 3671 1831">
     <span class='ocr_line' id='line_1_79' title="bbox 2084 1754 3671 1831; baseline -0.005 -17"><span class='ocrx_word' id='word_1_531' title='bbox 2084 1760 2434 1831; x_wconf 68' lang='lat' dir='ltr'><strong>prmstantior</strong></span> <span class='ocrx_word' id='word_1_532' title='bbox 2455 1769 2558 1822; x_wconf 89' lang='lat' dir='ltr'><strong>est,</strong></span> <span class='ocrx_word' id='word_1_533' title='bbox 2580 1757 2802 1812; x_wconf 67' lang='lat' dir='ltr'><strong>virtutis</strong></span> <span class='ocrx_word' id='word_1_534' title='bbox 2818 1756 2987 1811; x_wconf 89' lang='lat' dir='ltr'><strong>decus</strong></span> <span class='ocrx_word' id='word_1_535' title='bbox 3009 1763 3064 1809; x_wconf 88' lang='lat' dir='ltr'><strong>et</strong></span> <span class='ocrx_word' id='word_1_536' title='bbox 3085 1755 3331 1809; x_wconf 78' lang='lat' dir='ltr'><strong>scientiae</strong></span> <span class='ocrx_word' id='word_1_537' title='bbox 3352 1754 3671 1808; x_wconf 84' lang='lat' dir='ltr'><strong>felicitatem</strong></span> 
     </span>
    </p>
   </div>
   <div class='ocr_carea' id='block_1_80' title="bbox 2017 1841 3672 1919">
    <p class='ocr_par' dir='ltr' id='par_1_80' title="bbox 2017 1841 3672 1919">
     <span class='ocr_line' id='line_1_80' title="bbox 2017 1841 3672 1919; baseline -0.004 -12"><span class='ocrx_word' id='word_1_538' title='bbox 2017 1841 2053 1896; x_wconf 70' lang='grc' dir='ltr'>Β</span> <span class='ocrx_word' id='word_1_539' title='bbox 2085 1853 2228 1907; x_wconf 88' lang='lat' dir='ltr'><strong>ferre</strong></span> <span class='ocrx_word' id='word_1_540' title='bbox 2252 1870 2359 1906; x_wconf 91' lang='lat' dir='ltr'><strong>non</strong></span> <span class='ocrx_word' id='word_1_541' title='bbox 2395 1853 2617 1916; x_wconf 80' lang='lat' dir='ltr'><strong>valens;</strong></span> <span class='ocrx_word' id='word_1_542' title='bbox 2648 1851 2888 1919; x_wconf 81' lang='lat' dir='ltr'><strong>hincque</strong></span> <span class='ocrx_word' id='word_1_543' title='bbox 2918 1849 3182 1917; x_wconf 87' lang='lat' dir='ltr'><strong>majorem</strong></span> <span class='ocrx_word' id='word_1_544' title='bbox 3216 1843 3271 1900; x_wconf 84' lang='lat' dir='ltr'><strong>in</strong></span> <span class='ocrx_word' id='word_1_545' title='bbox 3315 1846 3540 1899; x_wconf 88' lang='lat' dir='ltr'><strong>modum</strong></span> <span class='ocrx_word' id='word_1_546' title='bbox 3571 1844 3672 1900; x_wconf 88' lang='lat' dir='ltr'><strong>de-</strong></span> 
     </span>
    </p>
   </div>
   <div class='ocr_carea' id='block_1_81' title="bbox 2085 1937 3671 2011">
    <p class='ocr_par' dir='ltr' id='par_1_81' title="bbox 2085 1937 3671 2011">
     <span class='ocr_line' id='line_1_81' title="bbox 2085 1937 3671 2011; baseline -0.006 -13"><span class='ocrx_word' id='word_1_547' title='bbox 2085 1945 2290 1999; x_wconf 88' lang='lat' dir='ltr'><strong>mentia</strong></span> <span class='ocrx_word' id='word_1_548' title='bbox 2335 1945 2544 2006; x_wconf 90' lang='lat' dir='ltr'><strong>furens,</strong></span> <span class='ocrx_word' id='word_1_549' title='bbox 2591 1941 2737 2011; x_wconf 88' lang='lat' dir='ltr'><strong>quod</strong></span> <span class='ocrx_word' id='word_1_550' title='bbox 2781 1942 2959 2011; x_wconf 88' lang='lat' dir='ltr'><strong>ipsum</strong></span> <span class='ocrx_word' id='word_1_551' title='bbox 2996 1940 3091 2010; x_wconf 90' lang='lat' dir='ltr'><strong>qui</strong></span> <span class='ocrx_word' id='word_1_552' title='bbox 3124 1939 3418 2003; x_wconf 85' lang='lat' dir='ltr'><strong>demeruit,</strong></span> <span class='ocrx_word' id='word_1_553' title='bbox 3456 1937 3671 1992; x_wconf 87' lang='lat' dir='ltr'><strong>interfi-</strong></span> 
     </span>
    </p>
   </div>
   <div class='ocr_carea' id='block_1_82' title="bbox 2084 2029 3668 2107">
    <p class='ocr_par' dir='ltr' id='par_1_82' title="bbox 2084 2029 3668 2107">
     <span class='ocr_line' id='line_1_82' title="bbox 2084 2029 3668 2107; baseline -0.007 -15"><span class='ocrx_word' id='word_1_554' title='bbox 2084 2054 2210 2092; x_wconf 90' lang='lat' dir='ltr'><strong>cere</strong></span> <span class='ocrx_word' id='word_1_555' title='bbox 2233 2051 2343 2091; x_wconf 91' lang='lat' dir='ltr'><strong>non</strong></span> <span class='ocrx_word' id='word_1_556' title='bbox 2368 2043 2569 2107; x_wconf 89' lang='lat' dir='ltr'><strong>potest.</strong></span> <span class='ocrx_word' id='word_1_557' title='bbox 2604 2035 2716 2089; x_wconf 88' lang='lat' dir='ltr'><strong>Nec</strong></span> <span class='ocrx_word' id='word_1_558' title='bbox 2747 2049 2868 2087; x_wconf 90' lang='lat' dir='ltr'><strong>raro</strong></span> <span class='ocrx_word' id='word_1_559' title='bbox 2887 2032 3274 2087; x_wconf 77' lang='lat' dir='ltr'><strong>charissimam</strong></span> <span class='ocrx_word' id='word_1_560' title='bbox 3308 2029 3668 2086; x_wconf 85' lang='lat' dir='ltr'><strong>Jonathanem</strong></span> 
     </span>
    </p>
   </div>
   <div class='ocr_carea' id='block_1_83' title="bbox 2084 2120 3670 2199">
    <p class='ocr_par' dir='ltr' id='par_1_83' title="bbox 2084 2120 3670 2199">
     <span class='ocr_line' id='line_1_83' title="bbox 2084 2120 3670 2199; baseline -0.006 -14"><span class='ocrx_word' id='word_1_561' title='bbox 2084 2132 2220 2185; x_wconf 89' lang='lat' dir='ltr'><strong>dure</strong></span> <span class='ocrx_word' id='word_1_562' title='bbox 2259 2129 2475 2199; x_wconf 88' lang='lat' dir='ltr'><strong>repellit</strong></span> <span class='ocrx_word' id='word_1_563' title='bbox 2517 2129 2562 2158; x_wconf 71' lang='grc'><strong>⁸³</strong></span> <span class='ocrx_word' id='word_1_564' title='bbox 2605 2127 2936 2195; x_wconf 88' lang='lat' dir='ltr'><strong>(naturalem</strong></span> <span class='ocrx_word' id='word_1_565' title='bbox 2980 2125 3191 2180; x_wconf 79' lang='lat' dir='ltr'><strong>scilicet</strong></span> <span class='ocrx_word' id='word_1_566' title='bbox 3244 2120 3537 2192; x_wconf 88' lang='lat' dir='ltr'><strong>rationem)</strong></span> <span class='ocrx_word' id='word_1_567' title='bbox 3572 2122 3670 2176; x_wconf 86' lang='lat' dir='ltr'><strong>ini-</strong></span> 
     </span>
    </p>
   </div>
   <div class='ocr_carea' id='block_1_84' title="bbox 2084 2211 3672 2290">
    <p class='ocr_par' dir='ltr' id='par_1_84' title="bbox 2084 2211 3672 2290">
     <span class='ocr_line' id='line_1_84' title="bbox 2084 2211 3672 2290; baseline -0.005 -16"><span class='ocrx_word' id='word_1_568' title='bbox 2084 2238 2256 2290; x_wconf 90' lang='lat' dir='ltr'><strong>quum</strong></span> <span class='ocrx_word' id='word_1_569' title='bbox 2306 2220 2494 2274; x_wconf 90' lang='lat' dir='ltr'><strong>odium</strong></span> <span class='ocrx_word' id='word_1_570' title='bbox 2551 2218 3076 2287; x_wconf 84' lang='lat' dir='ltr'><strong>reprehendentem,</strong></span> <span class='ocrx_word' id='word_1_571' title='bbox 3124 2215 3355 2284; x_wconf 89' lang='lat' dir='ltr'><strong>ejusque</strong></span> <span class='ocrx_word' id='word_1_572' title='bbox 3402 2215 3496 2283; x_wconf 89' lang='lat' dir='ltr'><strong>qui</strong></span> <span class='ocrx_word' id='word_1_573' title='bbox 3543 2211 3672 2267; x_wconf 87' lang='lat' dir='ltr'><strong>odio</strong></span> 
     </span>
    </p>
   </div>
   <div class='ocr_carea' id='block_1_85' title="bbox 2085 2303 3673 2375">
    <p class='ocr_par' dir='ltr' id='par_1_85' title="bbox 2085 2303 3673 2375">
     <span class='ocr_line' id='line_1_85' title="bbox 2085 2303 3673 2375; baseline -0.004 -11"><span class='ocrx_word' id='word_1_574' title='bbox 2085 2311 2379 2374; x_wconf 84' lang='lat' dir='ltr'><strong>habeatur,</strong></span> <span class='ocrx_word' id='word_1_575' title='bbox 2439 2308 2610 2362; x_wconf 91' lang='lat' dir='ltr'><strong>animi</strong></span> <span class='ocrx_word' id='word_1_576' title='bbox 2680 2307 2923 2361; x_wconf 89' lang='lat' dir='ltr'><strong>candore</strong></span> <span class='ocrx_word' id='word_1_577' title='bbox 2988 2307 3252 2375; x_wconf 70' lang='lat' dir='ltr'><strong>praeclara</strong></span> <span class='ocrx_word' id='word_1_578' title='bbox 3324 2305 3467 2358; x_wconf 83' lang='lat' dir='ltr'><strong>facta</strong></span> <span class='ocrx_word' id='word_1_579' title='bbox 3531 2303 3673 2358; x_wconf 86' lang='lat' dir='ltr'><strong>refc-</strong></span> 
     </span>
    </p>
   </div>
   <div class='ocr_carea' id='block_1_86' title="bbox 2087 2410 2324 2454">
    <p class='ocr_par' dir='ltr' id='par_1_86' title="bbox 2087 2410 2324 2454">
     <span class='ocr_line' id='line_1_86' title="bbox 2087 2410 2324 2454; baseline -0.004 -2"><span class='ocrx_word' id='word_1_580' title='bbox 2087 2410 2324 2454; x_wconf 89' lang='lat' dir='ltr'><strong>rentem.</strong></span> 
     </span>
    </p>
   </div>
   <div class='ocr_carea' id='block_1_87' title="bbox 2158 2484 3670 2560">
    <p class='ocr_par' dir='ltr' id='par_1_87' title="bbox 2158 2484 3670 2560">
     <span class='ocr_line' id='line_1_87' title="bbox 2158 2484 3670 2560; baseline -0.007 -14"><span class='ocrx_word' id='word_1_581' title='bbox 2158 2493 2247 2546; x_wconf 77' lang='grc'><strong>61.</strong></span> <span class='ocrx_word' id='word_1_582' title='bbox 2277 2492 2388 2545; x_wconf 87' lang='lat' dir='ltr'><strong>Nos</strong></span> <span class='ocrx_word' id='word_1_583' title='bbox 2413 2505 2637 2560; x_wconf 90' lang='lat' dir='ltr'><strong>quoque</strong></span> <span class='ocrx_word' id='word_1_584' title='bbox 2663 2488 2966 2559; x_wconf 89' lang='lat' dir='ltr'><strong>spiritalem</strong></span> <span class='ocrx_word' id='word_1_585' title='bbox 3008 2485 3266 2541; x_wconf 81' lang='lat' dir='ltr'><strong>Davidem</strong></span> <span class='ocrx_word' id='word_1_586' title='bbox 3293 2484 3670 2547; x_wconf 72' lang='lat' dir='ltr'><strong>Obsecremus,</strong></span> 
     </span>
    </p>
   </div>
   <div class='ocr_carea' id='block_1_88' title="bbox 2086 2575 3669 2652">
    <p class='ocr_par' dir='ltr' id='par_1_88' title="bbox 2086 2575 3669 2652">
     <span class='ocr_line' id='line_1_88' title="bbox 2086 2575 3669 2652; baseline -0.007 -15"><span class='ocrx_word' id='word_1_587' title='bbox 2086 2590 2148 2638; x_wconf 90' lang='lat' dir='ltr'><strong>ut</strong></span> <span class='ocrx_word' id='word_1_588' title='bbox 2174 2582 2440 2652; x_wconf 84' lang='lat' dir='ltr'><strong>spiritalis</strong></span> <span class='ocrx_word' id='word_1_589' title='bbox 2464 2579 2953 2650; x_wconf 75' lang='lat' dir='ltr'><strong>contemplationis</strong></span> <span class='ocrx_word' id='word_1_590' title='bbox 2987 2594 3051 2632; x_wconf 89' lang='lat' dir='ltr'><strong>ac</strong></span> <span class='ocrx_word' id='word_1_591' title='bbox 3088 2576 3336 2631; x_wconf 70' lang='lat' dir='ltr'><strong>scientiae</strong></span> <span class='ocrx_word' id='word_1_592' title='bbox 3359 2575 3570 2630; x_wconf 88' lang='lat' dir='ltr'><strong>cithara</strong></span> <span class='ocrx_word' id='word_1_593' title='bbox 3603 2575 3669 2641; x_wconf 69' lang='grc' dir='ltr'><strong>δ’,</strong></span> 
     </span>
    </p>
   </div>
   <div class='ocr_carea' id='block_1_89' title="bbox 2088 2668 3674 2741">
    <p class='ocr_par' dir='ltr' id='par_1_89' title="bbox 2088 2668 3674 2741">
     <span class='ocr_line' id='line_1_89' title="bbox 2088 2668 3674 2741; baseline -0.006 -13"><span class='ocrx_word' id='word_1_594' title='bbox 2088 2683 2438 2729; x_wconf 74' lang='lat' dir='ltr'><strong>terrenarum</strong></span> <span class='ocrx_word' id='word_1_595' title='bbox 2471 2672 2671 2726; x_wconf 74' lang='lat' dir='ltr'><strong>aﬂ&#39;ectu</strong></span> <span class='ocrx_word' id='word_1_596' title='bbox 2711 2671 3019 2741; x_wconf 68' lang='lat' dir='ltr'><strong>plianaticaa</strong></span> <span class='ocrx_word' id='word_1_597' title='bbox 3060 2668 3241 2722; x_wconf 70' lang='lat' dir='ltr'><strong>menti“</strong></span> <span class='ocrx_word' id='word_1_598' title='bbox 3260 2676 3461 2721; x_wconf 69' lang='lat' dir='ltr'><strong>nostrae</strong></span> <span class='ocrx_word' id='word_1_599' title='bbox 3492 2681 3556 2720; x_wconf 86' lang='lat' dir='ltr'><strong>ac</strong></span> <span class='ocrx_word' id='word_1_600' title='bbox 3585 2681 3674 2719; x_wconf 89' lang='lat' dir='ltr'><strong>ar-</strong></span> 
     </span>
    </p>
   </div>
   <div class='ocr_carea' id='block_1_90' title="bbox 2087 2760 3675 2835">
    <p class='ocr_par' dir='ltr' id='par_1_90' title="bbox 2087 2760 3675 2835">
     <span class='ocr_line' id='line_1_90' title="bbox 2087 2760 3675 2835; baseline -0.004 -17"><span class='ocrx_word' id='word_1_601' title='bbox 2087 2764 2325 2835; x_wconf 69' lang='lat' dir='ltr'><strong>reptitia:</strong></span> <span class='ocrx_word' id='word_1_602' title='bbox 2352 2766 2591 2826; x_wconf 86' lang='lat' dir='ltr'><strong>insonet,</strong></span> <span class='ocrx_word' id='word_1_603' title='bbox 2615 2778 2678 2817; x_wconf 89' lang='lat' dir='ltr'><strong>ac</strong></span> <span class='ocrx_word' id='word_1_604' title='bbox 2703 2763 3103 2832; x_wconf 81' lang='lat' dir='ltr'><strong>nequissimum</strong></span> <span class='ocrx_word' id='word_1_605' title='bbox 3146 2760 3404 2830; x_wconf 89' lang='lat' dir='ltr'><strong>spiritum</strong></span> <span class='ocrx_word' id='word_1_606' title='bbox 3441 2766 3675 2812; x_wconf 80' lang='lat' dir='ltr'><strong>tcrrerue</strong></span> 
     </span>
    </p>
   </div>
   <div class='ocr_carea' id='block_1_91' title="bbox 2085 2850 3674 2924">
    <p class='ocr_par' dir='ltr' id='par_1_91' title="bbox 2085 2850 3674 2924">
     <span class='ocr_line' id='line_1_91' title="bbox 2085 2850 3674 2924; baseline -0.006 -13"><span class='ocrx_word' id='word_1_607' title='bbox 2085 2873 2281 2912; x_wconf 87' lang='lat' dir='ltr'><strong>sensus</strong></span> <span class='ocrx_word' id='word_1_608' title='bbox 2305 2856 2587 2910; x_wconf 79' lang='lat' dir='ltr'><strong>varietatis</strong></span> <span class='ocrx_word' id='word_1_609' title='bbox 2621 2855 2824 2924; x_wconf 77' lang='lat' dir='ltr'><strong>abigat,</strong></span> <span class='ocrx_word' id='word_1_610' title='bbox 2862 2862 2921 2908; x_wconf 89' lang='lat' dir='ltr'><strong>ut</strong></span> <span class='ocrx_word' id='word_1_611' title='bbox 2953 2852 3277 2922; x_wconf 86' lang='lat' dir='ltr'><strong>spiritaliter</strong></span> <span class='ocrx_word' id='word_1_612' title='bbox 3303 2851 3464 2904; x_wconf 90' lang='lat' dir='ltr'><strong>nobis</strong></span> <span class='ocrx_word' id='word_1_613' title='bbox 3495 2850 3674 2919; x_wconf 87' lang='lat' dir='ltr'><strong>legem</strong></span> 
     </span>
    </p>
   </div>
   <div class='ocr_carea' id='block_1_92' title="bbox 2088 2942 3672 3020">
    <p class='ocr_par' dir='ltr' id='par_1_92' title="bbox 2088 2942 3672 3020">
     <span class='ocr_line' id='line_1_92' title="bbox 2088 2942 3672 3020; baseline -0.006 -17"><span class='ocrx_word' id='word_1_614' title='bbox 2088 2949 2398 3020; x_wconf 86' lang='lat' dir='ltr'><strong>intelligere</strong></span> <span class='ocrx_word' id='word_1_615' title='bbox 2432 2947 2614 3010; x_wconf 90' lang='lat' dir='ltr'><strong>liceat,</strong></span> <span class='ocrx_word' id='word_1_616' title='bbox 2641 2947 2807 3016; x_wconf 90' lang='lat' dir='ltr'><strong>inque</strong></span> <span class='ocrx_word' id='word_1_617' title='bbox 2845 2961 2910 2999; x_wconf 88' lang='lat' dir='ltr'><strong>ea</strong></span> <span class='ocrx_word' id='word_1_618' title='bbox 2933 2944 3198 2998; x_wconf 89' lang='lat' dir='ltr'><strong>latentem</strong></span> <span class='ocrx_word' id='word_1_619' title='bbox 3235 2942 3525 3012; x_wconf 75' lang='lat' dir='ltr'><strong>mysticum</strong></span> <span class='ocrx_word' id='word_1_620' title='bbox 3555 2956 3672 2994; x_wconf 91' lang='lat' dir='ltr'><strong>ser-</strong></span> 
     </span>
    </p>
   </div>
   <div class='ocr_carea' id='block_1_93' title="bbox 2088 3033 3676 3107">
    <p class='ocr_par' dir='ltr' id='par_1_93' title="bbox 2088 3033 3676 3107">
     <span class='ocr_line' id='line_1_93' title="bbox 2088 3033 3676 3107; baseline -0.006 -11"><span class='ocrx_word' id='word_1_621' title='bbox 2088 3057 2310 3096; x_wconf 86' lang='lat' dir='ltr'><strong>monem</strong></span> <span class='ocrx_word' id='word_1_622' title='bbox 2356 3041 2650 3104; x_wconf 85' lang='lat' dir='ltr'><strong>invenire;</strong></span> <span class='ocrx_word' id='word_1_623' title='bbox 2685 3053 2768 3105; x_wconf 91' lang='lat' dir='ltr'><strong>ac,</strong></span> <span class='ocrx_word' id='word_1_624' title='bbox 2811 3035 2960 3107; x_wconf 89' lang='lat' dir='ltr'><strong>quod</strong></span> <span class='ocrx_word' id='word_1_625' title='bbox 2991 3035 3126 3090; x_wconf 89' lang='lat' dir='ltr'><strong>satis</strong></span> <span class='ocrx_word' id='word_1_626' title='bbox 3151 3035 3248 3101; x_wconf 87' lang='lat' dir='ltr'><strong>sil,</strong></span> <span class='ocrx_word' id='word_1_627' title='bbox 3279 3033 3333 3088; x_wconf 89' lang='lat' dir='ltr'><strong>in</strong></span> <span class='ocrx_word' id='word_1_628' title='bbox 3366 3033 3493 3088; x_wconf 75' lang='lat' dir='ltr'><strong>vitae</strong></span> <span class='ocrx_word' id='word_1_629' title='bbox 3518 3041 3676 3087; x_wconf 69' lang='lat' dir='ltr'><strong>mter-</strong></span> 
     </span>
    </p>
   </div>
   <div class='ocr_carea' id='block_1_94' title="bbox 2090 3133 2837 3201">
    <p class='ocr_par' dir='ltr' id='par_1_94' title="bbox 2090 3133 2837 3201">
     <span class='ocr_line' id='line_1_94' title="bbox 2090 3133 2837 3201; baseline -0.008 -12"><span class='ocrx_word' id='word_1_630' title='bbox 2090 3150 2174 3189; x_wconf 58' lang='grc' dir='ltr'><strong>πω</strong></span> <span class='ocrx_word' id='word_1_631' title='bbox 2195 3133 2456 3187; x_wconf 82' lang='lat' dir='ltr'><strong>viaticum</strong></span> <span class='ocrx_word' id='word_1_632' title='bbox 2493 3145 2837 3201; x_wconf 87' lang='lat' dir='ltr'><strong>comparare.</strong></span> 
     </span>
    </p>
   </div>
   <div class='ocr_carea' id='block_1_95' title="bbox 2163 3214 3676 3294">
    <p class='ocr_par' dir='ltr' id='par_1_95' title="bbox 2163 3214 3676 3294">
     <span class='ocr_line' id='line_1_95' title="bbox 2163 3214 3676 3294; baseline -0.007 -15"><span class='ocrx_word' id='word_1_633' title='bbox 2163 3225 2252 3280; x_wconf 74' lang='grc'><strong>62.</strong></span> <span class='ocrx_word' id='word_1_634' title='bbox 2292 3225 2557 3294; x_wconf 87' lang='lat' dir='ltr'><strong>Quisquis</strong></span> <span class='ocrx_word' id='word_1_635' title='bbox 2599 3221 2792 3276; x_wconf 85' lang='lat' dir='ltr'><strong>salutis</strong></span> <span class='ocrx_word' id='word_1_636' title='bbox 2838 3235 3024 3274; x_wconf 89' lang='lat' dir='ltr'><strong>amore</strong></span> <span class='ocrx_word' id='word_1_637' title='bbox 3061 3225 3306 3282; x_wconf 89' lang='lat' dir='ltr'><strong>tenetur,</strong></span> <span class='ocrx_word' id='word_1_638' title='bbox 3338 3224 3434 3270; x_wconf 90' lang='lat' dir='ltr'><strong>aut</strong></span> <span class='ocrx_word' id='word_1_639' title='bbox 3473 3214 3676 3270; x_wconf 87' lang='lat' dir='ltr'><strong>actioni</strong></span> 
     </span>
    </p>
   </div>
   <div class='ocr_carea' id='block_1_96' title="bbox 2089 3305 3670 3389">
    <p class='ocr_par' dir='ltr' id='par_1_96' title="bbox 2089 3305 3670 3389">
     <span class='ocr_line' id='line_1_96' title="bbox 2089 3305 3670 3389; baseline -0.008 -18"><span class='ocrx_word' id='word_1_640' title='bbox 2089 3334 2320 3389; x_wconf 81' lang='lat' dir='ltr'><strong>prorsus</strong></span> <span class='ocrx_word' id='word_1_641' title='bbox 2396 3323 2490 3371; x_wconf 88' lang='lat' dir='ltr'><strong>aut</strong></span> <span class='ocrx_word' id='word_1_642' title='bbox 2565 3311 3023 3381; x_wconf 79' lang='lat' dir='ltr'><strong>contemplationi</strong></span> <span class='ocrx_word' id='word_1_643' title='bbox 3091 3309 3338 3363; x_wconf 76' lang='lat' dir='ltr'><strong>animant</strong></span> <span class='ocrx_word' id='word_1_644' title='bbox 3413 3305 3670 3361; x_wconf 87' lang='lat' dir='ltr'><strong>intendit.</strong></span> 
     </span>
    </p>
   </div>
   <div class='ocr_carea' id='block_1_97' title="bbox 2089 3403 3675 3478">
    <p class='ocr_par' dir='ltr' id='par_1_97' title="bbox 2089 3403 3675 3478">
     <span class='ocr_line' id='line_1_97' title="bbox 2089 3403 3675 3478; baseline -0.007 -17"><span class='ocrx_word' id='word_1_645' title='bbox 2089 3409 2309 3478; x_wconf 78' lang='lat' dir='ltr'><strong>Absque</strong></span> <span class='ocrx_word' id='word_1_646' title='bbox 2355 3407 2501 3461; x_wconf 89' lang='lat' dir='ltr'><strong>enim</strong></span> <span class='ocrx_word' id='word_1_647' title='bbox 2559 3407 2766 3460; x_wconf 88' lang='lat' dir='ltr'><strong>virtute</strong></span> <span class='ocrx_word' id='word_1_648' title='bbox 2815 3414 2872 3459; x_wconf 89' lang='lat' dir='ltr'><strong>et</strong></span> <span class='ocrx_word' id='word_1_649' title='bbox 2922 3403 3176 3464; x_wconf 85' lang='lat' dir='ltr'><strong>scientia,</strong></span> <span class='ocrx_word' id='word_1_650' title='bbox 3227 3415 3388 3454; x_wconf 89' lang='lat' dir='ltr'><strong>nemo</strong></span> <span class='ocrx_word' id='word_1_651' title='bbox 3431 3412 3675 3467; x_wconf 81' lang='lat' dir='ltr'><strong>unquam</strong></span> 
     </span>
    </p>
   </div>
   <div class='ocr_carea' id='block_1_98' title="bbox 2088 3488 3672 3568">
    <p class='ocr_par' dir='ltr' id='par_1_98' title="bbox 2088 3488 3672 3568">
     <span class='ocr_line' id='line_1_98' title="bbox 2088 3488 3672 3568; baseline -0.009 -14"><span class='ocrx_word' id='word_1_652' title='bbox 2088 3500 2322 3554; x_wconf 87' lang='lat' dir='ltr'><strong>salutem</strong></span> <span class='ocrx_word' id='word_1_653' title='bbox 2365 3498 2544 3568; x_wconf 86' lang='lat' dir='ltr'><strong>potuit</strong></span> <span class='ocrx_word' id='word_1_654' title='bbox 2579 3495 2849 3566; x_wconf 86' lang='lat' dir='ltr'><strong>adipisci;</strong></span> <span class='ocrx_word' id='word_1_655' title='bbox 2892 3495 3097 3564; x_wconf 86' lang='lat' dir='ltr'><strong>quippe</strong></span> <span class='ocrx_word' id='word_1_656' title='bbox 3141 3507 3268 3547; x_wconf 89' lang='lat' dir='ltr'><strong>cum</strong></span> <span class='ocrx_word' id='word_1_657' title='bbox 3315 3490 3540 3544; x_wconf 79' lang='lat' dir='ltr'><strong>virtutis</strong></span> <span class='ocrx_word' id='word_1_658' title='bbox 3579 3488 3672 3552; x_wconf 87' lang='lat' dir='ltr'><strong>sit,</strong></span> 
     </span>
    </p>
   </div>
   <div class='ocr_carea' id='block_1_99' title="bbox 2089 3579 3678 3658">
    <p class='ocr_par' dir='ltr' id='par_1_99' title="bbox 2089 3579 3678 3658">
     <span class='ocr_line' id='line_1_99' title="bbox 2089 3579 3678 3658; baseline -0.007 -15"><span class='ocrx_word' id='word_1_659' title='bbox 2089 3601 2149 3643; x_wconf 93' lang='lat' dir='ltr'><strong>ut</strong></span> <span class='ocrx_word' id='word_1_660' title='bbox 2177 3590 2429 3658; x_wconf 84' lang='lat' dir='ltr'><strong>corporis</strong></span> <span class='ocrx_word' id='word_1_661' title='bbox 2462 3595 2674 3641; x_wconf 88' lang='lat' dir='ltr'><strong>motum</strong></span> <span class='ocrx_word' id='word_1_662' title='bbox 2720 3595 3036 3655; x_wconf 88' lang='lat' dir='ltr'><strong>componat,</strong></span> <span class='ocrx_word' id='word_1_663' title='bbox 3079 3599 3200 3653; x_wconf 74' lang='lat' dir='ltr'><strong>quae</strong></span> <span class='ocrx_word' id='word_1_664' title='bbox 3234 3582 3490 3635; x_wconf 74' lang='lat' dir='ltr'><strong>videlicet</strong></span> <span class='ocrx_word' id='word_1_665' title='bbox 3524 3579 3678 3632; x_wconf 78' lang='lat' dir='ltr'><strong>velut</strong></span> 
     </span>
    </p>
   </div>
   <div class='ocr_carea' id='block_1_100' title="bbox 2088 3672 3674 3749">
    <p class='ocr_par' dir='ltr' id='par_1_100' title="bbox 2088 3672 3674 3749">
     <span class='ocr_line' id='line_1_100' title="bbox 2088 3672 3674 3749; baseline -0.006 -15"><span class='ocrx_word' id='word_1_666' title='bbox 2088 3680 2245 3735; x_wconf 89' lang='lat' dir='ltr'><strong>freno</strong></span> <span class='ocrx_word' id='word_1_667' title='bbox 2274 3680 2537 3749; x_wconf 86' lang='lat' dir='ltr'><strong>quodam,</strong></span> <span class='ocrx_word' id='word_1_668' title='bbox 2580 3688 2732 3733; x_wconf 88' lang='lat' dir='ltr'><strong>recta</strong></span> <span class='ocrx_word' id='word_1_669' title='bbox 2775 3677 3246 3736; x_wconf 87' lang='lat' dir='ltr'><strong>consideratione,</strong></span> <span class='ocrx_word' id='word_1_670' title='bbox 3291 3689 3358 3728; x_wconf 88' lang='lat' dir='ltr'><strong>ne</strong></span> <span class='ocrx_word' id='word_1_671' title='bbox 3391 3672 3457 3726; x_wconf 89' lang='lat' dir='ltr'><strong>ad</strong></span> <span class='ocrx_word' id='word_1_672' title='bbox 3495 3672 3674 3740; x_wconf 88' lang='lat' dir='ltr'><strong>turpia</strong></span> 
     </span>
    </p>
   </div>
   <div class='ocr_carea' id='block_1_101' title="bbox 2087 3767 3677 3838">
    <p class='ocr_par' dir='ltr' id='par_1_101' title="bbox 2087 3767 3677 3838">
     <span class='ocr_line' id='line_1_101' title="bbox 2087 3767 3677 3838; baseline -0.005 -13"><span class='ocrx_word' id='word_1_673' title='bbox 2087 3787 2150 3825; x_wconf 89' lang='lat' dir='ltr'><strong>ac</strong></span> <span class='ocrx_word' id='word_1_674' title='bbox 2179 3772 2452 3824; x_wconf 79' lang='lat' dir='ltr'><strong>luxuriam</strong></span> <span class='ocrx_word' id='word_1_675' title='bbox 2477 3770 2776 3835; x_wconf 88' lang='lat' dir='ltr'><strong>dilabatur,</strong></span> <span class='ocrx_word' id='word_1_676' title='bbox 2815 3770 2988 3838; x_wconf 89' lang='lat' dir='ltr'><strong>perite</strong></span> <span class='ocrx_word' id='word_1_677' title='bbox 3016 3769 3188 3838; x_wconf 87' lang='lat' dir='ltr'><strong>ipsam</strong></span> <span class='ocrx_word' id='word_1_678' title='bbox 3221 3767 3479 3821; x_wconf 85' lang='lat' dir='ltr'><strong>cohibeat</strong></span> <span class='ocrx_word' id='word_1_679' title='bbox 3505 3783 3519 3830; x_wconf 72' lang='grc' dir='ltr'><strong>ς</strong></span> <span class='ocrx_word' id='word_1_680' title='bbox 3545 3782 3677 3818; x_wconf 77' lang='lat' dir='ltr'><strong>coii-</strong></span> 
     </span>
    </p>
   </div>
   <div class='ocr_carea' id='block_1_102' title="bbox 2090 3857 3673 3932">
    <p class='ocr_par' dir='ltr' id='par_1_102' title="bbox 2090 3857 3673 3932">
     <span class='ocr_line' id='line_1_102' title="bbox 2090 3857 3673 3932; baseline -0.004 -18"><span class='ocrx_word' id='word_1_681' title='bbox 2090 3862 2465 3932; x_wconf 82' lang='lat' dir='ltr'><strong>templationis</strong></span> <span class='ocrx_word' id='word_1_682' title='bbox 2489 3877 2643 3926; x_wconf 88' lang='lat' dir='ltr'><strong>vero,</strong></span> <span class='ocrx_word' id='word_1_683' title='bbox 2682 3870 2743 3917; x_wconf 93' lang='lat' dir='ltr'><strong>ut</strong></span> <span class='ocrx_word' id='word_1_684' title='bbox 2768 3861 2939 3931; x_wconf 89' lang='lat' dir='ltr'><strong>probe</strong></span> <span class='ocrx_word' id='word_1_685' title='bbox 2976 3859 3253 3915; x_wconf 87' lang='lat' dir='ltr'><strong>intellecta</strong></span> <span class='ocrx_word' id='word_1_686' title='bbox 3284 3872 3347 3914; x_wconf 89' lang='lat' dir='ltr'><strong>ac</strong></span> <span class='ocrx_word' id='word_1_687' title='bbox 3373 3857 3673 3928; x_wconf 82' lang='lat' dir='ltr'><strong>prudenter</strong></span> 
     </span>
    </p>
   </div>
   <div class='ocr_carea' id='block_1_103' title="bbox 2082 3953 3668 4027">
    <p class='ocr_par' dir='ltr' id='par_1_103' title="bbox 2082 3953 3668 4027">
     <span class='ocr_line' id='line_1_103' title="bbox 2082 3953 3668 4027; baseline 0.003 -22"><span class='ocrx_word' id='word_1_688' title='bbox 2082 3955 2347 4027; x_wconf 80' lang='lat' dir='ltr'><strong>judicata,</strong></span> <span class='ocrx_word' id='word_1_689' title='bbox 2383 3953 2635 4024; x_wconf 87' lang='lat' dir='ltr'><strong>eligemla</strong></span> <span class='ocrx_word' id='word_1_690' title='bbox 2667 3953 2960 4008; x_wconf 87' lang='lat' dir='ltr'><strong>decernat.</strong></span> <span class='ocrx_word' id='word_1_691' title='bbox 3661 4017 3668 4026; x_wconf 36' lang='grc' dir='ltr'>ι</span> 
     </span>
    </p>
   </div>
   <div class='ocr_carea' id='block_1_104' title="bbox 2155 4037 3668 4116">
    <p class='ocr_par' dir='ltr' id='par_1_104' title="bbox 2155 4037 3668 4116">
     <span class='ocr_line' id='line_1_104' title="bbox 2155 4037 3668 4116; baseline -0.013 -13"><span class='ocrx_word' id='word_1_692' title='bbox 2155 4045 2318 4116; x_wconf 81' lang='lat'><strong>625</strong></span> <span class='ocrx_word' id='word_1_693' title='bbox 2366 4046 2456 4099; x_wconf 82' lang='grc'><strong>65.</strong></span> <span class='ocrx_word' id='word_1_694' title='bbox 2505 4044 2645 4098; x_wconf 87' lang='lat' dir='ltr'><strong>Cum</strong></span> <span class='ocrx_word' id='word_1_695' title='bbox 2695 4043 3068 4098; x_wconf 88' lang='lat' dir='ltr'><strong>lntellectuale</strong></span> <span class='ocrx_word' id='word_1_696' title='bbox 3125 4039 3356 4112; x_wconf 81' lang='grc' dir='ltr'>(νοερὸν)</span> <span class='ocrx_word' id='word_1_697' title='bbox 3405 4039 3476 4094; x_wconf 87' lang='lat' dir='ltr'><strong>sit</strong></span> <span class='ocrx_word' id='word_1_698' title='bbox 3521 4037 3668 4107; x_wconf 82' lang='lat' dir='ltr'><strong>quod</strong></span> 
     </span>
    </p>
   </div>
   <div class='ocr_carea' id='block_1_105' title="bbox 2088 4127 3671 4204">
    <p class='ocr_par' dir='ltr' id='par_1_105' title="bbox 2088 4127 3671 4204">
     <span class='ocr_line' id='line_1_105' title="bbox 2088 4127 3671 4204; baseline -0.006 -16"><span class='ocrx_word' id='word_1_699' title='bbox 2088 4133 2383 4204; x_wconf 88' lang='lat' dir='ltr'><strong>intelligit;</strong></span> <span class='ocrx_word' id='word_1_700' title='bbox 2430 4142 2485 4189; x_wconf 91' lang='lat' dir='ltr'><strong>et</strong></span> <span class='ocrx_word' id='word_1_701' title='bbox 2514 4133 2804 4202; x_wconf 83' lang='lat' dir='ltr'><strong>intelligile</strong></span> <span class='ocrx_word' id='word_1_702' title='bbox 2835 4129 3070 4204; x_wconf 68' lang='grc' dir='ltr'>(νοητὸν)</span> <span class='ocrx_word' id='word_1_703' title='bbox 3118 4129 3262 4199; x_wconf 89' lang='lat' dir='ltr'><strong>quod</strong></span> <span class='ocrx_word' id='word_1_704' title='bbox 3301 4127 3671 4197; x_wconf 84' lang='lat' dir='ltr'><strong>intelligitur:</strong></span> 
     </span>
    </p>
   </div>
   <div class='ocr_carea' id='block_1_106' title="bbox 2086 4218 3676 4296">
    <p class='ocr_par' dir='ltr' id='par_1_106' title="bbox 2086 4218 3676 4296">
     <span class='ocr_line' id='line_1_106' title="bbox 2086 4218 3676 4296; baseline -0.005 -16"><span class='ocrx_word' id='word_1_705' title='bbox 2086 4228 2207 4296; x_wconf 88' lang='lat' dir='ltr'><strong>ejus</strong></span> <span class='ocrx_word' id='word_1_706' title='bbox 2232 4241 2364 4282; x_wconf 80' lang='lat' dir='ltr'><strong>vero</strong></span> <span class='ocrx_word' id='word_1_707' title='bbox 2404 4225 2548 4296; x_wconf 90' lang='lat' dir='ltr'><strong>quod</strong></span> <span class='ocrx_word' id='word_1_708' title='bbox 2594 4224 2856 4295; x_wconf 87' lang='lat' dir='ltr'><strong>intelligit</strong></span> <span class='ocrx_word' id='word_1_709' title='bbox 2899 4225 3222 4278; x_wconf 88' lang='lat' dir='ltr'><strong>alimentum</strong></span> <span class='ocrx_word' id='word_1_710' title='bbox 3255 4237 3321 4296; x_wconf 81' lang='lat' dir='ltr'><strong>ac</strong></span> <span class='ocrx_word' id='word_1_711' title='bbox 3361 4221 3514 4274; x_wconf 89' lang='lat' dir='ltr'><strong>velut</strong></span> <span class='ocrx_word' id='word_1_712' title='bbox 3544 4218 3676 4273; x_wconf 90' lang='lat' dir='ltr'><strong>sub-</strong></span> 
     </span>
    </p>
   </div>
   <div class='ocr_carea' id='block_1_107' title="bbox 2088 4294 3674 4387">
    <p class='ocr_par' dir='ltr' id='par_1_107' title="bbox 2088 4294 3674 4387">
     <span class='ocr_line' id='line_1_107' title="bbox 2088 4294 3674 4387; baseline -0.006 -15"><span class='ocrx_word' id='word_1_713' title='bbox 2088 4317 2289 4372; x_wconf 89' lang='lat' dir='ltr'><strong>stantia</strong></span> <span class='ocrx_word' id='word_1_714' title='bbox 2333 4317 2426 4382; x_wconf 85' lang='lat' dir='ltr'><strong>sit,</strong></span> <span class='ocrx_word' id='word_1_715' title='bbox 2472 4317 2620 4386; x_wconf 90' lang='lat' dir='ltr'><strong>quod</strong></span> <span class='ocrx_word' id='word_1_716' title='bbox 2667 4317 3032 4387; x_wconf 83' lang='lat' dir='ltr'><strong>intelligitur;</strong></span> <span class='ocrx_word' id='word_1_717' title='bbox 3080 4294 3279 4368; x_wconf 76' lang='lat' dir='ltr'><strong>merito</strong></span> <span class='ocrx_word' id='word_1_718' title='bbox 3328 4314 3492 4373; x_wconf 86' lang='lat' dir='ltr'><strong>Deus,</strong></span> <span class='ocrx_word' id='word_1_719' title='bbox 3549 4325 3674 4364; x_wconf 90' lang='lat' dir='ltr'><strong>cum</strong></span> 
     </span>
    </p>
   </div>
   <div class='ocr_carea' id='block_1_108' title="bbox 2093 4403 3677 4479">
    <p class='ocr_par' dir='ltr' id='par_1_108' title="bbox 2093 4403 3677 4479">
     <span class='ocr_line' id='line_1_108' title="bbox 2093 4403 3677 4479; baseline -0.005 -15"><span class='ocrx_word' id='word_1_720' title='bbox 2093 4409 2332 4479; x_wconf 88' lang='lat' dir='ltr'><strong>Spiritus</strong></span> <span class='ocrx_word' id='word_1_721' title='bbox 2366 4418 2582 4464; x_wconf 91' lang='lat' dir='ltr'><strong>mentes</strong></span> <span class='ocrx_word' id='word_1_722' title='bbox 2609 4411 2743 4473; x_wconf 90' lang='lat' dir='ltr'><strong>sint,</strong></span> <span class='ocrx_word' id='word_1_723' title='bbox 2771 4410 2886 4479; x_wconf 90' lang='lat' dir='ltr'><strong>ipse</strong></span> <span class='ocrx_word' id='word_1_724' title='bbox 2920 4409 3257 4472; x_wconf 81' lang='lat' dir='ltr'><strong>intellectus,</strong></span> <span class='ocrx_word' id='word_1_725' title='bbox 3290 4422 3352 4460; x_wconf 90' lang='lat' dir='ltr'><strong>ac</strong></span> <span class='ocrx_word' id='word_1_726' title='bbox 3385 4403 3562 4474; x_wconf 89' lang='lat' dir='ltr'><strong>quoad</strong></span> <span class='ocrx_word' id='word_1_727' title='bbox 3593 4403 3677 4458; x_wconf 89' lang='lat' dir='ltr'><strong>eis</strong></span> 
     </span>
    </p>
   </div>
   <div class='ocr_carea' id='block_1_109' title="bbox 2017 4494 3676 4592">
    <p class='ocr_par' dir='ltr' id='par_1_109' title="bbox 2017 4494 3676 4592">
     <span class='ocr_line' id='line_1_109' title="bbox 2017 4494 3676 4592; baseline -0.004 -40"><span class='ocrx_word' id='word_1_728' title='bbox 2017 4538 2058 4592; x_wconf 66' lang='grc' dir='ltr'><strong>Β</strong></span> <span class='ocrx_word' id='word_1_729' title='bbox 2091 4500 2310 4569; x_wconf 88' lang='lat' dir='ltr'><strong>assequi</strong></span> <span class='ocrx_word' id='word_1_730' title='bbox 2352 4500 2504 4566; x_wconf 90' lang='lat' dir='ltr'><strong>licet,</strong></span> <span class='ocrx_word' id='word_1_731' title='bbox 2542 4500 2611 4555; x_wconf 86' lang='lat' dir='ltr'><strong>iis</strong></span> <span class='ocrx_word' id='word_1_732' title='bbox 2643 4500 2824 4556; x_wconf 88' lang='lat' dir='ltr'><strong>factus</strong></span> <span class='ocrx_word' id='word_1_733' title='bbox 2851 4497 3238 4568; x_wconf 82' lang='lat' dir='ltr'><strong>intelligibilis,</strong></span> <span class='ocrx_word' id='word_1_734' title='bbox 3259 4496 3495 4550; x_wconf 90' lang='lat' dir='ltr'><strong>interius</strong></span> <span class='ocrx_word' id='word_1_735' title='bbox 3527 4494 3676 4562; x_wconf 88' lang='lat' dir='ltr'><strong>ipsos</strong></span> 
     </span>
    </p>
   </div>
   <div class='ocr_carea' id='block_1_110' title="bbox 2087 4588 3461 4658">
    <p class='ocr_par' dir='ltr' id='par_1_110' title="bbox 2087 4588 3461 4658">
     <span class='ocr_line' id='line_1_110' title="bbox 2087 4588 3461 4658; baseline -0.006 -13"><span class='ocrx_word' id='word_1_736' title='bbox 2087 4591 2350 4657; x_wconf 86' lang='lat' dir='ltr'><strong>illustrat,</strong></span> <span class='ocrx_word' id='word_1_737' title='bbox 2391 4593 2472 4647; x_wconf 90' lang='lat' dir='ltr'><strong>sic</strong></span> <span class='ocrx_word' id='word_1_738' title='bbox 2508 4599 2571 4645; x_wconf 87' lang='lat' dir='ltr'><strong>ut</strong></span> <span class='ocrx_word' id='word_1_739' title='bbox 2609 4608 2767 4646; x_wconf 90' lang='lat' dir='ltr'><strong>mens</strong></span> <span class='ocrx_word' id='word_1_740' title='bbox 2799 4599 2855 4646; x_wconf 90' lang='lat' dir='ltr'><strong>et</strong></span> <span class='ocrx_word' id='word_1_741' title='bbox 2883 4590 3152 4658; x_wconf 88' lang='lat' dir='ltr'><strong>intelligat</strong></span> <span class='ocrx_word' id='word_1_742' title='bbox 3175 4595 3232 4641; x_wconf 92' lang='lat' dir='ltr'><strong>et</strong></span> <span class='ocrx_word' id='word_1_743' title='bbox 3264 4588 3461 4640; x_wconf 89' lang='lat' dir='ltr'><strong>alatur.</strong></span> 
     </span>
    </p>
   </div>
   <div class='ocr_carea' id='block_1_111' title="bbox 2161 4674 3676 4753">
    <p class='ocr_par' dir='ltr' id='par_1_111' title="bbox 2161 4674 3676 4753">
     <span class='ocr_line' id='line_1_111' title="bbox 2161 4674 3676 4753; baseline -0.007 -16"><span class='ocrx_word' id='word_1_744' title='bbox 2161 4683 2248 4737; x_wconf 72' lang='lat' dir='ltr'><strong>et.</strong></span> <span class='ocrx_word' id='word_1_745' title='bbox 2283 4683 2446 4738; x_wconf 82' lang='lat' dir='ltr'><strong>Aliud</strong></span> <span class='ocrx_word' id='word_1_746' title='bbox 2481 4691 2566 4738; x_wconf 89' lang='lat' dir='ltr'><strong>est</strong></span> <span class='ocrx_word' id='word_1_747' title='bbox 2606 4683 2954 4753; x_wconf 84' lang='lat' dir='ltr'><strong>intelligibile</strong></span> <span class='ocrx_word' id='word_1_748' title='bbox 2986 4678 3222 4750; x_wconf 80' lang='grc' dir='ltr'>(νοητὸν)</span> <span class='ocrx_word' id='word_1_749' title='bbox 3248 4688 3304 4732; x_wconf 89' lang='lat' dir='ltr'><strong>et</strong></span> <span class='ocrx_word' id='word_1_750' title='bbox 3336 4675 3483 4731; x_wconf 91' lang='lat' dir='ltr'><strong>aliud</strong></span> <span class='ocrx_word' id='word_1_751' title='bbox 3514 4674 3676 4730; x_wconf 81' lang='lat' dir='ltr'><strong>intel-</strong></span> 
     </span>
    </p>
   </div>
   <div class='ocr_carea' id='block_1_112' title="bbox 2089 4767 3674 4847">
    <p class='ocr_par' dir='ltr' id='par_1_112' title="bbox 2089 4767 3674 4847">
     <span class='ocr_line' id='line_1_112' title="bbox 2089 4767 3674 4847; baseline -0.004 -20"><span class='ocrx_word' id='word_1_752' title='bbox 2089 4773 2327 4829; x_wconf 86' lang='lat' dir='ltr'><strong>lectuale</strong></span> <span class='ocrx_word' id='word_1_753' title='bbox 2358 4773 2607 4847; x_wconf 82' lang='grc' dir='ltr'>(νοερόν.)</span> <span class='ocrx_word' id='word_1_754' title='bbox 2647 4775 2784 4830; x_wconf 91' lang='lat' dir='ltr'><strong>lllud</strong></span> <span class='ocrx_word' id='word_1_755' title='bbox 2811 4774 2984 4838; x_wconf 90' lang='lat' dir='ltr'><strong>enim,</strong></span> <span class='ocrx_word' id='word_1_756' title='bbox 3017 4772 3096 4827; x_wconf 89' lang='lat' dir='ltr'><strong>uti</strong></span> <span class='ocrx_word' id='word_1_757' title='bbox 3132 4772 3343 4826; x_wconf 89' lang='lat' dir='ltr'><strong>dictum</strong></span> <span class='ocrx_word' id='word_1_758' title='bbox 3373 4777 3477 4832; x_wconf 84' lang='lat' dir='ltr'><strong>est,</strong></span> <span class='ocrx_word' id='word_1_759' title='bbox 3508 4767 3674 4836; x_wconf 89' lang='lat' dir='ltr'><strong>hujus</strong></span> 
     </span>
    </p>
   </div>
   <div class='ocr_carea' id='block_1_113' title="bbox 2085 4887 2616 4961">
    <p class='ocr_par' dir='ltr' id='par_1_113' title="bbox 2085 4887 2616 4961">
     <span class='ocr_line' id='line_1_113' title="bbox 2085 4887 2616 4961; baseline -0.002 -17"><span class='ocrx_word' id='word_1_760' title='bbox 2085 4887 2128 4920; x_wconf 83' lang='grc'><strong>⁸⁷</strong></span> <span class='ocrx_word' id='word_1_761' title='bbox 2160 4889 2179 4944; x_wconf 88' lang='lat' dir='ltr'><strong>l</strong></span> <span class='ocrx_word' id='word_1_762' title='bbox 2212 4890 2346 4961; x_wconf 80' lang='lat' dir='ltr'><strong>Reg.</strong></span> <span class='ocrx_word' id='word_1_763' title='bbox 2380 4906 2492 4953; x_wconf 55' lang='grc' dir='ltr'>ενι,</span> <span class='ocrx_word' id='word_1_764' title='bbox 2532 4889 2616 4944; x_wconf 80' lang='grc'><strong>16.</strong></span> 
     </span>
    </p>
   </div>
   <div class='ocr_carea' id='block_1_114' title="bbox 2090 4999 3672 5076">
    <p class='ocr_par' dir='ltr' id='par_1_114' title="bbox 2090 4999 3672 5076">
     <span class='ocr_line' id='line_1_114' title="bbox 2090 4999 3672 5076; baseline -0.004 -16"><span class='ocrx_word' id='word_1_765' title='bbox 2090 5008 2255 5076; x_wconf 88' lang='lat' dir='ltr'><strong>repti,</strong></span> <span class='ocrx_word' id='word_1_766' title='bbox 2287 5024 2392 5062; x_wconf 89' lang='lat' dir='ltr'><strong>nec</strong></span> <span class='ocrx_word' id='word_1_767' title='bbox 2445 5007 2692 5070; x_wconf 87' lang='lat' dir='ltr'><strong>audiant,</strong></span> <span class='ocrx_word' id='word_1_768' title='bbox 2740 5020 2846 5076; x_wconf 85' lang='lat' dir='ltr'><strong>nec</strong></span> <span class='ocrx_word' id='word_1_769' title='bbox 2897 5004 3164 5076; x_wconf 77' lang='lat' dir='ltr'><strong>videant,_</strong></span> <span class='ocrx_word' id='word_1_770' title='bbox 3205 5015 3309 5076; x_wconf 83' lang='lat' dir='ltr'><strong>nec</strong></span> <span class='ocrx_word' id='word_1_771' title='bbox 3339 4999 3672 5076; x_wconf 80' lang='lat' dir='ltr'><strong>intelligant,</strong></span> 
     </span>
    </p>
   </div>
   <div class='ocr_carea' id='block_1_115' title="bbox 2085 5071 3672 5138">
    <p class='ocr_par' dir='ltr' id='par_1_115' title="bbox 2085 5071 3672 5138">
     <span class='ocr_line' id='line_1_115' title="bbox 2085 5071 3672 5138; baseline -0.006 -7"><span class='ocrx_word' id='word_1_772' title='bbox 2085 5071 2182 5132; x_wconf 80' lang='lat' dir='ltr'><strong>sed</strong></span> <span class='ocrx_word' id='word_1_773' title='bbox 2240 5080 2489 5131; x_wconf 91' lang='lat' dir='ltr'><strong>omnium</strong></span> <span class='ocrx_word' id='word_1_774' title='bbox 2527 5092 2791 5131; x_wconf 89' lang='lat' dir='ltr'><strong>sensuum</strong></span> <span class='ocrx_word' id='word_1_775' title='bbox 2827 5075 3088 5128; x_wconf 85' lang='lat' dir='ltr'><strong>facultate</strong></span> <span class='ocrx_word' id='word_1_776' title='bbox 3135 5071 3386 5126; x_wconf 87' lang='lat' dir='ltr'><strong>destituti</strong></span> <span class='ocrx_word' id='word_1_777' title='bbox 3433 5071 3672 5138; x_wconf 75' lang='lat' dir='ltr'><strong>iaceant,</strong></span> 
     </span>
    </p>
   </div>
   <div class='ocr_carea' id='block_1_116' title="bbox 2081 5140 3676 5210">
    <p class='ocr_par' dir='ltr' id='par_1_116' title="bbox 2081 5140 3676 5210">
     <span class='ocr_line' id='line_1_116' title="bbox 2081 5140 3676 5210; baseline -0.003 -10"><span class='ocrx_word' id='word_1_778' title='bbox 2081 5147 2221 5200; x_wconf 86' lang='lat' dir='ltr'><strong>nihil</strong></span> <span class='ocrx_word' id='word_1_779' title='bbox 2250 5148 2570 5202; x_wconf 73' lang='lat' dir='ltr'><strong>differentes</strong></span> <span class='ocrx_word' id='word_1_780' title='bbox 2614 5165 2644 5201; x_wconf 92' lang='lat' dir='ltr'><strong>a</strong></span> <span class='ocrx_word' id='word_1_781' title='bbox 2695 5145 2948 5200; x_wconf 82' lang='lat' dir='ltr'><strong>mortuis.</strong></span> <span class='ocrx_word' id='word_1_782' title='bbox 2988 5145 3055 5196; x_wconf 82' lang='lat' dir='ltr'><strong>At</strong></span> <span class='ocrx_word' id='word_1_783' title='bbox 3081 5157 3184 5196; x_wconf 90' lang='lat' dir='ltr'><strong>nec</strong></span> <span class='ocrx_word' id='word_1_784' title='bbox 3210 5140 3496 5210; x_wconf 86' lang='lat' dir='ltr'><strong>sequentia</strong></span> <span class='ocrx_word' id='word_1_785' title='bbox 3533 5140 3676 5195; x_wconf 86' lang='lat' dir='ltr'><strong>bene</strong></span> 
     </span>
    </p>
   </div>
   <div class='ocr_carea' id='block_1_117' title="bbox 2081 5210 3672 5284">
    <p class='ocr_par' dir='ltr' id='par_1_117' title="bbox 2081 5210 3672 5284">
     <span class='ocr_line' id='line_1_117' title="bbox 2081 5210 3672 5284; baseline -0.005 -14"><span class='ocrx_word' id='word_1_786' title='bbox 2081 5218 2317 5282; x_wconf 87' lang='lat' dir='ltr'><strong>reddita,</strong></span> <span class='ocrx_word' id='word_1_787' title='bbox 2350 5219 2410 5270; x_wconf 80' lang='grc' dir='ltr'>τὸ</span> <span class='ocrx_word' id='word_1_788' title='bbox 2439 5218 2676 5284; x_wconf 72' lang='grc' dir='ltr'>πονηρὸν</span> <span class='ocrx_word' id='word_1_789' title='bbox 2695 5215 2913 5282; x_wconf 79' lang='grc' dir='ltr'>πνεῦμα</span> <span class='ocrx_word' id='word_1_790' title='bbox 2945 5215 3043 5283; x_wconf 87' lang='grc' dir='ltr'><strong>τῆς</strong></span> <span class='ocrx_word' id='word_1_791' title='bbox 3083 5212 3239 5284; x_wconf 82' lang='grc' dir='ltr'>ὑλικῆ</span> <span class='ocrx_word' id='word_1_792' title='bbox 3253 5210 3672 5284; x_wconf 26' lang='grc' dir='ltr'>ς-περιπετείαμς,</span> 
     </span>
    </p>
   </div>
   <div class='ocr_carea' id='block_1_118' title="bbox 2081 5279 3675 5358">
    <p class='ocr_par' dir='ltr' id='par_1_118' title="bbox 2081 5279 3675 5358">
     <span class='ocr_line' id='line_1_118' title="bbox 2081 5279 3675 5358; baseline -0.006 -17"><span class='ocrx_word' id='word_1_793' title='bbox 2081 5279 2385 5358; x_wconf 73' lang='lat' dir='ltr'><strong>Malignum</strong></span> <span class='ocrx_word' id='word_1_794' title='bbox 2412 5279 2661 5358; x_wconf 66' lang='lat' dir='ltr'><strong>spiritum</strong></span> <span class='ocrx_word' id='word_1_795' title='bbox 2692 5279 3010 5340; x_wconf 69' lang='lat' dir='ltr'><strong>temeritatis</strong></span> <span class='ocrx_word' id='word_1_796' title='bbox 3040 5282 3356 5336; x_wconf 74' lang='lat' dir='ltr'><strong>materialis.</strong></span> 
     </span>
    </p>
   </div>
   <div class='ocr_carea' id='block_1_119' title="bbox 2082 5348 3675 5426">
    <p class='ocr_par' dir='ltr' id='par_1_119' title="bbox 2082 5348 3675 5426">
     <span class='ocr_line' id='line_1_119' title="bbox 2082 5348 3675 5426; baseline -0.005 -16"><span class='ocrx_word' id='word_1_797' title='bbox 2082 5348 2340 5426; x_wconf 71' lang='grc' dir='ltr'>αἴσθησιν</span> <span class='ocrx_word' id='word_1_798' title='bbox 2383 5348 2630 5411; x_wconf 85' lang='lat' dir='ltr'><strong>additum</strong></span> <span class='ocrx_word' id='word_1_799' title='bbox 2679 5372 2748 5410; x_wconf 85' lang='lat' dir='ltr'><strong>ex</strong></span> <span class='ocrx_word' id='word_1_800' title='bbox 2794 5370 2924 5408; x_wconf 90' lang='lat' dir='ltr'><strong>mss.</strong></span> <span class='ocrx_word' id='word_1_801' title='bbox 2963 5348 3675 5426; x_wconf 78' lang='lat' dir='ltr'><strong>terrenorum_vicissitudo</strong></span> 
     </span>
    </p>
   </div>
   <div class='ocr_carea' id='block_1_120' title="bbox 2073 5419 3671 5497">
    <p class='ocr_par' dir='ltr' id='par_1_120' title="bbox 2073 5419 3671 5497">
     <span class='ocr_line' id='line_1_120' title="bbox 2073 5419 3671 5497; baseline -0.005 -17"><span class='ocrx_word' id='word_1_802' title='bbox 2073 5435 2158 5481; x_wconf 89' lang='lat' dir='ltr'><strong>est</strong></span> <span class='ocrx_word' id='word_1_803' title='bbox 2184 5419 2488 5497; x_wconf 83' lang='lat' dir='ltr'><strong>eorumque</strong></span> <span class='ocrx_word' id='word_1_804' title='bbox 2520 5427 2907 5497; x_wconf 82' lang='grc' dir='ltr'>συμπτώματα</span> <span class='ocrx_word' id='word_1_805' title='bbox 2936 5431 3200 5497; x_wconf 16' lang='grc' dir='ltr'>οιὲιιεευε,</span> <span class='ocrx_word' id='word_1_806' title='bbox 3232 5421 3376 5497; x_wconf 80' lang='lat' dir='ltr'><strong>unde</strong></span> <span class='ocrx_word' id='word_1_807' title='bbox 3408 5421 3488 5473; x_wconf 91' lang='lat' dir='ltr'><strong>sic</strong></span> <span class='ocrx_word' id='word_1_808' title='bbox 3516 5419 3671 5497; x_wconf 77' lang='lat' dir='ltr'><strong>varie</strong></span> 
     </span>
    </p>
   </div>
   <div class='ocr_carea' id='block_1_121' title="bbox 2073 5489 3673 5562">
    <p class='ocr_par' dir='ltr' id='par_1_121' title="bbox 2073 5489 3673 5562">
     <span class='ocr_line' id='line_1_121' title="bbox 2073 5489 3673 5562; baseline -0.006 -11"><span class='ocrx_word' id='word_1_809' title='bbox 2073 5512 2270 5552; x_wconf 88' lang='lat' dir='ltr'><strong>sensus</strong></span> <span class='ocrx_word' id='word_1_810' title='bbox 2311 5489 2566 5560; x_wconf 78' lang='lat' dir='ltr'><strong>allicitur,</strong></span> <span class='ocrx_word' id='word_1_811' title='bbox 2593 5489 2669 5552; x_wconf 58' lang='lat' dir='ltr'><strong>&#39;ac</strong></span> <span class='ocrx_word' id='word_1_812' title='bbox 2707 5489 2839 5548; x_wconf 81' lang='lat' dir='ltr'><strong>vitia</strong></span> <span class='ocrx_word' id='word_1_813' title='bbox 2885 5493 3046 5548; x_wconf 89' lang='lat' dir='ltr'><strong>nobis</strong></span> <span class='ocrx_word' id='word_1_814' title='bbox 3090 5492 3494 5562; x_wconf 73' lang='lat' dir='ltr'><strong>propignuntur</strong></span> <span class='ocrx_word' id='word_1_815' title='bbox 3534 5504 3548 5540; x_wconf 88' lang='lat'><strong>:</strong></span> <span class='ocrx_word' id='word_1_816' title='bbox 3590 5489 3673 5542; x_wconf 89' lang='lat' dir='ltr'><strong>sic</strong></span> 
     </span>
    </p>
   </div>
   <div class='ocr_carea' id='block_1_122' title="bbox 2072 5559 3668 5635">
    <p class='ocr_par' dir='ltr' id='par_1_122' title="bbox 2072 5559 3668 5635">
     <span class='ocr_line' id='line_1_122' title="bbox 2072 5559 3668 5635; baseline -0.006 -15"><span class='ocrx_word' id='word_1_817' title='bbox 2072 5568 2219 5620; x_wconf 89' lang='lat' dir='ltr'><strong>enim</strong></span> <span class='ocrx_word' id='word_1_818' title='bbox 2268 5569 2430 5621; x_wconf 91' lang='lat' dir='ltr'><strong>nobis</strong></span> <span class='ocrx_word' id='word_1_819' title='bbox 2477 5567 2593 5621; x_wconf 63' lang='lat' dir='ltr'><strong>haec</strong></span> <span class='ocrx_word' id='word_1_820' title='bbox 2637 5565 2927 5635; x_wconf 86' lang='lat' dir='ltr'><strong>allegoria,</strong></span> <span class='ocrx_word' id='word_1_821' title='bbox 2973 5559 3210 5630; x_wconf 70' lang='grc' dir='ltr'>πονηρὸν</span> <span class='ocrx_word' id='word_1_822' title='bbox 3259 5559 3508 5635; x_wconf 45' lang='grc' dir='ltr'>πνεῦμα)</span> <span class='ocrx_word' id='word_1_823' title='bbox 3535 5574 3668 5635; x_wconf 48' lang='lat' dir='ltr'><strong>“nun</strong></span> 
     </span>
    </p>
   </div>
   <div class='ocr_carea' id='block_1_123' title="bbox 2074 5629 3666 5703">
    <p class='ocr_par' dir='ltr' id='par_1_123' title="bbox 2074 5629 3666 5703">
     <span class='ocr_line' id='line_1_123' title="bbox 2074 5629 3666 5703; baseline -0.006 -13"><span class='ocrx_word' id='word_1_824' title='bbox 2074 5637 2438 5690; x_wconf 79' lang='lat' dir='ltr'><strong>materialium</strong></span> <span class='ocrx_word' id='word_1_825' title='bbox 2482 5629 2785 5698; x_wconf 42' lang='lat' dir='ltr'><strong>temeritas:</strong></span> <span class='ocrx_word' id='word_1_826' title='bbox 2819 5651 2941 5703; x_wconf 68' lang='lat' dir='ltr'><strong>qua:</strong></span> <span class='ocrx_word' id='word_1_827' title='bbox 2986 5629 3109 5686; x_wconf 13' lang='lat' dir='ltr'><strong>non,</strong></span> <span class='ocrx_word' id='word_1_828' title='bbox 3144 5641 3254 5685; x_wconf 89' lang='lat' dir='ltr'><strong>tam</strong></span> <span class='ocrx_word' id='word_1_829' title='bbox 3299 5629 3666 5703; x_wconf 76' lang='lat' dir='ltr'><strong>materialiqu</strong></span> 
     </span>
    </p>
   </div>
   <div class='ocr_carea' id='block_1_124' title="bbox 2080 5697 3667 5778">
    <p class='ocr_par' dir='ltr' id='par_1_124' title="bbox 2080 5697 3667 5778">
     <span class='ocr_line' id='line_1_124' title="bbox 2080 5697 3667 5778; baseline -0.005 -18"><span class='ocrx_word' id='word_1_830' title='bbox 2080 5706 2315 5774; x_wconf 85' lang='lat' dir='ltr'><strong>dicatur,</strong></span> <span class='ocrx_word' id='word_1_831' title='bbox 2352 5722 2517 5778; x_wconf 86' lang='lat' dir='ltr'><strong>quam</strong></span> <span class='ocrx_word' id='word_1_832' title='bbox 2563 5697 3024 5778; x_wconf 74' lang='lat' dir='ltr'><strong>intelligentiuin:</strong></span> <span class='ocrx_word' id='word_1_833' title='bbox 3103 5716 3301 5771; x_wconf 85' lang='lat' dir='ltr'><strong>nempe</strong></span> <span class='ocrx_word' id='word_1_834' title='bbox 3344 5697 3667 5770; x_wconf 77' lang='grc' dir='ltr'>προπέτεια.</span> 
     </span>
    </p>
   </div>
  </div>
