4060 6420
373 353 509 418 i377

1081 357 1415 420 CAPITUM
1452 359 1874 435 QUINQUIES
1912 358 2435 422 CENTENORUM
2471 362 2860 424 CENTURIA
2893 365 2941 426 V

3499 363 3638 430 l378

372 465 702 534 νοουμένων.
739 464 970 521 Ἕνωσιν
993 464 1051 520 δέ
1081 483 1215 538 φησι
1247 467 1342 521 τοῦ
1373 469 1487 534 νοῦ,
1523 471 1709 535 καθὼς
1747 472 1805 526 ἐν
1841 471 1955 534 τοῖς

2058 472 2250 541 lutque
2291 471 2496 527 mentis
2527 471 2736 529 formas.
2769 474 3022 545 Hincque
3059 473 3198 530 adeo
3227 485 3332 541 est,
3368 485 3428 530 ut
3459 482 3644 548 νοερὰ,

373 559 503 627 ἑξῆς
552 557 887 626 σαφέστερον
932 556 1104 624 λέγει,
1148 558 1219 612 δι’
1258 555 1327 633 ἧς
1370 561 1508 632 πρὸς
1566 562 1636 615 τὰ
1690 561 1954 616 ἐπέκεινα

375 650 570 711 ἐαυτοῦ
602 648 962 712 ἀνατείνεται,
991 649 1160 720 ἤγουν
1193 652 1260 721 τῇ
1299 653 1429 723 περὶ
1455 652 1591 706 Θεοῦ
1622 651 1956 723 προσϐάλλει

373 741 616 814 θεωρίᾳ·
676 740 736 794 τὸ
765 780 779 806 ,
814 741 1036 794 πάντων
1093 743 1355 813 ἐκστῆναι
1393 743 1503 796 τῶν
1545 744 1818 813 αἰσθητῶν
1863 742 1959 796 καὶ

373 835 482 888 τῶν
513 834 742 906 νοητῶν,
765 832 850 886 ἔτι
889 833 947 887 δὲ
989 834 1082 888 καὶ
1115 835 1214 904 τῆς
1255 835 1459 900 οἰκείας
1513 837 1782 905 κινήσεως
1804 852 1816 866 ’
1851 830 1952 888 εἷθ’

372 929 549 990 οὕτως
585 928 683 996 τῆς
713 925 865 989 Θείας
890 924 1145 993 γνώσεως
1182 925 1439 993 δέξασθαι
1467 927 1563 997 τὴν
1595 927 1813 981 ἀκτῖνα.

2058 559 2113 612 id
2139 568 2245 623 est,
2277 559 2665 630 intelligentia,
2701 561 2967 617 inferiora
3002 563 3115 619 sint
3161 563 3272 618 τῶν
3301 564 3530 636 νοητῶν,
3558 566 3648 620 his

2056 651 2322 705 nimirum
2363 667 2486 721 qua:
2521 651 2925 722 intelliguntur.
2969 655 3167 709 Mentis
3205 671 3339 710 vero
3380 656 3645 712 unionem

2058 741 2216 806 dicit,
2245 741 2392 795 sicut
2431 741 2486 796 in
2531 743 2892 812 sequentibus
2919 745 3122 799 clarius
3145 746 3399 816 exponit,
3443 762 3551 818 qua
3585 762 3647 803 se

2058 831 2306 887 extendit
2363 832 2431 886 ad
2481 849 2569 899 ea,
2618 849 2740 904 quae
2781 835 2880 889 illa
2921 838 3209 905 superiora
3252 845 3402 903 sunt,
3443 839 3647 894 divinae

2061 921 2276 976 scilicet
2320 919 2649 976 incumbens
2692 924 3148 993 contemplationi
3192 943 3205 979 :
3257 941 3323 981 ea
3377 928 3642 984 nimirum

375 1020 607 1084 ratione,
653 1033 761 1089 qua
796 1018 1057 1072 omnibus
1093 1033 1214 1087 quce
1256 1034 1420 1073 sensu
1459 1019 1843 1090 percipiuntur
1887 1030 1950 1070 ac
1987 1028 2110 1084 qua:
2175 1020 2368 1066 mente
2390 1011 2803 1084 intelliguntur,
2836 1013 3094 1082 excedit;
3157 1014 3339 1072 adhuc
3367 1025 3553 1074 autem
3584 1029 3646 1075 et

372 1128 476 1167 suo
505 1111 683 1182 ipsius
719 1121 900 1178 motu;
941 1127 1005 1166 ac
1042 1111 1306 1182 deinceps
1339 1113 1542 1168 divinae
1580 1113 1829 1169 scientiae
1855 1110 2101 1168 lucidum
2126 1107 2294 1177 jubar
2322 1107 2541 1177 recipit.

445 1207 508 1254 0'.
541 1201 605 1254 Εἰ
637 1203 871 1254 κινεῖται
894 1199 1172 1268 ἀναλόγως
1197 1201 1376 1271 ἐαυτῷ
1401 1203 1603 1273 νοερῶς
1626 1201 1721 1254 τὸν
1752 1201 1959 1270 νοερὸν,

378 1293 478 1347 καὶ
513 1293 627 1346 νοεῖ
664 1292 884 1356 πάντως
907 1310 922 1324 ·
979 1293 1027 1344 εἰ
1058 1291 1114 1344 δέ
1148 1294 1279 1355 νοεῖ,
1329 1294 1423 1346 καὶ
1456 1294 1557 1364 ἐρᾷ
1595 1294 1814 1356 πάντως
1861 1290 1960 1344 τοῦ

378 1383 696 1452 νοηθέντος·
741 1384 792 1436 εἰ
821 1383 880 1436 δέ
911 1383 1032 1455 ἐρᾷ,
1083 1385 1180 1437 καὶ
1218 1383 1421 1454 πάσχει
1449 1385 1670 1446 πάντως
1699 1382 1798 1453 τὴν
1824 1382 1960 1453 πρὸς

375 1477 510 1530 αὐτὸ
534 1477 610 1539 ὡς
643 1475 874 1547 ἐραστδν
911 1477 1201 1528 ἔκστασινο
1248 1477 1297 1528 εἰ
1330 1477 1388 1530 δέ
1424 1477 1647 1545 πάσχει,
1682 1474 1954 1548 δῆλονὸτι

376 1568 474 1621 καὶ
496 1569 809 1637 ἐπείγεται·
855 1568 904 1620 εἰ
937 1570 994 1622 δέ
1028 1569 1334 1637 ἐπείγεται,
1377 1567 1475 1621 καὶ
1520 1567 1780 1621 ἐπιτείνει
1817 1566 1956 1620 πάν-

375 1675 487 1724 τως
507 1661 572 1713 τὸ
598 1660 828 1732 σφοδρὸν
857 1661 955 1732 τῆς
986 1663 1275 1731 κινήσεως.
1321 1661 1385 1714 Εἰ
1421 1660 1478 1714 δὲ
1523 1661 1785 1714 ἐπιτείνει
1827 1676 1958 1728 σφο-

377 1748 522 1819 δρῶς
552 1749 651 1820 τὴν
678 1749 918 1822 κίνησιν,
972 1751 1070 1823 οὐχ
1116 1751 1333 1808 ἵσταται
1382 1750 1576 1821 μέχρις
1623 1750 1690 1804 ἂν
1730 1751 1958 1820 γένηται

2135 1194 2222 1249 70.
2251 1194 2407 1261 Quod
2451 1195 2770 1266 intelligens
2807 1211 2911 1266 pro
2951 1197 3037 1253 sui
3081 1198 3294 1257 ratione
3337 1201 3649 1274 intelligen-

2066 1287 2203 1341 tium
2231 1301 2383 1340 more
2415 1295 2686 1351 movetur,
2722 1287 2948 1342 omnino
2977 1289 3144 1345 etiam
3174 1291 3430 1364 intelligit
3461 1304 3517 1351 et
3551 1312 3646 1351 co-

2063 1379 2216 1450 gitat.
2261 1377 2319 1433 Si
2361 1389 2544 1433 autem
2580 1379 2837 1450 intelligit
2877 1397 2941 1439 ac
2981 1384 3206 1454 cogitat,
3243 1388 3436 1456 procul
3476 1389 3647 1446 dubio

2059 1471 2224 1525 etiam
2250 1471 2589 1525 intellectum
2613 1487 2676 1525 ac
2687 1472 2982 1543 cogitatum
3000 1486 3166 1532 amat.
3193 1477 3247 1532 Si
3271 1489 3454 1535 autem
3477 1491 3644 1549 amat,

2063 1563 2287 1616 omnino
2311 1563 2476 1617 etiam
2502 1563 2557 1617 in
2592 1563 2748 1629 illud,
2790 1573 2851 1618 ut
2896 1582 3012 1622 rem
3053 1577 3311 1636 amatam,
3359 1587 3647 1630 excessum

2059 1654 2286 1724 patitur.
2324 1653 2420 1709 Sin
2461 1665 2644 1710 autem
2685 1655 2914 1725 patitur,
2945 1658 3093 1714 haud
3127 1659 3359 1716 dubium
3391 1664 3524 1733 quin
3551 1681 3647 1719 ur-

2059 1754 2252 1817 geatur
2285 1761 2348 1800 ac
2380 1746 2662 1802 incitetur.
2710 1746 2768 1802 Si
2811 1763 2945 1803 vero
2983 1757 3212 1820 urgetur
3255 1765 3320 1807 ac
3360 1751 3646 1822 incitatur,

376 1837 498 1891 ὅλον
545 1840 604 1892 ἐν
658 1839 766 1910 ὅλῳ
812 1840 890 1909 τῷ
928 1841 1165 1911 ἐραστῷ,
1210 1841 1305 1894 καὶ
1355 1839 1444 1908 ὑφ’
1485 1840 1606 1894 ὅλου
1645 1840 1955 1912 περιληφθῇ

2061 1853 2288 1908 prorsus
2339 1839 2508 1892 etiam
2558 1845 2743 1893 motus
2789 1839 3198 1895 vehementiam
3242 1841 3499 1898 intendit.
3549 1844 3647 1901 Sin

377 1931 664 1996 ἑκουσίως,
689 1931 810 1986 ὅλον
839 1910 980 1986 κατά
1007 1931 1332 2004 προαίρεσιν
1362 1930 1463 2002 τὴν
1494 1910 1764 2004 σωτήριον
1805 1910 1955 2002 περιέ

2067 1937 2249 1984 autem
2289 1929 2648 1985 vehementer
2691 1930 2931 1987 intendit
2972 1941 3205 1999 motum,
3238 1949 3349 1990 non
3388 1935 3644 2006 quiescit,

376 2022 595 2094 γραφὴν
630 2023 925 2095 δεχόμενον
947 2023 968 2098 [
993 2024 1133 2080 male
1152 2025 1294 2079 edita
1325 2023 1648 2097 δεδὸμενον]
1670 2042 1681 2055 ·
1729 2023 1798 2078 ἶν’
1837 2023 1960 2078 ὅλον

375 2115 486 2186 ὅλῳ
512 2115 722 2187 ποιωθῇ
748 2115 828 2187 τῷ
853 2117 1285 2188 περιγράφοντι,
1326 2115 1402 2179 ὡς
1435 2116 1560 2187 μηδ’
1601 2116 1739 2179 ὅλως
1773 2114 1958 2168 λοιπὸν

2067 2019 2242 2075 donec
2273 2027 2447 2074 totum
2485 2020 2585 2075 toti
2627 2029 2808 2077 amato
2849 2021 3214 2090 immeaverit,
3258 2032 3425 2096 atque
3469 2041 3500 2080 a
3530 2036 3648 2084 toto

2066 2119 2260 2181 sponte
2309 2112 2771 2184 comprehensum
2823 2113 3011 2180 fuerit,
3065 2114 3213 2186 quod
3258 2125 3432 2173 totum
3475 2119 3646 2176 animi

379 2207 669 2279 βούλεσθαι
704 2207 764 2275 ἐξ
804 2209 999 2264 ἐαυτοῦ
1039 2209 1171 2264 αὐτὸ
1219 2211 1398 2266 ἐκεῖνο
1436 2210 1558 2264 ὅλον
1594 2208 1955 2281 γνωρίζεσθαι

2065 2204 2348 2274 proposito
2380 2219 2446 2259 ac
2476 2205 2757 2260 voluntate
2777 2207 3068 2263 salutarem
3093 2209 3273 2280 capiat
3301 2211 3648 2269 circumscri-

375 2296 643 2354 δύνασθαι
667 2298 731 2353 τὺ
767 2299 1272 2370 περιγραφόμενον
1309 2299 1424 2354 ἀλλ’
1463 2300 1528 2353 ἐκ
1555 2299 1651 2353 τοῦ
1689 2299 1959 2372 περιγρά-

377 2406 594 2459 φοντος,
620 2391 695 2454 ὡς
723 2391 829 2464 ἀὴρ
856 2392 1032 2447 διόλου
1054 2393 1470 2464 πεφωτισμένος
1499 2392 1674 2464 φωτί·
1704 2392 1799 2447 καὶ
1825 2391 1960 2464 πυρί¹

379 2481 601 2552 σίδηρος
627 2481 750 2546 ὅλος
782 2482 890 2559 ὅλῳ
923 2484 1453 2556 πεπυρακτωμένος,
1484 2483 1520 2555 ἢ
1553 2483 1659 2537 εττι
1695 2483 1827 2539 ἄλλο
1850 2482 1960 2536 τῶν

378 2572 639 2628 τοιούτων
663 2575 806 2631 ἐστί.

448 2832 550 2887 οα’.
589 2835 768 2905 Πολλὴ
799 2835 832 2906 ή
854 2834 990 2905 πρὸς
1015 2836 1082 2889 τά
1107 2833 1379 2906 νοούμενα
1404 2833 1514 2888 τῶν
1544 2832 1836 2891 νοούντων.
1861 2833 1958 2888 καὶ

383 2924 525 2997 πρὸς
559 2926 627 2980 τὰ
662 2926 896 2997 αἰσθητά
927 2927 1038 2982 τῶν
1096 2926 1508 2997 αἰσθανομένων
1545 2924 1753 2995 σχέσις.
1799 2923 1858 2978 Ὀ
1899 2924 1957 2977 δέ

375 3013 666 3085 ἄνθρωπος
692 3015 754 3067 ἐκ
775 3015 954 3086 ψυχῆς
975 3016 1070 3068 καὶ
1102 3014 1354 3086 σώματος
1379 3013 1667 3084 τυγχάνων
1704 3012 1955 3084 αἰσθητι-

374 3105 499 3170 κοῦ,
528 3106 618 3160 διὰ
644 3107 745 3177 τῆς
776 3109 894 3161 κατ’
925 3107 1241 3178 ἐπαλλαγὴν
1282 3107 1423 3178 πρὸς
1470 3105 1708 3176 ἑκάτερα
1745 3104 1813 3158 τὰ
1858 3105 1957 3176 τῆς

374 3197 609 3262 κτίσεως
639 3200 908 3270 τμήματα
934 3201 1170 3269 φυσικῆς
1190 3196 1428 3269 σχέσεώς
1455 3213 1516 3250 τε
1545 3196 1643 3250 καὶ
1670 3195 1952 3267 ἰδιότητος,

2066 2290 2334 2362 ptionem,
2361 2301 2423 2348 ut
2452 2301 2650 2360 totum,
2681 2309 2747 2349 eo
2776 2295 2922 2366 quod
2946 2297 3369 2363 circumscribit,
3403 2309 3516 2354 toto
3545 2301 3648 2356 im-

2066 2384 2288 2450 buatur,
2335 2393 2397 2440 ut
2443 2401 2546 2442 nec
2585 2402 2808 2456 prorsus
2833 2388 2944 2458 jam
2976 2404 3044 2444 ex
3085 2389 3266 2460 seipse
3300 2389 3432 2446 illud
3467 2391 3645 2462 ipsum

2065 2475 2214 2546 quod
2267 2485 2442 2534 totum
2487 2478 2970 2534 circumscribitur
3013 2479 3262 2550 dignosci
3296 2496 3454 2552 posse
3487 2484 3643 2549 velit,

2067 2567 2164 2622 sed
2207 2583 2273 2624 ex
2311 2583 2378 2622 eo
2426 2568 2571 2638 quod
2610 2568 3033 2634 circumscribit,
3073 2570 3225 2626 velut
3262 2587 3356 2626 aer
3401 2573 3646 2643 undique

2065 2656 2189 2712 luce
2223 2655 2500 2727 perfusus,
2535 2665 2592 2712 et
2616 2657 2827 2712 ferrum
2857 2665 3033 2713 totum
3060 2668 3176 2715 toto
3209 2661 3323 2733 igni
3353 2663 3644 2719 subactum

2064 2748 2480 2817 incensumque,
2505 2755 2601 2803 aut
2626 2749 2671 2803 si
2705 2749 2836 2819 quid
2862 2750 3013 2805 aliud
3038 2759 3123 2806 est
3150 2753 3270 2824 ejus
3297 2753 3535 2824 generis.

2133 2837 2222 2892 "M.
2278 2836 2474 2908 ingens
2511 2839 2760 2908 quaedam
2807 2849 2892 2896 est
2930 2855 3124 2897 eorum
3158 2859 3281 2914 quae
3332 2842 3646 2915 intelligunt

2063 2943 2188 2981 cum
2218 2928 2286 2982 iis
2310 2942 2433 2997 qua:
2473 2927 2878 2999 intelliguntur,
2916 2937 2974 2985 et
3001 2945 3193 2986 eorum
3235 2948 3355 3002 quae
3375 2933 3643 3001 sentiunt,

2063 3032 2188 3072 cum
2214 3017 2284 3074 iis
2307 3033 2430 3088 quae
2455 3033 2620 3073 sensu
2653 3019 3054 3089 percipiuntur,
3089 3024 3441 3079 necessitudo
3460 3033 3518 3080 et
3551 3026 3648 3081 ha-

2034 3107 2275 3163 bitudo.
2327 3108 2503 3165 Homo
2543 3117 2749 3176 autem,
2801 3125 2927 3165 cum
2975 3126 3042 3166 ex
3092 3112 3276 3168 anima
3315 3122 3371 3170 et
3415 3130 3647 3186 corpore

2064 3199 2337 3254 sentiendi
2375 3199 2430 3252 vi
2465 3199 2712 3269 praedito,
2743 3209 2980 3267 constet,
3026 3217 3093 3256 ex
3131 3205 3372 3260 naturali
3401 3205 3646 3262 vicissim

374 3289 474 3341 καὶ
499 3263 899 3359 πριγράίρεται
930 3263 1025 3344 καὶ
1050 3263 1414 3360 περιγράφει·
1440 3287 1500 3340 τὸ
1543 3287 1661 3357 μὲν,
1685 3289 1751 3358 τῇ
1775 3263 1953 3356 ούσίᾳο

2064 3305 2188 3345 cum
2245 3290 2508 3345 alterutra
2569 3300 2835 3347 creaturae
2898 3293 3154 3363 portione
3217 3293 3542 3352 habitudine
3590 3305 3648 3352 et

373 3378 437 3430 τὸ
474 3377 552 3442 δὲ,
585 3381 652 3449 τῇ
683 3378 931 3448 δυνάμει.
970 3378 1423 3450 Περιγράφεσθαι
1454 3379 1565 3447 γὰρ
1596 3379 1710 3440 τοῖς
1737 3379 1956 3448 νοητοῖς

373 3471 471 3523 καὶ
503 3472 782 3540 αἰσθητοῖς
828 3473 905 3536 ὠς
960 3471 1107 3542 ψυχὴ
1144 3471 1432 3542 τυγχάνων
1473 3469 1571 3525 καὶ
1619 3469 1802 3540 σῶμα,
1860 3467 1958 3521 καὶ

2063 3381 2420 3451 proprietate,
2453 3387 2567 3434 tum
2597 3381 3100 3450 circumscribitur;
3141 3392 3254 3439 tum
3290 3387 3644 3443 circumscri-

2064 3469 2174 3535 bit;
2201 3470 2435 3525 alterum
2459 3469 2683 3539 quidem
2712 3470 3061 3538 substantia;
3096 3473 3323 3528 alteram
3348 3489 3500 3538 vero,
3540 3491 3644 3545 po-

372 3561 741 3632 περιγράφειν
768 3561 942 3617 ταῦτα
970 3561 1112 3616 κατὰ
1145 3561 1375 3632 δύναμιν
1406 3561 1674 3630 πέφυκεν,
1709 3560 1787 3623 ὡς
1820 3559 1955 3612 νοῶν

2058 3561 2252 3616 tentia.
2295 3560 2366 3616 Ut
2407 3576 2606 3631 nempe
2649 3561 3141 3619 circumscribatur
3172 3563 3281 3619 illis
3309 3580 3432 3634 qua:
3460 3573 3644 3622 mente

370 3654 469 3706 καὶ
525 3654 1004 3725 αἰσθανόμενος-ό
1048 3653 1106 3709 δὲ
1151 3655 1284 3717 Θεὸς
1319 3653 1507 3717 ἁπλῶς
1545 3653 1640 3706 καὶ
1693 3651 1955 3724 ἀορίστως

2059 3651 2438 3722 intelliguntur
2461 3667 2525 3706 ac
2545 3668 2668 3723 quae
2701 3667 2864 3709 sensu
2889 3654 3296 3725 percipiuntur,
3325 3656 3452 3712 inde
3475 3658 3641 3729 627

377 3745 523 3817 ὑπὲρ
579 3746 758 3800 πάντα
802 3747 871 3801 τὰ
921 3748 1050 3802 ὄντα
1088 3747 1226 3811 ἐστὶ,
1267 3745 1338 3798 τὰ
1385 3744 1713 3817 περιέχοντά
1759 3759 1819 3796 τε
1867 3741 1955 3796 καί

2058 3753 2144 3800 est
2171 3744 2318 3814 quod
2351 3744 2536 3799 anima
2566 3754 2624 3800 et
2646 3760 2848 3817 corpus
2867 3755 2988 3814 est;
3019 3756 3078 3802 ut
3097 3763 3228 3803 vero
3252 3749 3369 3804 haec
3395 3750 3643 3820 potentia

370 3839 761 3912 περιεχόμενα,
792 3841 868 3905 ὡς
892 3843 1026 3893 πᾶσι
1060 3838 1339 3902 παντελῶς
1360 3838 1589 3909 ἄσχετος
1615 3836 1716 3890 ὥν.

2060 3831 2500 3898 circumscribat,
2556 3834 2703 3903 quod
2755 3835 3067 3906 intelligens
3114 3851 3178 3892 ac
3236 3839 3480 3893 sentiens
3531 3849 3639 3898 est.

373 3925 522 3984 Deus
567 3939 751 3986 autem
793 3929 1118 4000 simpliciter
1151 3939 1208 3984 et
1251 3929 1519 3984 immense
1557 3941 1725 3998 super
1769 3921 1954 3980 omnia
1990 3930 2095 3989 est,
2136 3931 2254 3978 tum
2292 3938 2357 3979 ea
2396 3939 2518 3994 quae
2589 3925 2875 3980 continent
2949 3935 3066 3981 tum
3107 3943 3230 3998 qua:
3265 3929 3641 3996 continentur,

371 4032 434 4078 ut
462 4025 557 4095 qui
586 4026 801 4081 cunctis
837 4041 1066 4097 Prorsus
1089 4025 1376 4080 absolutus
1407 4025 1635 4080 eminet.
2265 4097 2270 4100 _

441 4119 539 4189 οβ’.
575 4121 728 4174 Πᾶσα
754 4121 916 4192 ἡδονὴ
952 4121 1058 4175 τῶν
1103 4120 1604 4192 ἀπηγορευμένων,
1645 4121 1710 4174 ἐκ
1747 4117 1955 4180 πάθους

2131 4117 2218 4171 72.
2250 4116 2430 4172 Vetita
2459 4113 2639 4171 omnis
2673 4116 2944 4186 voluptas,
2973 4133 3040 4172 ex
3070 4118 3326 4182 passione
3357 4128 3522 4189 atque
3552 4121 3638 4177 af-

365 4211 460 4266 διὰ
488 4211 660 4282 μέσης
695 4211 1006 4282 αἰσθήσεως
1031 4213 1168 4284 πρός
1204 4230 1258 4266 τι
1296 4212 1516 4275 πάντως
1559 4211 1805 4280 γίνεσθαι
1854 4210 1954 4262 πέ-

2059 4206 2204 4262 fectu
2235 4207 2288 4262 in
2317 4223 2433 4262 rem
2453 4207 2691 4277 aliquam
2709 4208 2896 4262 sensui
2923 4208 3218 4280 obiectam,
3237 4224 3402 4264 sensu
3431 4211 3634 4278 medio,

373 4321 551 4373 φυκεν
597 4304 876 4375 αἰσθητόν.
933 4305 1068 4358 Οὐδὲ
1115 4306 1223 4376 γὰρ
1268 4304 1397 4359 ἄλλο
1441 4305 1494 4358 τί
1526 4305 1676 4359 ἐστιν
1702 4304 1953 4377 ἡδονὴ,ῆ

2058 4299 2311 4370 pronasci
2369 4298 2551 4353 habet.
2606 4298 2726 4352 Non
2770 4297 2918 4353 enim
2973 4299 3224 4369 voluptas
3278 4299 3426 4355 aliud
3480 4301 3641 4370 quid-

371 4388 518 4456 εἶδος
557 4392 884 4464 αἰσθήσεως,
916 4397 974 4446 ἐν
1001 4392 1079 4465 τῷ
1124 4393 1429 4464 αἰσθητικῷ
1473 4395 1560 4449 διά
1587 4412 1733 4458 τινος
1759 4393 1955 4464 αἰσθη-

2059 4405 2222 4460 quam
2275 4396 2380 4454 est,
2427 4404 2590 4458 quam
2643 4388 2935 4444 sentientis
2985 4389 3261 4446 facultatis
3308 4391 3521 4461 species
3576 4407 3642 4448 ao

370 4485 472 4540 τοῦ
516 4485 907 4556 μορφουμένη·
963 4484 997 4556 ἦ
1037 4486 1239 4556 τρόπος
1297 4486 1620 4556 αἰσθητικῆς
1653 4484 1954 4556 ἐνεργείας,

2059 4482 2255 4546 forma,
2292 4481 2373 4536 rei
2407 4482 2640 4554 alicujus
2661 4483 2879 4538 sensilis
2907 4499 3096 4553 opera,
3139 4483 3195 4538 in
3223 4485 3494 4539 sentiente
3524 4487 3640 4541 for-

369 4581 492 4632 κατ’
521 4577 816 4648 ἐπιθυμίαν
843 4577 1036 4646 ἄλογον
1063 4578 1473 4648 συνιστάμενος.
1516 4576 1815 4646 Ἐπιθυμία
1845 4577 1954 4648 γὰρ

2061 4583 2205 4628 mata
2242 4593 2254 4626 :
2305 4573 2420 4628 sive
2464 4573 2736 4628 sentiendi
2781 4573 3118 4644 operationis
3155 4575 3372 4642 modus,
3417 4576 3639 4631 irratio-

366 4668 626 4740 αἰσθήσει
653 4668 1050 4739 προστεθεῖσα,
1087 4671 1168 4731 εἰς
1198 4669 1390 4739 ἡδονὴν
1425 4667 1776 4739 μεταπίπτει,
1815 4662 1954 4730 εἶδος

365 4762 507 4830 αὐτῇ
549 4760 852 4828 ἐπάγουσα·
882 4759 975 4813 καὶ
1011 4760 1264 4830 αῐσθησις
1301 4761 1423 4812 κατ’
1455 4758 1754 4829 ἐπιθυμίαν
1795 4776 1953 4829 κινη-

366 4849 551 4914 θεῖσα,
588 4850 782 4921 ἡδονὴν
835 4849 1235 4921 ἀπεργάζεται,
1283 4851 1342 4904 τὸ
1392 4849 1651 4921 αἰσθητὸν
1712 4849 1951 4920 προσλα-

366 4939 560 4994 ϐοῦσα.
590 4941 815 5004 Γνόντες
848 4936 942 4994 οὖν
987 4941 1036 4993 οἰ
1071 4940 1240 5009 ἅγιοι,
1273 4941 1352 4993 ὅτι
1392 4940 1481 4995 διὰ
1534 4939 1707 5009 μέσης
1749 4939 1951 5010 σαρκὸς

365 5032 506 5104 πρὸς
537 5033 635 5103 τὴν
691 5030 826 5102 ὕλην
864 5033 898 5102 ἡ
927 5031 1075 5102 ψυχὴ
1117 5031 1269 5104 παρὰ
1301 5031 1465 5100 φύσιν
1515 5031 1814 5100 κινουμένη
1850 5029 1949 5101 τὴν

361 5124 557 5197 χοῖκὴν
599 5121 812 5194 μορφὴν
845 5121 1158 5185 ὑποδύεται,
1189 5122 1278 5176 διὰ
1311 5122 1484 5192 μέσης
1526 5121 1729 5192 μᾶλλον
1769 5121 1949 5192 ψυχῆς

361 5212 508 5267 κατὰ
555 5214 718 5282 φύσιν
774 5213 932 5266 αὐτοὶ
986 5213 1124 5284 πρὸς
1170 5211 1262 5265 τὸν
1307 5213 1440 5266 Θεὸν
1478 5210 1810 5282 κινούμενοι,
1853 5213 1950 5265 καὶ

359 5307 464 5377 τὴν
495 5305 674 5376 σάρκα
708 5305 785 5375 τῷ
825 5304 942 5375 Θεῷ
981 5305 1305 5375 πρεπόντως
1339 5303 1624 5357 οἰκειῶσαι
1672 5301 1950 5373 διενοήθη-

362 5415 487 5464 σαν,
522 5399 590 5452 δι’
621 5399 909 5470 ἀσκήσεως
940 5397 1153 5468 ἀρετῶν
1207 5397 1574 5468 ἐνδεχομένως
1627 5394 1800 5466 αὐτὴν
1827 5398 1946 5460 ταῖς

361 5491 540 5555 θείαις
567 5492 841 5561 ἐμφάσεσι
867 5489 1338 5551 καλλωπίσαντες.

438 5769 539 5834 of.
571 5763 951 5834 Μεγαλοφνῶς
981 5762 1058 5841 ⁸οἰ
1109 5760 1251 5828 ἅγιοι
1311 5743 1452 5814 κατὰ
1504 5757 1596 5841 τὸν
1632 5757 1810 5831 ἀληθῆ
1854 5760 1950 5814 καὶ

2053 4667 2161 4720 nali
2189 4666 2490 4736 cupiditate
2519 4667 2850 4723 consistens.
2877 4666 3164 4737 Cupiditas
3206 4667 3376 4731 enim,
3427 4667 3470 4722 si
3507 4684 3637 4726 εει-ιη

2051 4759 2135 4814 sui
2186 4758 2430 4823 accedat,
2465 4758 2521 4812 in
2558 4759 2894 4828 voluptatem
2939 4759 3152 4822 transit,
3186 4759 3414 4813 formam
3464 4760 3542 4814 illi
3573 4776 3638 4816 ac

2051 4850 2290 4920 speciem
2339 4849 2641 4914 inducens;
2696 4865 3001 4919 sensusque
3053 4850 3358 4918 cupiditate
3410 4860 3633 4914 motus,

2051 4955 2165 4994 rem
2209 4951 2403 4995 nactus
2447 4955 2666 4994 sensum
2699 4940 3049 5006 adicientem,
3085 4941 3414 5010 voluptatem
3446 4940 3632 4996 eilicit.

2049 5029 2296 5085 Scientes
2327 5031 2510 5100 itaque
2539 5031 2734 5095 sancti,
2784 5031 3046 5095 animam,
3078 5031 3208 5086 dum
3247 5047 3413 5086 carne
3455 5031 3634 5087 media

2050 5120 2434 5176 innaturaliter
2454 5122 2520 5176 ad
2554 5130 2767 5176 terrena
2801 5131 3073 5186 movetur,
3103 5131 3374 5176 terrenam
3401 5121 3632 5178 formam

2048 5213 2313 5279 induere;
2354 5214 2457 5283 ipsi
2489 5213 2672 5284 potius
2701 5213 2881 5268 media
2908 5215 3091 5269 anima
3133 5228 3201 5268 ex
3230 5222 3438 5266 natura:
3466 5211 3635 5267 ratio-

2047 5303 2214 5357 nibus
2256 5303 2320 5356 in
2358 5304 2531 5357 Deum
2573 5310 2726 5358 motu
2773 5303 3144 5367 connitentes,
3193 5301 3371 5373 ipsam
3409 5316 3634 5371 quoque

2051 5409 2272 5448 carnem
2310 5395 2703 5449 convenienter
2725 5395 2836 5449 Deo
2862 5395 3160 5449 conciliare
3191 5409 3374 5465 operae
3392 5393 3632 5463 pretium

2054 5486 2352 5550 duxerunt,
2390 5487 2659 5540 virtutum
2702 5487 2853 5541 cultu
2894 5501 2959 5540 ac
2995 5486 3415 5550 exercitatione,
3449 5483 3632 5553 quoad

2051 5578 2291 5641 licebat,
2344 5576 2549 5632 divinis
2609 5591 2729 5632 eam
2784 5576 3133 5647 perornando
3187 5573 3632 5646 repraesentatio-

2052 5669 2236 5724 nibus.

2121 5761 2209 5817 75.
2260 5760 2466 5825 Sancti,
2505 5763 2647 5824 Vero
2687 5777 2750 5816 ac
2789 5760 3062 5818 inoffenso
3097 5767 3280 5815 motus
3316 5773 3384 5814 ex
3430 5765 3629 5814 natura
