4060 6414
510 359 639 421 1373

1667 367 1728 429 S.
1772 366 2060 427 MAXIMI
2097 365 2610 428 CONFESSORIS

3637 367 3757 434 1330

506 481 688 540 modo,
725 493 968 548 praesens
1002 486 1359 531 scammatum
1403 488 1566 546 atque
1607 495 1785 533 arena:
1824 481 2084 534 srccnlum

2196 480 2491 533 ἄπταιστον
2546 479 2648 549 τῆς
2697 482 2841 533 κατὰ
2888 476 3051 546 φύσιν
3099 480 3373 549 κινήσεως
3421 481 3640 552 τρόπον,
3683 488 3755 537 τὸν

503 566 789 636 magnifice
817 565 1189 629 transierunt;
1221 581 1444 620 sensum
1474 568 1696 637 quidem
1727 584 1852 623 cum
1880 581 2084 634 mente,

503 658 846 727 simplicibus
871 657 1049 711 media
1086 657 1296 713 ratione
1323 675 1508 713 rerum
1538 661 1846 715 rationibus
1883 661 2090 717 instru-

505 759 612 813 cta,
666 751 1024 818 copulantes;
1071 757 1312 803 mentem
1362 766 1516 814 vero,
1562 752 1712 805 omni
1761 767 1990 821 prorsus
2033 753 2088 807 in

504 857 590 895 res
617 840 892 910 quaslibet
938 849 1090 894 motu
1130 842 1387 906 solutam,
1425 852 1588 912 atque
1615 842 1683 896 ab
1709 843 1824 912 ipsa
1860 861 1958 900 sua
1988 861 2088 900 na-

505 933 665 986 turali
694 925 1015 1002 operatia'nc
1059 942 1367 998 vacantem,
1409 935 1520 990 Deo
1560 936 1925 1004 adhibentes;
1959 953 2087 1007 qua,

502 1032 615 1077 tota
645 1023 692 1076 vi
723 1023 777 1076 in
809 1025 982 1077 Deum
1009 1024 1245 1088 collecti,
1279 1024 1398 1089 toti,
1435 1026 1548 1080 Deo
1578 1026 1674 1081 toti
1703 1007 1800 1096 per
1833 1027 2089 1096 spiritum

505 1117 722 1171 misceri
795 1127 1154 1187 meruerunt,
1220 1125 1391 1171 totam
1458 1119 1701 1174 cmlestis
1764 1119 2087 1190 imaginem,

504 1209 685 1278 quoad
741 1223 1065 1263 concessum
1122 1209 1446 1264 hominibus
1505 1220 1609 1274 est,
1663 1220 1950 1281 portantes
2004 1214 2086 1278 '3’;

506 1309 821 1371 tantamque
843 1301 1044 1355 divinm
1074 1303 1564 1371 representationis
1586 1304 1696 1358 vim
1723 1303 1806 1373 (ut
1834 1305 1908 1359 ita
1927 1305 2094 1359 liceat

501 1389 674 1460 loqui)
700 1390 998 1455 trahentes,
1029 1401 1295 1460 quantum
1327 1393 1431 1459 ipsi
1464 1394 1623 1449 tracti
1661 1395 1714 1448 in
1752 1393 1926 1449 Deum
1956 1411 2092 1450 con-

502 1496 738 1535 CBSSCI‘C.

573 1671 659 1732 74.
697 1669 860 1723 Aiunt
905 1668 1078 1722 Deum
1125 1677 1180 1722 et
1225 1669 1504 1724 hominem
1538 1669 1641 1723 smi
1684 1677 1876 1723 mutuo
1911 1684 2096 1723 exem-

501 1760 673 1830 plaria
719 1775 862 1821 esse,
902 1749 1226 1828 tantumque.
1261 1759 1434 1812 Deum
1486 1758 1697 1812 homini
1754 1753 2094 1827 benignitate

2194 573 2437 643 παρόντα
2480 571 2588 624 τῶν
2629 571 2972 642 σκαμμάτων
3017 571 3190 624 αἰῶνα
3222 572 3320 642 (m)
3352 573 3624 645 διέϐησαν·
3663 579 3753 649 τὴν

2195 667 2294 735 μὲν
2324 665 2602 735 αἴσθησιν,
2643 664 2848 728 ἁπλοῦς
2879 665 2967 717 διὰ
3003 665 3170 735 μέσου
3199 666 3292 718 τοῦ
3317 665 3476 734 λόγου
3511 669 3644 740 προς
3675 672 3760 723 τὸν

2193 755 2317 810 νοῦν
2351 758 2478 820 τοὺς
2526 757 2636 810 τῶν
2664 757 2834 811 ὄντων
2869 757 3064 827 ἔχοντα
3106 757 3298 825 λόγους
3329 758 3650 824 ἑνώσαντες·
3682 761 3765 815 τὸν

2189 850 2246 902 δὲ
2275 848 2424 910 νοῦν,
2457 849 2558 918 τῆς
2603 867 2669 901 πε
2681 850 2732 919 ρὶ
2764 848 2831 901 τὰ
2860 849 2991 901 ὄντα
3022 848 3199 901 πάντα
3228 849 3496 919 κινήσεως
3524 850 3765 917 καθαρῶς

2191 942 2549 1006 ἀπολυθέντα,
2572 944 2665 994 uta-‘2
2691 942 2860 1012 αὐτῆς
2889 941 2989 1011 τῆς
3019 941 3142 994 καθ’
3169 941 3331 995 αὑτὸν
3361 943 3596 1012 φυσικῆς
3625 943 3765 1014 ἐνερ-

2191 1035 2346 1102 γείας
2370 1034 2703 1104 ἠρεμοῦντα,
2758 1033 2835 1104 τῷ
2885 1033 3004 1104 Θεῷ
3036 1033 3530 1106 προσκομίσαντες·
3577 1035 3692 1089 καθ’
3713 1035 3765 1087 ὃν

2191 1127 2391 1188 ὁλικῶς
2427 1127 2568 1198 πρὸς
2597 1127 2728 1179 Θεὸν
2754 1127 3138 1198 συναχθέντες,
3171 1127 3281 1180 ὅλοι
3309 1125 3416 1194 ὅλῳ
3443 1125 3561 1196 Θεῷ
3581 1129 3765 1196 ἐγκρα-

2196 1218 2354 1288 θῆναι
2382 1218 2470 1271 διὰ
2502 1218 2595 1270 τοῦ
2623 1219 2932 1288 πνεύματος
2959 1219 3293 1290 ἠξιώθησαν,
3335 1218 3462 1288 ὅλην
3490 1217 3583 1273 τοῦ
3613 1221 3766 1272 ἐπου-

2197 1304 2380 1378 ρανίου
2410 1309 2552 1362 κατά
2601 1309 2660 1360 τὸ
2694 1309 2918 1361 δυνατὸν
2969 1309 3304 1380 ἀνθρώποις,
3340 1311 3440 1380 τὴν
3475 1309 3655 1362 εἰκόνα
3688 1325 3765 1378 φο·

2207 1401 2483 1470 ρέσαντες,
2533 1401 2625 1452 καὶ
2669 1401 2923 1454 τοσοῦτον
2970 1401 3223 1465 ἕλξαντες
3268 1401 3366 1469 τῆς
3398 1401 3549 1462 θείας
3600 1402 3738 1471 έμφά

2196 1511 2356 1556 σεως,
2375 1493 2422 1544 εἱ
2458 1491 2617 1561 θέμις
2642 1491 2796 1544 τοῦτο
2831 1495 3025 1554 εἰπεῖν,
3061 1493 3184 1544 ὅσον
3213 1492 3496 1561 ἑλχθέντες
3519 1491 3671 1545 αὐτοὶ
3694 1490 3764 1562 τῷ

2194 1582 2312 1653 Θεῷ
2340 1581 2685 1651 ὲνετέθησαν.

2263 1675 2355 1728 06'.
2403 1673 2674 1742 Ἀλλήλων
2722 1668 2862 1724 εἷναί
2890 1687 3021 1741 φασι
3053 1672 3504 1742 παραδείγματα,
3535 1673 3624 1725 τὸν
3645 1672 3762 1725 Θεὸν

2197 1763 2292 1816 καὶ
2327 1764 2418 1816 τὸν
2459 1763 2765 1834 ἄνθρωπον,
2823 1766 2917 1815 καὶ
2951 1760 3204 1814 τοσοῦτον
3240 1759 3319 1832 τῷ
3367 1760 3643 1832 ἀνθρώπῳ
3684 1763 3763 1816 τὸν

501 1867 563 1905 ac
586 1849 876 1903 clementia
915 1850 1190 1903 hominem
1229 1850 1368 1914 ﬁeri,
1407 1858 1673 1920 quantum
1706 1849 1872 1902 homo
1895 1863 1952 1903 se
1983 1848 2094 1902 Deo

2197 1857 2329 1909 Θεδν
2358 1857 2446 1910 διά
2489 1855 2903 1927 φιλανθρωπίαν
2953 1855 3417 1924 ἀνθρωπίζεσθαι,
3464 1857 3589 1908 ὅσον
3621 1858 3648 1909 ὁ
3679 1856 3764 1908 ἄν-

501 1960 602 2013 per
630 1944 954 1997 charitatem
987 1942 1243 1997 deificare
1279 1943 1499 2012 potuit:
1545 1949 1868 2011 tantumque
1910 1941 2092 1994 horni-

499 2049 624 2087 nem
663 2049 694 2086 a
723 2035 837 2087 Deo
869 2033 983 2104 rapi
1007 2032 1075 2085 ad
1103 2031 1412 2096 sciendum,
1432 2041 1702 2102 quantum
1731 2032 1896 2084 homo
1919 2031 2091 2084 Deum

500 2136 699 2180 natura
755 2125 1205 2194 inaspectabilem
1253 2126 1523 2180 virtutum
1584 2131 1785 2179 ornatu
1842 2121 2090 2176 manife-

503 2219 690 2272 stavit.

574 2309 662 2363 75.
691 2309 949 2378 Quisquis
982 2307 1333 2363 mortiﬁcavit
1353 2305 1603 2361 membra
1623 2319 1744 2375 qurc
1769 2313 1899 2358 sunt
1929 2317 2095 2372 super

507 2410 707 2454 terram
751 2402 819 2466 7°,
867 2415 1199 2470 omnemque
1245 2415 1275 2454 a
1321 2415 1378 2454 se
1438 2400 1623 2454 carnis
1658 2396 1825 2468 623
1871 2411 2092 2450 sensum

503 2491 785 2554 exstinxit,
829 2506 892 2544 ac
927 2505 1173 2561 prorsus,
1211 2505 1321 2559 qua
1375 2489 1456 2542 illi
1501 2488 1815 2548 tenebatur,
1843 2486 2092 2539 aﬂ‘ectio-

506 2595 632 2634 nem
670 2580 932 2647 excussit,
974 2597 1080 2649 qua
1131 2579 1209 2643 ﬁt,
1258 2591 1320 2634 ut
1362 2579 1602 2634 Charitas
1643 2577 1737 2631 uni
1771 2575 1881 2631 Deo
1908 2576 2093 2630 debita

502 2669 560 2722 in
606 2670 766 2724 nobis
813 2671 1065 2739 partibus
1103 2665 1421 2735 seindatur;
1471 2677 1778 2736 cunctaque
1822 2665 2005 2720 carnis
2030 2679 2094 2719 ac

505 2761 717 2825 mundi,
755 2760 954 2816 divinae
978 2761 1167 2832 gratiae
1195 2777 1382 2826 causa,
1414 2761 1647 2831 insignia
1683 2759 1922 2827 negavit,
1959 2764 2094 2812 utet

502 2852 690 2906 dicere
734 2853 906 2922 possit
947 2869 1071 2907 eum
1114 2853 1277 2907 beato
1314 2854 1479 2907 Paulo
1508 2852 1756 2922 apostolo
1787 2869 1799 2904 :
1837 2849 1965 2915 Quis
2001 2865 2093 2903 nos

501 2946 769 3014 separabit
803 2963 833 2998 α
858 2947 1114 2999 charitatc
1143 2944 1376 3001 Christi?
1413 2953 1468 2997 et
1501 2960 1622 3014 quae
1664 2951 1974 3013 sequuntur
2007 2942 2091 3008 7‘;

497 3035 595 3088 hic
618 3037 886 3099 talis,sinc
910 3047 1058 3107 patre
1087 3044 1134 3089 et
1165 3037 1278 3089 sine
1300 3043 1471 3090 matre
1495 3043 1542 3087 et
1565 3036 1677 3087 sine
1694 3032 2003 3103 genealogia
2025 3032 2091 3094 ⁷³,

505 3126 563 3180 in
595 3143 804 3181 morem
846 3129 1026 3197 magni
1065 3126 1470 3182 Melchisedech
1512 3125 1689 3180 factus
1718 3133 1828 3188 cst,
1853 3139 1961 3178 non
1996 3124 2092 3178 ha-

507 3217 641 3271 bens
659 3235 765 3288 quo
793 3235 821 3273 a
852 3235 1017 3274 carne
1043 3227 1099 3273 et
1127 3227 1320 3271 natura
1348 3227 1622 3286 teneatur,
1651 3218 1721 3272 ob
1745 3217 2092 3289 conjunctio-
2120 3189 2162 3248 C

506 3327 631 3366 nem
658 3329 776 3381 qum
817 3312 893 3366 illi
917 3329 1039 3366 cum
1067 3312 1264 3382 spiritu
1298 3311 1516 3382 obtigit.

577 3516 663 3569 76.
725 3515 877 3570 llaud
925 3516 1135 3586 justum
1195 3522 1344 3583 puto,
1401 3513 1690 3583 prmscntis
1732 3513 1860 3568 vitae
1905 3513 2091 3579 ﬁnem,

507 3618 741 3660 mortem
779 3607 1077 3675 appellare,
1106 3607 1202 3660 sed
1228 3605 1612 3660 liberationem
1634 3622 1664 3660 a
1686 3615 1884 3668 morte,
1910 3619 2094 3660 semo-

507 3704 617 3749 tam
649 3695 1081 3764 corruptionem,
1109 3695 1442 3750 vindieatam
1478 3695 1817 3758 libertatem,
1849 3693 2095 3749 sedatam

509 3785 903 3850 turbationem,
942 3787 1158 3840 sublata
1206 3787 1579 3855 bella,pulsas
1618 3784 1897 3847 tenebras,
1946 3783 2098 3838 labo—

509 3894 628 3932 rum
667 3879 936 3946 requiem,
969 3878 1036 3931 ab
1086 3889 1222 3932 ιεειιι
1259 3895 1541 3942 serenum,
1574 3877 1868 3932 obductam
1900 3875 2140 3932 confu--

507 3964 741 4026 sionem,
768 3962 1039 4016 eluctatos
1069 3962 1299 4016 all'eetus
1331 3979 1393 4017 ac
1422 3962 1903 4031 perturbationes;
1931 3971 1986 4016 et
2037 3970 2099 4014 ut

509 4070 724 4109 summa
767 4055 966 4119 dicam,
1017 4055 1262 4109 omnium
1305 4046 1874 4125 circumscriptionem
1921 4054 2100 4108 malo-

509 4162 630 4201 rum
677 4162 742 4200 ac
788 4155 1024 4212 metam;
1059 4147 1263 4216 quibus
1307 4145 1483 4200 sancti
1514 4145 1829 4200 voluntaria
1865 4145 2100 4200 mortifi-

509 4236 726 4291 catione
759 4248 985 4292 strenue
1017 4237 1318 4306 perfuncti,
1360 4237 1611 4307 hospites
1652 4253 1710 4292 se
1756 4247 1810 4291 et
1854 4236 2100 4308 peregri-

510 4346 611 4383 nos
645 4345 672 4383 a
707 4331 818 4384 vita
849 4338 905 4384 et
950 4331 1148 4384 sazcula
1198 4329 1572 4384 exhibuerunt
1613 4328 1679 4381 τθ.
1724 4327 1860 4382 Cum
1891 4326 2098 4380 mundo

509 4423 656 4474 enim
689 4431 744 4475 et
783 4437 1038 4491 corpore,
1073 4432 1131 4475 et
1159 4437 1281 4490 qua:
1307 4437 1374 4474 ex
1411 4420 1492 4474 eis
1533 4419 1830 4490 insurgunt
1881 4419 2098 4473 fortiter

2197 1945 2413 2017 θρωπος
2446 1947 2638 1998 ἑαυτὸν
2662 1944 2739 2015 τῷ
2772 1945 2891 2014 Θεῷ
2915 1945 2983 1996 δι’
3008 1945 3230 2016 ἀγάπης
3257 1945 3508 2014 δυνηθεὶς
3536 1945 3765 1998 ἀπεθέω-

2197 2052 2278 2089 σε·
2311 2036 2409 2090 καὶ
2445 2035 2701 2090 τοσοῦτον
2739 2037 2842 2088 ὑπὸ
2877 2035 3010 2088 Θεοῦ
3040 2035 3132 2090 τὸν
3166 2037 3454 2108 ἄνθρωπον
3490 2037 3632 2090 κατά
3655 2035 3766 2089 νοῦν

2196 2129 2542 2200 ἁρπάζεσθαι
2585 2129 2724 2200 πρὸς
2767 2128 2826 2182 τὸ
2871 2129 3134 2197 γνωστὸν,
3167 2129 3290 2182 ὅσον
3317 2130 3345 2180 ὁ
3378 2129 3664 2200 ἄνθρωπος
3684 2129 3766 2182 τὸν

2196 2222 2425 2292 ἀόρατον
2471 2220 2629 2290 φύσει
2654 2222 2786 2274 Θεὸν
2828 2220 2917 2274 διὰ
2943 2219 3052 2272 τῶν
3077 2220 3291 2291 ἀρετῶν
3327 2221 3669 2290 ἐφανέρωσε.

2269 2320 2360 2366 οε¹.
2389 2315 2506 2377 Πᾶς
2527 2314 2554 2366 ὁ
2582 2313 2648 2366 τὰ
2680 2313 2820 2383 μέλη
2853 2312 3136 2384 νεκρώσας
3169 2313 3237 2366 τὰ
3274 2314 3364 2365 ἐπὶ
3389 2314 3518 2382 γῆς,
3544 2313 3635 2364 καὶ
3660 2311 3767 2363 ὅλον

2195 2399 2389 2456 ἑαυτοῦ
2415 2404 2513 2472 τῆς
2547 2403 2750 2472 σαρκὸς
2780 2401 3125 2463 κατασϐέσας
3154 2401 3215 2452 τὺ
3245 2400 3528 2470 φρόνημα,
3557 2391 3766 2464 καῖτὴν

2197 2495 2334 2566 πρὸς
2381 2494 2562 2564 αὐτὴν.
2603 2494 2778 2547 διόλου
2831 2493 3017 2562 σχέσιν
3056 2492 3530 2562 ἀποσεισάμενος,
3562 2490 3626 2542 δι’
3651 2485 3765 2561 ἦςή

2193 2584 2271 2656 τῷ
2295 2584 2413 2654 Θεῴ
2450 2584 2597 2654 μόνῳ
2625 2583 3044 2654 χρεωστουμένη
3097 2583 3227 2652 παρ’
3256 2586 3286 2651 ἠ
3299 2583 3416 2651 μῶν
3460 2583 3650 2651 ἀγάπη
3684 2597 3768 2651 με·

2199 2676 2428 2747 ρίζεται,
2464 2674 2556 2727 καὶ
2596 2674 2976 2744 ἀρνησάμενος
3009 2674 3187 2726 πάντα
3216 2677 3284 2724 τὰ
3311 2673 3409 2742 τῆς
3446 2671 3650 2742 σαρκὸς
3683 2668 3768 2721 καὶ

2196 2769 2402 2837 κόσμου
2429 2766 2808 2836 γνωρίσματα,
2841 2767 2940 2836 τῆς
2970 2765 3120 2827 θείας
3149 2764 3336 2816 ’ἑνεκεν
3358 2764 3605 2832 χάριτος
3638 2760 3766 2812 ὥστε

2199 2858 2292 2913 καὶ
2326 2858 2507 2927 λέγειν
2537 2856 2799 2910 δύνασθαι
2833 2856 2970 2926 μετά
3008 2854 3099 2908 τοῦ
3139 2858 3407 2926 μακαρίου
3445 2854 3660 2907 Παύλου
3682 2851 3766 2904 τοῦ

2196 2947 2534 3015 ἀποστόλου,
2585 2949 2681 3013 Τίς
2742 2942 2897 3018 ἡμᾶς
2953 2949 3192 3017 χωρίσει
3241 2947 3360 3001 ἀπὸ
3399 2944 3512 3013 τῆς
3539 2946 3767 3014 ἀγάπης

2195 3042 2304 3094 τοῦ
2337 3039 2627 3109 Χριστοῦ;
2664 3040 2756 3093 καὶ⁹
2784 3039 2852 3092 τὰ
2898 3039 3046 3109 ἑξῆς·
3076 3042 3105 3092 ὁ
3140 3039 3380 3101 τοιοῦεος
3411 3037 3654 3104 ἀπάτωρ
3679 3031 3768 3088 καὶ

2197 3133 2439 3203 ἀμήτωρ
2478 3132 2575 3188 καὶ
2623 3133 3102 3204 ἀγενεαλόγητος
3133 3133 3273 3185 κατά
3301 3131 3389 3184 τὸν
3419 3130 3599 3199 μέγαν
3633 3125 3767 3181 Μελ-

2195 3229 2412 3298 χισεδὲκ
2440 3228 2686 3296 γέγονεν,
2727 3228 2827 3281 οὐκ
2854 3226 2992 3296 έχων
3025 3228 3172 3288 ὅπως
3206 3224 3312 3276 ὑπὸ
3343 3222 3552 3293 σαρκὸς
3586 3235 3772 3290 κρατη·

2195 3321 2260 3391 θῇ
2285 3319 2380 3372 καὶ
2417 3319 2652 3387 φύσεως,
2681 3318 2772 3373 διὰ
2787 3321 2887 3390 τὴν
2913 3316 3291 3387 γεγενημένην
3316 3315 3449 3385 πρὸς
3472 3314 3535 3366 τὸ
3562 3310 3770 3381 πνεῦμα

2195 3411 2512 3480 συνάφειαν.

2264 3506 2371 3564 ος’.
2405 3498 2478 3552 Τὸ
2514 3499 2685 3569 πέρας
2713 3499 2812 3569 τῆς
2848 3495 3130 3570 παρούσης
3159 3495 3327 3564 ζωῆς,
3361 3495 3421 3548 οὐ
3461 3494 3668 3546 δῖκαιον
3698 3483 3769 3543 οἷο

2198 3607 2296 3660 μαι
2325 3589 2553 3642 θάνατον
2609 3590 2922 3659 ὀνομάζειν,
2974 3589 3109 3642 ἀλλὰ
3142 3586 3376 3641 θανάτου
3426 3581 3765 3652 ἀπαλλαγὴν,

2195 3682 2291 3735 καὶ
2326 3682 2531 3752 φθορᾶς
2562 3681 2867 3752 χωρισμὸν,
2913 3682 3007 3734 καὶ
3038 3680 3283 3743 δουλείας
3313 3678 3650 3749 ἐλευθερίαν,
3681 3675 3769 3728 καὶ

2194 3777 2441 3844 ταραχῆς
2476 3775 2712 3836 παῦλαν.
2761 3775 2857 3827 καὶ
2901 3775 3154 3845 πολέμων
3193 3773 3495 3842 ἀναίρεσιν,
3528 3771 3624 3824 καὶ
3651 3768 3766 3821 σκό-

2195 3886 2322 3930 τους
2354 3866 2728 3939 ὑποχώρησιν,
2763 3868 2856 3920 καὶ
2893 3867 3069 3920 πόνων
3100 3867 3307 3930 ἄνεσιν,
3345 3865 3438 3918 καὶ
3465 3865 3771 3935 βρὰσματος

2195 3961 2456 4032 ἠρεμίαν,
2507 3962 2602 4013 καὶ
2657 3961 2920 4032 αἰσχύνης
2983 3959 3379 4029 συγκάλυμμα,
3441 3958 3540 4010 καὶ
3596 3952 3771 4010 παθῶν

2198 4051 2508 4122 ἀποφυγὴν,
2553 4053 2647 4105 καὶ
2698 4053 2936 4116 πάντων,
2972 4052 3061 4105 ἵνα
3092 4050 3327 4103 συνελὼν
3364 4049 3526 4113 εἴπω,
3551 4047 3658 4099 τῶν
3679 4061 3770 4097 κα-

2199 4145 2310 4197 κῶν
2345 4147 2731 4216 περιγραφήν·
2770 4145 2914 4214 ειπερ
2962 4143 3030 4196 δι’
3081 4141 3328 4196 ἑκουσίου
3381 4138 3701 4208 νεκρώσεως
3727 4135 3771 4186 οἱ

2201 4236 2349 4303 ἅγιοι
2394 4234 2866 4304 κατορθώσαντες,
2903 4235 3086 4302 ξένους
3122 4234 3349 4296 ἑαυτοὺς
3383 4231 3478 4284 τοῦ
3526 4229 3640 4302 βίου
3689 4227 3773 4279 καὶ

2200 4325 2618 4396 παρεπιδήμους
2665 4328 3033 4397 παρέστησαν.
3074 4326 3280 4394 Κόσμῳ
3307 4341 3366 4376 τε
3399 4323 3521 4394 γὰρ
3556 4311 3647 4374 καὶ
3685 4321 3773 4370 σώ-

2205 4435 2367 4484 ματι,
2435 4419 2530 4470 καὶ
2575 4420 2694 4482 ταῖς
2723 4420 2782 4483 ἐξ
2831 4418 3010 4472 αὐτῶν
3057 4416 3464 4471 ὲπαναοτάσεσι
3521 4412 3773 4482 γενναίως

510 4511 856 4577 dimicantes,
890 4529 952 4568 ac
997 4514 1255 4583 utrinque
1293 4513 1712 4583 provenientem
1734 4529 1800 4566 ex
1833 4527 2094 4579 sensuum

2206 4510 2525 4580 μαχόμενοι,
2552 4510 2648 4564 καλ⁸
2682 4512 2779 4581 τὴν
2812 4511 2870 4575 ἐξ
2903 4513 3106 4580 ἀμφοῖν
3156 4510 3298 4563 κατά
3323 4510 3421 4580 τὴν
3447 4507 3559 4558 τῶν
3593 4501 3769 4567 αἰσθήσ

510 4621 634 4659 enm
686 4607 985 4661 sensilibus
1031 4607 1369 4662 commercio
1416 4622 1673 4676 nexuque
1715 4606 2096 4675 deceptionem

512 4701 873 4765 snflocantes,
922 4701 1226 4756 inviolabili
1267 4701 1460 4754 fultam
1509 4699 1763 4754 libertate
1803 4699 1973 4752 animi
2018 4698 2100 4752 di—

511 4795 776 4863 gnitatem
814 4795 918 4850 sibi
953 4795 1086 4865 ipsis
1123 4803 1441 4850 servarunt.

582 4887 672 4939 77.’
700 4887 921 4942 lnsitam
951 4888 1111 4942 nobis
1133 4904 1162 4942 a
1183 4897 1382 4942 natura
1412 4884 1778 4957 providentia:
1816 4881 2096 4946 notitiam,

509 4993 617 5032 non
635 4979 775 5032 exili
798 4990 1124 5049 argumento
1161 4989 1355 5033 natura
1379 4979 1495 5048 ipsa
1525 4977 1804 5039 insinuat,
1842 4976 1972 5030 dum
2005 4990 2102 5028 nc-

2204 4621 2341 4656 σεων
2388 4603 2523 4674 πρὸς
2570 4605 2640 4657 τά
2686 4605 2922 4675 αἰσθητά
2974 4605 3293 4674 συμπλοκὴν
3331 4597 3770 4672 παραγενομένην

2195 4695 2414 4765 ἀπάτην
2455 4694 2876 4760 ἀποπνίξαντες,
2910 4695 3210 4749 ἀδούλωτον
3255 4695 3467 4755 ἑαυτοῖς
3509 4686 3770 4760 ἐφύλαξαν

2194 4787 2296 4857 τῆς
2319 4786 2500 4857 ψυχῆς
2541 4787 2601 4840 τὸ
2629 4786 2867 4857 ἀξίωμα.

2265 4879 2362 4942 οζ¹.
2395 4880 2712 4951 Τεκμήριον
2740 4881 2801 4933 οὐ
2841 4881 3073 4952 σμικρὸν
3095 4880 3189 4933 τοῦ
3221 4878 3466 4951 φυσικῶς
3506 4877 3640 4949 ἡμῖν
3695 4872 3770 4924 ὲν·

2199 4973 2472 5043 εσπάρθαι
2531 4973 2630 5045 τὴν
2674 4976 2770 5045 τῆς
2808 4974 3064 5044 προνοίας
3103 4972 3327 5041 γνῶσιν,
3367 4975 3398 5042 ὴ
3449 4970 3611 5038 φύσις
3643 4964 3769 5031 αὐτὴ

579 5157 623 5186 ε⁹
658 5156 671 5209 l
705 5155 829 5208 Cor.
866 5174 951 5208 xv.
987 5156 1073 5209 l9.
1150 5155 1196 5185 ⁷ο
1226 5154 1436 5233 Coloss.
1472 5171 1551 5216 Ill,
1586 5155 1636 5208 5.
1717 5153 1757 5183 ⁷¹
1795 5147 1955 5204 Rom.
2005 5167 2092 5206 \‘l.l

2316 5153 2360 5182 τ’
2390 5152 2553 5207 llebr.
2592 5171 2685 5217 vn,
2714 5153 2766 5206 5.
2844 5152 2888 5183 ⁷³
2919 5153 2938 5206 l
2991 5152 3137 5206 Petr.
3169 5169 3227 5216 ιι,
3259 5154 3339 5206 il.

586 5310 681 5380 (γη)
724 5311 833 5363 Τὸν
867 5313 1135 5377 πηρόντα
1164 5309 1282 5363 τῶν
1307 5308 1673 5380 σκαμμάζων
1699 5303 1900 5359 αἰῶνα.
1931 5305 2089 5380 Quod

509 5383 563 5436 in
591 5377 719 5436 Pico
748 5389 944 5442 exstat,
975 5396 1201 5450 prmseus
1233 5395 1401 5433 scena:
1430 5378 1702 5450 swculum,
1737 5377 2078 5450 typographi-

508 5470 632 5506 cum
666 5451 922 5504 unmdum
955 5448 1109 5516 puto,
1136 5466 1199 5502 ae
1232 5466 1356 5504 eum
1387 5467 1564 5503 arente
1589 5448 1898 5516 scripsisse,
1925 5463 2087 5516 quam

507 5533 563 5574 et
586 5537 687 5584 ego
709 5537 918 5584 vocem,
943 5517 1144 5574 Grzneae
1171 5521 1321 5574 vocis
1346 5519 1679 5589 explicandrc
1704 5535 1866 5572 causa
1892 5517 2088 5586 adjeei.

507 5591 745 5658 Utraque
773 5591 917 5643 enim
951 5589 1092 5643 idem
1125 5592 1372 5659 utrisque
1406 5591 1749 5658 significatur
1780 5590 1934 5642 locus
1968 5603 2090 5640 (τον-

510 5660 731 5712 taminis
773 5675 835 5713 ac
876 5659 1040 5722 fossa,
1077 5660 1129 5712 in
1171 5677 1277 5728 qua
1317 5675 1428 5713 non
1471 5669 1624 5715 esset
1664 5661 1785 5729 ejus
1828 5659 2092 5727 defugere

506 5730 702 5810 aleam,
726 5730 820 5810 sed
849 5729 930 5809 vel
959 5745 1082 5810 cum
1110 5731 1426 5810 adversario
1451 5729 2085 5810 pugile‘decertandnm,

509 5797 590 5849 vel
619 5811 742 5850 cum
771 5798 963 5852 bestiis
984 5799 1432 5870 depugnandum,
1452 5797 1510 5853 in
1534 5797 1745 5867 quibus
1775 5802 1880 5855 tale
1910 5810 2083 5856 certa-

2198 5323 2322 5361 men
2349 5307 2633 5377 gentilium
2663 5306 2878 5361 feritate
2905 5306 3296 5367 exhibebatur;
3324 5306 3469 5375 quod
3497 5306 3628 5358 nihil
3653 5318 3765 5377 cum

2200 5373 2382 5439 scena',
2411 5387 2471 5430 ut
2499 5379 2694 5447 liquet,
2717 5378 2884 5431 habet
2913 5393 3224 5432 commune.
3249 5373 3404 5443 Quod
3434 5392 3573 5447 ιρι-ο
3594 5373 3766 5447 sequi-

2201 5449 2454 5522 ιιιῃὸλοι
2489 5443 2597 5516 ὅλῖρ
2623 5448 2747 5522 Θεῷ
2783 5447 3146 5522 ἐγκραθῆναι,
3180 5451 3275 5522 toti
3309 5449 3359 5500 in
3399 5456 3505 5499 toto
3540 5445 3644 5522 Deo
3674 5443 3766 5522 ﬁt»

2190 5518 2352 5581 mari,
2381 5518 2433 5570 id
2461 5515 2589 5572 vero
2622 5515 2793 5586 ipsius
2823 5515 2931 5570 Piei
2969 5515 3216 5582 inscitiae,
3245 5518 3376 5571 dum
3409 5532 3515 5570 non
3542 5515 3765 5568 advertit

2191 5587 2275 5660 το,
2313 5587 2539 5656 κραθεὶς
2573 5599 2628 5642 et
2664 5589 2985 5660 ἐγκραθεὶς,
3018 5590 3124 5642 ἀπὸ
3158 5589 3250 5642 τοῦ
3275 5587 3586 5660 κκεράννυμι
3621 5598 3762 5660 esse,

2190 5659 2426 5721 miscere,
2459 5675 2563 5728 qua
2598 5674 2732 5713 voce
2766 5658 2957 5712 intima
2994 5659 3084 5712 illa
3119 5659 3318 5715 mentis
3346 5673 3470 5712 cum
3502 5657 3611 5712 Deo
3646 5657 3762 5708 unto

2186 5728 2390 5798 passim
2422 5729 2694 5799 theologis
2719 5729 3076 5800 signiﬁcatur.
