4060 6402
286 352 400 417 13M

981 338 1309 400 CAPITUM
1355 330 1779 409 QUINQUIES
1819 328 2335 389 CENTENURUM
2377 326 2763 385 (IiENTURiA
2804 328 2871 385 V.

3392 326 3527 389 1382

278 466 494 516 δίδωσιψ
536 454 769 526 ὁπηνίκα
808 453 872 505 ἂν
901 453 1046 521 ἡμᾶς
1075 448 1375 506 ἀδιδάκτως
1403 446 1593 513 ὥσπερ
1620 442 1835 493 ὠθοῦσα

1963 435 2088 488 nine
2115 433 2370 496 docente,
2409 433 2459 484 in
2495 432 2800 501 repentinis
2843 431 3061 485 casihus
3091 429 3157 483 ad
3203 430 3372 485 Deum
3405 449 3530 501 pre.

278 555 401 619 πρὸς
430 550 520 603 τὸν
564 549 694 600 Θεὸν
730 544 817 597 Eii
848 542 955 595 τῶν
987 541 1159 609 εὐχῶν
1199 541 1254 591 ἐν
1299 540 1415 599 ταῖς
1452 534 1715 601 ἐξαίφνης
1745 548 1839 582 τῖε-

280 644 597 715 ριστὰσεσιν,
628 637 838 691 ἐκεῖθεν
874 636 1055 703 ζητεῖν
1078 632 1174 702 τὴν
1198 630 1470 698 σωτηρίαν
1497 622 1841 695 παρασκευά-

277 738 357 806 ζῃ.
401 735 517 786 Tn”
543 733 785 800 ἀνάγκης
830 729 939 797 γὰρ
969 727 1119 793 ἄφνω
1152 720 1566 790 συλληφθέντες,
1611 718 1841 786 ἀπροαι-

279 829 437 897 ρέτως
474 825 599 895 πρίν
630 841 680 875 τι
724 818 1049 890 σκέψασθαι,
1081 816 1171 867 τὸν
1197 814 1328 866 Θεὸν
1360 808 1728 876 ἐπιϐοώμεθα·
1769 806 1843 867 ὡς

277 918 337 971 ἂν
364 917 457 985 τῆς
486 914 737 984 προνοίας
772 913 939 980 αὐτῆς
976 908 1115 980 πρὸς
1167 905 1388 975 ἑαυτὴν,
1434 903 1527 955 καὶ
1566 900 1842 968 λογισμῶν

276 1007 451 1077 χωρὶς,
507 1002 770 1070 ἐλκοέσης
817 1001 982 1071 ἡμᾶς,
1018 999 1111 1050 καὶ
1143 997 1203 1049 τὸ
1230 998 1393 1065 τάχος
1442 992 1542 1061 τῆς
1600 994 1658 1044 ἐν
1711 993 1844 1061 ἡμῖν

277 1098 459 1169 νοερᾶς
491 1094 727 1161 νικώσης
758 1092 1059 1161 δυνάμεως,
1099 1090 1193 1141 καὶ
1235 1088 1451 1139 πάντων
1487 1083 1843 1154 ἰσχυροτέραν

276 1190 365 1259 τὴν
390 1187 537 1241 θείαν
572 1182 1029 1255 προδεικνυούσης
1063 1180 1338 1251 βοήθειαν.
1373 1179 1487 1232 Οὐκ
1514 1177 1577 1229 ἂν
1609 1177 1663 1228 δὲ
1695 1177 1844 1246 ἡμᾶς

277 1276 401 1352 ἦγεν
442 1280 823 1351 ἀπροαιρέτως
858 1280 889 1347 ἡ
928 1276 1116 1345 φύσις,
1170 1275 1263 1327 ἐπὶ
1310 1273 1371 1326 τὸ
1412 1274 1484 1343 μὴ
1532 1271 1689 1340 φύσιν
1725 1271 1845 1339 ἕχον

276 1374 530 1440 γίνεσθαι·
589 1372 696 1424 πᾶν
729 1370 785 1422 δὲ
832 1368 893 1421 τὸ
938 1366 1139 1436 ὁτῳοῦν
1175 1365 1421 1434 φυσικῶς
1453 1363 1738 1432 ἑπόμενον,
1772 1362 1846 1423 ὡς

278 1466 435 1521 πᾶσιν
458 1463 698 1533 εὔδηλον,
726 1460 954 1531 ἰσχυρὰν
987 1460 1096 1527 ἔχει
1132 1457 1223 1511 καὶ
1245 1455 1674 1525 ἀκαταμάχητον
1707 1452 1846 1505 κατὰ

276 1557 367 1623 τὴν
398 1552 671 1617 ἀπόδειξιν
702 1555 799 1619 τῆς
837 1549 1093 1620 ἀληθείας
1120 1549 1219 1617 τὴν
1249 1546 1504 1615 δύναμιν.

340 1653 436 1719 οη’.
492 1644 708 1715 Ἐπειδὴ
742 1644 848 1695 τῶν
888 1642 1076 1699 ὄντων,
1121 1640 1189 1690 τὰ
1240 1638 1337 1708 μὲν
1372 1638 1518 1689 ἔστιν
1551 1634 1751 1703 ἀγαθὰ,
1779 1632 1845 1685 τὰ

276 1749 327 1802 δὲ
370 1737 569 1806 φαῦλα·
608 1736 779 1788 ταῦτα
818 1734 894 1799 δέ,
928 1735 960 1804 ἢ
995 1733 1238 1805 παρόντα
1276 1732 1423 1785 ἐστὶν
1472 1732 1503 1796 ἣ
1561 1728 1844 1797 μέλλοντα·

1941 526 2097 578 cibus
2117 524 2411 592 confugere
2439 521 2747 590 impellens,
2775 520 2902 573 inde
2920 520 3153 573 salutem
3178 521 3528 588 qumrendam

1943 615 2191 669 instruit.
2240 613 2437 667 Subito
2488 613 2639 666 enim
2692 612 3023 665 necessitate
3067 613 3330 680 correpti,
3379 620 3531 667 nullo

1944 706 2179 759 rationis
2243 704 2499 769 consilio,
2556 705 2705 758 nuila
2764 703 3161 757 delibrratione
3226 720 3528 773 prmmtssa,

1943 799 2114 851 Deum
2163 797 2526 862 invocamus;
2584 805 2843 864 tanquam
2898 812 2995 849 nos
3040 796 3106 849 ad
3134 798 3378 865 seipsam
3412 799 3531 853 sine

1948 888 2072 942 ullis
2095 887 2424 946 rationibus,
2464 887 2578 956 ipsa
2606 886 2785 939 trahat
2814 886 3182 955 providentia,
3218 888 3531 958 intelligen-

1945 981 2112 1049 dique
2164 981 2216 1033 in
2268 980 2430 1033 nobis
2477 980 2816 1033 celeritatem
2859 980 3108 1039 vincens,
3147 980 3402 1033 omnibus
3436 997 3531 1051 po—

1948 1074 2242 1126 tentiorem
2270 1072 2512 1124 divinam
2541 1087 2700 1140 opem
2731 1071 3053 1140 praatendat.
3089 1072 3381 1141 Nunquam
3404 1087 3533 1124 vero

1945 1174 2142 1217 natura
2187 1164 2499 1216 inconsulto
2565 1164 2823 1232 nullaque
2870 1174 3149 1230 prrccunte
3200 1165 3412 1216 ratione
3470 1179 3535 1216 eo

1950 1261 2215 1323 traheret,
2267 1260 2412 1329 quod
2466 1268 2663 1312 natura
2708 1258 2825 1311 fieri
2862 1274 2972 1310 non
3009 1266 3213 1325 posset.
3258 1258 3533 1326 Quidquid

1949 1361 2134 1405 autem
2174 1352 2265 1404 ulli
2301 1351 2375 1403 rei
2418 1358 2619 1402 natura
2668 1365 2851 1402 eomes
2886 1360 2989 1411 est,
3021 1350 3071 1402 id
3112 1366 3263 1411 vero,
3295 1358 3351 1402 ut
3398 1364 3535 1402 cun-

1948 1444 2051 1498 etis
2085 1443 2433 1497 manifestuni
2466 1451 2570 1501 est,
2613 1441 2821 1493 ﬁrmam
2859 1449 2909 1493 et
2940 1440 3360 1509 insuperabilcm
3394 1456 3539 1493 asse.-

1950 1538 2118 1592 renda
2144 1537 2373 1590 veritate
2397 1536 2506 1588 vim
2532 1534 2717 1587 habet.

2019 1627 2107 1681 78.
2156 1626 2291 1681 Cum
2345 1640 2555 1685 rerum,
2615 1624 2733 1677 aliae
2783 1624 2961 1686 home,
3017 1623 3136 1676 aliae.
3191 1623 3343 1676 malze
3389 1622 3535 1684 sint;

1949 1720 2143 1788 haeque
2177 1718 2315 1772 adeo
2358 1718 2441 1771 vel
2494 1723 2796 1786 prtescntes
2830 1717 2958 1779 sint,
2998 1715 3080 1767 vel
3111 1714 3307 1767 Futurae
3343 1732 3354 1765 :
3393 1712 3535 1781 quod

278 1824 716 1897 προσδοκώμενον
752 1824 848 1893 μὲν
880 1823 1103 1891 ἀγαθὸν,
1136 1821 1432 1891 ἐπιθυμίαν
1457 1820 1631 1872 καλεῖ·
1671 1816 1844 1885 παρὸν

1955 1810 2155 1863 honum
2200 1822 2465 1876 suspensa
2509 1805 2921 1874 exspectatione
2968 1813 3135 1864 tenet,
3180 1804 3536 1873 cupiditatem

273 1916 347 1979 δὲ,
384 1916 578 1987 ἡδονήν
612 1931 623 1942 ·
674 1915 767 1967 καὶ
802 1913 988 1977 πάλιν,
1021 1912 1468 1983 προσδοκώμενον
1525 1910 1624 1980 μὲν
1651 1907 1843 1971 κακὸν,

275 2008 449 2077 φόϐον·
488 2007 665 2077 παρὸν
700 2006 774 2070 δὲ,
802 2006 864 2058 λύ
878 2022 1001 2075 πηψ
1029 2007 1102 2067 ὡς
1140 2001 1278 2058 εἷναί
1302 2022 1357 2057 τε
1387 2004 1480 2057 καὶ
1503 2001 1843 2072 θεωρεῖσθαι,

274 2102 393 2171 περὶ
426 2100 520 2171 μὲν
558 2099 626 2151 τὰ
660 2098 819 2162 καλὰ,
853 2099 961 2150 εἴτε
1008 2097 1075 2148 τὰ
1124 2096 1292 2159 ὅντως
1322 2095 1470 2156 ὄντα,
1511 2095 1621 2146 εἴτε
1662 2094 1729 2145 τὰ
1760 2110 1846 2144 νο-

278 2192 539 2261 μιζόμενα
562 2232 574 2254 ,
609 2192 708 2260 τὴν
763 2190 956 2260 ἡδονὴν
991 2189 1081 2241 καὶ
1118 2188 1215 2258 τὴν
1261 2187 1588 2258 ἐπιθυμίαν·
1629 2186 1757 2256 περὶ
1790 2184 1846 2236 δὲ

273 2286 332 2337 τὰ
362 2284 560 2351 σαῦλα,
592 2283 691 2353 τὴν
737 2282 916 2351 λύπην
953 2282 1046 2334 καὶ
1096 2281 1186 2333 τὸν
1237 2280 1419 2349 φόϐον.
1452 2279 1562 2331 Καὶ
1593 2279 1699 2348 γὰρ
1731 2279 1848 2329 ἐπι-

271 2376 607 2445 τυγχάνουσα
638 2374 734 2444 μὲν
760 2375 792 2444 ὴ
814 2372 1103 2442 ἐπιθυμία,
1144 2372 1341 2444 ἡδονὴν
1376 2370 1687 2442 ἐργάζεται·
1712 2371 1847 2422 ἁπο-

272 2471 610 2539 τυγχάνουσα
635 2469 691 2521 δὲ
741 2466 936 2537 λύπην.

338 2720 431 2776 00'.
464 2722 657 2775 Κακὸν
715 2717 857 2773 εἷναί
903 2734 1036 2787 φασι
1068 2718 1275 2771 ,πᾶσαν
1316 2716 1494 2787 λύπην
1542 2719 1607 2788 τῇ
1646 2718 1849 2787 ἑαυτῆς

275 2812 444 2880 φύσει.
481 2813 605 2867 Κᾶν
631 2812 737 2881 γὰρ
762 2813 789 2864 ὸ
835 2810 1120 2871 σπουδαῖος
1151 2810 1237 2862 ἐπ’
1268 2809 1567 2879 ἀλλοτρίοις
1613 2810 1849 2880 λυπῆται

275 2908 477 2970 κακοῖς,
531 2905 603 2966 ὡς
649 2904 919 2974 ἐλεήμων,
957 2902 1071 2956 ἀλλ’
1108 2902 1166 2954 οὐ
1223 2904 1651 2972 προηγουμένως
1706 2904 1851 2956 κατὰ

274 2992 549 3065 πρόθεσιν,
600 2992 713 3044 ἀλλ’
749 2991 1101 3061 ἐφεπομένως
1136 2990 1278 3043 κατὰ.
1334 2992 1688 3060 περίστασιν’
1728 2995 1754 3045 ὁ
1796 2993 1849 3044 δὲ

274 3083 626 3153 θεωρητικὸς,
662 3081 765 3133 κᾶν
797 3079 1007 3142 τούτοις
1050 3079 1266 3149 ἀπαθὴς
1310 3079 1577 3149 διαμένει,
1611 3080 1851 3149 συνάψας

1950 1911 2138 1966 vocat;
2170 1900 2315 1968 quod
2352 1909 2534 1952 autem
2570 1898 2623 1950 in
2651 1904 2907 1966 promptu
2941 1910 3004 1950 ae
3040 1910 3281 1964 praesens
3303 1905 3406 1956 est,
3436 1909 3536 1946 vo-

1950 1993 2258 2062 luptatem:
2299 2006 2360 2044 ac
2404 2004 2618 2051 rursus,
2666 1995 3042 2056 exspectatum
3091 1987 3316 2049 malum,
3374 1987 3539 2037 timo-

1951 2099 2101 2149 rem;
2130 2083 2275 2151 quod
2300 2096 2432 2135 vero
2473 2094 2716 2150 praesens
2760 2078 2926 2147 629
2955 2086 3058 2143 est,
3104 2078 3381 2130 tristitiam
3416 2078 3540 2129 ani-

1951 2176 2136 2243 mique
2169 2174 2437 2227 dolorem.
2470 2173 2548 2227 ita
2590 2171 2820 2231 scilicet,
2861 2179 2919 2223 ut
2944 2170 3088 2223 circa
3119 2170 3279 2227 bona,
3306 2168 3419 2221 sive
3448 2166 3539 2219 ilia

1951 2280 2143 2319 revera
2168 2264 2313 2317 bona
2347 2264 2476 2326 sint,
2510 2261 2625 2315 sive
2663 2258 2998 2323 existimata,
3028 2267 3141 2311 tum
3173 2258 3423 2326 voluptas
3448 2272 3542 2308 ex—

1952 2356 2147 2410 sistant
2176 2364 2231 2409 et
2273 2354 2654 2423 intelligantur
2699 2362 2815 2407 tum
2849 2350 3161 2420 cupiditas;
3210 2349 3357 2402 circa
3401 2347 3539 2400 mala

1951 2461 2103 2509 vero,
2149 2453 2331 2499 metus
2369 2452 2424 2497 et
2476 2444 2719 2498 tristitia.
2780 2444 2844 2497 Et
2890 2444 3036 2498 enim
3100 2441 3369 2510 cupiditas
3425 2440 3538 2493 voti

1952 2550 2178 2604 compos
2224 2534 2441 2595 eﬂ'ecta,
2480 2534 2818 2600 voluptatem
2860 2531 3036 2601 parit;
3077 2546 3145 2585 eo
3196 2544 3377 2583 autem
3420 2530 3539 2583 fru-

1952 2634 2141 2686 strata,
2176 2624 2345 2677 animi
2377 2624 2622 2677 dolorem
2643 2639 2705 2677 ac
2735 2623 3014 2677 tristitiam
3048 2620 3197 2674 facit.

1962 2728 1963 2731 ‘
2020 2716 2108 2769 79.
2152 2712 2456 2768 Tristitiam
2510 2728 2729 2766 omnem
2778 2710 3061 2779 animique
3111 2709 3380 2773 dolorem,
3437 2723 3539 2763 sua

1953 2805 2130 2873 ipsum
2170 2806 2352 2859 indole
2389 2805 2588 2858 malum
2633 2818 2753 2857 esse
2800 2804 2972 2857 aiunt.
3024 2802 3345 2870 Quanquam
3392 2801 3539 2854 enim

1953 2898 2235 2952 studiosus
2270 2912 2335 2951 ae
2367 2897 2589 2951 virtutis
2623 2898 2804 2950 cultor
2846 2911 2914 2949 ex
2951 2895 3146 2948 alienis
3179 2895 3338 2947 malis
3371 2893 3541 2947 tristi—

1955 2988 2085 3041 tiam
2125 2988 2375 3051 assumit,
2420 2988 2679 3055 doletque
2710 2987 2921 3050 animo,
2960 2994 3020 3039 ut
3056 2985 3389 3047 misericors,
3431 3000 3541 3038 non

1956 3086 2136 3133 tamen
2168 3078 2435 3147 primario
2481 3077 2684 3131 mentis
2735 3077 2948 3130 ratione
2997 3092 3059 3130 ac
3099 3077 3401 3147 proposito,
3447 3076 3541 3127 sed

274 3171 455 3224 ἑαυτὸν
511 3169 593 3241 τῷ
643 3168 784 3240 Θεῷ,
842 3170 938 3221 καὶ
982 3167 1092 3221 τῶν
1141 3169 1269 3239 τῇδε
1320 3168 1538 3221 πάντων
1565 3169 1851 3240 ἀλλοτριώ-

1958 3178 2396 3239 consequenter;
2421 3179 2685 3239 quantum
2708 3169 2921 3223 scilicet
2943 3168 3172 3222 suadeat
3189 3168 3307 3237 ipsa
3326 3168 3541 3221 adversi

276 3279 387 3325 σας.

1959 3277 2119 3317 casus
2152 3263 2311 3315 ratio.
2354 3263 2443 3325 At,
2483 3261 2576 3330 qui
2613 3268 2910 3330 provectus
2942 3261 3405 3329 contemplatione
3438 3270 3541 3321 est,

275 3351 325 3407 in
356 3355 441 3409 his
485 3368 709 3423 quoque
745 3351 935 3407 dolore
978 3351 1316 3406 inviolabilis
1361 3361 1567 3414 manet,
1609 3367 1702 3420 qui
1739 3351 1853 3420 ipse
1891 3353 2132 3422 seipsum
2161 3352 2675 3423 Deoconjunxerit,
2736 3362 2901 3422 atque
2930 3367 2960 3404 a
2992 3351 3226 3405 terrenis
3286 3350 3544 3404 omnibus

274 3445 514 3499 animum
552 3443 882 3513 abjunxerit.

340 3547 412 3596 π’.
450 3543 513 3593 υἱ
546 3540 690 3606 ἆγιοι
716 3538 915 3600 πάντες
956 3537 1048 3590 τοῦ
1081 3538 1225 3591 θείου
1260 3538 1355 3590 καὶ
1388 3537 1661 3601 ἀπλανοῦς
1694 3537 1853 3606 λόγου

273 3630 509 3699 γνησίως
567 3626 982 3698 ἐπειλημμένοι,
1012 3626 1102 3678 τὸν
1139 3627 1309 3679 αἰῶνα
1339 3626 1530 3679 τοῦτον
1569 3626 1850 3695 διέϐησαν,

273 3724 443 3776 οὐδενὶ
477 3720 591 3774 τῶν
625 3722 682 3773 ἐν
712 3719 860 3789 αὐτῷ
897 3718 1148 3789 τερπνῶν
1201 3720 1263 3771 τὸ
1322 3719 1423 3789 τῆς
1476 3717 1655 3788 ψυχῆς
1711 3719 1855 3787 ἴχνος

274 3813 741 3884 ἑναπερείσαντες.
780 3811 917 3881 Πρὸς
952 3811 1060 3880 γὰρ
1093 3812 1216 3873 τοὺς
1248 3811 1451 3879 ἄκρους
1486 3811 1594 3861 τῶν
1640 3810 1855 3881 ἀνθρώ-

277 3921 394 3968 ποις
424 3902 665 3974 ἐφικτῶν
702 3903 827 3973 περὶ
860 3900 994 3954 Θεοῦ
1023 3902 1237 3970 λόγους,
1279 3904 1378 3973 τῆς
1408 3902 1741 3973 ἀγαθότητός
1791 3903 1852 3954 τέ

276 4014 415 4066 φημι
474 3997 572 4049 καὶ
619 3996 717 4065 τῆς
751 3996 991 4064 ἀγάπης,
1049 3993 1194 4062 μάλα
1222 4011 1285 4061 γε
1318 3994 1539 4056 είκότως
1584 3994 1675 4047 τὸν
1727 3993 1848 4049 νοῦν

273 4088 735 4147 ἀναπετάσαντες·
771 4079 854 4149 οἷς
885 4085 1173 4155 κινηθέντα
1216 4085 1308 4137 τὸν
1339 4085 1491 4148 Θεὸν,
1524 4085 1585 4137 τὸ
1626 4080 1767 4137 εἷναί
1793 4102 1851 4137 τε

273 4176 451 4229 δοῦναι
477 4179 591 4237 τοῖς
616 4173 756 4237 οὖσι,
805 4177 897 4228 καὶ
927 4176 988 4228 τὸ
1032 4171 1091 4229 εὖ
1141 4170 1281 4228 εἶναι
1312 4174 1663 4246 χαρίσασθαι,
1695 4177 1851 4228 ἐπαι-

275 4268 567 4332 δεύθησανθ
601 4267 762 4336 εἴπερ
791 4267 1009 4335 κίνησιν
1044 4267 1134 4318 ἐπὶ
1159 4265 1293 4318 Θεοῦ
1329 4264 1422 4317 τοῦ
1457 4264 1620 4333 μόνου
1656 4265 1848 4334 ἀκινή-

274 4374 366 4410 του
421 4358 583 4427 θέμις
614 4357 810 4421 είπείν,
863 4357 1000 4410 ἀλλὰ
1064 4356 1139 4426 μὴ
1197 4357 1394 4426 μᾶλλον
1440 4355 1714 4427 βούλησιν,
1754 4356 1851 4426 τὴν

277 4450 452 4502 πάντα
492 4447 760 4507 κινοῦσαν
812 4466 890 4511 τε,
930 4450 1025 4501 καὶ
1083 4452 1161 4510 είς
1200 4450 1260 4500 τὸ
1309 4445 1446 4500 εἶναι
1493 4450 1852 4519 παράγουσαν

277 4542 367 4595 καὶ
400 4544 753 4611 συνέχουσαν,
810 4541 1138 4610 κινουμένην
1173 4539 1228 4591 δέ
1277 4538 1525 4608 οὐδαμῶς
1577 4539 1851 4591 οὐδέποτε.

353 4743 464 4788 πα’.
512 4737 574 4787 Ἡ
595 4735 742 4804 ψυχὴ
772 4734 932 4786 οὐσία
961 4732 1123 4801 νοερά
1147 4747 1207 4782 τε
1241 4730 1332 4781 καὶ
1354 4728 1547 4800 λογικὴ
1576 4730 1850 4800 ὑπάρχου-

282 4845 368 4887 σα,
404 4829 499 4880 καὶ
528 4830 639 4879 νοεῖ
666 4827 761 4878 καὶ
797 4825 1095 4891 λογίζεται·
1135 4821 1364 4890 δύναμιν
1403 4824 1499 4892 μὲν
1535 4822 1731 4892 ἔχουσα
1763 4822 1855 4873 τὸν

280 4919 425 4973 νοῦν’
465 4919 678 4987 κίνησιν
710 4917 788 4978 δὲ,
818 4916 916 4985 τὴν
958 4916 1164 4985 νόησινσ
1195 4913 1478 4983 ἐνέργειαν
1522 4913 1599 4977 δὲ,
1634 4915 1693 4966 τὸ
1731 4914 1855 4984 νόη-

285 5030 357 5081 μα
395 5012 493 5081 (η),
533 5010 712 5079 Πέρας
749 5007 859 5076 γὰρ
887 5007 1064 5069 τοῦτο,
1107 5006 1205 5075 τῆς
1236 5023 1296 5057 τε
1337 5005 1431 5057 τοῦ
1482 5005 1727 5068 νοοῦντος
1768 5007 1860 5057 καὶ

281 5100 374 5169 τοῦ
410 5099 700 5167 νοουμένου
731 5095 967 5167 νοήσεῶς
1007 5097 1173 5159 ἐστιν,
1205 5094 1281 5157 ὡς
1317 5096 1720 5165 περιοριστικδν
1758 5094 1859 5164 τῆς

283 5192 418 5261 πρὸς
450 5189 653 5259 ἄλληλα
693 5187 801 5241 τῶν
832 5188 1014 5256 ἄκρων
1056 5184 1301 5253 ὑπάρχον
1344 5184 1603 5254 σχέσεως.
1644 5184 1861 5239 Νοοῦσα

356 5399 437 5467 (n)
484 5402 819 5470 Ἐνέργειαν
856 5401 955 5460 δὲ,
990 5398 1055 5451 τὸ
1099 5400 1314 5470 νρημα.
1353 5396 1514 5451 Varia
1560 5400 1680 5467 ejus
1714 5394 1869 5470 vocis

286 5470 563 5536 acceptio,
601 5466 799 5539 sacpius
846 5470 1077 5524 Maximo
1120 5468 1399 5539 discussa;
1445 5483 1507 5521 ea
1547 5466 1865 5539 occasione.

286 5541 432 5606 quod
462 5557 559 5607 pro
586 5536 701 5610 ipsa
728 5540 1043 5611 Operatione
1067 5540 1154 5593 vel
1180 5537 1462 5611 facultate,
1488 5552 1595 5611 una
1628 5538 1680 5589 in
1711 5536 1869 5611 Chri-_

287 5618 370 5661 sto
401 5606 881 5681 asserebatur,‘his
913 5611 1005 5681 qui
1043 5608 1286 5681 proxime
1318 5606 1869 5681 Eutychianoﬂerrori

287 5679 642 5742 accedebant,
672 5698 778 5750 qua
817 5675 1512 5750 ὰνςνέργητονὴιιιιωειηει-ιη
1555 5678 1610 5750 in
1651 5675 1872 5750 Christo

286 5759 541 5804 naturam
581 5745 876 5820 ponebant,
912 5745 1082 5820 ipsam
1120 5748 1394 5813 tollentes,
1426 5747 1698 5816 siquidem
1734 5745 1873 5798 nihil

2030 3538 2117 3593 80.
2161 3535 2347 3592 Sancti
2386 3551 2577 3589 omnes
2607 3535 2797 3589 divino
2839 3543 3112 3604 certa-que
3142 3534 3391 3589 veritatis
3425 3534 3542 3587 sin-

1956 3644 2083 3683 cere
2130 3646 2196 3682 cx
2243 3630 2428 3682 animo
2476 3642 2732 3680 sermone
2779 3636 3018 3696 arrepto,
3067 3627 3235 3681 hocce
3282 3627 3541 3680 smculum

1955 3722 2332 3784 transierunt,
2372 3720 2510 3772 nulli
2547 3735 2737 3773 eorum
2779 3735 2900 3789 qua:
2936 3718 2993 3772 in
3027 3734 3094 3773 co
3134 3720 3411 3773 oblectant
3450 3718 3544 3771 de-

1960 3811 2064 3865 ﬁxo
2090 3812 2259 3865 animi
2296 3812 2546 3881 vestigio.
2581 3811 2662 3865 Ad
2701 3826 2984 3879 supremas
3010 3811 3156 3865 enim
3185 3811 3250 3863 ad
3278 3825 3414 3878 quas
3444 3825 3543 3878 pro

1957 3903 2195 3957 humana
2223 3904 2358 3957 eniti
2388 3905 2598 3957 ratione
2632 3904 2781 3969 licet,
2812 3904 2879 3959 de
2905 3904 3015 3958 Deo
3043 3905 3282 3958 rationes
3307 3902 3544 3973 (bonita-

1958 3995 2030 4049 tis
2049 3995 2262 4049 scilicet
2284 4010 2349 4049 ac
2371 3994 2702 4065 dilectionis)
2730 4011 2831 4064 per
2851 4012 3014 4065 quam
3040 4005 3165 4065 apte
3189 4011 3252 4049 ac
3274 3995 3543 4049 concinne

1957 4088 2202 4141 animum
2236 4088 2597 4156 explicantes,
2634 4087 2970 4152 didicerunt,
3006 4087 3210 4156 quibus
3248 4087 3393 4141 Deus
3430 4101 3545 4140 mo-

1959 4186 2068 4243 tus,
2102 4179 2268 4232 rebus
2298 4188 2358 4233 ut
2394 4186 2573 4232 essent
2606 4178 2883 4242 tribuerit,
2913 4188 2968 4233 et
3001 4186 3059 4231 ut
3098 4178 3236 4232 bene
3273 4177 3543 4246 beateque

1957 4276 2142 4323 essent
2176 4268 2403 4338 largitus
2444 4268 2545 4331 sit;
2597 4268 2642 4321 si
2685 4268 2850 4322 modo
2887 4269 2939 4321 in
2978 4269 3088 4321 Deo
3124 4276 3306 4322 motus
3352 4283 3542 4321 vocem

1960 4374 2227 4427 usurpare
2282 4358 2430 4423 licet,
2480 4359 2576 4428 qui
2624 4360 2774 4413 solus
2823 4369 2907 4414 est
2953 4360 3251 4414 immobilis
3285 4378 3297 4412 :
3329 4369 3383 4414 et
3433 4377 3542 4414 non

1959 4450 2143 4519 potius
2177 4451 2499 4515 voluntatis,
2527 4468 2648 4521 quae
2677 4454 2860 4506 omnia
2897 4462 3134 4518 moveat,
3165 4454 3326 4523 inque
3359 4469 3543 4507 rerum

1960 4552 2212 4596 naturam
2249 4544 2517 4611 producat
2543 4561 2605 4599 ac
2636 4545 2934 4610 contineat,
2970 4560 3072 4600 nec
3104 4546 3216 4615 ipsa
3250 4554 3428 4599 tamen
3462 4548 3544 4599 ul-

1958 4635 2069 4687 lum
2107 4651 2347 4703 unquam
2377 4645 2584 4690 motum
2615 4637 2882 4690 admittat.

2029 4728 2116 4781 81.
2159 4726 2355 4781 Anima
2397 4729 2736 4798 intelligendi
2770 4744 2831 4782 ac
2866 4728 3097 4782 rationis
3126 4728 3178 4781 vi
3214 4729 3461 4796 prmdita,
3493 4739 3547 4781 et

1965 4818 2312 4889 intelligit‘et
2352 4820 2743 4882 ratiocinatur;
2787 4818 3129 4880 facultatem,
3167 4828 3403 4871 mentem
3447 4819 3545 4871 ha-

1966 4912 2129 4977 bens;
2168 4922 2401 4974 motum,
2440 4912 2866 4966 intellectionem
2894 4928 2907 4976 ;
2939 4912 3217 4979 ἐνέργειαν
3254 4911 3431 4979 (velut
3461 4927 3548 4962 ac.-

1968 5012 2083 5058 tum
2117 5005 2270 5058 dicas
2302 5013 2357 5059 et
2386 5004 2539 5074 quas?
2574 5003 2863 5073 effectum)
2900 5004 3176 5057 notionem
3210 5012 3371 5072 atque
3414 5019 3547 5057 con-

1967 5105 2207 5165 ceptum.
2236 5096 2331 5149 Est
2354 5095 2502 5151 enim
2531 5103 2848 5162 conceptus,
2878 5101 2990 5147 tum
3020 5092 3395 5163 iutelligentis,
3435 5102 3546 5144 tum

1967 5188 2088 5258 eius
2111 5188 2257 5257 quod
2303 5187 2652 5257 intelligitur,
2695 5185 2839 5249 linis,
2879 5193 2939 5239 ut
2971 5185 3127 5255 cujus
3158 5184 3248 5251 sit,
3277 5194 3336 5238 ut
3373 5193 3551 5238 extre—

1970 5395 2024 5448 in
2052 5402 2247 5447 natura
2280 5401 2385 5453 est,
2412 5404 2521 5443 no.1
2556 5386 2788 5441 naturali
2825 5386 3109 5454 prrcditum
3145 5383 3418 5454 facultate.
3452 5378 3549 5431 lf‘e

1970 5468 2280 5533 ἐνέργειαν,
2318 5452 2493 5530 ipsum
2541 5459 2673 5511 dicit
2720 5452 3112 5533 inteiiectrionis
3154 5452 3447 5533 terminum
3488 5464 3547 5501 :c

1970 5524 2232 5596 varium],
2269 5524 2465 5599 in'quo
2503 5544 2657 5582 mens
2692 5543 2802 5579 rem
2844 5524 3547 5599 intueretur.Anastasizriu

1970 5605 2193 5673 exponit
2222 5590 2554 5673 Maximus:
2588 5600 2715 5653 dum
2762 5614 2932 5673 unum
2989 5598 3101 5664 ipse
3152 5590 3549 5673 videtur'vi-tic

1972 5662 2282 5740 ἐνέργειαν,
2334 5687 2433 5740 pro
2478 5669 2713 5740 effectu,
2762 5668 2813 5719 in
2870 5667 2955 5721 his
3000 5662 3121 5735 quae
3163 5679 3229 5718 cx
3282 5662 3553 5715 Vaticanis

1973 5738 2133 5799 codd.
2162 5744 2280 5814 ejus
2308 5738 2616 5811 argumenti
2650 5738 2864 5792 damus.
