4060 6436
530 386 668 450 1383

1698 391 1760 452 S.
1804 391 2092 451 MAXIMI
2133 391 2642 460 CONt’ESSORlS

3634 405 3746 475 i88l

527 515 740 556 morum
809 499 956 553 inter
1018 515 1075 555 se
1131 501 1472 558 habitudinis
1529 504 1973 576 circumscriptio
2020 509 2110 564 sit.

2221 511 2326 582 γὰρ
2356 513 2390 584 ἡ
2415 513 2584 584 ψυχὴ,
2609 515 2826 569 ἵσταται
2855 512 2948 570 τοῦ
2977 520 3116 569 νοεῖν
3137 517 3315 571 ἑκεϊνο
3341 517 3400 570 τδ
3428 519 3605 591 νοηθὲν
3635 533 3748 594 μετὰ

527 592 717 647 Anima
781 590 931 644 enim
971 590 1306 662 intelligens,
1347 593 1687 665 intelligendi
1743 611 1858 650 rem
1902 597 2119 651 intelle-

525 694 697 746 ctam,
749 690 874 753 post
922 684 1043 754 ejus
1073 683 1502 741 intellectionem
1554 686 1716 742 tinem
1767 688 1916 742 facit.
1963 687 2120 755 Quod

527 774 672 829 enim
719 775 889 828 semel
933 775 1156 845 proprie
1196 793 1435 848 vereque
1481 778 1820 833 inteliectum
1861 789 1968 843 est,
2009 797 2119 834 non

528 866 766 936 amplius
793 866 962 920 animi
999 867 1106 921 vim
1139 868 1285 922 excit
1327 869 1395 923 ad
1442 869 1896 939 intelligendum;
1929 871 2120 942 sicque

529 959 618 1012 illa
659 959 711 1011 in
738 974 1071 1029 unoquoque
1091 969 1384 1031 conceptu,
1411 976 1443 1015 a
1475 962 1567 1016 tali
1597 962 1834 1031 quadam
1899 963 2119 1019 intelle—

527 1051 705 1106 ctione
733 1051 786 1105 in
815 1060 1083 1121 conceptu
1112 1051 1190 1106 rei
1223 1053 1512 1109 intellectae
1532 1054 1785 1124 quiescit.

594 1143 683 1196 8:2.
725 1142 1196 1209 Quemadmodum
1241 1145 1550 1215 ignorantia
1579 1155 1830 1201 errantes
1870 1147 2118 1216 proclive

528 1235 746 1299 dividit,
780 1234 861 1290 sic
888 1235 1030 1289 lucis
1064 1235 1327 1304 spiritalis
1353 1235 1668 1306 praesentia,
1698 1251 1795 1290 eos
1829 1237 1922 1305 qui
1987 1235 2119 1290 illu-

535 1333 802 1388 strantur,
835 1324 1078 1392 proclive
1118 1331 1178 1378 et
1214 1322 1334 1394 ipsa
1375 1324 1604 1394 colligit,
1632 1325 1862 1394 unitque
1900 1332 1958 1379 et
1989 1340 2122 1379 eon-

529 1424 768 1471 summat
813 1414 980 1484 630
1019 1423 1183 1485 atque
1234 1415 1553 1482 convertit;
1596 1431 1628 1471 a
1673 1416 1863 1471 multis
1907 1417 2121 1473 scilicet

528 1506 904 1577 apparentiam
939 1505 1294 1571 habentibus,
1327 1505 1396 1560 ad
1437 1505 1490 1560 id
1535 1505 1683 1576 quod
1720 1518 1804 1562 est
1833 1522 1966 1562 vere
1995 1524 2121 1563 con-

531 1606 754 1654 vertens
778 1613 792 1663 ;
821 1597 1112 1668 variasque
1136 1597 1400 1662 visiones,
1430 1597 1547 1652 sive
1574 1596 1659 1668 (ut
1683 1598 1870 1654 verius
1897 1596 2116 1668 loquar)

529 1700 699 1754 animi
756 1701 1103 1757 inl'ormantis
1151 1700 1368 1771 species
1418 1701 1802 1772 cogitationes,
1856 1701 1912 1756 in
1953 1716 2120 1756 unam

529 1809 716 1848 veram
745 1809 1050 1864 puramque
1071 1801 1129 1849 et
1149 1792 1479 1848 uniformem
1509 1793 1774 1866 colligens
1806 1792 2116 1862 scientiam,

529 1899 750 1954 ultaque
781 1894 837 1940 et
863 1885 1089 1941 uniente
1118 1885 1242 1940 luce
1275 1885 1606 1956 adimplens.

599 1976 686 2031 85.
723 1976 871 2032 Idem
905 1985 990 2032 est
1025 1976 1313 2048 pulchrum
1353 1984 1516 2046 atque
1557 1975 1787 2041 bonum,
1834 1989 1961 2031 cum
1995 1974 2121 2048 pul-

531 2068 730 2123 chrum
756 2076 814 2122 et
843 2068 1049 2124 bonum
1074 2067 1226 2122 omni
1252 2069 1470 2123 ratione
1491 2067 1674 2124 omnia
1701 2073 1987 2138 expetant,
2013 2081 2121 2124 nec

531 2160 644 2214 ulla
683 2174 772 2215 res
812 2159 886 2214 sit
923 2158 1141 2229 pulchri
1179 2174 1246 2214 ac
1285 2159 1417 2215 boni
1449 2175 1670 2231 expers.
1700 2159 2119 2217 Cunctis‘enim

529 2251 679 2318 quod
720 2253 1014 2322 pulchrum
1049 2266 1114 2306 ac
1145 2251 1354 2307 bonum
1394 2261 1500 2315 est,
1537 2267 1639 2307 ceu
1673 2268 1805 2308 vere
1835 2251 2116 2307 admiran-

530 2341 687 2406 dum,
729 2342 1102 2412 expetendum
1149 2351 1236 2399 est
1281 2350 1340 2396 et
1383 2343 1621 2398 amabile
1658 2351 1717 2399 et
1762 2341 2024 2414 placitura
2063 2349 2119 2398 et

529 2433 679 2504 quod
739 2434 974 2505 eligatur
1036 2443 1094 2490 et
1157 2433 1566 2490 eharissimum.
1623 2432 1867 2491 Observa
1931 2443 2120 2491 autem

529 2529 996 2600 quemadmodum
1025 2529 1247 2586 divinus
1267 2545 1422 2584 amor
1453 2530 1510 2584 in
1536 2529 1682 2586 bono
1711 2529 2119 2600 praexsistens,

530 2622 737 2678 bonum
773 2624 826 2677 in
857 2624 1019 2679 nobis
1059 2637 1304 2678 amorem
1335 2623 1606 2694 genuerit,
1637 2637 1748 2693 quo
1777 2622 1996 2694 pulchri
2019 2637 2120 2678 seu

529 2714 772 2778 honesti,
818 2715 1060 2785 bonique
1108 2715 1166 2769 in
1209 2715 1374 2770 nobis
1423 2713 1766 2770 desiderium
1809 2722 1916 2779 est,
1964 2714 2120 2786 juxta

527 2819 658 2858 eum
699 2805 795 2875 qui
842 2804 1016 2860 dicit:
1051 2806 1277 2860 Amator
1321 2804 1494 2874 factus
1537 2820 1659 2859 sum
1705 2803 2119 2875 pulchritudinis

2221 601 2319 672 τὴν
2353 601 2519 656 αὐτοῦ
2554 605 2760 672 νόησιν.
2793 606 2866 658 Τὸ
2897 605 3005 676 γὰρ
3028 607 3218 677 νοηθὲν
3241 607 3442 681 κυρίως
3469 608 3620 675 ἅπαξ,
3642 611 3750 667 οῦκ-

2221 692 2303 744 έτι
2335 693 2436 762 τὴν
2481 695 2616 764 πρὸς
2646 695 2708 748 τὸ
2739 696 2997 766 νοηθῆναι
3028 698 3190 752 πάλιν
3217 699 3526 754 ἐκκαλεῖται
3552 701 3641 772 τῆς
3670 703 3754 773 ψυο

2221 785 2321 855 χῆς
2347 784 2596 853 δύναμινο
2632 785 2727 839 καὶ
2767 786 2890 840 καθ’
2917 787 3149 840 ἑκαστον
3195 788 3372 860 νόημα
3416 787 3552 842 οὕτω
3593 793 3754 846 στάσιν

2219 879 2433 950 δέχεται
2483 881 2582 951 τῆς
2632 884 2792 947 ποιᾶς
2836 883 2930 936 ἑπὶ
2959 882 3039 954 τῷ
3085 884 3318 954 νοήματι
3366 882 3460 938 τοῦ
3507 887 3757 952 νοηθέντος

2220 973 2481 1042 νοήσεως.

2291 1149 2401 1221 πβ’.
2439 1151 2650 1223 Ὥσπερ
2675 1155 2708 1224 ἡ
2738 1153 2930 1221 ἄγνοια
2958 1154 3261 1228 διαιρετικὴ
3295 1156 3404 1210 τῶν
3444 1158 3761 1231 πεπλανημέ-

2219 1261 2325 1298 νων
2352 1244 2521 1310 ἑστὶν,
2551 1244 2727 1310 οὕτως
2748 1248 2780 1316 ἡ
2805 1250 2900 1302 τοῦ
2937 1248 3130 1319 νοητοῦ
3159 1250 3334 1317 φωτὸς
3361 1251 3626 1321 παρουσία
3661 1271 3764 1306 συν-

2219 1338 2436 1406 αγωγὸς
2465 1339 2561 1392 καὶ
2611 1340 2843 1412 ἑνωτικὴ
2877 1341 3005 1402 τῶν⁴
3028 1342 3414 1412 φωτιζομένων
3441 1342 3556 1396 ἑστι
3586 1345 3674 1399 καὶ
3691 1361 3759 1399 τεο

2218 1428 2481 1500 λειωτικὴ
2529 1430 2625 1485 καὶ
2651 1432 3075 1504 ἑπιστρεπτικήο
3110 1433 3246 1503 πρὸς
3273 1433 3334 1487 τὸ
3371 1433 3539 1498 ὅντως
3563 1433 3639 1499 ὃν,
3675 1436 3767 1489 ἀπὸ

2218 1520 2328 1574 τῶν
2360 1521 2576 1574 πολλῶν
2598 1522 2952 1594 δοξασμάτων
2971 1525 3394 1596 ἐπιστρέφουσα,
3427 1527 3521 1580 καὶ
3546 1527 3640 1591 τὰς
3666 1544 3768 1580 ποι-

2219 1612 2376 1677 κίλας
2431 1613 2672 1684 δψεις,ἢ
2717 1613 3050 1686 κυριώτερον
3103 1619 3314 1682 εἰπεῖν,
3357 1620 3667 1688 φαντασίας,
3704 1623 3769 1685 είς

2221 1705 2352 1774 μίαν
2397 1703 2575 1776 ἀληθῆ
2625 1705 2721 1759 και⁵
2765 1705 3015 1778 καθαρὰν
3063 1708 3160 1760 καὶ
3193 1711 3442 1780 μονοειδῆ
3490 1711 3768 1781 συνάγουσα

2217 1795 2443 1868 γνῶσιν
2472 1797 2568 1853 καὶ
2609 1797 2729 1864 ἑνὸς
2782 1797 2878 1854 καὶ
2921 1799 3184 1855 ἑνωτικοῦ
3232 1806 3413 1870 φωτὸς
3444 1803 3769 1874 ἑμπιπλῶσα.

2296 1973 2412 2043 πγ’.
2459 1975 2478 1994 ⁹
2513 1971 2725 2028 ταυτόν
2763 1974 2913 2027 ἑστιν
2937 1970 3015 2044 τῷ
3048 1971 3238 2045 ἀγαθῷ
3273 1971 3336 2029 ct
3371 1974 3559 2038 καλὸν,
3591 1973 3670 2030 ὅτι
3694 1971 3774 2030 τοῦ

2219 2065 2388 2122 καλοῦ
2415 2067 2513 2139 κ-αἱ
2533 2060 2742 2134 ἀγαθοῦ
2772 2063 2912 2119 κατά
2943 2063 3126 2120 πᾶσαν
3153 2065 3333 2120 αἰτίαν
3361 2065 3544 2120 πάντα
3561 2064 3772 2134 ἐφίεται,

2219 2157 2316 2212 καὶ
2346 2158 2445 2211 οὐκ
2477 2157 2596 2210 ἔστι
2625 2173 2680 2210 τι
2709 2157 2817 2210 τῶν
2843 2155 3033 2222 ὄντων,
3073 2156 3104 2210 ὃ
3143 2156 3218 2228 μὴ
3260 2157 3481 2228 μετέχει
3506 2156 3599 2210 τοῦ
3629 2155 3776 2211 καλοῦ

2219 2249 2316 2303 καὶ
2355 2247 2585 2316 ἀγαθοῦ.
2621 2246 2764 2302 IIth
2787 2246 2898 2318 γάρ
2919 2248 3036 2300 ἑστι
3057 2248 3117 2300 τὸ
3144 2245 3309 2302 καλὸν
3337 2246 3431 2301 καὶ
3463 2245 3684 2316 ἀγαθὸν,
3713 2246 3779 2310 ὡς

2219 2338 2392 2402 δντως
2423 2336 2686 2407 ἀγαστὸν,
2722 2338 2915 2408 ἐφετὸν
2943 2340 3036 2393 καὶ
3069 2337 3299 2410 ἑραστδν
3324 2338 3421 2392 καὶ
3450 2339 3679 2410 ἀρεστὸν
3699 2339 3780 2392 καὶ

2218 2431 2438 2506 αἱρετὸν
2479 2432 2574 2486 καὶ
2625 2431 2934 2502 ἀγαπητόν.
2983 2427 3300 2503 Σημείωσαι
3345 2431 3403 2486 δὲ
3444 2432 3568 2496 πῶς
3599 2433 3628 2485 ό
3658 2432 3781 2495 θεῖος

2220 2524 2362 2598 ἑρως
2409 2523 2469 2578 ἑν
2495 2522 2576 2594 τῷ
2611 2521 2801 2594 ἀγαθῷ
2835 2524 3228 2595 προῦπάρχων,
3271 2521 3424 2577 ἑτεκε
3455 2521 3550 2576 τὸν
3581 2523 3638 2576 ἑν
3666 2523 3782 2593 ἡμῖν

2220 2615 2426 2685 ἀγαθὸν
2459 2614 2638 2684 ἔρωτα
2659 2652 2674 2678 ,
2725 2612 2793 2668 δι’
2840 2608 2902 2666 οῦ
2952 2611 3048 2666 τοῦ
3097 2612 3268 2666 καλοῦ
3313 2613 3407 2667 καὶ
3452 2613 3660 2682 ἀγαθοῦ
3701 2613 3785 2681 ἑφ-

2223 2706 2439 2778 ιέμεθα,
2471 2705 2614 2759 κατά
2651 2705 2756 2759 τδνν
2786 2703 3347 2775 είπόντα,Ἐραστὴς
3375 2705 3671 2774 ἐγενόμην
3690 2701 3786 2758 τοῦ

2221 2799 2493 2864 κάλλους
2522 2796 2737 2866 αὐτῆς.
2775 2797 2906 2859 Kal,
2951 2795 3268 2865 Ἐράσθητι
3298 2796 3530 2865 αὐτῆς,
3575 2797 3672 2850 καὶ
3697 2812 3787 2864 τη-

527 2893 676 2951 illius
697 2895 762 2949 ⁷⁸.
800 2894 868 2950 Et
895 2913 909 2950 :
945 2895 1083 2950 Ama
1112 2894 1290 2961 illam,
1318 2902 1370 2950 et
1397 2896 1632 2952 servabit
1662 2905 1747 2962 te;
1774 2893 2119 2951 circumimus

2221 2891 2399 2962 ρήσει
2423 2904 2520 2946 σε’
2549 2887 3047 2959 περιχαράκωσον
3071 2887 3288 2958 αὐτὴν,
3315 2889 3411 2942 καὶ
3436 2888 3675 2958 ὑψώσει
3701 2900 3788 2944 σε.

439 3026 452 3036 .
529 2987 705 3052 illam,
733 2997 781 3041 et
818 2986 1074 3042 exaltabit
1103 2995 1153 3040 te
1176 2987 1244 3042 ".

601 3077 691 3132 84.
726 3075 1013 3147 Theologi,
1049 3077 1225 3131 Deum
1257 3075 1590 3146 quandoque
1621 3090 1864 3131 amorem
1899 3084 2118 3142 vocant,

2299 3066 2404 3120 πδ’.
2433 3066 2510 3120 Τὸ
2542 3066 2698 3120 Θεῖον
2743 3066 2794 3118 οἱ
2833 3063 3096 3133 θεολόγοι,
3133 3064 3258 3118 ποτὲ
3293 3063 3394 3134 μὲν
3441 3063 3646 3136 ἔρωτα,
3673 3061 3792 3116 ποτὶ

529 3164 866 3237 quandoque
892 3164 1222 3221 cbaritatem
1249 3180 1346 3220 seu
1373 3164 1763 3231 dilectionem;
1786 3165 2119 3236 quandoque

2223 3158 2281 3212 δὲ
2313 3159 2562 3230 ἀγάπην,
2593 3158 2725 3212 ποτὲ
2757 3157 2815 3212 δὲ
2845 3155 3075 3228 ἑιραστὺν
3099 3156 3191 3211 καὶ
3211 3155 3503 3228 ἀγαπητὸν
3526 3155 3790 3211 καλοῦσιν.

530 3255 824 3310 amabilem
881 3255 1301 3325 dilectumque,
1365 3269 1462 3309 seu
1515 3252 1922 3309 eharissimum.
1981 3254 2124 3312 Hinc

530 3341 790 3415 proinde,
820 3357 887 3398 ea
925 3343 1151 3414 quidem
1190 3344 1407 3399 ratione
1448 3360 1558 3414 qua
1597 3359 1752 3398 amor
1787 3355 1848 3399 et
1881 3345 2124 3403 cbaritas

529 3441 615 3488 est
666 3447 762 3489 seu
815 3433 1062 3500 dilectio,
1117 3444 1396 3500 movetur;
1439 3449 1549 3505 qua
1595 3449 1728 3490 vero
1767 3435 2023 3491 amabilis
2065 3445 2125 3492 et

529 3525 769 3580 dilectus
799 3541 896 3580 seu
929 3525 1308 3593 charissimus,
1331 3529 1518 3584 omnia
1539 3528 1608 3584 ad
1641 3544 1700 3585 se
1725 3527 1894 3584 trahit
1918 3527 2123 3584 alueris

528 3629 597 3671 ac
627 3615 915 3670 charitatis
953 3631 1052 3672 seu
1093 3616 1407 3674 dilectionis
1439 3619 1680 3689 capacia.
1713 3620 1802 3684 Et,
1835 3628 1898 3674 ut
1928 3635 2123 3677 rursus

528 3707 736 3762 clarius
759 3707 960 3775 dicam,
987 3718 1243 3765 movetur
1263 3710 1510 3782 quidem,
1537 3727 1600 3767 ea
1635 3711 1870 3777 ratione,
1895 3728 2005 3783 qua
2032 3713 2120 3767 in-

531 3804 754 3853 ternum
797 3799 982 3855 animo
1013 3801 1222 3857 amoris
1249 3811 1306 3856 et
1331 3802 1620 3858 charitatis
1661 3817 1762 3858 seu
1807 3803 2123 3861 dilectionis

531 3887 796 3944 allectum
840 3890 927 3946 his
979 3891 1287 3963 ingenerat,
1334 3893 1429 3964 qui
1482 3893 1634 3949 illius
1675 3910 1906 3966 capaces
1955 3903 2119 3962 sunt;

531 3987 718 4034 movet
744 3995 878 4035 vero
913 3996 980 4037 ea
1009 3981 1246 4047 ratione,
1273 3999 1382 4053 qua
1426 3983 1536 4039 vim
1578 3985 1746 4041 habet
1783 3995 1980 4041 natura
2013 3993 2125 4040 tra-

2224 3252 2408 3314 ὍΟεν,
2441 3251 2516 3314 ὡς
2540 3250 2640 3321 μὲν
2659 3251 2794 3321 ἔρως
2814 3249 3057 3320 ὑπάρχον
3075 3247 3170 3302 καὶ
3201 3248 3410 3319 ἀγάπη,
3447 3252 3696 3303 κινεῖται·
3726 3247 3793 3312 ὡς

2218 3343 2280 3404 δὲ
2320 3342 2552 3413 ἑραστδν
2592 3343 2688 3396 καὶ
2716 3342 3028 3411 ἀγαπητὸν,
3065 3343 3206 3394 κινεῖ
3250 3340 3388 3412 πρὸς
3433 3341 3603 3396 ἑαυτὸ
3630 3340 3796 3393 πάντα

2216 3435 2286 3490 τὰ
2319 3435 2520 3507 ἔρωτος
2552 3436 2648 3488 καὶ
2681 3434 2902 3507 ἀγάπης
2933 3435 3178 3490 δεκτικά.
3211 3435 3319 3488 Καὶ
3347 3432 3680 3504 τρανότερον
3705 3423 3795 3494 αὖε

2219 3526 2302 3592 θις
2350 3527 2537 3596 φάναι,
2570 3527 2800 3582 κινεῖται
2835 3526 2932 3597 μὲν
2981 3526 3058 3591 ὡς
3091 3525 3277 3596 σχέσιν
3322 3525 3596 3595 ἐμποιοῦν
3641 3521 3796 3577 ἐνδιά-

2225 3617 2381 3673 θετον
2418 3617 2622 3688 ἔρωτος
2657 3618 2758 3672 καὶ
2809 3618 3032 3688 ἀγάπης
3080 3621 3194 3681 τοῖς
3239 3615 3450 3670 τούτων
3503 3614 3796 3675 δεκτικοῖς·

2226 3714 2368 3765 κινεῖ
2395 3710 2472 3774 δὲ,
2499 3709 2573 3774 ὼς
2609 3709 2858 3764 ἑλκτικὸν
2883 3709 3068 3778 φύσει,
3093 3712 3192 3781 τῆς
3223 3708 3331 3774 τῶν
3354 3708 3442 3762 ἐπ’
3471 3708 3608 3762 αὺτδ
3630 3722 3800 3760 κινου-

2229 3803 2407 3874 μένων
2458 3802 2718 3871 ἐφέσεως.
2765 3803 2876 3857 Καὶ
2918 3802 3083 3856 πάλιν
3115 3803 3257 3856 κινεῖ
3297 3802 3392 3854 καὶ
3441 3802 3698 3864 κινεῖται,
3730 3797 3798 3861 ὡς

2225 3893 2392 3963 διψῶν
2423 3892 2483 3946 τὸ
2516 3891 2795 3963 διψᾶσθαι,
2833 3893 2927 3946 καὶ
2969 3893 3112 3963 ἑρῶν
3155 3892 3216 3946 τὸ
3251 3891 3508 3964 ἐρᾶσθαι,
3547 3888 3649 3944 καὶ
3672 3891 3798 3956 ἀγα⁴

2230 3983 2348 4037 πῶν
2390 3980 2450 4035 τὸ
2481 3981 2818 4050 ἀγαπᾶσθαι.

530 4073 701 4129 bendi
744 4089 938 4130 eorum
973 4077 1302 4148 appetitum,
1339 4077 1432 4148 qui
1476 4078 1544 4135 ad
1589 4080 1768 4150 ipsum
1801 4088 2114 4137 moventur.
2153 4078 2231 4135 Ac
2257 4093 2450 4133 rursus
2481 4086 2665 4133 movet
2718 4085 2884 4146 atque
2948 4082 3222 4139 movetur,
3256 4075 3432 4146 utqui
3459 4075 3622 4133 sitiat
3644 4067 3798 4136 sitiri,

526 4174 682 4220 amet
713 4167 908 4236 amari,
938 4183 1004 4222 ac
1029 4168 1223 4240 diligat
1249 4170 1428 4241 diligi.

601 4257 692 4311 85.
730 4257 875 4324 Quin
904 4266 962 4314 et
993 4259 1216 4316 divinus
1249 4277 1405 4316 amor
1433 4261 1733 4317 exstaticus
1768 4271 1854 4317 cst
1877 4303 1891 4326 ,
1926 4273 1986 4318 ut
2021 4262 2119 4333 qui

2297 4266 2402 4317 πε’.
2437 4261 2592 4314 Ἔστι
2628 4261 2686 4314 δὲ
2734 4261 2828 4313 καὶ
2877 4259 3203 4324 ἑκστατικδς
3255 4259 3284 4311 ὁ
3318 4257 3463 4322 θεῖος
3515 4256 3684 4330 ἔρως,
3711 4255 3801 4310 οὐκ

527 4356 810 4403 amatores
840 4363 952 4404 non
987 4351 1075 4404 sui
1117 4350 1362 4420 ipsorum
1405 4367 1527 4407 esse
1569 4352 1736 4416 sinat,
1780 4353 1878 4408 sed
1923 4369 2117 4409 eorum

2223 4351 2328 4405 ἑῶν
2349 4352 2558 4406 ἑαυτῶν
2579 4347 2718 4406 εἶναι
2746 4351 2873 4416 τοὺς
2901 4351 3161 4422 ἐραστὰς,
3191 4349 3328 4406 ἀλλά
3351 4347 3461 4402 τῶν
3491 4347 3798 4421 ἐρωμένων.

527 4437 626 4507 qui
685 4438 862 4493 amori
910 4439 1208 4496 habentur.
1260 4441 1430 4512 quue
1479 4442 1779 4508 declarant,
1833 4444 2119 4515 superiora

2224 4445 2336 4498 Καὶ
2366 4443 2586 4514 δηλοῦσι
2632 4446 2705 4498 τὰ
2757 4444 2858 4516 μὲν
2905 4444 3216 4516 ὑπέρτερα,
3253 4444 3352 4511 τῆς
3409 4441 3678 4513 προνοίας
3705 4437 3802 4491 τῶν

529 4529 779 4600 quidem,
797 4529 928 4585 dum
948 4531 1272 4587 inferiorum
1291 4533 1449 4597 ﬁunt,
1463 4550 1657 4589 eorum
1676 4551 1822 4592 cura:
1841 4537 2118 4607 impensa:

2224 4535 2547 4590 καταδεεστέ
2556 4553 2666 4606 ρων
2691 4535 2974 4606 γινόμεναο
3000 4536 3095 4590 καὶ
3117 4533 3187 4590 τὰ
3217 4534 3542 4604 ὁμόστοιχα,
3579 4531 3682 4601 τῆς
3718 4529 3802 4584 ἀ).-

533 4634 623 4673 res
646 4635 777 4673 vero
796 4619 1043 4690 ejusdem
1073 4623 1317 4692 generis,
1349 4632 1544 4679 mutua
1570 4625 1901 4682 cohaerentia
1925 4644 1940 4692 ;
1971 4627 2112 4683 infe-

2221 4625 2401 4694 λήλων
2432 4625 2684 4695 συνοχῆςο
2717 4626 2812 4680 καὶ
2839 4626 2908 4680 τὰ
2937 4624 3224 4696 ὑφειμένα,
3262 4626 3358 4693 τῆς
3389 4622 3531 4694 πρὸς
3559 4622 3632 4676 τά
3661 4619 3801 4690 πρῶ·

513 4709 676 4766 ’τίοι-ιι
727 4709 990 4781 denique,
1039 4711 1311 4769 diviniore
1357 4718 1720 4773 conversione
1767 4719 1837 4774 ad
1877 4735 1940 4774 ea
1993 4735 2118 4788 quae

531 4809 662 4854 sunt
702 4801 902 4869 prima.
945 4801 1153 4859 Idcirco
1197 4805 1365 4860 etiam
1413 4822 1641 4877 magnus
1681 4808 1884 4864 Paulus
1928 4809 2118 4866 divino

531 4899 725 4960 captus
780 4907 990 4960 amore,
1039 4894 1232 4964 visque
1278 4896 1423 4952 illius
1471 4913 1592 4968 quae
1643 4913 1927 4954 excessum
1965 4901 2114 4968 facit,

532 4981 812 5051 particeps
853 4982 1130 5038 effectus:
1181 4985 1302 5040 Vivo
1353 5004 1466 5058 ego,
1519 4989 1704 5044 aiebat
1745 4989 1932 5045 divino
1977 5007 2114 5058 ore;

522 5075 646 5144 jam
672 5091 776 5128 non
809 5090 937 5146 ego;
968 5077 1087 5130 vivit
1118 5093 1238 5130 vero
1277 5080 1331 5131 in
1372 5095 1452 5132 me
1489 5079 1724 5134 Christus
1745 5082 1822 5147 7‘;
1857 5089 2116 5153 tanquam

533 5163 748 5218 scilicet
792 5180 960 5220 verus
1004 5176 1236 5233 amator,
1269 5177 1326 5223 et
1365 5171 1460 5239 qui
1493 5170 1599 5224 Deo
1625 5174 1922 5228 excessisset
1948 5177 2018 5240 ⁷⁷,
2057 5186 2121 5231 ut

535 5251 680 5308 idem
713 5254 830 5324 ipse
861 5255 1141 5326 loquitur;
1184 5275 1288 5315 nec
1322 5262 1432 5331 jam
1468 5279 1621 5318 suam
1653 5264 1789 5334 ipse,
1816 5265 1910 5320 sed
1952 5269 2120 5321 amati

533 5341 747 5400 viveret
771 5346 965 5412 vitam;
998 5363 1099 5404 ceu
1125 5349 1285 5421 longe
1313 5351 1714 5408 charissimam.

602 5432 690 5488 86.
727 5434 786 5490 Id
823 5452 1044 5508 quoque
1079 5438 1134 5493 in
1170 5441 1401 5511 gratiam
1432 5444 1684 5500 veritatis
1717 5443 1976 5501 ﬁdentius
2033 5448 2121 5503 di-

2223 4735 2289 4770 τα
2319 4716 2599 4788 θειοτέρας
2629 4719 2984 4790 ἐπιστροφῆς.
3019 4717 3110 4771 Διὸ
3157 4717 3252 4771 καὶ
3294 4714 3513 4779 Παῦλος
3561 4716 3591 4769 ό
3639 4713 3802 4784 μέγας

2223 4811 2282 4863 ἑν
2301 4813 2506 4880 κατοχῇ
2538 4809 2631 4864 τοῦ
2664 4809 2811 4864 θείου
2844 4810 3082 4880 γεγονὼς
3117 4809 3341 4880 ἔρωτος,
3369 4808 3591 4877 καὶτῆς
3619 4807 3802 4861 ἑκατα-

2223 4901 2384 4970 τικῆς
2419 4900 2586 4956 αὐτοῦ
2629 4901 2914 4971 δυνάμεως
2945 4900 3309 4972 μετειληφὼς,
3343 4899 3515 4970 ἑνθέῳ
3555 4899 3797 4968 στόματι,

2224 4989 2317 5044 Ζῶ
2343 4991 2478 5061 ἐγὼ,
2511 4992 2699 5063 φησιν,
2721 4993 2948 5056 οὐκέτι,
2970 4990 3039 5062 ζῆ
3069 4993 3137 5047 δὲ
3151 4995 3222 5048 ἐν
3246 4993 3376 5063 ἐμοὶ
3405 4992 3672 5060 Χριστός
3692 5005 3706 5019 ’
3734 4987 3802 5048 ὡς

2225 5079 2433 5151 ἀληθὴς
2466 5081 2706 5152 ἐραστὴς
2756 5084 2849 5135 καὶ
2878 5081 3246 5149 ἐξεστηκὼς,
3297 5081 3374 5143 ὡς
3423 5080 3593 5142 αὑτός
3626 5084 3798 5147 εφησιν

2223 5169 2305 5235 τῷ
2331 5171 2477 5236 Θεῷ,
2511 5173 2604 5224 καὶ
2641 5173 2699 5224 οὑ
2727 5173 2823 5240 τὴν
2858 5172 3052 5226 ἑαυτοῦ
3083 5173 3212 5237 ζῶν,
3243 5173 3378 5226 ἀλλά
3419 5169 3524 5242 τὴν
3563 5169 3659 5224 τοῦ
3685 5169 3803 5238 ipa-

2225 5261 2348 5314 στοῦ
2377 5262 2544 5333 ζωὴν.
2577 5263 2651 5326 ὡς
2689 5263 2894 5334 σφόδρα
2941 5264 3254 5337 ἀγαπητήν.

2297 5457 2394 5518 πς¹
2413 5495 2428 5509 .
2448 5451 2762 5525 Τολμητέον
2801 5455 2896 5507 καὶ
2926 5453 3086 5510 τοῦτο
3127 5454 3268 5528 ὑπὲρ
3297 5453 3560 5526 ἀληθείας
3608 5449 3794 5506 είπστν·

606 5569 654 5600 ’⁸
683 5569 810 5640 Sap.
841 5589 953 5638 vm,
983 5576 1035 5628 2.
1114 5577 1159 5606 ⁷⁵
1189 5577 1351 5633 Prov.
1385 5596 1460 5645 tv,
1493 5580 1546 5636 6.
1621 5582 1665 5612 "
1694 5581 1869 5646 Galat.
1901 5598 1958 5648 ll,
1983 5583 2073 5638 20.

2221 5586 2260 5642 ll
2286 5586 2415 5642 Cor.
2439 5604 2492 5656 ν,
2527 5589 2608 5645 l5.

606 5702 788 5784 :93}:
820 5707 1112 5784 §_De__div.
1159 5729 1324 5780 nam,
1372 5715 1399 5784 §
1440 5716 1504 5770 lO
1548 5725 1604 5771 et
1651 5718 1716 5774 14
1759 5718 1827 5774 ad
1855 5735 2008 5777 num.
2047 5721 2116 5777 84
2149 5724 2308 5780 infra.

602 5771 626 5794 ’
651 5770 792 5828 Ibid.
827 5773 915 5840 85,
967 5777 1050 5830 l5.
