4060 6406
510 354 540 402 αἱ]
556 345 654 406 337

1689 341 1748 398 S.
1797 341 2084 402 ΜΑΧΙΜΙ
2123 341 2636 407 CONFESSOR‘IS

3655 361 3783 432 T1338

511 456 647 523 Quae
674 471 823 512 enim
862 470 986 510 cum
1017 455 1128 509 Deo
1149 453 1315 525 632
1345 452 1634 508 ebaritatis
1667 453 1798 507 unio
1828 463 1934 516 est,
1966 455 2113 508 omni

2227 473 2333 548 σιν.
2379 459 2441 511 Ἡ
2498 461 2605 528 γὰρ
2657 461 2795 534 πρὸς
2849 464 2983 520 Θεὸν
3015 467 3341 542 ἁγαπητικὴ
3379 468 3592 536 ἓνωσις,
3626 477 3785 548 πάσης

511 550 851 606 eminentior
879 549 1084 604 unione
1115 562 1176 602 ac
1205 546 1463 616 Superior
1491 554 1595 601 est.

579 638 668 699 90.
703 643 985 705 Amorem,
1021 641 1137 696 sive
1169 639 1418 694 divinum
1455 639 1706 694 dicamus
1758 639 1872 694 sive
1911 639 2115 710 angeli-

510 751 659 801 cum,
697 735 815 791 sive
861 735 1225 804 intelligentis
1269 733 1438 787 animi
1490 732 1606 788 sive
1649 732 1965 799 sentientis,
2003 733 2120 788 sive

509 830 843 895 naturalem,
872 829 983 883 vim
1022 827 1317 898 quamdam
1354 827 1638 881 unicntem
1678 832 1734 880 et
1771 826 1926 895 quasi
1963 841 2119 882 com-

509 926 834 982 miscentem
885 925 1289 995 intelligamus;
1339 937 1462 993 qua:
1510 921 1774 976 nimirum
1827 923 2118 993 superiora

506 1018 576 1072 ad
609 1017 937 1072 inferiorum
967 1032 1157 1072 curam
1184 1023 1430 1081 moveat;
1464 1029 1791 1084 rursusque,
1819 1030 1943 1084 quae
1971 1016 2119 1086 ejus-

508 1109 634 1163 dem
669 1108 888 1164 ordinis
920 1119 1071 1172 sunt,
1106 1107 1176 1162 ad
1211 1106 1497 1162 societatis
1527 1116 1774 1160 mutuam
1810 1106 2118 1162 connexio-

507 1218 634 1257 nem
666 1209 861 1273 cogat;
893 1216 959 1256 ac
994 1212 1277 1270 postremo
1310 1197 1597 1264 inferiora,
1626 1197 1695 1252 ad
1729 1197 2120 1268 praestantiora

505 1293 988 1362 cminentioraque
1019 1297 1330 1346 convertat.

577 1388 667 1443 9|.
705 1385 846 1441 Cum
878 1400 943 1440 ea
967 1385 1042 1439 sit
1069 1382 1497 1454 eognitionisac
1523 1382 1775 1438 scientia:
1800 1381 1908 1447 vis,
1939 1391 2000 1437 ut
2026 1397 2120 1438 eo-

503 1478 860 1550 gnoseentia,
909 1492 1038 1533 cum
1086 1476 1156 1532 iis
1195 1491 1323 1545 quae
1367 1483 1498 1530 sunt
1549 1475 1802 1546 cognita,
1857 1476 2116 1546 copulet;

503 1569 821 1641 ignorantia
850 1578 1040 1624 autem
1079 1583 1301 1638 semper
1337 1567 1686 1634 mutationis,
1722 1575 1890 1638 atque
1921 1569 1991 1625 ab
2025 1583 2115 1635 eo,

502 1665 556 1720 ei
587 1664 683 1736 qui
722 1665 960 1736 ignorat,
999 1662 1297 1717 divisionis
1338 1677 1541 1733 parens
1568 1662 1830 1729 exsistat;
1857 1679 1985 1718 eum
2019 1661 2114 1732 qui

505 1755 807 1825 verejuxta
839 1769 1049 1808 sacram
1081 1752 1428 1823 Scripturam
1461 1752 1724 1817 credidit,
1756 1753 1892 1807 nihil
1924 1769 1956 1808 a
1986 1753 2115 1809 ﬁdei

505 1847 766 1902 ﬁrmitate
788 1861 854 1901 ac
878 1845 1187 1901 constantia
1215 1844 1524 1900 dimovebit
1549 1862 1561 1898 :
1588 1845 1643 1900 in
1667 1861 1777 1914 qua
1804 1845 2109 1904 immobilis
2142 1833 2184 1890 Β

503 1954 570 1994 ac
613 1936 980 1993 immutabilis
1022 1944 1301 2009 perstans,
1346 1936 1656 1992 identitatis
1704 1939 2112 2007 perennitatem

504 2031 753 2088 habebit.
811 2030 992 2087 Probo
1030 2029 1181 2085 enim
1229 2029 1388 2085 novit
1429 2029 1528 2100 qui
1572 2029 1799 2086 veritati
1839 2030 2108 2097 adhaeret,

503 2133 658 2181 recte
681 2139 740 2182 se
771 2123 1002 2189 habere,
1025 2124 1130 2189 etsi
1156 2123 1356 2194 vulgus
1383 2123 1539 2178 velut
1561 2130 1744 2178 emota
1771 2132 1958 2179 mente
1979 2138 2110 2180 eum

501 2217 778 2287 increpet,
810 2233 876 2272 ac
901 2216 995 2287 qui
1031 2215 1352 2272 excesserit.
1387 2215 1531 2272 Sane
1561 2215 1786 2285 quidem
1819 2230 1919 2272 eos
1952 2215 2109 2282 latet,

501 2311 570 2366 ab
595 2325 811 2375 errore,
846 2309 915 2364 ad
937 2309 1065 2380 ejus
1092 2323 1217 2379 quae
1243 2323 1375 2366 vere
1409 2312 1514 2374 est,
1549 2307 1675 2366 ﬁdei
1704 2308 1996 2364 veritatem
2023 2309 2110 2380 ip-

501 2417 629 2457 sum
654 2400 1061 2468 excessisse“;
1093 2401 1360 2471 novitque
1387 2400 1502 2464 ille,
1537 2417 1650 2456 non
1677 2401 1826 2471 quod
1858 2401 1896 2456 ii
1927 2402 2107 2468 aiunt,

501 2511 563 2554 se
586 2495 800 2552 insania
813 2495 1044 2552 ferriac
1065 2494 1276 2562 furere,
1301 2494 1397 2550 sed
1419 2509 1518 2565 per
1535 2494 1874 2565 simplicem,
1891 2495 2110 2551 eodem-

500 2601 610 2658 que
648 2587 814 2642 modo
836 2586 1161 2643 secundum
1203 2585 1398 2641 eadem
1441 2600 1500 2640 se
1543 2600 1765 2656 semper
1807 2586 2109 2648 habentem

503 2679 813 2745 veritatem,
861 2678 930 2734 ab
964 2678 1302 2735 ineonstanti
1333 2695 1399 2735 ac
1427 2679 1681 2735 mutabili
1725 2678 1878 2734 circa
1923 2679 2108 2734 omni-

500 2770 723 2828 modam
768 2771 982 2828 erroris
1023 2770 1372 2835 varietatem,
1407 2770 1730 2842 agitatione,
1769 2771 2107 2827 nactumli—

500 2864 780 2923 her-tatem
813 2880 962 2922 esse.

567 2959 659 3015 92.
713 2959 903 3014 Sancti
952 2959 1235 3024 bonitate,
1287 2957 1663 3024 humanitate,
1713 2956 2104 3024 miseratione,

491 3052 798 3109 clementia
847 3052 1070 3124 egregie
1118 3051 1427 3119 fulserunt;
1478 3051 1721 3122 indeque
1770 3051 1938 3108 unico
1975 3069 2107 3124 erga

2225 547 2486 620 ἐξῄρηται
2521 553 2617 606 καὶ
2647 553 2973 627 ὑπέρκειται
3008 557 3279 624 ὲνὼσεως.

2296 646 2368 710 ιιι.
2405 647 2420 664 ⁸
2454 645 2558 700 Τὸν
2610 646 2798 718 ἔρωτα
2841 651 2952 702 εἴτε
3008 651 3152 706 θεῖον
3200 655 3313 708 εἴτε
3361 655 3664 725 ἀγγελικὸν,
3692 663 3788 716 εἴτε

2222 736 2409 808 νοερὸν
2446 739 2558 792 εἴτε
2607 739 2861 812 ψυχικὸν,
2898 744 3009 798 εἴτε
3049 747 3282 814 φυσικὸν
3315 750 3584 822 εἴποιμεν,
3619 755 3790 809 ἑνωτι-

2222 832 2327 902 κήν
2361 849 2482 886 τινα
2518 835 2612 886 καὶ
2646 839 3023 908 συγκρατικὴν
3058 841 3406 913 ἐννοήσωμεν
3453 843 3694 916 δύναμινο
3726 850 3793 903 τὰ

2225 919 2325 988 μὲν
2354 921 2635 995 ὑπέρτερα
2669 927 2931 982 κινοῦσαν
2985 931 3081 983 ἐπὶ
3127 936 3388 1002 πρόνοιαν
3433 935 3542 988 τῶν
3587 939 3794 992 καταδε-

2219 1013 2495 1087 εστέρων·
2549 1019 2619 1084 τά
2672 1020 2728 1073 δὲ
2785 1022 3081 1093 ὀμόστοιχα
3127 1026 3323 1094 πάλιν,
3362 1028 3442 1090 εἰς
3491 1032 3793 1103 κοινωνικὴν

2219 1111 2606 1184 ἀλληλουχίαν
2663 1117 2758 1170 καὶ
2804 1119 2894 1172 ἐπ’
2925 1120 3196 1191 ἐσχάτων,
3246 1121 3315 1175 τά
3361 1123 3629 1193 ὑφειμένα
3678 1127 3794 1196 πρὸς

2217 1204 2319 1276 τὴν
2353 1205 2464 1259 τῶν
2495 1210 2826 1278 κρειττόνων
2858 1211 2954 1266 καὶ
2986 1213 3409 1285 ὑπερκειμένων
3452 1217 3791 1290 ἐπιστροφήν.

2291 1390 2398 1453 ῐ-ια’.
2456 1387 2520 1441 Ei
2583 1390 2616 1459 ἡ
2661 1389 2866 1458 γνῶσις
2929 1390 3165 1463 ἑνωτικὴ
3213 1391 3325 1445 τῶν
3365 1392 3685 1461 ἐγνωκότων
3714 1395 3795 1447 καὶ

2219 1479 2603 1552 ἐγνωσμένωνο
2647 1484 2680 1554 ἡ
2721 1483 2768 1536 δ’
2805 1485 3019 1553 ἄγνοια,
3064 1485 3375 1556 μεταϐολῆς
3423 1486 3516 1540 ἀεὶ
3561 1486 3656 1539 καὶ
3707 1487 3794 1559 τῆς

2217 1574 2278 1642 ἐξ
2309 1575 2477 1630 αὑτοῦ
2505 1575 2584 1646 τῷ
2601 1577 2888 1646 ἀγνοοῦντι
2911 1579 3240 1650 διαιρέσεως
3265 1582 3436 1644 αἰτία,
3459 1581 3556 1634 τὸν
3587 1583 3645 1634 ὲν
3677 1581 3796 1654 ἀλη-

2219 1667 2340 1740 θείᾳ
2373 1668 2745 1724 πιστεύσαντα
2783 1671 3052 1726 κατὰτόν
3085 1673 3236 1745 -ίερὺν
3265 1673 3462 1743 Λόγον,
3501 1674 3650 1728 οὐδὲν
3676 1675 3798 1728 ἁποο

2219 1763 2436 1834 κινήσει
2467 1765 2580 1835 τῆς
2623 1764 2767 1818 κατὰ
2803 1765 2902 1837 τὴν
2961 1766 3140 1838 ἀληθῆ
3185 1767 3373 1822 πίστιν
3421 1767 3628 1831 ἑστίαςο
3663 1761 3795 1844 ἐφ’ᾖ

2213 1855 2276 1908 τὸ
2307 1857 2538 1928 μόνιμον
2571 1857 2683 1925 ἕξει
2723 1859 2824 1929 τῆς
2860 1860 3130 1932 ’ἀκινήτου
3181 1862 3278 1915 καὶ
3316 1862 3661 1932 ἀμεταϐόλου
3685 1880 3797 1915 ταυ·

2214 1947 2463 2012 τότητος.
2493 1945 2568 2004 Εὖ
2596 1951 2707 2023 γὰρ
2733 1948 2874 2007 οἶδεν
2901 1955 2930 2006 ὀ
2958 1954 3098 2024 πρὸς
3129 1953 3228 2025 τὴν
3253 1954 3528 2026 ἀλήθειαν
3559 1953 3794 2019 -ὲνωθεὶς,

2213 2041 2296 2097 ὅτι
2329 2038 2390 2097 εὖ
2423 2043 2556 2115 ἔχει,
2590 2044 2699 2099 κᾶν
2735 2047 2787 2098 οἱ
2831 2045 3018 2100 πολλοὶ
3048 2047 3354 2102 νουθετοῖεν
3392 2048 3562 2103 αὑτὸν
3591 2048 3666 2112 ὡς
3694 2046 3798 2115 ὲξε-

2216 2136 2479 2206 στηκότα.
2517 2137 2784 2192 Λανθάνει
2835 2139 2935 2210 μὲν
2985 2139 3096 2210 γάρ
3151 2139 3230 2204 ὡς
3277 2140 3427 2204 ε-ίκὸς
3471 2140 3691 2208 αὑτοὺς,
3740 2141 3797 2194 ἐκ

2214 2228 2430 2301 πλάνης
2457 2233 2525 2300 τῇ
2565 2229 2799 2302 ἀληθεία
2835 2232 2936 2304 τῆς
2987 2231 3164 2296 ὅντως
3204 2233 3447 2297 πίστεως
3475 2231 3793 2306 ἐξεστηκὼς,

2213 2322 2377 2386 αὐτὸς
2408 2321 2454 2374 δ’
2491 2322 2713 2394 ἀληθῶς
2759 2319 2902 2379 οῖδεν
2939 2325 3155 2393 ἑαυτὸν,
3209 2327 3312 2398 οὐχ
3340 2326 3369 2380 ὅ
3397 2341 3568 2396 φασιν
3616 2327 3797 2381 ἐκεῖνοι

2215 2415 2568 2488 μαινόμενον,
2592 2415 2734 2470 ἀλλά
2769 2416 2872 2488 τῆς
2902 2417 3142 2472 ἀστάτου
3189 2419 3283 2473 καὶ
3328 2419 3657 2491 ἀλλοιωτῆς,
3681 2419 3798 2492 περὶ

2211 2506 2312 2578 τὴν
2345 2506 2670 2576 παντοδαπῆ
2721 2507 2824 2579 τῆς
2858 2508 3069 2581 πλάνης
3122 2509 3404 2564 ποικιλίαν
3466 2513 3666 2583 φορᾶς,
3718 2511 3798 2566 διά

2210 2603 2311 2674 τῆς
2372 2601 2552 2672 ἁπλῆς
2605 2602 2701 2656 καὶ
2741 2603 2829 2656 ἀεὶ
2885 2602 3032 2658 κατά
3083 2603 3162 2658 ’τά
3207 2603 3351 2659 αὐτά
3412 2606 3514 2662 καὶ
3549 2605 3796 2671 ὡσαύτως

2211 2693 2446 2767 ἐχούσης
2472 2694 2736 2768 ἀληθείας
2764 2695 3235 2768 ἡλευθερωμένον.

2285 2963 2390 3036 ιιβκ
2433 2963 2659 3033 Ἀγαθοὶ
2682 2965 2779 3018 καὶ
2809 2964 3206 3038 φιλάνθρωποι,
3227 2965 3605 3038 εὖσπλαγχνοί
3635 2983 3692 3020 τε
3715 2965 3804 3022 καὶ

2209 3053 2562 3125 οἰκτίρμονες
2595 3055 2889 3123 γεγόνασιν
2932 3056 2983 3107 ot
3019 3056 3190 3124 ἅγιοι·
3232 3057 3363 3128 μίαν
3399 3057 3544 3126 πρὸς
3573 3057 3716 3111 άπαν
3746 3051 3802 3110 τὸ

501 3157 680 3204 totum
709 3147 1016 3203 humanum
1044 3161 1220 3218 genus
1242 3144 1524 3217 diligentis
1547 3144 1717 3200 animi
1740 3145 1944 3201 affectu
1965 3161 2106 3217 prae-

2217 3149 2370 3218 γένος
2411 3148 2652 3202 διάθεσιν
2701 3149 2922 3221 ἔχοντες
2963 3150 3189 3221 ἀγάπης
3232 3149 3572 3220 δειχθέντες·
3621 3151 3710 3225 ὑφ’
3738 3143 3800 3223 ἦς

498 3241 602 3298 diti
625 3241 978 3306 enituerunt;
1008 3240 1170 3311 cujus
1195 3254 1430 3295 munere
1457 3254 1569 3309 prae
1592 3239 1810 3294 cunctis
1834 3238 2103 3294 eximium

495 3351 563 3391 ac
603 3335 884 3405 singulare
918 3333 1195 3388 bonorum
1233 3347 1408 3403 genus
1448 3329 1670 3401 (nempe
1704 3331 2100 3397 humilitatem,

496 3443 606 3500 qua
639 3428 785 3484 bona
813 3439 1218 3483 conserventur
1253 3441 1320 3500 ac
1353 3425 1634 3481 contraria
1673 3424 2101 3497 interim-antur)

483 3519 748 3592 quandiu
798 3520 913 3576 vita
963 3527 1253 3591 superstes
1305 3518 1432 3584 fuit,
1493 3517 1715 3572 ﬁrmum
1771 3518 2102 3583 retinentes,

498 3616 649 3670 nulla
681 3629 916 3685 prorsus
957 3612 1332 3669 tentationum
1361 3611 1619 3668 molestia
1654 3612 1962 3684 expugnari
2000 3628 2103 3683 po-

495 3713 759 3772 tuerunt;
794 3705 916 3762 sive
954 3719 1170 3771 earum,
1219 3719 1345 3775 quae
1384 3719 1417 3758 a
1454 3703 1742 3760 voluntate
1773 3714 1831 3760 et
1871 3703 2104 3759 rationis

495 3797 733 3855 arbitrio
781 3782 943 3864 sunt,
1000 3797 1118 3854 sive
1165 3812 1289 3868 quae
1340 3797 1665 3853 nolentibus
1713 3813 1779 3853 ae
1827 3798 2104 3854 exteriore

496 3900 695 3962 agente
722 3887 1043 3945 inferuntur
1076 3903 1091 3941 :
1116 3888 1364 3958 priorum
1386 3886 1650 3942 nimirum
1677 3903 1777 3958 per
1809 3888 2103 3944 continen-

497 3984 632 4038 tiam
663 3980 1010 4038 labefactatis
1033 3980 1434 4051 exstinctisque
1468 3979 1797 4048 insultibus;
1824 3979 2103 4051 posterio-

498 4091 736 4147 rumque
790 4091 890 4147 per
941 4074 1264 4146 patientiam
1325 4074 1664 4144 propulsatis
1717 4074 2104 4146 submotisque

497 4166 821 4223 assultibus.

567 4260 657 4316 95.
689 4258 1002 4316 Pet-tectam
1031 4257 1255 4314 virtutis
1276 4257 1578 4322 actionem,
1603 4255 1740 4312 ﬁdes
1762 4267 1917 4313 recta
1936 4257 2106 4328 inque

497 4353 671 4409 Deum
719 4351 976 4407 sincerus
1019 4351 1189 4407 timor
1233 4349 1409 4416 facit;
1457 4349 1770 4404 naturalem
1821 4363 1956 4404 vero
2003 4365 2105 4421 per

497 4461 789 4501 ascensum
819 4452 987 4500 certa:
1013 4444 1266 4500 veritatis
1296 4441 1756 4513 speculationem,
1791 4441 1950 4497 ﬁrma
1978 4456 2106 4513 spes

2205 3242 2273 3296 ,τὸ
2317 3242 2540 3297 πάντων
2578 3241 2858 3315 ἐξαίρετον
2889 3241 3030 3308 εἶδος
3057 3244 3169 3298 τῶν
3197 3243 3443 3313 ἀγαθῶν,
3481 3243 3586 3317 τὴν
3618 3241 3802 3298 ταπεί-

2210 3353 2378 3390 νωσιν
2426 3335 2595 3405 λέγω,
2655 3337 2746 3390 διὰ
2794 3336 2975 3406 πάσης
3024 3335 3208 3390 αὐτῶν
3255 3337 3356 3408 τῆς
3387 3336 3543 3407 ζωῆς
3587 3335 3800 3407 βεϐαίαν

2209 3429 2578 3499 κατασχόντες
2605 3471 2620 3496 ,
2674 3429 2773 3500 τὴν
2823 3429 3166 3502 φυλακτικὴν
3227 3429 3328 3500 μὲν
3388 3429 3505 3484 τῶν
3565 3427 3795 3499 ἀγαθῶν,

2210 3520 2520 3592 φθαρτικὴν
2549 3521 2604 3575 δὲ
2634 3523 2742 3575 τῶν
2785 3522 3066 3588 ἐναντίων,
3097 3521 3276 3575 οὐδενὶ
3305 3524 3642 3594 τοπαράπαν
3668 3519 3801 3576 ἀλώ-

2211 3630 2363 3684 σιμοι
2397 3613 2504 3667 τῶν
2525 3614 2882 3686 διοχλούντων
2908 3615 3164 3684 γεγόνασι
3215 3615 3571 3687 πειρασμῶν,
3608 3615 3718 3668 τῶν
3747 3630 3802 3668 τε

2209 3708 2474 3762 ἑκουσίων
2500 3708 2597 3761 καὶ
2629 3709 2724 3761 τοῦ
2750 3710 2847 3778 ἐφ’
2886 3710 3022 3780 ἡμῖν
3055 3708 3240 3776 λόγου,
3272 3709 3369 3761 καὶ
3397 3707 3507 3761 τῶν
3537 3709 3800 3764 ἀκουσίων

2209 3801 2306 3854 καὶ
2331 3800 2434 3854 οὐκ
2483 3801 2572 3870 ἐφ’
2601 3801 2756 3872 ἡμῖν’
2787 3800 2865 3872 τῷ
2899 3802 3013 3865 τοῖς
3048 3800 3168 3872 μὲν,
3208 3801 3275 3854 δι’
3307 3802 3644 3871 ἐγκράτειαν
3676 3798 3802 3852 ἀπο-

2211 3894 2504 3966 μαραίνειν
2523 3893 2622 3957 τὰς
2645 3893 3071 3957 ἐπαναστάσεις·
3092 3893 3199 3947 τῶν
3220 3891 3298 3959 δὲ,
3317 3892 3386 3946 δι’
3405 3892 3694 3964 ὑπομονῆς
3709 3889 3799 3952 τὰς

2209 3986 2516 4058 προσϐολὰς
2538 3986 2912 4040 ἀποσείεσθαι.

2280 4262 2388 4325 ια’.
2426 4256 2538 4327 Τὴν
2573 4254 2673 4325 μὲν
2707 4253 2920 4308 τελείαν
2967 4255 3172 4325 πρᾶξιν
3199 4253 3300 4325 τῆς
3347 4253 3580 4324 ἀρετῆς,
3625 4249 3802 4309 πίστις

2207 4323 2343 4422 ὀρθῆ
2368 4323 2532 4413 ποιεί,
2559 4323 2655 4402 καὶ
2678 4347 2844 4418 φόϐος
2864 4349 2944 4411 είς
2965 4323 3098 4401 Θεὸν
3124 4323 3437 4409 ἀνόθευτος·
3458 4323 3565 4416 τῆν
3588 4345 3647 4400 δὲ
3669 4323 3820 4398 κατὰ⁸

2207 4447 2306 4516 τὴν
2355 4444 2627 4498 ἀνάϐασιν
2691 4443 2997 4498 ἄπταιστον
3065 4441 3304 4511 φυσικὴν
3345 4438 3622 4511 θεωρίαν,
3657 4437 3815 4497 ἐλπὶς

496 4555 747 4610 puraque
787 4538 932 4594 labis
983 4536 1397 4608 intelligentia:
1443 4535 1856 4591 deilicationem
1907 4545 2098 4591 autem

2217 4539 2405 4611 βεϐαία
2431 4537 2525 4592 καὶ
2563 4535 2848 4606 ἀλώϐητος
2879 4535 3114 4598 σύνεσις
3141 4535 3242 4592 τὴν
3272 4534 3329 4587 δὲ
3360 4534 3506 4588 κατά
3542 4533 3645 4601 τὴν
3674 4526 3796 4582 ανά-

496 4648 621 4703 qua:
662 4641 748 4688 est
796 4648 895 4702 per
939 4629 1398 4701 assumptionem,
1447 4627 1694 4698 perfecta
1744 4628 1991 4690 dilectio,
2037 4641 2104 4681 ac

496 4739 621 4796 quae
655 4725 822 4781 rebus
854 4724 1116 4780 omnibus
1159 4721 1466 4778 secundum
1517 4722 1904 4777 excellentiam
1944 4733 2106 4775 mens

499 4816 725 4887 penitus
758 4833 900 4872 cmca
929 4817 1168 4873 exsistit.

567 4926 732 4997 633
769 4925 856 4982 94.
892 4925 1026 4996 Ejus
1057 4921 1446 4995 philosophim,
1475 4936 1598 4992 qum
1633 4921 1907 4976 actionem
1947 4919 2102 4985 colit,

497 5034 642 5090 opus,
662 5034 786 5074 esse
809 5018 966 5073 aiunt
995 5033 1024 5072 a
1055 5016 1357 5072 libidinoso
1389 5015 1540 5071 omni
1583 5014 1828 5086 cegitatu
1856 5013 2104 5067 animum

499 5126 702 5182 purum
754 5119 1017 5180 praestare
1046 5126 1058 5162 :
1087 5106 1359 5162 naturalis
1389 5120 1524 5160 vero
1553 5101 1970 5175 speculationis,
2006 5118 2106 5158 ve-

501 5217 621 5256 ram
672 5217 894 5258 onmem
939 5216 1124 5257 rerum
1165 5198 1460 5254 scientiam,
1498 5196 1730 5262 docere;
1783 5195 2109 5265 theologica:

500 5292 723 5348 demum
783 5291 1185 5354 institutionis,
1247 5290 1360 5345 Deo
1415 5287 1655 5344 similem
1718 5303 1783 5344 ac
1839 5287 2108 5357 aequalem

499 5372 716 5457 (quoad
751 5387 962 5442 homini
999 5397 1327 5440 concessum
1358 5380 1480 5453 est)
1516 5396 1616 5452 per
1651 5379 1882 5452 gratiam
1915 5379 2110 5434 habitu

503 5477 754 5545 cﬁicere;
788 5481 880 5549 qui
905 5470 1020 5545 iam
1051 5490 1247 5529 eorum
1289 5490 1413 5544 quac
1447 5489 1478 5529 a
1512 5474 1627 5530 Deo
1671 5470 1917 5529 secunda
1959 5481 2109 5538 sunt,

579 5652 623 5686 ει
650 5652 695 5707 ιι
727 5652 858 5712 Cor.
887 5609 952 5707 v.
993 5654 1084 5708 is.

2210 4631 2372 4703 ληψιν
2399 4632 2620 4696 θέωσινφ
2662 4629 2854 4700 ἀγάπη
2882 4629 3082 4695 τελεία,
3107 4627 3204 4682 καὶ
3232 4627 3356 4691 νοῦς
3385 4629 3503 4690 τοῖς
3547 4619 3669 4678 οὖσι
3687 4619 3804 4675 καθ’

2213 4725 2491 4798 ὑπεροχὴν
2520 4724 2755 4796 πάμπαν
2783 4723 3050 4785 ἑκουσίως
3089 4721 3523 4794 πεπηρωμένος.

2276 4916 2374 4986 ιβ’.
2411 4917 2525 4986 Τῆς
2567 4917 2668 4987 μὲν
2701 4915 3017 4986 πρακτικῆς
3064 4911 3388 4983 φιλοσοφίας
3446 4910 3616 4982 ἔργον
3670 4902 3802 4961 εἷναί

2215 5028 2372 5082 φασι,
2406 5011 2590 5083 πάσης
2621 5011 2714 5064 τὸν
2748 5008 2872 5062 νοῦν
2905 5007 3192 5081 ὲμπαθοῦς
3223 5003 3532 5077 φαντασίας
3565 5002 3802 5073 καθαρὸν

2214 5105 2597 5176 καταστῆσαι’
2641 5106 2741 5174 τῆς
2774 5102 2831 5156 δὲ
2881 5101 3118 5172 φυσικῆς
3169 5098 3426 5169 θεωρίας,
3477 5095 3664 5166 πάσης
3711 5091 3802 5163 τῆς

2217 5198 2274 5249 ὲν
2325 5196 2439 5259 τοῖς
2489 5189 2608 5249 οὖσι
2649 5192 2771 5248 καθ’
2805 5194 2873 5264 ἢν
2926 5192 3109 5245 αἰτίαν
3158 5191 3520 5261 ὑπάρχουσιν,
3577 5183 3802 5256 ἀληθοῦς

2214 5286 2471 5357 γνώσεως
2502 5286 2666 5340 αὑτὸν
2688 5285 3033 5356 ἐπιστήμονα
3059 5283 3236 5349 δείξαι
3269 5297 3282 5311 ·
3321 5280 3421 5351 τῆς
3463 5279 3526 5333 δὲ
3567 5277 3810 5358 θεολογι-ί

2215 5381 2318 5451 κῆς
2353 5380 2768 5450 μυσταγωγίας,
2801 5379 2987 5450 ὅμοιον
3017 5376 3136 5448 Θεῷ
3177 5377 3271 5429 καὶ
3304 5373 3416 5427 ἴσον
3445 5372 3524 5436 ὡς
3568 5368 3811 5440 ἐφικτὸν,

2216 5475 2282 5544 τῇ
2314 5474 2500 5542 χάριτι
2528 5473 2672 5526 κατὰ
2693 5471 2792 5542 τὴν
2824 5469 2938 5536 ἕξιν
2969 5470 3215 5534 ποιῆσαι,
3253 5464 3481 5537 μηδενὸς
3531 5463 3597 5517 τὸ
3653 5455 3810 5514 σύνο·’

586 5811 780 5868 'Sunt
839 5810 1131 5868 llierothei
1171 5811 1368 5880 verba,
1421 5827 1472 5866 c.
1526 5809 1560 5865 4
1619 5809 1698 5867 De
1754 5812 1859 5868 div.
1902 5812 2130 5882 nom.,§
2172 5806 2262 5867 l5.
