4060 6416
310 369 443 436 1389

1005 364 1342 424 CAPITUM
1380 359 1804 434 QUINQUIES
1843 357 2366 420 CENTENORUM
2407 362 2796 423 CENTURIA
2830 363 2898 424 V.

3440 352 3581 435 1390

303 487 392 541 λον
427 483 506 536 ἔτι
552 481 660 534 τῶν
721 474 863 552 μετὰ
919 477 1077 545 Θεὸν,
1139 479 1226 532 διὰ
1281 475 1380 547 τὴν
1416 476 1690 548 ὑπεροχὴν
1746 475 1876 527 ὄντα

1995 489 2098 543 prae
2127 490 2340 530 summa
2374 477 2719 540 excellentia,
2749 475 2900 530 omni
2925 475 3149 546 penitus
3177 491 3345 533 sensu
3373 495 3438 536 ac
3473 497 3577 538 no-

302 582 555 650 νοήμονα.

371 675 470 736 ιβ’.
501 665 682 738 ἰὶπέρ
709 667 904 718 ἐστινὸ
939 664 1123 735 αἰθὴρ,
1157 664 1326 736 ἤγουν
1373 663 1437 717 τὸ
1483 663 1678 734 πύριον
1742 677 1885 712 στοι-

301 765 462 833 χεῖον,
497 761 551 812 ἐν
577 757 653 828 τῷ
689 758 810 810 κατ’
849 756 1102 826 αἴσθησιν
1139 755 1353 827 κόσμῳ,
1377 755 1538 809 τοῦτο
1564 756 1632 822 γὲν
1661 751 1740 823 τῷ
1792 751 1886 805 κό-

302 871 420 923 σμῳ
450 853 546 921 τῆς
568 851 807 912 διανοίας
836 851 982 902 ἐστὶν
1008 852 1040 920 ἠ
1073 849 1358 920 φρόνησις,
1386 848 1463 911 ὡς
1485 846 1599 913 ἕξις
1628 861 1888 915 φωτιστι-

301 944 388 1015 κὴ,
419 946 510 997 καὶ
538 943 642 995 τῶν
670 945 754 1010 ἐφ’
781 941 1014 995 ἑκάστου
1044 941 1155 995 τῶν
1186 941 1359 995 ὄντων
1389 941 1534 1004 ἰδίως
1583 956 1886 1009 πνευματι-

300 1036 409 1090 κῶν
463 1036 639 1104 λόγων
685 1034 1020 1110 ὑποδεκτικὴ
1074 1033 1224 1106 [θάὶι.
1279 1031 1659 1105 άποδεκτικὴῙ,
1699 1033 1798 1104 τὴν
1829 1032 1886 1083 ἐν

293 1129 432 1190 ὅλοις
458 1127 714 1188 ἀπλανῶς
737 1127 914 1179 αἰτίαν
944 1126 1008 1178 δι’
1036 1125 1216 1179 αὐτῶν
1256 1126 1594 1193 ἐκφαίνουσα
1617 1164 1632 1188 ,
1665 1123 1759 1176 καὶ
1787 1121 1887 1190 τῆς

297 1219 437 1272 κατὰ
493 1217 670 1288 ψυχὴν
722 1219 852 1287 περὶ
900 1217 961 1271 τὸ
1005 1218 1146 1272 θεῖον
1193 1218 1432 1284 ἐφέσεως
1477 1215 1703 1286 ἑλκτική
1731 1231 1746 1244 ·
1781 1212 1878 1266 καὶ

298 1311 433 1379 ὅπερ
457 1311 514 1360 ὲν
551 1308 626 1377 τῷ
667 1307 913 1378 αἰσθητῷ
941 1309 1133 1379 κόσμῳ
1166 1308 1314 1361 ἐστὶν
1338 1308 1365 1359 ὁ
1392 1307 1522 1380 ἀὴρ,
1548 1306 1705 1360 τοῦτο
1729 1307 1785 1358 ἐν
1809 1302 1884 1374 τῷ

301 1401 434 1453 κατὰ
464 1401 702 1454 διάνοιαν
735 1399 926 1472 κόσμῳ
962 1401 1111 1452 ἐστὶν
1139 1401 1173 1468 ἡ
1205 1399 1454 1471 ἀνδρεία,
1486 1398 1560 1461 ὡς
1585 1396 1697 1461 ἕξις
1733 1411 1888 1465 κινη-

297 1494 420 1562 τικὴ
451 1493 544 1544 καὶ
582 1493 680 1560 τῆς
708 1491 954 1560 ἐμφύτου
986 1492 1130 1544 κατὰ
1163 1491 1377 1560 πνεῦμα
1407 1489 1554 1558 ζωῆς
1590 1487 1883 1558 συνεκτική

295 1603 353 1639 τε
385 1585 502 1653 ἆμσι
533 1585 627 1636 καὶ
661 1584 951 1655 δραστικὴ,
978 1584 1072 1638 καὶ
1106 1583 1206 1653 τῆς
1259 1581 1401 1637 κατὰ
1438 1581 1616 1652 ψυχὴν
1647 1581 1777 1652 περὶ
1824 1580 1886 1634 τὸ

298 1676 436 1729 θεῖον
483 1675 828 1746 άεικινησίας
860 1675 1151 1746 τονωτικὴ·
1187 1675 1280 1727 καὶ
1307 1675 1444 1744 ὅπερ
1466 1675 1524 1727 ἐν
1548 1673 1625 1744 τῷ
1642 1673 1885 1746 αἰσθητῷ

298 1767 484 1836 κῦσμῳ
517 1769 634 1820 ἐστὶ
656 1767 717 1819 τὸ
753 1766 918 1836 ὕδωρ,
959 1764 1121 1820 τοῦτο
1157 1767 1214 1818 ὲν
1246 1765 1325 1835 τῷ
1370 1765 1470 1834 τῆς
1498 1766 1737 1830 διανοίας
1787 1766 1881 1820 xci-.-

299 1872 415 1924 σμῳ
443 1857 592 1908 ἐστὶν
650 1857 683 1926 ή
754 1854 1100 1929 σωφροσύνη,
1131 1854 1245 1923 ἕξιν
1300 1855 1626 1925 ὑπάρχουσα
1675 1857 1774 1927 τῆς
1825 1858 1885 1911 ὲν

296 1946 567 2014 πνεύματι
626 1948 868 2018 ζωτικῆς
917 1948 1277 2018 γονιμὸτητος
1322 1948 1603 2020 ποιητικὴ,
1641 1950 1737 2003 καὶ
1782 1948 1883 2020 τῆς

295 2037 615 2094 άειὸ).ύστου
640 2041 783 2094 κατὰ
817 2041 915 2110 τὴν
955 2043 1140 2110 ἔφεσιν
1176 2042 1307 2112 περὶ
1335 2041 1394 2094 τὸ
1422 2041 1565 2095 Θεῖον
1608 2043 1881 2114 ἐρωτικῆς

297 2127 528 2193 θέλξεως
576 2134 913 2204 γεννητικίγ
946 2135 1042 2186 καὶ
1091 2135 1228 2204 ὅπερ
1270 2134 1327 2188 ἐν
1379 2131 1457 2204 τῷ
1505 2132 1754 2205 αἰσθητῷ
1795 2134 1887 2188 κό-

298 2239 414 2292 σμῳ
447 2224 602 2276 ἐστὶν
633 2225 665 2292 ἡ
700 2225 772 2295 γῆ
797 2265 811 2286 ,
850 2226 1009 2279 τοῦτο
1049 2229 1108 2279 ἐν
1157 2227 1236 2297 τῷ
1265 2228 1364 2298 τῆς
1408 2227 1648 2290 διανοίας
1695 2227 1887 2299 κόσμῳ

296 2312 438 2367 ἐστὶν
466 2317 497 2386 ἠ
528 2315 874 2389 δικαιοσύνη,
897 2318 1008 2384 ’έξις
1037 2318 1364 2390 ὑπάρχουσα
1410 2321 1532 2373 κατ’
1564 2315 1704 2383 εἶδος
1761 2321 1888 2390 γεν-

295 2409 483 2478 νητικὴ
517 2408 741 2461 πάντων
765 2409 874 2463 τῶν
913 2413 970 2462 ἐν
999 2412 1112 2472 τοῖς
1143 2406 1265 2464 οὖσι
1302 2410 1497 2477 λόγων,
1532 2412 1625 2464 καὶ
1671 2411 1770 2481 τῆς
1830 2412 1888 2464 ὲν

297 2499 573 2570 πνεύματι
608 2501 748 2554 κατὰ
776 2500 853 2572 τῷ
887 2502 1003 2556 ἴσον
1041 2503 1263 2574 ἑκάστῳ
1301 2503 1540 2574 ζωτικῆς
1598 2502 1889 2566 διαδόσεως

295 2591 686 2664 ἀπονεμητική
731 2610 742 2623 ·
778 2595 872 2647 καὶ
914 2596 1013 2666 τῆς
1061 2597 1266 2660 οἰκείας
1334 2599 1392 2650 ὲν
1449 2596 1527 2667 τῷ
1562 2596 1714 2668 καλῷ
1747 2596 1888 2652 κατὰ

295 2683 390 2753 τὴν
423 2683 577 2737 θέσιν
606 2685 819 2756 βάσεως
860 2688 1200 2757 ἀμετάθετος
1240 2687 1408 2761 [male
1447 2693 1617 2754 edita,
1655 2689 1885 2766 μετάθες

295 2777 406 2848 τος]
437 2777 647 2848 ἵδρυσις
685 2780 782 2850 (7).

363 2869 720 2946 [ις’.”Ωσπερ
747 2871 950 2941 σαρκὸς
990 2871 1323 2944 εὐεκτούσης
1357 2873 1454 2929 καὶ
1501 2874 1885 2945 πιαινομένης,

297 2964 401 3026 τοῖς
429 2962 667 3017 πάθεσιν
698 2967 728 3034 ἡ
756 2963 903 3037 ψυχὴ
933 2964 1285 3036 βασανίζεται
1310 2967 1406 3020 καὶ
1438 2965 1764 3030 σκοτίζεται,
1790 2970 1888 3038 τῆς

297 3052 401 3107 τῶν
429 3056 646 3126 ἀρετῶν
680 3056 848 3120 ἕξεως
886 3058 980 3110 καὶ
1014 3057 1108 3111 τοῦ
1144 3059 1432 3129 φωτισμοῦ
1472 3058 1574 3130 τῆς
1631 3059 1889 3128 γνώσεως

299 3143 728 3217 ὑποχωρούντων
755 3164 768 3178 ·
804 3148 947 3202 οὕτω
969 3152 1063 3202 καὶ
1092 3152 1189 3221 τῆς
1215 3151 1396 3221 ψυχῆς
1424 3151 1500 3222 τῷ
1534 3151 1663 3220 θείῳ
1698 3150 1886 3204 κάλλει
1919 3179 1959 3236 C

297 3239 399 3290 τῶν
423 3240 658 3312 ἀρετῶν,
696 3242 788 3294 καὶ
814 3241 893 3314 τῷ
917 3244 1184 3315 φωτισμῷ
1214 3244 1315 3314 τῆς
1341 3244 1597 3313 γνώσεως
1623 3243 1890 3316 φρουρού-

302 3331 460 3404 μένης
502 3351 565 3388 τε
601 3335 696 3388 καὶ
726 3334 1216 3406 λαμπρυνομένης,
1260 3339 1288 3389 ὁ
1318 3336 1421 3402 ἔξω
1457 3336 1742 3409 ἄνθρωπος
1775 3337 1891 3389 δια-

299 3423 604 3497 φθείρεται,
634 3427 733 3496 τῆς
767 3430 970 3497 σαρκὸς
1001 3429 1090 3483 διὰ
1124 3431 1223 3500 τὴν
1247 3430 1547 3500 ἐπιδημίαν
1584 3431 1678 3484 τοῦ
1728 3431 1886 3498 λόγου

297 3515 389 3587 τὴν
420 3521 663 3590 φυσικὴν
688 3520 906 3587 εὐεξίαν
939 3521 1413 3593 ἁποϐαλλομένης.

366 3612 468 3678 ιζ’.
514 3614 632 3666 Οὐκ
676 3609 746 3684 ἦν
805 3614 1031 3670 δυνατὸν
1089 3615 1265 3679 ἄλλως
1327 3617 1442 3668 υἱὸν
1495 3616 1888 3687 ἀποδειχθῆναι

299 3700 428 3756 Θεοῦ
462 3705 540 3776 (r)
573 3705 667 3758 καὶ
694 3705 825 3757 Θεὸν
858 3705 1000 3758 κατὰ
1025 3705 1123 3776 τὴν
1153 3705 1377 3776 χάριτος
1421 3705 1641 3772 θέωσιν,
1668 3707 1760 3760 τὸν
1793 3724 1887 3775 γε·

301 3793 526 3864 νόμενον
589 3796 896 3869 ἄνθρωπον,
941 3797 1015 3867 μὴ
1075 3797 1342 3868 πρότερον
1376 3798 1519 3850 κατὰ
1562 3797 1887 3869 προαίρεσιν

299 3889 638 3960 γεννηθέντα
659 3890 738 3960 τῷ
762 3890 1071 3960 πνεύματι,
1098 3890 1187 3943 διὰ
1225 3891 1324 3961 τὴν
1351 3889 1578 3944 ἐνοῦσαν
1599 3890 1750 3962 αὐτῷ
1787 3910 1887 3964 (ρυ-

303 3984 465 4048 σικῶς
496 3984 859 4055 αὐτοκίνητον
891 3987 982 4037 καὶ
1007 3984 1306 4038 ἀδέσποτον
1347 3985 1577 4056 δύναμιν
1611 4001 1623 4014 ·
1656 3985 1726 4055 ἦν
1764 4003 1887 4038 τινα

301 4070 550 4131 θεοποιον
581 4079 675 4130 καὶ
709 4077 859 4130 Θείαν
885 4078 979 4131 καὶ
1010 4079 1171 4132 ἄϋλον
1197 4079 1472 4149 γέννησιν,
1504 4077 1592 4132 διὰ
1640 4077 1702 4132 τὸ
1755 4095 1888 4150 προ-

299 4169 532 4238 τιμῆσαι
556 4170 664 4222 τῶν
691 4170 1001 4241 νοουμένων
1030 4171 1126 4224 καὶ⁵
1151 4169 1365 4242 ἀδήλων
1389 4169 1528 4234 τέως
1569 4169 1794 4240 ἀγαθῶν
1829 4171 1889 4224 τ’)

300 4263 420 4312 κατ’
451 4262 708 4332 αἴσθησιν
752 4263 987 4334 τερπνὸν
1037 4264 1133 4318 καὶ
1183 4263 1461 4333 ἐπίδηλον,
1503 4263 1830 4334 παραλιπὼν
1861 4266 1890 4316 ὁ

301 4351 520 4420 πρῶτος
552 4353 862 4425 ἄνθρωπος,
899 4355 997 4426 τὴν
1019 4355 1085 4408 ἐκ
1118 4355 1391 4424 σωμάτων
1407 4355 1634 4418 εἰκότως
1657 4355 1891 4425 ἀπροαί-

303 4457 456 4512 ρετον
491 4447 590 4501 καὶ
615 4447 810 4520 ὑλικὴν
837 4449 934 4501 καὶ
986 4449 1258 4520 ἐπίκηρον
1308 4447 1888 4518 ἔχεινκαταδικάζεται

312 4535 537 4601 ίένεσιν.
587 4567 592 4571 -

377 4739 424 4776 ⁸³
456 4744 501 4798 II
530 4743 660 4799 Cor.
698 4761 771 4811 tv,
804 4745 891 4800 16.

383 4898 453 4974 (ᾳ)
475 4903 640 4957 Κατὰ
661 4903 775 4971 τὴν
793 4903 966 4959 θέσιν
980 4903 1225 4969 ,βάσεως
1247 4903 1610 4974 ἀμετάθετος
1630 4904 1887 4972 ἵδρυσις.

304 4967 607 5029 Ιιηίὶιόὺίιὶε
639 4967 870 5029 firmitas
898 4984 955 5029 et
979 4967 1144 5031 sedes
1166 4967 1380 5028 fundati
1410 4974 1461 5027 in
1492 4967 1725 5030 honesto
1752 4967 1892 5030 situs

304 5041 427 5116 sui,
471 5059 617 5114 quod
671 5046 906 5100 maxime
954 5046 1181 5116 justitia:
1229 5045 1521 5116 convenit;
1572 5061 1694 5116 qum
1740 5049 1893 5102 velut

307 5115 452 5190 terra
483 5119 537 5190 in
565 5117 670 5190 hoc
697 5115 976 5190 universo,
1006 5117 1122 5190 suis
1149 5115 1394 5190 undique
1424 5115 1622 5170 librata
1647 5133 1890 5190 momen-

309 5187 408 5255 tis,
450 5187 528 5240 rei
579 5188 752 5255 ipsum
807 5188 1049 5241 medium
1102 5187 1462 5246 immobiliter
1506 5188 1784 5251 attendat,
1828 5205 1892 5246 ac

307 5254 534 5325 cuique,
569 5254 714 5327 quod
757 5259 935 5327 reipsa
982 5258 1130 5311 illius
1166 5265 1280 5320 est,
1318 5257 1546 5312 tribuat.
1580 5257 1734 5324 Quod
1775 5269 1893 5314 erat

309 5327 633 5398 μετάθετος,
673 5328 828 5382 valde
878 5329 1204 5383 mendosum
1245 5337 1360 5390 est,
1400 5344 1463 5381 ac
1505 5329 1651 5397 quod
1702 5330 1890 5394 aiunt,

305 5397 594 5464 nnplicans
625 5399 677 5452 in
709 5399 944 5468 adjecto.
1001 5399 1162 5452 Picus
1198 5406 1380 5453 tamen
1410 5399 1634 5468 expedit
1661 5417 1672 5452 :
1707 5399 1890 5455 Sortem

305 5471 505 5542 proprii
547 5469 877 5542 fundamenti
919 5469 1247 5542 translatam
1284 5471 1338 5523 in
1377 5470 1592 5542 honesto
1638 5470 1890 5537 collocat;

306 5539 353 5591 Si
383 5547 565 5610 tamen
592 5541 850 5610 expedire
881 5549 993 5602 est,
1023 5540 1104 5596 sic
1133 5539 1425 5610 arbitrario
1463 5541 1714 5610 reddere.

378 5608 449 5677 (r)
497 5612 628 5664 Υἱὸν
662 5608 1109 5678 ἂποδειχθῆναι
1151 5611 1318 5664 Θεοῦ.
1356 5609 1512 5676 Quod
1559 5610 1751 5666 deerat
1789 5628 1895 5669 vox

307 5675 442 5753 UifN,
469 5682 606 5735 nihil
637 5675 1000 5753 commodum
1018 5680 1251 5753 reddere
1279 5675 1460 5751 potnit
1485 5681 1647 5736 Picus
1678 5700 1691 5735 :
1726 5685 1897 5753 ἀπρο-

309 5743 524 5823 ᾖίρετον
554 5753 769 5823 γένεσιν
799 5754 894 5806 καὶ
923 5751 1137 5822 ὑλικὴν,
1165 5743 1342 5805 ortu-tn
1371 5753 1668 5823 nativitatis
1700 5743 1899 5807 non'ca;

310 5810 476 5874 libera
507 5810 778 5879 voluntate
808 5830 855 5878 et
888 5810 1180 5888 terrenum,
1212 5837 1323 5894 quo
1349 5822 1677 5878 naturaliter
1702 5839 1903 5895 propa¢

1991 567 2112 623 titia
2144 578 2350 623 careat.

2059 660 2148 716 95.
2191 661 2349 726 Quod
2397 664 2453 716 in
2501 663 2708 718 mundo
2748 662 3005 718 sensibus
3033 664 3252 736 objecta
3293 668 3470 722 aether
3499 677 3586 722 est

1991 757 2237 829 (igneum
2265 757 2479 812 scilicet
2511 754 2871 826 elementum)
2919 755 2973 810 id
2993 757 3050 810 in
3069 757 3240 813 animi
3263 758 3473 814 mundo
3499 769 3589 816 est

1988 848 2316 919 prudentia;
2352 857 2611 918 tanquam
2658 847 2872 903 scilicet
2898 847 3123 904 habitus
3162 848 3480 916 illustrans,
3521 864 3587 905 ac

1989 941 2085 1010 qui
2115 939 2392 1010 spiritales
2424 939 2478 994 in
2518 937 2752 1010 singulis
2779 939 3002 1008 proprie
3035 939 3364 996 exsistentes
3403 941 3590 1012 capiat

1989 1034 2253 1098 rationes,
2293 1047 2392 1103 per
2436 1048 2529 1087 cas
2570 1041 2723 1088 certo
2767 1031 2824 1086 in
2868 1032 3146 1086 universis
3190 1032 3484 1089 Auctorem
3524 1049 3591 1089 ac

1989 1139 2213 1180 causam
2257 1123 2576 1188 ostendens,
2611 1122 2894 1192 animique
2933 1121 2991 1177 in
3029 1123 3204 1177 Deum
3247 1122 3589 1180 desiderium

1989 1216 2278 1285 pelliciens
2305 1234 2316 1270 :
2349 1215 2609 1285 quodque
2639 1215 2693 1269 in
2729 1214 2938 1270 mundo
2971 1214 3229 1271 sensibus
3258 1215 3478 1286 objecta
3505 1225 3591 1272 est

1988 1327 2103 1376 aer,
2134 1311 2242 1367 hoc
2285 1311 2341 1366 in
2389 1311 2558 1366 animi
2603 1311 2814 1366 mundo
2852 1319 2940 1366 est
2981 1311 3274 1376 fortitudo,
3325 1319 3589 1383 tanquam

1989 1405 2205 1461 scilicet
2231 1404 2458 1460 habitus
2487 1419 2735 1468 movens,
2768 1403 3126 1474 innatamquc
3153 1404 3386 1474 spiritus
3418 1406 3588 1459 vitam

1988 1495 2278 1550 continens
2305 1496 2510 1566 pariter
2537 1512 2602 1550 ac
2626 1495 2892 1560 efficiens,
2917 1498 3217 1568 jugemque
3243 1496 3389 1552 circa
3411 1497 3589 1551 Deum

1989 1597 2172 1644 motus
2198 1588 2366 1644 animi
2397 1588 2754 1659 agitationem
2787 1588 2976 1659 vigore
3003 1588 3346 1644 contendens
3373 1607 3384 1641 :
3412 1588 3588 1658 quod-

1988 1698 2097 1752 que
2125 1682 2182 1736 in
2215 1682 2423 1737 mundo
2460 1681 2656 1737 eodem
2692 1682 2949 1737 sensibus
2980 1682 3201 1752 objecto
3224 1689 3310 1736 est
3331 1697 3492 1752 aqua,
3532 1681 3589 1735 id

1951 1815 1955 1819 ί
1989 1773 2047 1828 in
2085 1773 2254 1828 animi
2301 1772 2509 1829 inundo
2542 1781 2630 1829 est
2673 1774 3070 1844 temperantia;
3115 1774 3341 1830 habitus
3377 1775 3594 1830 scilicet

1993 1867 2175 1922 vitalis
2209 1868 2264 1921 in
2299 1867 2498 1937 spiritu
2536 1867 2894 1924 fecunditatis
2934 1883 3155 1937 parens,
3195 1867 3424 1938 jugique
3459 1883 3593 1937 erga

1989 1960 2161 2014 Deum
2185 1975 2284 2029 per
2305 1959 2668 2030 cupiditatem
2690 1959 3048 2030 scaturigine,
3073 1958 3277 2013 amoris
3302 1957 3593 2014 illecebras

1988 2053 2218 2124 gignens
2249 2071 2262 2106 :
2293 2053 2442 2124 quod
2490 2053 2733 2123 denique
2783 2052 2843 2108 in
2895 2051 3102 2107 mundo
3153 2051 3284 2107 item
3334 2051 3594 2106 sensibus

1989 2147 2206 2218 obiecto
2247 2154 2334 2202 est
2368 2155 2536 2212 terra,
2573 2146 2630 2201 id
2663 2147 2717 2202 in
2757 2147 2929 2202 animi
2970 2145 3179 2201 mundo
3217 2155 3304 2200 est
3329 2144 3588 2216 justitia;

1989 2255 2190 2310 nempe
2217 2239 2446 2295 habitus
2475 2239 2728 2294 omnium
2760 2239 2816 2294 in
2864 2239 3034 2294 rebus
3069 2237 3348 2294 rationum
3387 2251 3592 2292 secun-

1989 2330 2121 2386 dum
2149 2330 2390 2400 speciem
2422 2346 2654 2400 parens,
2689 2346 3013 2401 aequamque
3046 2331 3101 2385 in
3132 2331 3332 2402 spiritu
3361 2332 3596 2403 singulis

1989 2423 2212 2478 vitalem
2248 2423 2698 2479 distributionem
2741 2423 3094 2493 impartiens,
3140 2438 3244 2478 nec
3274 2437 3386 2478 non
3419 2423 3504 2478 sui
3537 2423 3594 2477 in

1988 2529 2058 2569 eo
2082 2515 2229 2584 quod
2266 2515 2563 2570 honestum
2594 2522 2682 2570 est
2713 2515 2926 2570 fundati
2958 2516 3100 2570 situs
3132 2515 3362 2571 ﬁrmitas
3389 2531 3455 2571 ac
3485 2515 3594 2571 ἱππιο-

1990 2606 2210 2662 mobiiis
2236 2605 2396 2660 sedes
2410 2605 2701 2661 exsistens.

2060 2861 2149 2914 96.
2189 2859 2666 2927 Quemadmodum
2703 2861 2848 2917 bona
2889 2861 3075 2917 carnis
3110 2863 3436 2920 habitudine
3473 2865 3595 2922 illa-

1991 2971 2098 3025 que
2130 2954 2442 3026 pinguiore,
2475 2955 2660 3009 anima
2691 2955 2987 3012 affectibus
3021 2965 3309 3027 torquetur
3335 2974 3401 3014 ac
3431 2959 3594 3016 obte-

1990 3050 2280 3113 nebratur,
2314 3047 2582 3102 virtutum
2615 3047 2809 3101 habitu
2839 3063 2903 3102 ac
2944 3048 3188 3104 scicntia:
3220 3049 3594 3106 illustrations

1994 3141 2197 3197 sensim
2226 3141 2655 3196 abscedentibus
2693 3158 2705 3194 :
2737 3141 2816 3196 sic
2844 3158 3064 3214 quoque
3101 3142 3285 3202 anima
3322 3142 3594 3204 virtutum

1993 3235 2196 3290 decore
2243 3251 2310 3290 ac
2358 3235 2603 3290 scientia:
2646 3235 3018 3291 illustrationc
3065 3235 3275 3290 munita
3324 3244 3382 3291 et
3428 3252 3595 3290 coruq

1992 3341 2204 3394 scante,
2240 3329 2334 3398 qui
2365 3329 2501 3385 foris
2555 3338 2659 3392 est,
2709 3330 2874 3384 homo
2918 3330 3389 3400 corrumpitur“;
3427 3346 3596 3386 carne

1991 3422 2205 3476 scilicet
2249 3420 2482 3476 rationis
2526 3419 2765 3475 adventu
2814 3436 2878 3474 ac
2923 3421 3236 3490 prtesentia.
3276 3423 3594 3482 naturalem

1992 3515 2193 3569 bonam
2225 3514 2606 3572 habitmlincm
2636 3521 2802 3582 atque
2834 3513 3078 3582 vigorem
3109 3515 3438 3569 amittente..

2060 3607 2149 3661 97.
2190 3598 2328 3660 Non.
2356 3607 2518 3660 aliter
2570 3604 2690 3662 fieri
2737 3612 2972 3674 poterat,
3022 3614 3082 3658 ut
3133 3614 3353 3660 creatus
3399 3604 3590 3671 homo,

1991 3699 2086 3753 Dei
2147 3698 2292 3756 filius
2333 3699 2590 3768 Dcusque
2625 3713 2722 3767 per
2753 3696 3118 3752 deiﬁcationis
3144 3697 3373 3767 gratiam
3405 3697 3590 3754 edice-

1993 3803 2166 3853 retur,
2207 3791 2341 3862 quin
2395 3791 2544 3862 prius
2585 3790 2886 3845 voluntatis
2919 3789 3223 3860 proposito,
3256 3789 3328 3845 ob
3364 3789 3588 3846 insitam

1993 3885 2070 3938 illi
2111 3893 2339 3946 natura,
2371 3898 2472 3938 suo
2515 3880 2688 3952 ipsius
2732 3881 3005 3934 arbitratu
3037 3880 3294 3934 mobilem
3339 3879 3588 3950 nullique

1991 3976 2414 4048 tnancipabilem
2442 3974 2782 4036 facultatem,
2811 3973 3010 4050 spiritu
3038 3981 3364 4026 nasceretur
3385 3989 3398 4027 :
3420 3988 3588 4043 quam

1994 4070 2188 4140 utique
2215 4067 2465 4124 deificam
2491 4065 2850 4136 divinamquc
2879 4080 2943 4118 ac
2970 4063 3108 4119 nihil
3136 4071 3412 4119 terrenam
3444 4065 3592 4119 nati-

1990 4163 2238 4226 vitatem,
2267 4175 2394 4218 cum
2433 4159 2645 4230 primus
2672 4157 2838 4230 634
2872 4158 3038 4212 homo
3073 4157 3397 4226 reliquerit;
3429 4157 3594 4212 bonis

1991 4259 2202 4316 scilicet
2241 4255 2349 4310 illis
2375 4269 2496 4325 quae
2522 4253 2640 4309 sola
2667 4261 2852 4308 mente
2878 4251 3265 4322 intelliguntur
3291 4250 3592 4330 hactenus-

1991 4368 2098 4423 quc
2147 4351 2385 4406 obscura
2425 4355 2574 4411 sunt,
2619 4361 2818 4402 sensus
2858 4344 3087 4401 delicias
3131 4359 3196 4400 ac
3242 4343 3592 4399 manifestam

1993 4443 2418 4501 delectationem
2464 4439 2794 4511 praeferens;
2833 4437 3194 4508 generatione
3238 4453 3306 4501 ex
3349 4436 3596 4507 corpori-

1925 4523 1966 4577 Ῐ)
1997 4540 2102 4593 bus
2149 4537 2297 4592 nulla
2336 4534 2556 4591 arbitrii
2595 4533 2879 4592 voluntate
2923 4540 3211 4587 constante
3261 4541 3592 4608 terrenaque

1999 4643 2164 4706 atque
2192 4627 2431 4692 mortali,
2468 4625 2780 4686 damnatur.

2037 4919 2216 4970 amur,
2245 4907 2450 4980 ubique
2492 4901 2767 4980 Maximus
2797 4909 2921 4980 post
2957 4900 3120 4980 Greg.
3155 4898 3312 4980 Nyss.
3343 4897 3590 4979 aliosque

2026 4978 2220 5032 iraccos
2249 4970 2552 5045 theologos,
2584 4989 2649 5027 ex
2683 4970 2847 5045 primi
2879 4970 3591 5045 parentistransgressione

2002 5047 2163 5102 nobis
2196 5038 2488 5109 inolevis§e
2520 5038 2729 5099 docet—2
2768 5038 3318 5108 alio—multiplicandi
3361 5038 3590 5092 humani

2000 5119 2221 5188 generis
2260 5118 2424 5174 modo
2465 5113 2785 5188 spiritaliori
2827 5113 2936 5166 Deo
2979 5127 3086 5165 non
3131 5110 3347 5188 ignoto,
3376 5111 3592 5188 integra

1998 5179 2166 5244 etiam
2210 5179 2511 5259 parentum
2535 5185 2883 5259 virginitate;
2916 5199 3082 5252 quem
3107 5181 3351 5259 _Angt_tst.
3385 5179 3590 5259 fatetur

1999 5276 2058 5315 se
2106 5249 2378 5329 ignorare.
2421 5259 2516 5321 Τὸ,
2551 5249 2948 5326 ἁπῇοαίρετονξ
2974 5249 3382 5329 (μιοᾱηξηνυὶιίιηι
3409 5249 3591 5329 reddit

1998 5324 2180 5393 Picus,
2207 5347 2315 5384 non
2349 5329 2482 5384 satis
2511 5324 2698 5396 aptum
2728 5344 2742 5379 :
2765 5324 2930 5379 sonat
2952 5325 3098 5378 enim
3124 5324 3216 5377 illa
3241 5338 3344 5376 vox
3369 5328 3588 5396 contra-

1999 5389 2135 5459 riam
2171 5389 2607 5472 volurrtatenrct
2643 5406 3073 5472 repugnantem,
3106 5407 3231 5472 cum
3264 5407 3370 5448 vox
3401 5389 3591 5472 Graeca

1996 5473 2176 5526 solum
2223 5471 2412 5526 liberze
2454 5466 2754 5524 voluntatis
2798 5467 2947 5521 dicat
2986 5466 3328 5526 absentiam,
3365 5466 3592 5530 opposi-

2000 5543 2149 5598 tione
2187 5543 2255 5613 a‘d
2291 5541 2596 5611 spiritalem
2633 5539 3048 5613 generationem
3089 5535 3244 5613 xerit
3267 5531 3595 5613 προαίρεσιν

1999 5615 2056 5666 ἐν
2097 5606 2387 5686 avaritias?
2423 5626 2539 5686 qua;
2573 5606 2832 5686 cx'libcla
2867 5607 3136 5686 tioiuntqte
3171 5606 3589 5686 agnituspiritu,

2000 5700 2109 5748 qua
2142 5675 2354 5738 scilicet
2384 5675 2666 5738 nascimur
2699 5698 2730 5736 a
2766 5681 2911 5744 Deo,
2939 5686 3000 5732 ut
3029 5678 3150 5748 ejus
3181 5675 3280 5730 filii
3313 5675 3488 5730 simus
3527 5687 3593 5735 ac

2000 5700 2109 5808 qua
2142 5700 2354 5738 SCtltCCt
2384 5700 2481 5737 nas

2000 5774 2020 5809 ι
2042 5755 2080 5809 ii
2112 5755 2223 5810 Deo
2255 5753 2482 5809 similes.
