4060 6424
286 425 420 500 i393

314 636 1268 672 ο-σ-ἀ--ιι-ι-ιάω-η-

1041 811 1858 961 ΜΑΞΙΜΟΥ

1278 453 1776 523 QUIESTIONES
1815 465 1916 524 AD
1956 466 2002 525 Τ
2005 467 2554 533 IIEOPEMPTUM.

3425 483 3566 552 139i

1271 663 2959 711 ..ὴ-..Ἢ

1957 833 2808 992 ΜΟΝΑΧΟΥ

1301 1057 1484 1113 ΠΡΟΣ
1522 1059 2005 1122 ΘΕΟΠΕΜΠΤΟΝ
2043 1070 2538 1130 ΣΧΟΛΑΣἸἹΚΟΝ

283 1166 880 1276 Ἔρωτ’ἠσιιξεέιηι.ἐξξεερὶΔ
914 1186 1285 1276 τούμμξρῦ
1335 1195 1458 1276 τῆς
1505 1197 1776 1276 ἀδικίας·
1837 1204 1944 1276 καὶ,
1998 1206 2134 1268 τοῦ,
2189 1226 2208 1259 ι
2273 1209 2416 1263 Ἐάν
2471 1212 2564 1276 τίς

2615 1230 2704 1287 σε-
2727 1215 2965 1283 ραπίσῃ
3026 1216 3127 1271 ἐπί
3185 1218 3302 1287 τὴν
3351 1220 3567 1287 δεξιὰνΙ

584 1254 842 1322 σιαγόνα
865 1271 880 1286 ⁶
917 1275 938 1309 ι
977 1259 1078 1313 καὶ
1107 1254 1236 1328 τοῦ,
1279 1281 1299 1317 ι
1327 1254 1449 1333 Mii-
1462 1285 1584 1337 μου
1612 1254 1831 1339 ἀπίου,
1857 1254 2058 1330 οὔπω*
2074 1254 2565 1350 ἀναϐέϐηᾮᾶ
3189 1254 3234 1342 ’λ

1046 1556 1767 1717 ΜΑΧΙΜΙ
1876 1570 2760 1736 MONACHI

1344 1852 1430 1894 AD
1473 1853 1777 1901 ΤΗΕΟΡΕΜ
1788 1857 1961 1903 PTUM
2006 1860 2488 1912 SCEOLASTICUM

260 1963 381 2040 Qui
432 1974 779 2072 quan_sielr'at
827 1977 907 2072 de
940 1977 1168 2072 judice
1219 1984 1677 2072 iniquitatis';
1725 1992 1940 2072 deque
1990 1994 2131 2072 illo,

494 2053 825 2116 maxillam
854 2053 979 2132 'g'»
1031 2061 1316 2143 itemque
1341 2053 1356 2066 ’
1387 2065 1532 2141 illo,
1577 2091 1607 2126 α

2205 2021 2236 2056 α
2270 2001 2332 2064 Si
2361 2021 2515 2083 quis
2559 2007 2954 2082 percusserit
2998 2015 3057 2070 te
3105 2009 3172 2072 in
3222 2009 3550 2076 dexteram

1664 2070 1806 2156 Ngli
1833 2070 1956 2133 ‘me
1999 2070 2264 2156 tangere
2297 2103 2312 2142 :
2347 2070 2636 2144 nondum
2681 2085 2856 2148 enim
2919 2070 3184 2152 escendi
3223 2070 3310 2152 ad

1717 2150 1962 2213 Patrem
1995 2153 2038 2215 ',
2068 2178 2098 2212 »

322 2417 440 2532 ρῖς,
471 2425 641 2495 Λόγος
695 2420 935 2503 ὗπὰρχει
992 2428 1055 2487 τό
1111 2440 1610 2513 προσκυνούμενον,
1635 2439 1840 2512 τούτοις

2014 2444 2184 2525 ’635
2207 2451 2423 2520 Quibus
2440 2450 2685 2512 Verbum
2706 2471 2771 2513 ac
2799 2457 2995 2514 Sermo
3021 2469 3126 2526 est,
3146 2460 3294 2532 quod
3325 2462 3548 2531 colitur,

255 2516 345 2569 καί
379 2517 501 2587 βίος
541 2521 835 2595 ὲκφάντωρ
883 2526 1047 2596 λόγου
1103 2530 1166 2584 τὸ
1228 2535 1670 2606 κατορθούμενον
1699 2555 1712 2569 ·
1755 2539 1846 2594 ἵνα

255 2610 532 2703 σφραγῖδα
567 2613 822 2680 γνώσεως
852 2616 1090 2690 ἀληθοῦς
1111 2621 1212 2694 τὴν
1240 2629 1438 2698 πεῖραν
1468 2626 1725 2694 λαϐόντες
1745 2631 1846 2703 τῆς

253 2701 528 2769 πράξεως,
562 2705 808 2775 μάθωσιν
857 2711 952 2781 ἀφ’
983 2706 1095 2778 ὧν,
1127 2714 1205 2778 ὡς
1251 2715 1433 2786 Θέμις,
1481 2701 1843 2788 πεπόνθασιν,

251 2790 370 2878 ὅσον
407 2795 512 2848 τοῦ
545 2797 600 2850 τί
625 2798 846 2861 εἰδέναι.
879 2802 1067 2872 μεῖζον
1099 2805 1162 2858 τὸ
1186 2805 1436 2875 γίνεσθαι
1469 2825 1484 2840 ο
1527 2811 1622 2864 καὶ
1653 2811 1844 2867 τούτου

255 2884 480 2974 μᾶλλον,
506 2887 569 2973 τὸ
597 2888 684 2941 ἀεὶ
704 2892 798 2944 καὶ
834 2893 1056 2962 μᾶλλον,
1091 2896 1197 2961 ἕως
1217 2895 1285 2952 ἂν
1311 2899 1496 2964 αὐτοῖς
1524 2903 1556 2972 ή
1589 2902 1726 2974 πρὸς
1751 2904 1845 2958 τδν

253 2970 426 3029 αἴτιον
483 2968 809 3045 ἀδίστακτος
858 2985 1138 3052 οἰκείωσις
1161 3025 1177 3053 ,
1210 2968 1844 3064 κατορθωθείηίστάσει

250 3068 345 3158 τὴν
375 3067 602 3158 κίνησιν
628 3073 1050 3144 περιγράφουσα
1083 3077 1179 3131 καὶ
1208 3079 1446 3154 ἀτρεψίᾳ.
1473 3083 1701 3156 γνώμης
1747 3085 1846 3158 τὴν

250 3155 440 3225 ἔθεσιν
469 3175 482 3188 ·
512 3155 594 3223 οἷς
646 3163 746 3216 καὶ
777 3165 810 3234 ἡ
847 3165 989 3232 μετὰ
1019 3168 1185 3240 χάριν
1230 3172 1518 3238 ὲκθέωσις,
1559 3155 1713 3246 ἱερᾶς
1744 3155 1847 3249 της

251 3249 386 3302 κατὰ
421 3250 578 3310 τάνδε
617 3254 709 3306 τὸν
733 3254 848 3324 βίον
876 3258 973 3312 καὶ
1019 3259 1286 3328 θεοειδοῦς
1328 3266 1558 3336 ἀγωγῆς
1608 3267 1847 3324 ἔπαθλον

251 3341 595 3398 ἀναδίδοται.
633 3347 778 3417 Πρὸς
826 3349 922 3415 οὓς
952 3351 1103 3422 μάλα
1133 3356 1316 3424 σοφῶς
1361 3359 1568 3424 καύτὸς
1597 3361 1844 3415 ἀπευθύ-

250 3436 481 3489 νωντὸν
515 3436 650 3507 βίον,
680 3441 1020 3512 θεοφύλακτε
1048 3445 1313 3512 δέσποτα,
1340 3449 1525 3520 ζητεῖν
1551 3452 1753 3528 ἐπείγῃ
1781 3455 1845 3509 τὺ

254 3529 386 3581 πᾶσι
459 3532 825 3602 προκείμενον
875 3536 944 3590 δι’
973 3537 1312 3611 ἀγαθότητα,
1377 3542 1476 3598 καὶ
1517 3543 1728 3609 πάντας
1773 3547 1844 3601 δι’

248 3619 515 3693 ἀπειρίαν
571 3624 957 3698 διαδιδρᾶσκον
989 3647 1003 3660 ·
1059 3631 1120 3684 τὸ
1174 3632 1296 3702 μὲν,
1327 3634 1394 3687 ἶν’
1435 3635 1644 3712 ἑλκύσῃ
1703 3641 1844 3712 πρὸς

246 3713 433 3779 ἑαυτὸ,
469 3715 548 3786 τῷ
576 3718 848 3792 ἀμηχάνῳ
873 3721 974 3792 τῆς
1001 3723 1342 3796 ὡραιότητος
1401 3729 1687 3798 κεντρίζον
1741 3734 1844 3804 τὴν

1951 2541 2022 2599 iis
2049 2558 2271 2612 quoque
2302 2544 2385 2600 sic
2416 2545 2530 2601 vita
2563 2546 2816 2601 instituta
2836 2554 2942 2614 est,
2965 2556 3028 2602 ut
3050 2564 3151 2603 suo
3182 2550 3296 2619 ipsa
3319 2565 3551 2606 munere

1949 2635 2109 2691 verbi
2132 2638 2516 2708 sermonisque
2537 2638 2812 2710 interpres
2838 2640 2942 2707 sit;
2974 2656 3085 2711 quo
3107 2641 3340 2708 scilicet,
3371 2642 3548 2714 ipsum

1948 2726 2188 2783 actionis
2232 2729 2413 2799 reipsa
2449 2730 2778 2800 periculum,
2815 2747 2961 2787 verae
3003 2733 3249 2788 scientia:
3289 2733 3548 2805 signacu-

1947 2819 2062 2875 lum
2091 2821 2261 2887 nacti,
2292 2837 2358 2877 ex
2384 2822 2452 2878 iis
2479 2839 2602 2893 quae
2630 2823 2775 2894 passi
2807 2824 2919 2880 sint
2944 2826 3127 2895 quoad
3157 2827 3310 2892 licet,
3344 2824 3552 2882 intelli-

1947 2919 2098 2982 gant,
2129 2921 2398 2982 quantum
2439 2923 2662 2984 praestet
2701 2916 2992 2986 majusque
3037 2917 3131 2983 sit,
3177 2917 3296 2973 ﬁeri
3338 2918 3550 2989 aliquid

1947 3021 2116 3076 quam
2156 3007 2338 3074 scire;
2382 3007 2549 3078 idque
2595 3008 2734 3064 adeo
2777 3010 2953 3081 magis
2999 3026 3219 3082 semper
3263 3012 3553 3082 magisque

1948 3093 2093 3162 ﬁeri,
2132 3095 2312 3152 donec
2348 3096 2588 3152 indivisa
2633 3113 2760 3153 cum
2806 3099 3048 3156 Auctore
3077 3099 3433 3157 necessitudo
3467 3101 3553 3158 eis

1948 3184 2250 3259 obtigerit,
2293 3189 2412 3260 ipsa
2463 3191 2652 3261 quiete
2698 3200 2911 3248 motum
2953 3192 3452 3261 circumserihens,
3493 3205 3553 3250 et

1948 3293 2072 3348 quae
2101 3278 2525 3336 invertibilitate
2552 3282 2722 3336 animi
2753 3283 3090 3338 desiderium
3128 3283 3282 3339 finiat
3307 3303 3321 3339 :
3347 3285 3550 3356 quibus

1946 3371 2138 3437 etiam,
2169 3386 2293 3443 quae
2329 3373 2522 3444 gratiae
2542 3383 2862 3439 eomesest,
2892 3374 3171 3431 deiﬁcatio
3199 3375 3547 3444 conferatur,

1947 3465 2120 3521 sacrae
2145 3481 2209 3521 ac
2251 3465 2539 3522 deiformis
2572 3467 2940 3523 institutionis
2972 3467 3106 3523 dum
3147 3469 3256 3524 hoc
3283 3469 3548 3525 saxulum

1946 3556 2207 3623 vertitur,
2231 3558 2478 3628 praemio.
2524 3559 2606 3614 Ex
2626 3559 2824 3614 horum
2859 3567 2914 3614 tu
2946 3577 3246 3631 quoquc-ea
3275 3563 3388 3617 Deo
3416 3579 3551 3618 con-

1947 3656 2164 3704 servate
2205 3649 2451 3716 domine,
2486 3652 2701 3707 ratione
2730 3653 3012 3724 sapienter
3044 3654 3344 3711 admodum
3375 3657 3548 3712 vitam

1949 3739 2218 3810 dirigens,
2263 3741 2529 3797 desiderii
2575 3738 2778 3799 ardOre
2819 3745 3044 3814 quaeris,
3086 3745 3258 3816 quod,
3289 3761 3356 3800 eo
3396 3747 3546 3817 quod

252 3805 446 3876 ἔφεσιν
472 3824 487 3839 ο
524 3809 585 3862 τὸ
621 3809 700 3874 δὲ,
736 3811 825 3866 ἵνα
875 3814 1154 3887 στομὼσῃ,
1183 3821 1250 3889 τῇ
1301 3820 1404 3890 τῆς
1465 3821 1840 3895 ὑπεραπείρου

1949 3805 2158 3885 bonum
2182 3805 2397 3888 cunctis
2419 3833 2731 3904 expositum
2753 3805 3121 3906 est-quodque
3141 3851 3221 3891 eo
3237 3837 3387 3907 quod
3414 3805 3545 3892 inti—

245 3900 600 3972 καταπλήξει
635 3904 730 3957 καὶ
755 3904 905 3969 θείας
935 3907 1215 3980 ὑπεροχῆς
1237 3915 1592 3982 περιστέλλον
1631 3917 1725 3970 τὸν
1751 3920 1842 3973 κόο

247 4009 360 4064 ρον,
400 3995 624 4066 ὕϐρεως
649 3997 778 4052 ὄντα
811 4001 1027 4072 πατέρα
1070 4005 1176 4057 καὶ
1217 4006 1524 4077 διαχύσεως
1570 4011 1841 4084 γέννημα,

242 4090 355 4151 τοῖς
408 4089 514 4159 τὴν
576 4091 840 4164 φλογίνην
879 4095 1162 4165 ῥομφαίαν
1215 4100 1278 4152 οὐ
1329 4101 1707 4174 προθεωροῦσι
1742 4108 1840 4160 σὺν

243 4182 356 4244 τοῖς
393 4184 680 4255 Χερουϐὶμ
708 4187 1053 4258 τεταγμένην
1077 4191 1171 4243 καὶ
1195 4195 1592 4266 στρεφομένην,
1615 4198 1720 4251 οὐκ
1743 4199 1839 4254 ἀλ-

243 4270 377 4337 λοις,
415 4275 450 4345 ἦ
494 4278 606 4338 τοῖς
633 4277 758 4348 δίχα
790 4278 955 4344 φόϐον
979 4281 1120 4352 πρὸς
1150 4284 1355 4355 ἀρετὴν
1382 4288 1833 4358 ἐπιστρέφουσιν·

243 4363 396 4418 ἐνθεν
434 4367 514 4436 τῷ
539 4368 766 4437 μεγέθει
799 4370 903 4442 τῆς
932 4372 1026 4424 ἐπὶ
1051 4373 1119 4428 τὰ
1145 4375 1286 4430 καλὰ
1320 4381 1608 4450 προκοπῆς
1637 4399 1838 4437 συνεπο

240 4461 507 4514 εκτείνων
561 4460 624 4513 τὸ
674 4461 928 4533 μέτριον,
969 4457 1014 4530 ᾧ
1044 4468 1138 4519 καὶ
1185 4469 1391 4538 μᾶλλον
1440 4471 1702 4540 έπαύξεις
1741 4479 1839 4530 σὺν

238 4549 523 4622 ἀσφαλείᾳ
567 4551 668 4623 τὴν
708 4555 939 4625 πρόοδον
971 4558 1256 4628 ’ςὴξὶωσας
1295 4561 1548 4635 ἀγνώτην
1595 4565 1726 4619 ὄντα
1767 4585 1836 4636 με

237 4641 332 4692 καὶ
387 4641 648 4696 ταπεινὸν
692 4645 1028 4716 ἐπιγνῶναι,
1058 4649 1126 4702 δι’
1150 4645 1211 4706 οὗ
1266 4655 1382 4716 τοῖς
1429 4656 1555 4708 κατ’
1593 4658 1766 4729 αὐτὴν
1801 4660 1834 4732 ἡ

239 4733 405 4800 φύσις
455 4735 660 4805 τρόπου
713 4739 1043 4811 παρείχετο’
1099 4746 1242 4812 φημὶ
1283 4744 1381 4808 δὲ,
1417 4747 1513 4800 τοῦ
1573 4751 1837 4822 γράμμα-

238 4838 332 4888 τος
369 4841 383 4855 ο
421 4825 450 4878 ὃ
507 4826 665 4895 λόγος
719 4830 1066 4895 συνδεκτικὸς
1119 4833 1229 4886 τῶν
1273 4835 1529 4892 ἀπόντων
1571 4841 1713 4904 ἐστὶ,
1739 4845 1834 4898 καῖ

236 4919 349 4972 τῶν
382 4922 447 4974 οὐ
496 4921 844 4993 βλεπομένων
885 4927 1277 4997 ὲμφανιστικός
1318 4946 1332 4960 °
1366 4933 1624 4989 τοσοῦτον
1649 4937 1832 5009 νοήσει

233 5015 577 5083 παραδιδοὺς
628 5017 725 5071 καὶ
790 5019 1081 5073 συνάπτων
1118 5022 1212 5075 τὸν
1255 5021 1395 5088 τέως
1458 5027 1715 5098 αἰσθήσει
1755 5029 1830 5101 μὴ

233 5108 669 5179 γνωριζόμενον,
699 5112 824 5165 ὅσον
863 5111 952 5168 διὰ
977 5113 1187 5220 ταύττης
1213 5117 1377 5182 αὐτὸς
1419 5122 1825 5194 χαραττόμενος
1855 5161 1900 5220 c

234 5201 545 5269 παχύνεται
588 5203 1016 5276 σωματούμενος
1045 5222 1058 5236 ·
1095 5199 1140 5274 ᾧ
1195 5209 1296 5261 καὶ
1336 5208 1437 5282 τὴν
1485 5211 1626 5285 ἐμὴν
1681 5216 1832 5271 οὐδέσ

232 5309 388 5345 νειιν
417 5295 497 5356 είς
523 5293 688 5350 πόθον
717 5295 926 5365 ἤγαγες
952 5295 1044 5350 τὸν
1069 5297 1334 5370 ὑμέτερον
1377 5301 1541 5356 πλέον
1561 5343 1575 5369 ,
1701 5307 1830 5362 θέαν

231 5383 337 5453 τὴν
367 5385 580 5438 οἰκείαν
612 5386 925 5457 ἁσωμάτως
963 5390 1267 5462 κεκίνηκας
1291 5410 1306 5425 ο
1346 5395 1633 5467 προδείξας
1666 5402 1830 5455 αὐτὸν

233 5473 327 5527 ἐπ’
354 5476 560 5545 ἀμφοῖν
585 5476 799 5532 τούτοιν
824 5479 969 5550 ἔχειν
1002 5482 1204 5553 μᾶλλον
1232 5485 1294 5538 τδ
1320 5483 1437 5540 ἶσον
1472 5491 1603 5560 περὶ
1623 5491 1717 5546 τὸν
1739 5494 1829 5548 λό-

231 5579 355 5632 γον,
397 5567 430 5625 ἦ
463 5567 586 5622 ὅσον
616 5567 794 5641 ἕτεροι
825 5573 955 5644 περὶ
986 5572 1046 5627 σὲ
1067 5574 1167 5646 τὴν
1188 5574 1284 5629 τοῦ
1310 5575 1472 5646 λόγου
1499 5579 1661 5653 χάριν
1676 5588 1831 5657 παρὰ

233 5667 363 5723 τους
384 5659 580 5725 ἄλλους
597 5664 1002 5735 προτερήματα
1030 5667 1046 5688 "
1067 5684 1082 5698 ο
1117 5663 1200 5732 οἷς
1233 5667 1324 5724 διὰ
1351 5670 1469 5741 βίου
1513 5677 1830 5750 κοσμούμε-

1946 3922 2149 3988 nilum,
2179 3923 2319 3994 fugit
2345 3938 2541 3980 omnes
2573 3941 2586 3978 :
2619 3924 2855 3980 alterm
2889 3926 3134 3996 quidem,
3158 3935 3226 3982 ut
3251 3925 3318 3980 ad
3347 3942 3406 3982 se
3431 3936 3547 3982 tra-

1944 4015 2062 4080 hat,
2102 4015 2375 4072 immenso
2399 4017 2602 4072 decore
2634 4016 2996 4087 cupiditatem
3034 4019 3422 4087 exstimulans;
3461 4021 3544 4075 al-

1947 4119 2303 4176 terumvero,
2323 4120 2394 4167 ut
2421 4112 2580 4182 quasi
2606 4112 2791 4180 duret,
2820 4127 2986 4184 supra
3012 4129 3177 4184 quam
3220 4113 3450 4168 inﬁnita;
3480 4113 3545 4167 il-

1943 4204 2060 4260 lius-
2085 4193 2397 4276 divinaeque
2441 4205 2781 4262 excellentiae
2807 4213 3050 4278 stupore
3090 4205 3373 4261 fastidium
3427 4223 3542 4262 am-

1943 4304 2145 4367 putans
2199 4303 2364 4366 atque
2413 4296 2711 4362 inhibens,
2782 4313 2893 4367 quo
2946 4297 3190 4367 proclive
3241 4297 3541 4370 spretiouis

1943 4387 2145 4458 injuria
2192 4396 2299 4454 est,
2348 4396 2405 4443 et
2439 4389 2586 4459 quod
2638 4389 2821 4460 ipsum
2870 4387 3186 4445 dil‘fusionis
3223 4391 3409 4460 proles
3441 4406 3541 4447 ex-

1940 4477 2120 4542 sistat,
2158 4480 2264 4544 his,
2293 4480 2390 4550 qui
2419 4488 2706 4536 extentum
2750 4480 2918 4537 sociis
2953 4481 3254 4537 Cherubim
3298 4498 3365 4538 ac
3397 4483 3540 4538 voli-

1942 4577 2148 4624 tantem
2171 4585 2280 4625 non
2310 4571 2617 4640 praevident
2640 4571 2954 4628 ﬂammeum
2991 4573 3236 4644 gladium
3271 4572 3326 4640 ⁵;
3356 4589 3539 4644 neque

1933 4661 2063 4718 aliis
2087 4679 2251 4733 quam
2278 4663 2372 4734 qui
2395 4663 2514 4718 sine
2535 4673 2686 4718 metu
2713 4679 2817 4719 nec
2838 4663 2933 4717 illo
2955 4665 3158 4719 comite
3185 4664 3252 4718 ad
3274 4664 3536 4720 virtutem

1937 4763 2360 4812 convertuntur.
2417 4756 2557 4811 Hinc
2605 4756 2772 4828 636
2820 4755 3082 4810 nimirum
3133 4757 3361 4826 paribus
3407 4773 3534 4812 cum

1937 4848 2159 4904 honesti
2185 4848 2439 4918 profectu
2466 4847 2668 4913 modis,
2695 4848 2932 4903 modesti
2960 4849 3131 4902 animi
3159 4864 3382 4904 sensum
3409 4865 3536 4921 pro-

1934 4941 2157 5006 ferens,
2173 4957 2285 5012 quo
2306 4948 2363 4996 et
2383 4941 2565 4996 omnis
2600 4956 2834 4996 securus
2855 4940 3112 5010 periculi,
3133 4943 3397 5014 majorem
3419 4942 3535 4998 fru«

1935 5043 2085 5089 ctum
2110 5033 2274 5100 facis;
2305 5041 2366 5088 ut
2386 5041 2443 5088 et
2472 5033 2646 5104 ignoti
2675 5035 2784 5088 mei
2825 5041 2992 5102 atque
3025 5035 3252 5090 humilis
3280 5035 3564 5091 notitia-m-

1933 5127 2342 5183 conciliandam
2393 5141 2560 5197 opera
2606 5126 2901 5196 studioque
2952 5126 3264 5194 putaveris,
3315 5144 3427 5198 quo
3471 5127 3536 5184 id

1933 5220 2121 5284 modo,
2164 5234 2342 5290 exque
2387 5219 2504 5274 suis
2531 5219 2861 5284 rationibus,
2895 5227 3094 5274 natura
3138 5220 3403 5288 indulsit;
3437 5237 3538 5292 per

1931 5312 2148 5367 litteras
2183 5312 2397 5368 scilicet
2427 5327 2490 5366 ac
2528 5310 2825 5380 epistolas;
2859 5310 2980 5382 ejus
3011 5311 3271 5365 nimirum
3315 5311 3534 5382 generis

1931 5419 2212 5469 sermone,
2250 5404 2347 5474 qui
2394 5405 2555 5474 longe
2587 5403 2846 5460 absentes
2891 5403 3028 5458 alios
3073 5403 3195 5458 aliis
3230 5405 3416 5470 'unia‘t,
3458 5421 3533 5460 ac

1935 5513 2222 5567 nunquam
2267 5513 2334 5551 ex
2370 5495 2509 5552 facie
2550 5494 2722 5561 visos,
2773 5491 3096 5550 manifestos
3141 5495 3334 5549 reddat
3365 5512 3379 5549 :
3408 5503 3532 5551 tan-

1938 5596 2056 5643 tum
2106 5586 2370 5643 nimirum
2397 5585 2611 5641 tmentis
2658 5583 3020 5656 intelligentia
3059 5584 3319 5655 pararcus
3345 5600 3410 5640 ac
3436 5585 3536 5641 do-

1936 5679 2210 5746 vinciens,
2237 5680 2332 5752 qui
2360 5677 2599 5736 need-um
2622 5693 2790 5734 sensu
2822 5675 3084 5744 innotuit,
3105 5685 3380 5747 quantum
3411 5677 3530 5750 ipse

308 5774 325 5806 ⁸
357 5773 494 5831 Luc.
528 5789 680 5841 mu,
710 5777 765 5833 6.
840 5781 862 5813 ³
892 5778 1031 5838 Luc.
1067 5797 1144 5850 vr,
1174 5782 1265 5840 29.
1345 5783 1368 5817 ³
1390 5785 1550 5845 Ξοιιιι.
1585 5804 1678 5860 xx,
1701 5790 1795 5850 27.

1934 5795 2059 5854 Gen.
2081 5810 2172 5865 nr,
2203 5795 2295 5851 24.

309 5892 332 5916 θ
357 5891 546 5950 Locus
569 5891 862 5966 obscurus,
890 5913 957 5955 ac
983 5898 1126 5958 forte
1155 5899 1476 5960 mendosus.
