4060 6420
512 369 652 447 1395

1665 380 1725 440 S.
1767 373 2055 439 MAXIMI
2093 377 2601 440 CONFESSORIS

3621 381 3750 449 139B

509 497 613 561 per
635 503 763 546 eum
783 480 862 558 (id
882 492 970 542 est
996 484 1244 558 sensum)
1277 498 1536 545 exaratos
1568 499 1848 546 crassatur
1863 504 2097 558 corpore

2212 503 2309 550 θος,
2332 487 2450 551 πῶς
2478 504 2610 541 ποτε
2643 488 2744 560 τὴν
2771 487 2910 561 ἐμὴν
2963 487 3324 560 ἀμϐλυωπίαν
3359 490 3493 562 πρὸς
3542 491 3755 563 θεωρίαν

510 580 868 638 convestitus.
894 579 1015 648 Quo
1047 589 1105 636 et
1136 596 1413 647 sermone,
1449 582 1507 637 in
1538 583 1618 638 tui
1661 583 1838 653 majus
1878 581 2099 637 deside-

510 674 678 737 rium,
715 687 905 731 meum
934 672 1259 729 tenuitatem
1287 681 1345 728 et
1370 674 1520 744 quod
1566 674 1798 745 exiguus
1842 681 1899 729 et
1940 673 2101 728 nihili

509 777 655 823 sum,
697 762 933 829 traxisti,
979 763 1070 819 cui
1116 764 1441 833 incorporea
1488 764 1701 820 ratione
1741 765 1822 819 tui
1861 764 1978 835 ipse
2010 780 2120 820 as-,

487 863 731 926 pectum
760 856 1221 926 praesentiamque
1262 856 1646 924 suscitaveris;
1682 857 1979 915 ostendens
2010 857 2099 912 ni—

509 945 714 1001 mirum
748 954 987 1017 ntroque
1032 948 1207 1019 magis
1250 957 1302 1003 te
1348 957 1594 1015 nactum,
1643 949 1918 1007 sermonis
1963 949 2097 1015 ritu,

509 1039 911 1109 aequalitatem;
958 1053 1124 1111 quam
1157 1048 1252 1096 tuo
1296 1042 1390 1097 alii
1436 1042 1711 1099 sermonis
1750 1044 2007 1115 gratiam,
2038 1052 2104 1101 ut

512 1129 745 1200 reliquis
769 1132 1088 1202 praecellant
1113 1149 1128 1187 :
1152 1132 1357 1203 quibus
1382 1149 1481 1203 per
1510 1135 1683 1189 vitam
1710 1142 1960 1201 ornatus,
1991 1150 2109 1205 quo

513 1232 758 1291 unquam
802 1224 967 1280 modo
999 1224 1326 1297 caligantem
1355 1231 1597 1281 mentem
1635 1242 1814 1283 meam
1856 1227 1927 1282 ad
1968 1240 2103 1283 cona-

515 1312 932 1382 templationem
961 1314 1347 1381 inducendam,
1381 1314 1481 1370 tibi
1510 1315 1627 1386 ipse
1656 1330 1838 1387 opera:
1864 1316 2104 1387 pretium

513 1400 742 1469 duxisti,
786 1403 956 1476 idque
1000 1414 1286 1461 sacrorum
1329 1405 1601 1476 ejusmodi
1651 1422 1997 1474 sermonum,
2041 1423 2107 1463 ac

2200 579 2419 648 ὲνάγειν
2448 580 2812 646 ὲσπούὸασας,
2854 581 3016 651 ιερῶν
3051 584 3143 637 καὶ
3175 582 3348 636 ταῦτα
3374 583 3566 653 λόγων,
3585 586 3675 640 καὶ
3689 579 3758 642 ὧν

2204 674 2540 745 ήὲπίεασις,
2579 677 2828 746 κρεῖττον
2874 674 2908 746 ἢ
2953 675 3095 731 κατά
3142 674 3449 748 ἄνθρωπον,
3478 675 3570 732 τὸν
3619 678 3760 734 οὔπω
3842 749 3849 755 _

2203 765 2424 832 τελείως
2462 768 2564 823 ὐπε
2574 767 2883 838 ραναὸάντα
2905 768 3004 842 τὴν
3031 768 3139 823 τῶν
3165 770 3414 825 ἀστάτων
3438 770 3529 824 καὶ
3559 770 3763 827 διαστα-

2205 855 2316 911 τῶν
2342 856 2506 928 φύσιν
2540 859 2634 915 καὶ
2664 859 2880 929 γένεσιν
2908 876 2924 893 ·
2966 863 3042 932 μὴ
3089 862 3172 915 ὅτι
3202 861 3262 930 γ’
3291 861 3416 932 ἐμοὶ
3442 861 3519 933 τῷ
3563 865 3764 935 φορυτῷ

2205 947 2413 1002 τούτων
2488 946 2755 1015 ἑκουσίως
2822 950 3232 1021 συμφυρομένῳ
3262 989 3278 1014 ,
3345 954 3438 1004 καὶ
3497 950 3763 1020 σκώληκος

2206 1039 2365 1111 δίκην
2421 1043 2488 1113 τῇ
2541 1041 2707 1114 σήψει
2744 1041 2856 1096 τῶν
2883 1042 3216 1115 ἀκαθάρτων
3260 1042 3656 1115 καλινδουμὲνῳ
3681 1046 3767 1100 καὶ

2208 1131 2454 1203 ἡδομένῳ
2482 1131 2858 1204 παθῶν.ῐιλὴν
2882 1132 2983 1204 τῆς
3008 1132 3325 1197 εὐπειθείας
3353 1132 3532 1204 χάριν,
3561 1133 3653 1187 καὶ
3676 1133 3768 1204 τῆς

2209 1222 2483 1297 θμετέρας
2509 1225 2735 1297 ἀγάπης
2766 1224 2958 1299 τιμὴν,
2988 1226 3097 1287 τῶν
3144 1225 3287 1297 ὑπὲρ
3319 1225 3475 1290 ἀξίαν
3520 1227 3771 1279 κατατολ-

2214 1316 2351 1388 μῶν,
2388 1318 2575 1373 ἐκεῖνά
2618 1335 2764 1389 φημι
2804 1319 2934 1389 περὶ
2975 1311 3052 1372 ὧν
3102 1316 3424 1371 ἐκελεύσατε
3455 1333 3471 1349 ·
3502 1329 3769 1385 στοχαστι-

2210 1408 2348 1474 κῶς.
2388 1410 2503 1465 ἀλλ’
2526 1411 2626 1465 οὐκ
2652 1411 3066 1480 ἀποφαντικῶς.

514 1509 752 1569 quorum
796 1499 1094 1564 assecutio,
1138 1513 1304 1569 quam
1351 1513 1454 1568 pro
1482 1500 1603 1570 ejus
1633 1499 1896 1556 facultate
1942 1501 2196 1571 superior
2217 1503 2453 1569 eXsistit,
2503 1504 2600 1575 qui
2638 1504 2877 1561 necdum
2927 1503 3172 1575 perfecte
3223 1501 3563 1559 instabilium
3602 1515 3774 1555 rerum

513 1605 581 1646 ae
600 1590 954 1647 dividuarum
975 1600 1231 1648 naturam
1288 1600 1584 1664 ortumque
1642 1584 2182 1664 superavitmedum
2222 1614 2323 1669 pro
2372 1612 2513 1663 mea,
2558 1598 2655 1668 qui
2687 1597 2886 1653 horum
2936 1605 3133 1669 sponte
3174 1596 3412 1653 colluvie
3439 1594 3689 1659 miscear,
3720 1606 3778 1647 ac

516 1682 726 1739 vermis
771 1683 969 1749 instar,
998 1683 1055 1738 in
1087 1684 1500 1741 immundorum
1528 1684 1660 1742 tabo
1689 1686 1989 1743 aﬂ‘ectuum
2011 1689 2233 1745 voluter
2290 1705 2355 1745 ac
2376 1690 2628 1745 delicier.
2660 1689 2961 1745 Enimvero
3022 1688 3353 1759 obsequenti
3422 1686 3628 1751 animo,
3651 1695 3704 1741 et
3724 1693 3779 1740 ut

513 1782 714 1830 vestrae
741 1774 1026 1831 dilectioni
1059 1775 1326 1831 honorem
1354 1776 1610 1841 habeam,
1659 1779 1868 1850 majora
1916 1781 2204 1852 aggredior
2225 1798 2395 1854 quam
2415 1797 2516 1854 pro
2543 1796 2665 1838 mea
2696 1782 2978 1848 facultate,
3030 1788 3092 1839 ut
3149 1780 3219 1837 de
3261 1781 3469 1852 quibus
3523 1779 3781 1853 jussistis,

514 1868 729 1934 dicam;
776 1868 832 1924 id
863 1882 998 1924 vero
1041 1869 1382 1940 conjectura,
1418 1885 1530 1925 non
1559 1870 1718 1940 quasi
1765 1870 1882 1942 ipse
1918 1872 2212 1929 decernam
2242 1891 2306 1932 ac
2331 1875 2663 1932 sententiam
2693 1873 2890 1930 feram.

584 1959 837 2017 Iudicem
888 1959 1202 2031 iniquitatis
1258 1962 1315 2016 in
1358 1959 1689 2032 Evangelio,
1740 1961 1975 2035 ﬁgurato
2022 1964 2108 2020 lo-

2285 1965 2497 2039 Κριτὴν
2556 1965 2771 2028 ἀδικίας
2829 1966 2887 2019 ἐν
2939 1963 3019 2034 τῷ
3043 1956 3367 2033 Εὐαγγελίφ
3406 1951 3781 2031 παραῦολικῶς

512 2050 721 2122 quendi
755 2066 959 2123 genere
996 2058 1052 2107 et
1090 2068 1190 2123 per
1231 2052 1683 2120 similitudinem,
1725 2063 1968 2111 mentem
2010 2072 2111 2112 nou-

512 2151 684 2201 stram
702 2143 999 2216 significari
1029 2144 1270 2200 arbitror
1298 2160 1363 2200 ac
1390 2146 1723 2216 nuncupari,
1749 2148 1895 2216 quod
1937 2148 2109 2203 nimi-

512 2249 640 2292 rum
670 2238 785 2307 jam
818 2236 941 2305 ipso
972 2235 1134 2291 initio
1164 2235 1623 2306 transgressionis
1657 2246 1813 2291 reatu
1855 2237 2110 2308 iniquum

508 2318 783 2399 judicium
809 2326 1037 2394 fecerit;
1060 2328 1266 2398 quippe
1288 2327 1609 2384 Conditoris
1637 2327 1719 2382 illi
1743 2337 1931 2399 spreto
1957 2346 2111 2386 man-

512 2422 670 2491 dato,
703 2423 1157 2494 corruptorisque
1185 2423 1400 2481 delecto
1422 2423 1654 2479 consilio
1682 2439 1793 2495 quo
1818 2423 2027 2479 factum
2052 2433 2111 2480 ut

511 2521 736 2574 terrena
763 2531 885 2572 esse
913 2516 1074 2587 longe
1098 2515 1422 2586 praetulerit,
1445 2530 1608 2586 quam
1640 2522 1700 2571 ut
1722 2525 1868 2572 esset
1900 2516 2112 2572 divina-

513 2625 625 2682 que
649 2610 929 2666 evaderet.
963 2610 1093 2681 Ejus
1125 2607 1428 2674 civitatem,
1456 2623 1680 2663 sensum
1718 2608 1987 2681 intelligo,
2014 2618 2113 2664 aut

516 2701 788 2757 mundum
812 2701 989 2757 oculis
1018 2701 1351 2773 subjectum,
1382 2700 1439 2754 in
1467 2700 1674 2770 quibus
1701 2700 1947 2756 dementi
1977 2716 2111 2756 con-

514 2790 643 2848 silio
688 2790 922 2846 libidine
973 2790 1396 2861 conquiescens,
1442 2790 1784 2847 habitatione
1844 2799 2110 2863 certoque

514 2882 802 2941 domicilio
827 2883 1128 2939 incolatum
1169 2884 1434 2951 mutavit;
1465 2899 1646 2954 neque
1679 2884 1854 2940 Deum
1885 2884 2110 2950 timens,

513 2990 699 3047 neque
719 2992 854 3032 vero
875 2977 1155 3043 eumdem,
1183 2978 1362 3033 nostri
1387 2988 1553 3033 causa
1576 2977 1859 3034 hominem
1880 2977 2108 3044 factum,

516 3077 816 3135 reverens;
851 3067 1087 3123 alterum
1120 3066 1345 3137 quidem
1372 3081 1487 3137 prae
1517 3065 1795 3122 dementia
1822 3081 1887 3122 ac
1919 3082 2112 3138 super-

518 3160 612 3218 hia
632 3177 648 3228 ;
672 3159 906 3216 alterum
932 3166 1139 3225 autem,
1167 3172 1279 3231 prae
1306 3165 1624 3228 contemptu
1647 3174 1662 3226 ;
1686 3157 1848 3231 637
1873 3173 2109 3230 quarum

2212 2058 2482 2128 ὑπάρχειν
2510 2058 2606 2112 καὶ
2642 2055 2924 2124 λέγεσθαι,
2951 2055 3043 2109 τὸν
3065 2054 3337 2134 ἡμέτερον
3359 2052 3647 2122 λογισμὸν,
3683 2051 3778 2121 ἀρο

2208 2148 2376 2221 χῆθεν
2405 2152 2471 2204 ὲκ
2505 2148 2870 2222 παραϐάσεως
2895 2147 3084 2202 άδικον
3140 2145 3519 2216 πεποιημένον
3544 2144 3643 2217 τὴν
3670 2144 3783 2214 κρί-

2212 2256 2299 2293 σιν
2330 2256 2347 2273 ⁶
2381 2241 2457 2304 ὡς
2485 2239 2584 2310 τὴν
2607 2238 2704 2293 τοῦ
2740 2238 3043 2302 κτίσαντος
3073 2236 3172 2313 μὲν
3210 2237 3271 2290 ού
3312 2237 3612 2306 δεξάμενον
3639 2238 3778 2288 ἐντο-

2209 2331 2309 2403 ).ij
2340 2348 2353 2361 '
2380 2332 2480 2403 τὴν
2506 2331 2564 2384 δὲ
2596 2329 2691 2384 τοῦ
2724 2329 3041 2402 φθείροντος
3069 2330 3325 2400 ἑλόμενον
3360 2326 3674 2398 συμϐουλήν
3693 2344 3706 2358 ·
3731 2322 3787 2390 ἐξ

2209 2417 2271 2480 οὗ
2301 2424 2397 2478 καὶ
2417 2423 2480 2477 τὸ
2509 2422 2694 2494 χοῖκὸς
2721 2418 2884 2486 εἶναι,
2910 2420 3004 2476 τοῦ
3035 2418 3198 2486 εἶναι,
3234 2421 3330 2475 καὶ
3355 2419 3451 2473 τοῦ
3475 2419 3623 2481 θείης
3649 2418 3787 2486 γενέ-

2212 2515 2335 2569 σθαι
2355 2516 2612 2587 πάμπολυ
2641 2514 2996 2588 προετίμησε.
3022 2513 3180 2568 Πόλιν
3218 2512 3276 2568 δὲ
3300 2507 3438 2565 εἶναι
3470 2509 3788 2579 τούτου,τὴν

2209 2608 2489 2678 αἴσθησιν,
2521 2607 2555 2681 ἢ
2591 2608 2685 2662 τὸν
2741 2606 3019 2679 ὁρώμενον
3084 2605 3289 2676 κόσμον
3317 2621 3332 2635 ο
3360 2598 3446 2667 οἷς
3472 2603 3801 2674 παραλόγως

2211 2699 2356 2755 κατά
2389 2698 2577 2770 σχέσιν
2630 2698 3144 2768 ὲπαναπαυόμενος,
3193 2696 3295 2765 τῆς
3347 2686 3641 2758 κατοικίας
3697 2691 3786 2763 τὴν

2211 2794 2508 2864 παροικίαν
2533 2791 2804 2863 ἠλλάξατο
2839 2807 2853 2821 ⁸
2895 2791 3033 2861 μήτε
3066 2788 3199 2843 Θεὸν
3244 2787 3609 2858 φοϐούμενος,
3662 2786 3787 2857 μήτε

2216 2887 2322 2957 μὴν
2357 2870 2765 2955 ἄνθραητοντὸν
2790 2881 2955 2941 αὐτὸν
3009 2880 3380 2951 γεγενημένον
3408 2878 3480 2932 δι’
3507 2878 3660 2948 ἡμᾶς
3710 2877 3788 2930 ὲν-

2209 2976 2548 3047 τρεπόμενος
2567 2990 2583 3006 ⁸
2616 2975 2678 3029 τὸ
2711 2975 2835 3045 μὲν,
2863 2974 2955 3030 διὰ
2979 2975 3082 3044 τὴν
3105 2972 3295 3026 ἄνοιαν
3318 2986 3334 3003 ο
3362 2969 3427 3024 τὸ
3465 2969 3545 3036 δὲ,
3578 2969 3664 3022 διὰ
3703 2968 3791 3038 τὴν

2211 3071 2657 3139 καταφρόνησιν⁸
2694 3066 2912 3137 ἐκείνην
2964 3080 3027 3119 τε
3075 3065 3149 3136 μὴ
3209 3062 3629 3135 προορωμένην
3685 3058 3787 3112 τῶν

2212 3158 2499 3230 κριμάτων
2527 3158 2588 3212 τὸ
2624 3156 2854 3229 μέγεθος
2881 3171 2896 3186 ·
2934 3157 3031 3209 καὶ
3079 3154 3282 3225 ταύτην
3310 3154 3411 3206 οὐκ
3442 3151 3791 3224 εἰργομένην,

518 3252 614 3308 illa
648 3251 948 3321 (dementia
983 3251 1195 3307 scilicet
1240 3260 1299 3306 et
1338 3248 1623 3322 superbia)
1668 3266 1780 3306 non
1812 3251 2111 3321 praevideat

2213 3254 2280 3325 ἣν
2331 3250 2473 3315 τέως
2498 3253 2531 3323 ἡ
2558 3250 2871 3322 χρηστότης
2920 3247 3305 3320 προσμένουσα
3355 3246 3459 3317 τὴν
3492 3243 3794 3315 μεταεολὴν

515 3317 954 3416 magnitudinem
990 3343 1358 3416 judiciorum;
1391 3317 1483 3400 hic
1527 3317 1714 3399 autem
1745 3317 1832 3414 (id
1862 3354 1946 3400 est
1969 3361 2104 3401 con-

2212 3317 2687 3413 dZ‘JJc‘cénat,-ci}v
2734 3317 3009 3412 βάσανον·
3037 3317 3125 3405 αἷς
3171 3339 3363 3393 ἑαυτὸν
3405 3338 3666 3401 αὐθαδῶς
3700 3354 3792 3389 πε·

518 3436 783 3509 temptus)
836 3452 1001 3508 quam
1057 3438 1327 3494 hactenus
1386 3437 1697 3509 benignitas
1745 3439 2106 3495 mutationem

514 3538 864 3599 exspectans,
895 3529 1138 3597 cohibet,
1182 3528 1590 3586 districtionem
1625 3545 1956 3605 pmnamque
2000 3547 2110 3588 non

515 3628 732 3677 avertat
759 3638 773 3675 :
800 3621 1003 3692 quibus
1035 3630 1242 3679 temere
1276 3623 1677 3696 procaciusque
1706 3640 1829 3681 sese
1857 3624 2114 3690 inseruit,

521 3728 783 3770 concessa
812 3712 891 3770 illi
920 3713 989 3769 ab
1020 3714 1284 3781 Auctore,
1319 3714 1387 3770 ad
1415 3729 1485 3772 ea
1514 3717 1823 3786 praestanda
1852 3730 1974 3787 quae
2001 3714 2120 3770 otii-

2216 3438 2487 3512 ριέπειρε,
2517 3440 2585 3510 τῇ
2610 3435 2871 3507 δεδομένῃ
2908 3434 3060 3506 παρὰ
3091 3432 3187 3487 τοῦ
3227 3432 3537 3496 κτίσαντος
3563 3434 3644 3494 είς
3674 3428 3787 3495 ἑξά-

2213 3547 2371 3586 νυσιν
2419 3529 2530 3585 τῶν
2588 3528 2942 3599 καθηκόντων
2981 3525 3314 3595 αὐτεξουσίῳ
3367 3527 3506 3597 τιμῇ
3542 3522 3696 3593 παρά
3728 3519 3787 3572 τὸ

2217 3624 2337 3679 δέον
2369 3622 2831 3694 ἀποχρησάμενος
2856 3636 2874 3654 ο
2921 3620 3018 3673 καὶ
3058 3619 3153 3673 τοῦ
3190 3617 3489 3688 νοουμένου
3537 3617 3601 3669 τὸ
3640 3611 3798 3683 φανὲν

2219 3715 2425 3785 ἀγαθὸν
2453 3714 2667 3786 κρίνας,
2696 3712 2726 3767 ὃ
2759 3712 2835 3785 μὴ
2871 3710 3030 3783 θέμις
3064 3706 3158 3783 ἦν,
3190 3707 3583 3781 αἱρετώτερον.

519 3807 593 3864 cii
619 3815 825 3875 essent,
858 3817 1057 3880 praeter
1076 3808 1170 3880 jus
1201 3824 1366 3865 omne
1394 3818 1660 3882 extraque
1688 3809 1949 3876 ofﬁcium,
1975 3808 2193 3864 arbitrii
2252 3810 2426 3865 abusa
2453 3807 2759 3879 dignitate;
2831 3804 3094 3875 quodque
3151 3801 3301 3857 dictu
3337 3798 3518 3867 nefas,
3554 3811 3681 3853 cum
3705 3793 3798 3849 ho-

517 3915 654 3957 num
685 3914 982 3970 apparens,
1015 3898 1067 3957 ei
1095 3899 1245 3971 quod
1274 3902 1478 3957 mentis
1503 3901 1666 3957 oculo
1700 3900 2004 3971 percipitur
2028 3915 2270 3971 vereque
2301 3907 2406 3963 est,
2432 3896 2848 3970 praeoptandum
2881 3894 3147 3950 duxisset.

590 3991 825 4049 Viduam
860 3999 1047 4048 autem
1091 3992 1561 4064 interpellantem,
1595 3992 1834 4050 animam
1866 3999 2111 4048 utentem

2288 3991 2480 4061 Χήραν
2504 3989 2562 4044 δὲ
2594 3987 2912 4059 διοχλοῦσαν
2931 4028 2945 4051 ,
2968 3986 3068 4057 τὴν
3098 3984 3324 4056 λογικὴν
3376 3983 3584 4055 ψυχὴν,
3616 3981 3710 4037 ire
3736 3979 3795 4051 δὴ

519 4086 769 4152 ratione;
804 4084 1010 4156 quippe
1038 4100 1163 4157 quas
1190 4084 1261 4141 ad
1289 4093 1606 4141 sanctorum
1632 4098 1697 4141 ac
1722 4084 2111 4157 religiosorum

2217 4083 2356 4153 πρὸς
2385 4081 2759 4153 καρπογονίαν
2786 4079 2952 4150 ἱερῶν
2981 4080 3075 4133 καὶ
3104 4078 3269 4131 ὁσίων
3295 4075 3479 4148 ἔργων
3510 4076 3617 4130 οὐκ
3645 4074 3796 4145 ἔχου-

518 4191 752 4248 operum
774 4177 1022 4233 edendos
1048 4176 1284 4243 fructus,
1330 4177 1566 4244 ratione,
1591 4194 1714 4249 quae
1738 4193 1838 4249 per
1857 4185 2111 4233 naturam

2218 4193 2319 4232 σαν
2343 4174 2435 4230 τὸν
2463 4174 2533 4229 τὰ
2556 4174 2698 4229 καλά
2732 4173 2875 4227 κατὰ
2905 4171 3068 4242 φύσιν
3098 4170 3393 4241 σπείροντα
3435 4169 3622 4239 λόγον.
3652 4167 3796 4237 Μόνη

518 4268 666 4326 bona
688 4270 941 4335 scminet,
970 4271 1326 4328 destituatur.
1355 4270 1486 4338 Quae
1509 4270 1789 4343 (videlicet
1814 4270 1976 4342 ratio)
2000 4285 2108 4326 una

2213 4269 2281 4341 τῇ
2319 4266 2457 4341 πρὸς
2519 4266 2691 4339 αὐτὴν
2731 4266 2886 4338 ὀλικῇ
2927 4259 3104 4337 ταύτῃ
3165 4266 3368 4334 στοργῇ
3412 4263 3509 4316 καὶ
3566 4260 3796 4316 διαθέσει

521 4359 630 4419 hac
670 4364 825 4418 totali
874 4364 1151 4434 plenaque
1190 4364 1245 4419 in
1279 4364 1454 4434 ipsam
1490 4363 1802 4420 dilectionis
1845 4363 1899 4417 vi
1944 4371 2109 4435 atque

2215 4361 2591 4433 κρατούμενον
2624 4376 2638 4392 ·
2672 4360 2787 4414 ἀλλ’
2816 4361 2877 4413 οὐ
2914 4357 3292 4431 προσμένοντα
3326 4355 3416 4409 διά
3443 4356 3546 4426 τὴν
3573 4354 3797 4408 ιίιπόνιιν⁸

518 4453 723 4511 aﬂ‘ectu
771 4462 1052 4522 teneatur;
1084 4472 1189 4511 nec
1229 4463 1415 4513 tamen
1459 4456 1542 4511 illi
1587 4456 1808 4512 assidua
1854 4464 2107 4520 maneat,

2220 4467 2327 4518 σιν,
2352 4455 2449 4508 καὶ
2468 4453 2568 4522 τὴν
2598 4452 2922 4523 αὐθαίρετον
2954 4452 3093 4523 πρὸς
3131 4449 3199 4504 τὰ
3228 4450 3358 4520 τῇδε
3395 4448 3596 4517 ῥοπήν.

519 4546 728 4606 idcirco
751 4548 1015 4603 nimirum
1036 4547 1184 4619 quod
1206 4548 1323 4604 haec
1348 4547 1428 4604 illi
1453 4562 1740 4603 assensum
1767 4548 1984 4611 abnuit,
2021 4546 2321 4617 liberaeque
2348 4544 2650 4601 voluntatis
2669 4543 3053 4599 incitationem
3092 4538 3162 4597 ad
3190 4548 3406 4596 terrena
3433 4537 3728 4594 convertit.

596 4661 731 4734 Ejus
765 4661 1143 4718 adversarium
1177 4662 1396 4734 (nempe
1428 4661 1647 4733 animm)
1680 4661 1897 4717 miseras
1928 4658 2115 4716 carnis
2146 4664 2190 4719 D

518 4757 803 4808 terrenum
830 4760 945 4807 tum
967 4763 1202 4820 motum,
1230 4761 1347 4809 tum
1390 4767 1612 4809 sensum
1649 4751 2108 4821 prudentiamque

520 4843 754 4914 accipio.
779 4859 889 4914 quo
910 4844 1111 4902 divina:
1135 4847 1191 4901 in
1218 4846 1380 4904 nobis
1405 4845 1662 4916 imaginis
1682 4846 1911 4915 ejusque
1931 4844 2111 4914 digni-

522 4936 651 4992 tatis
679 4936 1155 5006 pulchritudinem
1196 4939 1466 5008 polluere,
1512 4945 1677 5007 atque
1722 4938 1961 4991 nitorem
2005 4936 2109 4991 ob-

522 5042 767 5093 scurare,
815 5028 1040 5085 student
1079 5028 1279 5099 impuri
1315 5031 1626 5095 daemones;
1663 5036 1779 5083 tum
1823 5027 2107 5087 nimirum.

522 5134 650 5175 cum
714 5119 879 5174 nobis
928 5118 1156 5175 libidine
1216 5121 1731 5186 succumbentibus,
1792 5120 2110 5190 turpissima

521 5208 657 5263 vitia
678 5209 1085 5280 probrososque
1104 5209 1337 5266 affectus
1358 5210 1477 5266 dire
1499 5211 1806 5267 immittunt
1831 5228 1844 5265 :
1871 5225 2109 5281 quorum

523 5307 680 5356 reatu
709 5300 918 5356 indicta
944 5309 1159 5357 naturas
1182 5311 1240 5359 et
1269 5302 1465 5359 mortis
1492 5303 1792 5368 damnatio,
1824 5318 1950 5357 cum
1979 5300 2108 5369 vita,

523 5408 648 5463 qua:
670 5408 800 5449 vere
821 5400 925 5458 est,
951 5393 1020 5448 ab
1046 5393 1206 5450 initio
1229 5393 1335 5449 frui
1362 5394 1651 5450 noluisset.

595 5485 990 5557 Sugillationes
1014 5492 1197 5540 autem
1240 5486 1520 5552 existimo,
1564 5485 1916 5542 conscientiae
1950 5483 2118 5540 tacito

523 5579 764 5646 quodam
814 5579 1056 5634 clamore
1099 5578 1446 5635 adhortantis
1494 5579 1756 5643 verbera,
1810 5576 2015 5647 quibus
2048 5591 2116 5631 ex

522 5668 706 5725 anima
730 5669 1230 5740 proficiscentibus,
1249 5671 1429 5742 iisque
1450 5672 1528 5726 illi
1550 5669 2113 5734 increbrescentihus,

529 5760 788 5825 paulatim
836 5762 1241 5833 quodammodo
1279 5763 1482 5819 inflecti
1533 5779 1598 5819 ac
1645 5763 1934 5816 mitescere
1986 5776 2118 5815 con-

524 5850 707 5906 suevit
733 5855 936 5911 mentis
974 5856 1291 5923 austeritas,
1319 5856 1515 5928 visque
1557 5856 1651 5911 illa
1681 5854 1749 5909 ad
1775 5870 1839 5910 ea
1866 5871 1987 5925 qum
2021 5854 2121 5909 lto-

2303 4654 2601 4711 Ἀντίδικον
2654 4656 2713 4710 δὲ
2779 4654 3008 4726 ταύτης,
3042 4651 3188 4723 φημὶ
3234 4650 3334 4721 τῆς
3385 4648 3595 4719 ψυχῆς,
3624 4642 3798 4711 τὸτῆς

2212 4749 2477 4822 δυστήνου
2512 4749 2713 4821 σαρκὸς
2743 4745 2930 4801 ἔνυλον
2958 4744 3170 4816 κίνημά
3196 4760 3257 4796 τε
3289 4741 3384 4795 καὶ
3408 4739 3674 4810 φρόνημα
3696 4777 3709 4796 ,
3734 4734 3796 4787 δι’

2212 4832 2274 4896 οὗ
2303 4843 2403 4913 τῆς
2458 4843 2517 4895 ὲν
2561 4842 2696 4911 ἡμῖν
2728 4838 2881 4902 θείας
2926 4836 3135 4899 εἰκόνος
3180 4834 3275 4887 καὶ
3326 4831 3423 4885 τοῦ
3461 4836 3586 4883 κατ’
3631 4827 3795 4895 αὐτὴν

2213 4932 2543 5003 ἀξιώματος,
2565 4932 2626 4985 τό
2652 4948 2710 4984 τε
2739 4930 2936 4993 κάλλος
2978 4925 3377 4998 καταμολύνειν
3416 4922 3794 4986 σπουδάζουσι,

2215 5027 2312 5083 καὶ
2362 5027 2423 5080 τὸ
2473 5023 2693 5093 διαυγὲς
2740 5020 3028 5093 ἀμαυροῦν
3070 5020 3121 5072 oi
3166 5016 3468 5086 ἀκάθαρτοι
3522 5014 3795 5084 δαίμονες,

2216 5116 2479 5188 ὁπηνίκα,
2511 5114 2580 5168 δι’
2642 5114 2839 5185 ἡδονῆς
2894 5112 3319 5174 ὑποπίπτουσιν,
3382 5106 3796 5177 ἐπεισφρήσωσι

2216 5206 2408 5272 δεινῶς
2461 5208 2594 5278 ἡμῖν
2625 5207 2694 5259 τά
2734 5205 2836 5276 τῆς
2871 5203 3100 5274 ἀτιμίας
3147 5203 3313 5272 αἴσχη
3354 5202 3451 5255 καὶ
3506 5199 3661 5268 πάθη
3693 5213 3708 5227 α
3737 5195 3797 5248 δι’

2218 5300 2254 5355 ἀ
2278 5302 2373 5355 καὶ
2424 5300 2452 5352 ὁ
2507 5298 2743 5361 θάνατος
2787 5288 3090 5368 κατεκρίθη
3124 5295 3224 5365 τῆς
3258 5293 3496 5363 φύσεως,
3531 5292 3633 5361 οὐχ
3686 5288 3797 5341 ἐλο-

2222 5392 2390 5464 μένης
2417 5391 2478 5446 τὸ
2510 5392 2767 5461 ἀπαρχῆς
2804 5388 2907 5459 τῆς
2958 5388 3131 5450 ὅντως
3165 5385 3585 5456 κατατρυφῆσαι
3633 5381 3791 5449 ζωῆς.

2296 5483 2731 5553 ’Υπωπιασμοὺς
2775 5482 2834 5534 δὲ
2890 5480 3018 5542 τοὺς
3061 5481 3126 5532 ἐκ
3154 5477 3257 5547 τῆς
3287 5476 3648 5546 συνειδήσεως
3685 5469 3796 5541 μεθ’

2218 5575 2625 5648 ύποφωνήσεώς
2679 5591 2827 5634 τινος
2870 5570 3322 5644 παρακλητικοὺς
3375 5567 3692 5637 αἰκισμοὺς,
3721 5555 3798 5621 οἷς

2219 5665 2658 5738 προτεινομένοις
2711 5666 2777 5718 ὲκ
2820 5662 2922 5734 τῆς
2974 5661 3189 5732 ψυχῆς,
3223 5661 3408 5731 ἡρέμα
3448 5674 3566 5720 πως
3612 5654 3796 5708 εἴωθεν

2217 5760 2572 5830 κάμπτεσθαι
2597 5760 2660 5812 τὸ
2683 5756 2972 5829 αὐστηρὸν
2990 5755 3088 5809 τοῦ
3120 5753 3409 5824 λογισμοῦ,
3438 5751 3530 5806 καὶ
3561 5748 3700 5820 πρὸς
3728 5742 3794 5797 τά

2230 5853 2370 5907 καλὰ
2401 5852 2489 5906 διά
2522 5854 2621 5925 τὴν
2649 5850 3018 5925 χρονιωτέραν
3066 5848 3182 5917 ἓξιν
3228 5844 3583 5910 ἀνύπεικτῡν,
3610 5839 3673 5895 οὐ
3705 5834 3791 5906 φέν
