4060 6406
373 339 508 413 1697

1360 362 1853 432 ΟΠΑΞΞΤΙΟΝΕΞ
1892 367 1990 426 ΑΙ)
2030 368 2621 439 THEOPEMPTUM.

3496 380 3631 445 1398

375 482 562 536 ροντος
598 465 1017 538 ὲνδομυχοῦσαν,
1048 471 1141 523 καὶ
1183 466 1294 527 οἷον
1343 477 1659 540 αἰκίξουσάν
1697 497 1754 531 τε
1792 498 1945 533 συνε-

2056 492 2206 539 nesta
2232 495 2361 540 sunt
2389 502 2453 540 ac
2478 485 2641 541 oiIicii
2672 488 3016 555 obduratior,
3043 505 3167 561 qua:
3194 508 3261 547 ex
3290 491 3640 549 diuturniore

371 558 485 628 χῶς
517 558 608 611 καὶ
629 559 945 630 διοχλοῦσαν
975 563 1072 634 τὴν
1098 563 1327 633 βάσανον
1360 584 1370 595 ·
1399 569 1502 631 ἕως
1541 568 1851 642 λυμῄνηται
1881 572 1949 625 τὰ

372 650 472 719 τὴν
523 650 704 721 ψυχὴν
749 652 1123 725 λυμαινόμενα
1160 658 1331 728 πάθη,
1369 660 1436 713 δι’
1470 662 1824 731 ἐγκρατείας,
1855 665 1950 717 καὶ

371 742 471 810 τῆς
502 743 640 813 πρὸς
680 743 747 796 τὰ
783 746 918 815 μέλη
950 748 1047 816 τῆς
1085 752 1284 820 σαρκὸς
1316 754 1565 808 ἑκουσίου
1603 757 1946 826 νεκρὼσεως.

371 831 507 887 Εἶτα
548 835 642 888 καὶ
668 838 804 908 πρὸς
830 839 1146 909 ἀγχιστείαν
1179 844 1344 897 αὐτοῦ
1375 846 1466 899 τοῦ
1498 847 1656 916 λόγου
1690 850 1757 902 δι’
1792 852 1950 905 εὐσε-

373 926 549 990 ϐείας,
588 930 681 982 καὶ
715 930 813 1000 τῆς
846 933 974 1003 περὶ
1022 935 1087 986 τὰ
1124 936 1357 1007 κρείττω
1388 940 1722 1011 τελεωτέρας
1752 944 1951 1012 ἀγάγοι

373 1024 617 1094 σπουδῆς
642 1043 657 1057 ο
688 1022 769 1090 οἷς
800 1032 1047 1096 φυσικῶς
1084 1034 1523 1104 ἑνεργουμένοις,
1556 1036 1622 1088 τὰ
1645 1038 1823 1089 οἰκεῖα
1858 1037 1952 1089 καὶ

372 1118 621 1188 πατρικὰ
654 1122 1036 1189 παραϐάλλων,
1079 1128 1106 1179 ὁ
1135 1128 1275 1197 ὑπὲρ
1302 1128 1487 1181 οὐσίαν
1516 1130 1607 1181 καὶ
1639 1129 1799 1198 φύσιν
1820 1130 1952 1192 Θεὸς

374 1212 584 1282 Κύριος
642 1215 799 1283 ἡμῶν
843 1215 1052 1284 Ἰησοῦς
1095 1219 1350 1288 Χριστὸς,
1402 1221 1461 1272 '0
1489 1219 1542 1272 δὲ
1572 1222 1717 1286 Θεὸς
1748 1222 1819 1274 οὐ
1863 1220 1950 1291 μὴ

374 1303 633 1372 ποιήσῃ,
661 1307 819 1374 φησὶ,
861 1308 973 1375 τὴν
1011 1308 1325 1375 ἐκδίκησιν
1349 1309 1533 1379 ὑμῶν,
1564 1312 1628 1364 δι’
1663 1311 1796 1381 ἐμοῦ
1825 1330 1957 1381 σαρ-

375 1396 662 1461 κωθέντος,
690 1400 781 1451 καὶ
815 1399 911 1470 τὴν
936 1401 1028 1453 τοῦ
1054 1401 1503 1473 καθαιρέτουλτῆς
1532 1404 1748 1473 φύσεως
1770 1422 1954 1457 ποιου-

377 1488 539 1557 μένου
583 1490 909 1559 καθαίρεσιν
937 1510 951 1557 ;

2051 573 2244 629 habitu
2273 575 2531 641 inolevit;
2576 576 2705 630 dum
2746 578 2839 632 illa
2867 580 3017 635 intus
3053 582 3231 636 latens
3271 597 3336 637 ac
3378 584 3640 638 continue

2052 668 2203 721 velut
2236 668 2518 739 flagellatis
2564 670 2935 739 ingruensque
2974 674 3261 729 molestius
3303 685 3639 730 tormentum

2052 754 2199 811 ferre
2226 774 2335 811 non
2363 767 2546 828 potest
2572 777 2584 813 :
2611 760 2857 829 quandiu
2886 761 3145 816 nimirum
3172 766 3402 821 affectus
3426 782 3488 821 ac
3514 768 3640 821 libi-

2058 848 2237 914 dines,
2279 851 2516 905 animam
2551 853 2987 921 pessumdantes,
3018 871 3115 923 per
3149 858 3540 913 continentiam
3575 876 3641 914 ac

2058 949 2252 1008 sponte
2283 952 2615 1013 assumptum
2657 946 3031 1001 membrorum
3060 947 3241 1002 carnis
3264 950 3641 1006 mortificatio-

2058 1048 2219 1097 nem,
2269 1048 2379 1087 non
2426 1036 2893 1103 pessumdederit;
2940 1037 3251 1108 exindeque
3304 1040 3368 1093 ad
3413 1041 3641 1095 rationis

2058 1126 2233 1196 ipsius
2255 1129 2743 1196 necessitudinem,
2762 1132 2983 1201 pietatis
3010 1134 3160 1187 cultu
3195 1133 3641 1203 diligentiorique

2056 1232 2223 1286 opera
2245 1234 2375 1289 erga
2395 1235 2457 1274 ea
2484 1235 2605 1291 qua:
2626 1221 3017 1287 virtutissunt,
3042 1224 3357 1292 provexerit
3381 1241 3394 1277 :
3416 1225 3638 1293 quibus,

2055 1309 2185 1363 dum
2219 1311 2299 1364 sic
2327 1319 2521 1366 natura
2554 1322 2902 1382 praastantur,
2931 1331 3026 1369 sua
3058 1324 3397 1386 paternaque
3428 1316 3643 1371 assimi-

2054 1401 2196 1464 lans,
2226 1402 2320 1470 qui
2363 1403 2601 1457 essentia
2647 1412 2948 1474 naturaque
2980 1408 3123 1462 Deus
3150 1408 3417 1462 Dominus
3457 1418 3643 1463 noster

2053 1494 2213 1549 Jesus
2240 1494 2497 1551 Christus
2523 1500 2776 1567 superior
2803 1510 2907 1565 est,
2934 1500 3094 1565 Deus,
3125 1501 3324 1570 inquit,
3349 1502 3516 1572 638
3537 1517 3641 1554 non

372 1576 529 1645 faciet
554 1579 1094 1634 vestrm-indictum“:
1123 1597 1220 1651 per
1245 1597 1329 1635 me
1355 1582 1583 1648 scilicet,
1613 1584 1705 1653 qui
1765 1598 1988 1639 carnem
2026 1586 2440 1654 assumpserim,
2509 1594 2565 1641 et
2608 1589 2700 1658 qui
2744 1606 2868 1643 cum
2908 1591 3211 1657 destruam,
3256 1593 3348 1663 qui
3386 1604 3641 1649 naturam

372 1664 667 1720 destruxit.

444 1755 603 1809 Οὕτω
633 1757 733 1826 μὲν
761 1755 854 1812 οὖν
878 1760 945 1813 τὰ
982 1763 1104 1832 περὶ
1136 1762 1326 1817 τούτου
1362 1764 1636 1836 διεξῆλθον
1668 1767 1947 1837 ἐπιτόμως

2120 1766 2322 1837 Sicque
2369 1770 2507 1825 adeo
2549 1787 2671 1841 quae
2717 1772 2826 1828 huc
2873 1784 3123 1843 spectant
3168 1777 3273 1832 sub
3314 1780 3645 1849 compendio

371 1845 504 1912 ἐγὼ,
550 1847 674 1900 καθ’
699 1849 824 1902 ὅσον
874 1851 933 1904 τὸ
978 1853 1261 1924 ἐγχωροῦν
1330 1857 1430 1927 τῆς
1468 1858 1707 1921 διανοίας
1752 1859 1952 1930 μέτρον

373 1939 687 2008 ἐπήρκεσεν
721 1959 734 1972 °
761 1944 810 1994 εί
836 1947 927 1997 καὶ
957 1946 1134 2010 ἄλλως
1169 1948 1320 2002 ἄλλοι
1350 1949 1439 2003 τὸν
1478 1951 1642 2003 τόπον
1678 1953 1950 2021 κατανοή-

374 2046 568 2093 σαντες
599 2050 613 2064 ’
646 2035 697 2086 ot
749 2036 849 2103 μὲν
906 2039 985 2100 είς
1024 2040 1261 2110 Χριστόν
1296 2058 1308 2072 ο
1336 2043 1385 2094 οἱ
1425 2042 1480 2095 δὲ
1513 2042 1840 2113 τοῦμπαλιν,
1872 2046 1952 2112 είς

372 2122 466 2172 τὸν
508 2122 881 2195 Ἀντίχριστον
929 2128 1270 2201 ὲξειλήφασι.
1306 2134 1435 2196 Δέος
1491 2134 1547 2186 δέ
1582 2152 1674 2203 μοι
1718 2138 1880 2200 νοεῖν,
1916 2136 1948 2205 ἢ

373 2209 556 2279 λέγειν
602 2216 839 2287 ἑκάτερα
870 2235 884 2248 ο
925 2220 986 2273 τὸ
1043 2223 1162 2292 μὲν,
1193 2223 1271 2288 ὡς
1325 2225 1657 2296 ἀσύγκριτον
1695 2245 1706 2256 ο
1735 2228 1794 2279 οὐ
1844 2228 1953 2299 γὰρ

379 2301 547 2370 μείων
608 2306 708 2374 μὲν
760 2308 889 2362 Υἱοῦ
920 2326 933 2340 ⁶
971 2312 1174 2381 μείζων
1227 2315 1284 2368 δὲ
1310 2315 1549 2384 Πατρὸς,
1580 2318 1612 2386 ἡ
1646 2318 1949 2386 ἐκδίκησις·

370 2393 410 2464 ἢ
449 2395 513 2446 Ez‘
546 2396 731 2464 ἄλλου,
763 2403 856 2454 καὶ
900 2402 1033 2474 άλλη
1085 2406 1146 2458 τὸ
1199 2406 1439 2475 σύνολον,
1478 2409 1615 2479 πλὴν
1654 2410 1747 2461 τοῦ
1798 2409 1949 2461 Υίοῦ.

375 2486 487 2537 Καὶ
526 2487 643 2552 πῶς
677 2491 768 2543 ἐπὶ
798 2492 894 2561 τῆς
936 2495 1105 2565 αὐτῆς
1142 2502 1512 2571 συγκριτικῶς
1561 2519 1713 2572 φησι,
1748 2502 1841 2563 τὸ,
1893 2503 1953 2555 '0

374 2576 445 2630 δὲ
470 2580 632 2645 Θεὸς,
657 2584 842 2651 φησὶν,
885 2589 955 2640 οὐ
988 2592 1231 2655 ποιήσει
1261 2593 1377 2660 τὴν
1403 2594 1721 2662 ἐκδίκησιν
1743 2596 1911 2664 ὑμῶν
1934 2611 1953 2659 ;

376 2670 450 2721 Οὐ
489 2670 598 2741 γὰρ
632 2672 753 2743 ἔχει
789 2675 974 2747 χώραν
1000 2695 1011 2710 '
1049 2680 1081 2751 ἢ
1111 2681 1370 2754 διάφορος
1411 2685 1629 2750 πάντως
1666 2686 1951 2757 δειχθήσε-

373 2779 504 2827 ται,
550 2766 643 2818 καὶ
698 2770 835 2835 μετὰ
882 2770 981 2841 τῆς
1018 2773 1232 2842 φύσεως
1277 2777 1337 2830 οὐ
1385 2777 1691 2848 δυναμένης
1732 2779 1791 2833 τὺ
1837 2777 1953 2834 ἴσον

374 2854 513 2926 δρᾷ-ν
536 2872 548 2886 ·
576 2859 665 2910 καὶ
694 2859 781 2914 διά
811 2862 968 2915 τοῦτο
1017 2864 1235 2931 λοιπὸν,
1262 2869 1322 2921 οὐ
1359 2870 1802 2942 συντασσομένης
1836 2888 1849 2901 ο
1882 2874 1953 2927 εί-

374 2947 700 3019 κονιζούσης
732 2952 787 3004 δὲ
819 2954 1000 3023 μόνον,
1034 2957 1110 3019 ὼς
1137 2956 1546 3031 ὑπερκειμένην
1567 3002 1581 3027 ,
1613 2962 1715 3031 τὴν
1750 2963 1953 3033 ὑπερέςι

375 3054 599 3108 χουσαν.
623 3042 694 3095 Τὸ
716 3042 793 3105 δὲ,
826 3044 902 3109 ὡς
930 3047 1250 3102 άνέκδεκτον
1289 3051 1382 3104 καὶ
1422 3053 1723 3124 ἀμήχανον,
1752 3054 1815 3108 τὸ
1850 3034 1975 3109 καέ

373 3130 465 3183 λον
516 3135 688 3189 ποιεῖν
731 3136 821 3189 τὸν
853 3140 1053 3202 κακίας
1098 3143 1325 3215 εὑρετὴν
1351 3145 1447 3198 καὶ
1480 3147 1800 3203 διδάσκαλον
1829 3164 1844 3179 ⁸
1872 3151 1954 3203 Οὐ

374 3223 484 3292 γὰρ
518 3224 790 3291 δύναται,
820 3234 974 3301 φησὶ,
1004 3231 1257 3301 δένδρον
1292 3238 1533 3306 σαπρὸν
1553 3240 1822 3309 καρποὺς
1849 3259 1954 3296 κα-

371 3316 527 3383 λοὺς
593 3321 822 3373 ποιεῖν’
855 3324 1019 3377 καλὸν
1072 3325 1127 3378 δὲ
1171 3328 1203 3397 ἡ
1261 3329 1563 3399 ἐκδίκησις,
1596 3332 1691 3387 καὶ
1733 3332 1795 3386 τὸ
1854 3333 1954 3403 τὴν

336 3480 339 3481 ν
371 3408 597 3477 ὄχλησιν
627 3414 985 3481 ἀφοσιοῦσθαι
1016 3417 1246 3482 δεόντως
1284 3421 1378 3474 τοῦ
1430 3423 1905 3492 προσπελάζοντος
1936 3443 1950 3457 ⁸

372 3501 406 3572 ῆ
437 3504 609 3574 τούτῳ
636 3507 1079 3577 παραϐάλλεσθαι
1113 3512 1296 3582 τυχὸν,
1320 3514 1348 3566 ὂ
1374 3515 1447 3583 μὴ
1480 3514 1640 3585 θέμις
1660 3560 1671 3580 ,
1706 3516 1797 3569 τὸν
1839 3519 1953 3570 Πα-

369 3594 528 3665 τέρα,
564 3598 656 3649 καὶ
685 3599 865 3670 πάσης
896 3602 1098 3674 ἀρετῆς
1125 3605 1219 3657 καὶ
1252 3603 1400 3675 ζωῆς
1425 3606 1660 3676 χορηγὸν
1692 3606 1750 3671 ἐξ
1789 3609 1918 3661 Υἱοῦ
1937 3650 1951 3673 ,

371 3688 470 3740 καὶ
506 3688 682 3742 ταῦτα
733 3692 1057 3761 μονογενοῦς
1083 3735 1096 3757 ,
1127 3696 1218 3750 καὶ
1259 3700 1376 3753 ἴσου
1414 3702 1514 3772 τὴν
1548 3703 1709 3772 φύσιν
1733 3705 1828 3758 καὶ
1855 3704 1955 3774 τὴν

372 3781 709 3853 ἀγαθὸτητα.
746 3787 818 3837 Οὐ
852 3787 961 3856 γὰρ
990 3790 1057 3841 τὰ
1094 3790 1234 3843 καλὰ
1283 3793 1371 3846 διὰ
1393 3794 1501 3847 τῶν
1532 3797 1719 3850 κακῶν
1757 3798 1957 3868 μηνύε-

373 3872 500 3924 σθαι
556 3875 820 3944 πέφυκεν,
864 3879 1051 3951 ὥσπερ
1084 3884 1205 3937 οὐδὲ
1247 3885 1335 3938 διὰ
1373 3889 1597 3952 σκότους
1650 3890 1709 3942 τὸ
1746 3891 1882 3958 φῶς,
1919 3893 1952 3962 ἢ

373 3959 609 4015 θανάτου
641 3966 752 4037 ζωή
784 3985 795 3997 ·
836 3972 930 4023 καὶ
980 3973 1075 4025 τοῦ
1123 3976 1390 4045 μηδαμῶς
1426 3979 1599 4043 ὄντος,
1634 3981 1695 4033 τὸ
1742 3983 1820 4036 ὃν.
1850 3959 1955 4037 Καί

371 4054 439 4108 οὐ
467 4056 608 4123 λέγω
652 4060 825 4114 ταῦτα
871 4063 1006 4133 πρὸς
1032 4066 1131 4135 τὴν
1156 4069 1382 4122 ἐκείνων
1412 4071 1670 4141 ἀθέτησιν
1707 4091 1722 4106 σ
1761 4074 1955 4146 ἔχομαι

373 4142 487 4214 γάρ
517 4147 605 4198 καὶ
632 4149 931 4220 ἀντέχομαι
965 4155 1109 4224 ζωῆς
1147 4157 1307 4210 πλέον
1337 4199 1351 4223 ,
1383 4160 1483 4227 τῆς
1538 4162 1646 4215 τῶν
1697 4166 1956 4235 φαμένων

372 4235 760 4303 διδασκαλίας·
797 4244 931 4297 ἀλλὰ
960 4246 1021 4298 τὸ
1042 4249 1243 4303 οἰκεῖον
1279 4251 1503 4323 μέτριον
1526 4255 1593 4307 δι’
1626 4255 1801 4327 ἄκραν
1846 4258 1955 4311 δει-

374 4329 499 4384 λίαν
531 4333 982 4404 ἀσςραλιζόμενος.
1015 4340 1124 4410 Τὴν
1154 4340 1211 4394 δὲ
1244 4343 1550 4411 ἀνάγνωσιν
1588 4347 1682 4399 τοῦ
1718 4348 1957 4402 ὑποπιά-

2054 1858 2329 1921 enarravi,
2362 1869 2628 1928 quantum
2679 1877 2779 1930 pro
2833 1863 2999 1916 animi
3044 1865 3267 1920 modulo
3313 1869 3527 1937 assequi
3572 1869 3643 1921 Ii-

2054 1946 2189 2013 cuit,
2221 1950 2325 2004 etsi
2370 1951 2461 2005 alii
2497 1967 2622 2006 eum
2656 1952 2837 2007 locum
2872 1954 3030 2009 aliter
3067 1956 3482 2019 intellexerunt;
3511 1975 3641 2028 par-

2056 2040 2265 2111 timque
2294 2042 2363 2097 de
2406 2042 2650 2111 Christo,
2682 2047 2884 2115 partim
2932 2057 3123 2102 contra
3168 2050 3237 2104 de
3279 2052 3637 2118 Antichristo,

2054 2134 2310 2189 nonnulli
2348 2147 2743 2206 exposuerunt.
2776 2139 2959 2194 Metuo
2991 2148 3171 2195 tamen
3206 2158 3271 2196 ac
3302 2144 3638 2211 absterreor,

2054 2241 2125 2279 ne
2173 2229 2449 2282 utrumvis
2497 2240 2591 2284 aut
2642 2231 2960 2301 intelligam,
3011 2241 3105 2287 aut
3153 2235 3329 2289 dicam
3362 2255 3374 2290 :
3408 2238 3639 2292 alterum

2056 2319 2303 2389 quidem,
2326 2321 2474 2391 quod
2495 2337 2713 2377 omnem
2750 2335 2972 2394 respuat
3004 2329 3500 2395 comparationem;
3531 2345 3640 2384 non

2055 2413 2205 2465 enim
2236 2413 2417 2468 minor
2459 2416 2684 2484 quidem
2713 2417 2858 2483 Filii,
2898 2420 3070 2489 major
3100 2429 3284 2475 autem
3320 2423 3495 2477 Patris
3519 2425 3641 2478 vin-

2055 2503 2201 2557 dicta
2234 2514 2344 2572 cst;
2380 2517 2475 2561 aut
2504 2525 2603 2578 per
2633 2510 2821 2575 alium,
2857 2515 3153 2582 atque'alia
3200 2531 3446 2585 prorsus,
3478 2533 3640 2586 quam

2055 2594 2201 2661 Filii,
2240 2605 2335 2650 aut
2370 2614 2469 2666 per
2498 2599 2720 2655 Filium.
2751 2600 2997 2667 Quanam
3023 2619 3151 2657 vero
3183 2606 3414 2666 ratione,
3449 2607 3639 2659 eadem

2055 2702 2181 2741 cum
2207 2688 2297 2752 sit,
2327 2691 2480 2758 quasi
2506 2706 2603 2760 per
2630 2693 3097 2763 comparationem
3121 2695 3273 2758 dicit,
3302 2696 3438 2750 Deus
3465 2706 3641 2750 autem

2055 2796 2159 2834 non
2191 2782 2346 2850 faciet
2371 2783 2658 2838 vindictam
2684 2788 2887 2840 vestri?
2907 2786 3025 2841 Non
3059 2788 3207 2842 enim
3240 2788 3405 2843 habet
3434 2790 3641 2851 locum,

2055 2883 2151 2928 aut
2178 2874 2403 2929 omnino
2430 2877 2682 2933 diversus
2712 2880 3132 2947 monstrabitur,
3170 2896 3342 2950 eaque
3378 2882 3644 2951 prmditus

2055 2973 2273 3031 natura,
2309 2982 2431 3036 quae
2482 2968 2627 3023 idem
2677 2980 2937 3040 przestare
2983 2989 3093 3027 non
3142 2975 3358 3043 possit:
3412 2991 3642 3045 quicque

2057 3056 2196 3111 adeo
2224 3058 2472 3129 ejusdem
2505 3061 2730 3117 minime
2762 3064 2975 3119 ordinis
3009 3065 3111 3131 sit;
3150 3066 3244 3120 sed
3285 3083 3405 3136 quae
3434 3068 3642 3121 solum-

2057 3148 2222 3203 modo
2276 3158 2537 3219 tanquam
2592 3153 2926 3208 eminentem
2980 3155 3274 3210 simulacro
3323 3156 3523 3210 referat
3580 3173 3644 3212 ac

2058 3250 2436 3309 repraesentet,
2459 3260 2578 3297 eam
2600 3261 2721 3314 quae
2742 3246 3027 3314 praecellit.
3051 3248 3296 3302 Alterura
3321 3263 3472 3312 vero,
3496 3250 3643 3319 quod

2056 3331 2212 3384 nullo
2252 3331 2415 3386 modo
2462 3333 2863 3390 admittendum
2912 3338 3002 3401 sit,
3052 3353 3231 3407 neque
3264 3354 3351 3393 res
3383 3340 3546 3405 ferat,
3583 3351 3644 3395 ut

2056 3429 2249 3475 auctor
2273 3422 2497 3477 malitiae
2528 3434 2583 3478 et
2616 3425 2874 3479 inventor
2906 3426 3228 3498 doctorque,
3262 3430 3463 3482 bonum
3499 3446 3641 3498 pra:-

2056 3502 2203 3567 stare
2240 3513 2587 3569 existimetur
2627 3533 2640 3569 :
2684 3516 2800 3570 Non
2834 3520 2995 3580 enim,
3042 3520 3242 3589 inquit,
3281 3530 3447 3591 potest
3484 3522 3644 3576 urbor

2056 3605 2203 3660 mala
2233 3607 2433 3676 fructus
2461 3608 2621 3663 bonos
2651 3610 2824 3679 facere
2853 3612 2902 3678 ‘;
2933 3612 3173 3667 vindicta
3208 3624 3390 3667 autem
3435 3614 3641 3669 bonum

2056 3705 2160 3762 est,
2202 3699 2460 3769 justeque
2492 3717 2719 3757 munere
2765 3718 2862 3758 seu
2903 3704 3205 3770 functione,
3238 3705 3644 3776 interpellantis

2057 3790 2365 3845 molestiam
2409 3793 2679 3848 redimere
2715 3810 2779 3849 ac
2812 3795 3107 3865 depellere.
3137 3800 3245 3852 Ant
3272 3798 3411 3854 forte
3444 3808 3503 3853 ut
3526 3801 3641 3853 An-

2057 3881 2309 3937 tiehristo
2345 3884 2511 3954 (quod
2560 3886 2735 3959 nefas)
2775 3888 2992 3943 Patrem
3030 3889 3266 3945 similem
3310 3907 3641 3957 asseramus,

2056 3990 2157 4045 per
2186 3976 2409 4041 Filium,
2456 3977 2621 4047 idque
2672 3980 3016 4050 unigenitum
3064 3983 3295 4052 parique
3349 3993 3544 4037 natura
3580 4001 3644 4038 ac

2057 4068 2323 4133 bonitate,
2348 4069 2569 4125 virtutis
2596 4072 2774 4126 omnis
2796 4090 2859 4127 ac
2881 4075 3006 4129 vitae
3027 4083 3328 4129 auctorem.
3350 4076 3470 4130 Non
3495 4077 3641 4130 enim

2055 4168 2255 4214 natura
2284 4172 2678 4231 comparatum,
2704 4172 2763 4217 ut
2787 4165 2928 4218 bona
2960 4173 3014 4219 et
3036 4166 3287 4232 honesta,
3310 4181 3499 4220 eorum
3522 4184 3645 4236 qum

2058 4253 2199 4307 mala
2232 4262 2380 4319 sunt,
2408 4262 2537 4325 typo
2565 4255 2953 4326 designentur;
2985 4258 3130 4311 sicut
3156 4273 3334 4326 neque
3361 4267 3421 4312 ut
3456 4259 3642 4313 lumen

2057 4361 2158 4415 per
2191 4347 2469 4412 tenebras,
2495 4363 2558 4403 ac
2583 4365 2680 4419 per
2706 4358 2937 4404 mortem
2964 4350 3099 4417 vita;
3126 4366 3192 4405 eo
3222 4351 3461 4422 denique
3497 4353 3643 4423 quod

374 4419 493 4483 ζειν
522 4424 828 4484 κανονίζειν
881 4428 941 4481 οὐ
992 4430 1201 4499 πρέπον
1231 4432 1375 4501 ἐμοὶ,
1408 4434 1497 4487 διὰ
1525 4437 1625 4507 τὴν
1660 4439 1717 4491 ὲν
1744 4439 1952 4506 τούτοις

2060 4437 2289 4494 minime
2315 4448 2419 4504 est,
2451 4440 2501 4493 id
2532 4440 2677 4510 quod
2709 4451 2793 4495 est
2818 4440 3103 4512 ﬁguretur.
3137 4441 3325 4511 Neque
3356 4419 3470 4497 haec
3496 4419 3641 4508 dico,

373 4512 691 4604 ἀμαθίαν,ἧ
724 4521 835 4582 τοῖς
863 4520 1197 4593 ἠσκημένοις
1216 4528 1308 4578 καὶ
1332 4530 1535 4601 σπουδῇ
1565 4533 1955 4604 προελομένοις

372 4603 477 4673 τὴν
507 4608 823 4662 παίδευσινο
858 4612 907 4665 οἳ
943 4613 1148 4683 ταύτην
1201 4617 1437 4687 ὀφείλειν
1489 4624 1624 4691 φασὶ
1672 4628 1955 4693 κανονίζε-

376 4694 504 4749 σθαι
562 4698 868 4769 βαρυτόνως
931 4704 1216 4777 μᾶλλον,ἢ
1274 4711 1730 4781 περισπωμένως,
1759 4716 1839 4768 ὅτι
1895 4719 1954 4771 τέ

375 4804 510 4857 φασι
537 4791 644 4844 τῶν
676 4794 940 4864 ῥημάτων
966 4797 1117 4849 οὐδὲν
1149 4802 1507 4869 περισπᾶται,
1541 4803 1680 4875 πλὴν
1706 4808 1753 4859 εἰ
1789 4807 1863 4879 μὴ
1887 4810 1952 4863 ἐκ

380 4887 747 4955 συναιρέσεως
803 4887 1100 4956 βαρυτόνου
1162 4891 1517 4961 καθέστηκεν,
1568 4896 1642 4959 ὡς
1699 4898 1791 4963 τὸ,
1825 4899 1949 4965 νοῶ,

373 4974 472 5028 καὶ
539 4977 712 5039 ποιῶ,
768 4979 860 5031 καὶ
924 4981 1132 5050 χρυσῶ,
1213 4984 1305 5037 καὶ
1365 4985 1466 5037 ὃσα
1527 4988 1794 5053 τοιαῦτα,
1849 5008 1955 5059 φυ-

372 5066 646 5122 λάσσοντα
709 5071 807 5124 καὶ
871 5074 1008 5128 μετὰ
1071 5075 1385 5145 προθέσεως
1457 5078 1550 5132 ἐπὶ
1620 5080 1719 5150 τῆς
1782 5082 1956 5152 αὐτῆς

372 5160 467 5213 τὸν
496 5162 669 5217 τόνον.

2054 4540 2117 4585 ut
2152 4532 2287 4587 viris
2327 4533 2646 4600 detraham;
2690 4550 2814 4589 cum
2855 4550 3045 4589 eorum
3084 4535 3177 4605 qui
3217 4535 3495 4598 dixerunt,
3548 4535 3643 4588 do-

2053 4626 2311 4693 ctrinam,
2346 4626 2465 4697 ipsa
2493 4627 2801 4681 chariorem
2840 4628 2950 4682 vita
2978 4628 3228 4693 habeam‘,
3264 4629 3358 4683 sed
3406 4636 3465 4681 ut
3508 4643 3643 4683 mea:

2054 4720 2172 4789 ipse
2201 4720 2460 4774 tenuitati
2492 4736 2607 4789 prae
2637 4735 2849 4773 summa
2885 4719 3181 4775 formidine
3208 4735 3450 4774 caveam.
3482 4720 3644 4776 Vocis

2061 4819 2245 4866 autem
2282 4811 2623 4875 ὑπωπιάζειν
2664 4820 2922 4866 accentus
2954 4812 3221 4866 rationem
3262 4810 3500 4875 tradere,
3532 4827 3642 4865 non

2061 4911 2171 4956 tam
2200 4916 2445 4957 mearum
2485 4902 2554 4956 sit
2590 4904 2853 4972 partium,
2885 4903 2956 4957 ob
2992 4919 3259 4957 summam
3301 4903 3369 4957 iis
3399 4904 3451 4957 in
3479 4903 3643 4957 rebus

2062 4994 2361 5060 inscitiam,
2397 5009 2559 5065 quam
2600 4994 2968 5059 eruditorum,
3011 5004 3067 5049 et
3102 4994 3205 5063 qui.
3223 4994 3529 5064 disciplinis
3560 5008 3642 5047 sc-

2063 5086 2194 5140 dulo
2232 5086 2476 5141 animum
2506 5085 2894 5155 adjunxerunt.
2922 5087 3092 5141 Aiunt
3122 5088 3305 5156 itaque
3338 5087 3418 5142 sic
3450 5086 3642 5140 obser-

2064 5175 2325 5241 vandum,
2354 5186 2416 5229 ut
2443 5177 2596 5247 gravi
2627 5176 2811 5245 potius
2846 5185 3096 5242 accentu,
3140 5191 3302 5247 quam
3339 5176 3478 5230 ﬂexo
3512 5190 3643 5245 pro-

372 5256 684 5314 nuntietur.
710 5259 933 5315 Nullum
955 5263 1103 5319 enim
1127 5265 1360 5320 verbum
1382 5267 1573 5323 dicunt
1599 5270 1980 5337 circumﬂecti,
2020 5272 2128 5326 nisi
2162 5271 2309 5342 quod
2348 5286 2416 5327 ex
2457 5272 2608 5342 gravi
2644 5288 2743 5342 per
2781 5272 3212 5327 contractionem
3247 5271 3505 5328 eﬂ‘ectum
3536 5273 3641 5342 sit;

375 5356 438 5402 ut
484 5357 613 5403 sunt
655 5351 759 5403 νοῶ
790 5351 961 5420 ποιῶ,
992 5357 1210 5425 χρυσῶ,
1247 5373 1311 5411 ac
1353 5359 1586 5425 similia,
1624 5377 1745 5431 qua:
1788 5364 1954 5417 etiam
1994 5380 2117 5419 cum
2153 5364 2529 5435 propositione
2557 5365 2610 5419 in
2637 5366 2828 5420 eadem
2855 5376 3407 5421 servantaccentum.

449 5440 563 5509 Τὴν
591 5442 791 5509 δεξιὰν,
819 5448 1068 5515 σιαγόνα,
1096 5448 1194 5520 τὴν
1221 5451 1402 5515 δεξιὰν
1436 5454 1634 5525 πρᾶξίν
1662 5474 1828 5526 φημι,
1853 5457 1948 5511 καὶ

372 5532 511 5603 ὅσην
544 5533 726 5598 ἔνθεος
785 5539 921 5607 ἡμῖν
971 5540 1060 5595 διὰ
1112 5542 1221 5595 τῶν
1269 5545 1499 5601 ἐντολῶν
1556 5550 1949 5619 συνιστάμενος

373 5624 494 5696 βίος
540 5630 961 5700 χαρακτηρίζει,
1011 5634 1385 5709 ῥαπιζομένην
1426 5639 1529 5693 ὑπὸ
1569 5640 1662 5694 τοῦ
1704 5642 1943 5712 πονηροῦ

448 5781 468 5811 ⁸
496 5781 627 5839 Luc.
656 5800 803 5853 xvm,
843 5787 893 5840 7.
974 5789 993 5820 ⁸
1020 5789 1208 5845 Matth.
1242 5808 1330 5857 vn,
1368 5794 1447 5849 18.

2127 5458 2293 5529 639
2314 5460 2604 5513 Dexteram
2637 5462 2913 5514 maxillam
2940 5502 2954 5525 ,
2993 5461 3272 5516 dexteram
3310 5460 3433 5515 dico
3467 5458 3641 5513 actio.

2057 5566 2207 5616 nem,
2244 5560 2300 5605 et
2341 5568 2462 5621 quin
2508 5551 2682 5607 fauste
2716 5553 2898 5619 cedit;
2931 5569 3148 5608 omnem
3185 5552 3446 5621 denique,
3477 5565 3639 5620 quam

2055 5642 2241 5698 divina
2288 5643 2448 5700 nobis
2480 5644 2611 5710 vita,
2642 5645 3027 5701 mandatorum
3056 5645 3439 5701 observatione
3478 5641 3640 5710 fulta,
