4060 6416
535 282 673 387 1403

1693 347 1752 405 S.
1797 346 2046 406 MAXIM
2063 347 2082 404 ῐ
2123 346 2639 410 CONFESSORIS

3646 361 3765 425 HO!-

537 439 664 494 illuc
687 456 879 496 errore
902 459 1031 514 vaga
1060 445 1205 501 circa
1237 449 1473 516 inutilia,
1496 454 1748 524 juvencze
1784 457 1840 512 in
1875 459 2119 525 modum,

2226 459 2414 525 ζουσα,
2443 455 2546 529 ᾦδε
2591 465 2814 517 κάκεῖσε
2848 465 2977 536 περὶ
3004 465 3074 519 τά
3095 465 3366 537 ἀνωφελῆ,
3392 461 3478 519 οἷά
3505 485 3582 528 τις
3613 470 3761 538 δάμα-

531 526 818 584 invenitur
846 550 858 585 ε
888 548 1180 605 sermoque
1211 555 1274 594 ac
1305 542 1466 605 ratio,
1489 544 1706 614 abiecto
1734 548 1968 603 actionis
1991 564 2118 617 pre-

531 620 676 674 tioso
715 623 940 689 amictu,
974 625 1118 679 haud
1159 631 1311 683 cultu
1351 631 1568 688 decenti
1610 637 1773 701 nitet,
1806 638 1909 692 etsi
1952 639 2116 693 talem

530 713 715 782 specie
748 723 908 771 tenus
938 718 1198 786 przeferrc
1223 723 1464 779 videtur.

599 890 652 943 6.
685 889 878 948 Virilis
917 894 1185 966 fortisque
1228 899 1465 967 animus,
1501 905 1748 960 mulieris
1789 907 1982 974 instar,
2020 923 2119 978 per

529 995 750 1037 omnem
777 985 966 1049 vitam,
993 987 1200 1058 duplici
1232 1008 1462 1048 accensa
1488 995 1604 1049 face
1632 997 1884 1066 (actionis
1910 998 2122 1054 scilicet

529 1073 585 1127 vi
630 1089 693 1128 ac
736 1082 1249 1152 contemplationis)
1296 1101 1418 1154 qua:
1462 1096 1594 1144 sunt
1637 1088 1800 1145 ollicii
1847 1092 2057 1162 peragit
2101 1099 2118 1146 :'

529 1177 725 1218 rursus
765 1182 896 1221 vero
934 1173 1212 1226 contraria
1267 1175 1362 1243 qui
1395 1176 1772 1247 voluptatibus
1814 1181 1994 1236 mollis
2037 1190 2122 1236 cst

531 1267 597 1306 ac
631 1269 922 1311 remissus.

602 1345 654 1398 7.
685 1345 806 1401 Non
841 1347 1043 1404 sufficit
1077 1351 1280 1418 animo,
1310 1363 1372 1409 ut
1403 1371 1433 1409 a
1465 1357 1602 1412 vitio
1636 1360 1877 1428 perfecte
1913 1361 2119 1417 libere-

531 1441 654 1503 tur,
701 1449 897 1507 sponte
941 1452 1223 1512 assumpta
1264 1445 1576 1514 amictatio;
1621 1449 1732 1516 nisi
1772 1460 1828 1506 et
1854 1451 1922 1508 iis
1963 1454 2121 1509 malis

530 1543 654 1598 quae
687 1528 878 1586 invitis
909 1533 1233 1602 obveniunt,
1261 1537 1407 1593 velut
1441 1539 1583 1610 ignis
1614 1542 1832 1598 camino
1862 1551 1975 1599 non
2004 1545 2119 1601 dis-

535 1619 805 1676 solvatur.

602 1712 655 1767 8.
710 1713 887 1769 Gladii
948 1717 1003 1772 in
1057 1736 1272 1784 morem.
1325 1722 1392 1777 ad
1447 1724 1688 1794 perfecte
1749 1727 2116 1787 abdicandum

2217 552 2300 616 λις
2329 555 2787 629 περιπλανωμὲνη
2814 558 3159 628 εὑρίσκεται·
3194 562 3222 611 6
3253 560 3309 611 δὲ
3335 559 3508 626 λόγος,
3524 559 3612 629 τῆς
3643 580 3763 631 πρι-

2219 645 2414 714 κτικῆς
2444 647 2570 710 τοὺς
2605 648 2856 719 ἐντίμους
2901 649 3133 719 χιτῶνας
3189 652 3636 720 ἀπο-ποιούμενος,
3678 653 3765 707 οὐκ

2219 737 2534 808 εὐσχήμων,
2584 739 2687 794 κᾶν
2737 741 2978 806 τοιοῦτος
3011 739 3152 795 εἶναι
3209 761 3323 806 πως
3357 742 3418 795 τὸ
3455 743 3622 796 δοκεῖν
3652 761 3767 815 σχη-

2223 828 2526 897 ματίζεται.

2294 925 2365 982 ς’.
2391 919 2456 972 Ἦ
2484 920 2706 992 ἀνδρεία
2724 921 2889 992 ψυχὴ,
2913 922 2991 986 ὡς
3014 923 3185 993 γυνὴ,
3209 924 3338 994 παρτ
3373 924 3672 995 ὅλονςαύτῆς
3691 927 3767 980 τὸν

2223 1009 2355 1079 βίον,
2377 1013 2455 1075 εἰς
2473 1012 2566 1065 δύο
2581 1012 2824 1083 λύχνους,
2841 1017 2900 1067 τὸ
2923 1016 3224 1084 πρακτικόν
3247 1033 3303 1067 τε
3326 1017 3415 1068 καὶ
3443 1016 3768 1086 Οειορητικὸν,

2221 1103 2544 1172 καιομένους
2588 1107 2917 1176 κατέχουσα,
2953 1108 3184 1179 πράττει
3232 1106 3302 1158 τὰ
3347 1106 3771 1175 ὀφειλόμενα·τᾶ

2221 1192 2439 1245 ἐναντία
2470 1193 2525 1245 δέ
2559 1194 2812 1265 πάλιν,.ἡ
2841 1197 3144 1268 παρειμένη
3183 1198 3303 1258 ταῖς
3335 1195 3566 1264 ἡδοναῖς.

2286 1372 2352 1437 ζ’.
2395 1372 2509 1427 Οὗκ
2536 1375 2698 1444 ἀρκεῖ
2729 1379 2795 1448 τῇ
2823 1377 2967 1447 ψυχῇ
3001 1379 3134 1448 πρὸς
3161 1378 3371 1430 τελείαν
3402 1377 3598 1440 κακίας
3622 1377 3776 1430 ἁπαλ-

2153 1503 2168 1536 έ
2219 1463 2412 1535 λαγὴν,
2449 1468 2480 1536 ἠ
2522 1467 2768 1532 ἑκούσιος
2821 1469 3183 1534 κακοπάθεια,
3222 1471 3269 1522 εί
3311 1469 3384 1541 μὴ
3438 1471 3530 1522 καὶ
3584 1469 3662 1520 διὰ
3692 1471 3777 1538 τῆς

2221 1558 2484 1612 ἀκουσίου
2507 1562 2894 1632 ἐκπυρουμένη
2934 1562 3009 1634 μὴ
3039 1561 3350 1633 διαλύηται.

2293 1743 2366 1807 η’.
2413 1733 2516 1792 0ῖά
2542 1757 2627 1804 τις
2665 1740 2969 1812 μάχαιραὴ
3007 1740 3153 1812 ψυχὴ
3197 1741 3335 1812 πρὸς
3361 1740 3576 1793 τελείαν
3601 1739 3780 1801 κακὲσς

529 1802 728 1859 vitium
765 1805 995 1864 duratus
1037 1813 1273 1879 animus,
1305 1816 1411 1868 nisi
1458 1831 1556 1886 per
1594 1817 1773 1885 ignem
1823 1828 1878 1875 et
1915 1837 2112 1892 aquam

2222 1802 2558 1902 ἀπαλλαγὴν,
2590 1802 2636 1882 ἐξ
2665 1802 2858 1900 μὴ”διδὶ
2883 1802 3056 1903 sua;
3081 1802 3264 1905 ὲὶέωέι
3287 1802 3381 1885 κάξ
3409 1833 3618 1895 ὓδατος,
3639 1849 3779 1884 τουτ-

534 1895 900 1964 (voluntarios
929 1902 1142 1958 scilicet
1165 1916 1221 1960 et
1251 1905 1650 1963 involuntarios
1676 1910 1911 1980 labores)
1944 1922 2121 1989 trans-

531 1987 681 2054 ierit,
709 1989 1055 2049 illidentibus
1079 1996 1300 2052 casibus
1326 2009 1490 2069 alque
1516 2000 1762 2055 adversis
1785 1987 2121 2058 inviolabilis

529 2093 642 2133 non
656 2117 658 2120 μ
673 2083 1004 2137 servabitur.

600 2173 653 2226 9.
702 2174 1177 2241 Quemadmodum
1235 2170 1598 2252 tentalionum
1649 2200 1770 2253 quae
1825 2201 1892 2240 ex
1951 2185 2116 2240 animi
2158 2258 2161 2263 η

529 2266 814 2321 voluntate
842 2280 992 2334 sunt,
1021 2283 1132 2327 tres
1158 2275 1585 2331 universaliores
1614 2293 1792 2332 causa:
1820 2279 2116 2342 exsistunt,

531 2360 758 2422 sanitas,
790 2360 1015 2428 divitiae,
1043 2372 1097 2418 et
1129 2366 1298 2436 gloria
1330 2382 1428 2422 seu
1453 2368 1705 2436 claritas;
1738 2369 1819 2424 sic
1846 2379 1902 2425 et
1928 2386 2119 2426 earum

530 2467 655 2520 qua:
689 2451 876 2509 invitis
908 2471 972 2509 ac
1005 2459 1278 2513 exteriore
1311 2470 1505 2530 agente
1536 2461 1860 2530 obveniunt,
1887 2471 2000 2520 tres
2034 2465 2124 2518 iti-

529 2541 656 2612 d'em
689 2553 820 2598 sunt
843 2563 1039 2611 causm,
1063 2549 1336 2605 honorum
1363 2553 1578 2621 jaCtura
1606 2569 1702 2607 seu
1728 2554 1946 2622 damna,
1971 2555 2124 2640 infir-

2219 1919 2367 1973 ἐστιν
2408 1922 2672 1976 ἑκουσίων
2704 1925 2880 1978 πόνων
2921 1926 3015 1978 καὶ
3039 1925 3330 1987 ἀκουσίων,
3361 1925 3657 1996 ἄθραυστος
3679 1926 3780 1986 ταῖς

2223 2016 2563 2080 ἀντιτυπίαις
2589 2016 2696 2070 τῶν
2724 2034 2789 2069 συ
2801 2017 3133 2087 μὸαινόντων
3164 2018 3224 2070 ού
3259 2020 3624 2090 συντηρεῖται.

2295 2189 2359 2242 0'.
2403 2191 2614 2261 ’Ὠσπερ
2663 2190 2771 2245 τῶν
2816 2192 3081 2244 ἑκουσίων
3123 2191 3471 2260 πειρασμῶν,
3523 2190 3648 2260 τρία
3693 2190 3786 2242 sici.

2223 2277 2292 2332 τὰ
2323 2279 2734 2348 καθολικώτερα
2763 2282 2911 2335 αἴτια
2936 2298 2949 2311 ο
2979 2281 3161 2349 ὑγεία,
3189 2281 3417 2343 πλοῦτος
3433 2281 3532 2334 καὶ
3567 2279 3781 2332 εὖχλεια·

2224 2369 2368 2425 οὕτω
2399 2373 2493 2426 κοιλ¹
2521 2371 2589 2425 τὰ
2616 2372 2724 2425 τῶν
2759 2373 3034 2426 ἀκουσίων
3069 2373 3196 2444 τρία
3226 2373 3358 2425 εἰσί·
3393 2372 3611 2442 ζημίαι,
3643 2371 3785 2424 ἀσθέ-

2226 2480 2368 2516 νειαι
2398 2464 2492 2516 καὶ
2520 2463 2801 2536 λοιδορίαι.
2831 2464 3078 2518 Γίνονται
3103 2465 3162 2517 δὲ
3202 2465 3380 2517 ταῦτα
3405 2463 3572 2527 τισὶν,
3610 2465 3684 2527 εἰς
3715 2464 3784 2515 ol-

2229 2558 2498 2628 κοδομήν·
2531 2559 2641 2611 τισὶ
2666 2558 2742 2624 δὲ,
2776 2559 2856 2621 εἰς
2884 2557 3224 2629 καθαίρεσιν.

529 2635 780 2710 mitates,_
821 2641 1112 2695 maledicta
1139 2658 1201 2697 ac
1229 2643 1498 2698 convicia.
1526 2643 1649 2699 ΙΙωο
1699 2653 1882 2701 autem
1948 2635 2279 2715 quibusdam
2335 2649 2557 2706 quidem
2593 2649 2660 2704 ad
2698 2649 3121 2704 aediﬁcationem
3166 2649 3536 2720 contingunt,
3579 2647 3789 2717 quibus-

531 2729 655 2784 dam
684 2747 811 2785 vero
841 2733 906 2787 ad
936 2734 1392 2794 destructionem.

602 2820 764 2893 642
816 2824 898 2879 l0.
945 2826 1339 2885 Adnascuntur
1381 2832 1536 2887 velut
1574 2832 1817 2887 stolones
1865 2834 2122 2902 quidam,

533 2916 718 2968 animo
749 2917 994 2985 quidem,
1024 2922 1302 2991 cupiditas
1335 2933 1392 2978 et
1424 2925 1679 2989 tristitia;
1716 2925 1940 2994 corpori
1969 2940 2121 2990 vero,

532 3005 788 3076 voluptas
819 3017 876 3062 et
910 3009 1088 3066 dolor.
1113 3012 1290 3068 Causa
1319 3030 1471 3081 vero,
1505 3015 1716 3070 doloris
1750 3016 1994 3085 quidem,
2023 3033 2120 3071 vo-

2297 2842 2348 2890 ι’.
2393 2837 2790 2906 Παρυφέστηκε
2825 2836 2972 2908 ψυχῇ
3013 2838 3144 2908 μὲν,
3189 2835 3457 2904 ἐπιθυμία
3495 2835 3593 2887 καὶ
3625 2827 3788 2901 λύπη⁶

2227 2925 2440 2998 σώματι
2467 2929 2544 2993 δὲ,
2571 2929 2734 2999 ἡδονὴ
2769 2930 2864 2984 καὶ
2897 2929 3078 3001 ὀδύνη.
3106 2929 3286 2982 Αἴτιον
3318 2928 3393 2994 δὲ,
3427 2928 3535 2997 τῆς
3563 2929 3658 2998 μὲν
3685 2925 3794 2978 ὀδύ-

2225 3037 2342 3090 νης,
2391 3023 2424 3091 ἡ
2462 3022 2621 3092 ἡδονή
2648 3022 2719 3091 (b)
2741 3040 2753 3050 '
2789 3020 3036 3084 Θέλοντες
3067 3021 3176 3093 γὰρ
3227 3022 3489 3091 ἐκφυγεῖν
3535 3019 3634 3088 τὴν
3667 3017 3793 3070 κατὰ

535 3096 740 3166 luptas.
765 3099 906 3154 Dum
939 3103 1087 3156 enim
1125 3106 1417 3161 molestum
1448 3107 1654 3162 doloris
1690 3124 1912 3164 sensum
1946 3109 2120 3164 vitare

2225 3111 2324 3183 τὴν
2351 3112 2543 3185 ὀδύνην
2576 3113 2839 3168 ἐπίπονον
2869 3113 3143 3180 αἴσθησιν,
3180 3111 3316 3182 πρὸς
3343 3110 3442 3181 τὴν
3485 3108 3678 3180 ἡδονὴν
3705 3123 3796 3160 κα-

535 3187 814 3251 volumus,
836 3191 904 3245 ad
937 3194 1271 3264 voluptatem
1299 3198 1647 3270 confugimus
1681 3217 1694 3253 :
1729 3199 1965 3256 tristitiae
1993 3217 2125 3256 vero

536 3295 636 3336 seu
669 3286 942 3351 maeroris,
968 3291 1242 3359 cupiditas
1269 3302 1363 3347 aut
1383 3295 1675 3366 aegritudo.

609 3373 696 3427 11.
742 3375 1035 3434 Studiosus
1077 3397 1141 3436 ac
1185 3382 1406 3439 virtutis
1453 3385 1660 3452 cultor,
1705 3385 1914 3441 bonum
1959 3386 2128 3443 habet

537 3465 646 3520 alte
678 3468 863 3521 animo
892 3473 1191 3541 repositum
1229 3475 1565 3546 insitumque
1598 3496 1610 3530 :
1639 3478 1733 3548 qui
1766 3487 1947 3534 autem
1978 3480 2124 3535 inani

536 3558 714 3628 gloria
742 3560 974 3628 laborat,
1002 3565 1094 3620 illo
1119 3568 1436 3636 cogitatum.
1462 3571 1662 3625 Malum
1686 3587 1819 3627 vero
1845 3573 2127 3629 studiosus

536 3652 694 3719 quasi
743 3655 1036 3723 superﬁcie
1083 3667 1241 3715 tenus
1283 3660 1476 3728 habet;
1523 3662 1855 3719 libidinosus
1893 3679 2028 3719 vero
2063 3679 2127 3718 ac

535 3743 804 3812 voluptati
835 3745 1076 3812 deditus,
1101 3751 1212 3805 alto
1239 3751 1402 3805 ﬁxum
1434 3761 1679 3821 pectore.

609 3836 697 3890 12.
735 3839 936 3894 Rarius
978 3858 1079 3896 nec
1116 3859 1184 3896 ex
1223 3844 1408 3899 animo
1455 3861 1520 3900 ac
1564 3861 1836 3916 propense
1880 3844 1935 3900 in
1986 3845 2127 3900 malo

536 3931 848 3995 versatur“,
872 3932 964 4000 qui
995 3933 1126 3988 illud
1156 3935 1274 3989 odit
1299 3953 1311 3989 :
1341 3937 1593 3994 crebrius
1615 3953 1748 3992 vero
1776 3947 1833 3993 et
1855 3939 2124 4004 tenacius,

540 4019 630 4089 qui
660 4021 778 4090 ejus
807 4022 991 4077 adhuc
1019 4026 1202 4080 causis
1232 4027 1464 4082 aﬂ‘ectus
1493 4038 1599 4083 est.

611 4197 696 4252 15.
729 4199 940 4266 Quibus
973 4220 1081 4258 non
1117 4220 1182 4259 ex
1217 4223 1402 4260 animo
1437 4216 1521 4262 est
1555 4216 1615 4261 ut
1650 4207 1984 4276 poeniteant,
2017 4207 2128 4262 illis

538 4305 761 4360 quoque
782 4295 911 4364 juge
937 4305 1020 4350 cst
1050 4309 1111 4351 ut
1136 4298 1460 4369 delinquant
1491 4318 1504 4353 :
1536 4300 1741 4369 quibus
1766 4315 1897 4354 vero
1924 4315 2032 4353 non
2061 4315 2127 4352 ex

539 4381 813 4438 destinata
856 4395 940 4440 est
982 4388 1265 4442 voluntate
1312 4406 1375 4444 ac
1423 4390 1707 4460 proposito
1756 4397 1818 4443 ut
1863 4396 2122 4458 peccent,

2223 3203 2570 3276 ταφεύγομεν
2591 3221 2605 3238 ·
2641 3204 2819 3275 λύπης
2852 3204 2928 3271 δὲ,
2962 3203 3230 3275 ἐπιθυμία
3265 3203 3296 3274 ἢ
3324 3203 3632 3275 ἀρρωστία.

2299 3386 2389 3433 ια’.
2444 3378 2782 3434 Ἐνδιάθετον
2823 3380 2922 3451 μὲν
2965 3380 2992 3433 6
3040 3377 3297 3450 ἐνάρετος
3329 3375 3599 3447 κέκτηται
3625 3373 3684 3428 τὺ
3711 3389 3802 3426 κα-

2223 3469 2316 3526 λόν
2339 3490 2352 3502 ·
2383 3472 2838 3543 περινενοημένον
2887 3469 2977 3535 δὲ,
3004 3471 3031 3522 6
3059 3466 3356 3532 κενόδοξος.
3390 3466 3464 3518 Τὸ
3513 3464 3573 3518 δὲ
3619 3463 3802 3525 κακον,

2225 3564 2253 3615 6
2289 3562 2387 3632 μὲν
2423 3561 2732 3626 σπουδαῖος,
2760 3559 2818 3628 ἐξ
2849 3558 3116 3629 ἐπιπολῆς
3145 3557 3286 3628 ἔχει·
3323 3555 3465 3610 κατὰ
3499 3550 3698 3626 βάθους
3729 3552 3820 3640 δὲ,-

2225 3655 2254 3707 6
2285 3653 2570 3724 φιλήδονος

2300 3845 2389 3916 ιβ’.
2443 3844 2726 3914 Ὀλιγάκις
2761 3845 2860 3915 μὲν
2884 3844 2981 3898 καὶ
3015 3843 3114 3896 οὐκ
3143 3840 3421 3912 ἐπιμελῶς
3456 3840 3531 3912 (ο)
3570 3837 3806 3909 εὑρίσκε-

2227 3955 2317 3990 ται
2356 3937 2494 4007 πρὸς
2535 3938 2596 3990 τὸ
2643 3938 2834 4002 κακὸν,
2878 3939 2905 3990 6
2958 3935 3115 3988 τοῦτο
3167 3933 3380 4005 μισῶνο
3427 3931 3725 3992 πλεονάκις
3755 3927 3804 3979 δὲ

2228 4031 2322 4082 καὶ
2381 4027 2914 4099 προσεκτικώτερον,
2972 4029 3001 4080 6
3062 4025 3143 4079 ἑτι
3195 4029 3317 4088 ταῖς
3367 4025 3573 4087 αἰτίαις
3608 4021 3805 4075 ἐκείνου

2228 4120 2624 4192 προσκείμενος

2299 4219 2387 4281 ιγ’.
2429 4208 2524 4274 Οἷς
2558 4212 2633 4282 μὴ
2667 4211 2809 4265 κατὰ
2861 4209 3119 4282 πρόθεσιν
3163 4209 3225 4261 τὸ
3271 4210 3578 4279 μετανοεῖν,
3609 4204 3807 4263 τούτοις

2230 4305 2453 4375 συνεχὲς
2488 4305 2582 4358 καὶ
2616 4303 2675 4356 τὸ
2707 4302 3080 4372 πλημμελεῖν
3119 4295 3200 4364 οἷς
3239 4301 3295 4353 δὲ
3347 4297 3506 4368 παρὰ
3556 4296 3807 4368 πρόθεσιν

2227 4398 2287 4450 rb
2317 4399 2676 4468 ἁμαρτάνειν,
2719 4395 3214 4466 ἐμπληροφόρητος
3247 4393 3280 4463 ὴ
3321 4393 3608 4462 μετάνοια,
3635 4387 3728 4443 καὶ
3754 4383 3808 4438 τὸ

539 4483 690 4528 certa
731 4491 907 4544 exque
951 4478 1136 4534 animo
1181 4482 1507 4551 pcenitentia
1551 4492 1655 4548 est,
1691 4483 1919 4552 ejusque
1960 4496 2122 4535 causa

2228 4487 2398 4542 αἴτιον
2432 4488 2637 4557 ταύτης
2667 4487 2788 4558 οὐχὶ
2819 4486 3034 4557 συχνόν.

542 4564 689 4620 haud
720 4566 796 4622 ita
825 4569 1042 4625 crebra.

613 4657 699 4712 14.
751 4658 958 4716 Sensus
1021 4672 1076 4717 et
1134 4664 1474 4719 conscientia
1533 4665 1647 4720 oris
1713 4664 1953 4719 sermoni
2021 4665 2132 4720 sint

541 4748 798 4814 comites,
830 4760 887 4805 ut
921 4753 1133 4809 scilicet
1165 4755 1388 4810 divinus
1421 4771 1624 4820 sermo,
1657 4757 1752 4825 qui
1787 4759 1925 4810 dixit
1949 4756 1968 4785 ⁸*
2008 4756 2127 4809 fore

540 4855 601 4894 se
637 4842 690 4894 in
735 4844 916 4898 medio
951 4861 1165 4910 eorum,
1202 4864 1312 4901 non
1354 4848 1672 4914 erubescat,
1708 4849 1778 4902 ob
1819 4847 2126 4918 procacita-

615 5020 635 5051 ³
669 5020 806 5077 Gen.
838 5039 912 5089 γι,
947 5023 999 5078 5.
1079 5021 1100 5055 ⁸
1130 5022 1322 5078 Matth.
1359 5040 1510 5090 xvm,
1548 5025 1636 5079 20.

614 5204 686 5275 (b)
721 5203 831 5275 Τῆς
847 5203 965 5273 μὲν
991 5203 1234 5275 ὀδύνης,
1258 5204 1295 5272 ἡ
1325 5203 1534 5271 ἡδονή.
1564 5205 1704 5261 Sunt
1728 5204 1949 5274 quidem
1979 5206 2117 5266 haec.

541 5275 649 5328 alia
681 5274 801 5329 aliis
833 5290 1028 5338 causa,
1063 5274 1140 5327 uti
1175 5275 1294 5329 aliis
1326 5275 1461 5328 locis
1496 5276 1611 5345 ipse
1644 5275 1911 5330 Maximus
1944 5278 2119 5345 expli-

541 5355 656 5408 cat;
700 5345 940 5414 dumque
977 5353 1254 5414 sectamur
1291 5345 1662 5414 voluptatem,
1697 5362 1796 5400 nos
1837 5345 2120 5401 laboribus

543 5409 918 5486 implicamu's:
934 5430 998 5469 ac
1027 5409 1270 5469 dolorem
1302 5409 1586 5486 augemus,
1617 5418 1906 5486 ipsumque
1930 5417 2115 5486 jugem

541 5485 844 5540 reddimus.
874 5484 974 5540 Hic
1010 5493 1218 5543 tamen.
1248 5493 1303 5538 et
1336 5485 1482 5553 quod
1518 5484 1713 5540 attinet
1745 5484 1829 5540 adi
1851 5484 2118 5540 rationem

541 5555 778 5639 Maximo
813 5555 1303 5639 allatam..~potius\
1319 5555 1672 5639 scribendum
1715 5557 1989 5639 videatur,
2021 5558 2120 5639 τῆς

547 5625 647 5694 μὲν
697 5626 985 5696 ἡδονῆςρὴ
1031 5623 1212 5696 ὀδύνη
1259 5623 1422 5678 Dolor
1468 5642 1631 5681 causa
1679 5636 1752 5681 est
1799 5623 2118 5696 voluptatis;

544 5696 690 5762 quod
719 5694 863 5766 eius:
885 5694 1192 5766 depellendi
1237 5697 1788 5766 causatvoluptatem
1830 5694 2115 5751 consecta-

545 5781 685 5820 ntur.
718 5763 968 5822 Pleniora
1004 5766 1144 5822 forte
1182 5763 1406 5833 scripsit
1437 5763 1701 5822 Maximus
1747 5785 1762 5824 :
1797 5783 2112 5838 quanquam

2309 4663 2394 4717 ιδ’.
2434 4661 2694 4733 Αἴσθησις
2727 4662 2820 4714 καὶ
2852 4660 3181 4729 συνείδησις,
3212 4660 3356 4731 λόγῳ
3382 4659 3460 4730 τῷ
3507 4658 3651 4714 κατὰ
3685 4672 3810 4726 προ-

2237 4755 2408 4826 φορὰν
2442 4754 2804 4825 συνερχέσθω,
2833 4753 2980 4813 ὅπως
3019 4755 3046 4804 6
3091 4751 3332 4821 εἰρηκὼς
3376 4751 3520 4813 Gaio;
3548 4751 3728 4818 λόγος.
3757 4748 3807 4796 ἐν

2237 4847 2388 4918 μέσῳ
2422 4844 2630 4899 τούτων
2679 4841 3054 4917 εὑρίσκεσθαι,
3110 4849 3185 4914 μὴ
3230 4843 3697 4913 καταισχύνηται,
3730 4834 3809 4888 διὰ

2228 5221 2466 5277 pronum
2513 5215 2599 5262 est
2649 5212 2988 5275 permutatas
3037 5203 3138 5273 has
3179 5219 3344 5258 voces
3393 5219 3458 5257 cx
3507 5202 3811 5256 litterarum

2229 5278 2604 5349 vicinitate,
2701 5347 2710 5349 _
2921 5345 2944 5349 _
3198 5343 3211 5349 _
3445 5343 3460 5349 _
3505 5343 3538 5349 _
3765 5337 3792 5349 ..

2298 5349 2369 5415 (ε)
2402 5348 2511 5424 Καί
2548 5345 3004 5424 οὐκέπιμελῶς.
3039 5343 3251 5424 ΑΙΙμιείο
3283 5353 3373 5424 est
3397 5343 3460 5396 ad
3497 5343 3640 5424 Gen.
3667 5339 3812 5424 γιηξί.

2227 5418 2321 5472 ubi
2354 5414 2449 5472 isic
2492 5414 2796 5486 ἐπιμελῶς,
2823 5415 3187 5493 quasi__serio,
3225 5414 3815 5493 omnique-diligentia

2225 5497 2392 5558 atque
2433 5479 2601 5556 opera
2642 5479 2927 5564 dicuntur,
2967 5484 3114 5564 illius
3154 5487 3330 5564 aetatis
3374 5479 3653 5564 homines
3679 5479 3814 5564 malo

2225 5550 2582 5632 incumbere;
2618 5557 2766 5632 quod
2801 5557 2992 5632 procul
3027 5555 3210 5632 cst_ah
3247 5571 3344 5632 eo.
3375 5553 3466 5623 qui
3497 5552 3642 5632 illud
3677 5550 3814 5632 odit,

2223 5643 2474 5698 pencque
2522 5622 2731 5682 invitus
2772 5622 2855 5680 vel
2902 5622 3510 5698 cmicupiscentia{vel
3567 5622 3814 5676 suasione

2223 5691 2407 5767 aliqua
2450 5706 2546 5752 aut
2583 5699 2750 5753 etiam
2795 5712 3009 5761 errore,
3047 5691 3101 5749 in
3143 5695 3282 5749 illud
3325 5691 3666 5764 quandoque
3712 5701 3814 5743 trac

2217 5767 2390 5824 hitur.
