  <div class='ocr_page' id='page_1' title='image "/cluster/home/n/w/nwhite01/storage/ocr_20150623/90:no.1/coo.31924054869940/718.png"; bbox 0 0 4060 6424; ppageno 0'>
   <div class='ocr_carea' id='block_1_1' title="bbox 358 355 489 423">
    <p class='ocr_par' dir='ltr' id='par_1_1' title="bbox 358 355 489 423">
     <span class='ocr_line' id='line_1_1' title="bbox 358 355 489 423; baseline -0.038 0"><span class='ocrx_word' id='word_1_1' title='bbox 358 355 489 423; x_wconf 69' lang='grc'><strong>1405</strong></span> 
     </span>
    </p>
   </div>
   <div class='ocr_carea' id='block_1_2' title="bbox 1506 368 2433 437">
    <p class='ocr_par' dir='ltr' id='par_1_2' title="bbox 1506 368 2433 437">
     <span class='ocr_line' id='line_1_2' title="bbox 1506 368 2433 437; baseline 0.014 -13"><span class='ocrx_word' id='word_1_2' title='bbox 1506 368 1684 427; x_wconf 82' lang='lat' dir='ltr'><strong>ALIA</strong></span> <span class='ocrx_word' id='word_1_3' title='bbox 1721 370 1824 430; x_wconf 79' lang='lat' dir='ltr'><strong>EX</strong></span> <span class='ocrx_word' id='word_1_4' title='bbox 1865 372 2101 433; x_wconf 77' lang='lat' dir='ltr'><strong>VATIC.</strong></span> <span class='ocrx_word' id='word_1_5' title='bbox 2143 375 2433 437; x_wconf 79' lang='lat' dir='ltr'><strong>CAPITA.</strong></span> 
     </span>
    </p>
   </div>
   <div class='ocr_carea' id='block_1_3' title="bbox 3479 384 3618 450">
    <p class='ocr_par' dir='ltr' id='par_1_3' title="bbox 3479 384 3618 450">
     <span class='ocr_line' id='line_1_3' title="bbox 3479 384 3618 450; baseline 0.014 -2"><span class='ocrx_word' id='word_1_6' title='bbox 3479 384 3618 450; x_wconf 66' lang='grc'>1406</span> 
     </span>
    </p>
   </div>
   <div class='ocr_carea' id='block_1_4' title="bbox 351 467 1924 567">
    <p class='ocr_par' dir='ltr' id='par_1_4' title="bbox 351 467 1924 555">
     <span class='ocr_line' id='line_1_4' title="bbox 351 467 1924 555; baseline 0.009 -32"><span class='ocrx_word' id='word_1_7' title='bbox 351 476 446 543; x_wconf 80' lang='grc' dir='ltr'>τῆς</span> <span class='ocrx_word' id='word_1_8' title='bbox 481 467 808 542; x_wconf 74' lang='grc' dir='ltr'><strong>προπετείας</strong></span> <span class='ocrx_word' id='word_1_9' title='bbox 840 471 871 539; x_wconf 75' lang='grc' dir='ltr'>ἦ</span> <span class='ocrx_word' id='word_1_10' title='bbox 903 474 1170 545; x_wconf 79' lang='grc' dir='ltr'>ἁμετρὲας</span> <span class='ocrx_word' id='word_1_11' title='bbox 1203 477 1309 529; x_wconf 80' lang='grc' dir='ltr'>τῶν</span> <span class='ocrx_word' id='word_1_12' title='bbox 1349 479 1663 550; x_wconf 57' lang='grc' dir='ltr'>λεγῡμένων</span> <span class='ocrx_word' id='word_1_13' title='bbox 1696 483 1728 553; x_wconf 80' lang='grc' dir='ltr'>ἢ</span> <span class='ocrx_word' id='word_1_14' title='bbox 1759 501 1924 555; x_wconf 85' lang='grc' dir='ltr'>πρατ-</span> 
     </span>
    </p>
   </div>
   <div class='ocr_carea' id='block_1_5' title="bbox 2031 467 3623 567">
    <p class='ocr_par' dir='ltr' id='par_1_5' title="bbox 2040 489 3623 567">
     <span class='ocr_line' id='line_1_5' title="bbox 2040 489 3623 567; baseline 0.009 -22"><span class='ocrx_word' id='word_1_15' title='bbox 2040 499 2149 546; x_wconf 91' lang='lat' dir='ltr'><strong>tem</strong></span> <span class='ocrx_word' id='word_1_16' title='bbox 2187 498 2284 544; x_wconf 90' lang='lat' dir='ltr'><strong>aut</strong></span> <span class='ocrx_word' id='word_1_17' title='bbox 2317 491 2791 548; x_wconf 86' lang='lat' dir='ltr'><strong>immoderantiam</strong></span> <span class='ocrx_word' id='word_1_18' title='bbox 2829 512 3024 551; x_wconf 82' lang='lat' dir='ltr'><strong>eorum</strong></span> <span class='ocrx_word' id='word_1_19' title='bbox 3061 489 3188 567; x_wconf 67' lang='lat' dir='ltr'><strong>quae</strong></span> <span class='ocrx_word' id='word_1_20' title='bbox 3223 499 3488 556; x_wconf 87' lang='lat' dir='ltr'><strong>dicuntur</strong></span> <span class='ocrx_word' id='word_1_21' title='bbox 3524 515 3623 559; x_wconf 89' lang='lat' dir='ltr'><strong>aut</strong></span> 
     </span>
    </p>
   </div>
   <div class='ocr_carea' id='block_1_6' title="bbox 350 565 608 632">
    <p class='ocr_par' dir='ltr' id='par_1_6' title="bbox 350 565 608 632">
     <span class='ocr_line' id='line_1_6' title="bbox 350 565 608 632; baseline -0.012 -14"><span class='ocrx_word' id='word_1_22' title='bbox 350 565 608 632; x_wconf 82' lang='grc' dir='ltr'>τομένων.</span> 
     </span>
    </p>
   </div>
   <div class='ocr_carea' id='block_1_7' title="bbox 421 655 1929 734">
    <p class='ocr_par' dir='ltr' id='par_1_7' title="bbox 421 655 1929 734">
     <span class='ocr_line' id='line_1_7' title="bbox 421 655 1929 734; baseline 0.007 -25"><span class='ocrx_word' id='word_1_23' title='bbox 421 663 498 709; x_wconf 82' lang='grc' dir='ltr'>ιε’.</span> <span class='ocrx_word' id='word_1_24' title='bbox 537 655 664 723; x_wconf 79' lang='grc' dir='ltr'><strong>οὑχ’</strong></span> <span class='ocrx_word' id='word_1_25' title='bbox 696 658 723 708; x_wconf 87' lang='grc' dir='ltr'>ὁ</span> <span class='ocrx_word' id='word_1_26' title='bbox 769 660 879 718; x_wconf 78' lang='grc' dir='ltr'>τοῖς</span> <span class='ocrx_word' id='word_1_27' title='bbox 919 657 1104 728; x_wconf 82' lang='grc' dir='ltr'>’ἐργοις</span> <span class='ocrx_word' id='word_1_28' title='bbox 1140 660 1216 729; x_wconf 82' lang='grc' dir='ltr'>μὴ</span> <span class='ocrx_word' id='word_1_29' title='bbox 1249 661 1451 715; x_wconf 84' lang='grc' dir='ltr'>ἀδικῶν</span> <span class='ocrx_word' id='word_1_30' title='bbox 1486 662 1586 734; x_wconf 79' lang='grc' dir='ltr'><strong>τὴν</strong></span> <span class='ocrx_word' id='word_1_31' title='bbox 1616 664 1796 734; x_wconf 74' lang='grc' dir='ltr'>ψυχὴν</span> <span class='ocrx_word' id='word_1_32' title='bbox 1823 667 1929 718; x_wconf 85' lang='grc' dir='ltr'>αὑ-</span> 
     </span>
    </p>
   </div>
   <div class='ocr_carea' id='block_1_8' title="bbox 350 740 1925 827">
    <p class='ocr_par' dir='ltr' id='par_1_8' title="bbox 350 740 1925 827">
     <span class='ocr_line' id='line_1_8' title="bbox 350 740 1925 827; baseline 0.006 -25"><span class='ocrx_word' id='word_1_33' title='bbox 350 749 460 812; x_wconf 73' lang='grc' dir='ltr'>τοῦ,</span> <span class='ocrx_word' id='word_1_34' title='bbox 500 740 654 809; x_wconf 68' lang='grc' dir='ltr'>οὗτος</span> <span class='ocrx_word' id='word_1_35' title='bbox 685 749 778 800; x_wconf 76' lang='grc' dir='ltr'><strong>καὶ</strong></span> <span class='ocrx_word' id='word_1_36' title='bbox 824 753 936 812; x_wconf 82' lang='grc' dir='ltr'>τοῖς</span> <span class='ocrx_word' id='word_1_37' title='bbox 979 751 1160 818; x_wconf 69' lang='grc' dir='ltr'>λόγοις</span> <span class='ocrx_word' id='word_1_38' title='bbox 1212 754 1478 822; x_wconf 84' lang='grc' dir='ltr'>ἀμίαντον</span> <span class='ocrx_word' id='word_1_39' title='bbox 1536 760 1925 827; x_wconf 82' lang='grc' dir='ltr'>συνετήρησεν.</span> 
     </span>
    </p>
   </div>
   <div class='ocr_carea' id='block_1_9' title="bbox 350 841 1928 917">
    <p class='ocr_par' dir='ltr' id='par_1_9' title="bbox 350 841 1928 917">
     <span class='ocr_line' id='line_1_9' title="bbox 350 841 1928 917; baseline 0.006 -24"><span class='ocrx_word' id='word_1_40' title='bbox 350 843 421 896; x_wconf 80' lang='grc' dir='ltr'><strong>Οὐ</strong></span> <span class='ocrx_word' id='word_1_41' title='bbox 467 841 522 893; x_wconf 76' lang='grc' dir='ltr'>δὲ</span> <span class='ocrx_word' id='word_1_42' title='bbox 571 843 597 892; x_wconf 88' lang='grc' dir='ltr'>ὁ</span> <span class='ocrx_word' id='word_1_43' title='bbox 640 841 862 901; x_wconf 69' lang='grc' dir='ltr'>τούτους</span> <span class='ocrx_word' id='word_1_44' title='bbox 897 842 1202 910; x_wconf 73' lang='grc' dir='ltr'>φυλάττων,</span> <span class='ocrx_word' id='word_1_45' title='bbox 1237 845 1334 914; x_wconf 75' lang='grc' dir='ltr'>ἤδη</span> <span class='ocrx_word' id='word_1_46' title='bbox 1385 847 1482 899; x_wconf 75' lang='grc' dir='ltr'>καὶ</span> <span class='ocrx_word' id='word_1_47' title='bbox 1508 849 1800 917; x_wconf 76' lang='grc' dir='ltr'>λογισμοὺς</span> <span class='ocrx_word' id='word_1_48' title='bbox 1829 851 1928 902; x_wconf 74' lang='grc' dir='ltr'><strong>οὐκ</strong></span> 
     </span>
    </p>
   </div>
   <div class='ocr_carea' id='block_1_10' title="bbox 351 931 1930 1010">
    <p class='ocr_par' dir='ltr' id='par_1_10' title="bbox 351 931 1930 1010">
     <span class='ocr_line' id='line_1_10' title="bbox 351 931 1930 1010; baseline 0.005 -26"><span class='ocrx_word' id='word_1_49' title='bbox 351 932 621 1001; x_wconf 74' lang='grc' dir='ltr'>ἐμόλυνεν.</span> <span class='ocrx_word' id='word_1_50' title='bbox 671 931 726 983; x_wconf 85' lang='grc' dir='ltr'><strong>Ὀ</strong></span> <span class='ocrx_word' id='word_1_51' title='bbox 759 933 866 1000; x_wconf 80' lang='grc' dir='ltr'>γὰρ</span> <span class='ocrx_word' id='word_1_52' title='bbox 916 934 1272 1002; x_wconf 71' lang='grc' dir='ltr'><strong>ἁμαρτάνων,</strong></span> <span class='ocrx_word' id='word_1_53' title='bbox 1309 938 1538 1006; x_wconf 77' lang='grc' dir='ltr'>τριττῶς</span> <span class='ocrx_word' id='word_1_54' title='bbox 1565 939 1724 991; x_wconf 79' lang='grc' dir='ltr'>τοῦτο</span> <span class='ocrx_word' id='word_1_55' title='bbox 1753 940 1930 1010; x_wconf 74' lang='grc' dir='ltr'>πράτ-</span> 
     </span>
    </p>
   </div>
   <div class='ocr_carea' id='block_1_11' title="bbox 345 1043 444 1076">
    <p class='ocr_par' dir='ltr' id='par_1_11' title="bbox 345 1043 444 1076">
     <span class='ocr_line' id='line_1_11' title="bbox 345 1043 444 1076; baseline 0 0"><span class='ocrx_word' id='word_1_56' title='bbox 345 1043 444 1076; x_wconf 87' lang='grc' dir='ltr'>τει.</span> 
     </span>
    </p>
   </div>
   <div class='ocr_carea' id='block_1_12' title="bbox 415 1115 1924 1192">
    <p class='ocr_par' dir='ltr' id='par_1_12' title="bbox 415 1115 1924 1192">
     <span class='ocr_line' id='line_1_12' title="bbox 415 1115 1924 1192; baseline -0.013 -13"><span class='ocrx_word' id='word_1_57' title='bbox 415 1121 511 1178; x_wconf 77' lang='grc' dir='ltr'>ις’.</span> <span class='ocrx_word' id='word_1_58' title='bbox 555 1117 627 1166; x_wconf 57' lang='lat' dir='ltr'><strong>UO</strong></span> <span class='ocrx_word' id='word_1_59' title='bbox 650 1115 859 1186; x_wconf 76' lang='grc' dir='ltr'>δυνήσῃ</span> <span class='ocrx_word' id='word_1_60' title='bbox 883 1117 941 1170; x_wconf 71' lang='grc' dir='ltr'>τὸ</span> <span class='ocrx_word' id='word_1_61' title='bbox 971 1119 1264 1186; x_wconf 86' lang='grc' dir='ltr'>πρόσωπον</span> <span class='ocrx_word' id='word_1_62' title='bbox 1293 1121 1395 1187; x_wconf 69' lang='grc' dir='ltr'>τῆς</span> <span class='ocrx_word' id='word_1_63' title='bbox 1428 1122 1635 1192; x_wconf 71' lang='grc' dir='ltr'>ἀρετῆς</span> <span class='ocrx_word' id='word_1_64' title='bbox 1666 1120 1924 1189; x_wconf 53' lang='grc' dir='ltr'><strong>κατιδεῖν⁹</strong></span> 
     </span>
    </p>
   </div>
   <div class='ocr_carea' id='block_1_13' title="bbox 346 1204 1924 1282">
    <p class='ocr_par' dir='ltr' id='par_1_13' title="bbox 346 1204 1924 1282">
     <span class='ocr_line' id='line_1_13' title="bbox 346 1204 1924 1282; baseline 0.005 -26"><span class='ocrx_word' id='word_1_65' title='bbox 346 1206 512 1274; x_wconf 75' lang='grc' dir='ltr'>ἡδέως</span> <span class='ocrx_word' id='word_1_66' title='bbox 548 1204 629 1256; x_wconf 81' lang='grc' dir='ltr'><strong>ἔτι</strong></span> <span class='ocrx_word' id='word_1_67' title='bbox 659 1206 718 1257; x_wconf 80' lang='grc' dir='ltr'><strong>τὸ</strong></span> <span class='ocrx_word' id='word_1_68' title='bbox 746 1205 844 1275; x_wconf 79' lang='grc' dir='ltr'>τῆς</span> <span class='ocrx_word' id='word_1_69' title='bbox 877 1208 1072 1272; x_wconf 74' lang='grc' dir='ltr'>κακίας</span> <span class='ocrx_word' id='word_1_70' title='bbox 1105 1211 1408 1265; x_wconf 76' lang='grc' dir='ltr'><strong>κατανοῶν.</strong></span> <span class='ocrx_word' id='word_1_71' title='bbox 1442 1213 1690 1282; x_wconf 82' lang='grc' dir='ltr'>Μισητδν</span> <span class='ocrx_word' id='word_1_72' title='bbox 1721 1213 1777 1265; x_wconf 84' lang='grc' dir='ltr'>δὲ</span> <span class='ocrx_word' id='word_1_73' title='bbox 1805 1213 1924 1266; x_wconf 82' lang='grc' dir='ltr'>τότε</span> 
     </span>
    </p>
   </div>
   <div class='ocr_carea' id='block_1_14' title="bbox 344 1297 1926 1374">
    <p class='ocr_par' dir='ltr' id='par_1_14' title="bbox 344 1297 1926 1374">
     <span class='ocr_line' id='line_1_14' title="bbox 344 1297 1926 1374; baseline 0.003 -23"><span class='ocrx_word' id='word_1_74' title='bbox 344 1301 587 1364; x_wconf 81' lang='grc' dir='ltr'>φανεῖται</span> <span class='ocrx_word' id='word_1_75' title='bbox 618 1297 680 1350; x_wconf 80' lang='grc' dir='ltr'>τὸ</span> <span class='ocrx_word' id='word_1_76' title='bbox 724 1297 1000 1369; x_wconf 84' lang='grc' dir='ltr'>δεύτερον,</span> <span class='ocrx_word' id='word_1_77' title='bbox 1043 1301 1130 1353; x_wconf 82' lang='grc' dir='ltr'><strong>ὅτε</strong></span> <span class='ocrx_word' id='word_1_78' title='bbox 1165 1300 1260 1353; x_wconf 76' lang='grc' dir='ltr'>τοῦ</span> <span class='ocrx_word' id='word_1_79' title='bbox 1305 1300 1524 1372; x_wconf 79' lang='grc' dir='ltr'>πρώτου</span> <span class='ocrx_word' id='word_1_80' title='bbox 1563 1303 1926 1374; x_wconf 77' lang='grc' dir='ltr'><strong>ἐπιθυμήσεις</strong></span> 
     </span>
    </p>
   </div>
   <div class='ocr_carea' id='block_1_15' title="bbox 344 1389 1926 1464">
    <p class='ocr_par' dir='ltr' id='par_1_15' title="bbox 344 1389 1926 1464">
     <span class='ocr_line' id='line_1_15' title="bbox 344 1389 1926 1464; baseline 0.003 -22"><span class='ocrx_word' id='word_1_81' title='bbox 344 1389 438 1460; x_wconf 82' lang='grc' dir='ltr'>τὴν</span> <span class='ocrx_word' id='word_1_82' title='bbox 486 1389 706 1458; x_wconf 83' lang='grc' dir='ltr'>γεῦσιν,</span> <span class='ocrx_word' id='word_1_83' title='bbox 755 1391 851 1442; x_wconf 77' lang='grc' dir='ltr'>καὶ</span> <span class='ocrx_word' id='word_1_84' title='bbox 917 1391 1185 1462; x_wconf 78' lang='grc' dir='ltr'><strong>τοσαύτης</strong></span> <span class='ocrx_word' id='word_1_85' title='bbox 1231 1393 1328 1464; x_wconf 79' lang='grc' dir='ltr'>τὴν</span> <span class='ocrx_word' id='word_1_86' title='bbox 1387 1393 1508 1462; x_wconf 75' lang='grc' dir='ltr'>ὖψιν</span> <span class='ocrx_word' id='word_1_87' title='bbox 1561 1393 1926 1460; x_wconf 75' lang='grc' dir='ltr'>ἀποξενώσεις</span> 
     </span>
    </p>
   </div>
   <div class='ocr_carea' id='block_1_16' title="bbox 291 1481 578 1560">
    <p class='ocr_par' dir='ltr' id='par_1_16' title="bbox 291 1481 578 1560">
     <span class='ocr_line' id='line_1_16' title="bbox 291 1481 578 1560; baseline 0 -10"><span class='ocrx_word' id='word_1_88' title='bbox 291 1502 299 1560; x_wconf 77' lang='grc' dir='ltr'><strong>ί</strong></span> <span class='ocrx_word' id='word_1_89' title='bbox 347 1481 578 1560; x_wconf 68' lang='grc' dir='ltr'>μρρφῆςι</span> 
     </span>
    </p>
   </div>
   <div class='ocr_carea' id='block_1_17' title="bbox 289 1531 1930 1649">
    <p class='ocr_par' dir='ltr' id='par_1_17' title="bbox 289 1531 1930 1649">
     <span class='ocr_line' id='line_1_17' title="bbox 289 1531 1930 1649; baseline 0.004 -25"><span class='ocrx_word' id='word_1_90' title='bbox 289 1531 308 1649; x_wconf 46' lang='grc' dir='ltr'><strong>ἓ</strong></span> <span class='ocrx_word' id='word_1_91' title='bbox 378 1546 393 1560; x_wconf 55' lang='grc'><em>’</em></span> <span class='ocrx_word' id='word_1_92' title='bbox 415 1573 500 1635; x_wconf 79' lang='grc' dir='ltr'><strong>ιζ’.</strong></span> <span class='ocrx_word' id='word_1_93' title='bbox 544 1573 645 1626; x_wconf 81' lang='grc' dir='ltr'>Διὰ</span> <span class='ocrx_word' id='word_1_94' title='bbox 679 1573 788 1625; x_wconf 74' lang='grc' dir='ltr'><strong>τῶν</strong></span> <span class='ocrx_word' id='word_1_95' title='bbox 810 1574 1110 1644; x_wconf 74' lang='grc' dir='ltr'>λογισμῶν,</span> <span class='ocrx_word' id='word_1_96' title='bbox 1145 1576 1206 1628; x_wconf 83' lang='grc' dir='ltr'><strong>οὐ</strong></span> <span class='ocrx_word' id='word_1_97' title='bbox 1238 1576 1349 1629; x_wconf 86' lang='grc' dir='ltr'><strong>τῶν</strong></span> <span class='ocrx_word' id='word_1_98' title='bbox 1380 1578 1725 1648; x_wconf 78' lang='grc' dir='ltr'><strong>πραγμάτιον</strong></span> <span class='ocrx_word' id='word_1_99' title='bbox 1757 1595 1930 1649; x_wconf 75' lang='grc' dir='ltr'>προη·</span> 
     </span>
    </p>
   </div>
   <div class='ocr_carea' id='block_1_18' title="bbox 299 1635 1932 1746">
    <p class='ocr_par' dir='ltr' id='par_1_18' title="bbox 299 1635 1932 1746">
     <span class='ocr_line' id='line_1_18' title="bbox 299 1635 1932 1746; baseline 0.006 -31"><span class='ocrx_word' id='word_1_100' title='bbox 299 1635 310 1746; x_wconf 65' lang='grc' dir='ltr'>ξ</span> <span class='ocrx_word' id='word_1_101' title='bbox 349 1666 633 1735; x_wconf 83' lang='grc' dir='ltr'>γουμένως</span> <span class='ocrx_word' id='word_1_102' title='bbox 669 1635 1002 1735; x_wconf 59' lang='grc' dir='ltr'>πολεμοίισιν</span> <span class='ocrx_word' id='word_1_103' title='bbox 1029 1668 1078 1720; x_wconf 76' lang='grc' dir='ltr'>οἱ</span> <span class='ocrx_word' id='word_1_104' title='bbox 1127 1669 1383 1738; x_wconf 84' lang='grc' dir='ltr'>δαίμονες</span> <span class='ocrx_word' id='word_1_105' title='bbox 1412 1635 1742 1742; x_wconf 55' lang='grc' dir='ltr'>τὴνίιουχήν.</span> <span class='ocrx_word' id='word_1_106' title='bbox 1774 1635 1932 1726; x_wconf 43' lang='lat' dir='ltr'><strong>dind-</strong></span> 
     </span>
    </p>
   </div>
   <div class='ocr_carea' id='block_1_19' title="bbox 297 1757 1928 1832">
    <p class='ocr_par' dir='ltr' id='par_1_19' title="bbox 297 1757 1928 1832">
     <span class='ocr_line' id='line_1_19' title="bbox 297 1757 1928 1832; baseline 0.004 -22"><span class='ocrx_word' id='word_1_107' title='bbox 297 1769 306 1828; x_wconf 39' lang='grc' dir='ltr'>ί</span> <span class='ocrx_word' id='word_1_108' title='bbox 342 1757 450 1828; x_wconf 75' lang='grc' dir='ltr'><strong>γὰρ</strong></span> <span class='ocrx_word' id='word_1_109' title='bbox 492 1757 616 1810; x_wconf 82' lang='grc' dir='ltr'>καθ’</span> <span class='ocrx_word' id='word_1_110' title='bbox 648 1759 812 1821; x_wconf 76' lang='grc' dir='ltr'>αὐτὰ,</span> <span class='ocrx_word' id='word_1_111' title='bbox 869 1761 1144 1827; x_wconf 78' lang='grc' dir='ltr'>ἀναγκαῖα</span> <span class='ocrx_word' id='word_1_112' title='bbox 1192 1761 1261 1814; x_wconf 79' lang='grc' dir='ltr'>τὰ</span> <span class='ocrx_word' id='word_1_113' title='bbox 1310 1763 1636 1832; x_wconf 82' lang='grc' dir='ltr'>πράγματα.</span> <span class='ocrx_word' id='word_1_114' title='bbox 1669 1763 1779 1816; x_wconf 74' lang='grc' dir='ltr'><strong>Καὶ</strong></span> <span class='ocrx_word' id='word_1_115' title='bbox 1816 1762 1928 1817; x_wconf 86' lang='grc' dir='ltr'><strong>τῶν</strong></span> 
     </span>
    </p>
   </div>
   <div class='ocr_carea' id='block_1_20' title="bbox 344 1846 1997 1923">
    <p class='ocr_par' dir='ltr' id='par_1_20' title="bbox 344 1846 1997 1923">
     <span class='ocr_line' id='line_1_20' title="bbox 344 1846 1997 1923; baseline 0.006 -23"><span class='ocrx_word' id='word_1_116' title='bbox 344 1849 440 1918; x_wconf 82' lang='grc' dir='ltr'><strong>μὲν</strong></span> <span class='ocrx_word' id='word_1_117' title='bbox 475 1851 841 1918; x_wconf 78' lang='grc' dir='ltr'><strong>πραγμάτων,</strong></span> <span class='ocrx_word' id='word_1_118' title='bbox 885 1853 914 1912; x_wconf 78' lang='grc' dir='ltr'>ἡ</span> <span class='ocrx_word' id='word_1_119' title='bbox 949 1852 1085 1921; x_wconf 81' lang='grc' dir='ltr'><strong>ἀκοὴ</strong></span> <span class='ocrx_word' id='word_1_120' title='bbox 1118 1852 1272 1906; x_wconf 86' lang='grc' dir='ltr'>αἰτία</span> <span class='ocrx_word' id='word_1_121' title='bbox 1313 1853 1408 1905; x_wconf 73' lang='grc' dir='ltr'><strong>καὶ</strong></span> <span class='ocrx_word' id='word_1_122' title='bbox 1440 1853 1632 1923; x_wconf 82' lang='grc' dir='ltr'>ὅρασις</span> <span class='ocrx_word' id='word_1_123' title='bbox 1656 1869 1670 1884; x_wconf 70' lang='grc'><strong>⁸</strong></span> <span class='ocrx_word' id='word_1_124' title='bbox 1710 1853 1824 1909; x_wconf 81' lang='grc' dir='ltr'><strong>τῶν</strong></span> <span class='ocrx_word' id='word_1_125' title='bbox 1863 1855 1922 1909; x_wconf 83' lang='grc' dir='ltr'>δὲ</span> <span class='ocrx_word' id='word_1_126' title='bbox 1954 1846 1997 1901; x_wconf 79' lang='grc' dir='ltr'><strong><em>Β</em></strong></span> 
     </span>
    </p>
   </div>
   <div class='ocr_carea' id='block_1_21' title="bbox 344 1939 1524 2012">
    <p class='ocr_par' dir='ltr' id='par_1_21' title="bbox 344 1939 1524 2012">
     <span class='ocr_line' id='line_1_21' title="bbox 344 1939 1524 2012; baseline 0.005 -22"><span class='ocrx_word' id='word_1_127' title='bbox 344 1939 647 2010; x_wconf 67' lang='grc' dir='ltr'>λογισμῶν,</span> <span class='ocrx_word' id='word_1_128' title='bbox 675 1942 709 2010; x_wconf 82' lang='grc' dir='ltr'><strong>ἡ</strong></span> <span class='ocrx_word' id='word_1_129' title='bbox 744 1940 1006 2008; x_wconf 79' lang='grc' dir='ltr'>συνήθεια</span> <span class='ocrx_word' id='word_1_130' title='bbox 1037 1941 1134 1994; x_wconf 77' lang='grc' dir='ltr'>καὶ</span> <span class='ocrx_word' id='word_1_131' title='bbox 1171 1941 1220 1993; x_wconf 79' lang='lat' dir='ltr'><strong>oi</strong></span> <span class='ocrx_word' id='word_1_132' title='bbox 1247 1941 1524 2012; x_wconf 85' lang='grc' dir='ltr'>δαίμονες.</span> 
     </span>
    </p>
   </div>
   <div class='ocr_carea' id='block_1_22' title="bbox 409 2049 1922 2124">
    <p class='ocr_par' dir='ltr' id='par_1_22' title="bbox 409 2049 1922 2124">
     <span class='ocr_line' id='line_1_22' title="bbox 409 2049 1922 2124; baseline 0.004 -23"><span class='ocrx_word' id='word_1_133' title='bbox 409 2049 494 2118; x_wconf 84' lang='grc' dir='ltr'>ιη’.</span> <span class='ocrx_word' id='word_1_134' title='bbox 517 2050 746 2120; x_wconf 73' lang='grc' dir='ltr'>Τριττὺν</span> <span class='ocrx_word' id='word_1_135' title='bbox 784 2050 904 2121; x_wconf 81' lang='grc' dir='ltr'>μὲν,</span> <span class='ocrx_word' id='word_1_136' title='bbox 933 2049 994 2104; x_wconf 84' lang='grc' dir='ltr'>τὺ</span> <span class='ocrx_word' id='word_1_137' title='bbox 1022 2051 1400 2124; x_wconf 76' lang='grc' dir='ltr'>ἁμαρτητικὸν</span> <span class='ocrx_word' id='word_1_138' title='bbox 1418 2051 1582 2123; x_wconf 85' lang='grc' dir='ltr'>μέρος</span> <span class='ocrx_word' id='word_1_139' title='bbox 1604 2054 1703 2124; x_wconf 84' lang='grc' dir='ltr'>τῆς</span> <span class='ocrx_word' id='word_1_140' title='bbox 1721 2054 1922 2124; x_wconf 79' lang='grc' dir='ltr'>ψυχῆς,</span> 
     </span>
    </p>
   </div>
   <div class='ocr_carea' id='block_1_23' title="bbox 338 2139 1924 2216">
    <p class='ocr_par' dir='ltr' id='par_1_23' title="bbox 338 2139 1924 2216">
     <span class='ocr_line' id='line_1_23' title="bbox 338 2139 1924 2216; baseline 0.003 -24"><span class='ocrx_word' id='word_1_141' title='bbox 338 2141 394 2193; x_wconf 75' lang='grc' dir='ltr'>ὲν</span> <span class='ocrx_word' id='word_1_142' title='bbox 419 2139 602 2212; x_wconf 75' lang='grc' dir='ltr'>ἔργοις</span> <span class='ocrx_word' id='word_1_143' title='bbox 635 2140 729 2194; x_wconf 68' lang='grc' dir='ltr'><strong>καὶ</strong></span> <span class='ocrx_word' id='word_1_144' title='bbox 747 2141 926 2211; x_wconf 80' lang='grc' dir='ltr'>λόγοις</span> <span class='ocrx_word' id='word_1_145' title='bbox 950 2144 1044 2196; x_wconf 73' lang='grc' dir='ltr'>καὶ</span> <span class='ocrx_word' id='word_1_146' title='bbox 1065 2142 1344 2214; x_wconf 77' lang='grc' dir='ltr'>λογισμοῖς</span> <span class='ocrx_word' id='word_1_147' title='bbox 1365 2144 1772 2216; x_wconf 84' lang='grc' dir='ltr'>εὑρισκόμενον.</span> <span class='ocrx_word' id='word_1_148' title='bbox 1802 2143 1924 2210; x_wconf 80' lang='grc' dir='ltr'><strong>Ἐξ-</strong></span> 
     </span>
    </p>
   </div>
   <div class='ocr_carea' id='block_1_24' title="bbox 337 2233 1925 2306">
    <p class='ocr_par' dir='ltr' id='par_1_24' title="bbox 337 2233 1925 2306">
     <span class='ocr_line' id='line_1_24' title="bbox 337 2233 1925 2306; baseline 0.004 -22"><span class='ocrx_word' id='word_1_149' title='bbox 337 2233 513 2286; x_wconf 83' lang='grc' dir='ltr'>αδικὸν</span> <span class='ocrx_word' id='word_1_150' title='bbox 543 2234 600 2286; x_wconf 83' lang='grc' dir='ltr'>δὲ</span> <span class='ocrx_word' id='word_1_151' title='bbox 621 2274 635 2297; x_wconf 93' lang='grc'><strong>,</strong></span> <span class='ocrx_word' id='word_1_152' title='bbox 662 2235 723 2286; x_wconf 86' lang='grc' dir='ltr'><strong>τὸ</strong></span> <span class='ocrx_word' id='word_1_153' title='bbox 749 2235 1166 2306; x_wconf 76' lang='grc' dir='ltr'>ἀναμαρτησίας</span> <span class='ocrx_word' id='word_1_154' title='bbox 1204 2236 1384 2290; x_wconf 85' lang='grc' dir='ltr'>καλόν.</span> <span class='ocrx_word' id='word_1_155' title='bbox 1433 2237 1790 2300; x_wconf 83' lang='grc' dir='ltr'>Ἀπταίστους</span> <span class='ocrx_word' id='word_1_156' title='bbox 1816 2237 1925 2306; x_wconf 81' lang='grc' dir='ltr'>γὰρ</span> 
     </span>
    </p>
   </div>
   <div class='ocr_carea' id='block_1_25' title="bbox 335 2325 1926 2402">
    <p class='ocr_par' dir='ltr' id='par_1_25' title="bbox 335 2325 1926 2402">
     <span class='ocr_line' id='line_1_25' title="bbox 335 2325 1926 2402; baseline 0.003 -24"><span class='ocrx_word' id='word_1_157' title='bbox 335 2325 431 2389; x_wconf 72' lang='grc' dir='ltr'><strong>τὰς</strong></span> <span class='ocrx_word' id='word_1_158' title='bbox 469 2326 636 2379; x_wconf 80' lang='grc' dir='ltr'>πέντε</span> <span class='ocrx_word' id='word_1_159' title='bbox 675 2327 961 2399; x_wconf 77' lang='grc' dir='ltr'>αἰσθήσεις</span> <span class='ocrx_word' id='word_1_160' title='bbox 999 2329 1096 2382; x_wconf 78' lang='grc' dir='ltr'><strong>καὶ</strong></span> <span class='ocrx_word' id='word_1_161' title='bbox 1131 2329 1222 2382; x_wconf 83' lang='grc' dir='ltr'><strong>τὸν</strong></span> <span class='ocrx_word' id='word_1_162' title='bbox 1270 2331 1608 2401; x_wconf 82' lang='grc' dir='ltr'>προφορικὸν</span> <span class='ocrx_word' id='word_1_163' title='bbox 1639 2333 1926 2402; x_wconf 80' lang='grc' dir='ltr'>συντηρεῖν</span> 
     </span>
    </p>
   </div>
   <div class='ocr_carea' id='block_1_26' title="bbox 334 2416 1923 2492">
    <p class='ocr_par' dir='ltr' id='par_1_26' title="bbox 334 2416 1923 2492">
     <span class='ocr_line' id='line_1_26' title="bbox 334 2416 1923 2492; baseline 0.003 -20"><span class='ocrx_word' id='word_1_164' title='bbox 334 2418 415 2472; x_wconf 81' lang='grc' dir='ltr'>δεῖ</span> <span class='ocrx_word' id='word_1_165' title='bbox 462 2419 648 2487; x_wconf 82' lang='grc' dir='ltr'>λόγον.</span> <span class='ocrx_word' id='word_1_166' title='bbox 701 2421 806 2474; x_wconf 76' lang='grc' dir='ltr'>Ἐν</span> <span class='ocrx_word' id='word_1_167' title='bbox 849 2416 994 2487; x_wconf 80' lang='grc' dir='ltr'><strong>οἷςό</strong></span> <span class='ocrx_word' id='word_1_168' title='bbox 1016 2421 1102 2490; x_wconf 80' lang='grc' dir='ltr'>μὴ</span> <span class='ocrx_word' id='word_1_169' title='bbox 1146 2423 1396 2487; x_wconf 83' lang='grc' dir='ltr'>πταίων,</span> <span class='ocrx_word' id='word_1_170' title='bbox 1453 2424 1609 2490; x_wconf 79' lang='grc' dir='ltr'>ἀνήρ</span> <span class='ocrx_word' id='word_1_171' title='bbox 1643 2437 1794 2492; x_wconf 64' lang='grc' dir='ltr'>φησι</span> <span class='ocrx_word' id='word_1_172' title='bbox 1831 2422 1923 2476; x_wconf 83' lang='grc' dir='ltr'><strong>τέ-</strong></span> 
     </span>
    </p>
   </div>
   <div class='ocr_carea' id='block_1_27' title="bbox 333 2508 1924 2583">
    <p class='ocr_par' dir='ltr' id='par_1_27' title="bbox 333 2508 1924 2583">
     <span class='ocr_line' id='line_1_27' title="bbox 333 2508 1924 2583; baseline 0.006 -24"><span class='ocrx_word' id='word_1_173' title='bbox 333 2509 516 2573; x_wconf 76' lang='grc' dir='ltr'>λειος,</span> <span class='ocrx_word' id='word_1_174' title='bbox 552 2508 814 2575; x_wconf 82' lang='grc' dir='ltr'>δυνατὸς</span> <span class='ocrx_word' id='word_1_175' title='bbox 850 2512 1345 2582; x_wconf 69' lang='grc' dir='ltr'>χαλιναγωγῆσαι</span> <span class='ocrx_word' id='word_1_176' title='bbox 1377 2513 1471 2566; x_wconf 74' lang='grc' dir='ltr'><strong>καὶ</strong></span> <span class='ocrx_word' id='word_1_177' title='bbox 1511 2513 1581 2568; x_wconf 78' lang='grc' dir='ltr'>τὰ</span> <span class='ocrx_word' id='word_1_178' title='bbox 1617 2513 1781 2583; x_wconf 77' lang='grc' dir='ltr'>μέλη</span> <span class='ocrx_word' id='word_1_179' title='bbox 1817 2513 1924 2568; x_wconf 83' lang='grc' dir='ltr'>τοῦ</span> 
     </span>
    </p>
   </div>
   <div class='ocr_carea' id='block_1_28' title="bbox 332 2601 629 2668">
    <p class='ocr_par' dir='ltr' id='par_1_28' title="bbox 332 2601 629 2668">
     <span class='ocr_line' id='line_1_28' title="bbox 332 2601 629 2668; baseline 0.017 -17"><span class='ocrx_word' id='word_1_180' title='bbox 332 2601 629 2668; x_wconf 81' lang='grc' dir='ltr'>σώματος.</span> 
     </span>
    </p>
   </div>
   <div class='ocr_carea' id='block_1_29' title="bbox 404 2712 1925 2792">
    <p class='ocr_par' dir='ltr' id='par_1_29' title="bbox 404 2712 1925 2792">
     <span class='ocr_line' id='line_1_29' title="bbox 404 2712 1925 2792; baseline 0.005 -28"><span class='ocrx_word' id='word_1_181' title='bbox 404 2712 489 2767; x_wconf 72' lang='grc' dir='ltr'><strong>ιϐ’.</strong></span> <span class='ocrx_word' id='word_1_182' title='bbox 552 2713 796 2783; x_wconf 79' lang='grc' dir='ltr'>Ἐξαχῶς</span> <span class='ocrx_word' id='word_1_183' title='bbox 865 2715 925 2769; x_wconf 79' lang='grc' dir='ltr'>τὸ</span> <span class='ocrx_word' id='word_1_184' title='bbox 985 2717 1181 2786; x_wconf 77' lang='grc' dir='ltr'>ἄλογον</span> <span class='ocrx_word' id='word_1_185' title='bbox 1254 2719 1422 2790; x_wconf 81' lang='grc' dir='ltr'>μέρος</span> <span class='ocrx_word' id='word_1_186' title='bbox 1483 2720 1770 2792; x_wconf 78' lang='grc' dir='ltr'>διαιρεῖται</span> <span class='ocrx_word' id='word_1_187' title='bbox 1823 2717 1925 2790; x_wconf 77' lang='grc' dir='ltr'>τῆς</span> 
     </span>
    </p>
   </div>
   <div class='ocr_carea' id='block_1_30' title="bbox 329 2802 1925 2881">
    <p class='ocr_par' dir='ltr' id='par_1_30' title="bbox 329 2802 1925 2881">
     <span class='ocr_line' id='line_1_30' title="bbox 329 2802 1925 2881; baseline 0.008 -26"><span class='ocrx_word' id='word_1_188' title='bbox 329 2802 507 2876; x_wconf 72' lang='grc' dir='ltr'>ψυχῆς</span> <span class='ocrx_word' id='word_1_189' title='bbox 529 2822 543 2835; x_wconf 90' lang='grc'><strong>·</strong></span> <span class='ocrx_word' id='word_1_190' title='bbox 577 2807 658 2869; x_wconf 79' lang='grc' dir='ltr'>εἷς</span> <span class='ocrx_word' id='word_1_191' title='bbox 687 2823 745 2860; x_wconf 85' lang='grc' dir='ltr'><strong>τε</strong></span> <span class='ocrx_word' id='word_1_192' title='bbox 777 2807 877 2871; x_wconf 86' lang='grc' dir='ltr'><strong>τὰς</strong></span> <span class='ocrx_word' id='word_1_193' title='bbox 907 2809 1068 2864; x_wconf 82' lang='grc' dir='ltr'>πέντε</span> <span class='ocrx_word' id='word_1_194' title='bbox 1099 2811 1404 2881; x_wconf 76' lang='grc' dir='ltr'>αἰσθήσεις,</span> <span class='ocrx_word' id='word_1_195' title='bbox 1424 2814 1519 2865; x_wconf 78' lang='grc' dir='ltr'>καὶ</span> <span class='ocrx_word' id='word_1_196' title='bbox 1551 2815 1626 2877; x_wconf 80' lang='grc' dir='ltr'>εἰς</span> <span class='ocrx_word' id='word_1_197' title='bbox 1659 2813 1750 2865; x_wconf 79' lang='grc' dir='ltr'><strong>τὸν</strong></span> <span class='ocrx_word' id='word_1_198' title='bbox 1780 2813 1925 2867; x_wconf 81' lang='grc' dir='ltr'>κατὰ</span> 
     </span>
    </p>
   </div>
   <div class='ocr_carea' id='block_1_31' title="bbox 330 2897 1921 2977">
    <p class='ocr_par' dir='ltr' id='par_1_31' title="bbox 330 2897 1921 2977">
     <span class='ocr_line' id='line_1_31' title="bbox 330 2897 1921 2977; baseline 0.007 -29"><span class='ocrx_word' id='word_1_199' title='bbox 330 2897 620 2967; x_wconf 53' lang='grc' dir='ltr'>προφορὰν</span> <span class='ocrx_word' id='word_1_200' title='bbox 661 2898 842 2966; x_wconf 89' lang='grc' dir='ltr'>λόγον,</span> <span class='ocrx_word' id='word_1_201' title='bbox 887 2898 947 2962; x_wconf 83' lang='grc' dir='ltr'>ὃς</span> <span class='ocrx_word' id='word_1_202' title='bbox 995 2901 1388 2973; x_wconf 78' lang='grc' dir='ltr'>συνδιαιρεῐται</span> <span class='ocrx_word' id='word_1_203' title='bbox 1441 2904 1542 2974; x_wconf 81' lang='grc' dir='ltr'><strong>μὲν</strong></span> <span class='ocrx_word' id='word_1_204' title='bbox 1596 2905 1921 2977; x_wconf 81' lang='grc' dir='ltr'>ἀδιαιρέτως</span> 
     </span>
    </p>
   </div>
   <div class='ocr_carea' id='block_1_32' title="bbox 329 2986 1923 3069">
    <p class='ocr_par' dir='ltr' id='par_1_32' title="bbox 329 2986 1923 3069">
     <span class='ocr_line' id='line_1_32' title="bbox 329 2986 1923 3069; baseline 0.007 -31"><span class='ocrx_word' id='word_1_205' title='bbox 329 2986 404 3056; x_wconf 83' lang='grc' dir='ltr'>τῷ</span> <span class='ocrx_word' id='word_1_206' title='bbox 425 2989 715 3059; x_wconf 76' lang='grc' dir='ltr'>πάσχοντι,</span> <span class='ocrx_word' id='word_1_207' title='bbox 751 2991 967 3062; x_wconf 81' lang='grc' dir='ltr'>ἀπαθὴς</span> <span class='ocrx_word' id='word_1_208' title='bbox 998 2991 1076 3046; x_wconf 81' lang='grc' dir='ltr'>ὢν</span> <span class='ocrx_word' id='word_1_209' title='bbox 1097 3009 1111 3022; x_wconf 90' lang='grc'><strong>·</strong></span> <span class='ocrx_word' id='word_1_210' title='bbox 1138 2993 1515 3066; x_wconf 72' lang='grc' dir='ltr'>ἀναματτεται</span> <span class='ocrx_word' id='word_1_211' title='bbox 1543 2995 1600 3050; x_wconf 83' lang='grc' dir='ltr'>δὲ</span> <span class='ocrx_word' id='word_1_212' title='bbox 1626 2995 1724 3069; x_wconf 81' lang='grc' dir='ltr'>τὴν</span> <span class='ocrx_word' id='word_1_213' title='bbox 1753 2993 1923 3051; x_wconf 77' lang='grc' dir='ltr'>αὐτοῦ</span> 
     </span>
    </p>
   </div>
   <div class='ocr_carea' id='block_1_33' title="bbox 329 3079 1316 3157">
    <p class='ocr_par' dir='ltr' id='par_1_33' title="bbox 329 3079 1316 3157">
     <span class='ocr_line' id='line_1_33' title="bbox 329 3079 1316 3157; baseline 0.008 -26"><span class='ocrx_word' id='word_1_214' title='bbox 329 3079 534 3135; x_wconf 77' lang='grc' dir='ltr'>κακίαν</span> <span class='ocrx_word' id='word_1_215' title='bbox 569 3081 871 3154; x_wconf 83' lang='grc' dir='ltr'>παθητικὸς</span> <span class='ocrx_word' id='word_1_216' title='bbox 903 3084 1316 3157; x_wconf 82' lang='grc' dir='ltr'>εὑρισκόμενος.</span> 
     </span>
    </p>
   </div>
   <div class='ocr_carea' id='block_1_34' title="bbox 393 3373 1918 3452">
    <p class='ocr_par' dir='ltr' id='par_1_34' title="bbox 393 3373 1918 3452">
     <span class='ocr_line' id='line_1_34' title="bbox 393 3373 1918 3452; baseline 0.002 -22"><span class='ocrx_word' id='word_1_217' title='bbox 393 3377 460 3430; x_wconf 80' lang='grc' dir='ltr'><strong>κ’.</strong></span> <span class='ocrx_word' id='word_1_218' title='bbox 506 3377 586 3430; x_wconf 77' lang='grc' dir='ltr'><strong>Οὐ</strong></span> <span class='ocrx_word' id='word_1_219' title='bbox 625 3373 850 3429; x_wconf 78' lang='grc' dir='ltr'>δύναται</span> <span class='ocrx_word' id='word_1_220' title='bbox 886 3376 1010 3430; x_wconf 78' lang='grc' dir='ltr'>οὔτε</span> <span class='ocrx_word' id='word_1_221' title='bbox 1067 3375 1228 3450; x_wconf 81' lang='grc' dir='ltr'>σῶμα</span> <span class='ocrx_word' id='word_1_222' title='bbox 1275 3379 1620 3452; x_wconf 75' lang='grc' dir='ltr'>καθαρθῆναι</span> <span class='ocrx_word' id='word_1_223' title='bbox 1661 3374 1918 3450; x_wconf 88' lang='grc' dir='ltr'>νηστείας</span> 
     </span>
    </p>
   </div>
   <div class='ocr_carea' id='block_1_35' title="bbox 326 3469 1918 3544">
    <p class='ocr_par' dir='ltr' id='par_1_35' title="bbox 326 3469 1918 3544">
     <span class='ocr_line' id='line_1_35' title="bbox 326 3469 1918 3544; baseline 0.003 -22"><span class='ocrx_word' id='word_1_224' title='bbox 326 3469 418 3523; x_wconf 73' lang='grc' dir='ltr'><strong>καὶ</strong></span> <span class='ocrx_word' id='word_1_225' title='bbox 475 3471 791 3542; x_wconf 79' lang='grc' dir='ltr'>ἀγρυπνίας</span> <span class='ocrx_word' id='word_1_226' title='bbox 834 3473 1044 3542; x_wconf 83' lang='grc' dir='ltr'>χωρίς⁶</span> <span class='ocrx_word' id='word_1_227' title='bbox 1097 3472 1223 3526; x_wconf 77' lang='grc' dir='ltr'>οὔτε</span> <span class='ocrx_word' id='word_1_228' title='bbox 1276 3473 1460 3536; x_wconf 74' lang='grc' dir='ltr'>ἐλέους</span> <span class='ocrx_word' id='word_1_229' title='bbox 1509 3478 1603 3526; x_wconf 74' lang='grc' dir='ltr'>καὶ</span> <span class='ocrx_word' id='word_1_230' title='bbox 1659 3473 1918 3544; x_wconf 78' lang='grc' dir='ltr'>ἀληθείας</span> 
     </span>
    </p>
   </div>
   <div class='ocr_carea' id='block_1_36' title="bbox 323 3559 1914 3636">
    <p class='ocr_par' dir='ltr' id='par_1_36' title="bbox 323 3559 1914 3636">
     <span class='ocr_line' id='line_1_36' title="bbox 323 3559 1914 3636; baseline 0.003 -22"><span class='ocrx_word' id='word_1_231' title='bbox 323 3559 466 3634; x_wconf 78' lang='grc' dir='ltr'>ψυχή</span> <span class='ocrx_word' id='word_1_232' title='bbox 489 3578 506 3593; x_wconf 77' lang='grc'><strong><em>⁸</em></strong></span> <span class='ocrx_word' id='word_1_233' title='bbox 534 3562 655 3615; x_wconf 78' lang='grc' dir='ltr'><strong>’ἀλλ’</strong></span> <span class='ocrx_word' id='word_1_234' title='bbox 680 3562 803 3617; x_wconf 70' lang='grc' dir='ltr'>οὔτε</span> <span class='ocrx_word' id='word_1_235' title='bbox 841 3563 958 3626; x_wconf 83' lang='grc' dir='ltr'>νοῦς</span> <span class='ocrx_word' id='word_1_236' title='bbox 977 3564 1106 3618; x_wconf 78' lang='grc' dir='ltr'>ἄνευ</span> <span class='ocrx_word' id='word_1_237' title='bbox 1133 3565 1368 3635; x_wconf 83' lang='grc' dir='ltr'>θεωρίας</span> <span class='ocrx_word' id='word_1_238' title='bbox 1398 3565 1493 3618; x_wconf 76' lang='grc' dir='ltr'>καὶ</span> <span class='ocrx_word' id='word_1_239' title='bbox 1520 3563 1914 3636; x_wconf 81' lang='grc' dir='ltr'>ὁμιλίαςΘεοῦ.</span> 
     </span>
    </p>
   </div>
   <div class='ocr_carea' id='block_1_37' title="bbox 323 3649 1806 3728">
    <p class='ocr_par' dir='ltr' id='par_1_37' title="bbox 323 3649 1806 3728">
     <span class='ocr_line' id='line_1_37' title="bbox 323 3649 1806 3728; baseline 0.004 -22"><span class='ocrx_word' id='word_1_240' title='bbox 323 3649 494 3708; x_wconf 74' lang='grc' dir='ltr'>Δῦται</span> <span class='ocrx_word' id='word_1_241' title='bbox 533 3653 642 3725; x_wconf 81' lang='grc' dir='ltr'><strong>γὰρ</strong></span> <span class='ocrx_word' id='word_1_242' title='bbox 670 3655 724 3707; x_wconf 76' lang='grc' dir='ltr'>αἱ</span> <span class='ocrx_word' id='word_1_243' title='bbox 752 3655 1024 3724; x_wconf 76' lang='grc' dir='ltr'>συζυγίαι,</span> <span class='ocrx_word' id='word_1_244' title='bbox 1058 3657 1116 3710; x_wconf 86' lang='grc' dir='ltr'>ὲν</span> <span class='ocrx_word' id='word_1_245' title='bbox 1147 3655 1358 3721; x_wconf 80' lang='grc' dir='ltr'>τούτοις</span> <span class='ocrx_word' id='word_1_246' title='bbox 1385 3658 1806 3728; x_wconf 79' lang='grc' dir='ltr'>ὲπισημόταται.</span> 
     </span>
    </p>
   </div>
   <div class='ocr_carea' id='block_1_38' title="bbox 400 3854 1917 3926">
    <p class='ocr_par' dir='ltr' id='par_1_38' title="bbox 400 3854 1917 3926">
     <span class='ocr_line' id='line_1_38' title="bbox 400 3854 1917 3926; baseline -0.003 -16"><span class='ocrx_word' id='word_1_247' title='bbox 400 3863 516 3910; x_wconf 69' lang='lat' dir='ltr'><strong>xz&#39;.</strong></span> <span class='ocrx_word' id='word_1_248' title='bbox 561 3856 1061 3926; x_wconf 78' lang='grc' dir='ltr'>Κυκ).οφορουμένη</span> <span class='ocrx_word' id='word_1_249' title='bbox 1116 3857 1237 3917; x_wconf 79' lang='grc' dir='ltr'>ταῖς</span> <span class='ocrx_word' id='word_1_250' title='bbox 1272 3855 1596 3925; x_wconf 77' lang='grc' dir='ltr'>εἰρημέναις</span> <span class='ocrx_word' id='word_1_251' title='bbox 1633 3854 1852 3925; x_wconf 83' lang='grc' dir='ltr'>ἀρεταῖς</span> <span class='ocrx_word' id='word_1_252' title='bbox 1883 3854 1917 3924; x_wconf 79' lang='grc' dir='ltr'><strong>ἡ</strong></span> 
     </span>
    </p>
   </div>
   <div class='ocr_carea' id='block_1_39' title="bbox 323 3945 1920 4020">
    <p class='ocr_par' dir='ltr' id='par_1_39' title="bbox 323 3945 1920 4020">
     <span class='ocr_line' id='line_1_39' title="bbox 323 3945 1920 4020; baseline -0.003 -18"><span class='ocrx_word' id='word_1_253' title='bbox 323 3949 493 4020; x_wconf 74' lang='grc' dir='ltr'>ψυχὴ,</span> <span class='ocrx_word' id='word_1_254' title='bbox 525 3949 972 4019; x_wconf 81' lang='grc' dir='ltr'>ἁπερικτύπητον</span> <span class='ocrx_word' id='word_1_255' title='bbox 1009 3948 1072 4000; x_wconf 81' lang='grc' dir='ltr'><strong>τὸ</strong></span> <span class='ocrx_word' id='word_1_256' title='bbox 1097 3947 1300 4018; x_wconf 76' lang='grc' dir='ltr'>ταύτης</span> <span class='ocrx_word' id='word_1_257' title='bbox 1333 3950 1397 4000; x_wconf 84' lang='grc' dir='ltr'><strong>ἐκ</strong></span> <span class='ocrx_word' id='word_1_258' title='bbox 1431 3947 1755 4018; x_wconf 80' lang='grc' dir='ltr'>πειρασμῶν</span> <span class='ocrx_word' id='word_1_259' title='bbox 1789 3945 1920 3999; x_wconf 81' lang='grc' dir='ltr'>καθ-</span> 
     </span>
    </p>
   </div>
   <div class='ocr_carea' id='block_1_40' title="bbox 328 4039 1919 4117">
    <p class='ocr_par' dir='ltr' id='par_1_40' title="bbox 328 4039 1919 4117">
     <span class='ocr_line' id='line_1_40' title="bbox 328 4039 1919 4117; baseline -0.001 -23"><span class='ocrx_word' id='word_1_260' title='bbox 328 4043 512 4114; x_wconf 77' lang='grc' dir='ltr'>ίστησι</span> <span class='ocrx_word' id='word_1_261' title='bbox 550 4043 842 4117; x_wconf 60' lang='grc' dir='ltr'>φρορριονο</span> <span class='ocrx_word' id='word_1_262' title='bbox 881 4043 910 4095; x_wconf 82' lang='grc' dir='ltr'><strong>ὃ</strong></span> <span class='ocrx_word' id='word_1_263' title='bbox 939 4043 1088 4094; x_wconf 86' lang='grc' dir='ltr'>ὲστιν</span> <span class='ocrx_word' id='word_1_264' title='bbox 1125 4044 1158 4112; x_wconf 80' lang='grc' dir='ltr'>ἡ</span> <span class='ocrx_word' id='word_1_265' title='bbox 1187 4039 1431 4111; x_wconf 79' lang='grc' dir='ltr'>ὑπομονὴ</span> <span class='ocrx_word' id='word_1_266' title='bbox 1454 4059 1468 4072; x_wconf 76' lang='grc' dir='ltr'><strong>ο</strong></span> <span class='ocrx_word' id='word_1_267' title='bbox 1522 4039 1626 4094; x_wconf 79' lang='grc' dir='ltr'><strong>Ἐν</strong></span> <span class='ocrx_word' id='word_1_268' title='bbox 1660 4039 1734 4108; x_wconf 77' lang='grc' dir='ltr'>τῇ</span> <span class='ocrx_word' id='word_1_269' title='bbox 1769 4041 1919 4093; x_wconf 76' lang='grc' dir='ltr'>ὐπο-</span> 
     </span>
    </p>
   </div>
   <div class='ocr_carea' id='block_1_41' title="bbox 319 4131 1920 4207">
    <p class='ocr_par' dir='ltr' id='par_1_41' title="bbox 319 4131 1920 4207">
     <span class='ocr_line' id='line_1_41' title="bbox 319 4131 1920 4207; baseline -0.003 -16"><span class='ocrx_word' id='word_1_270' title='bbox 319 4137 480 4207; x_wconf 66' lang='grc' dir='ltr'>ιιονῇ</span> <span class='ocrx_word' id='word_1_271' title='bbox 507 4135 678 4204; x_wconf 79' lang='grc' dir='ltr'><strong>ὑμῶν</strong></span> <span class='ocrx_word' id='word_1_272' title='bbox 700 4135 810 4204; x_wconf 77' lang='grc' dir='ltr'>γὰρ</span> <span class='ocrx_word' id='word_1_273' title='bbox 843 4135 1155 4204; x_wconf 81' lang='grc' dir='ltr'>κτήσασθε</span> <span class='ocrx_word' id='word_1_274' title='bbox 1177 4134 1283 4199; x_wconf 84' lang='grc' dir='ltr'>τὰς</span> <span class='ocrx_word' id='word_1_275' title='bbox 1310 4134 1516 4202; x_wconf 69' lang='grc' dir='ltr'>ψυχὰς</span> <span class='ocrx_word' id='word_1_276' title='bbox 1543 4131 1734 4202; x_wconf 82' lang='grc' dir='ltr'>ὑμῶν,</span> <span class='ocrx_word' id='word_1_277' title='bbox 1764 4133 1793 4184; x_wconf 85' lang='grc' dir='ltr'><strong>ὁ</strong></span> <span class='ocrx_word' id='word_1_278' title='bbox 1817 4132 1920 4186; x_wconf 84' lang='grc' dir='ltr'><strong>Λό-</strong></span> 
     </span>
    </p>
   </div>
   <div class='ocr_carea' id='block_1_42' title="bbox 323 4226 1919 4302">
    <p class='ocr_par' dir='ltr' id='par_1_42' title="bbox 323 4226 1919 4302">
     <span class='ocr_line' id='line_1_42' title="bbox 323 4226 1919 4302; baseline -0.002 -17"><span class='ocrx_word' id='word_1_279' title='bbox 323 4247 421 4301; x_wconf 82' lang='grc' dir='ltr'><strong>γος</strong></span> <span class='ocrx_word' id='word_1_280' title='bbox 452 4233 644 4302; x_wconf 76' lang='grc' dir='ltr'>φησίν.</span> <span class='ocrx_word' id='word_1_281' title='bbox 680 4233 740 4284; x_wconf 82' lang='lat' dir='ltr'><strong>Ei</strong></span> <span class='ocrx_word' id='word_1_282' title='bbox 769 4233 824 4284; x_wconf 82' lang='grc' dir='ltr'>δὲ</span> <span class='ocrx_word' id='word_1_283' title='bbox 852 4232 1056 4302; x_wconf 79' lang='grc' dir='ltr'>ἑτέρως</span> <span class='ocrx_word' id='word_1_284' title='bbox 1091 4231 1329 4300; x_wconf 76' lang='grc' dir='ltr'>ἐχόμενα</span> <span class='ocrx_word' id='word_1_285' title='bbox 1370 4229 1480 4298; x_wconf 76' lang='grc' dir='ltr'>εἴη,</span> <span class='ocrx_word' id='word_1_286' title='bbox 1518 4226 1608 4282; x_wconf 81' lang='grc' dir='ltr'><strong>οἷά</strong></span> <span class='ocrx_word' id='word_1_287' title='bbox 1638 4246 1724 4292; x_wconf 89' lang='grc' dir='ltr'><strong>τις</strong></span> <span class='ocrx_word' id='word_1_288' title='bbox 1761 4229 1919 4294; x_wconf 80' lang='grc' dir='ltr'>πόλις</span> 
     </span>
    </p>
   </div>
   <div class='ocr_carea' id='block_1_43' title="bbox 323 4321 1916 4396">
    <p class='ocr_par' dir='ltr' id='par_1_43' title="bbox 323 4321 1916 4396">
     <span class='ocr_line' id='line_1_43' title="bbox 323 4321 1916 4396; baseline -0.002 -16"><span class='ocrx_word' id='word_1_289' title='bbox 323 4327 662 4396; x_wconf 64' lang='grc' dir='ltr'>ἀτείχιστος,</span> <span class='ocrx_word' id='word_1_290' title='bbox 699 4325 794 4376; x_wconf 72' lang='grc' dir='ltr'>καὶ</span> <span class='ocrx_word' id='word_1_291' title='bbox 823 4324 929 4376; x_wconf 71' lang='grc' dir='ltr'>ὑπὸ</span> <span class='ocrx_word' id='word_1_292' title='bbox 975 4323 1085 4374; x_wconf 83' lang='grc' dir='ltr'><strong>τῶν</strong></span> <span class='ocrx_word' id='word_1_293' title='bbox 1129 4321 1414 4394; x_wconf 75' lang='grc' dir='ltr'>πόρρωθεν</span> <span class='ocrx_word' id='word_1_294' title='bbox 1441 4323 1656 4394; x_wconf 68' lang='grc' dir='ltr'>ψόφων,</span> <span class='ocrx_word' id='word_1_295' title='bbox 1707 4321 1916 4387; x_wconf 70' lang='grc' dir='ltr'>δειλίας</span> 
     </span>
    </p>
   </div>
   <div class='ocr_carea' id='block_1_44' title="bbox 327 4416 1468 4490">
    <p class='ocr_par' dir='ltr' id='par_1_44' title="bbox 327 4416 1468 4490">
     <span class='ocr_line' id='line_1_44' title="bbox 327 4416 1468 4490; baseline 0 -19"><span class='ocrx_word' id='word_1_296' title='bbox 327 4420 549 4490; x_wconf 74' lang='grc' dir='ltr'>μοχλοῖς</span> <span class='ocrx_word' id='word_1_297' title='bbox 580 4418 834 4470; x_wconf 87' lang='grc' dir='ltr'>κατασείε</span> <span class='ocrx_word' id='word_1_298' title='bbox 843 4416 968 4470; x_wconf 85' lang='grc' dir='ltr'>σθαι</span> <span class='ocrx_word' id='word_1_299' title='bbox 999 4416 1214 4471; x_wconf 79' lang='grc' dir='ltr'>εἴωθεν.</span> <span class='ocrx_word' id='word_1_300' title='bbox 1444 4421 1468 4447; x_wconf 76' lang='grc'><strong>’⁸</strong></span> 
     </span>
    </p>
   </div>
   <div class='ocr_carea' id='block_1_45' title="bbox 397 4613 1914 4689">
    <p class='ocr_par' dir='ltr' id='par_1_45' title="bbox 397 4613 1914 4689">
     <span class='ocr_line' id='line_1_45' title="bbox 397 4613 1914 4689; baseline -0.003 -17"><span class='ocrx_word' id='word_1_301' title='bbox 397 4619 506 4689; x_wconf 71' lang='grc' dir='ltr'><strong>κβν.</strong></span> <span class='ocrx_word' id='word_1_302' title='bbox 545 4619 658 4688; x_wconf 74' lang='grc' dir='ltr'><strong>υὺχ</strong></span> <span class='ocrx_word' id='word_1_303' title='bbox 701 4618 818 4670; x_wconf 83' lang='grc' dir='ltr'>ὅσοι</span> <span class='ocrx_word' id='word_1_304' title='bbox 869 4619 952 4680; x_wconf 85' lang='grc' dir='ltr'>εἰς</span> <span class='ocrx_word' id='word_1_305' title='bbox 992 4617 1063 4668; x_wconf 82' lang='grc' dir='ltr'>τὰ</span> <span class='ocrx_word' id='word_1_306' title='bbox 1114 4613 1253 4669; x_wconf 66' lang='grc' dir='ltr'>κατὰ</span> <span class='ocrx_word' id='word_1_307' title='bbox 1301 4615 1460 4684; x_wconf 85' lang='grc' dir='ltr'>λόγον</span> <span class='ocrx_word' id='word_1_308' title='bbox 1494 4615 1605 4668; x_wconf 68' lang='grc' dir='ltr'>εἰσὶ</span> <span class='ocrx_word' id='word_1_309' title='bbox 1637 4615 1914 4686; x_wconf 84' lang='grc' dir='ltr'>φρόνιμοι,</span> 
     </span>
    </p>
   </div>
   <div class='ocr_carea' id='block_1_46' title="bbox 322 4707 1918 4773">
    <p class='ocr_par' dir='ltr' id='par_1_46' title="bbox 322 4707 1918 4773">
     <span class='ocr_line' id='line_1_46' title="bbox 322 4707 1918 4773; baseline -0.001 -9"><span class='ocrx_word' id='word_1_310' title='bbox 322 4707 474 4765; x_wconf 77' lang='grc' dir='ltr'>οὗτοι</span> <span class='ocrx_word' id='word_1_311' title='bbox 512 4713 604 4763; x_wconf 73' lang='grc' dir='ltr'>καὶ</span> <span class='ocrx_word' id='word_1_312' title='bbox 661 4712 738 4773; x_wconf 83' lang='grc' dir='ltr'><strong>είς</strong></span> <span class='ocrx_word' id='word_1_313' title='bbox 785 4709 856 4762; x_wconf 77' lang='grc' dir='ltr'><strong>τὰ</strong></span> <span class='ocrx_word' id='word_1_314' title='bbox 900 4709 1024 4762; x_wconf 78' lang='grc' dir='ltr'>κατ’</span> <span class='ocrx_word' id='word_1_315' title='bbox 1058 4709 1270 4762; x_wconf 79' lang='grc' dir='ltr'>ἔννοιαν</span> <span class='ocrx_word' id='word_1_316' title='bbox 1297 4726 1310 4739; x_wconf 92' lang='grc'><strong>·</strong></span> <span class='ocrx_word' id='word_1_317' title='bbox 1338 4710 1454 4762; x_wconf 82' lang='grc' dir='ltr'>ὅσοι</span> <span class='ocrx_word' id='word_1_318' title='bbox 1483 4709 1540 4762; x_wconf 74' lang='grc' dir='ltr'><strong>δὲ</strong></span> <span class='ocrx_word' id='word_1_319' title='bbox 1585 4710 1664 4771; x_wconf 79' lang='grc' dir='ltr'><strong>είς</strong></span> <span class='ocrx_word' id='word_1_320' title='bbox 1698 4709 1766 4761; x_wconf 82' lang='grc' dir='ltr'>τὰ</span> <span class='ocrx_word' id='word_1_321' title='bbox 1797 4709 1918 4762; x_wconf 82' lang='grc' dir='ltr'>κατ’</span> 
     </span>
    </p>
   </div>
   <div class='ocr_carea' id='block_1_47' title="bbox 324 4797 1924 4870">
    <p class='ocr_par' dir='ltr' id='par_1_47' title="bbox 324 4797 1924 4870">
     <span class='ocr_line' id='line_1_47' title="bbox 324 4797 1924 4870; baseline -0.004 -14"><span class='ocrx_word' id='word_1_322' title='bbox 324 4803 554 4863; x_wconf 72' lang='grc' dir='ltr'>ἔννοιαν,</span> <span class='ocrx_word' id='word_1_323' title='bbox 579 4797 724 4855; x_wconf 74' lang='grc' dir='ltr'>οὗτοι</span> <span class='ocrx_word' id='word_1_324' title='bbox 745 4802 840 4854; x_wconf 76' lang='grc' dir='ltr'><strong>καὶ</strong></span> <span class='ocrx_word' id='word_1_325' title='bbox 869 4803 948 4862; x_wconf 83' lang='grc' dir='ltr'><strong>είς</strong></span> <span class='ocrx_word' id='word_1_326' title='bbox 983 4799 1053 4853; x_wconf 78' lang='grc' dir='ltr'>τὰ</span> <span class='ocrx_word' id='word_1_327' title='bbox 1105 4798 1497 4870; x_wconf 80' lang='grc' dir='ltr'>κατάῖσθησιν</span> <span class='ocrx_word' id='word_1_328' title='bbox 1545 4799 1743 4865; x_wconf 75' lang='grc' dir='ltr'>ἔξωθεν</span> <span class='ocrx_word' id='word_1_329' title='bbox 1766 4801 1924 4870; x_wconf 85' lang='grc' dir='ltr'>εὐρε-</span> 
     </span>
    </p>
   </div>
   <div class='ocr_carea' id='block_1_48' title="bbox 324 4889 1924 4967">
    <p class='ocr_par' dir='ltr' id='par_1_48' title="bbox 324 4889 1924 4967">
     <span class='ocr_line' id='line_1_48' title="bbox 324 4889 1924 4967; baseline -0.003 -19"><span class='ocrx_word' id='word_1_330' title='bbox 324 4895 603 4967; x_wconf 81' lang='grc' dir='ltr'>θήσονται.</span> <span class='ocrx_word' id='word_1_331' title='bbox 642 4897 702 4948; x_wconf 83' lang='grc' dir='ltr'><strong>Εἰ</strong></span> <span class='ocrx_word' id='word_1_332' title='bbox 730 4895 838 4965; x_wconf 75' lang='grc' dir='ltr'>γὰρ</span> <span class='ocrx_word' id='word_1_333' title='bbox 857 4894 950 4946; x_wconf 80' lang='grc' dir='ltr'><strong>καὶ</strong></span> <span class='ocrx_word' id='word_1_334' title='bbox 979 4893 1184 4954; x_wconf 83' lang='grc' dir='ltr'>πάντας</span> <span class='ocrx_word' id='word_1_335' title='bbox 1205 4893 1513 4961; x_wconf 77' lang='grc' dir='ltr'>ὑποφόρους</span> <span class='ocrx_word' id='word_1_336' title='bbox 1536 4891 1647 4960; x_wconf 75' lang='grc' dir='ltr'>ἔχει</span> <span class='ocrx_word' id='word_1_337' title='bbox 1673 4893 1706 4962; x_wconf 78' lang='grc' dir='ltr'>ἡ</span> <span class='ocrx_word' id='word_1_338' title='bbox 1729 4889 1924 4961; x_wconf 81' lang='grc' dir='ltr'>αἴσθη-</span> 
     </span>
    </p>
   </div>
   <div class='ocr_carea' id='block_1_49' title="bbox 328 4983 1917 5057">
    <p class='ocr_par' dir='ltr' id='par_1_49' title="bbox 328 4983 1917 5057">
     <span class='ocr_line' id='line_1_49' title="bbox 328 4983 1917 5057; baseline 0.007 -30"><span class='ocrx_word' id='word_1_339' title='bbox 328 5005 438 5051; x_wconf 60' lang='grc' dir='ltr'>σις’</span> <span class='ocrx_word' id='word_1_340' title='bbox 471 4988 584 5042; x_wconf 76' lang='grc' dir='ltr'><strong>ἀλλ’</strong></span> <span class='ocrx_word' id='word_1_341' title='bbox 617 4987 715 5057; x_wconf 73' lang='grc' dir='ltr'><strong>οὐχ</strong></span> <span class='ocrx_word' id='word_1_342' title='bbox 743 4985 963 5055; x_wconf 77' lang='grc' dir='ltr'>ὁμοίους</span> <span class='ocrx_word' id='word_1_343' title='bbox 995 4986 1132 5054; x_wconf 80' lang='grc' dir='ltr'>αὐτῇ</span> <span class='ocrx_word' id='word_1_344' title='bbox 1165 4985 1290 5047; x_wconf 76' lang='grc' dir='ltr'>τοὺς</span> <span class='ocrx_word' id='word_1_345' title='bbox 1317 4984 1518 5054; x_wconf 81' lang='grc' dir='ltr'>φόρους</span> <span class='ocrx_word' id='word_1_346' title='bbox 1541 4983 1917 5038; x_wconf 64' lang='grc' dir='ltr'>ἁποδιδόασινε</span> 
     </span>
    </p>
   </div>
   <div class='ocr_carea' id='block_1_50' title="bbox 336 5075 1915 5150">
    <p class='ocr_par' dir='ltr' id='par_1_50' title="bbox 336 5075 1915 5150">
     <span class='ocr_line' id='line_1_50' title="bbox 336 5075 1915 5150; baseline -0.003 -18"><span class='ocrx_word' id='word_1_347' title='bbox 336 5079 431 5147; x_wconf 77' lang='grc' dir='ltr'>Ἐξ</span> <span class='ocrx_word' id='word_1_348' title='bbox 477 5078 811 5150; x_wconf 71' lang='grc' dir='ltr'>ἁφελότητος</span> <span class='ocrx_word' id='word_1_349' title='bbox 858 5078 966 5149; x_wconf 75' lang='grc' dir='ltr'>γὰρ</span> <span class='ocrx_word' id='word_1_350' title='bbox 1019 5080 1069 5131; x_wconf 84' lang='grc' dir='ltr'>οἱ</span> <span class='ocrx_word' id='word_1_351' title='bbox 1127 5076 1347 5139; x_wconf 81' lang='grc' dir='ltr'>πλείους</span> <span class='ocrx_word' id='word_1_352' title='bbox 1376 5077 1454 5138; x_wconf 84' lang='grc' dir='ltr'>εἰς</span> <span class='ocrx_word' id='word_1_353' title='bbox 1483 5075 1550 5127; x_wconf 73' lang='grc' dir='ltr'>τὰ</span> <span class='ocrx_word' id='word_1_354' title='bbox 1591 5078 1714 5128; x_wconf 82' lang='grc' dir='ltr'>κατ’</span> <span class='ocrx_word' id='word_1_355' title='bbox 1744 5075 1915 5148; x_wconf 79' lang='grc' dir='ltr'>αὐτὴν</span> 
     </span>
    </p>
   </div>
   <div class='ocr_carea' id='block_1_51' title="bbox 321 5168 1722 5242">
    <p class='ocr_par' dir='ltr' id='par_1_51' title="bbox 321 5168 1722 5242">
     <span class='ocr_line' id='line_1_51' title="bbox 321 5168 1722 5242; baseline -0.003 -18"><span class='ocrx_word' id='word_1_356' title='bbox 321 5173 495 5242; x_wconf 70' lang='grc' dir='ltr'>τιμᾷν</span> <span class='ocrx_word' id='word_1_357' title='bbox 529 5171 699 5240; x_wconf 79' lang='grc' dir='ltr'>αὐτὴν</span> <span class='ocrx_word' id='word_1_358' title='bbox 736 5169 811 5233; x_wconf 86' lang='grc' dir='ltr'>ὡς</span> <span class='ocrx_word' id='word_1_359' title='bbox 838 5170 977 5240; x_wconf 76' lang='grc' dir='ltr'>αὑτὴ</span> <span class='ocrx_word' id='word_1_360' title='bbox 1007 5171 1213 5222; x_wconf 82' lang='grc' dir='ltr'>ἁπατεῖ</span> <span class='ocrx_word' id='word_1_361' title='bbox 1246 5169 1348 5221; x_wconf 81' lang='grc' dir='ltr'>οὐκ</span> <span class='ocrx_word' id='word_1_362' title='bbox 1377 5168 1722 5220; x_wconf 79' lang='grc' dir='ltr'>ἐπίστανται.</span> 
     </span>
    </p>
   </div>
   <div class='ocr_carea' id='block_1_52' title="bbox 399 5282 1918 5359">
    <p class='ocr_par' dir='ltr' id='par_1_52' title="bbox 399 5282 1918 5359">
     <span class='ocr_line' id='line_1_52' title="bbox 399 5282 1918 5359; baseline -0.001 -17"><span class='ocrx_word' id='word_1_363' title='bbox 399 5296 507 5356; x_wconf 84' lang='grc' dir='ltr'>κγ’.</span> <span class='ocrx_word' id='word_1_364' title='bbox 552 5289 630 5359; x_wconf 77' lang='grc' dir='ltr'><strong>Τῇ</strong></span> <span class='ocrx_word' id='word_1_365' title='bbox 667 5290 828 5356; x_wconf 73' lang='grc' dir='ltr'>φύσει</span> <span class='ocrx_word' id='word_1_366' title='bbox 861 5287 1105 5357; x_wconf 76' lang='grc' dir='ltr'>ἄτμητος</span> <span class='ocrx_word' id='word_1_367' title='bbox 1154 5282 1290 5339; x_wconf 69' lang='grc' dir='ltr'>οὖσα</span> <span class='ocrx_word' id='word_1_368' title='bbox 1331 5287 1363 5355; x_wconf 75' lang='grc' dir='ltr'><strong>ἡ</strong></span> <span class='ocrx_word' id='word_1_369' title='bbox 1417 5285 1697 5355; x_wconf 74' lang='grc' dir='ltr'>φρόνησις,</span> <span class='ocrx_word' id='word_1_370' title='bbox 1730 5287 1918 5357; x_wconf 83' lang='grc' dir='ltr'>τέμνε-</span> 
     </span>
    </p>
   </div>
   <div class='ocr_carea' id='block_1_53' title="bbox 323 5371 1918 5451">
    <p class='ocr_par' dir='ltr' id='par_1_53' title="bbox 323 5371 1918 5451">
     <span class='ocr_line' id='line_1_53' title="bbox 323 5371 1918 5451; baseline 0 -18"><span class='ocrx_word' id='word_1_371' title='bbox 323 5398 418 5434; x_wconf 80' lang='grc' dir='ltr'><strong>ται</strong></span> <span class='ocrx_word' id='word_1_372' title='bbox 458 5383 537 5444; x_wconf 85' lang='grc' dir='ltr'><strong>είς</strong></span> <span class='ocrx_word' id='word_1_373' title='bbox 568 5381 860 5451; x_wconf 64' lang='grc' dir='ltr'>διαφόρους</span> <span class='ocrx_word' id='word_1_374' title='bbox 908 5381 1101 5450; x_wconf 79' lang='grc' dir='ltr'>τομάς.</span> <span class='ocrx_word' id='word_1_375' title='bbox 1142 5371 1212 5450; x_wconf 81' lang='grc' dir='ltr'><strong>ᾮ</strong></span> <span class='ocrx_word' id='word_1_376' title='bbox 1241 5377 1337 5448; x_wconf 85' lang='grc' dir='ltr'><strong>μὲν</strong></span> <span class='ocrx_word' id='word_1_377' title='bbox 1365 5379 1470 5446; x_wconf 71' lang='grc' dir='ltr'><strong>γὰρ</strong></span> <span class='ocrx_word' id='word_1_378' title='bbox 1504 5377 1704 5431; x_wconf 79' lang='grc' dir='ltr'>δίδοται</span> <span class='ocrx_word' id='word_1_379' title='bbox 1734 5379 1918 5444; x_wconf 83' lang='grc' dir='ltr'>πλέον,</span> 
     </span>
    </p>
   </div>
   <div class='ocr_carea' id='block_1_54' title="bbox 323 5464 1920 5544">
    <p class='ocr_par' dir='ltr' id='par_1_54' title="bbox 323 5464 1920 5544">
     <span class='ocr_line' id='line_1_54' title="bbox 323 5464 1920 5544; baseline 0.001 -20"><span class='ocrx_word' id='word_1_380' title='bbox 323 5464 372 5540; x_wconf 78' lang='grc' dir='ltr'>ᾧ</span> <span class='ocrx_word' id='word_1_381' title='bbox 408 5473 464 5525; x_wconf 83' lang='grc' dir='ltr'>δὲ</span> <span class='ocrx_word' id='word_1_382' title='bbox 509 5473 727 5525; x_wconf 73' lang='grc' dir='ltr'>ἔλαττον</span> <span class='ocrx_word' id='word_1_383' title='bbox 784 5472 948 5543; x_wconf 80' lang='grc' dir='ltr'>μέρος</span> <span class='ocrx_word' id='word_1_384' title='bbox 983 5471 1188 5539; x_wconf 74' lang='grc' dir='ltr'>αὐτῆς·</span> <span class='ocrx_word' id='word_1_385' title='bbox 1227 5470 1332 5532; x_wconf 78' lang='grc' dir='ltr'><strong>ἕως</strong></span> <span class='ocrx_word' id='word_1_386' title='bbox 1365 5470 1665 5540; x_wconf 73' lang='grc' dir='ltr'>αὐξηθεῖσα</span> <span class='ocrx_word' id='word_1_387' title='bbox 1776 5491 1920 5544; x_wconf 81' lang='grc' dir='ltr'>πρα-</span> 
     </span>
    </p>
   </div>
   <div class='ocr_carea' id='block_1_55' title="bbox 328 5563 1921 5637">
    <p class='ocr_par' dir='ltr' id='par_1_55' title="bbox 328 5563 1921 5637">
     <span class='ocr_line' id='line_1_55' title="bbox 328 5563 1921 5637; baseline 0.001 -19"><span class='ocrx_word' id='word_1_388' title='bbox 328 5565 495 5635; x_wconf 77' lang='grc' dir='ltr'>κτικὴ</span> <span class='ocrx_word' id='word_1_389' title='bbox 546 5565 736 5637; x_wconf 80' lang='grc' dir='ltr'>ἁρετὴ,</span> <span class='ocrx_word' id='word_1_390' title='bbox 798 5563 1132 5635; x_wconf 77' lang='grc' dir='ltr'>συνδρόμους</span> <span class='ocrx_word' id='word_1_391' title='bbox 1209 5579 1269 5614; x_wconf 86' lang='grc' dir='ltr'><strong>τε</strong></span> <span class='ocrx_word' id='word_1_392' title='bbox 1329 5563 1465 5632; x_wconf 80' lang='grc' dir='ltr'>αὐτῇ</span> <span class='ocrx_word' id='word_1_393' title='bbox 1523 5563 1623 5636; x_wconf 75' lang='grc' dir='ltr'><strong>τὰς</strong></span> <span class='ocrx_word' id='word_1_394' title='bbox 1679 5565 1921 5632; x_wconf 76' lang='grc' dir='ltr'>γωνικὰς</span> 
     </span>
    </p>
   </div>
   <div class='ocr_carea' id='block_1_56' title="bbox 334 5644 1921 5727">
    <p class='ocr_par' dir='ltr' id='par_1_56' title="bbox 334 5644 1921 5727">
     <span class='ocr_line' id='line_1_56' title="bbox 334 5644 1921 5727; baseline -0.001 -21"><span class='ocrx_word' id='word_1_395' title='bbox 334 5644 594 5726; x_wconf 58' lang='grc' dir='ltr'>ηκουσα]</span> <span class='ocrx_word' id='word_1_396' title='bbox 652 5654 875 5726; x_wconf 81' lang='grc' dir='ltr'>ἀρετὰς,</span> <span class='ocrx_word' id='word_1_397' title='bbox 901 5653 962 5706; x_wconf 79' lang='grc' dir='ltr'><strong>τὸ</strong></span> <span class='ocrx_word' id='word_1_398' title='bbox 1016 5651 1363 5722; x_wconf 78' lang='grc' dir='ltr'>ἐνδεχόμενον</span> <span class='ocrx_word' id='word_1_399' title='bbox 1416 5652 1622 5725; x_wconf 75' lang='grc' dir='ltr'>ἑκάστῃ</span> <span class='ocrx_word' id='word_1_400' title='bbox 1669 5651 1921 5727; x_wconf 70' lang='grc' dir='ltr'>ἀποπλη-</span> 
     </span>
    </p>
   </div>
   <div class='ocr_carea' id='block_1_57' title="bbox 408 5807 1316 5875">
    <p class='ocr_par' dir='ltr' id='par_1_57' title="bbox 408 5807 1316 5875">
     <span class='ocr_line' id='line_1_57' title="bbox 408 5807 1316 5875; baseline -0.008 -8"><span class='ocrx_word' id='word_1_401' title='bbox 408 5807 477 5840; x_wconf 69' lang='grc'>⁸⁸⁸</span> <span class='ocrx_word' id='word_1_402' title='bbox 505 5808 618 5866; x_wconf 74' lang='lat' dir='ltr'><strong>Jac.</strong></span> <span class='ocrx_word' id='word_1_403' title='bbox 640 5826 718 5875; x_wconf 81' lang='grc' dir='ltr'>ιιι,</span> <span class='ocrx_word' id='word_1_404' title='bbox 747 5809 801 5863; x_wconf 77' lang='grc'><strong>2.</strong></span> <span class='ocrx_word' id='word_1_405' title='bbox 879 5812 898 5844; x_wconf 81' lang='grc'>⁷</span> <span class='ocrx_word' id='word_1_406' title='bbox 928 5807 1061 5864; x_wconf 82' lang='lat' dir='ltr'><strong>Luc.</strong></span> <span class='ocrx_word' id='word_1_407' title='bbox 1089 5823 1194 5874; x_wconf 65' lang='lat' dir='ltr'><strong>xm,</strong></span> <span class='ocrx_word' id='word_1_408' title='bbox 1236 5807 1316 5862; x_wconf 72' lang='lat'><strong>19.</strong></span> 
     </span>
    </p>
   </div>
   <div class='ocr_carea' id='block_1_58' title="bbox 2031 594 2290 652">
    <p class='ocr_par' dir='ltr' id='par_1_58' title="bbox 2031 594 2290 652">
     <span class='ocr_line' id='line_1_58' title="bbox 2031 594 2290 652; baseline 0.019 -18"><span class='ocrx_word' id='word_1_409' title='bbox 2031 594 2290 652; x_wconf 81' lang='lat' dir='ltr'><strong>aguntur.</strong></span> 
     </span>
    </p>
   </div>
   <div class='ocr_carea' id='block_1_59' title="bbox 2104 677 3622 748">
    <p class='ocr_par' dir='ltr' id='par_1_59' title="bbox 2104 677 3622 748">
     <span class='ocr_line' id='line_1_59' title="bbox 2104 677 3622 748; baseline 0.005 -17"><span class='ocrx_word' id='word_1_410' title='bbox 2104 677 2188 732; x_wconf 81' lang='grc'><strong>15.</strong></span> <span class='ocrx_word' id='word_1_411' title='bbox 2220 677 2325 745; x_wconf 77' lang='lat' dir='ltr'><strong>Qui</strong></span> <span class='ocrx_word' id='word_1_412' title='bbox 2362 697 2470 734; x_wconf 91' lang='lat' dir='ltr'><strong>non</strong></span> <span class='ocrx_word' id='word_1_413' title='bbox 2504 679 2653 734; x_wconf 78' lang='lat' dir='ltr'><strong>laedit</strong></span> <span class='ocrx_word' id='word_1_414' title='bbox 2687 679 2950 748; x_wconf 88' lang='lat' dir='ltr'><strong>operibus</strong></span> <span class='ocrx_word' id='word_1_415' title='bbox 2979 695 3224 736; x_wconf 78' lang='lat' dir='ltr'><strong>animum</strong></span> <span class='ocrx_word' id='word_1_416' title='bbox 3259 697 3444 748; x_wconf 90' lang='lat' dir='ltr'><strong>suum,</strong></span> <span class='ocrx_word' id='word_1_417' title='bbox 3483 691 3622 740; x_wconf 79' lang='lat' dir='ltr'><strong>Jaud</strong></span> 
     </span>
    </p>
   </div>
   <div class='ocr_carea' id='block_1_60' title="bbox 2030 769 3624 846">
    <p class='ocr_par' dir='ltr' id='par_1_60' title="bbox 2030 769 3624 846">
     <span class='ocr_line' id='line_1_60' title="bbox 2030 769 3624 846; baseline 0.004 -23"><span class='ocrx_word' id='word_1_418' title='bbox 2030 769 2194 824; x_wconf 87' lang='lat' dir='ltr'><strong>etiam</strong></span> <span class='ocrx_word' id='word_1_419' title='bbox 2228 773 2414 828; x_wconf 78' lang='lat' dir='ltr'><strong>verbis</strong></span> <span class='ocrx_word' id='word_1_420' title='bbox 2445 772 2687 827; x_wconf 76' lang='lat' dir='ltr'><strong>servavit</strong></span> <span class='ocrx_word' id='word_1_421' title='bbox 2719 771 3090 841; x_wconf 85' lang='lat' dir='ltr'><strong>impollutum.</strong></span> <span class='ocrx_word' id='word_1_422' title='bbox 3125 773 3238 828; x_wconf 88' lang='lat' dir='ltr'><strong>Nec</strong></span> <span class='ocrx_word' id='word_1_423' title='bbox 3279 774 3372 844; x_wconf 85' lang='lat' dir='ltr'><strong>qui</strong></span> <span class='ocrx_word' id='word_1_424' title='bbox 3419 775 3624 846; x_wconf 74' lang='lat' dir='ltr'><strong>lingua:</strong></span> 
     </span>
    </p>
   </div>
   <div class='ocr_carea' id='block_1_61' title="bbox 2029 864 3623 938">
    <p class='ocr_par' dir='ltr' id='par_1_61' title="bbox 2029 864 3623 938">
     <span class='ocr_line' id='line_1_61' title="bbox 2029 864 3623 938; baseline 0.003 -20"><span class='ocrx_word' id='word_1_425' title='bbox 2029 873 2219 920; x_wconf 90' lang='lat' dir='ltr'><strong>custos</strong></span> <span class='ocrx_word' id='word_1_426' title='bbox 2251 876 2370 931; x_wconf 89' lang='lat' dir='ltr'><strong>est,</strong></span> <span class='ocrx_word' id='word_1_427' title='bbox 2391 867 2504 934; x_wconf 87' lang='lat' dir='ltr'><strong>jam</strong></span> <span class='ocrx_word' id='word_1_428' title='bbox 2542 881 2766 936; x_wconf 87' lang='lat' dir='ltr'><strong>quoque</strong></span> <span class='ocrx_word' id='word_1_429' title='bbox 2801 864 3163 936; x_wconf 75' lang='lat' dir='ltr'><strong>cogitationes</strong></span> <span class='ocrx_word' id='word_1_430' title='bbox 3191 867 3327 921; x_wconf 84' lang='lat' dir='ltr'><strong>nihil</strong></span> <span class='ocrx_word' id='word_1_431' title='bbox 3363 868 3623 938; x_wconf 87' lang='lat' dir='ltr'><strong>inquina-</strong></span> 
     </span>
    </p>
   </div>
   <div class='ocr_carea' id='block_1_62' title="bbox 2027 955 3622 1029">
    <p class='ocr_par' dir='ltr' id='par_1_62' title="bbox 2027 955 3622 1029">
     <span class='ocr_line' id='line_1_62' title="bbox 2027 955 3622 1029; baseline 0.002 -20"><span class='ocrx_word' id='word_1_432' title='bbox 2027 955 2126 1010; x_wconf 87' lang='lat' dir='ltr'><strong>vit.</strong></span> <span class='ocrx_word' id='word_1_433' title='bbox 2161 956 2454 1011; x_wconf 85' lang='lat' dir='ltr'><strong>Peccatum</strong></span> <span class='ocrx_word' id='word_1_434' title='bbox 2489 957 2665 1024; x_wconf 86' lang='lat' dir='ltr'><strong>enim,</strong></span> <span class='ocrx_word' id='word_1_435' title='bbox 2694 955 2900 1028; x_wconf 82' lang='lat' dir='ltr'><strong>triplici</strong></span> <span class='ocrx_word' id='word_1_436' title='bbox 2938 957 3045 1010; x_wconf 87' lang='lat' dir='ltr'><strong>hac</strong></span> <span class='ocrx_word' id='word_1_437' title='bbox 3080 957 3292 1012; x_wconf 81' lang='lat' dir='ltr'><strong>ratione</strong></span> <span class='ocrx_word' id='word_1_438' title='bbox 3326 958 3622 1029; x_wconf 87' lang='lat' dir='ltr'><strong>contingit.</strong></span> 
     </span>
    </p>
   </div>
   <div class='ocr_carea' id='block_1_63' title="bbox 2102 1133 3621 1207">
    <p class='ocr_par' dir='ltr' id='par_1_63' title="bbox 2102 1133 3621 1207">
     <span class='ocr_line' id='line_1_63' title="bbox 2102 1133 3621 1207; baseline 0.003 -19"><span class='ocrx_word' id='word_1_439' title='bbox 2102 1133 2192 1188; x_wconf 76' lang='lat'><strong>‘16.</strong></span> <span class='ocrx_word' id='word_1_440' title='bbox 2250 1133 2490 1190; x_wconf 70' lang='lat' dir='ltr'><strong>Virtutis</strong></span> <span class='ocrx_word' id='word_1_441' title='bbox 2537 1135 2734 1189; x_wconf 82' lang='lat' dir='ltr'><strong>faciem</strong></span> <span class='ocrx_word' id='word_1_442' title='bbox 2793 1135 2984 1190; x_wconf 68' lang='lat' dir='ltr'><strong>viuere</strong></span> <span class='ocrx_word' id='word_1_443' title='bbox 3050 1151 3162 1190; x_wconf 90' lang='lat' dir='ltr'><strong>non</strong></span> <span class='ocrx_word' id='word_1_444' title='bbox 3227 1137 3472 1205; x_wconf 88' lang='lat' dir='ltr'><strong>poteris,</strong></span> <span class='ocrx_word' id='word_1_445' title='bbox 3525 1137 3621 1207; x_wconf 88' lang='lat' dir='ltr'><strong>qui</strong></span> 
     </span>
    </p>
   </div>
   <div class='ocr_carea' id='block_1_64' title="bbox 2023 1226 3614 1299">
    <p class='ocr_par' dir='ltr' id='par_1_64' title="bbox 2023 1226 3614 1299">
     <span class='ocr_line' id='line_1_64' title="bbox 2023 1226 3614 1299; baseline 0.004 -21"><span class='ocrx_word' id='word_1_446' title='bbox 2023 1226 2268 1297; x_wconf 79' lang='lat' dir='ltr'><strong>jucunde</strong></span> <span class='ocrx_word' id='word_1_447' title='bbox 2315 1227 2500 1282; x_wconf 87' lang='lat' dir='ltr'><strong>adhuc</strong></span> <span class='ocrx_word' id='word_1_448' title='bbox 2543 1228 2666 1282; x_wconf 86' lang='lat' dir='ltr'><strong>vitii</strong></span> <span class='ocrx_word' id='word_1_449' title='bbox 2713 1236 3073 1296; x_wconf 88' lang='lat' dir='ltr'><strong>conspectum</strong></span> <span class='ocrx_word' id='word_1_450' title='bbox 3122 1228 3310 1282; x_wconf 87' lang='lat' dir='ltr'><strong>animo</strong></span> <span class='ocrx_word' id='word_1_451' title='bbox 3355 1245 3614 1299; x_wconf 86' lang='lat' dir='ltr'><strong>usurpes.</strong></span> 
     </span>
    </p>
   </div>
   <div class='ocr_carea' id='block_1_65' title="bbox 2028 1318 3622 1392">
    <p class='ocr_par' dir='ltr' id='par_1_65' title="bbox 2028 1318 3622 1392">
     <span class='ocr_line' id='line_1_65' title="bbox 2028 1318 3622 1392; baseline 0.001 -18"><span class='ocrx_word' id='word_1_452' title='bbox 2028 1319 2186 1375; x_wconf 83' lang='lat' dir='ltr'><strong>Tunc</strong></span> <span class='ocrx_word' id='word_1_453' title='bbox 2214 1335 2381 1390; x_wconf 91' lang='lat' dir='ltr'><strong>porro</strong></span> <span class='ocrx_word' id='word_1_454' title='bbox 2407 1321 2646 1376; x_wconf 86' lang='lat' dir='ltr'><strong>alterum</strong></span> <span class='ocrx_word' id='word_1_455' title='bbox 2673 1335 2901 1376; x_wconf 77' lang='lat' dir='ltr'><strong>exosum</strong></span> <span class='ocrx_word' id='word_1_456' title='bbox 2933 1318 3233 1386; x_wconf 72' lang='lat' dir='ltr'><strong>videbitur,</strong></span> <span class='ocrx_word' id='word_1_457' title='bbox 3261 1335 3386 1374; x_wconf 92' lang='lat' dir='ltr'><strong>cum</strong></span> <span class='ocrx_word' id='word_1_458' title='bbox 3417 1322 3622 1392; x_wconf 85' lang='lat' dir='ltr'><strong>prioris</strong></span> 
     </span>
    </p>
   </div>
   <div class='ocr_carea' id='block_1_66' title="bbox 2027 1411 3620 1483">
    <p class='ocr_par' dir='ltr' id='par_1_66' title="bbox 2027 1411 3620 1483">
     <span class='ocr_line' id='line_1_66' title="bbox 2027 1411 3620 1483; baseline 0.002 -18"><span class='ocrx_word' id='word_1_459' title='bbox 2027 1417 2249 1482; x_wconf 79' lang='lat' dir='ltr'><strong>gustum</strong></span> <span class='ocrx_word' id='word_1_460' title='bbox 2299 1411 2582 1467; x_wconf 90' lang='lat' dir='ltr'><strong>desiderio</strong></span> <span class='ocrx_word' id='word_1_461' title='bbox 2633 1413 3031 1482; x_wconf 84' lang='lat' dir='ltr'><strong>concupisces,</strong></span> <span class='ocrx_word' id='word_1_462' title='bbox 3069 1413 3397 1483; x_wconf 89' lang='lat' dir='ltr'><strong>vultumque</strong></span> <span class='ocrx_word' id='word_1_463' title='bbox 3446 1429 3478 1468; x_wconf 87' lang='lat' dir='ltr'><strong>a</strong></span> <span class='ocrx_word' id='word_1_464' title='bbox 3527 1414 3620 1468; x_wconf 82' lang='lat' dir='ltr'><strong>tali</strong></span> 
     </span>
    </p>
   </div>
   <div class='ocr_carea' id='block_1_67' title="bbox 2027 1501 2782 1572">
    <p class='ocr_par' dir='ltr' id='par_1_67' title="bbox 2027 1501 2782 1572">
     <span class='ocr_line' id='line_1_67' title="bbox 2027 1501 2782 1572; baseline 0.001 -15"><span class='ocrx_word' id='word_1_465' title='bbox 2027 1501 2191 1572; x_wconf 85' lang='lat' dir='ltr'><strong>longe</strong></span> <span class='ocrx_word' id='word_1_466' title='bbox 2221 1502 2398 1556; x_wconf 85' lang='lat' dir='ltr'><strong>forma</strong></span> <span class='ocrx_word' id='word_1_467' title='bbox 2423 1502 2782 1558; x_wconf 75' lang='lat' dir='ltr'><strong>abstraxeris.</strong></span> 
     </span>
    </p>
   </div>
   <div class='ocr_carea' id='block_1_68' title="bbox 2103 1592 3622 1662">
    <p class='ocr_par' dir='ltr' id='par_1_68' title="bbox 2103 1592 3622 1662">
     <span class='ocr_line' id='line_1_68' title="bbox 2103 1592 3622 1662; baseline 0.003 -16"><span class='ocrx_word' id='word_1_468' title='bbox 2103 1593 2190 1647; x_wconf 83' lang='grc'><strong>17.</strong></span> <span class='ocrx_word' id='word_1_469' title='bbox 2223 1592 2661 1662; x_wconf 86' lang='lat' dir='ltr'><strong>Cogitationum,</strong></span> <span class='ocrx_word' id='word_1_470' title='bbox 2690 1610 2802 1648; x_wconf 91' lang='lat' dir='ltr'><strong>non</strong></span> <span class='ocrx_word' id='word_1_471' title='bbox 2838 1611 3022 1650; x_wconf 91' lang='lat' dir='ltr'><strong>rerum</strong></span> <span class='ocrx_word' id='word_1_472' title='bbox 3056 1594 3314 1660; x_wconf 87' lang='lat' dir='ltr'><strong>incursu,</strong></span> <span class='ocrx_word' id='word_1_473' title='bbox 3344 1595 3622 1650; x_wconf 67' lang='lat' dir='ltr'><strong>dwmones</strong></span> 
     </span>
    </p>
   </div>
   <div class='ocr_carea' id='block_1_69' title="bbox 2027 1685 3618 1756">
    <p class='ocr_par' dir='ltr' id='par_1_69' title="bbox 2027 1685 3618 1756">
     <span class='ocr_line' id='line_1_69' title="bbox 2027 1685 3618 1756; baseline -0.001 -16"><span class='ocrx_word' id='word_1_474' title='bbox 2027 1685 2395 1756; x_wconf 87' lang='lat' dir='ltr'><strong>principalius</strong></span> <span class='ocrx_word' id='word_1_475' title='bbox 2442 1685 2772 1741; x_wconf 82' lang='lat' dir='ltr'><strong>adoriuntur</strong></span> <span class='ocrx_word' id='word_1_476' title='bbox 2816 1687 3085 1741; x_wconf 83' lang='lat' dir='ltr'><strong>animum.</strong></span> <span class='ocrx_word' id='word_1_477' title='bbox 3131 1686 3270 1742; x_wconf 86' lang='lat' dir='ltr'><strong>Nam</strong></span> <span class='ocrx_word' id='word_1_478' title='bbox 3320 1701 3411 1742; x_wconf 89' lang='lat' dir='ltr'><strong>res</strong></span> <span class='ocrx_word' id='word_1_479' title='bbox 3456 1685 3618 1756; x_wconf 72' lang='lat' dir='ltr'><strong>ipszu,</strong></span> 
     </span>
    </p>
   </div>
   <div class='ocr_carea' id='block_1_70' title="bbox 2029 1774 3618 1846">
    <p class='ocr_par' dir='ltr' id='par_1_70' title="bbox 2029 1774 3618 1846">
     <span class='ocr_line' id='line_1_70' title="bbox 2029 1774 3618 1846; baseline -0.001 -16"><span class='ocrx_word' id='word_1_480' title='bbox 2029 1775 2336 1830; x_wconf 86' lang='lat' dir='ltr'><strong>secundum</strong></span> <span class='ocrx_word' id='word_1_481' title='bbox 2375 1791 2456 1839; x_wconf 90' lang='lat' dir='ltr'><strong>se,</strong></span> <span class='ocrx_word' id='word_1_482' title='bbox 2488 1778 2820 1831; x_wconf 72' lang='lat' dir='ltr'><strong>necessaria:</strong></span> <span class='ocrx_word' id='word_1_483' title='bbox 2861 1785 3010 1831; x_wconf 90' lang='lat' dir='ltr'><strong>sunt.</strong></span> <span class='ocrx_word' id='word_1_484' title='bbox 3045 1775 3126 1831; x_wconf 85' lang='lat' dir='ltr'><strong>Ac</strong></span> <span class='ocrx_word' id='word_1_485' title='bbox 3166 1790 3356 1830; x_wconf 89' lang='lat' dir='ltr'><strong>rerum</strong></span> <span class='ocrx_word' id='word_1_486' title='bbox 3393 1774 3618 1846; x_wconf 87' lang='lat' dir='ltr'><strong>quidem</strong></span> 
     </span>
    </p>
   </div>
   <div class='ocr_carea' id='block_1_71' title="bbox 2026 1868 3622 1940">
    <p class='ocr_par' dir='ltr' id='par_1_71' title="bbox 2026 1868 3622 1940">
     <span class='ocr_line' id='line_1_71' title="bbox 2026 1868 3622 1940; baseline 0.001 -18"><span class='ocrx_word' id='word_1_487' title='bbox 2026 1883 2213 1934; x_wconf 87' lang='lat' dir='ltr'><strong>causa,</strong></span> <span class='ocrx_word' id='word_1_488' title='bbox 2237 1868 2459 1923; x_wconf 91' lang='lat' dir='ltr'><strong>auditus</strong></span> <span class='ocrx_word' id='word_1_489' title='bbox 2484 1877 2541 1924; x_wconf 93' lang='lat' dir='ltr'><strong>et</strong></span> <span class='ocrx_word' id='word_1_490' title='bbox 2564 1869 2715 1923; x_wconf 88' lang='lat' dir='ltr'><strong>visus</strong></span> <span class='ocrx_word' id='word_1_491' title='bbox 2743 1887 2754 1922; x_wconf 93' lang='lat'>:</span> <span class='ocrx_word' id='word_1_492' title='bbox 2786 1869 3184 1940; x_wconf 85' lang='lat' dir='ltr'><strong>cegitationum</strong></span> <span class='ocrx_word' id='word_1_493' title='bbox 3207 1884 3364 1934; x_wconf 89' lang='lat' dir='ltr'><strong>vero,</strong></span> <span class='ocrx_word' id='word_1_494' title='bbox 3386 1883 3622 1923; x_wconf 89' lang='lat' dir='ltr'><strong>consue-</strong></span> 
     </span>
    </p>
   </div>
   <div class='ocr_carea' id='block_1_72' title="bbox 2028 1961 2730 2016">
    <p class='ocr_par' dir='ltr' id='par_1_72' title="bbox 2028 1961 2730 2016">
     <span class='ocr_line' id='line_1_72' title="bbox 2028 1961 2730 2016; baseline -0.001 0"><span class='ocrx_word' id='word_1_495' title='bbox 2028 1961 2164 2016; x_wconf 79' lang='lat' dir='ltr'><strong>tudo</strong></span> <span class='ocrx_word' id='word_1_496' title='bbox 2195 1976 2260 2016; x_wconf 88' lang='lat' dir='ltr'><strong>ac</strong></span> <span class='ocrx_word' id='word_1_497' title='bbox 2286 1961 2370 2016; x_wconf 89' lang='lat' dir='ltr'><strong>vis</strong></span> <span class='ocrx_word' id='word_1_498' title='bbox 2396 1961 2730 2015; x_wconf 65' lang='lat' dir='ltr'><strong>daemonum.</strong></span> 
     </span>
    </p>
   </div>
   <div class='ocr_carea' id='block_1_73' title="bbox 2053 2061 3618 2145">
    <p class='ocr_par' dir='ltr' id='par_1_73' title="bbox 2053 2061 3618 2145">
     <span class='ocr_line' id='line_1_73' title="bbox 2053 2061 3618 2145; baseline -0.001 -16"><span class='ocrx_word' id='word_1_499' title='bbox 2053 2061 2061 2072; x_wconf 81' lang='grc'><em>’</em></span> <span class='ocrx_word' id='word_1_500' title='bbox 2101 2074 2188 2129; x_wconf 80' lang='grc'><strong>18.</strong></span> <span class='ocrx_word' id='word_1_501' title='bbox 2220 2073 2514 2129; x_wconf 85' lang='lat' dir='ltr'><strong>Trifariam</strong></span> <span class='ocrx_word' id='word_1_502' title='bbox 2545 2075 2715 2128; x_wconf 91' lang='lat' dir='ltr'><strong>animi</strong></span> <span class='ocrx_word' id='word_1_503' title='bbox 2750 2084 3036 2145; x_wconf 90' lang='lat' dir='ltr'><strong>peccatum</strong></span> <span class='ocrx_word' id='word_1_504' title='bbox 3070 2075 3359 2140; x_wconf 85' lang='lat' dir='ltr'><strong>dividitur,</strong></span> <span class='ocrx_word' id='word_1_505' title='bbox 3383 2074 3530 2144; x_wconf 92' lang='lat' dir='ltr'><strong>quod</strong></span> <span class='ocrx_word' id='word_1_506' title='bbox 3561 2074 3618 2128; x_wconf 92' lang='lat' dir='ltr'><strong>in</strong></span> 
     </span>
    </p>
   </div>
   <div class='ocr_carea' id='block_1_74' title="bbox 2025 2163 3619 2235">
    <p class='ocr_par' dir='ltr' id='par_1_74' title="bbox 2025 2163 3619 2235">
     <span class='ocr_line' id='line_1_74' title="bbox 2025 2163 3619 2235; baseline -0.001 -16"><span class='ocrx_word' id='word_1_507' title='bbox 2025 2165 2291 2234; x_wconf 86' lang='lat' dir='ltr'><strong>operibus</strong></span> <span class='ocrx_word' id='word_1_508' title='bbox 2322 2171 2377 2218; x_wconf 89' lang='lat' dir='ltr'><strong>et</strong></span> <span class='ocrx_word' id='word_1_509' title='bbox 2404 2164 2592 2218; x_wconf 86' lang='lat' dir='ltr'><strong>verbis</strong></span> <span class='ocrx_word' id='word_1_510' title='bbox 2621 2173 2678 2218; x_wconf 91' lang='lat' dir='ltr'><strong>et</strong></span> <span class='ocrx_word' id='word_1_511' title='bbox 2710 2165 3144 2235; x_wconf 80' lang='lat' dir='ltr'><strong>cogitationibus</strong></span> <span class='ocrx_word' id='word_1_512' title='bbox 3176 2165 3479 2219; x_wconf 84' lang='lat' dir='ltr'><strong>invenitur.</strong></span> <span class='ocrx_word' id='word_1_513' title='bbox 3512 2163 3619 2218; x_wconf 76' lang='lat' dir='ltr'><strong>Sex</strong></span> 
     </span>
    </p>
   </div>
   <div class='ocr_carea' id='block_1_75' title="bbox 2025 2257 3618 2327">
    <p class='ocr_par' dir='ltr' id='par_1_75' title="bbox 2025 2257 3618 2327">
     <span class='ocr_line' id='line_1_75' title="bbox 2025 2257 3618 2327; baseline -0.001 -16"><span class='ocrx_word' id='word_1_514' title='bbox 2025 2273 2160 2311; x_wconf 90' lang='lat' dir='ltr'><strong>vero</strong></span> <span class='ocrx_word' id='word_1_515' title='bbox 2199 2257 2451 2326; x_wconf 87' lang='lat' dir='ltr'><strong>partibus</strong></span> <span class='ocrx_word' id='word_1_516' title='bbox 2491 2264 2708 2311; x_wconf 85' lang='lat' dir='ltr'><strong>constat</strong></span> <span class='ocrx_word' id='word_1_517' title='bbox 2750 2273 2860 2310; x_wconf 89' lang='lat' dir='ltr'><strong>non</strong></span> <span class='ocrx_word' id='word_1_518' title='bbox 2897 2257 3162 2327; x_wconf 82' lang='lat' dir='ltr'><strong>peccandi</strong></span> <span class='ocrx_word' id='word_1_519' title='bbox 3208 2257 3436 2312; x_wconf 90' lang='lat' dir='ltr'><strong>bonum.</strong></span> <span class='ocrx_word' id='word_1_520' title='bbox 3472 2257 3618 2311; x_wconf 80' lang='lat' dir='ltr'><strong>inof-</strong></span> 
     </span>
    </p>
   </div>
   <div class='ocr_carea' id='block_1_76' title="bbox 2026 2349 3618 2419">
    <p class='ocr_par' dir='ltr' id='par_1_76' title="bbox 2026 2349 3618 2419">
     <span class='ocr_line' id='line_1_76' title="bbox 2026 2349 3618 2419; baseline -0.003 -15"><span class='ocrx_word' id='word_1_521' title='bbox 2026 2349 2213 2404; x_wconf 86' lang='lat' dir='ltr'><strong>fensos</strong></span> <span class='ocrx_word' id='word_1_522' title='bbox 2245 2349 2394 2403; x_wconf 91' lang='lat' dir='ltr'><strong>enim</strong></span> <span class='ocrx_word' id='word_1_523' title='bbox 2431 2363 2715 2403; x_wconf 85' lang='lat' dir='ltr'><strong>servemus</strong></span> <span class='ocrx_word' id='word_1_524' title='bbox 2747 2365 2973 2404; x_wconf 86' lang='lat' dir='ltr'><strong>necesse</strong></span> <span class='ocrx_word' id='word_1_525' title='bbox 3003 2359 3090 2404; x_wconf 89' lang='lat' dir='ltr'><strong>est</strong></span> <span class='ocrx_word' id='word_1_526' title='bbox 3118 2349 3365 2419; x_wconf 90' lang='lat' dir='ltr'><strong>quinque</strong></span> <span class='ocrx_word' id='word_1_527' title='bbox 3397 2363 3618 2410; x_wconf 88' lang='lat' dir='ltr'><strong>sensus,</strong></span> 
     </span>
    </p>
   </div>
   <div class='ocr_carea' id='block_1_77' title="bbox 2026 2439 3619 2511">
    <p class='ocr_par' dir='ltr' id='par_1_77' title="bbox 2026 2439 3619 2511">
     <span class='ocr_line' id='line_1_77' title="bbox 2026 2439 3619 2511; baseline -0.002 -16"><span class='ocrx_word' id='word_1_528' title='bbox 2026 2442 2255 2510; x_wconf 88' lang='lat' dir='ltr'><strong>orisque</strong></span> <span class='ocrx_word' id='word_1_529' title='bbox 2303 2456 2620 2494; x_wconf 87' lang='lat' dir='ltr'><strong>sermonem</strong></span> <span class='ocrx_word' id='word_1_530' title='bbox 2674 2457 2687 2494; x_wconf 90' lang='lat'><strong>:</strong></span> <span class='ocrx_word' id='word_1_531' title='bbox 2738 2439 2804 2494; x_wconf 88' lang='lat' dir='ltr'><strong>In</strong></span> <span class='ocrx_word' id='word_1_532' title='bbox 2852 2441 3040 2511; x_wconf 78' lang='lat' dir='ltr'><strong>quibus</strong></span> <span class='ocrx_word' id='word_1_533' title='bbox 3089 2442 3179 2510; x_wconf 84' lang='lat' dir='ltr'><strong>qui</strong></span> <span class='ocrx_word' id='word_1_534' title='bbox 3223 2456 3328 2493; x_wconf 82' lang='lat' dir='ltr'><strong>non</strong></span> <span class='ocrx_word' id='word_1_535' title='bbox 3376 2440 3619 2509; x_wconf 80' lang='lat' dir='ltr'><strong>oﬂ&#39;endit,</strong></span> 
     </span>
    </p>
   </div>
   <div class='ocr_carea' id='block_1_78' title="bbox 2026 2531 3620 2604">
    <p class='ocr_par' dir='ltr' id='par_1_78' title="bbox 2026 2531 3620 2604">
     <span class='ocr_line' id='line_1_78' title="bbox 2026 2531 3620 2604; baseline -0.004 -16"><span class='ocrx_word' id='word_1_536' title='bbox 2026 2535 2286 2604; x_wconf 77' lang='lat' dir='ltr'><strong>perfectus</strong></span> <span class='ocrx_word' id='word_1_537' title='bbox 2333 2544 2407 2587; x_wconf 80' lang='lat' dir='ltr'><strong>est</strong></span> <span class='ocrx_word' id='word_1_538' title='bbox 2452 2535 2561 2599; x_wconf 85' lang='lat' dir='ltr'><strong>vir;</strong></span> <span class='ocrx_word' id='word_1_539' title='bbox 2604 2541 2785 2604; x_wconf 82' lang='lat' dir='ltr'><strong>potens</strong></span> <span class='ocrx_word' id='word_1_540' title='bbox 2833 2534 2994 2586; x_wconf 84' lang='lat' dir='ltr'><strong>etiam</strong></span> <span class='ocrx_word' id='word_1_541' title='bbox 3043 2534 3191 2602; x_wconf 79' lang='lat' dir='ltr'><strong>freno</strong></span> <span class='ocrx_word' id='word_1_542' title='bbox 3235 2531 3620 2586; x_wconf 83' lang='lat' dir='ltr'><strong>circumducere</strong></span> 
     </span>
    </p>
   </div>
   <div class='ocr_carea' id='block_1_79' title="bbox 2026 2625 2636 2694">
    <p class='ocr_par' dir='ltr' id='par_1_79' title="bbox 2026 2625 2636 2694">
     <span class='ocr_line' id='line_1_79' title="bbox 2026 2625 2636 2694; baseline -0.002 -14"><span class='ocrx_word' id='word_1_543' title='bbox 2026 2626 2260 2680; x_wconf 70' lang='lat' dir='ltr'><strong>martbra</strong></span> <span class='ocrx_word' id='word_1_544' title='bbox 2290 2626 2526 2694; x_wconf 79' lang='lat' dir='ltr'><strong>corporis</strong></span> <span class='ocrx_word' id='word_1_545' title='bbox 2548 2625 2636 2679; x_wconf 71' lang='grc' dir='ltr'><strong>Μ.</strong></span> 
     </span>
    </p>
   </div>
   <div class='ocr_carea' id='block_1_80' title="bbox 2097 2735 3622 2812">
    <p class='ocr_par' dir='ltr' id='par_1_80' title="bbox 2097 2735 3622 2812">
     <span class='ocr_line' id='line_1_80' title="bbox 2097 2735 3622 2812; baseline -0.003 -19"><span class='ocrx_word' id='word_1_546' title='bbox 2097 2739 2258 2812; x_wconf 69' lang='grc'><strong>643</strong></span> <span class='ocrx_word' id='word_1_547' title='bbox 2301 2741 2384 2793; x_wconf 78' lang='grc'><strong>19.</strong></span> <span class='ocrx_word' id='word_1_548' title='bbox 2417 2739 2599 2793; x_wconf 81' lang='lat' dir='ltr'><strong>Animi</strong></span> <span class='ocrx_word' id='word_1_549' title='bbox 2641 2754 2770 2809; x_wconf 86' lang='lat' dir='ltr'><strong>pars</strong></span> <span class='ocrx_word' id='word_1_550' title='bbox 2807 2739 3044 2794; x_wconf 83' lang='lat' dir='ltr'><strong>rationis</strong></span> <span class='ocrx_word' id='word_1_551' title='bbox 3079 2755 3278 2809; x_wconf 83' lang='lat' dir='ltr'><strong>expers</strong></span> <span class='ocrx_word' id='word_1_552' title='bbox 3315 2753 3411 2791; x_wconf 74' lang='lat' dir='ltr'><strong>sex</strong></span> <span class='ocrx_word' id='word_1_553' title='bbox 3450 2735 3622 2806; x_wconf 81' lang='lat' dir='ltr'><strong>parti-</strong></span> 
     </span>
    </p>
   </div>
   <div class='ocr_carea' id='block_1_81' title="bbox 2025 2829 3616 2901">
    <p class='ocr_par' dir='ltr' id='par_1_81' title="bbox 2025 2829 3616 2901">
     <span class='ocr_line' id='line_1_81' title="bbox 2025 2829 3616 2901; baseline -0.005 -14"><span class='ocrx_word' id='word_1_554' title='bbox 2025 2830 2131 2887; x_wconf 87' lang='lat' dir='ltr'><strong>bus</strong></span> <span class='ocrx_word' id='word_1_555' title='bbox 2174 2831 2469 2897; x_wconf 85' lang='lat' dir='ltr'><strong>dividitur;</strong></span> <span class='ocrx_word' id='word_1_556' title='bbox 2522 2832 2770 2901; x_wconf 92' lang='lat' dir='ltr'><strong>quinque</strong></span> <span class='ocrx_word' id='word_1_557' title='bbox 2817 2831 3032 2886; x_wconf 90' lang='lat' dir='ltr'><strong>scilicet</strong></span> <span class='ocrx_word' id='word_1_558' title='bbox 3077 2829 3366 2891; x_wconf 88' lang='lat' dir='ltr'><strong>sensibus,</strong></span> <span class='ocrx_word' id='word_1_559' title='bbox 3401 2837 3457 2882; x_wconf 91' lang='lat' dir='ltr'><strong>et</strong></span> <span class='ocrx_word' id='word_1_560' title='bbox 3497 2841 3616 2880; x_wconf 87' lang='lat' dir='ltr'><strong>ser—</strong></span> 
     </span>
    </p>
   </div>
   <div class='ocr_carea' id='block_1_82' title="bbox 2024 2919 3622 2996">
    <p class='ocr_par' dir='ltr' id='par_1_82' title="bbox 2024 2919 3622 2996">
     <span class='ocr_line' id='line_1_82' title="bbox 2024 2919 3622 2996; baseline -0.006 -16"><span class='ocrx_word' id='word_1_561' title='bbox 2024 2940 2189 2980; x_wconf 90' lang='lat' dir='ltr'><strong>mone</strong></span> <span class='ocrx_word' id='word_1_562' title='bbox 2217 2925 2309 2996; x_wconf 91' lang='lat' dir='ltr'><strong>qui</strong></span> <span class='ocrx_word' id='word_1_563' title='bbox 2337 2940 2436 2980; x_wconf 93' lang='lat' dir='ltr'><strong>ore</strong></span> <span class='ocrx_word' id='word_1_564' title='bbox 2463 2924 2763 2995; x_wconf 82' lang='lat' dir='ltr'><strong>profertur.</strong></span> <span class='ocrx_word' id='word_1_565' title='bbox 2789 2925 2862 2989; x_wconf 88' lang='lat' dir='ltr'><strong>ls,</strong></span> <span class='ocrx_word' id='word_1_566' title='bbox 2882 2940 2993 2979; x_wconf 89' lang='lat' dir='ltr'><strong>una</strong></span> <span class='ocrx_word' id='word_1_567' title='bbox 3016 2938 3142 2978; x_wconf 92' lang='lat' dir='ltr'><strong>cum</strong></span> <span class='ocrx_word' id='word_1_568' title='bbox 3171 2938 3237 2978; x_wconf 92' lang='lat' dir='ltr'><strong>eo</strong></span> <span class='ocrx_word' id='word_1_569' title='bbox 3261 2921 3354 2992; x_wconf 91' lang='lat' dir='ltr'><strong>qui</strong></span> <span class='ocrx_word' id='word_1_570' title='bbox 3383 2919 3622 2974; x_wconf 79' lang='lat' dir='ltr'><strong>atlicitur</strong></span> 
     </span>
    </p>
   </div>
   <div class='ocr_carea' id='block_1_83' title="bbox 2027 3010 3618 3084">
    <p class='ocr_par' dir='ltr' id='par_1_83' title="bbox 2027 3010 3618 3084">
     <span class='ocr_line' id='line_1_83' title="bbox 2027 3010 3618 3084; baseline -0.006 -12"><span class='ocrx_word' id='word_1_571' title='bbox 2027 3017 2265 3073; x_wconf 87' lang='lat' dir='ltr'><strong>indivise</strong></span> <span class='ocrx_word' id='word_1_572' title='bbox 2311 3017 2614 3082; x_wconf 88' lang='lat' dir='ltr'><strong>dividitur,</strong></span> <span class='ocrx_word' id='word_1_573' title='bbox 2659 3015 2922 3070; x_wconf 90' lang='lat' dir='ltr'><strong>immunis</strong></span> <span class='ocrx_word' id='word_1_574' title='bbox 2970 3014 3089 3084; x_wconf 90' lang='lat' dir='ltr'><strong>ipse</strong></span> <span class='ocrx_word' id='word_1_575' title='bbox 3140 3013 3208 3067; x_wconf 90' lang='lat' dir='ltr'><strong>ab</strong></span> <span class='ocrx_word' id='word_1_576' title='bbox 3259 3010 3551 3066; x_wconf 80' lang='lat' dir='ltr'><strong>aﬂ‘ectione</strong></span> <span class='ocrx_word' id='word_1_577' title='bbox 3602 3026 3618 3062; x_wconf 91' lang='lat'><strong>:</strong></span> 
     </span>
    </p>
   </div>
   <div class='ocr_carea' id='block_1_84' title="bbox 2027 3099 3620 3180">
    <p class='ocr_par' dir='ltr' id='par_1_84' title="bbox 2027 3099 3620 3180">
     <span class='ocr_line' id='line_1_84' title="bbox 2027 3099 3620 3180; baseline -0.008 -15"><span class='ocrx_word' id='word_1_578' title='bbox 2027 3109 2307 3165; x_wconf 82' lang='lat' dir='ltr'><strong>contrahit</strong></span> <span class='ocrx_word' id='word_1_579' title='bbox 2338 3125 2473 3165; x_wconf 89' lang='lat' dir='ltr'><strong>vero</strong></span> <span class='ocrx_word' id='word_1_580' title='bbox 2508 3108 2629 3180; x_wconf 93' lang='lat' dir='ltr'><strong>ejus</strong></span> <span class='ocrx_word' id='word_1_581' title='bbox 2656 3107 2856 3162; x_wconf 87' lang='lat' dir='ltr'><strong>vitium</strong></span> <span class='ocrx_word' id='word_1_582' title='bbox 2891 3121 2954 3162; x_wconf 89' lang='lat' dir='ltr'><strong>ac</strong></span> <span class='ocrx_word' id='word_1_583' title='bbox 2986 3105 3285 3169; x_wconf 88' lang='lat' dir='ltr'><strong>malitiam,</strong></span> <span class='ocrx_word' id='word_1_584' title='bbox 3314 3119 3441 3157; x_wconf 91' lang='lat' dir='ltr'><strong>cum</strong></span> <span class='ocrx_word' id='word_1_585' title='bbox 3481 3099 3620 3154; x_wconf 78' lang='lat' dir='ltr'><strong>affe-</strong></span> 
     </span>
    </p>
   </div>
   <div class='ocr_carea' id='block_1_85' title="bbox 1951 3192 3622 3278">
    <p class='ocr_par' dir='ltr' id='par_1_85' title="bbox 1951 3192 3622 3278">
     <span class='ocr_line' id='line_1_85' title="bbox 1951 3192 3622 3278; baseline -0.007 -21"><span class='ocrx_word' id='word_1_586' title='bbox 1951 3213 1996 3275; x_wconf 81' lang='lat' dir='ltr'>c</span> <span class='ocrx_word' id='word_1_587' title='bbox 2028 3209 2152 3257; x_wconf 90' lang='lat' dir='ltr'><strong>ctus</strong></span> <span class='ocrx_word' id='word_1_588' title='bbox 2194 3201 2501 3278; x_wconf 75' lang='lat' dir='ltr'><strong>concitatos</strong></span> <span class='ocrx_word' id='word_1_589' title='bbox 2537 3214 2766 3256; x_wconf 86' lang='lat' dir='ltr'><strong>movens</strong></span> <span class='ocrx_word' id='word_1_590' title='bbox 2805 3199 3132 3270; x_wconf 88' lang='lat' dir='ltr'><strong>animosque</strong></span> <span class='ocrx_word' id='word_1_591' title='bbox 3167 3195 3500 3268; x_wconf 87' lang='lat' dir='ltr'><strong>perturbans</strong></span> <span class='ocrx_word' id='word_1_592' title='bbox 3533 3192 3622 3248; x_wconf 90' lang='lat' dir='ltr'><strong>in-</strong></span> 
     </span>
    </p>
   </div>
   <div class='ocr_carea' id='block_1_86' title="bbox 2025 3293 2269 3350">
    <p class='ocr_par' dir='ltr' id='par_1_86' title="bbox 2025 3293 2269 3350">
     <span class='ocr_line' id='line_1_86' title="bbox 2025 3293 2269 3350; baseline -0.012 0"><span class='ocrx_word' id='word_1_593' title='bbox 2025 3293 2269 3350; x_wconf 87' lang='lat' dir='ltr'><strong>venitur.</strong></span> 
     </span>
    </p>
   </div>
   <div class='ocr_carea' id='block_1_87' title="bbox 2095 3381 3622 3455">
    <p class='ocr_par' dir='ltr' id='par_1_87' title="bbox 2095 3381 3622 3455">
     <span class='ocr_line' id='line_1_87' title="bbox 2095 3381 3622 3455; baseline -0.007 -15"><span class='ocrx_word' id='word_1_594' title='bbox 2095 3386 2187 3441; x_wconf 71' lang='lat'><strong>20.</strong></span> <span class='ocrx_word' id='word_1_595' title='bbox 2219 3387 2332 3440; x_wconf 90' lang='lat' dir='ltr'><strong>Nec</strong></span> <span class='ocrx_word' id='word_1_596' title='bbox 2364 3400 2567 3454; x_wconf 89' lang='lat' dir='ltr'><strong>corpus</strong></span> <span class='ocrx_word' id='word_1_597' title='bbox 2601 3385 2741 3439; x_wconf 86' lang='lat' dir='ltr'><strong>citra</strong></span> <span class='ocrx_word' id='word_1_598' title='bbox 2768 3383 3038 3455; x_wconf 86' lang='lat' dir='ltr'><strong>jejunium</strong></span> <span class='ocrx_word' id='word_1_599' title='bbox 3066 3381 3389 3453; x_wconf 83' lang='lat' dir='ltr'><strong>vigiliasque</strong></span> <span class='ocrx_word' id='word_1_600' title='bbox 3421 3393 3622 3435; x_wconf 88' lang='lat' dir='ltr'><strong>emun-</strong></span> 
     </span>
    </p>
   </div>
   <div class='ocr_carea' id='block_1_88' title="bbox 2025 3471 3622 3547">
    <p class='ocr_par' dir='ltr' id='par_1_88' title="bbox 2025 3471 3622 3547">
     <span class='ocr_line' id='line_1_88' title="bbox 2025 3471 3622 3547; baseline -0.004 -16"><span class='ocrx_word' id='word_1_601' title='bbox 2025 3475 2144 3531; x_wconf 87' lang='lat' dir='ltr'><strong>dari</strong></span> <span class='ocrx_word' id='word_1_602' title='bbox 2197 3484 2412 3547; x_wconf 90' lang='lat' dir='ltr'><strong>potest,</strong></span> <span class='ocrx_word' id='word_1_603' title='bbox 2454 3492 2557 3532; x_wconf 91' lang='lat' dir='ltr'><strong>nec</strong></span> <span class='ocrx_word' id='word_1_604' title='bbox 2605 3476 2814 3546; x_wconf 88' lang='lat' dir='ltr'><strong>absque</strong></span> <span class='ocrx_word' id='word_1_605' title='bbox 2861 3473 3244 3530; x_wconf 90' lang='lat' dir='ltr'><strong>misericordia</strong></span> <span class='ocrx_word' id='word_1_606' title='bbox 3290 3481 3348 3527; x_wconf 90' lang='lat' dir='ltr'><strong>et</strong></span> <span class='ocrx_word' id='word_1_607' title='bbox 3386 3471 3622 3526; x_wconf 87' lang='lat' dir='ltr'><strong>veritate</strong></span> 
     </span>
    </p>
   </div>
   <div class='ocr_carea' id='block_1_89' title="bbox 2023 3561 3622 3637">
    <p class='ocr_par' dir='ltr' id='par_1_89' title="bbox 2023 3561 3622 3637">
     <span class='ocr_line' id='line_1_89' title="bbox 2023 3561 3622 3637; baseline -0.005 -15"><span class='ocrx_word' id='word_1_608' title='bbox 2023 3569 2276 3634; x_wconf 90' lang='lat' dir='ltr'><strong>animus;</strong></span> <span class='ocrx_word' id='word_1_609' title='bbox 2333 3577 2389 3622; x_wconf 89' lang='lat' dir='ltr'><strong>at</strong></span> <span class='ocrx_word' id='word_1_610' title='bbox 2439 3583 2621 3637; x_wconf 89' lang='lat' dir='ltr'><strong>neque</strong></span> <span class='ocrx_word' id='word_1_611' title='bbox 2678 3582 2835 3623; x_wconf 84' lang='lat' dir='ltr'><strong>mens</strong></span> <span class='ocrx_word' id='word_1_612' title='bbox 2891 3567 3102 3636; x_wconf 89' lang='lat' dir='ltr'><strong>absque</strong></span> <span class='ocrx_word' id='word_1_613' title='bbox 3157 3561 3622 3632; x_wconf 87' lang='lat' dir='ltr'><strong>contemplatione</strong></span> 
     </span>
    </p>
   </div>
   <div class='ocr_carea' id='block_1_90' title="bbox 2023 3652 3620 3730">
    <p class='ocr_par' dir='ltr' id='par_1_90' title="bbox 2023 3652 3620 3730">
     <span class='ocr_line' id='line_1_90' title="bbox 2023 3652 3620 3730; baseline -0.005 -15"><span class='ocrx_word' id='word_1_614' title='bbox 2023 3660 2232 3730; x_wconf 84' lang='lat' dir='ltr'><strong>Deique</strong></span> <span class='ocrx_word' id='word_1_615' title='bbox 2269 3660 2567 3730; x_wconf 90' lang='lat' dir='ltr'><strong>colloquio.</strong></span> <span class='ocrx_word' id='word_1_616' title='bbox 2601 3659 2740 3716; x_wconf 91' lang='lat' dir='ltr'><strong>Sunt</strong></span> <span class='ocrx_word' id='word_1_617' title='bbox 2778 3659 2926 3716; x_wconf 90' lang='lat' dir='ltr'><strong>enim</strong></span> <span class='ocrx_word' id='word_1_618' title='bbox 2974 3659 3058 3713; x_wconf 74' lang='lat' dir='ltr'><strong>lue</strong></span> <span class='ocrx_word' id='word_1_619' title='bbox 3098 3658 3155 3713; x_wconf 91' lang='lat' dir='ltr'><strong>in</strong></span> <span class='ocrx_word' id='word_1_620' title='bbox 3194 3656 3316 3712; x_wconf 90' lang='lat' dir='ltr'><strong>istis</strong></span> <span class='ocrx_word' id='word_1_621' title='bbox 3356 3652 3620 3709; x_wconf 85' lang='lat' dir='ltr'><strong>illustris-</strong></span> 
     </span>
    </p>
   </div>
   <div class='ocr_carea' id='block_1_91' title="bbox 2024 3751 2646 3820">
    <p class='ocr_par' dir='ltr' id='par_1_91' title="bbox 2024 3751 2646 3820">
     <span class='ocr_line' id='line_1_91' title="bbox 2024 3751 2646 3820; baseline -0.003 -14"><span class='ocrx_word' id='word_1_622' title='bbox 2024 3751 2176 3806; x_wconf 73' lang='lat' dir='ltr'><strong>simae</strong></span> <span class='ocrx_word' id='word_1_623' title='bbox 2208 3751 2646 3820; x_wconf 82' lang='lat' dir='ltr'><strong>cenjugationcs.</strong></span> 
     </span>
    </p>
   </div>
   <div class='ocr_carea' id='block_1_92' title="bbox 2094 3853 3620 3932">
    <p class='ocr_par' dir='ltr' id='par_1_92' title="bbox 2094 3853 3620 3932">
     <span class='ocr_line' id='line_1_92' title="bbox 2094 3853 3620 3932; baseline -0.005 -17"><span class='ocrx_word' id='word_1_624' title='bbox 2094 3861 2185 3916; x_wconf 71' lang='lat'><strong>2|.</strong></span> <span class='ocrx_word' id='word_1_625' title='bbox 2223 3861 2339 3926; x_wconf 89' lang='lat' dir='ltr'><strong>llis,</strong></span> <span class='ocrx_word' id='word_1_626' title='bbox 2377 3878 2517 3932; x_wconf 89' lang='lat' dir='ltr'><strong>quas</strong></span> <span class='ocrx_word' id='word_1_627' title='bbox 2559 3861 2834 3925; x_wconf 82' lang='lat' dir='ltr'><strong>dicebam,</strong></span> <span class='ocrx_word' id='word_1_628' title='bbox 2870 3861 3190 3922; x_wconf 79' lang='lat' dir='ltr'><strong>virtutibus,</strong></span> <span class='ocrx_word' id='word_1_629' title='bbox 3226 3871 3404 3913; x_wconf 89' lang='lat' dir='ltr'><strong>cuneo</strong></span> <span class='ocrx_word' id='word_1_630' title='bbox 3446 3853 3620 3908; x_wconf 84' lang='lat' dir='ltr'><strong>valla-</strong></span> 
     </span>
    </p>
   </div>
   <div class='ocr_carea' id='block_1_93' title="bbox 2026 3946 3621 4020">
    <p class='ocr_par' dir='ltr' id='par_1_93' title="bbox 2026 3946 3621 4020">
     <span class='ocr_line' id='line_1_93' title="bbox 2026 3946 3621 4020; baseline -0.008 -9"><span class='ocrx_word' id='word_1_631' title='bbox 2026 3965 2116 4011; x_wconf 85' lang='lat' dir='ltr'><strong>tus</strong></span> <span class='ocrx_word' id='word_1_632' title='bbox 2161 3957 2400 4020; x_wconf 84' lang='lat' dir='ltr'><strong>anitnus,</strong></span> <span class='ocrx_word' id='word_1_633' title='bbox 2432 3956 2676 4010; x_wconf 89' lang='lat' dir='ltr'><strong>immune</strong></span> <span class='ocrx_word' id='word_1_634' title='bbox 2709 3972 2738 4009; x_wconf 90' lang='lat' dir='ltr'><strong>a</strong></span> <span class='ocrx_word' id='word_1_635' title='bbox 2776 3954 3140 4010; x_wconf 88' lang='lat' dir='ltr'><strong>tentationum</strong></span> <span class='ocrx_word' id='word_1_636' title='bbox 3175 3951 3407 4019; x_wconf 87' lang='lat' dir='ltr'><strong>strepitu</strong></span> <span class='ocrx_word' id='word_1_637' title='bbox 3439 3946 3621 4001; x_wconf 86' lang='lat' dir='ltr'><strong>reddit</strong></span> 
     </span>
    </p>
   </div>
   <div class='ocr_carea' id='block_1_94' title="bbox 2024 4041 3620 4116">
    <p class='ocr_par' dir='ltr' id='par_1_94' title="bbox 2024 4041 3620 4116">
     <span class='ocr_line' id='line_1_94' title="bbox 2024 4041 3620 4116; baseline -0.008 -15"><span class='ocrx_word' id='word_1_638' title='bbox 2024 4063 2187 4102; x_wconf 93' lang='lat' dir='ltr'><strong>suum</strong></span> <span class='ocrx_word' id='word_1_639' title='bbox 2227 4045 2573 4116; x_wconf 73' lang='lat' dir='ltr'><strong>praesidium,</strong></span> <span class='ocrx_word' id='word_1_640' title='bbox 2613 4045 2668 4098; x_wconf 93' lang='lat' dir='ltr'><strong>id</strong></span> <span class='ocrx_word' id='word_1_641' title='bbox 2714 4052 2828 4108; x_wconf 91' lang='lat' dir='ltr'><strong>est,</strong></span> <span class='ocrx_word' id='word_1_642' title='bbox 2866 4043 3210 4113; x_wconf 83' lang='lat' dir='ltr'><strong>patientiam.</strong></span> <span class='ocrx_word' id='word_1_643' title='bbox 3249 4041 3338 4095; x_wconf 85' lang='lat' dir='ltr'><strong>Ait</strong></span> <span class='ocrx_word' id='word_1_644' title='bbox 3381 4052 3620 4105; x_wconf 82' lang='lat' dir='ltr'><strong>namque</strong></span> 
     </span>
    </p>
   </div>
   <div class='ocr_carea' id='block_1_95' title="bbox 2027 4131 3618 4208">
    <p class='ocr_par' dir='ltr' id='par_1_95' title="bbox 2027 4131 3618 4208">
     <span class='ocr_line' id='line_1_95' title="bbox 2027 4131 3618 4208; baseline -0.009 -15"><span class='ocrx_word' id='word_1_645' title='bbox 2027 4139 2313 4208; x_wconf 86' lang='lat' dir='ltr'><strong>Scriptura</strong></span> <span class='ocrx_word' id='word_1_646' title='bbox 2371 4157 2384 4192; x_wconf 88' lang='lat'><strong>:</strong></span> <span class='ocrx_word' id='word_1_647' title='bbox 2442 4137 2506 4191; x_wconf 85' lang='lat' dir='ltr'><strong>In</strong></span> <span class='ocrx_word' id='word_1_648' title='bbox 2559 4138 2819 4208; x_wconf 83' lang='lat' dir='ltr'><strong>patientia</strong></span> <span class='ocrx_word' id='word_1_649' title='bbox 2873 4143 3047 4188; x_wconf 82' lang='lat' dir='ltr'><strong>vestra</strong></span> <span class='ocrx_word' id='word_1_650' title='bbox 3103 4132 3356 4204; x_wconf 78' lang='lat' dir='ltr'><strong>possidete</strong></span> <span class='ocrx_word' id='word_1_651' title='bbox 3408 4131 3618 4182; x_wconf 80' lang='lat' dir='ltr'><strong>animas</strong></span> 
     </span>
    </p>
   </div>
   <div class='ocr_carea' id='block_1_96' title="bbox 2025 4219 3617 4286">
    <p class='ocr_par' dir='ltr' id='par_1_96' title="bbox 2025 4219 3617 4286">
     <span class='ocr_line' id='line_1_96' title="bbox 2025 4219 3617 4286; baseline -0.009 0"><span class='ocrx_word' id='word_1_652' title='bbox 2025 4240 2224 4286; x_wconf 80' lang='lat' dir='ltr'><strong>vestras</strong></span> <span class='ocrx_word' id='word_1_653' title='bbox 2253 4232 2294 4284; x_wconf 88' lang='grc'><strong>⁷.</strong></span> <span class='ocrx_word' id='word_1_654' title='bbox 2333 4230 2430 4285; x_wconf 89' lang='lat' dir='ltr'><strong>Sin</strong></span> <span class='ocrx_word' id='word_1_655' title='bbox 2477 4238 2662 4284; x_wconf 89' lang='lat' dir='ltr'><strong>autem</strong></span> <span class='ocrx_word' id='word_1_656' title='bbox 2709 4245 2769 4284; x_wconf 90' lang='lat' dir='ltr'><strong>se</strong></span> <span class='ocrx_word' id='word_1_657' title='bbox 2818 4228 2980 4282; x_wconf 88' lang='lat' dir='ltr'><strong>aliter</strong></span> <span class='ocrx_word' id='word_1_658' title='bbox 3021 4242 3109 4280; x_wconf 86' lang='lat' dir='ltr'><strong>res</strong></span> <span class='ocrx_word' id='word_1_659' title='bbox 3156 4223 3433 4284; x_wconf 86' lang='lat' dir='ltr'><strong>habuerit,</strong></span> <span class='ocrx_word' id='word_1_660' title='bbox 3470 4219 3617 4273; x_wconf 83' lang='lat' dir='ltr'><strong>hau-.l</strong></span> 
     </span>
    </p>
   </div>
   <div class='ocr_carea' id='block_1_97' title="bbox 2025 4313 3618 4386">
    <p class='ocr_par' dir='ltr' id='par_1_97' title="bbox 2025 4313 3618 4386">
     <span class='ocr_line' id='line_1_97' title="bbox 2025 4313 3618 4386; baseline -0.009 -6"><span class='ocrx_word' id='word_1_661' title='bbox 2025 4341 2186 4380; x_wconf 91' lang='lat' dir='ltr'><strong>secus</strong></span> <span class='ocrx_word' id='word_1_662' title='bbox 2221 4339 2285 4378; x_wconf 92' lang='lat' dir='ltr'><strong>ac</strong></span> <span class='ocrx_word' id='word_1_663' title='bbox 2315 4322 2510 4378; x_wconf 84' lang='lat' dir='ltr'><strong>civitas</strong></span> <span class='ocrx_word' id='word_1_664' title='bbox 2545 4323 2869 4386; x_wconf 85' lang='lat' dir='ltr'><strong>immurata,</strong></span> <span class='ocrx_word' id='word_1_665' title='bbox 2900 4321 3069 4375; x_wconf 87' lang='lat' dir='ltr'><strong>etiam</strong></span> <span class='ocrx_word' id='word_1_666' title='bbox 3103 4316 3416 4386; x_wconf 78' lang='lat' dir='ltr'><strong>fragoribus</strong></span> <span class='ocrx_word' id='word_1_667' title='bbox 3455 4313 3618 4382; x_wconf 83' lang='lat' dir='ltr'><strong>longe</strong></span> 
     </span>
    </p>
   </div>
   <div class='ocr_carea' id='block_1_98' title="bbox 2027 4407 3622 4489">
    <p class='ocr_par' dir='ltr' id='par_1_98' title="bbox 2027 4407 3622 4489">
     <span class='ocr_line' id='line_1_98' title="bbox 2027 4407 3622 4489; baseline -0.009 -17"><span class='ocrx_word' id='word_1_668' title='bbox 2027 4419 2250 4489; x_wconf 84' lang='lat' dir='ltr'><strong>positis,</strong></span> <span class='ocrx_word' id='word_1_669' title='bbox 2275 4416 2496 4487; x_wconf 87' lang='lat' dir='ltr'><strong>pavoris</strong></span> <span class='ocrx_word' id='word_1_670' title='bbox 2527 4416 2785 4471; x_wconf 89' lang='lat' dir='ltr'><strong>vectibus</strong></span> <span class='ocrx_word' id='word_1_671' title='bbox 2817 4412 3205 4470; x_wconf 83' lang='lat' dir='ltr'><strong>vehementius</strong></span> <span class='ocrx_word' id='word_1_672' title='bbox 3237 4407 3455 4464; x_wconf 86' lang='lat' dir='ltr'><strong>concuti</strong></span> <span class='ocrx_word' id='word_1_673' title='bbox 3492 4421 3622 4460; x_wconf 89' lang='lat' dir='ltr'><strong>con—</strong></span> 
     </span>
    </p>
   </div>
   <div class='ocr_carea' id='block_1_99' title="bbox 2027 4511 2228 4565">
    <p class='ocr_par' dir='ltr' id='par_1_99' title="bbox 2027 4511 2228 4565">
     <span class='ocr_line' id='line_1_99' title="bbox 2027 4511 2228 4565; baseline 0.005 -3"><span class='ocrx_word' id='word_1_674' title='bbox 2027 4511 2228 4565; x_wconf 89' lang='lat' dir='ltr'><strong>suevit.</strong></span> 
     </span>
    </p>
   </div>
   <div class='ocr_carea' id='block_1_100' title="bbox 2089 4609 3618 4692">
    <p class='ocr_par' dir='ltr' id='par_1_100' title="bbox 2089 4609 3618 4692">
     <span class='ocr_line' id='line_1_100' title="bbox 2089 4609 3618 4692; baseline -0.012 -13"><span class='ocrx_word' id='word_1_675' title='bbox 2089 4625 2177 4680; x_wconf 70' lang='lat'><strong>‘22.</strong></span> <span class='ocrx_word' id='word_1_676' title='bbox 2211 4625 2328 4679; x_wconf 89' lang='lat' dir='ltr'><strong>Non</strong></span> <span class='ocrx_word' id='word_1_677' title='bbox 2371 4638 2566 4679; x_wconf 89' lang='lat' dir='ltr'><strong>omnes</strong></span> <span class='ocrx_word' id='word_1_678' title='bbox 2604 4622 2704 4692; x_wconf 90' lang='lat' dir='ltr'><strong>qui</strong></span> <span class='ocrx_word' id='word_1_679' title='bbox 2743 4635 2997 4678; x_wconf 90' lang='lat' dir='ltr'><strong>sermone</strong></span> <span class='ocrx_word' id='word_1_680' title='bbox 3035 4617 3342 4689; x_wconf 84' lang='lat' dir='ltr'><strong>prudentes</strong></span> <span class='ocrx_word' id='word_1_681' title='bbox 3382 4617 3531 4674; x_wconf 91' lang='lat' dir='ltr'><strong>sunt,</strong></span> <span class='ocrx_word' id='word_1_682' title='bbox 3560 4609 3618 4662; x_wconf 88' lang='lat' dir='ltr'><strong>hi</strong></span> 
     </span>
    </p>
   </div>
   <div class='ocr_carea' id='block_1_101' title="bbox 2019 4710 3620 4788">
    <p class='ocr_par' dir='ltr' id='par_1_101' title="bbox 2019 4710 3620 4788">
     <span class='ocr_line' id='line_1_101' title="bbox 2019 4710 3620 4788; baseline -0.012 -15"><span class='ocrx_word' id='word_1_683' title='bbox 2019 4734 2240 4788; x_wconf 87' lang='lat' dir='ltr'><strong>quoque</strong></span> <span class='ocrx_word' id='word_1_684' title='bbox 2282 4717 2484 4772; x_wconf 88' lang='lat' dir='ltr'><strong>mentis</strong></span> <span class='ocrx_word' id='word_1_685' title='bbox 2519 4731 2686 4770; x_wconf 92' lang='lat' dir='ltr'><strong>sensu</strong></span> <span class='ocrx_word' id='word_1_686' title='bbox 2729 4714 3033 4785; x_wconf 85' lang='lat' dir='ltr'><strong>prudentes</strong></span> <span class='ocrx_word' id='word_1_687' title='bbox 3067 4710 3334 4764; x_wconf 81' lang='lat' dir='ltr'><strong>exsistunt</strong></span> <span class='ocrx_word' id='word_1_688' title='bbox 3377 4724 3390 4758; x_wconf 90' lang='lat'>:</span> <span class='ocrx_word' id='word_1_689' title='bbox 3428 4718 3620 4758; x_wconf 87' lang='lat' dir='ltr'><strong>onmes</strong></span> 
     </span>
    </p>
   </div>
   <div class='ocr_carea' id='block_1_102' title="bbox 2020 4795 3620 4878">
    <p class='ocr_par' dir='ltr' id='par_1_102' title="bbox 2020 4795 3620 4878">
     <span class='ocr_line' id='line_1_102' title="bbox 2020 4795 3620 4878; baseline -0.011 -13"><span class='ocrx_word' id='word_1_690' title='bbox 2020 4825 2155 4865; x_wconf 90' lang='lat' dir='ltr'><strong>vero</strong></span> <span class='ocrx_word' id='word_1_691' title='bbox 2180 4810 2276 4878; x_wconf 90' lang='lat' dir='ltr'><strong>qui</strong></span> <span class='ocrx_word' id='word_1_692' title='bbox 2303 4809 2508 4864; x_wconf 89' lang='lat' dir='ltr'><strong>mentis</strong></span> <span class='ocrx_word' id='word_1_693' title='bbox 2532 4817 2722 4872; x_wconf 90' lang='lat' dir='ltr'><strong>sensu,</strong></span> <span class='ocrx_word' id='word_1_694' title='bbox 2750 4807 2804 4860; x_wconf 87' lang='lat' dir='ltr'><strong>hi</strong></span> <span class='ocrx_word' id='word_1_695' title='bbox 2840 4804 3006 4859; x_wconf 86' lang='lat' dir='ltr'><strong>etiam</strong></span> <span class='ocrx_word' id='word_1_696' title='bbox 3041 4817 3204 4858; x_wconf 88' lang='lat' dir='ltr'><strong>sensu</strong></span> <span class='ocrx_word' id='word_1_697' title='bbox 3238 4797 3482 4852; x_wconf 77' lang='lat' dir='ltr'><strong>exterius</strong></span> <span class='ocrx_word' id='word_1_698' title='bbox 3514 4795 3620 4848; x_wconf 90' lang='lat' dir='ltr'><strong>hoc</strong></span> 
     </span>
    </p>
   </div>
   <div class='ocr_carea' id='block_1_103' title="bbox 2021 4896 3621 4968">
    <p class='ocr_par' dir='ltr' id='par_1_103' title="bbox 2021 4896 3621 4968">
     <span class='ocr_line' id='line_1_103' title="bbox 2021 4896 3621 4968; baseline -0.01 -11"><span class='ocrx_word' id='word_1_699' title='bbox 2021 4917 2145 4957; x_wconf 91' lang='lat' dir='ltr'><strong>esse</strong></span> <span class='ocrx_word' id='word_1_700' title='bbox 2196 4901 2570 4955; x_wconf 87' lang='lat' dir='ltr'><strong>invenientur.</strong></span> <span class='ocrx_word' id='word_1_701' title='bbox 2618 4900 2939 4968; x_wconf 73' lang='lat' dir='ltr'><strong>Quanquam</strong></span> <span class='ocrx_word' id='word_1_702' title='bbox 2983 4896 3132 4951; x_wconf 90' lang='lat' dir='ltr'><strong>enim</strong></span> <span class='ocrx_word' id='word_1_703' title='bbox 3186 4908 3381 4948; x_wconf 88' lang='lat' dir='ltr'><strong>sensus</strong></span> <span class='ocrx_word' id='word_1_704' title='bbox 3427 4903 3621 4942; x_wconf 85' lang='lat' dir='ltr'><strong>omnes</strong></span> 
     </span>
    </p>
   </div>
   <div class='ocr_carea' id='block_1_104' title="bbox 2015 4981 3622 5062">
    <p class='ocr_par' dir='ltr' id='par_1_104' title="bbox 2015 4981 3622 5062">
     <span class='ocr_line' id='line_1_104' title="bbox 2015 4981 3622 5062; baseline -0.008 -15"><span class='ocrx_word' id='word_1_705' title='bbox 2015 4993 2314 5062; x_wconf 84' lang='lat' dir='ltr'><strong>vectigales</strong></span> <span class='ocrx_word' id='word_1_706' title='bbox 2345 4992 2530 5054; x_wconf 83' lang='lat' dir='ltr'><strong>habet,</strong></span> <span class='ocrx_word' id='word_1_707' title='bbox 2556 5007 2666 5044; x_wconf 90' lang='lat' dir='ltr'><strong>non</strong></span> <span class='ocrx_word' id='word_1_708' title='bbox 2701 5001 2880 5045; x_wconf 84' lang='lat' dir='ltr'><strong>tamen</strong></span> <span class='ocrx_word' id='word_1_709' title='bbox 2913 4989 3104 5042; x_wconf 80' lang='lat' dir='ltr'><strong>eadem</strong></span> <span class='ocrx_word' id='word_1_710' title='bbox 3142 4987 3218 5040; x_wconf 90' lang='lat' dir='ltr'><strong>illi</strong></span> <span class='ocrx_word' id='word_1_711' title='bbox 3252 4985 3457 5038; x_wconf 87' lang='lat' dir='ltr'><strong>tributa</strong></span> <span class='ocrx_word' id='word_1_712' title='bbox 3491 4981 3622 5035; x_wconf 81' lang='lat' dir='ltr'><strong>red-</strong></span> 
     </span>
    </p>
   </div>
   <div class='ocr_carea' id='block_1_105' title="bbox 2017 5073 3617 5152">
    <p class='ocr_par' dir='ltr' id='par_1_105' title="bbox 2017 5073 3617 5152">
     <span class='ocr_line' id='line_1_105' title="bbox 2017 5073 3617 5152; baseline -0.006 -13"><span class='ocrx_word' id='word_1_713' title='bbox 2017 5085 2177 5139; x_wconf 92' lang='lat' dir='ltr'><strong>dunt.</strong></span> <span class='ocrx_word' id='word_1_714' title='bbox 2202 5082 2460 5152; x_wconf 89' lang='lat' dir='ltr'><strong>Plerique</strong></span> <span class='ocrx_word' id='word_1_715' title='bbox 2486 5083 2634 5137; x_wconf 90' lang='lat' dir='ltr'><strong>enim</strong></span> <span class='ocrx_word' id='word_1_716' title='bbox 2660 5097 2725 5136; x_wconf 77' lang='lat' dir='ltr'><strong>ex</strong></span> <span class='ocrx_word' id='word_1_717' title='bbox 2753 5081 3126 5150; x_wconf 62' lang='lat' dir='ltr'><strong>sinqilicitate,</strong></span> <span class='ocrx_word' id='word_1_718' title='bbox 3160 5095 3237 5134; x_wconf 70' lang='lat' dir='ltr'><strong>suc</strong></span> <span class='ocrx_word' id='word_1_719' title='bbox 3257 5092 3385 5132; x_wconf 80' lang='lat' dir='ltr'><strong>eum</strong></span> <span class='ocrx_word' id='word_1_720' title='bbox 3410 5073 3617 5142; x_wconf 90' lang='lat' dir='ltr'><strong>colere,</strong></span> 
     </span>
    </p>
   </div>
   <div class='ocr_carea' id='block_1_106' title="bbox 2018 5175 2929 5245">
    <p class='ocr_par' dir='ltr' id='par_1_106' title="bbox 2018 5175 2929 5245">
     <span class='ocr_line' id='line_1_106' title="bbox 2018 5175 2929 5245; baseline -0.004 -15"><span class='ocrx_word' id='word_1_721' title='bbox 2018 5185 2079 5230; x_wconf 93' lang='lat' dir='ltr'><strong>ut</strong></span> <span class='ocrx_word' id='word_1_722' title='bbox 2107 5175 2224 5245; x_wconf 90' lang='lat' dir='ltr'><strong>ipse</strong></span> <span class='ocrx_word' id='word_1_723' title='bbox 2247 5175 2475 5244; x_wconf 74' lang='lat' dir='ltr'><strong>expetit,</strong></span> <span class='ocrx_word' id='word_1_724' title='bbox 2499 5189 2609 5228; x_wconf 92' lang='lat' dir='ltr'><strong>non</strong></span> <span class='ocrx_word' id='word_1_725' title='bbox 2635 5179 2929 5228; x_wconf 71' lang='lat' dir='ltr'><strong>noverunt.</strong></span> 
     </span>
    </p>
   </div>
   <div class='ocr_carea' id='block_1_107' title="bbox 2087 5283 3620 5353">
    <p class='ocr_par' dir='ltr' id='par_1_107' title="bbox 2087 5283 3620 5353">
     <span class='ocr_line' id='line_1_107' title="bbox 2087 5283 3620 5353; baseline -0.004 -12"><span class='ocrx_word' id='word_1_726' title='bbox 2087 5287 2177 5342; x_wconf 75' lang='lat'><strong>25.</strong></span> <span class='ocrx_word' id='word_1_727' title='bbox 2204 5287 2527 5353; x_wconf 87' lang='lat' dir='ltr'><strong>Prudentia,</strong></span> <span class='ocrx_word' id='word_1_728' title='bbox 2557 5303 2684 5342; x_wconf 91' lang='lat' dir='ltr'><strong>cum</strong></span> <span class='ocrx_word' id='word_1_729' title='bbox 2713 5297 2908 5342; x_wconf 87' lang='lat' dir='ltr'><strong>natura</strong></span> <span class='ocrx_word' id='word_1_730' title='bbox 2940 5286 3290 5341; x_wconf 85' lang='lat' dir='ltr'><strong>indivisihilis</strong></span> <span class='ocrx_word' id='word_1_731' title='bbox 3317 5285 3410 5347; x_wconf 88' lang='lat' dir='ltr'><strong>sit,</strong></span> <span class='ocrx_word' id='word_1_732' title='bbox 3435 5283 3620 5337; x_wconf 82' lang='lat' dir='ltr'><strong>diver-</strong></span> 
     </span>
    </p>
   </div>
   <div class='ocr_carea' id='block_1_108' title="bbox 2017 5374 3619 5451">
    <p class='ocr_par' dir='ltr' id='par_1_108' title="bbox 2017 5374 3619 5451">
     <span class='ocr_line' id='line_1_108' title="bbox 2017 5374 3619 5451; baseline -0.006 -15"><span class='ocrx_word' id='word_1_733' title='bbox 2017 5381 2092 5436; x_wconf 89' lang='lat' dir='ltr'><strong>sis</strong></span> <span class='ocrx_word' id='word_1_734' title='bbox 2132 5380 2385 5451; x_wconf 89' lang='lat' dir='ltr'><strong>partihus</strong></span> <span class='ocrx_word' id='word_1_735' title='bbox 2423 5379 2720 5435; x_wconf 88' lang='lat' dir='ltr'><strong>scinditur.</strong></span> <span class='ocrx_word' id='word_1_736' title='bbox 2754 5379 2858 5434; x_wconf 88' lang='lat' dir='ltr'><strong>Alii</strong></span> <span class='ocrx_word' id='word_1_737' title='bbox 2893 5379 3042 5433; x_wconf 89' lang='lat' dir='ltr'><strong>enim</strong></span> <span class='ocrx_word' id='word_1_738' title='bbox 3079 5379 3273 5448; x_wconf 88' lang='lat' dir='ltr'><strong>major,</strong></span> <span class='ocrx_word' id='word_1_739' title='bbox 3307 5376 3399 5430; x_wconf 87' lang='lat' dir='ltr'><strong>alii</strong></span> <span class='ocrx_word' id='word_1_740' title='bbox 3434 5374 3619 5428; x_wconf 87' lang='lat' dir='ltr'><strong>minor</strong></span> 
     </span>
    </p>
   </div>
   <div class='ocr_carea' id='block_1_109' title="bbox 2019 5467 3612 5543">
    <p class='ocr_par' dir='ltr' id='par_1_109' title="bbox 2019 5467 3612 5543">
     <span class='ocr_line' id='line_1_109' title="bbox 2019 5467 3612 5543; baseline -0.003 -17"><span class='ocrx_word' id='word_1_741' title='bbox 2019 5472 2170 5528; x_wconf 91' lang='lat' dir='ltr'><strong>illius</strong></span> <span class='ocrx_word' id='word_1_742' title='bbox 2211 5473 2392 5543; x_wconf 87' lang='lat' dir='ltr'><strong>portio</strong></span> <span class='ocrx_word' id='word_1_743' title='bbox 2433 5471 2729 5539; x_wconf 91' lang='lat' dir='ltr'><strong>tribuitur;</strong></span> <span class='ocrx_word' id='word_1_744' title='bbox 2771 5471 2949 5527; x_wconf 89' lang='lat' dir='ltr'><strong>donec</strong></span> <span class='ocrx_word' id='word_1_745' title='bbox 2993 5480 3154 5526; x_wconf 88' lang='lat' dir='ltr'><strong>aucta</strong></span> <span class='ocrx_word' id='word_1_746' title='bbox 3195 5472 3370 5524; x_wconf 87' lang='lat' dir='ltr'><strong>virtus</strong></span> <span class='ocrx_word' id='word_1_747' title='bbox 3409 5467 3612 5522; x_wconf 89' lang='lat' dir='ltr'><strong>actioni</strong></span> 
     </span>
    </p>
   </div>
   <div class='ocr_carea' id='block_1_110' title="bbox 2019 5559 3614 5632">
    <p class='ocr_par' dir='ltr' id='par_1_110' title="bbox 2019 5559 3614 5632">
     <span class='ocr_line' id='line_1_110' title="bbox 2019 5559 3614 5632; baseline -0.004 -14"><span class='ocrx_word' id='word_1_748' title='bbox 2019 5564 2270 5628; x_wconf 87' lang='lat' dir='ltr'><strong>studens,</strong></span> <span class='ocrx_word' id='word_1_749' title='bbox 2306 5580 2414 5619; x_wconf 87' lang='lat' dir='ltr'><strong>una</strong></span> <span class='ocrx_word' id='word_1_750' title='bbox 2454 5580 2641 5618; x_wconf 90' lang='lat' dir='ltr'><strong>secum</strong></span> <span class='ocrx_word' id='word_1_751' title='bbox 2688 5574 3090 5619; x_wconf 86' lang='lat' dir='ltr'><strong>concurrentes</strong></span> <span class='ocrx_word' id='word_1_752' title='bbox 3132 5571 3289 5617; x_wconf 89' lang='lat' dir='ltr'><strong>nacta</strong></span> <span class='ocrx_word' id='word_1_753' title='bbox 3329 5559 3614 5632; x_wconf 78' lang='lat' dir='ltr'><strong>generales</strong></span> 
     </span>
    </p>
   </div>
   <div class='ocr_carea' id='block_1_111' title="bbox 2019 5640 3623 5728">
    <p class='ocr_par' dir='ltr' id='par_1_111' title="bbox 2019 5640 3623 5728">
     <span class='ocr_line' id='line_1_111' title="bbox 2019 5640 3623 5728; baseline -0.002 -18"><span class='ocrx_word' id='word_1_754' title='bbox 2019 5655 2282 5724; x_wconf 83' lang='lat' dir='ltr'><strong>virtutes,</strong></span> <span class='ocrx_word' id='word_1_755' title='bbox 2320 5666 2588 5728; x_wconf 86' lang='lat' dir='ltr'><strong>quantum</strong></span> <span class='ocrx_word' id='word_1_756' title='bbox 2627 5657 2832 5728; x_wconf 80' lang='lat' dir='ltr'><strong>cuique</strong></span> <span class='ocrx_word' id='word_1_757' title='bbox 2878 5655 3084 5712; x_wconf 90' lang='lat' dir='ltr'><strong>bonum</strong></span> <span class='ocrx_word' id='word_1_758' title='bbox 3125 5668 3450 5711; x_wconf 84' lang='lat' dir='ltr'><strong>concessum</strong></span> <span class='ocrx_word' id='word_1_759' title='bbox 3493 5640 3623 5718; x_wconf 43' lang='lat' dir='ltr'><strong>est,-</strong></span> 
     </span>
    </p>
   </div>
  </div>
