  <div class='ocr_page' id='page_1' title='image "/cluster/home/n/w/nwhite01/storage/ocr_20150623/90:no.1/coo.31924054869940/720.png"; bbox 0 0 4060 6440; ppageno 0'>
   <div class='ocr_carea' id='block_1_1' title="bbox 252 403 382 472">
    <p class='ocr_par' dir='ltr' id='par_1_1' title="bbox 252 403 382 472">
     <span class='ocr_line' id='line_1_1' title="bbox 252 403 382 472; baseline -0.015 0"><span class='ocrx_word' id='word_1_1' title='bbox 252 403 382 472; x_wconf 64' lang='grc'><strong>1469</strong></span> 
     </span>
    </p>
   </div>
   <div class='ocr_carea' id='block_1_2' title="bbox 1411 386 2349 455">
    <p class='ocr_par' dir='ltr' id='par_1_2' title="bbox 1411 386 2349 455">
     <span class='ocr_line' id='line_1_2' title="bbox 1411 386 2349 455; baseline -0.009 0"><span class='ocrx_word' id='word_1_2' title='bbox 1411 393 1587 455; x_wconf 79' lang='lat' dir='ltr'><strong>ALIA</strong></span> <span class='ocrx_word' id='word_1_3' title='bbox 1627 391 1732 451; x_wconf 77' lang='lat' dir='ltr'><strong>EX</strong></span> <span class='ocrx_word' id='word_1_4' title='bbox 1768 388 2015 452; x_wconf 78' lang='lat' dir='ltr'><strong>VATIC.</strong></span> <span class='ocrx_word' id='word_1_5' title='bbox 2057 386 2349 449; x_wconf 75' lang='lat' dir='ltr'><strong>CAPITA.</strong></span> 
     </span>
    </p>
   </div>
   <div class='ocr_carea' id='block_1_3' title="bbox 3384 382 3526 451">
    <p class='ocr_par' dir='ltr' id='par_1_3' title="bbox 3384 382 3526 451">
     <span class='ocr_line' id='line_1_3' title="bbox 3384 382 3526 451; baseline 0.021 -3"><span class='ocrx_word' id='word_1_6' title='bbox 3384 382 3526 451; x_wconf 72' lang='grc'><strong>1416</strong></span> 
     </span>
    </p>
   </div>
   <div class='ocr_carea' id='block_1_4' title="bbox 248 493 1822 580">
    <p class='ocr_par' dir='ltr' id='par_1_4' title="bbox 248 504 1822 580">
     <span class='ocr_line' id='line_1_4' title="bbox 248 504 1822 580; baseline -0.008 -11"><span class='ocrx_word' id='word_1_7' title='bbox 248 515 391 580; x_wconf 65' lang='lat' dir='ltr'><strong>heu,</strong></span> <span class='ocrx_word' id='word_1_8' title='bbox 413 513 471 565; x_wconf 81' lang='grc' dir='ltr'><strong>ἐν</strong></span> <span class='ocrx_word' id='word_1_9' title='bbox 515 506 747 580; x_wconf 80' lang='grc' dir='ltr'>καθαρῷ</span> <span class='ocrx_word' id='word_1_10' title='bbox 780 508 967 580; x_wconf 82' lang='grc' dir='ltr'>χωρίῳ</span> <span class='ocrx_word' id='word_1_11' title='bbox 995 509 1095 579; x_wconf 83' lang='grc' dir='ltr'>τῆς</span> <span class='ocrx_word' id='word_1_12' title='bbox 1128 507 1297 579; x_wconf 81' lang='grc' dir='ltr'><strong>εὐχῆς</strong></span> <span class='ocrx_word' id='word_1_13' title='bbox 1326 507 1386 561; x_wconf 83' lang='grc' dir='ltr'><strong>οὐ</strong></span> <span class='ocrx_word' id='word_1_14' title='bbox 1417 507 1642 559; x_wconf 72' lang='grc' dir='ltr'>δύναται</span> <span class='ocrx_word' id='word_1_15' title='bbox 1673 504 1822 574; x_wconf 78' lang='grc' dir='ltr'>γενέ-</span> 
     </span>
    </p>
   </div>
   <div class='ocr_carea' id='block_1_5' title="bbox 1941 493 3526 580">
    <p class='ocr_par' dir='ltr' id='par_1_5' title="bbox 1941 493 3526 570">
     <span class='ocr_line' id='line_1_5' title="bbox 1941 493 3526 570; baseline 0.002 -16"><span class='ocrx_word' id='word_1_16' title='bbox 1941 501 2056 555; x_wconf 83' lang='lat' dir='ltr'><strong>sine</strong></span> <span class='ocrx_word' id='word_1_17' title='bbox 2079 516 2188 570; x_wconf 91' lang='lat' dir='ltr'><strong>qua</strong></span> <span class='ocrx_word' id='word_1_18' title='bbox 2216 513 2396 564; x_wconf 87' lang='lat' dir='ltr'><strong>mens,</strong></span> <span class='ocrx_word' id='word_1_19' title='bbox 2429 497 2484 550; x_wconf 91' lang='lat' dir='ltr'><strong>in</strong></span> <span class='ocrx_word' id='word_1_20' title='bbox 2512 493 2719 550; x_wconf 84' lang='lat' dir='ltr'><strong>mundo</strong></span> <span class='ocrx_word' id='word_1_21' title='bbox 2747 495 3014 550; x_wconf 84' lang='lat' dir='ltr'><strong>orationis</strong></span> <span class='ocrx_word' id='word_1_22' title='bbox 3046 496 3166 552; x_wconf 91' lang='lat' dir='ltr'><strong>loco</strong></span> <span class='ocrx_word' id='word_1_23' title='bbox 3197 513 3310 553; x_wconf 88' lang='lat' dir='ltr'><strong>non</strong></span> <span class='ocrx_word' id='word_1_24' title='bbox 3344 509 3526 570; x_wconf 86' lang='lat' dir='ltr'><strong>potest</strong></span> 
     </span>
    </p>
   </div>
   <div class='ocr_carea' id='block_1_6' title="bbox 249 600 592 664">
    <p class='ocr_par' dir='ltr' id='par_1_6' title="bbox 249 600 592 664">
     <span class='ocr_line' id='line_1_6' title="bbox 249 600 592 664; baseline -0.023 -4"><span class='ocrx_word' id='word_1_25' title='bbox 249 605 366 660; x_wconf 86' lang='grc' dir='ltr'>σθαι</span> <span class='ocrx_word' id='word_1_26' title='bbox 391 604 419 655; x_wconf 90' lang='lat'><strong>6</strong></span> <span class='ocrx_word' id='word_1_27' title='bbox 446 600 592 664; x_wconf 80' lang='grc' dir='ltr'><strong>νοῦς.</strong></span> 
     </span>
    </p>
   </div>
   <div class='ocr_carea' id='block_1_7' title="bbox 309 689 1814 762">
    <p class='ocr_par' dir='ltr' id='par_1_7' title="bbox 309 689 1814 762">
     <span class='ocr_line' id='line_1_7' title="bbox 309 689 1814 762; baseline -0.002 -17"><span class='ocrx_word' id='word_1_28' title='bbox 309 693 405 747; x_wconf 71' lang='grc' dir='ltr'><strong>λ⁴ὁ’.</strong></span> <span class='ocrx_word' id='word_1_29' title='bbox 458 692 546 744; x_wconf 86' lang='grc' dir='ltr'>Ἐν</span> <span class='ocrx_word' id='word_1_30' title='bbox 601 690 678 761; x_wconf 84' lang='grc' dir='ltr'>τῷ</span> <span class='ocrx_word' id='word_1_31' title='bbox 731 690 1077 761; x_wconf 71' lang='grc' dir='ltr'><strong>ἐλέγχεσθαι,</strong></span> <span class='ocrx_word' id='word_1_32' title='bbox 1110 690 1144 761; x_wconf 84' lang='grc' dir='ltr'>ἢ</span> <span class='ocrx_word' id='word_1_33' title='bbox 1179 692 1393 762; x_wconf 79' lang='grc' dir='ltr'>σιωπᾷν</span> <span class='ocrx_word' id='word_1_34' title='bbox 1429 690 1529 744; x_wconf 89' lang='grc' dir='ltr'>δεῖ.</span> <span class='ocrx_word' id='word_1_35' title='bbox 1561 689 1594 760; x_wconf 85' lang='grc' dir='ltr'>ἢ</span> <span class='ocrx_word' id='word_1_36' title='bbox 1629 691 1814 760; x_wconf 78' lang='grc' dir='ltr'>ἠπίως</span> 
     </span>
    </p>
   </div>
   <div class='ocr_carea' id='block_1_8' title="bbox 241 781 1826 852">
    <p class='ocr_par' dir='ltr' id='par_1_8' title="bbox 241 781 1826 852">
     <span class='ocr_line' id='line_1_8' title="bbox 241 781 1826 852; baseline -0.005 -11"><span class='ocrx_word' id='word_1_37' title='bbox 241 782 626 852; x_wconf 81' lang='grc' dir='ltr'>ἀπολογεῖσθαι</span> <span class='ocrx_word' id='word_1_38' title='bbox 660 781 740 850; x_wconf 84' lang='grc' dir='ltr'>τῷ</span> <span class='ocrx_word' id='word_1_39' title='bbox 779 783 1178 851; x_wconf 78' lang='grc' dir='ltr'>καταλέγοντι·</span> <span class='ocrx_word' id='word_1_40' title='bbox 1213 783 1274 836; x_wconf 78' lang='grc' dir='ltr'>οὐ</span> <span class='ocrx_word' id='word_1_41' title='bbox 1316 783 1405 837; x_wconf 76' lang='grc' dir='ltr'><strong>διὰ</strong></span> <span class='ocrx_word' id='word_1_42' title='bbox 1456 782 1518 835; x_wconf 77' lang='grc' dir='ltr'><strong>τὸ</strong></span> <span class='ocrx_word' id='word_1_43' title='bbox 1559 781 1826 852; x_wconf 82' lang='grc' dir='ltr'><strong>συστῆσαι</strong></span> 
     </span>
    </p>
   </div>
   <div class='ocr_carea' id='block_1_9' title="bbox 243 872 1826 943">
    <p class='ocr_par' dir='ltr' id='par_1_9' title="bbox 243 872 1826 943">
     <span class='ocr_line' id='line_1_9' title="bbox 243 872 1826 943; baseline -0.004 -15"><span class='ocrx_word' id='word_1_44' title='bbox 243 875 310 931; x_wconf 77' lang='grc' dir='ltr'>τὰ</span> <span class='ocrx_word' id='word_1_45' title='bbox 354 875 533 933; x_wconf 78' lang='grc' dir='ltr'>οἰκεῖα</span> <span class='ocrx_word' id='word_1_46' title='bbox 586 872 678 930; x_wconf 76' lang='grc' dir='ltr'><strong>τὸν</strong></span> <span class='ocrx_word' id='word_1_47' title='bbox 705 872 1130 943; x_wconf 57' lang='grc' dir='ltr'>,ἐλεγχόμενον</span> <span class='ocrx_word' id='word_1_48' title='bbox 1165 873 1254 926; x_wconf 85' lang='grc' dir='ltr'><strong>διὰ</strong></span> <span class='ocrx_word' id='word_1_49' title='bbox 1306 873 1364 926; x_wconf 81' lang='grc' dir='ltr'><strong>δὲ</strong></span> <span class='ocrx_word' id='word_1_50' title='bbox 1411 872 1470 924; x_wconf 76' lang='grc' dir='ltr'>τὸ</span> <span class='ocrx_word' id='word_1_51' title='bbox 1523 873 1826 942; x_wconf 83' lang='grc' dir='ltr'>ἀναστῆσαι</span> 
     </span>
    </p>
   </div>
   <div class='ocr_carea' id='block_1_10' title="bbox 241 965 1573 1039">
    <p class='ocr_par' dir='ltr' id='par_1_10' title="bbox 241 965 1573 1039">
     <span class='ocr_line' id='line_1_10' title="bbox 241 965 1573 1039; baseline -0.002 -19"><span class='ocrx_word' id='word_1_52' title='bbox 241 965 626 1038; x_wconf 62' lang='grc' dir='ltr'>προσκόψαντα</span> <span class='ocrx_word' id='word_1_53' title='bbox 653 967 804 1039; x_wconf 60' lang='grc' dir='ltr'>ἴσως,</span> <span class='ocrx_word' id='word_1_54' title='bbox 833 967 925 1020; x_wconf 68' lang='grc' dir='ltr'><strong>τὸν</strong></span> <span class='ocrx_word' id='word_1_55' title='bbox 947 967 1004 1017; x_wconf 80' lang='grc' dir='ltr'><strong>ἐν</strong></span> <span class='ocrx_word' id='word_1_56' title='bbox 1027 965 1223 1037; x_wconf 66' lang='grc' dir='ltr'>ἁγνοίᾳ</span> <span class='ocrx_word' id='word_1_57' title='bbox 1263 965 1573 1036; x_wconf 72' lang='grc' dir='ltr'><strong>ἐλέγχοντα.</strong></span> 
     </span>
    </p>
   </div>
   <div class='ocr_carea' id='block_1_11' title="bbox 303 1143 1825 1219">
    <p class='ocr_par' dir='ltr' id='par_1_11' title="bbox 303 1143 1825 1219">
     <span class='ocr_line' id='line_1_11' title="bbox 303 1143 1825 1219; baseline -0.004 -16"><span class='ocrx_word' id='word_1_58' title='bbox 303 1147 398 1203; x_wconf 84' lang='grc' dir='ltr'>λε’.</span> <span class='ocrx_word' id='word_1_59' title='bbox 453 1147 512 1201; x_wconf 88' lang='grc' dir='ltr'>Ὀ</span> <span class='ocrx_word' id='word_1_60' title='bbox 548 1143 626 1214; x_wconf 81' lang='grc' dir='ltr'>τῷ</span> <span class='ocrx_word' id='word_1_61' title='bbox 678 1144 983 1219; x_wconf 78' lang='grc' dir='ltr'>λυπήσαντι</span> <span class='ocrx_word' id='word_1_62' title='bbox 1035 1148 1240 1210; x_wconf 80' lang='grc' dir='ltr'>ἀδίκως</span> <span class='ocrx_word' id='word_1_63' title='bbox 1268 1148 1334 1218; x_wconf 68' lang='grc' dir='ltr'><strong>(Γ)</strong></span> <span class='ocrx_word' id='word_1_64' title='bbox 1367 1147 1472 1218; x_wconf 75' lang='grc' dir='ltr'>πρὸ</span> <span class='ocrx_word' id='word_1_65' title='bbox 1521 1146 1614 1200; x_wconf 79' lang='grc' dir='ltr'>τοῦ</span> <span class='ocrx_word' id='word_1_66' title='bbox 1657 1163 1825 1217; x_wconf 80' lang='grc' dir='ltr'>προσ-</span> 
     </span>
    </p>
   </div>
   <div class='ocr_carea' id='block_1_12' title="bbox 234 1239 1820 1312">
    <p class='ocr_par' dir='ltr' id='par_1_12' title="bbox 234 1239 1820 1312">
     <span class='ocr_line' id='line_1_12' title="bbox 234 1239 1820 1312; baseline -0.003 -17"><span class='ocrx_word' id='word_1_67' title='bbox 234 1241 498 1312; x_wconf 76' lang='grc' dir='ltr'>κληθῆναι</span> <span class='ocrx_word' id='word_1_68' title='bbox 528 1239 618 1295; x_wconf 78' lang='grc' dir='ltr'>ὑπ’</span> <span class='ocrx_word' id='word_1_69' title='bbox 648 1239 813 1293; x_wconf 66' lang='grc' dir='ltr'>αὐτοῦ</span> <span class='ocrx_word' id='word_1_70' title='bbox 845 1240 1068 1302; x_wconf 72' lang='grc' dir='ltr'>εὐνοῶν,</span> <span class='ocrx_word' id='word_1_71' title='bbox 1098 1241 1408 1309; x_wconf 69' lang='grc' dir='ltr'>ἐζημίωται</span> <span class='ocrx_word' id='word_1_72' title='bbox 1455 1241 1563 1295; x_wconf 80' lang='grc' dir='ltr'>τών</span> <span class='ocrx_word' id='word_1_73' title='bbox 1589 1241 1820 1309; x_wconf 77' lang='grc' dir='ltr'>ἀνηκόν-</span> 
     </span>
    </p>
   </div>
   <div class='ocr_carea' id='block_1_13' title="bbox 232 1330 1823 1404">
    <p class='ocr_par' dir='ltr' id='par_1_13' title="bbox 232 1330 1823 1404">
     <span class='ocr_line' id='line_1_13' title="bbox 232 1330 1823 1404; baseline -0.003 -17"><span class='ocrx_word' id='word_1_74' title='bbox 232 1349 339 1387; x_wconf 78' lang='grc' dir='ltr'><strong>των</strong></span> <span class='ocrx_word' id='word_1_75' title='bbox 358 1332 535 1385; x_wconf 78' lang='grc' dir='ltr'>οὐδέν.</span> <span class='ocrx_word' id='word_1_76' title='bbox 583 1331 640 1384; x_wconf 90' lang='grc' dir='ltr'>Ὀ</span> <span class='ocrx_word' id='word_1_77' title='bbox 671 1332 728 1384; x_wconf 81' lang='grc' dir='ltr'><strong>δὲ</strong></span> <span class='ocrx_word' id='word_1_78' title='bbox 785 1333 924 1403; x_wconf 72' lang='grc' dir='ltr'>μετὰ</span> <span class='ocrx_word' id='word_1_79' title='bbox 977 1332 1078 1402; x_wconf 81' lang='grc' dir='ltr'>τὴν</span> <span class='ocrx_word' id='word_1_80' title='bbox 1131 1330 1497 1404; x_wconf 55' lang='grc' dir='ltr'>πρόσκλησις),</span> <span class='ocrx_word' id='word_1_81' title='bbox 1527 1331 1628 1399; x_wconf 77' lang='grc' dir='ltr'>τῆς</span> <span class='ocrx_word' id='word_1_82' title='bbox 1656 1331 1823 1400; x_wconf 78' lang='grc' dir='ltr'>εὐφο-</span> 
     </span>
    </p>
   </div>
   <div class='ocr_carea' id='block_1_14' title="bbox 235 1422 1820 1496">
    <p class='ocr_par' dir='ltr' id='par_1_14' title="bbox 235 1422 1820 1496">
     <span class='ocr_line' id='line_1_14' title="bbox 235 1422 1820 1496; baseline 0 -20"><span class='ocrx_word' id='word_1_83' title='bbox 235 1423 355 1496; x_wconf 85' lang='grc' dir='ltr'>ρίας</span> <span class='ocrx_word' id='word_1_84' title='bbox 383 1424 443 1476; x_wconf 80' lang='grc' dir='ltr'><strong>τὸ</strong></span> <span class='ocrx_word' id='word_1_85' title='bbox 474 1422 671 1493; x_wconf 80' lang='grc' dir='ltr'>ἥμισυ.</span> <span class='ocrx_word' id='word_1_86' title='bbox 703 1422 992 1494; x_wconf 74' lang='grc' dir='ltr'>Κερδαίνει</span> <span class='ocrx_word' id='word_1_87' title='bbox 1013 1424 1076 1486; x_wconf 81' lang='grc' dir='ltr'><strong>.δέ</strong></span> <span class='ocrx_word' id='word_1_88' title='bbox 1104 1423 1224 1476; x_wconf 82' lang='grc' dir='ltr'>ὅλον</span> <span class='ocrx_word' id='word_1_89' title='bbox 1253 1423 1314 1476; x_wconf 84' lang='grc' dir='ltr'><strong>τὸ</strong></span> <span class='ocrx_word' id='word_1_90' title='bbox 1339 1423 1820 1493; x_wconf 78' lang='grc' dir='ltr'>προκαταεληθὲν,</span> 
     </span>
    </p>
   </div>
   <div class='ocr_carea' id='block_1_15' title="bbox 199 1513 1820 1588">
    <p class='ocr_par' dir='ltr' id='par_1_15' title="bbox 199 1513 1820 1588">
     <span class='ocr_line' id='line_1_15' title="bbox 199 1513 1820 1588; baseline -0.002 -19"><span class='ocrx_word' id='word_1_91' title='bbox 199 1517 259 1588; x_wconf 70' lang='grc' dir='ltr'>ιό</span> <span class='ocrx_word' id='word_1_92' title='bbox 288 1514 562 1586; x_wconf 78' lang='grc' dir='ltr'>μηδέποτε</span> <span class='ocrx_word' id='word_1_93' title='bbox 588 1513 682 1571; x_wconf 25' lang='grc' dir='ltr'>διὰ.</span> <span class='ocrx_word' id='word_1_94' title='bbox 709 1514 888 1586; x_wconf 78' lang='grc' dir='ltr'>λύπην</span> <span class='ocrx_word' id='word_1_95' title='bbox 918 1514 1350 1583; x_wconf 72' lang='grc' dir='ltr'>ἀποσυνάγωγος</span> <span class='ocrx_word' id='word_1_96' title='bbox 1389 1513 1786 1585; x_wconf 80' lang='grc' dir='ltr'><strong>εὑρισκόμενος</strong></span> <span class='ocrx_word' id='word_1_97' title='bbox 1805 1528 1820 1543; x_wconf 87' lang='grc'>⁶</span> 
     </span>
    </p>
   </div>
   <div class='ocr_carea' id='block_1_16' title="bbox 203 1595 1823 1678">
    <p class='ocr_par' dir='ltr' id='par_1_16' title="bbox 203 1595 1823 1678">
     <span class='ocr_line' id='line_1_16' title="bbox 203 1595 1823 1678; baseline 0.002 -18"><span class='ocrx_word' id='word_1_98' title='bbox 203 1595 559 1678; x_wconf 71' lang='grc' dir='ltr'><strong>¹ιειιροστίθησι</strong></span> <span class='ocrx_word' id='word_1_99' title='bbox 592 1606 650 1660; x_wconf 85' lang='grc' dir='ltr'><strong>δέ</strong></span> <span class='ocrx_word' id='word_1_100' title='bbox 683 1607 777 1660; x_wconf 74' lang='grc' dir='ltr'><strong>καὶ</strong></span> <span class='ocrx_word' id='word_1_101' title='bbox 824 1607 1016 1678; x_wconf 75' lang='grc' dir='ltr'>μισθὸν</span> <span class='ocrx_word' id='word_1_102' title='bbox 1047 1607 1248 1672; x_wconf 76' lang='grc' dir='ltr'>ἐαυτῶ,</span> <span class='ocrx_word' id='word_1_103' title='bbox 1288 1609 1317 1666; x_wconf 82' lang='lat'><strong>6</strong></span> <span class='ocrx_word' id='word_1_104' title='bbox 1347 1607 1409 1663; x_wconf 82' lang='grc' dir='ltr'><strong>τὸ</strong></span> <span class='ocrx_word' id='word_1_105' title='bbox 1437 1607 1663 1678; x_wconf 75' lang='grc' dir='ltr'>σφάλμα</span> <span class='ocrx_word' id='word_1_106' title='bbox 1697 1607 1823 1678; x_wconf 68' lang='grc' dir='ltr'><strong>βάλε</strong></span> 
     </span>
    </p>
   </div>
   <div class='ocr_carea' id='block_1_17' title="bbox 227 1688 1140 1764">
    <p class='ocr_par' dir='ltr' id='par_1_17' title="bbox 227 1688 1140 1764">
     <span class='ocr_line' id='line_1_17' title="bbox 227 1688 1140 1764; baseline 0 -12"><span class='ocrx_word' id='word_1_107' title='bbox 227 1695 334 1752; x_wconf 82' lang='grc' dir='ltr'><strong>λων</strong></span> <span class='ocrx_word' id='word_1_108' title='bbox 365 1699 557 1750; x_wconf 79' lang='grc' dir='ltr'>ἐπάνω</span> <span class='ocrx_word' id='word_1_109' title='bbox 594 1697 796 1763; x_wconf 69' lang='grc' dir='ltr'>ἑαυτοῦ</span> <span class='ocrx_word' id='word_1_110' title='bbox 830 1698 887 1764; x_wconf 75' lang='grc' dir='ltr'><strong>ἐν</strong></span> <span class='ocrx_word' id='word_1_111' title='bbox 919 1697 1104 1752; x_wconf 80' lang='grc' dir='ltr'>παντί.</span> <span class='ocrx_word' id='word_1_112' title='bbox 1137 1688 1140 1691; x_wconf 50' lang='grc'><em>’</em></span> 
     </span>
    </p>
   </div>
   <div class='ocr_carea' id='block_1_18' title="bbox 291 1973 1816 2047">
    <p class='ocr_par' dir='ltr' id='par_1_18' title="bbox 291 1973 1816 2047">
     <span class='ocr_line' id='line_1_18' title="bbox 291 1973 1816 2047; baseline 0.003 -19"><span class='ocrx_word' id='word_1_113' title='bbox 291 1973 402 2040; x_wconf 80' lang='grc' dir='ltr'>λς’.</span> <span class='ocrx_word' id='word_1_114' title='bbox 438 1974 583 2029; x_wconf 81' lang='grc' dir='ltr'>Οὔτε</span> <span class='ocrx_word' id='word_1_115' title='bbox 613 1977 642 2030; x_wconf 91' lang='lat'><strong>6</strong></span> <span class='ocrx_word' id='word_1_116' title='bbox 680 1974 1012 2047; x_wconf 70' lang='grc' dir='ltr'><strong>ὑψηλόφρων</strong></span> <span class='ocrx_word' id='word_1_117' title='bbox 1038 1976 1394 2045; x_wconf 65' lang='grc' dir='ltr'>ἐπιγινώσκει</span> <span class='ocrx_word' id='word_1_118' title='bbox 1428 1973 1518 2032; x_wconf 75' lang='grc' dir='ltr'>οἷα</span> <span class='ocrx_word' id='word_1_119' title='bbox 1566 1979 1634 2034; x_wconf 68' lang='grc' dir='ltr'><strong>τὰ</strong></span> <span class='ocrx_word' id='word_1_120' title='bbox 1683 1981 1816 2042; x_wconf 66' lang='grc' dir='ltr'><strong>ἐπη-</strong></span> 
     </span>
    </p>
   </div>
   <div class='ocr_carea' id='block_1_19' title="bbox 225 2068 1824 2142">
    <p class='ocr_par' dir='ltr' id='par_1_19' title="bbox 225 2068 1824 2142">
     <span class='ocr_line' id='line_1_19' title="bbox 225 2068 1824 2142; baseline 0.001 -18"><span class='ocrx_word' id='word_1_121' title='bbox 225 2069 318 2124; x_wconf 78' lang='grc' dir='ltr'>τοῦ</span> <span class='ocrx_word' id='word_1_122' title='bbox 360 2068 770 2140; x_wconf 77' lang='grc' dir='ltr'>ἐλαττώματα,</span> <span class='ocrx_word' id='word_1_123' title='bbox 831 2068 956 2122; x_wconf 72' lang='grc' dir='ltr'>οὔτε</span> <span class='ocrx_word' id='word_1_124' title='bbox 1005 2072 1033 2121; x_wconf 89' lang='lat'><strong>6</strong></span> <span class='ocrx_word' id='word_1_125' title='bbox 1087 2071 1475 2142; x_wconf 79' lang='grc' dir='ltr'>ταπεινόφρων</span> <span class='ocrx_word' id='word_1_126' title='bbox 1536 2072 1602 2125; x_wconf 79' lang='grc' dir='ltr'>τὰ</span> <span class='ocrx_word' id='word_1_127' title='bbox 1643 2075 1824 2136; x_wconf 74' lang='grc' dir='ltr'>οἰκεῖα</span> 
     </span>
    </p>
   </div>
   <div class='ocr_carea' id='block_1_20' title="bbox 227 2161 1820 2236">
    <p class='ocr_par' dir='ltr' id='par_1_20' title="bbox 227 2161 1820 2236">
     <span class='ocr_line' id='line_1_20' title="bbox 227 2161 1820 2236; baseline 0.002 -21"><span class='ocrx_word' id='word_1_128' title='bbox 227 2161 383 2224; x_wconf 57' lang='lat' dir='ltr'><strong>uim,</strong></span> <span class='ocrx_word' id='word_1_129' title='bbox 421 2161 707 2221; x_wconf 79' lang='grc' dir='ltr'>Καλύπτει</span> <span class='ocrx_word' id='word_1_130' title='bbox 742 2163 874 2231; x_wconf 78' lang='grc' dir='ltr'>γὰρ,</span> <span class='ocrx_word' id='word_1_131' title='bbox 895 2163 986 2214; x_wconf 64' lang='grc' dir='ltr'>τὸν</span> <span class='ocrx_word' id='word_1_132' title='bbox 1019 2164 1140 2234; x_wconf 88' lang='grc' dir='ltr'><strong>μέν,</strong></span> <span class='ocrx_word' id='word_1_133' title='bbox 1177 2163 1368 2231; x_wconf 79' lang='grc' dir='ltr'>ἄγνοια</span> <span class='ocrx_word' id='word_1_134' title='bbox 1399 2163 1602 2236; x_wconf 72' lang='grc' dir='ltr'>φαύληε</span> <span class='ocrx_word' id='word_1_135' title='bbox 1627 2165 1720 2218; x_wconf 84' lang='grc' dir='ltr'><strong>τὸν</strong></span> <span class='ocrx_word' id='word_1_136' title='bbox 1741 2165 1820 2230; x_wconf 79' lang='grc' dir='ltr'>δὲ,</span> 
     </span>
    </p>
   </div>
   <div class='ocr_carea' id='block_1_21' title="bbox 227 2253 581 2324">
    <p class='ocr_par' dir='ltr' id='par_1_21' title="bbox 227 2253 581 2324">
     <span class='ocr_line' id='line_1_21' title="bbox 227 2253 581 2324; baseline -0.003 -19"><span class='ocrx_word' id='word_1_137' title='bbox 227 2253 546 2324; x_wconf 61' lang='grc' dir='ltr'>θεὰνρεστος.</span> <span class='ocrx_word' id='word_1_138' title='bbox 570 2308 581 2320; x_wconf 54' lang='grc'><em>,</em></span> 
     </span>
    </p>
   </div>
   <div class='ocr_carea' id='block_1_22' title="bbox 291 2342 1822 2422">
    <p class='ocr_par' dir='ltr' id='par_1_22' title="bbox 291 2342 1822 2422">
     <span class='ocr_line' id='line_1_22' title="bbox 291 2342 1822 2422; baseline 0.005 -27"><span class='ocrx_word' id='word_1_139' title='bbox 291 2342 392 2408; x_wconf 76' lang='grc' dir='ltr'><strong>λζ’.</strong></span> <span class='ocrx_word' id='word_1_140' title='bbox 427 2344 560 2408; x_wconf 82' lang='grc' dir='ltr'>Τοῖς</span> <span class='ocrx_word' id='word_1_141' title='bbox 593 2343 856 2415; x_wconf 80' lang='grc' dir='ltr'>ἰσοτίμοις</span> <span class='ocrx_word' id='word_1_142' title='bbox 890 2346 918 2398; x_wconf 97' lang='lat'><strong>6</strong></span> <span class='ocrx_word' id='word_1_143' title='bbox 947 2345 1299 2416; x_wconf 79' lang='grc' dir='ltr'>ὑπερήφανος</span> <span class='ocrx_word' id='word_1_144' title='bbox 1328 2352 1388 2409; x_wconf 74' lang='grc' dir='ltr'><strong>ιν</strong></span> <span class='ocrx_word' id='word_1_145' title='bbox 1413 2347 1599 2412; x_wconf 86' lang='grc' dir='ltr'>καλοῖς</span> <span class='ocrx_word' id='word_1_146' title='bbox 1641 2367 1822 2422; x_wconf 58' lang='grc' dir='ltr'>παρα,</span> 
     </span>
    </p>
   </div>
   <div class='ocr_carea' id='block_1_23' title="bbox 225 2435 1821 2514">
    <p class='ocr_par' dir='ltr' id='par_1_23' title="bbox 225 2435 1821 2514">
     <span class='ocr_line' id='line_1_23' title="bbox 225 2435 1821 2514; baseline 0.004 -26"><span class='ocrx_word' id='word_1_147' title='bbox 225 2435 550 2505; x_wconf 67' lang='grc' dir='ltr'>μετρεῖσθαι</span> <span class='ocrx_word' id='word_1_148' title='bbox 597 2437 658 2490; x_wconf 81' lang='grc' dir='ltr'>οὐ</span> <span class='ocrx_word' id='word_1_149' title='bbox 705 2437 988 2508; x_wconf 84' lang='grc' dir='ltr'>βούλεται’</span> <span class='ocrx_word' id='word_1_150' title='bbox 1039 2441 1098 2493; x_wconf 86' lang='grc' dir='ltr'>ὲν</span> <span class='ocrx_word' id='word_1_151' title='bbox 1140 2439 1195 2492; x_wconf 83' lang='grc' dir='ltr'><strong>δὲ</strong></span> <span class='ocrx_word' id='word_1_152' title='bbox 1228 2445 1338 2503; x_wconf 88' lang='grc' dir='ltr'>τοῖς</span> <span class='ocrx_word' id='word_1_153' title='bbox 1366 2441 1652 2506; x_wconf 80' lang='grc' dir='ltr'>ἐναντίοις,</span> <span class='ocrx_word' id='word_1_154' title='bbox 1685 2442 1821 2514; x_wconf 79' lang='grc' dir='ltr'>πρὸς</span> 
     </span>
    </p>
   </div>
   <div class='ocr_carea' id='block_1_24' title="bbox 225 2527 1821 2606">
    <p class='ocr_par' dir='ltr' id='par_1_24' title="bbox 225 2527 1821 2606">
     <span class='ocr_line' id='line_1_24' title="bbox 225 2527 1821 2606; baseline 0.003 -26"><span class='ocrx_word' id='word_1_155' title='bbox 225 2527 772 2599; x_wconf 64' lang='grc' dir='ltr'>τοὺς,ὑπερὲχοντας,</span> <span class='ocrx_word' id='word_1_156' title='bbox 811 2530 1048 2600; x_wconf 74' lang='grc' dir='ltr'>φορητὸν</span> <span class='ocrx_word' id='word_1_157' title='bbox 1078 2529 1138 2582; x_wconf 83' lang='grc' dir='ltr'>τὸ</span> <span class='ocrx_word' id='word_1_158' title='bbox 1175 2529 1369 2583; x_wconf 81' lang='grc' dir='ltr'>ἑαυτοῦ</span> <span class='ocrx_word' id='word_1_159' title='bbox 1399 2533 1821 2606; x_wconf 74' lang='grc' dir='ltr'>παραϐαλλόμεο</span> 
     </span>
    </p>
   </div>
   <div class='ocr_carea' id='block_1_25' title="bbox 220 2613 1733 2694">
    <p class='ocr_par' dir='ltr' id='par_1_25' title="bbox 220 2613 1733 2694">
     <span class='ocr_line' id='line_1_25' title="bbox 220 2613 1733 2694; baseline 0.004 -18"><span class='ocrx_word' id='word_1_160' title='bbox 220 2638 305 2681; x_wconf 80' lang='grc' dir='ltr'><strong>νον</strong></span> <span class='ocrx_word' id='word_1_161' title='bbox 337 2623 566 2692; x_wconf 77' lang='grc' dir='ltr'>ἡγεῖται</span> <span class='ocrx_word' id='word_1_162' title='bbox 602 2622 918 2694; x_wconf 81' lang='grc' dir='ltr'>ἐλάττωμα.</span> <span class='ocrx_word' id='word_1_163' title='bbox 1731 2613 1733 2616; x_wconf 8' lang='grc' dir='ltr'><strong>ἐ</strong></span> 
     </span>
    </p>
   </div>
   <div class='ocr_carea' id='block_1_26' title="bbox 280 2714 1896 2788">
    <p class='ocr_par' dir='ltr' id='par_1_26' title="bbox 280 2714 1896 2788">
     <span class='ocr_line' id='line_1_26' title="bbox 280 2714 1896 2788; baseline 0.004 -20"><span class='ocrx_word' id='word_1_164' title='bbox 280 2714 384 2786; x_wconf 82' lang='grc' dir='ltr'><strong>λη’.</strong></span> <span class='ocrx_word' id='word_1_165' title='bbox 429 2717 491 2770; x_wconf 86' lang='grc' dir='ltr'>Ὀ</span> <span class='ocrx_word' id='word_1_166' title='bbox 536 2715 638 2787; x_wconf 81' lang='grc' dir='ltr'>μὲν</span> <span class='ocrx_word' id='word_1_167' title='bbox 673 2715 844 2786; x_wconf 79' lang='grc' dir='ltr'>ψόγος</span> <span class='ocrx_word' id='word_1_168' title='bbox 880 2718 1135 2788; x_wconf 65' lang='grc' dir='ltr'>στερρἀ·</span> <span class='ocrx_word' id='word_1_169' title='bbox 1166 2719 1194 2770; x_wconf 87' lang='grc' dir='ltr'>ὁ</span> <span class='ocrx_word' id='word_1_170' title='bbox 1227 2718 1283 2772; x_wconf 84' lang='grc' dir='ltr'><strong>δέ</strong></span> <span class='ocrx_word' id='word_1_171' title='bbox 1319 2718 1566 2783; x_wconf 57' lang='lat' dir='ltr'><strong>scutum,</strong></span> <span class='ocrx_word' id='word_1_172' title='bbox 1595 2716 1820 2774; x_wconf 73' lang='grc' dir='ltr'>ἔκλυτον</span> <span class='ocrx_word' id='word_1_173' title='bbox 1889 2716 1896 2723; x_wconf 73' lang='grc'><em>’</em></span> 
     </span>
    </p>
   </div>
   <div class='ocr_carea' id='block_1_27' title="bbox 216 2812 1816 2887">
    <p class='ocr_par' dir='ltr' id='par_1_27' title="bbox 216 2812 1816 2887">
     <span class='ocr_line' id='line_1_27' title="bbox 216 2812 1816 2887; baseline 0.002 -20"><span class='ocrx_word' id='word_1_174' title='bbox 216 2812 310 2885; x_wconf 65' lang='grc' dir='ltr'>τὴν</span> <span class='ocrx_word' id='word_1_175' title='bbox 343 2813 547 2886; x_wconf 68' lang='grc' dir='ltr'>ψυχὴν</span> <span class='ocrx_word' id='word_1_176' title='bbox 595 2815 974 2887; x_wconf 69' lang='grc' dir='ltr'><strong>ἀπεργάζεται</strong></span> <span class='ocrx_word' id='word_1_177' title='bbox 1027 2816 1122 2868; x_wconf 81' lang='grc' dir='ltr'>καὶ</span> <span class='ocrx_word' id='word_1_178' title='bbox 1166 2815 1518 2887; x_wconf 71' lang='grc' dir='ltr'>νωθροτὲραν</span> <span class='ocrx_word' id='word_1_179' title='bbox 1565 2818 1704 2887; x_wconf 83' lang='grc' dir='ltr'>πρὸς</span> <span class='ocrx_word' id='word_1_180' title='bbox 1746 2818 1816 2870; x_wconf 77' lang='grc' dir='ltr'>τὰ</span> 
     </span>
    </p>
   </div>
   <div class='ocr_carea' id='block_1_28' title="bbox 215 2905 374 2959">
    <p class='ocr_par' dir='ltr' id='par_1_28' title="bbox 215 2905 374 2959">
     <span class='ocr_line' id='line_1_28' title="bbox 215 2905 374 2959; baseline 0 -1"><span class='ocrx_word' id='word_1_181' title='bbox 215 2905 374 2959; x_wconf 76' lang='grc' dir='ltr'>καλά.</span> 
     </span>
    </p>
   </div>
   <div class='ocr_carea' id='block_1_29' title="bbox 280 2998 1814 3072">
    <p class='ocr_par' dir='ltr' id='par_1_29' title="bbox 280 2998 1814 3072">
     <span class='ocr_line' id='line_1_29' title="bbox 280 2998 1814 3072; baseline 0.001 -21"><span class='ocrx_word' id='word_1_182' title='bbox 280 2998 379 3055; x_wconf 84' lang='grc' dir='ltr'>λθ’.</span> <span class='ocrx_word' id='word_1_183' title='bbox 426 2999 775 3064; x_wconf 83' lang='grc' dir='ltr'>’Υπὸστασις</span> <span class='ocrx_word' id='word_1_184' title='bbox 812 3000 912 3072; x_wconf 79' lang='grc' dir='ltr'><strong>μὲν</strong></span> <span class='ocrx_word' id='word_1_185' title='bbox 945 2999 1213 3063; x_wconf 80' lang='grc' dir='ltr'>πλούτου,</span> <span class='ocrx_word' id='word_1_186' title='bbox 1245 3001 1467 3072; x_wconf 74' lang='grc' dir='ltr'>χρυσόςο</span> <span class='ocrx_word' id='word_1_187' title='bbox 1501 3001 1704 3070; x_wconf 74' lang='grc' dir='ltr'>ἀρετῆς</span> <span class='ocrx_word' id='word_1_188' title='bbox 1739 3001 1814 3061; x_wconf 73' lang='grc' dir='ltr'>δὲ,</span> 
     </span>
    </p>
   </div>
   <div class='ocr_carea' id='block_1_30' title="bbox 213 3091 1814 3166">
    <p class='ocr_par' dir='ltr' id='par_1_30' title="bbox 213 3091 1814 3166">
     <span class='ocr_line' id='line_1_30' title="bbox 213 3091 1814 3166; baseline 0 -22"><span class='ocrx_word' id='word_1_189' title='bbox 213 3093 580 3158; x_wconf 72' lang='grc' dir='ltr'>ταπείνωσις.</span> <span class='ocrx_word' id='word_1_190' title='bbox 630 3093 718 3156; x_wconf 88' lang='grc' dir='ltr'>Ὠς</span> <span class='ocrx_word' id='word_1_191' title='bbox 756 3091 847 3146; x_wconf 77' lang='grc' dir='ltr'>οὗν</span> <span class='ocrx_word' id='word_1_192' title='bbox 875 3096 902 3146; x_wconf 88' lang='lat'><strong>6</strong></span> <span class='ocrx_word' id='word_1_193' title='bbox 940 3093 1144 3164; x_wconf 76' lang='grc' dir='ltr'>χρυσοῦ</span> <span class='ocrx_word' id='word_1_194' title='bbox 1202 3093 1428 3166; x_wconf 83' lang='grc' dir='ltr'>ἀπορῶν</span> <span class='ocrx_word' id='word_1_195' title='bbox 1478 3094 1642 3163; x_wconf 79' lang='grc' dir='ltr'>πένης</span> <span class='ocrx_word' id='word_1_196' title='bbox 1677 3095 1814 3153; x_wconf 77' lang='grc' dir='ltr'>ἐστὶ,</span> 
     </span>
    </p>
   </div>
   <div class='ocr_carea' id='block_1_31' title="bbox 1931 607 2158 647">
    <p class='ocr_par' dir='ltr' id='par_1_31' title="bbox 1931 607 2158 647">
     <span class='ocr_line' id='line_1_31' title="bbox 1931 607 2158 647; baseline 0 -1"><span class='ocrx_word' id='word_1_197' title='bbox 1931 607 2134 647; x_wconf 82' lang='lat' dir='ltr'><strong>versari</strong></span> <span class='ocrx_word' id='word_1_198' title='bbox 2145 634 2158 646; x_wconf 90' lang='lat'><strong>.</strong></span> 
     </span>
    </p>
   </div>
   <div class='ocr_carea' id='block_1_32' title="bbox 2003 682 3525 755">
    <p class='ocr_par' dir='ltr' id='par_1_32' title="bbox 2003 682 3525 755">
     <span class='ocr_line' id='line_1_32' title="bbox 2003 682 3525 755; baseline 0.001 -16"><span class='ocrx_word' id='word_1_199' title='bbox 2003 685 2093 740; x_wconf 63' lang='lat'><strong>54.</strong></span> <span class='ocrx_word' id='word_1_200' title='bbox 2128 687 2268 741; x_wconf 89' lang='lat' dir='ltr'><strong>Dum</strong></span> <span class='ocrx_word' id='word_1_201' title='bbox 2302 685 2428 755; x_wconf 85' lang='lat' dir='ltr'><strong>quis</strong></span> <span class='ocrx_word' id='word_1_202' title='bbox 2463 682 2922 753; x_wconf 77' lang='lat' dir='ltr'><strong>reprehenditur,</strong></span> <span class='ocrx_word' id='word_1_203' title='bbox 2955 690 3050 737; x_wconf 91' lang='lat' dir='ltr'><strong>aut</strong></span> <span class='ocrx_word' id='word_1_204' title='bbox 3082 691 3260 738; x_wconf 89' lang='lat' dir='ltr'><strong>taceat</strong></span> <span class='ocrx_word' id='word_1_205' title='bbox 3295 699 3525 740; x_wconf 82' lang='lat' dir='ltr'><strong>necesse</strong></span> 
     </span>
    </p>
   </div>
   <div class='ocr_carea' id='block_1_33' title="bbox 1929 777 3522 848">
    <p class='ocr_par' dir='ltr' id='par_1_33' title="bbox 1929 777 3522 848">
     <span class='ocr_line' id='line_1_33' title="bbox 1929 777 3522 848; baseline -0.003 -12"><span class='ocrx_word' id='word_1_206' title='bbox 1929 791 2036 845; x_wconf 86' lang='lat' dir='ltr'><strong>est,</strong></span> <span class='ocrx_word' id='word_1_207' title='bbox 2075 788 2169 834; x_wconf 88' lang='lat' dir='ltr'><strong>aut</strong></span> <span class='ocrx_word' id='word_1_208' title='bbox 2206 779 2408 834; x_wconf 85' lang='lat' dir='ltr'><strong>blande</strong></span> <span class='ocrx_word' id='word_1_209' title='bbox 2452 777 2733 848; x_wconf 86' lang='lat' dir='ltr'><strong>sugillanti</strong></span> <span class='ocrx_word' id='word_1_210' title='bbox 2775 777 3095 831; x_wconf 80' lang='lat' dir='ltr'><strong>excusando</strong></span> <span class='ocrx_word' id='word_1_211' title='bbox 3133 779 3466 847; x_wconf 90' lang='lat' dir='ltr'><strong>respondeat</strong></span> <span class='ocrx_word' id='word_1_212' title='bbox 3507 795 3522 832; x_wconf 87' lang='lat'><strong>:</strong></span> 
     </span>
    </p>
   </div>
   <div class='ocr_carea' id='block_1_34' title="bbox 1931 869 3525 941">
    <p class='ocr_par' dir='ltr' id='par_1_34' title="bbox 1931 869 3525 941">
     <span class='ocr_line' id='line_1_34' title="bbox 1931 869 3525 941; baseline -0.001 -13"><span class='ocrx_word' id='word_1_213' title='bbox 1931 889 2042 928; x_wconf 88' lang='lat' dir='ltr'><strong>non</strong></span> <span class='ocrx_word' id='word_1_214' title='bbox 2070 882 2131 926; x_wconf 86' lang='grc' dir='ltr'><strong>ιιι</strong></span> <span class='ocrx_word' id='word_1_215' title='bbox 2158 872 2204 927; x_wconf 93' lang='lat' dir='ltr'><strong>is</strong></span> <span class='ocrx_word' id='word_1_216' title='bbox 2227 872 2323 941; x_wconf 91' lang='lat' dir='ltr'><strong>qui</strong></span> <span class='ocrx_word' id='word_1_217' title='bbox 2356 869 2785 940; x_wconf 81' lang='lat' dir='ltr'><strong>reprehenditur</strong></span> <span class='ocrx_word' id='word_1_218' title='bbox 2809 885 2906 924; x_wconf 90' lang='lat' dir='ltr'><strong>sua</strong></span> <span class='ocrx_word' id='word_1_219' title='bbox 2935 878 3158 931; x_wconf 88' lang='lat' dir='ltr'><strong>statuat,</strong></span> <span class='ocrx_word' id='word_1_220' title='bbox 3185 871 3279 925; x_wconf 87' lang='lat' dir='ltr'><strong>sed</strong></span> <span class='ocrx_word' id='word_1_221' title='bbox 3309 880 3367 924; x_wconf 89' lang='lat' dir='ltr'><strong>ut</strong></span> <span class='ocrx_word' id='word_1_222' title='bbox 3395 887 3525 926; x_wconf 86' lang='lat' dir='ltr'><strong>eum</strong></span> 
     </span>
    </p>
   </div>
   <div class='ocr_carea' id='block_1_35' title="bbox 1929 961 3522 1034">
    <p class='ocr_par' dir='ltr' id='par_1_35' title="bbox 1929 961 3522 1034">
     <span class='ocr_line' id='line_1_35' title="bbox 1929 961 3522 1034; baseline -0.001 -16"><span class='ocrx_word' id='word_1_223' title='bbox 1929 964 2023 1034; x_wconf 90' lang='lat' dir='ltr'><strong>qui</strong></span> <span class='ocrx_word' id='word_1_224' title='bbox 2053 965 2194 1019; x_wconf 81' lang='lat' dir='ltr'><strong>forte</strong></span> <span class='ocrx_word' id='word_1_225' title='bbox 2225 963 2482 1026; x_wconf 83' lang='lat' dir='ltr'><strong>oﬂ&#39;endit,</strong></span> <span class='ocrx_word' id='word_1_226' title='bbox 2509 977 2608 1032; x_wconf 88' lang='lat' dir='ltr'><strong>per</strong></span> <span class='ocrx_word' id='word_1_227' title='bbox 2635 961 3007 1032; x_wconf 76' lang='lat' dir='ltr'><strong>ignorantiam</strong></span> <span class='ocrx_word' id='word_1_228' title='bbox 3039 961 3522 1030; x_wconf 85' lang='lat' dir='ltr'><strong>reprehendendo,</strong></span> 
     </span>
    </p>
   </div>
   <div class='ocr_carea' id='block_1_36' title="bbox 1927 1055 2124 1124">
    <p class='ocr_par' dir='ltr' id='par_1_36' title="bbox 1927 1055 2124 1124">
     <span class='ocr_line' id='line_1_36' title="bbox 1927 1055 2124 1124; baseline -0.015 -15"><span class='ocrx_word' id='word_1_229' title='bbox 1927 1055 2124 1124; x_wconf 77' lang='lat' dir='ltr'><strong>erigat.</strong></span> 
     </span>
    </p>
   </div>
   <div class='ocr_carea' id='block_1_37' title="bbox 2001 1144 3530 1216">
    <p class='ocr_par' dir='ltr' id='par_1_37' title="bbox 2001 1144 3530 1216">
     <span class='ocr_line' id='line_1_37' title="bbox 2001 1144 3530 1216; baseline 0 -15"><span class='ocrx_word' id='word_1_230' title='bbox 2001 1147 2090 1201; x_wconf 79' lang='grc'><strong>55.</strong></span> <span class='ocrx_word' id='word_1_231' title='bbox 2113 1145 2217 1212; x_wconf 88' lang='lat' dir='ltr'><strong>Qui</strong></span> <span class='ocrx_word' id='word_1_232' title='bbox 2244 1146 2294 1200; x_wconf 92' lang='lat' dir='ltr'><strong>ci</strong></span> <span class='ocrx_word' id='word_1_233' title='bbox 2321 1146 2415 1216; x_wconf 87' lang='lat' dir='ltr'><strong>qui</strong></span> <span class='ocrx_word' id='word_1_234' title='bbox 2446 1145 2646 1216; x_wconf 79' lang='lat' dir='ltr'><strong>injuria</strong></span> <span class='ocrx_word' id='word_1_235' title='bbox 2676 1144 2832 1208; x_wconf 61' lang='lat' dir='ltr'><strong>laesit,</strong></span> <span class='ocrx_word' id='word_1_236' title='bbox 2855 1146 3178 1215; x_wconf 79' lang='lat' dir='ltr'><strong>priusquam</strong></span> <span class='ocrx_word' id='word_1_237' title='bbox 3203 1147 3272 1200; x_wconf 91' lang='lat' dir='ltr'><strong>ab</strong></span> <span class='ocrx_word' id='word_1_238' title='bbox 3295 1163 3361 1201; x_wconf 90' lang='lat' dir='ltr'><strong>eo</strong></span> <span class='ocrx_word' id='word_1_239' title='bbox 3390 1146 3530 1201; x_wconf 84' lang='lat' dir='ltr'><strong>invi-</strong></span> 
     </span>
    </p>
   </div>
   <div class='ocr_carea' id='block_1_38' title="bbox 1929 1239 3528 1308">
    <p class='ocr_par' dir='ltr' id='par_1_38' title="bbox 1929 1239 3528 1308">
     <span class='ocr_line' id='line_1_38' title="bbox 1929 1239 3528 1308; baseline -0.001 -13"><span class='ocrx_word' id='word_1_240' title='bbox 1929 1249 2163 1302; x_wconf 90' lang='lat' dir='ltr'><strong>taretur,</strong></span> <span class='ocrx_word' id='word_1_241' title='bbox 2186 1239 2588 1294; x_wconf 74' lang='lat' dir='ltr'><strong>benevolentiae</strong></span> <span class='ocrx_word' id='word_1_242' title='bbox 2614 1239 2796 1293; x_wconf 90' lang='lat' dir='ltr'><strong>sinum</strong></span> <span class='ocrx_word' id='word_1_243' title='bbox 2823 1239 3023 1308; x_wconf 87' lang='lat' dir='ltr'><strong>aperit,</strong></span> <span class='ocrx_word' id='word_1_244' title='bbox 3047 1240 3166 1308; x_wconf 85' lang='lat' dir='ltr'><strong>ejus</strong></span> <span class='ocrx_word' id='word_1_245' title='bbox 3190 1239 3337 1308; x_wconf 92' lang='lat' dir='ltr'><strong>quod</strong></span> <span class='ocrx_word' id='word_1_246' title='bbox 3365 1239 3528 1294; x_wconf 84' lang='lat' dir='ltr'><strong>olIicii</strong></span> 
     </span>
    </p>
   </div>
   <div class='ocr_carea' id='block_1_39' title="bbox 1927 1330 3528 1403">
    <p class='ocr_par' dir='ltr' id='par_1_39' title="bbox 1927 1330 3528 1403">
     <span class='ocr_line' id='line_1_39' title="bbox 1927 1330 3528 1403; baseline -0.001 -15"><span class='ocrx_word' id='word_1_247' title='bbox 1927 1334 2000 1388; x_wconf 92' lang='lat' dir='ltr'><strong>sit</strong></span> <span class='ocrx_word' id='word_1_248' title='bbox 2027 1334 2233 1388; x_wconf 88' lang='lat' dir='ltr'><strong>nullam</strong></span> <span class='ocrx_word' id='word_1_249' title='bbox 2262 1333 2536 1403; x_wconf 88' lang='lat' dir='ltr'><strong>jacturam</strong></span> <span class='ocrx_word' id='word_1_250' title='bbox 2564 1330 2719 1386; x_wconf 84' lang='lat' dir='ltr'><strong>fecit.</strong></span> <span class='ocrx_word' id='word_1_251' title='bbox 2746 1331 2852 1397; x_wconf 87' lang='lat' dir='ltr'><strong>Qui</strong></span> <span class='ocrx_word' id='word_1_252' title='bbox 2883 1346 3018 1386; x_wconf 85' lang='lat' dir='ltr'><strong>vero</strong></span> <span class='ocrx_word' id='word_1_253' title='bbox 3053 1339 3344 1401; x_wconf 86' lang='lat' dir='ltr'><strong>postquam</strong></span> <span class='ocrx_word' id='word_1_254' title='bbox 3381 1331 3528 1386; x_wconf 89' lang='lat' dir='ltr'><strong>iuvi-</strong></span> 
     </span>
    </p>
   </div>
   <div class='ocr_carea' id='block_1_40' title="bbox 1933 1421 3529 1494">
    <p class='ocr_par' dir='ltr' id='par_1_40' title="bbox 1933 1421 3529 1494">
     <span class='ocr_line' id='line_1_40' title="bbox 1933 1421 3529 1494; baseline -0.001 -13"><span class='ocrx_word' id='word_1_255' title='bbox 1933 1435 2080 1481; x_wconf 90' lang='lat' dir='ltr'><strong>tatus</strong></span> <span class='ocrx_word' id='word_1_256' title='bbox 2128 1425 2333 1491; x_wconf 86' lang='lat' dir='ltr'><strong>fuerit,</strong></span> <span class='ocrx_word' id='word_1_257' title='bbox 2381 1424 2664 1479; x_wconf 84' lang='lat' dir='ltr'><strong>uberioris</strong></span> <span class='ocrx_word' id='word_1_258' title='bbox 2712 1421 2923 1478; x_wconf 84' lang='lat' dir='ltr'><strong>fructus</strong></span> <span class='ocrx_word' id='word_1_259' title='bbox 2969 1423 3256 1478; x_wconf 80' lang='lat' dir='ltr'><strong>dimidiam</strong></span> <span class='ocrx_word' id='word_1_260' title='bbox 3312 1433 3529 1494; x_wconf 90' lang='lat' dir='ltr'><strong>partem</strong></span> 
     </span>
    </p>
   </div>
   <div class='ocr_carea' id='block_1_41' title="bbox 1927 1517 3532 1588">
    <p class='ocr_par' dir='ltr' id='par_1_41' title="bbox 1927 1517 3532 1588">
     <span class='ocr_line' id='line_1_41' title="bbox 1927 1517 3532 1588; baseline -0.001 -14"><span class='ocrx_word' id='word_1_261' title='bbox 1927 1518 2133 1576; x_wconf 84' lang='lat' dir='ltr'><strong>amisit.</strong></span> <span class='ocrx_word' id='word_1_262' title='bbox 2160 1518 2436 1573; x_wconf 84' lang='lat' dir='ltr'><strong>Lucratur</strong></span> <span class='ocrx_word' id='word_1_263' title='bbox 2462 1525 2650 1571; x_wconf 89' lang='lat' dir='ltr'><strong>autem</strong></span> <span class='ocrx_word' id='word_1_264' title='bbox 2677 1517 2948 1587; x_wconf 85' lang='lat' dir='ltr'><strong>quidquid</strong></span> <span class='ocrx_word' id='word_1_265' title='bbox 2977 1517 3160 1572; x_wconf 77' lang='lat' dir='ltr'><strong>fuerat</strong></span> <span class='ocrx_word' id='word_1_266' title='bbox 3185 1518 3532 1588; x_wconf 88' lang='lat' dir='ltr'><strong>prosemina-</strong></span> 
     </span>
    </p>
   </div>
   <div class='ocr_carea' id='block_1_42' title="bbox 1927 1608 3528 1682">
    <p class='ocr_par' dir='ltr' id='par_1_42' title="bbox 1927 1608 3528 1682">
     <span class='ocr_line' id='line_1_42' title="bbox 1927 1608 3528 1682; baseline -0.001 -16"><span class='ocrx_word' id='word_1_267' title='bbox 1927 1619 2067 1678; x_wconf 89' lang='lat' dir='ltr'><strong>tum,</strong></span> <span class='ocrx_word' id='word_1_268' title='bbox 2101 1611 2196 1682; x_wconf 88' lang='lat' dir='ltr'><strong>qui</strong></span> <span class='ocrx_word' id='word_1_269' title='bbox 2229 1625 2344 1680; x_wconf 64' lang='lat' dir='ltr'><strong>prae</strong></span> <span class='ocrx_word' id='word_1_270' title='bbox 2381 1608 2602 1664; x_wconf 79' lang='lat' dir='ltr'><strong>tristitia</strong></span> <span class='ocrx_word' id='word_1_271' title='bbox 2640 1609 2922 1677; x_wconf 88' lang='lat' dir='ltr'><strong>animique</strong></span> <span class='ocrx_word' id='word_1_272' title='bbox 2955 1626 3211 1675; x_wconf 88' lang='lat' dir='ltr'><strong>raneore,</strong></span> <span class='ocrx_word' id='word_1_273' title='bbox 3243 1627 3528 1681; x_wconf 90' lang='lat' dir='ltr'><strong>nunquam</strong></span> 
     </span>
    </p>
   </div>
   <div class='ocr_carea' id='block_1_43' title="bbox 1926 1702 3527 1773">
    <p class='ocr_par' dir='ltr' id='par_1_43' title="bbox 1926 1702 3527 1773">
     <span class='ocr_line' id='line_1_43' title="bbox 1926 1702 3527 1773; baseline 0 -14"><span class='ocrx_word' id='word_1_274' title='bbox 1926 1704 2278 1773; x_wconf 63' lang='lat' dir='ltr'><strong>praesentiam</strong></span> <span class='ocrx_word' id='word_1_275' title='bbox 2325 1702 2657 1758; x_wconf 77' lang='lat' dir='ltr'><strong>subduxisse</strong></span> <span class='ocrx_word' id='word_1_276' title='bbox 2706 1703 3010 1757; x_wconf 73' lang='lat' dir='ltr'><strong>invenitur.</strong></span> <span class='ocrx_word' id='word_1_277' title='bbox 3053 1702 3161 1758; x_wconf 89' lang='lat' dir='ltr'><strong>Sed</strong></span> <span class='ocrx_word' id='word_1_278' title='bbox 3206 1711 3264 1758; x_wconf 89' lang='lat' dir='ltr'><strong>et</strong></span> <span class='ocrx_word' id='word_1_279' title='bbox 3311 1720 3527 1759; x_wconf 89' lang='lat' dir='ltr'><strong>merce-</strong></span> 
     </span>
    </p>
   </div>
   <div class='ocr_carea' id='block_1_44' title="bbox 1929 1795 3524 1867">
    <p class='ocr_par' dir='ltr' id='par_1_44' title="bbox 1929 1795 3524 1867">
     <span class='ocr_line' id='line_1_44' title="bbox 1929 1795 3524 1867; baseline 0.001 -16"><span class='ocrx_word' id='word_1_280' title='bbox 1929 1797 2056 1852; x_wconf 87' lang='lat' dir='ltr'><strong>dem</strong></span> <span class='ocrx_word' id='word_1_281' title='bbox 2094 1797 2203 1852; x_wconf 88' lang='lat' dir='ltr'><strong>sibi</strong></span> <span class='ocrx_word' id='word_1_282' title='bbox 2235 1797 2578 1862; x_wconf 82' lang='lat' dir='ltr'><strong>accumulat,</strong></span> <span class='ocrx_word' id='word_1_283' title='bbox 2607 1795 2704 1866; x_wconf 90' lang='lat' dir='ltr'><strong>qui</strong></span> <span class='ocrx_word' id='word_1_284' title='bbox 2739 1796 2794 1850; x_wconf 91' lang='lat' dir='ltr'><strong>in</strong></span> <span class='ocrx_word' id='word_1_285' title='bbox 2831 1796 3092 1850; x_wconf 88' lang='lat' dir='ltr'><strong>omnibus</strong></span> <span class='ocrx_word' id='word_1_286' title='bbox 3129 1797 3182 1850; x_wconf 91' lang='lat' dir='ltr'><strong>in</strong></span> <span class='ocrx_word' id='word_1_287' title='bbox 3213 1813 3272 1851; x_wconf 91' lang='lat' dir='ltr'><strong>se</strong></span> <span class='ocrx_word' id='word_1_288' title='bbox 3306 1799 3524 1867; x_wconf 89' lang='lat' dir='ltr'><strong>culpam</strong></span> 
     </span>
    </p>
   </div>
   <div class='ocr_carea' id='block_1_45' title="bbox 1929 1892 2132 1963">
    <p class='ocr_par' dir='ltr' id='par_1_45' title="bbox 1929 1892 2132 1963">
     <span class='ocr_line' id='line_1_45' title="bbox 1929 1892 2132 1963; baseline 0 -17"><span class='ocrx_word' id='word_1_289' title='bbox 1929 1892 2132 1963; x_wconf 89' lang='lat' dir='ltr'><strong>rejicit.</strong></span> 
     </span>
    </p>
   </div>
   <div class='ocr_carea' id='block_1_46' title="bbox 1992 1981 3526 2054">
    <p class='ocr_par' dir='ltr' id='par_1_46' title="bbox 1992 1981 3526 2054">
     <span class='ocr_line' id='line_1_46' title="bbox 1992 1981 3526 2054; baseline 0.001 -19"><span class='ocrx_word' id='word_1_290' title='bbox 1992 1981 2158 2054; x_wconf 58' lang='lat'><strong>0&amp;5</strong></span> <span class='ocrx_word' id='word_1_291' title='bbox 2203 1981 2292 2036; x_wconf 84' lang='grc'><strong>56.</strong></span> <span class='ocrx_word' id='word_1_292' title='bbox 2337 1981 2450 2036; x_wconf 86' lang='lat' dir='ltr'><strong>Nec</strong></span> <span class='ocrx_word' id='word_1_293' title='bbox 2494 1981 2590 2051; x_wconf 91' lang='lat' dir='ltr'><strong>qui</strong></span> <span class='ocrx_word' id='word_1_294' title='bbox 2640 1981 2787 2035; x_wconf 87' lang='lat' dir='ltr'><strong>elato</strong></span> <span class='ocrx_word' id='word_1_295' title='bbox 2828 1988 2913 2036; x_wconf 88' lang='lat' dir='ltr'><strong>est</strong></span> <span class='ocrx_word' id='word_1_296' title='bbox 2961 1981 3148 2035; x_wconf 89' lang='lat' dir='ltr'><strong>animo</strong></span> <span class='ocrx_word' id='word_1_297' title='bbox 3190 1997 3321 2036; x_wconf 90' lang='lat' dir='ltr'><strong>suos</strong></span> <span class='ocrx_word' id='word_1_298' title='bbox 3369 1982 3526 2037; x_wconf 88' lang='lat' dir='ltr'><strong>novit</strong></span> 
     </span>
    </p>
   </div>
   <div class='ocr_carea' id='block_1_47' title="bbox 1923 2073 3523 2144">
    <p class='ocr_par' dir='ltr' id='par_1_47' title="bbox 1923 2073 3523 2144">
     <span class='ocr_line' id='line_1_47' title="bbox 1923 2073 3523 2144; baseline 0.001 -14"><span class='ocrx_word' id='word_1_299' title='bbox 1923 2075 2194 2138; x_wconf 77' lang='lat' dir='ltr'><strong>defectus,</strong></span> <span class='ocrx_word' id='word_1_300' title='bbox 2224 2075 2414 2144; x_wconf 85' lang='lat' dir='ltr'><strong>quanti</strong></span> <span class='ocrx_word' id='word_1_301' title='bbox 2460 2075 2601 2141; x_wconf 82' lang='lat' dir='ltr'><strong>sint;</strong></span> <span class='ocrx_word' id='word_1_302' title='bbox 2643 2090 2748 2129; x_wconf 90' lang='lat' dir='ltr'><strong>nec</strong></span> <span class='ocrx_word' id='word_1_303' title='bbox 2787 2074 2882 2144; x_wconf 88' lang='lat' dir='ltr'><strong>qui</strong></span> <span class='ocrx_word' id='word_1_304' title='bbox 2924 2073 3118 2128; x_wconf 85' lang='lat' dir='ltr'><strong>humili</strong></span> <span class='ocrx_word' id='word_1_305' title='bbox 3161 2075 3523 2144; x_wconf 82' lang='lat' dir='ltr'><strong>modesteque</strong></span> 
     </span>
    </p>
   </div>
   <div class='ocr_carea' id='block_1_48' title="bbox 1923 2167 3523 2239">
    <p class='ocr_par' dir='ltr' id='par_1_48' title="bbox 1923 2167 3523 2239">
     <span class='ocr_line' id='line_1_48' title="bbox 1923 2167 3523 2239; baseline 0 -17"><span class='ocrx_word' id='word_1_306' title='bbox 1923 2183 2111 2229; x_wconf 89' lang='lat' dir='ltr'><strong>sensu.</strong></span> <span class='ocrx_word' id='word_1_307' title='bbox 2140 2183 2239 2222; x_wconf 87' lang='lat' dir='ltr'><strong>sua</strong></span> <span class='ocrx_word' id='word_1_308' title='bbox 2276 2168 2449 2233; x_wconf 85' lang='lat' dir='ltr'><strong>bona;</strong></span> <span class='ocrx_word' id='word_1_309' title='bbox 2486 2167 2628 2226; x_wconf 87' lang='lat' dir='ltr'><strong>celat</strong></span> <span class='ocrx_word' id='word_1_310' title='bbox 2655 2167 2804 2222; x_wconf 90' lang='lat' dir='ltr'><strong>enim</strong></span> <span class='ocrx_word' id='word_1_311' title='bbox 2841 2174 2956 2221; x_wconf 87' lang='lat' dir='ltr'><strong>tum</strong></span> <span class='ocrx_word' id='word_1_312' title='bbox 2994 2167 3149 2220; x_wconf 92' lang='lat' dir='ltr'><strong>illum</strong></span> <span class='ocrx_word' id='word_1_313' title='bbox 3183 2168 3326 2222; x_wconf 89' lang='lat' dir='ltr'><strong>mala</strong></span> <span class='ocrx_word' id='word_1_314' title='bbox 3363 2167 3523 2239; x_wconf 78' lang='lat' dir='ltr'><strong>igne-</strong></span> 
     </span>
    </p>
   </div>
   <div class='ocr_carea' id='block_1_49' title="bbox 1923 2260 2860 2329">
    <p class='ocr_par' dir='ltr' id='par_1_49' title="bbox 1923 2260 2860 2329">
     <span class='ocr_line' id='line_1_49' title="bbox 1923 2260 2860 2329; baseline 0.001 -16"><span class='ocrx_word' id='word_1_315' title='bbox 1923 2260 2124 2322; x_wconf 88' lang='lat' dir='ltr'><strong>rantia.</strong></span> <span class='ocrx_word' id='word_1_316' title='bbox 2153 2268 2269 2314; x_wconf 89' lang='lat' dir='ltr'><strong>tum</strong></span> <span class='ocrx_word' id='word_1_317' title='bbox 2297 2261 2448 2315; x_wconf 89' lang='lat' dir='ltr'><strong>hunc</strong></span> <span class='ocrx_word' id='word_1_318' title='bbox 2473 2260 2587 2314; x_wconf 90' lang='lat' dir='ltr'><strong>Deo</strong></span> <span class='ocrx_word' id='word_1_319' title='bbox 2615 2267 2860 2329; x_wconf 89' lang='lat' dir='ltr'><strong>accepta.</strong></span> 
     </span>
    </p>
   </div>
   <div class='ocr_carea' id='block_1_50' title="bbox 1992 2351 3524 2422">
    <p class='ocr_par' dir='ltr' id='par_1_50' title="bbox 1992 2351 3524 2422">
     <span class='ocr_line' id='line_1_50' title="bbox 1992 2351 3524 2422; baseline 0.001 -16"><span class='ocrx_word' id='word_1_320' title='bbox 1992 2351 2083 2408; x_wconf 78' lang='lat'><strong>57.</strong></span> <span class='ocrx_word' id='word_1_321' title='bbox 2118 2351 2405 2422; x_wconf 88' lang='lat' dir='ltr'><strong>Superbus</strong></span> <span class='ocrx_word' id='word_1_322' title='bbox 2445 2352 2502 2406; x_wconf 92' lang='lat' dir='ltr'><strong>in</strong></span> <span class='ocrx_word' id='word_1_323' title='bbox 2548 2351 2739 2417; x_wconf 90' lang='lat' dir='ltr'><strong>bonis,</strong></span> <span class='ocrx_word' id='word_1_324' title='bbox 2773 2351 3082 2421; x_wconf 81' lang='lat' dir='ltr'><strong>aequalibus</strong></span> <span class='ocrx_word' id='word_1_325' title='bbox 3126 2352 3385 2422; x_wconf 91' lang='lat' dir='ltr'><strong>componi</strong></span> <span class='ocrx_word' id='word_1_326' title='bbox 3439 2368 3524 2407; x_wconf 88' lang='lat' dir='ltr'><strong>re-</strong></span> 
     </span>
    </p>
   </div>
   <div class='ocr_carea' id='block_1_51' title="bbox 1922 2441 3524 2513">
    <p class='ocr_par' dir='ltr' id='par_1_51' title="bbox 1922 2441 3524 2513">
     <span class='ocr_line' id='line_1_51' title="bbox 1922 2441 3524 2513; baseline 0 -16"><span class='ocrx_word' id='word_1_327' title='bbox 1922 2443 2048 2498; x_wconf 89' lang='lat' dir='ltr'><strong>nuit</strong></span> <span class='ocrx_word' id='word_1_328' title='bbox 2093 2461 2107 2496; x_wconf 89' lang='lat'><strong>:</strong></span> <span class='ocrx_word' id='word_1_329' title='bbox 2153 2443 2210 2497; x_wconf 89' lang='lat' dir='ltr'><strong>in</strong></span> <span class='ocrx_word' id='word_1_330' title='bbox 2254 2441 2558 2497; x_wconf 88' lang='lat' dir='ltr'><strong>contrariis</strong></span> <span class='ocrx_word' id='word_1_331' title='bbox 2601 2456 2736 2497; x_wconf 88' lang='lat' dir='ltr'><strong>vero</strong></span> <span class='ocrx_word' id='word_1_332' title='bbox 2778 2443 3084 2513; x_wconf 88' lang='lat' dir='ltr'><strong>malisque,</strong></span> <span class='ocrx_word' id='word_1_333' title='bbox 3121 2458 3247 2497; x_wconf 91' lang='lat' dir='ltr'><strong>cum</strong></span> <span class='ocrx_word' id='word_1_334' title='bbox 3293 2443 3382 2498; x_wconf 90' lang='lat' dir='ltr'><strong>his</strong></span> <span class='ocrx_word' id='word_1_335' title='bbox 3427 2443 3524 2513; x_wconf 93' lang='lat' dir='ltr'><strong>qui</strong></span> 
     </span>
    </p>
   </div>
   <div class='ocr_carea' id='block_1_52' title="bbox 1923 2531 3524 2604">
    <p class='ocr_par' dir='ltr' id='par_1_52' title="bbox 1923 2531 3524 2604">
     <span class='ocr_line' id='line_1_52' title="bbox 1923 2531 3524 2604; baseline 0.002 -19"><span class='ocrx_word' id='word_1_336' title='bbox 1923 2533 2253 2604; x_wconf 81' lang='lat' dir='ltr'><strong>praecellunt</strong></span> <span class='ocrx_word' id='word_1_337' title='bbox 2283 2532 2550 2587; x_wconf 90' lang='lat' dir='ltr'><strong>collatum</strong></span> <span class='ocrx_word' id='word_1_338' title='bbox 2580 2531 2778 2587; x_wconf 86' lang='lat' dir='ltr'><strong>vitium</strong></span> <span class='ocrx_word' id='word_1_339' title='bbox 2811 2547 2996 2600; x_wconf 88' lang='lat' dir='ltr'><strong>suum,</strong></span> <span class='ocrx_word' id='word_1_340' title='bbox 3035 2532 3323 2587; x_wconf 84' lang='lat' dir='ltr'><strong>tolerabile</strong></span> <span class='ocrx_word' id='word_1_341' title='bbox 3360 2549 3524 2603; x_wconf 86' lang='lat' dir='ltr'><strong>pror-</strong></span> 
     </span>
    </p>
   </div>
   <div class='ocr_carea' id='block_1_53' title="bbox 1918 2624 2346 2706">
    <p class='ocr_par' dir='ltr' id='par_1_53' title="bbox 1918 2624 2346 2706">
     <span class='ocr_line' id='line_1_53' title="bbox 1918 2624 2346 2706; baseline -0.009 -25"><span class='ocrx_word' id='word_1_342' title='bbox 1918 2640 2016 2681; x_wconf 90' lang='lat' dir='ltr'><strong>sus</strong></span> <span class='ocrx_word' id='word_1_343' title='bbox 2045 2624 2346 2706; x_wconf 80' lang='lat' dir='ltr'><strong>existimat.</strong></span> 
     </span>
    </p>
   </div>
   <div class='ocr_carea' id='block_1_54' title="bbox 1996 2716 3520 2787">
    <p class='ocr_par' dir='ltr' id='par_1_54' title="bbox 1996 2716 3520 2787">
     <span class='ocr_line' id='line_1_54' title="bbox 1996 2716 3520 2787; baseline 0.001 -15"><span class='ocrx_word' id='word_1_344' title='bbox 1996 2717 2087 2772; x_wconf 81' lang='grc'><strong>58.</strong></span> <span class='ocrx_word' id='word_1_345' title='bbox 2124 2716 2474 2786; x_wconf 77' lang='lat' dir='ltr'><strong>Vituperium</strong></span> <span class='ocrx_word' id='word_1_346' title='bbox 2521 2716 2780 2787; x_wconf 87' lang='lat' dir='ltr'><strong>quidem,</strong></span> <span class='ocrx_word' id='word_1_347' title='bbox 2817 2717 3108 2773; x_wconf 78' lang='lat' dir='ltr'><strong>robustum</strong></span> <span class='ocrx_word' id='word_1_348' title='bbox 3151 2735 3217 2774; x_wconf 87' lang='lat' dir='ltr'><strong>ac</strong></span> <span class='ocrx_word' id='word_1_349' title='bbox 3262 2719 3462 2774; x_wconf 77' lang='lat' dir='ltr'><strong>fortem</strong></span> <span class='ocrx_word' id='word_1_350' title='bbox 3504 2736 3520 2773; x_wconf 90' lang='lat'>:</span> 
     </span>
    </p>
   </div>
   <div class='ocr_carea' id='block_1_55' title="bbox 1923 2809 3524 2883">
    <p class='ocr_par' dir='ltr' id='par_1_55' title="bbox 1923 2809 3524 2883">
     <span class='ocr_line' id='line_1_55' title="bbox 1923 2809 3524 2883; baseline 0.002 -20"><span class='ocrx_word' id='word_1_351' title='bbox 1923 2811 2044 2864; x_wconf 90' lang='lat' dir='ltr'><strong>laus</strong></span> <span class='ocrx_word' id='word_1_352' title='bbox 2071 2823 2238 2872; x_wconf 57' lang='lat' dir='ltr'><strong>vero,</strong></span> <span class='ocrx_word' id='word_1_353' title='bbox 2258 2809 2504 2863; x_wconf 90' lang='lat' dir='ltr'><strong>solutum</strong></span> <span class='ocrx_word' id='word_1_354' title='bbox 2550 2824 2613 2863; x_wconf 92' lang='lat' dir='ltr'><strong>ac</strong></span> <span class='ocrx_word' id='word_1_355' title='bbox 2650 2809 2892 2876; x_wconf 90' lang='lat' dir='ltr'><strong>mollem,</strong></span> <span class='ocrx_word' id='word_1_356' title='bbox 2921 2819 2976 2865; x_wconf 87' lang='lat' dir='ltr'><strong>et</strong></span> <span class='ocrx_word' id='word_1_357' title='bbox 3014 2812 3082 2866; x_wconf 90' lang='lat' dir='ltr'><strong>ad</strong></span> <span class='ocrx_word' id='word_1_358' title='bbox 3129 2829 3192 2867; x_wconf 85' lang='lat' dir='ltr'><strong>ea</strong></span> <span class='ocrx_word' id='word_1_359' title='bbox 3233 2829 3356 2883; x_wconf 61' lang='lat' dir='ltr'><strong>quae</strong></span> <span class='ocrx_word' id='word_1_360' title='bbox 3392 2821 3524 2868; x_wconf 90' lang='lat' dir='ltr'><strong>sunt</strong></span> 
     </span>
    </p>
   </div>
   <div class='ocr_carea' id='block_1_56' title="bbox 1920 2899 2842 2971">
    <p class='ocr_par' dir='ltr' id='par_1_56' title="bbox 1920 2899 2842 2971">
     <span class='ocr_line' id='line_1_56' title="bbox 1920 2899 2842 2971; baseline 0 -16"><span class='ocrx_word' id='word_1_361' title='bbox 1920 2899 2086 2955; x_wconf 67' lang='lat' dir='ltr'><strong>officii</strong></span> <span class='ocrx_word' id='word_1_362' title='bbox 2115 2916 2340 2971; x_wconf 87' lang='lat' dir='ltr'><strong>segnem</strong></span> <span class='ocrx_word' id='word_1_363' title='bbox 2367 2900 2553 2955; x_wconf 88' lang='lat' dir='ltr'><strong>reddit</strong></span> <span class='ocrx_word' id='word_1_364' title='bbox 2574 2900 2842 2955; x_wconf 91' lang='lat' dir='ltr'><strong>animum.</strong></span> 
     </span>
    </p>
   </div>
   <div class='ocr_carea' id='block_1_57' title="bbox 1990 2993 3515 3062">
    <p class='ocr_par' dir='ltr' id='par_1_57' title="bbox 1990 2993 3515 3062">
     <span class='ocr_line' id='line_1_57' title="bbox 1990 2993 3515 3062; baseline 0.002 -16"><span class='ocrx_word' id='word_1_365' title='bbox 1990 2993 2080 3047; x_wconf 79' lang='lat'><strong>30.</strong></span> <span class='ocrx_word' id='word_1_366' title='bbox 2114 2993 2438 3048; x_wconf 84' lang='lat' dir='ltr'><strong>Divitiarum</strong></span> <span class='ocrx_word' id='word_1_367' title='bbox 2469 2993 2693 3062; x_wconf 87' lang='lat' dir='ltr'><strong>quidem</strong></span> <span class='ocrx_word' id='word_1_368' title='bbox 2728 2994 3060 3060; x_wconf 85' lang='lat' dir='ltr'><strong>substantia,</strong></span> <span class='ocrx_word' id='word_1_369' title='bbox 3089 2995 3317 3062; x_wconf 83' lang='lat' dir='ltr'><strong>a‘urum;</strong></span> <span class='ocrx_word' id='word_1_370' title='bbox 3344 2996 3515 3050; x_wconf 90' lang='lat' dir='ltr'><strong>virtu-</strong></span> 
     </span>
    </p>
   </div>
   <div class='ocr_carea' id='block_1_58' title="bbox 1919 3085 3524 3160">
    <p class='ocr_par' dir='ltr' id='par_1_58' title="bbox 1919 3085 3524 3160">
     <span class='ocr_line' id='line_1_58' title="bbox 1919 3085 3524 3160; baseline 0.002 -20"><span class='ocrx_word' id='word_1_371' title='bbox 1919 3087 1993 3140; x_wconf 83' lang='lat' dir='ltr'><strong>tis</strong></span> <span class='ocrx_word' id='word_1_372' title='bbox 2024 3102 2188 3151; x_wconf 86' lang='lat' dir='ltr'><strong>vero,</strong></span> <span class='ocrx_word' id='word_1_373' title='bbox 2220 3086 2528 3140; x_wconf 87' lang='lat' dir='ltr'><strong>humilitas.</strong></span> <span class='ocrx_word' id='word_1_374' title='bbox 2561 3085 3040 3153; x_wconf 85' lang='lat' dir='ltr'><strong>Quemadmodum</strong></span> <span class='ocrx_word' id='word_1_375' title='bbox 3074 3089 3242 3158; x_wconf 86' lang='lat' dir='ltr'><strong>igitur</strong></span> <span class='ocrx_word' id='word_1_376' title='bbox 3273 3090 3367 3160; x_wconf 91' lang='lat' dir='ltr'><strong>qui</strong></span> <span class='ocrx_word' id='word_1_377' title='bbox 3402 3089 3524 3144; x_wconf 82' lang='lat' dir='ltr'><strong>auri</strong></span> 
     </span>
    </p>
   </div>
   <div class='ocr_carea' id='block_1_59' title="bbox 212 3180 1822 3269">
    <p class='ocr_par' dir='ltr' id='par_1_59' title="bbox 212 3182 1816 3257">
     <span class='ocr_line' id='line_1_59' title="bbox 212 3182 1816 3257; baseline -0.001 -20"><span class='ocrx_word' id='word_1_378' title='bbox 212 3182 313 3237; x_wconf 68' lang='grc' dir='ltr'><strong>κᾶν</strong></span> <span class='ocrx_word' id='word_1_379' title='bbox 365 3186 443 3257; x_wconf 82' lang='grc' dir='ltr'>μὴ</span> <span class='ocrx_word' id='word_1_380' title='bbox 491 3187 618 3248; x_wconf 82' lang='grc' dir='ltr'>τοῖς</span> <span class='ocrx_word' id='word_1_381' title='bbox 653 3185 852 3250; x_wconf 78' lang='grc' dir='ltr'>ἔξωθεν</span> <span class='ocrx_word' id='word_1_382' title='bbox 905 3187 1202 3254; x_wconf 79' lang='grc' dir='ltr'>φαίνηται·</span> <span class='ocrx_word' id='word_1_383' title='bbox 1247 3184 1391 3238; x_wconf 77' lang='grc' dir='ltr'>οὕτω</span> <span class='ocrx_word' id='word_1_384' title='bbox 1432 3184 1816 3248; x_wconf 73' lang='grc' dir='ltr'>ταπεινώσεως</span> 
     </span>
    </p>
   </div>
   <div class='ocr_carea' id='block_1_60' title="bbox 1941 3180 3526 3269">
    <p class='ocr_par' dir='ltr' id='par_1_60' title="bbox 1941 3180 3526 3253">
     <span class='ocr_line' id='line_1_60' title="bbox 1941 3180 3526 3253; baseline 0.004 -21"><span class='ocrx_word' id='word_1_385' title='bbox 1941 3181 2152 3234; x_wconf 70' lang='grc' dir='ltr'>ιθηυιὶει</span> <span class='ocrx_word' id='word_1_386' title='bbox 2191 3180 2437 3243; x_wconf 90' lang='lat' dir='ltr'><strong>laborat,</strong></span> <span class='ocrx_word' id='word_1_387' title='bbox 2470 3196 2683 3252; x_wconf 89' lang='lat' dir='ltr'><strong>pauper</strong></span> <span class='ocrx_word' id='word_1_388' title='bbox 2711 3189 2828 3247; x_wconf 89' lang='lat' dir='ltr'><strong>est,</strong></span> <span class='ocrx_word' id='word_1_389' title='bbox 2855 3183 3110 3253; x_wconf 80' lang='lat' dir='ltr'><strong>quamvis</strong></span> <span class='ocrx_word' id='word_1_390' title='bbox 3142 3183 3230 3238; x_wconf 88' lang='lat' dir='ltr'><strong>his</strong></span> <span class='ocrx_word' id='word_1_391' title='bbox 3262 3184 3357 3253; x_wconf 91' lang='lat' dir='ltr'><strong>qui</strong></span> <span class='ocrx_word' id='word_1_392' title='bbox 3391 3183 3526 3238; x_wconf 82' lang='lat' dir='ltr'><strong>foris</strong></span> 
     </span>
    </p>
   </div>
   <div class='ocr_carea' id='block_1_61' title="bbox 211 3277 1526 3350">
    <p class='ocr_par' dir='ltr' id='par_1_61' title="bbox 211 3277 1526 3350">
     <span class='ocr_line' id='line_1_61' title="bbox 211 3277 1526 3350; baseline -0.002 -18"><span class='ocrx_word' id='word_1_393' title='bbox 211 3277 360 3345; x_wconf 69' lang='grc' dir='ltr'>ἄνευ,</span> <span class='ocrx_word' id='word_1_394' title='bbox 394 3279 668 3350; x_wconf 76' lang='grc' dir='ltr'>ἐνάρετος</span> <span class='ocrx_word' id='word_1_395' title='bbox 705 3278 808 3330; x_wconf 73' lang='grc' dir='ltr'><strong>οὐκ</strong></span> <span class='ocrx_word' id='word_1_396' title='bbox 844 3278 998 3331; x_wconf 80' lang='grc' dir='ltr'>ἔσται</span> <span class='ocrx_word' id='word_1_397' title='bbox 1033 3281 1061 3331; x_wconf 88' lang='lat'><strong>6</strong></span> <span class='ocrx_word' id='word_1_398' title='bbox 1091 3277 1526 3346; x_wconf 78' lang='grc' dir='ltr'>ἀγωνιζόμενος.</span> 
     </span>
    </p>
   </div>
   <div class='ocr_carea' id='block_1_62' title="bbox 280 3445 1816 3525">
    <p class='ocr_par' dir='ltr' id='par_1_62' title="bbox 280 3445 1816 3525">
     <span class='ocr_line' id='line_1_62' title="bbox 280 3445 1816 3525; baseline -0.005 -19"><span class='ocrx_word' id='word_1_399' title='bbox 280 3457 355 3523; x_wconf 70' lang='grc' dir='ltr'><strong>μ’.</strong></span> <span class='ocrx_word' id='word_1_400' title='bbox 398 3450 636 3525; x_wconf 75' lang='grc' dir='ltr'><strong>Χρυσοῦ</strong></span> <span class='ocrx_word' id='word_1_401' title='bbox 672 3451 818 3522; x_wconf 83' lang='grc' dir='ltr'>δίχα,</span> <span class='ocrx_word' id='word_1_402' title='bbox 859 3449 1050 3520; x_wconf 73' lang='grc' dir='ltr'>ὥσπερ</span> <span class='ocrx_word' id='word_1_403' title='bbox 1079 3449 1320 3519; x_wconf 73' lang='grc' dir='ltr'>ἔμπορος</span> <span class='ocrx_word' id='word_1_404' title='bbox 1346 3448 1407 3501; x_wconf 78' lang='grc' dir='ltr'>οὑ</span> <span class='ocrx_word' id='word_1_405' title='bbox 1438 3447 1684 3515; x_wconf 77' lang='grc' dir='ltr'>πέφυκεν</span> <span class='ocrx_word' id='word_1_406' title='bbox 1717 3445 1816 3516; x_wconf 66' lang='lat' dir='ltr'><strong>Ep.-</strong></span> 
     </span>
    </p>
   </div>
   <div class='ocr_carea' id='block_1_63' title="bbox 207 3541 1813 3615">
    <p class='ocr_par' dir='ltr' id='par_1_63' title="bbox 207 3541 1813 3615">
     <span class='ocr_line' id='line_1_63' title="bbox 207 3541 1813 3615; baseline -0.003 -16"><span class='ocrx_word' id='word_1_407' title='bbox 207 3560 398 3615; x_wconf 73' lang='grc' dir='ltr'>πορος,</span> <span class='ocrx_word' id='word_1_408' title='bbox 458 3543 573 3598; x_wconf 79' lang='grc' dir='ltr'><strong>κᾶν</strong></span> <span class='ocrx_word' id='word_1_409' title='bbox 621 3543 740 3596; x_wconf 84' lang='grc' dir='ltr'>λίαν</span> <span class='ocrx_word' id='word_1_410' title='bbox 793 3543 928 3615; x_wconf 83' lang='grc' dir='ltr'>πρὸς</span> <span class='ocrx_word' id='word_1_411' title='bbox 977 3543 1251 3612; x_wconf 72' lang='grc' dir='ltr'>ἐμπορίαν</span> <span class='ocrx_word' id='word_1_412' title='bbox 1287 3542 1434 3594; x_wconf 69' lang='grc' dir='ltr'>ἐστὶν</span> <span class='ocrx_word' id='word_1_413' title='bbox 1485 3541 1813 3612; x_wconf 75' lang='grc' dir='ltr'>ἐπιτήδειοςι</span> 
     </span>
    </p>
   </div>
   <div class='ocr_carea' id='block_1_64' title="bbox 205 3634 1816 3707">
    <p class='ocr_par' dir='ltr' id='par_1_64' title="bbox 205 3634 1816 3707">
     <span class='ocr_line' id='line_1_64' title="bbox 205 3634 1816 3707; baseline -0.001 -18"><span class='ocrx_word' id='word_1_414' title='bbox 205 3634 386 3699; x_wconf 76' lang='grc' dir='ltr'>οὕτως</span> <span class='ocrx_word' id='word_1_415' title='bbox 430 3637 571 3692; x_wconf 74' lang='grc' dir='ltr'>οὐδὲ</span> <span class='ocrx_word' id='word_1_416' title='bbox 606 3636 1113 3707; x_wconf 74' lang='grc' dir='ltr'>ταπεινοφροσύνης</span> <span class='ocrx_word' id='word_1_417' title='bbox 1155 3635 1346 3705; x_wconf 71' lang='grc' dir='ltr'>χωρὶς,</span> <span class='ocrx_word' id='word_1_418' title='bbox 1385 3636 1443 3686; x_wconf 82' lang='grc' dir='ltr'><strong>ἐν</strong></span> <span class='ocrx_word' id='word_1_419' title='bbox 1487 3634 1816 3704; x_wconf 76' lang='grc' dir='ltr'>κατασχέσει</span> 
     </span>
    </p>
   </div>
   <div class='ocr_carea' id='block_1_65' title="bbox 201 3724 1812 3802">
    <p class='ocr_par' dir='ltr' id='par_1_65' title="bbox 201 3724 1812 3802">
     <span class='ocr_line' id='line_1_65' title="bbox 201 3724 1812 3802; baseline -0.002 -19"><span class='ocrx_word' id='word_1_420' title='bbox 201 3730 311 3783; x_wconf 83' lang='grc' dir='ltr'><strong>τῶν</strong></span> <span class='ocrx_word' id='word_1_421' title='bbox 348 3732 452 3802; x_wconf 82' lang='grc' dir='ltr'>τῆς</span> <span class='ocrx_word' id='word_1_422' title='bbox 486 3730 700 3800; x_wconf 83' lang='grc' dir='ltr'>ἀρετῆς</span> <span class='ocrx_word' id='word_1_423' title='bbox 751 3727 926 3800; x_wconf 79' lang='grc' dir='ltr'>ήδὲων</span> <span class='ocrx_word' id='word_1_424' title='bbox 965 3727 1327 3797; x_wconf 79' lang='grc' dir='ltr'>εὑρεθήσεται</span> <span class='ocrx_word' id='word_1_425' title='bbox 1383 3727 1412 3778; x_wconf 87' lang='lat'><strong>6</strong></span> <span class='ocrx_word' id='word_1_426' title='bbox 1451 3724 1812 3796; x_wconf 83' lang='grc' dir='ltr'>ἀσκούμενος,</span> 
     </span>
    </p>
   </div>
   <div class='ocr_carea' id='block_1_66' title="bbox 203 3819 1446 3894">
    <p class='ocr_par' dir='ltr' id='par_1_66' title="bbox 203 3819 1446 3894">
     <span class='ocr_line' id='line_1_66' title="bbox 203 3819 1446 3894; baseline -0.003 -16"><span class='ocrx_word' id='word_1_427' title='bbox 203 3823 308 3878; x_wconf 79' lang='grc' dir='ltr'><strong>κᾶν</strong></span> <span class='ocrx_word' id='word_1_428' title='bbox 341 3827 542 3894; x_wconf 66' lang='grc' dir='ltr'>πάντη</span> <span class='ocrx_word' id='word_1_429' title='bbox 584 3825 652 3894; x_wconf 84' lang='grc' dir='ltr'>τῇ</span> <span class='ocrx_word' id='word_1_430' title='bbox 695 3820 893 3877; x_wconf 82' lang='grc' dir='ltr'>ἐαυτοῦ</span> <span class='ocrx_word' id='word_1_431' title='bbox 925 3820 1211 3890; x_wconf 78' lang='grc' dir='ltr'>νουνεχείᾳ</span> <span class='ocrx_word' id='word_1_432' title='bbox 1241 3819 1446 3891; x_wconf 74' lang='grc' dir='ltr'>θαρρῇ.</span> 
     </span>
    </p>
   </div>
   <div class='ocr_carea' id='block_1_67' title="bbox 277 3909 1815 3990">
    <p class='ocr_par' dir='ltr' id='par_1_67' title="bbox 277 3909 1815 3990">
     <span class='ocr_line' id='line_1_67' title="bbox 277 3909 1815 3990; baseline -0.004 -20"><span class='ocrx_word' id='word_1_433' title='bbox 277 3915 393 3990; x_wconf 83' lang='grc' dir='ltr'>μα’.</span> <span class='ocrx_word' id='word_1_434' title='bbox 421 3918 511 3990; x_wconf 81' lang='grc' dir='ltr'>Τῇ</span> <span class='ocrx_word' id='word_1_435' title='bbox 553 3911 1028 3985; x_wconf 78' lang='grc' dir='ltr'>ταπεινοφροσύνῃ</span> <span class='ocrx_word' id='word_1_436' title='bbox 1077 3915 1106 3966; x_wconf 90' lang='grc' dir='ltr'>ὁ</span> <span class='ocrx_word' id='word_1_437' title='bbox 1144 3910 1330 3975; x_wconf 75' lang='grc' dir='ltr'>ἀνιὼν,</span> <span class='ocrx_word' id='word_1_438' title='bbox 1375 3909 1692 3984; x_wconf 81' lang='grc' dir='ltr'>κατώτερος</span> <span class='ocrx_word' id='word_1_439' title='bbox 1719 3910 1815 3965; x_wconf 78' lang='grc' dir='ltr'>τοῦ</span> 
     </span>
    </p>
   </div>
   <div class='ocr_carea' id='block_1_68' title="bbox 205 4003 1817 4081">
    <p class='ocr_par' dir='ltr' id='par_1_68' title="bbox 205 4003 1817 4081">
     <span class='ocr_line' id='line_1_68' title="bbox 205 4003 1817 4081; baseline -0.004 -19"><span class='ocrx_word' id='word_1_440' title='bbox 205 4010 408 4065; x_wconf 81' lang='grc' dir='ltr'>ἐαυτοῦ</span> <span class='ocrx_word' id='word_1_441' title='bbox 467 4009 832 4081; x_wconf 74' lang='grc' dir='ltr'>φρονήματος</span> <span class='ocrx_word' id='word_1_442' title='bbox 861 4006 1092 4076; x_wconf 83' lang='grc' dir='ltr'>γίνεται·</span> <span class='ocrx_word' id='word_1_443' title='bbox 1121 4004 1398 4076; x_wconf 80' lang='grc' dir='ltr'>ἁνὼτερος</span> <span class='ocrx_word' id='word_1_444' title='bbox 1423 4003 1504 4068; x_wconf 84' lang='grc' dir='ltr'>δὲ,</span> <span class='ocrx_word' id='word_1_445' title='bbox 1540 4005 1569 4057; x_wconf 92' lang='lat'><strong>6</strong></span> <span class='ocrx_word' id='word_1_446' title='bbox 1598 4005 1817 4074; x_wconf 76' lang='grc' dir='ltr'>ἐκείνης</span> 
     </span>
    </p>
   </div>
   <div class='ocr_carea' id='block_1_69' title="bbox 209 4097 1815 4178">
    <p class='ocr_par' dir='ltr' id='par_1_69' title="bbox 209 4097 1815 4178">
     <span class='ocr_line' id='line_1_69' title="bbox 209 4097 1815 4178; baseline -0.006 -20"><span class='ocrx_word' id='word_1_447' title='bbox 209 4106 400 4178; x_wconf 64' lang='grc' dir='ltr'>ζωρὶς,</span> <span class='ocrx_word' id='word_1_448' title='bbox 461 4104 534 4166; x_wconf 76' lang='grc' dir='ltr'>ὃς</span> <span class='ocrx_word' id='word_1_449' title='bbox 568 4103 691 4156; x_wconf 81' lang='grc' dir='ltr'><strong>οὐδὲ</strong></span> <span class='ocrx_word' id='word_1_450' title='bbox 727 4100 1205 4173; x_wconf 75' lang='grc' dir='ltr'>παραμετρεῖσθαι</span> <span class='ocrx_word' id='word_1_451' title='bbox 1237 4101 1350 4162; x_wconf 85' lang='grc' dir='ltr'>τοῖς</span> <span class='ocrx_word' id='word_1_452' title='bbox 1391 4097 1700 4168; x_wconf 76' lang='grc' dir='ltr'>ἐλαχίστοις</span> <span class='ocrx_word' id='word_1_453' title='bbox 1740 4098 1815 4168; x_wconf 81' lang='lat' dir='ltr'><strong>(g)</strong></span> 
     </span>
    </p>
   </div>
   <div class='ocr_carea' id='block_1_70' title="bbox 209 4192 1816 4265">
    <p class='ocr_par' dir='ltr' id='par_1_70' title="bbox 209 4192 1816 4265">
     <span class='ocr_line' id='line_1_70' title="bbox 209 4192 1816 4265; baseline -0.002 -17"><span class='ocrx_word' id='word_1_454' title='bbox 209 4197 487 4260; x_wconf 76' lang='grc' dir='ltr'>Ξκουσίως</span> <span class='ocrx_word' id='word_1_455' title='bbox 513 4194 791 4265; x_wconf 83' lang='grc' dir='ltr'>ἀνέχεται·</span> <span class='ocrx_word' id='word_1_456' title='bbox 825 4195 919 4248; x_wconf 73' lang='grc' dir='ltr'><strong>καὶ</strong></span> <span class='ocrx_word' id='word_1_457' title='bbox 945 4194 1034 4248; x_wconf 79' lang='grc' dir='ltr'><strong>διὰ</strong></span> <span class='ocrx_word' id='word_1_458' title='bbox 1063 4193 1222 4247; x_wconf 83' lang='grc' dir='ltr'>τοῦτο</span> <span class='ocrx_word' id='word_1_459' title='bbox 1257 4194 1316 4246; x_wconf 87' lang='grc' dir='ltr'><strong>ἐν</strong></span> <span class='ocrx_word' id='word_1_460' title='bbox 1348 4195 1468 4256; x_wconf 81' lang='grc' dir='ltr'>ταῖς</span> <span class='ocrx_word' id='word_1_461' title='bbox 1506 4192 1816 4264; x_wconf 83' lang='grc' dir='ltr'>πρωτοκλι-</span> 
     </span>
    </p>
   </div>
   <div class='ocr_carea' id='block_1_71' title="bbox 205 4282 1175 4355">
    <p class='ocr_par' dir='ltr' id='par_1_71' title="bbox 205 4282 1175 4355">
     <span class='ocr_line' id='line_1_71' title="bbox 205 4282 1175 4355; baseline 0.002 -19"><span class='ocrx_word' id='word_1_462' title='bbox 205 4283 351 4348; x_wconf 82' lang='grc' dir='ltr'>σίαις</span> <span class='ocrx_word' id='word_1_463' title='bbox 395 4284 464 4338; x_wconf 78' lang='grc' dir='ltr'><strong>τὸ</strong></span> <span class='ocrx_word' id='word_1_464' title='bbox 493 4284 746 4355; x_wconf 61' lang='grc' dir='ltr'>λυπηρὸν</span> <span class='ocrx_word' id='word_1_465' title='bbox 778 4282 1175 4338; x_wconf 83' lang='grc' dir='ltr'>ἐπιδείκνυται.</span> 
     </span>
    </p>
   </div>
   <div class='ocr_carea' id='block_1_72' title="bbox 275 4377 1818 4450">
    <p class='ocr_par' dir='ltr' id='par_1_72' title="bbox 275 4377 1818 4450">
     <span class='ocr_line' id='line_1_72' title="bbox 275 4377 1818 4450; baseline -0.005 -14"><span class='ocrx_word' id='word_1_466' title='bbox 275 4379 396 4450; x_wconf 81' lang='grc' dir='ltr'><strong>μβ’.</strong></span> <span class='ocrx_word' id='word_1_467' title='bbox 433 4377 626 4432; x_wconf 82' lang='grc' dir='ltr'>Καλὸν</span> <span class='ocrx_word' id='word_1_468' title='bbox 649 4377 730 4448; x_wconf 79' lang='grc' dir='ltr'>τῷ</span> <span class='ocrx_word' id='word_1_469' title='bbox 764 4379 1046 4450; x_wconf 81' lang='grc' dir='ltr'>ἀγωνιστῇ</span> <span class='ocrx_word' id='word_1_470' title='bbox 1093 4380 1312 4449; x_wconf 74' lang='grc' dir='ltr'>φρονεῖν</span> <span class='ocrx_word' id='word_1_471' title='bbox 1353 4377 1452 4449; x_wconf 79' lang='grc' dir='ltr'><strong>μὲν</strong></span> <span class='ocrx_word' id='word_1_472' title='bbox 1485 4380 1687 4450; x_wconf 72' lang='grc' dir='ltr'>ἥττονα</span> <span class='ocrx_word' id='word_1_473' title='bbox 1718 4377 1818 4449; x_wconf 80' lang='grc' dir='ltr'>τῆς</span> 
     </span>
    </p>
   </div>
   <div class='ocr_carea' id='block_1_73' title="bbox 195 4469 1817 4546">
    <p class='ocr_par' dir='ltr' id='par_1_73' title="bbox 195 4469 1817 4546">
     <span class='ocr_line' id='line_1_73' title="bbox 195 4469 1817 4546; baseline 0 -22"><span class='ocrx_word' id='word_1_474' title='bbox 195 4472 484 4546; x_wconf 82' lang='grc' dir='ltr'>ἐργασίας</span> <span class='ocrx_word' id='word_1_475' title='bbox 543 4469 732 4538; x_wconf 78' lang='grc' dir='ltr'>αὑτοῦ,</span> <span class='ocrx_word' id='word_1_476' title='bbox 769 4472 1034 4543; x_wconf 78' lang='grc' dir='ltr'>πράττειν</span> <span class='ocrx_word' id='word_1_477' title='bbox 1071 4473 1129 4525; x_wconf 85' lang='grc' dir='ltr'><strong>δέ</strong></span> <span class='ocrx_word' id='word_1_478' title='bbox 1171 4472 1458 4544; x_wconf 69' lang='grc' dir='ltr'>κρείττονα</span> <span class='ocrx_word' id='word_1_479' title='bbox 1489 4473 1589 4543; x_wconf 82' lang='grc' dir='ltr'>τῆς</span> <span class='ocrx_word' id='word_1_480' title='bbox 1613 4471 1817 4534; x_wconf 77' lang='grc' dir='ltr'>δειλίας</span> 
     </span>
    </p>
   </div>
   <div class='ocr_carea' id='block_1_74' title="bbox 1921 3273 3525 3340">
    <p class='ocr_par' dir='ltr' id='par_1_74' title="bbox 1921 3273 3525 3340">
     <span class='ocr_line' id='line_1_74' title="bbox 1921 3273 3525 3340; baseline 0.002 -13"><span class='ocrx_word' id='word_1_481' title='bbox 1921 3281 2053 3327; x_wconf 92' lang='lat' dir='ltr'><strong>sunt</strong></span> <span class='ocrx_word' id='word_1_482' title='bbox 2081 3288 2146 3327; x_wconf 90' lang='lat' dir='ltr'><strong>ac</strong></span> <span class='ocrx_word' id='word_1_483' title='bbox 2173 3273 2453 3328; x_wconf 83' lang='lat' dir='ltr'><strong>extraneis</strong></span> <span class='ocrx_word' id='word_1_484' title='bbox 2485 3289 2596 3328; x_wconf 91' lang='lat' dir='ltr'><strong>non</strong></span> <span class='ocrx_word' id='word_1_485' title='bbox 2621 3274 2910 3340; x_wconf 88' lang='lat' dir='ltr'><strong>videatur;</strong></span> <span class='ocrx_word' id='word_1_486' title='bbox 2947 3277 3025 3329; x_wconf 89' lang='lat' dir='ltr'><strong>sic</strong></span> <span class='ocrx_word' id='word_1_487' title='bbox 3055 3275 3174 3329; x_wconf 83' lang='lat' dir='ltr'><strong>sine</strong></span> <span class='ocrx_word' id='word_1_488' title='bbox 3207 3275 3525 3330; x_wconf 89' lang='lat' dir='ltr'><strong>humilitate</strong></span> 
     </span>
    </p>
   </div>
   <div class='ocr_carea' id='block_1_75' title="bbox 1919 3364 3287 3434">
    <p class='ocr_par' dir='ltr' id='par_1_75' title="bbox 1919 3364 3287 3434">
     <span class='ocr_line' id='line_1_75' title="bbox 1919 3364 3287 3434; baseline 0.002 -18"><span class='ocrx_word' id='word_1_489' title='bbox 1919 3364 2141 3418; x_wconf 86' lang='lat' dir='ltr'><strong>virtutis</strong></span> <span class='ocrx_word' id='word_1_490' title='bbox 2172 3365 2420 3434; x_wconf 66' lang='lat' dir='ltr'><strong>palaestra</strong></span> <span class='ocrx_word' id='word_1_491' title='bbox 2453 3374 2675 3420; x_wconf 87' lang='lat' dir='ltr'><strong>certans</strong></span> <span class='ocrx_word' id='word_1_492' title='bbox 2705 3365 2993 3420; x_wconf 88' lang='lat' dir='ltr'><strong>studiosus</strong></span> <span class='ocrx_word' id='word_1_493' title='bbox 3018 3381 3129 3419; x_wconf 90' lang='lat' dir='ltr'><strong>non</strong></span> <span class='ocrx_word' id='word_1_494' title='bbox 3159 3366 3287 3420; x_wconf 84' lang='lat' dir='ltr'><strong>erit.</strong></span> 
     </span>
    </p>
   </div>
   <div class='ocr_carea' id='block_1_76' title="bbox 1989 3457 3523 3528">
    <p class='ocr_par' dir='ltr' id='par_1_76' title="bbox 1989 3457 3523 3528">
     <span class='ocr_line' id='line_1_76' title="bbox 1989 3457 3523 3528; baseline 0.003 -18"><span class='ocrx_word' id='word_1_495' title='bbox 1989 3457 2078 3511; x_wconf 79' lang='grc'><strong>40.</strong></span> <span class='ocrx_word' id='word_1_496' title='bbox 2110 3457 2589 3524; x_wconf 83' lang='lat' dir='ltr'><strong>Quemadmodum</strong></span> <span class='ocrx_word' id='word_1_497' title='bbox 2625 3468 2921 3523; x_wconf 88' lang='lat' dir='ltr'><strong>mercator,</strong></span> <span class='ocrx_word' id='word_1_498' title='bbox 2952 3474 3118 3528; x_wconf 90' lang='lat' dir='ltr'><strong>quem</strong></span> <span class='ocrx_word' id='word_1_499' title='bbox 3152 3475 3350 3514; x_wconf 89' lang='lat' dir='ltr'><strong>aurum</strong></span> <span class='ocrx_word' id='word_1_500' title='bbox 3381 3457 3523 3514; x_wconf 77' lang='lat' dir='ltr'><strong>deti-</strong></span> 
     </span>
    </p>
   </div>
   <div class='ocr_carea' id='block_1_77' title="bbox 1918 3548 3524 3616">
    <p class='ocr_par' dir='ltr' id='par_1_77' title="bbox 1918 3548 3524 3616">
     <span class='ocr_line' id='line_1_77' title="bbox 1918 3548 3524 3616; baseline 0.002 -13"><span class='ocrx_word' id='word_1_501' title='bbox 1918 3548 2050 3612; x_wconf 86' lang='lat' dir='ltr'><strong>eiat,</strong></span> <span class='ocrx_word' id='word_1_502' title='bbox 2088 3564 2191 3603; x_wconf 92' lang='lat' dir='ltr'><strong>nec</strong></span> <span class='ocrx_word' id='word_1_503' title='bbox 2232 3549 2277 3603; x_wconf 89' lang='lat' dir='ltr'><strong>si</strong></span> <span class='ocrx_word' id='word_1_504' title='bbox 2319 3549 2480 3604; x_wconf 88' lang='lat' dir='ltr'><strong>valde</strong></span> <span class='ocrx_word' id='word_1_505' title='bbox 2523 3549 2758 3606; x_wconf 89' lang='lat' dir='ltr'><strong>idoneus</strong></span> <span class='ocrx_word' id='word_1_506' title='bbox 2797 3557 3124 3607; x_wconf 75' lang='lat' dir='ltr'><strong>mercatura:</strong></span> <span class='ocrx_word' id='word_1_507' title='bbox 3167 3549 3259 3616; x_wconf 84' lang='lat' dir='ltr'><strong>sit,</strong></span> <span class='ocrx_word' id='word_1_508' title='bbox 3295 3551 3524 3607; x_wconf 88' lang='lat' dir='ltr'><strong>omnino</strong></span> 
     </span>
    </p>
   </div>
   <div class='ocr_carea' id='block_1_78' title="bbox 1916 3642 3522 3711">
    <p class='ocr_par' dir='ltr' id='par_1_78' title="bbox 1916 3642 3522 3711">
     <span class='ocr_line' id='line_1_78' title="bbox 1916 3642 3522 3711; baseline -0.001 -15"><span class='ocrx_word' id='word_1_509' title='bbox 1916 3650 2192 3698; x_wconf 88' lang='lat' dir='ltr'><strong>mercator</strong></span> <span class='ocrx_word' id='word_1_510' title='bbox 2225 3642 2456 3698; x_wconf 78' lang='lat' dir='ltr'><strong>exsistat</strong></span> <span class='ocrx_word' id='word_1_511' title='bbox 2504 3660 2517 3696; x_wconf 92' lang='lat'><strong>:</strong></span> <span class='ocrx_word' id='word_1_512' title='bbox 2564 3643 2646 3698; x_wconf 91' lang='lat' dir='ltr'><strong>sic</strong></span> <span class='ocrx_word' id='word_1_513' title='bbox 2688 3657 2793 3698; x_wconf 88' lang='lat' dir='ltr'><strong>nec</strong></span> <span class='ocrx_word' id='word_1_514' title='bbox 2835 3657 3102 3697; x_wconf 78' lang='lat' dir='ltr'><strong>exercens</strong></span> <span class='ocrx_word' id='word_1_515' title='bbox 3149 3642 3217 3696; x_wconf 91' lang='lat' dir='ltr'><strong>ad</strong></span> <span class='ocrx_word' id='word_1_516' title='bbox 3259 3642 3522 3711; x_wconf 82' lang='lat' dir='ltr'><strong>pietatem</strong></span> 
     </span>
    </p>
   </div>
   <div class='ocr_carea' id='block_1_79' title="bbox 1918 3735 3522 3805">
    <p class='ocr_par' dir='ltr' id='par_1_79' title="bbox 1918 3735 3522 3805">
     <span class='ocr_line' id='line_1_79' title="bbox 1918 3735 3522 3805; baseline -0.002 -14"><span class='ocrx_word' id='word_1_517' title='bbox 1918 3736 2037 3791; x_wconf 90' lang='lat' dir='ltr'><strong>sine</strong></span> <span class='ocrx_word' id='word_1_518' title='bbox 2078 3736 2390 3790; x_wconf 91' lang='lat' dir='ltr'><strong>humilitate</strong></span> <span class='ocrx_word' id='word_1_519' title='bbox 2425 3735 2648 3792; x_wconf 88' lang='lat' dir='ltr'><strong>virtutis</strong></span> <span class='ocrx_word' id='word_1_520' title='bbox 2685 3736 2967 3792; x_wconf 80' lang='lat' dir='ltr'><strong>fructuum</strong></span> <span class='ocrx_word' id='word_1_521' title='bbox 3011 3750 3237 3805; x_wconf 87' lang='lat' dir='ltr'><strong>compos</strong></span> <span class='ocrx_word' id='word_1_522' title='bbox 3278 3751 3522 3804; x_wconf 85' lang='lat' dir='ltr'><strong>unquam</strong></span> 
     </span>
    </p>
   </div>
   <div class='ocr_carea' id='block_1_80' title="bbox 1918 3826 3522 3898">
    <p class='ocr_par' dir='ltr' id='par_1_80' title="bbox 1918 3826 3522 3898">
     <span class='ocr_line' id='line_1_80' title="bbox 1918 3826 3522 3898; baseline -0.001 -16"><span class='ocrx_word' id='word_1_523' title='bbox 1918 3828 2264 3892; x_wconf 82' lang='lat' dir='ltr'><strong>invenietur,</strong></span> <span class='ocrx_word' id='word_1_524' title='bbox 2294 3829 2651 3898; x_wconf 83' lang='lat' dir='ltr'><strong>quantumvis</strong></span> <span class='ocrx_word' id='word_1_525' title='bbox 2686 3827 2914 3883; x_wconf 88' lang='lat' dir='ltr'><strong>omnino</strong></span> <span class='ocrx_word' id='word_1_526' title='bbox 2949 3841 3062 3882; x_wconf 68' lang='lat' dir='ltr'><strong>sua:</strong></span> <span class='ocrx_word' id='word_1_527' title='bbox 3099 3826 3336 3882; x_wconf 66' lang='lat' dir='ltr'><strong>solertiae</strong></span> <span class='ocrx_word' id='word_1_528' title='bbox 3369 3826 3522 3881; x_wconf 81' lang='lat' dir='ltr'><strong>ﬁdat.</strong></span> 
     </span>
    </p>
   </div>
   <div class='ocr_carea' id='block_1_81' title="bbox 1988 3916 3522 3986">
    <p class='ocr_par' dir='ltr' id='par_1_81' title="bbox 1988 3916 3522 3986">
     <span class='ocr_line' id='line_1_81' title="bbox 1988 3916 3522 3986; baseline -0.001 -13"><span class='ocrx_word' id='word_1_529' title='bbox 1988 3919 2078 3974; x_wconf 71' lang='grc'><strong>41.</strong></span> <span class='ocrx_word' id='word_1_530' title='bbox 2109 3917 2213 3986; x_wconf 92' lang='lat' dir='ltr'><strong>Qui</strong></span> <span class='ocrx_word' id='word_1_531' title='bbox 2255 3935 2452 3974; x_wconf 88' lang='lat' dir='ltr'><strong>sensus</strong></span> <span class='ocrx_word' id='word_1_532' title='bbox 2490 3919 2761 3974; x_wconf 90' lang='lat' dir='ltr'><strong>modestia</strong></span> <span class='ocrx_word' id='word_1_533' title='bbox 2797 3933 2862 3973; x_wconf 92' lang='lat' dir='ltr'><strong>ac</strong></span> <span class='ocrx_word' id='word_1_534' title='bbox 2895 3917 3210 3973; x_wconf 84' lang='lat' dir='ltr'><strong>humilitate</strong></span> <span class='ocrx_word' id='word_1_535' title='bbox 3245 3916 3522 3983; x_wconf 87' lang='lat' dir='ltr'><strong>ascendit,</strong></span> 
     </span>
    </p>
   </div>
   <div class='ocr_carea' id='block_1_82' title="bbox 1917 4009 3528 4087">
    <p class='ocr_par' dir='ltr' id='par_1_82' title="bbox 1917 4009 3528 4087">
     <span class='ocr_line' id='line_1_82' title="bbox 1917 4009 3528 4087; baseline -0.001 -21"><span class='ocrx_word' id='word_1_536' title='bbox 1917 4026 2081 4066; x_wconf 90' lang='lat' dir='ltr'><strong>sensu</strong></span> <span class='ocrx_word' id='word_1_537' title='bbox 2117 4026 2219 4066; x_wconf 91' lang='lat' dir='ltr'><strong>suo</strong></span> <span class='ocrx_word' id='word_1_538' title='bbox 2252 4011 2521 4082; x_wconf 88' lang='lat' dir='ltr'><strong>dejectior</strong></span> <span class='ocrx_word' id='word_1_539' title='bbox 2551 4011 2834 4078; x_wconf 87' lang='lat' dir='ltr'><strong>redditur;</strong></span> <span class='ocrx_word' id='word_1_540' title='bbox 2867 4010 2961 4081; x_wconf 90' lang='lat' dir='ltr'><strong>qui</strong></span> <span class='ocrx_word' id='word_1_541' title='bbox 2997 4025 3131 4065; x_wconf 91' lang='lat' dir='ltr'><strong>vero</strong></span> <span class='ocrx_word' id='word_1_542' title='bbox 3168 4009 3377 4080; x_wconf 88' lang='lat' dir='ltr'><strong>absque</strong></span> <span class='ocrx_word' id='word_1_543' title='bbox 3409 4009 3528 4087; x_wconf 75' lang='lat' dir='ltr'><strong>illa,-</strong></span> 
     </span>
    </p>
   </div>
   <div class='ocr_carea' id='block_1_83' title="bbox 1917 4101 3517 4174">
    <p class='ocr_par' dir='ltr' id='par_1_83' title="bbox 1917 4101 3517 4174">
     <span class='ocr_line' id='line_1_83' title="bbox 1917 4101 3517 4174; baseline 0.001 -16"><span class='ocrx_word' id='word_1_544' title='bbox 1917 4105 2102 4168; x_wconf 89' lang='lat' dir='ltr'><strong>altior,</strong></span> <span class='ocrx_word' id='word_1_545' title='bbox 2133 4119 2198 4158; x_wconf 89' lang='lat' dir='ltr'><strong>ac</strong></span> <span class='ocrx_word' id='word_1_546' title='bbox 2227 4119 2330 4159; x_wconf 91' lang='lat' dir='ltr'><strong>nec</strong></span> <span class='ocrx_word' id='word_1_547' title='bbox 2363 4103 2612 4159; x_wconf 88' lang='lat' dir='ltr'><strong>minimis</strong></span> <span class='ocrx_word' id='word_1_548' title='bbox 2644 4104 2843 4159; x_wconf 90' lang='lat' dir='ltr'><strong>lubens</strong></span> <span class='ocrx_word' id='word_1_549' title='bbox 2878 4104 3135 4174; x_wconf 89' lang='lat' dir='ltr'><strong>componi</strong></span> <span class='ocrx_word' id='word_1_550' title='bbox 3169 4103 3318 4158; x_wconf 86' lang='lat' dir='ltr'><strong>velit.</strong></span> <span class='ocrx_word' id='word_1_551' title='bbox 3352 4101 3517 4161; x_wconf 80' lang='lat' dir='ltr'><strong>Hinc-</strong></span> 
     </span>
    </p>
   </div>
   <div class='ocr_carea' id='block_1_84' title="bbox 1917 4194 3524 4270">
    <p class='ocr_par' dir='ltr' id='par_1_84' title="bbox 1917 4194 3524 4270">
     <span class='ocr_line' id='line_1_84' title="bbox 1917 4194 3524 4270; baseline -0.001 -20"><span class='ocrx_word' id='word_1_552' title='bbox 1917 4211 2025 4266; x_wconf 89' lang='lat' dir='ltr'><strong>que</strong></span> <span class='ocrx_word' id='word_1_553' title='bbox 2073 4196 2211 4252; x_wconf 88' lang='lat' dir='ltr'><strong>adeo</strong></span> <span class='ocrx_word' id='word_1_554' title='bbox 2260 4197 2351 4262; x_wconf 84' lang='lat' dir='ltr'><strong>ﬁt,</strong></span> <span class='ocrx_word' id='word_1_555' title='bbox 2385 4206 2447 4252; x_wconf 92' lang='lat' dir='ltr'><strong>ut</strong></span> <span class='ocrx_word' id='word_1_556' title='bbox 2493 4197 2548 4252; x_wconf 89' lang='lat' dir='ltr'><strong>in</strong></span> <span class='ocrx_word' id='word_1_557' title='bbox 2593 4196 2792 4267; x_wconf 90' lang='lat' dir='ltr'><strong>primis</strong></span> <span class='ocrx_word' id='word_1_558' title='bbox 2833 4196 3190 4252; x_wconf 87' lang='lat' dir='ltr'><strong>consessibus</strong></span> <span class='ocrx_word' id='word_1_559' title='bbox 3221 4194 3524 4270; x_wconf 73' lang='lat' dir='ltr'><strong>tristitiam</strong></span> 
     </span>
    </p>
   </div>
   <div class='ocr_carea' id='block_1_85' title="bbox 1917 4280 2596 4358">
    <p class='ocr_par' dir='ltr' id='par_1_85' title="bbox 1917 4280 2596 4358">
     <span class='ocr_line' id='line_1_85' title="bbox 1917 4280 2596 4358; baseline 0.001 -17"><span class='ocrx_word' id='word_1_560' title='bbox 1917 4287 2118 4358; x_wconf 87' lang='lat' dir='ltr'><strong>prodat</strong></span> <span class='ocrx_word' id='word_1_561' title='bbox 2135 4287 2180 4342; x_wconf 79' lang='grc'><strong>⁸.</strong></span> <span class='ocrx_word' id='word_1_562' title='bbox 2594 4280 2596 4282; x_wconf 53' lang='grc'>’</span> 
     </span>
    </p>
   </div>
   <div class='ocr_carea' id='block_1_86' title="bbox 1987 4379 3525 4453">
    <p class='ocr_par' dir='ltr' id='par_1_86' title="bbox 1987 4379 3525 4453">
     <span class='ocr_line' id='line_1_86' title="bbox 1987 4379 3525 4453; baseline 0.001 -19"><span class='ocrx_word' id='word_1_563' title='bbox 1987 4380 2078 4435; x_wconf 72' lang='grc'><strong>42.</strong></span> <span class='ocrx_word' id='word_1_564' title='bbox 2129 4380 2360 4436; x_wconf 82' lang='lat' dir='ltr'><strong>Praestat</strong></span> <span class='ocrx_word' id='word_1_565' title='bbox 2408 4381 2649 4453; x_wconf 82' lang='lat' dir='ltr'><strong>pugilem</strong></span> <span class='ocrx_word' id='word_1_566' title='bbox 2695 4380 2922 4436; x_wconf 77' lang='lat' dir='ltr'><strong>virtutis</strong></span> <span class='ocrx_word' id='word_1_567' title='bbox 2972 4380 3265 4451; x_wconf 64' lang='lat' dir='ltr'><strong>palaestra,</strong></span> <span class='ocrx_word' id='word_1_568' title='bbox 3307 4379 3525 4435; x_wconf 86' lang='lat' dir='ltr'><strong>minora</strong></span> 
     </span>
    </p>
   </div>
   <div class='ocr_carea' id='block_1_87' title="bbox 1918 4472 3527 4544">
    <p class='ocr_par' dir='ltr' id='par_1_87' title="bbox 1918 4472 3527 4544">
     <span class='ocr_line' id='line_1_87' title="bbox 1918 4472 3527 4544; baseline 0 -18"><span class='ocrx_word' id='word_1_569' title='bbox 1918 4486 2114 4542; x_wconf 87' lang='lat' dir='ltr'><strong>sapere</strong></span> <span class='ocrx_word' id='word_1_570' title='bbox 2139 4487 2304 4542; x_wconf 89' lang='lat' dir='ltr'><strong>quam</strong></span> <span class='ocrx_word' id='word_1_571' title='bbox 2334 4488 2435 4543; x_wconf 92' lang='lat' dir='ltr'><strong>pro</strong></span> <span class='ocrx_word' id='word_1_572' title='bbox 2462 4488 2564 4528; x_wconf 92' lang='lat' dir='ltr'><strong>suo</strong></span> <span class='ocrx_word' id='word_1_573' title='bbox 2594 4488 2798 4544; x_wconf 88' lang='lat' dir='ltr'><strong>opere;</strong></span> <span class='ocrx_word' id='word_1_574' title='bbox 2833 4472 3049 4544; x_wconf 87' lang='lat' dir='ltr'><strong>potiora</strong></span> <span class='ocrx_word' id='word_1_575' title='bbox 3073 4489 3208 4528; x_wconf 86' lang='lat' dir='ltr'><strong>vero</strong></span> <span class='ocrx_word' id='word_1_576' title='bbox 3230 4487 3395 4542; x_wconf 88' lang='lat' dir='ltr'><strong>quam</strong></span> <span class='ocrx_word' id='word_1_577' title='bbox 3427 4487 3527 4540; x_wconf 89' lang='lat' dir='ltr'><strong>pro</strong></span> 
     </span>
    </p>
   </div>
   <div class='ocr_carea' id='block_1_88' title="bbox 194 4562 1822 4636">
    <p class='ocr_par' dir='ltr' id='par_1_88' title="bbox 194 4562 1814 4634">
     <span class='ocr_line' id='line_1_88' title="bbox 194 4562 1814 4634; baseline -0.002 -14"><span class='ocrx_word' id='word_1_578' title='bbox 194 4563 398 4620; x_wconf 78' lang='grc' dir='ltr'>αὐτοῦ.</span> <span class='ocrx_word' id='word_1_579' title='bbox 438 4562 608 4618; x_wconf 77' lang='grc' dir='ltr'>Οὕτω</span> <span class='ocrx_word' id='word_1_580' title='bbox 645 4563 753 4632; x_wconf 81' lang='grc' dir='ltr'>γὰρ</span> <span class='ocrx_word' id='word_1_581' title='bbox 794 4562 863 4617; x_wconf 85' lang='grc' dir='ltr'>ἂν</span> <span class='ocrx_word' id='word_1_582' title='bbox 909 4565 1004 4616; x_wconf 65' lang='grc' dir='ltr'>καὶ</span> <span class='ocrx_word' id='word_1_583' title='bbox 1049 4563 1359 4634; x_wconf 80' lang='grc' dir='ltr'>ἀνθρώποις</span> <span class='ocrx_word' id='word_1_584' title='bbox 1387 4564 1686 4633; x_wconf 74' lang='grc' dir='ltr'>αἰδέσιμος,</span> <span class='ocrx_word' id='word_1_585' title='bbox 1719 4564 1814 4616; x_wconf 75' lang='grc' dir='ltr'><strong>καὶ</strong></span> 
     </span>
    </p>
   </div>
   <div class='ocr_carea' id='block_1_89' title="bbox 1941 4562 3524 4636">
    <p class='ocr_par' dir='ltr' id='par_1_89' title="bbox 1941 4562 3524 4636">
     <span class='ocr_line' id='line_1_89' title="bbox 1941 4562 3524 4636; baseline 0.002 -24"><span class='ocrx_word' id='word_1_586' title='bbox 1941 4578 2017 4618; x_wconf 90' lang='lat' dir='ltr'><strong>.ua</strong></span> <span class='ocrx_word' id='word_1_587' title='bbox 2042 4562 2336 4619; x_wconf 79' lang='lat' dir='ltr'><strong>formidine</strong></span> <span class='ocrx_word' id='word_1_588' title='bbox 2363 4579 2426 4618; x_wconf 88' lang='lat' dir='ltr'><strong>ac</strong></span> <span class='ocrx_word' id='word_1_589' title='bbox 2452 4564 2669 4636; x_wconf 78' lang='lat' dir='ltr'><strong>ignavia</strong></span> <span class='ocrx_word' id='word_1_590' title='bbox 2694 4580 2882 4634; x_wconf 78' lang='lat' dir='ltr'><strong>agere.</strong></span> <span class='ocrx_word' id='word_1_591' title='bbox 2904 4563 3002 4619; x_wconf 89' lang='lat' dir='ltr'><strong>Sic</strong></span> <span class='ocrx_word' id='word_1_592' title='bbox 3030 4566 3182 4618; x_wconf 85' lang='lat' dir='ltr'><strong>enim</strong></span> <span class='ocrx_word' id='word_1_593' title='bbox 3210 4573 3324 4618; x_wconf 89' lang='lat' dir='ltr'><strong>tum</strong></span> <span class='ocrx_word' id='word_1_594' title='bbox 3352 4563 3524 4616; x_wconf 86' lang='lat' dir='ltr'><strong>homi-</strong></span> 
     </span>
    </p>
   </div>
   <div class='ocr_carea' id='block_1_90' title="bbox 191 4655 1560 4732">
    <p class='ocr_par' dir='ltr' id='par_1_90' title="bbox 191 4655 1560 4732">
     <span class='ocr_line' id='line_1_90' title="bbox 191 4655 1560 4732; baseline -0.002 -18"><span class='ocrx_word' id='word_1_595' title='bbox 191 4656 322 4732; x_wconf 82' lang='grc' dir='ltr'><strong>Θεῷ</strong></span> <span class='ocrx_word' id='word_1_596' title='bbox 351 4655 642 4731; x_wconf 77' lang='grc' dir='ltr'>ἐργάπης</span> <span class='ocrx_word' id='word_1_597' title='bbox 681 4655 1002 4726; x_wconf 82' lang='grc' dir='ltr'>εὑρίσκεται.</span> <span class='ocrx_word' id='word_1_598' title='bbox 1042 4656 1560 4727; x_wconf 71' lang='grc' dir='ltr'>ἀνεπαίσχυντος.</span> 
     </span>
    </p>
   </div>
   <div class='ocr_carea' id='block_1_91' title="bbox 269 4836 1822 4915">
    <p class='ocr_par' dir='ltr' id='par_1_91' title="bbox 269 4836 1822 4915">
     <span class='ocr_line' id='line_1_91' title="bbox 269 4836 1822 4915; baseline -0.01 -14"><span class='ocrx_word' id='word_1_599' title='bbox 269 4849 398 4915; x_wconf 85' lang='grc' dir='ltr'>μγ’.</span> <span class='ocrx_word' id='word_1_600' title='bbox 437 4841 519 4896; x_wconf 82' lang='grc' dir='ltr'><strong>’Ἦ</strong></span> <span class='ocrx_word' id='word_1_601' title='bbox 559 4837 966 4912; x_wconf 77' lang='grc' dir='ltr'>κατορθοῦσθαι</span> <span class='ocrx_word' id='word_1_602' title='bbox 1001 4839 1084 4892; x_wconf 80' lang='grc' dir='ltr'>δεῖ</span> <span class='ocrx_word' id='word_1_603' title='bbox 1109 4837 1184 4911; x_wconf 85' lang='grc' dir='ltr'><strong>(Ιι)</strong></span> <span class='ocrx_word' id='word_1_604' title='bbox 1210 4836 1348 4908; x_wconf 69' lang='grc' dir='ltr'>πρὸς</span> <span class='ocrx_word' id='word_1_605' title='bbox 1388 4836 1572 4902; x_wconf 70' lang='grc' dir='ltr'>πάσας</span> <span class='ocrx_word' id='word_1_606' title='bbox 1599 4837 1702 4902; x_wconf 78' lang='grc' dir='ltr'>τὰς</span> <span class='ocrx_word' id='word_1_607' title='bbox 1733 4837 1822 4890; x_wconf 69' lang='grc' dir='ltr'>ἐν.</span> 
     </span>
    </p>
   </div>
   <div class='ocr_carea' id='block_1_92' title="bbox 265 4955 1478 5048">
    <p class='ocr_par' dir='ltr' id='par_1_92' title="bbox 265 4955 1478 5048">
     <span class='ocr_line' id='line_1_92' title="bbox 265 4955 1478 5048; baseline -0.007 -6"><span class='ocrx_word' id='word_1_608' title='bbox 265 4987 291 5022; x_wconf 81' lang='grc'><strong>⁸</strong></span> <span class='ocrx_word' id='word_1_609' title='bbox 315 4985 474 5041; x_wconf 89' lang='lat' dir='ltr'><strong>Luc.</strong></span> <span class='ocrx_word' id='word_1_610' title='bbox 514 4998 624 5048; x_wconf 79' lang='lat' dir='ltr'><strong>xw,</strong></span> <span class='ocrx_word' id='word_1_611' title='bbox 651 4983 705 5048; x_wconf 88' lang='lat'><strong>7;</strong></span> <span class='ocrx_word' id='word_1_612' title='bbox 732 4996 820 5046; x_wconf 75' lang='lat' dir='ltr'><strong>xx,</strong></span> <span class='ocrx_word' id='word_1_613' title='bbox 858 4979 948 5036; x_wconf 73' lang='grc'><strong>46.</strong></span> <span class='ocrx_word' id='word_1_614' title='bbox 1026 4979 1048 5012; x_wconf 81' lang='grc'><strong><em>⁹</em></strong></span> <span class='ocrx_word' id='word_1_615' title='bbox 1073 4979 1096 5035; x_wconf 86' lang='grc' dir='ltr'>Ι</span> <span class='ocrx_word' id='word_1_616' title='bbox 1120 4955 1272 5044; x_wconf 55' lang='lat' dir='ltr'><strong>Tim;</strong></span> <span class='ocrx_word' id='word_1_617' title='bbox 1295 4994 1354 5044; x_wconf 85' lang='grc' dir='ltr'><strong>ιι,</strong></span> <span class='ocrx_word' id='word_1_618' title='bbox 1388 4977 1478 5038; x_wconf 74' lang='grc'><strong>15.</strong></span> 
     </span>
    </p>
   </div>
   <div class='ocr_carea' id='block_1_93' title="bbox 266 5093 1822 5175">
    <p class='ocr_par' dir='ltr' id='par_1_93' title="bbox 266 5093 1822 5175">
     <span class='ocr_line' id='line_1_93' title="bbox 266 5093 1822 5175; baseline -0.025 -1"><span class='ocrx_word' id='word_1_619' title='bbox 266 5103 339 5175; x_wconf 77' lang='grc' dir='ltr'><strong>(Γ)</strong></span> <span class='ocrx_word' id='word_1_620' title='bbox 395 5100 474 5152; x_wconf 78' lang='grc' dir='ltr'>ὀ</span> <span class='ocrx_word' id='word_1_621' title='bbox 501 5095 594 5175; x_wconf 73' lang='grc' dir='ltr'><strong>,τῷ</strong></span> <span class='ocrx_word' id='word_1_622' title='bbox 627 5094 979 5175; x_wconf 62' lang='grc' dir='ltr'>λυξτήσαντι</span> <span class='ocrx_word' id='word_1_623' title='bbox 1007 5094 1251 5175; x_wconf 66' lang='grc' dir='ltr'>ἀᾷίκως.</span> <span class='ocrx_word' id='word_1_624' title='bbox 1279 5093 1516 5175; x_wconf 76' lang='lat' dir='ltr'><strong>Coactus</strong></span> <span class='ocrx_word' id='word_1_625' title='bbox 1546 5108 1670 5175; x_wconf 70' lang='lat' dir='ltr'><strong>sum</strong></span> <span class='ocrx_word' id='word_1_626' title='bbox 1697 5109 1822 5150; x_wconf 83' lang='lat' dir='ltr'><strong>mu-</strong></span> 
     </span>
    </p>
   </div>
   <div class='ocr_carea' id='block_1_94' title="bbox 186 5164 1824 5243">
    <p class='ocr_par' dir='ltr' id='par_1_94' title="bbox 186 5164 1824 5243">
     <span class='ocr_line' id='line_1_94' title="bbox 186 5164 1824 5243; baseline -0.007 -13"><span class='ocrx_word' id='word_1_627' title='bbox 186 5164 520 5243; x_wconf 49' lang='lat' dir='ltr'><strong>tat-‘é&#39;quod</strong></span> <span class='ocrx_word' id='word_1_628' title='bbox 556 5167 886 5243; x_wconf 72' lang='lat' dir='ltr'><strong>mendosum</strong></span> <span class='ocrx_word' id='word_1_629' title='bbox 920 5165 1150 5243; x_wconf 75' lang='lat' dir='ltr'><strong>omnino</strong></span> <span class='ocrx_word' id='word_1_630' title='bbox 1195 5164 1531 5243; x_wconf 64' lang='lat' dir='ltr'><strong>apparebat,</strong></span> <span class='ocrx_word' id='word_1_631' title='bbox 1558 5165 1824 5243; x_wconf 75' lang='lat' dir='ltr'><strong>nulloque</strong></span> 
     </span>
    </p>
   </div>
   <div class='ocr_carea' id='block_1_95' title="bbox 184 5236 1823 5318">
    <p class='ocr_par' dir='ltr' id='par_1_95' title="bbox 184 5236 1823 5318">
     <span class='ocr_line' id='line_1_95' title="bbox 184 5236 1823 5318; baseline -0.009 -15"><span class='ocrx_word' id='word_1_632' title='bbox 184 5236 568 5318; x_wconf 50' lang='lat' dir='ltr'><strong>apto-sensu</strong></span> <span class='ocrx_word' id='word_1_633' title='bbox 615 5253 647 5292; x_wconf 92' lang='lat' dir='ltr'><strong>a</strong></span> <span class='ocrx_word' id='word_1_634' title='bbox 689 5237 928 5318; x_wconf 62' lang='lat' dir='ltr'><strong>Maximo</strong></span> <span class='ocrx_word' id='word_1_635' title='bbox 970 5236 1138 5318; x_wconf 69' lang='lat' dir='ltr'><strong>scribi</strong></span> <span class='ocrx_word' id='word_1_636' title='bbox 1179 5237 1823 5318; x_wconf 43' lang='lat' dir='ltr'><strong>po.tuerat_,__&gt;.u§qcay~:t</strong></span> 
     </span>
    </p>
   </div>
   <div class='ocr_carea' id='block_1_96' title="bbox 1921 4646 3526 4726">
    <p class='ocr_par' dir='ltr' id='par_1_96' title="bbox 1921 4646 3526 4726">
     <span class='ocr_line' id='line_1_96' title="bbox 1921 4646 3526 4726; baseline 0.001 -19"><span class='ocrx_word' id='word_1_637' title='bbox 1921 4653 2092 4708; x_wconf 88' lang='lat' dir='ltr'><strong>nibus</strong></span> <span class='ocrx_word' id='word_1_638' title='bbox 2119 4646 2480 4718; x_wconf 74' lang='lat' dir='ltr'><strong>venerabilis,</strong></span> <span class='ocrx_word' id='word_1_639' title='bbox 2515 4661 2628 4708; x_wconf 89' lang='lat' dir='ltr'><strong>tum</strong></span> <span class='ocrx_word' id='word_1_640' title='bbox 2652 4655 2767 4709; x_wconf 86' lang='lat' dir='ltr'><strong>Deo</strong></span> <span class='ocrx_word' id='word_1_641' title='bbox 2796 4656 3072 4726; x_wconf 77' lang='lat' dir='ltr'><strong>operarius</strong></span> <span class='ocrx_word' id='word_1_642' title='bbox 3101 4654 3484 4724; x_wconf 70' lang='grc' dir='ltr'>ἱηροηίιιείὸἰίίε</span> <span class='ocrx_word' id='word_1_643' title='bbox 3505 4656 3526 4687; x_wconf 86' lang='grc'><strong>⁹</strong></span> 
     </span>
    </p>
   </div>
   <div class='ocr_carea' id='block_1_97' title="bbox 1926 4745 2264 4800">
    <p class='ocr_par' dir='ltr' id='par_1_97' title="bbox 1926 4745 2264 4800">
     <span class='ocr_line' id='line_1_97' title="bbox 1926 4745 2264 4800; baseline 0 0"><span class='ocrx_word' id='word_1_644' title='bbox 1926 4745 2264 4800; x_wconf 85' lang='lat' dir='ltr'><strong>invenietur.</strong></span> 
     </span>
    </p>
   </div>
   <div class='ocr_carea' id='block_1_98' title="bbox 2001 4838 3526 4912">
    <p class='ocr_par' dir='ltr' id='par_1_98' title="bbox 2001 4838 3526 4912">
     <span class='ocr_line' id='line_1_98' title="bbox 2001 4838 3526 4912; baseline 0.005 -19"><span class='ocrx_word' id='word_1_645' title='bbox 2001 4839 2092 4894; x_wconf 72' lang='grc' dir='ltr'><strong>ιδ.</strong></span> <span class='ocrx_word' id='word_1_646' title='bbox 2124 4844 2233 4894; x_wconf 78' lang='lat' dir='ltr'><strong>Ant</strong></span> <span class='ocrx_word' id='word_1_647' title='bbox 2277 4840 2372 4895; x_wconf 84' lang='lat' dir='ltr'><strong>Dei</strong></span> <span class='ocrx_word' id='word_1_648' title='bbox 2419 4838 2677 4894; x_wconf 90' lang='lat' dir='ltr'><strong>mandata</strong></span> <span class='ocrx_word' id='word_1_649' title='bbox 2721 4840 2908 4896; x_wconf 87' lang='lat' dir='ltr'><strong>omnia</strong></span> <span class='ocrx_word' id='word_1_650' title='bbox 2953 4839 3253 4912; x_wconf 88' lang='lat' dir='ltr'><strong>adimpleat</strong></span> <span class='ocrx_word' id='word_1_651' title='bbox 3298 4857 3526 4901; x_wconf 80' lang='lat' dir='ltr'><strong>necesse</strong></span> 
     </span>
    </p>
   </div>
   <div class='ocr_carea' id='block_1_99' title="bbox 1922 5095 3523 5160">
    <p class='ocr_par' dir='ltr' id='par_1_99' title="bbox 1922 5095 3523 5160">
     <span class='ocr_line' id='line_1_99' title="bbox 1922 5095 3523 5160; baseline -0.001 -8"><span class='ocrx_word' id='word_1_652' title='bbox 1922 5096 2142 5152; x_wconf 77' lang='lat' dir='ltr'><strong>(entiam</strong></span> <span class='ocrx_word' id='word_1_653' title='bbox 2175 5111 2295 5148; x_wconf 88' lang='lat' dir='ltr'><strong>cum</strong></span> <span class='ocrx_word' id='word_1_654' title='bbox 2333 5095 2643 5151; x_wconf 75' lang='lat' dir='ltr'><strong>adversario</strong></span> <span class='ocrx_word' id='word_1_655' title='bbox 2679 5106 2768 5150; x_wconf 82' lang='lat' dir='ltr'><strong>tuo</strong></span> <span class='ocrx_word' id='word_1_656' title='bbox 2803 5097 2938 5160; x_wconf 77' lang='lat' dir='ltr'><strong>cito,</strong></span> <span class='ocrx_word' id='word_1_657' title='bbox 2971 5095 3053 5150; x_wconf 86' lang='lat' dir='ltr'><strong>uti</strong></span> <span class='ocrx_word' id='word_1_658' title='bbox 3092 5095 3274 5150; x_wconf 87' lang='lat' dir='ltr'><strong>reddit</strong></span> <span class='ocrx_word' id='word_1_659' title='bbox 3309 5096 3523 5152; x_wconf 77' lang='lat' dir='ltr'><strong>Erasnt.</strong></span> 
     </span>
    </p>
   </div>
   <div class='ocr_carea' id='block_1_100' title="bbox 1922 5167 3521 5250">
    <p class='ocr_par' dir='ltr' id='par_1_100' title="bbox 1922 5167 3521 5250">
     <span class='ocr_line' id='line_1_100' title="bbox 1922 5167 3521 5250; baseline 0 -27"><span class='ocrx_word' id='word_1_660' title='bbox 1922 5184 1986 5250; x_wconf 68' lang='lat' dir='ltr'><strong>ac</strong></span> <span class='ocrx_word' id='word_1_661' title='bbox 2021 5168 2211 5249; x_wconf 58' lang='lat' dir='ltr'><strong>graeca</strong></span> <span class='ocrx_word' id='word_1_662' title='bbox 2248 5176 2477 5232; x_wconf 89' lang='lat' dir='ltr'><strong>sonant;</strong></span> <span class='ocrx_word' id='word_1_663' title='bbox 2518 5176 2841 5250; x_wconf 75' lang='lat' dir='ltr'><strong>spectatque</strong></span> <span class='ocrx_word' id='word_1_664' title='bbox 2880 5177 2932 5250; x_wconf 76' lang='lat' dir='ltr'><strong>et</strong></span> <span class='ocrx_word' id='word_1_665' title='bbox 2976 5167 3233 5250; x_wconf 59' lang='lat' dir='ltr'><strong>istudad</strong></span> <span class='ocrx_word' id='word_1_666' title='bbox 3276 5169 3521 5250; x_wconf 74' lang='lat' dir='ltr'><strong>reconci-</strong></span> 
     </span>
    </p>
   </div>
   <div class='ocr_carea' id='block_1_101' title="bbox 1921 5237 3526 5320">
    <p class='ocr_par' dir='ltr' id='par_1_101' title="bbox 1921 5237 3526 5320">
     <span class='ocr_line' id='line_1_101' title="bbox 1921 5237 3526 5320; baseline 0.001 -27"><span class='ocrx_word' id='word_1_667' title='bbox 1921 5238 2234 5320; x_wconf 73' lang='lat' dir='ltr'><strong>liationem,</strong></span> <span class='ocrx_word' id='word_1_668' title='bbox 2267 5253 2375 5320; x_wconf 74' lang='lat' dir='ltr'><strong>qua</strong></span> <span class='ocrx_word' id='word_1_669' title='bbox 2407 5237 2717 5320; x_wconf 80' lang='lat' dir='ltr'><strong>studemus,</strong></span> <span class='ocrx_word' id='word_1_670' title='bbox 2735 5237 2970 5320; x_wconf 65' lang='lat' dir='ltr'><strong>injurire</strong></span> <span class='ocrx_word' id='word_1_671' title='bbox 3001 5238 3181 5320; x_wconf 69' lang='lat' dir='ltr'><strong>obliti.</strong></span> <span class='ocrx_word' id='word_1_672' title='bbox 3216 5254 3258 5291; x_wconf 72' lang='lat' dir='ltr'><strong>sn</strong></span> <span class='ocrx_word' id='word_1_673' title='bbox 3297 5239 3429 5320; x_wconf 84' lang='lat' dir='ltr'><strong>quid</strong></span> <span class='ocrx_word' id='word_1_674' title='bbox 3465 5257 3526 5294; x_wconf 87' lang='lat' dir='ltr'><strong>ea</strong></span> 
     </span>
    </p>
   </div>
   <div class='ocr_carea' id='block_1_102' title="bbox 1923 5307 3418 5372">
    <p class='ocr_par' dir='ltr' id='par_1_102' title="bbox 1923 5307 3418 5372">
     <span class='ocr_line' id='line_1_102' title="bbox 1923 5307 3418 5372; baseline -0.001 -8"><span class='ocrx_word' id='word_1_675' title='bbox 1923 5309 2050 5364; x_wconf 61' lang='lat' dir='ltr'><strong>laesa</strong></span> <span class='ocrx_word' id='word_1_676' title='bbox 2079 5308 2466 5363; x_wconf 87' lang='lat' dir='ltr'><strong>benevolentia</strong></span> <span class='ocrx_word' id='word_1_677' title='bbox 2497 5318 2602 5372; x_wconf 87' lang='lat' dir='ltr'><strong>est,</strong></span> <span class='ocrx_word' id='word_1_678' title='bbox 2629 5307 3101 5364; x_wconf 84' lang='lat' dir='ltr'><strong>sanioriconsilio</strong></span> <span class='ocrx_word' id='word_1_679' title='bbox 3131 5310 3418 5362; x_wconf 73' lang='lat' dir='ltr'><strong>resarcire.</strong></span> 
     </span>
    </p>
   </div>
   <div class='ocr_carea' id='block_1_103' title="bbox 2012 5378 3518 5450">
    <p class='ocr_par' dir='ltr' id='par_1_103' title="bbox 2012 5378 3518 5450">
     <span class='ocr_line' id='line_1_103' title="bbox 2012 5378 3518 5450; baseline 0.001 -18"><span class='ocrx_word' id='word_1_680' title='bbox 2012 5382 2088 5450; x_wconf 84' lang='lat' dir='ltr'><strong>(g)</strong></span> <span class='ocrx_word' id='word_1_681' title='bbox 2120 5378 2632 5447; x_wconf 76' lang='grc' dir='ltr'>Παραμετρεῖσθαι</span> <span class='ocrx_word' id='word_1_682' title='bbox 2657 5381 2783 5445; x_wconf 82' lang='grc' dir='ltr'>τοῖς</span> <span class='ocrx_word' id='word_1_683' title='bbox 2804 5380 3174 5446; x_wconf 80' lang='grc' dir='ltr'>ἐλαχίστοις.</span> <span class='ocrx_word' id='word_1_684' title='bbox 3197 5379 3323 5434; x_wconf 74' lang='lat' dir='ltr'><strong>lla-c</strong></span> <span class='ocrx_word' id='word_1_685' title='bbox 3347 5379 3518 5433; x_wconf 89' lang='lat' dir='ltr'><strong>humi-</strong></span> 
     </span>
    </p>
   </div>
   <div class='ocr_carea' id='block_1_104' title="bbox 1927 5449 3526 5520">
    <p class='ocr_par' dir='ltr' id='par_1_104' title="bbox 1927 5449 3526 5520">
     <span class='ocr_line' id='line_1_104' title="bbox 1927 5449 3526 5520; baseline 0 -16"><span class='ocrx_word' id='word_1_686' title='bbox 1927 5449 2102 5506; x_wconf 86' lang='lat' dir='ltr'><strong>litatis</strong></span> <span class='ocrx_word' id='word_1_687' title='bbox 2139 5450 2406 5520; x_wconf 81' lang='lat' dir='ltr'><strong>perfectio</strong></span> <span class='ocrx_word' id='word_1_688' title='bbox 2446 5458 2550 5516; x_wconf 87' lang='lat' dir='ltr'><strong>est,</strong></span> <span class='ocrx_word' id='word_1_689' title='bbox 2580 5465 2645 5504; x_wconf 90' lang='lat' dir='ltr'><strong>ac</strong></span> <span class='ocrx_word' id='word_1_690' title='bbox 2683 5450 2832 5520; x_wconf 74' lang='lat' dir='ltr'><strong>quod</strong></span> <span class='ocrx_word' id='word_1_691' title='bbox 2875 5451 3142 5505; x_wconf 90' lang='lat' dir='ltr'><strong>Dominus</strong></span> <span class='ocrx_word' id='word_1_692' title='bbox 3182 5451 3303 5505; x_wconf 88' lang='lat' dir='ltr'><strong>aliis</strong></span> <span class='ocrx_word' id='word_1_693' title='bbox 3341 5451 3526 5505; x_wconf 75' lang='lat' dir='ltr'><strong>verbis</strong></span> 
     </span>
    </p>
   </div>
   <div class='ocr_carea' id='block_1_105' title="bbox 1932 5520 3524 5590">
    <p class='ocr_par' dir='ltr' id='par_1_105' title="bbox 1932 5520 3524 5590">
     <span class='ocr_line' id='line_1_105' title="bbox 1932 5520 3524 5590; baseline -0.001 -14"><span class='ocrx_word' id='word_1_694' title='bbox 1932 5520 2254 5586; x_wconf 88' lang='lat' dir='ltr'><strong>admonuit,</strong></span> <span class='ocrx_word' id='word_1_695' title='bbox 2292 5520 2498 5590; x_wconf 88' lang='lat' dir='ltr'><strong>jubens</strong></span> <span class='ocrx_word' id='word_1_696' title='bbox 2543 5521 2737 5576; x_wconf 90' lang='lat' dir='ltr'><strong>sedere</strong></span> <span class='ocrx_word' id='word_1_697' title='bbox 2790 5521 2845 5575; x_wconf 93' lang='lat' dir='ltr'><strong>in</strong></span> <span class='ocrx_word' id='word_1_698' title='bbox 2900 5521 3205 5576; x_wconf 87' lang='lat' dir='ltr'><strong>novissimo</strong></span> <span class='ocrx_word' id='word_1_699' title='bbox 3256 5522 3414 5584; x_wconf 85' lang='lat' dir='ltr'><strong>loco;</strong></span> <span class='ocrx_word' id='word_1_700' title='bbox 3470 5530 3524 5575; x_wconf 93' lang='lat' dir='ltr'><strong>ul</strong></span> 
     </span>
    </p>
   </div>
   <div class='ocr_carea' id='block_1_106' title="bbox 1930 5591 3525 5662">
    <p class='ocr_par' dir='ltr' id='par_1_106' title="bbox 1930 5591 3525 5662">
     <span class='ocr_line' id='line_1_106' title="bbox 1930 5591 3525 5662; baseline -0.001 -15"><span class='ocrx_word' id='word_1_701' title='bbox 1930 5607 2096 5647; x_wconf 88' lang='lat' dir='ltr'><strong>nemo</strong></span> <span class='ocrx_word' id='word_1_702' title='bbox 2119 5591 2193 5646; x_wconf 86' lang='lat' dir='ltr'><strong>sit</strong></span> <span class='ocrx_word' id='word_1_703' title='bbox 2215 5592 2362 5646; x_wconf 89' lang='lat' dir='ltr'><strong>inter</strong></span> <span class='ocrx_word' id='word_1_704' title='bbox 2383 5591 2666 5655; x_wconf 84' lang='lat' dir='ltr'><strong>minimos,</strong></span> <span class='ocrx_word' id='word_1_705' title='bbox 2691 5593 2851 5662; x_wconf 84' lang='lat' dir='ltr'><strong>cujus</strong></span> <span class='ocrx_word' id='word_1_706' title='bbox 2878 5608 2980 5646; x_wconf 87' lang='lat' dir='ltr'><strong>nos</strong></span> <span class='ocrx_word' id='word_1_707' title='bbox 3004 5593 3230 5647; x_wconf 91' lang='lat' dir='ltr'><strong>modum</strong></span> <span class='ocrx_word' id='word_1_708' title='bbox 3258 5591 3525 5647; x_wconf 83' lang='lat' dir='ltr'><strong>excedere</strong></span> 
     </span>
    </p>
   </div>
   <div class='ocr_carea' id='block_1_107' title="bbox 1929 5662 3527 5736">
    <p class='ocr_par' dir='ltr' id='par_1_107' title="bbox 1929 5662 3527 5736">
     <span class='ocr_line' id='line_1_107' title="bbox 1929 5662 3527 5736; baseline -0.001 -18"><span class='ocrx_word' id='word_1_709' title='bbox 1929 5663 2331 5736; x_wconf 58' lang='lat' dir='ltr'><strong>existimemus.</strong></span> <span class='ocrx_word' id='word_1_710' title='bbox 2348 5662 2655 5736; x_wconf 79' lang='lat' dir='ltr'><strong>_Secus_dc_</strong></span> <span class='ocrx_word' id='word_1_711' title='bbox 2673 5662 2943 5736; x_wconf 15' lang='lat' dir='ltr'><strong>superbis,</strong></span> <span class='ocrx_word' id='word_1_712' title='bbox 2963 5663 3053 5728; x_wconf 77' lang='grc'><strong>57,</strong></span> <span class='ocrx_word' id='word_1_713' title='bbox 3083 5678 3187 5717; x_wconf 89' lang='lat' dir='ltr'><strong>nec</strong></span> <span class='ocrx_word' id='word_1_714' title='bbox 3221 5662 3527 5736; x_wconf 65' lang='lat' dir='ltr'><strong>aequalibus</strong></span> 
     </span>
    </p>
   </div>
   <div class='ocr_carea' id='block_1_108' title="bbox 1930 5733 3526 5806">
    <p class='ocr_par' dir='ltr' id='par_1_108' title="bbox 1930 5733 3526 5806">
     <span class='ocr_line' id='line_1_108' title="bbox 1930 5733 3526 5806; baseline 0 -18"><span class='ocrx_word' id='word_1_715' title='bbox 1930 5733 2007 5789; x_wconf 85' lang='lat' dir='ltr'><strong>ait</strong></span> <span class='ocrx_word' id='word_1_716' title='bbox 2042 5735 2178 5806; x_wconf 85' lang='grc' dir='ltr'>(τοῖς</span> <span class='ocrx_word' id='word_1_717' title='bbox 2223 5733 2506 5802; x_wconf 79' lang='grc' dir='ltr'>ἰσοτίμοις)</span> <span class='ocrx_word' id='word_1_718' title='bbox 2547 5734 2600 5787; x_wconf 89' lang='lat' dir='ltr'><strong>in</strong></span> <span class='ocrx_word' id='word_1_719' title='bbox 2643 5733 2806 5788; x_wconf 75' lang='lat' dir='ltr'><strong>bonis</strong></span> <span class='ocrx_word' id='word_1_720' title='bbox 2843 5735 2981 5789; x_wconf 81' lang='lat' dir='ltr'><strong>velle</strong></span> <span class='ocrx_word' id='word_1_721' title='bbox 3027 5734 3526 5806; x_wconf 82' lang='grc' dir='ltr'>παραμετρεῖσθαι,</span> 
     </span>
    </p>
   </div>
   <div class='ocr_carea' id='block_1_109' title="bbox 1929 5805 2560 5875">
    <p class='ocr_par' dir='ltr' id='par_1_109' title="bbox 1929 5805 2560 5875">
     <span class='ocr_line' id='line_1_109' title="bbox 1929 5805 2560 5875; baseline 0 -16"><span class='ocrx_word' id='word_1_722' title='bbox 1929 5805 2172 5875; x_wconf 83' lang='lat' dir='ltr'><strong>componi</strong></span> <span class='ocrx_word' id='word_1_723' title='bbox 2199 5813 2248 5859; x_wconf 81' lang='lat' dir='ltr'><strong>et</strong></span> <span class='ocrx_word' id='word_1_724' title='bbox 2273 5807 2560 5875; x_wconf 65' lang='lat' dir='ltr'><strong>exe-queri,</strong></span> 
     </span>
    </p>
   </div>
   <div class='ocr_carea' id='block_1_110' title="bbox 2002 5869 3525 5948">
    <p class='ocr_par' dir='ltr' id='par_1_110' title="bbox 2002 5869 3525 5948">
     <span class='ocr_line' id='line_1_110' title="bbox 2002 5869 3525 5948; baseline 0.003 -20"><span class='ocrx_word' id='word_1_725' title='bbox 2002 5869 2080 5948; x_wconf 74' lang='lat' dir='ltr'><strong>(Ii)</strong></span> <span class='ocrx_word' id='word_1_726' title='bbox 2138 5876 2207 5932; x_wconf 83' lang='grc' dir='ltr'><strong>Ἦ</strong></span> <span class='ocrx_word' id='word_1_727' title='bbox 2253 5869 2696 5943; x_wconf 68' lang='grc' dir='ltr'>κατορθοῦσθαι</span> <span class='ocrx_word' id='word_1_728' title='bbox 2747 5874 2857 5933; x_wconf 81' lang='grc' dir='ltr'>δεῖ.</span> <span class='ocrx_word' id='word_1_729' title='bbox 2901 5875 3080 5946; x_wconf 83' lang='lat' dir='ltr'><strong>Caput</strong></span> <span class='ocrx_word' id='word_1_730' title='bbox 3127 5873 3273 5932; x_wconf 86' lang='lat' dir='ltr'><strong>istud</strong></span> <span class='ocrx_word' id='word_1_731' title='bbox 3326 5890 3525 5934; x_wconf 88' lang='lat' dir='ltr'><strong>novum</strong></span> 
     </span>
    </p>
   </div>
   <div class='ocr_carea' id='block_1_111' title="bbox 183 5306 1826 5379">
    <p class='ocr_par' dir='ltr' id='par_1_111' title="bbox 183 5306 1826 5379">
     <span class='ocr_line' id='line_1_111' title="bbox 183 5306 1826 5379; baseline -0.005 -8"><span class='ocrx_word' id='word_1_732' title='bbox 183 5306 470 5375; x_wconf 72' lang='grc' dir='ltr'>δὶκαίως,</span> <span class='ocrx_word' id='word_1_733' title='bbox 500 5317 556 5364; x_wconf 92' lang='lat' dir='ltr'><strong>ct</strong></span> <span class='ocrx_word' id='word_1_734' title='bbox 584 5309 883 5379; x_wconf 84' lang='grc' dir='ltr'>μετανοῶν·</span> <span class='ocrx_word' id='word_1_735' title='bbox 909 5323 1033 5362; x_wconf 91' lang='lat' dir='ltr'><strong>eum</strong></span> <span class='ocrx_word' id='word_1_736' title='bbox 1055 5306 1260 5377; x_wconf 68' lang='lat' dir='ltr'><strong>aliotlui</strong></span> <span class='ocrx_word' id='word_1_737' title='bbox 1291 5306 1544 5376; x_wconf 70' lang='lat' dir='ltr'><strong>expedita</strong></span> <span class='ocrx_word' id='word_1_738' title='bbox 1561 5306 1633 5361; x_wconf 90' lang='lat' dir='ltr'><strong>sit</strong></span> <span class='ocrx_word' id='word_1_739' title='bbox 1656 5306 1826 5363; x_wconf 89' lang='lat' dir='ltr'><strong>totius</strong></span> 
     </span>
    </p>
   </div>
   <div class='ocr_carea' id='block_1_112' title="bbox 185 5379 1822 5458">
    <p class='ocr_par' dir='ltr' id='par_1_112' title="bbox 185 5379 1822 5458">
     <span class='ocr_line' id='line_1_112' title="bbox 185 5379 1822 5458; baseline -0.008 -16"><span class='ocrx_word' id='word_1_740' title='bbox 185 5387 414 5458; x_wconf 85' lang='lat' dir='ltr'><strong>capitis</strong></span> <span class='ocrx_word' id='word_1_741' title='bbox 449 5379 752 5458; x_wconf 70' lang='lat' dir='ltr'><strong>sententia,</strong></span> <span class='ocrx_word' id='word_1_742' title='bbox 781 5379 902 5458; x_wconf 65' lang='lat' dir='ltr'><strong>ipsa</strong></span> <span class='ocrx_word' id='word_1_743' title='bbox 928 5386 1143 5449; x_wconf 86' lang='lat' dir='ltr'><strong>arguta,</strong></span> <span class='ocrx_word' id='word_1_744' title='bbox 1173 5395 1238 5458; x_wconf 78' lang='lat' dir='ltr'><strong>ac</strong></span> <span class='ocrx_word' id='word_1_745' title='bbox 1263 5393 1370 5458; x_wconf 67' lang='lat' dir='ltr'><strong>qua</strong></span> <span class='ocrx_word' id='word_1_746' title='bbox 1400 5379 1620 5458; x_wconf 39' lang='lat' dir='ltr'><strong>erpdi&#39;te</strong></span> <span class='ocrx_word' id='word_1_747' title='bbox 1649 5393 1822 5447; x_wconf 77' lang='lat' dir='ltr'><strong>expo-</strong></span> 
     </span>
    </p>
   </div>
   <div class='ocr_carea' id='block_1_113' title="bbox 181 5448 1822 5522">
    <p class='ocr_par' dir='ltr' id='par_1_113' title="bbox 181 5448 1822 5522">
     <span class='ocr_line' id='line_1_113' title="bbox 181 5448 1822 5522; baseline -0.009 -8"><span class='ocrx_word' id='word_1_748' title='bbox 181 5448 428 5514; x_wconf 60' lang='lat' dir='ltr'><strong>nu&#39;ntur</strong></span> <span class='ocrx_word' id='word_1_749' title='bbox 461 5450 670 5522; x_wconf 79' lang='lat' dir='ltr'><strong>gradus</strong></span> <span class='ocrx_word' id='word_1_750' title='bbox 693 5448 906 5506; x_wconf 75' lang='lat' dir='ltr'><strong>ferendi</strong></span> <span class='ocrx_word' id='word_1_751' title='bbox 935 5448 1029 5505; x_wconf 84' lang='lat' dir='ltr'><strong>aut</strong></span> <span class='ocrx_word' id='word_1_752' title='bbox 1045 5449 1374 5522; x_wconf 13' lang='lat' dir='ltr'><strong>immittendi</strong></span> <span class='ocrx_word' id='word_1_753' title='bbox 1405 5448 1666 5520; x_wconf 86' lang='lat' dir='ltr'><strong>injurias;</strong></span> <span class='ocrx_word' id='word_1_754' title='bbox 1699 5464 1822 5522; x_wconf 69' lang='lat' dir='ltr'><strong>quae</strong></span> 
     </span>
    </p>
   </div>
   <div class='ocr_carea' id='block_1_114' title="bbox 185 5518 1829 5594">
    <p class='ocr_par' dir='ltr' id='par_1_114' title="bbox 185 5518 1829 5594">
     <span class='ocr_line' id='line_1_114' title="bbox 185 5518 1829 5594; baseline -0.007 -10"><span class='ocrx_word' id='word_1_755' title='bbox 185 5541 343 5584; x_wconf 86' lang='lat' dir='ltr'><strong>tunc</strong></span> <span class='ocrx_word' id='word_1_756' title='bbox 392 5518 627 5594; x_wconf 63' lang='lat' dir='ltr'><strong>injuria:</strong></span> <span class='ocrx_word' id='word_1_757' title='bbox 671 5531 834 5594; x_wconf 82' lang='lat' dir='ltr'><strong>sunt,</strong></span> <span class='ocrx_word' id='word_1_758' title='bbox 871 5537 997 5577; x_wconf 89' lang='lat' dir='ltr'><strong>cum</strong></span> <span class='ocrx_word' id='word_1_759' title='bbox 1042 5521 1246 5593; x_wconf 87' lang='lat' dir='ltr'><strong>injuste</strong></span> <span class='ocrx_word' id='word_1_760' title='bbox 1292 5518 1662 5594; x_wconf 62' lang='lat' dir='ltr'><strong>inferuntur:</strong></span> <span class='ocrx_word' id='word_1_761' title='bbox 1707 5520 1829 5572; x_wconf 74' lang='grc' dir='ltr'>ἀντὶ</span> 
     </span>
    </p>
   </div>
   <div class='ocr_carea' id='block_1_115' title="bbox 181 5590 1828 5668">
    <p class='ocr_par' dir='ltr' id='par_1_115' title="bbox 181 5590 1828 5668">
     <span class='ocr_line' id='line_1_115' title="bbox 181 5590 1828 5668; baseline -0.003 -19"><span class='ocrx_word' id='word_1_762' title='bbox 181 5599 292 5654; x_wconf 86' lang='grc' dir='ltr'>τοῦ</span> <span class='ocrx_word' id='word_1_763' title='bbox 350 5590 675 5668; x_wconf 67' lang='grc' dir='ltr'>μετανοῶν,</span> <span class='ocrx_word' id='word_1_764' title='bbox 705 5592 1052 5668; x_wconf 83' lang='lat' dir='ltr'><strong>scripsissem</strong></span> <span class='ocrx_word' id='word_1_765' title='bbox 1101 5590 1440 5663; x_wconf 75' lang='grc' dir='ltr'>μετευνοῶν,</span> <span class='ocrx_word' id='word_1_766' title='bbox 1467 5590 1523 5668; x_wconf 86' lang='lat' dir='ltr'><strong>_si</strong></span> <span class='ocrx_word' id='word_1_767' title='bbox 1569 5590 1659 5668; x_wconf 77' lang='lat' dir='ltr'><strong>illa</strong></span> <span class='ocrx_word' id='word_1_768' title='bbox 1691 5604 1828 5644; x_wconf 90' lang='lat' dir='ltr'><strong>voce</strong></span> 
     </span>
    </p>
   </div>
   <div class='ocr_carea' id='block_1_116' title="bbox 180 5661 1822 5734">
    <p class='ocr_par' dir='ltr' id='par_1_116' title="bbox 180 5661 1822 5734">
     <span class='ocr_line' id='line_1_116' title="bbox 180 5661 1822 5734; baseline -0.007 -8"><span class='ocrx_word' id='word_1_769' title='bbox 180 5661 374 5726; x_wconf 81' lang='lat' dir='ltr'><strong>usuni</strong></span> <span class='ocrx_word' id='word_1_770' title='bbox 449 5663 696 5734; x_wconf 85' lang='lat' dir='ltr'><strong>aliquem</strong></span> <span class='ocrx_word' id='word_1_771' title='bbox 761 5661 1054 5734; x_wconf 77' lang='lat' dir='ltr'><strong>probatum</strong></span> <span class='ocrx_word' id='word_1_772' title='bbox 1107 5661 1400 5718; x_wconf 81' lang='lat' dir='ltr'><strong>auctorem</strong></span> <span class='ocrx_word' id='word_1_773' title='bbox 1441 5661 1822 5734; x_wconf 77' lang='lat' dir='ltr'><strong>invenissem.</strong></span> 
     </span>
    </p>
   </div>
   <div class='ocr_carea' id='block_1_117' title="bbox 179 5731 1824 5809">
    <p class='ocr_par' dir='ltr' id='par_1_117' title="bbox 179 5731 1824 5809">
     <span class='ocr_line' id='line_1_117' title="bbox 179 5731 1824 5809; baseline -0.008 -12"><span class='ocrx_word' id='word_1_774' title='bbox 179 5736 441 5809; x_wconf 79' lang='lat' dir='ltr'><strong>Alioqui</strong></span> <span class='ocrx_word' id='word_1_775' title='bbox 498 5731 633 5809; x_wconf 69' lang='lat' dir='ltr'><strong>vero</strong></span> <span class='ocrx_word' id='word_1_776' title='bbox 683 5731 785 5809; x_wconf 69' lang='lat' dir='ltr'><strong>vei</strong></span> <span class='ocrx_word' id='word_1_777' title='bbox 833 5735 1066 5809; x_wconf 63' lang='grc' dir='ltr'>εύνοῶν,</span> <span class='ocrx_word' id='word_1_778' title='bbox 1111 5731 1824 5809; x_wconf 72' lang='lat' dir='ltr'><strong>ipsa__n(_m__inc_ommoda;</strong></span> 
     </span>
    </p>
   </div>
   <div class='ocr_carea' id='block_1_118' title="bbox 181 5801 1822 5882">
    <p class='ocr_par' dir='ltr' id='par_1_118' title="bbox 181 5801 1822 5882">
     <span class='ocr_line' id='line_1_118' title="bbox 181 5801 1822 5882; baseline -0.007 -14"><span class='ocrx_word' id='word_1_779' title='bbox 181 5801 644 5882; x_wconf 69' lang='lat' dir='ltr'><strong>respexeritque</strong></span> <span class='ocrx_word' id='word_1_780' title='bbox 684 5805 742 5882; x_wconf 70' lang='lat' dir='ltr'><strong>in</strong></span> <span class='ocrx_word' id='word_1_781' title='bbox 780 5821 847 5882; x_wconf 82' lang='lat' dir='ltr'><strong>ea</strong></span> <span class='ocrx_word' id='word_1_782' title='bbox 883 5801 1174 5882; x_wconf 60' lang='lat' dir='ltr'><strong>Maximus,</strong></span> <span class='ocrx_word' id='word_1_783' title='bbox 1208 5803 1344 5882; x_wconf 78' lang='lat' dir='ltr'><strong>illud</strong></span> <span class='ocrx_word' id='word_1_784' title='bbox 1381 5802 1574 5882; x_wconf 56' lang='lat' dir='ltr'><strong>Matth.</strong></span> <span class='ocrx_word' id='word_1_785' title='bbox 1607 5819 1660 5882; x_wconf 54' lang='grc' dir='ltr'>γ’,</span> <span class='ocrx_word' id='word_1_786' title='bbox 1693 5801 1765 5856; x_wconf 75' lang='grc'><strong>25</strong></span> <span class='ocrx_word' id='word_1_787' title='bbox 1805 5819 1822 5834; x_wconf 74' lang='grc'><strong>’</strong></span> 
     </span>
    </p>
   </div>
   <div class='ocr_carea' id='block_1_119' title="bbox 185 5873 1825 5948">
    <p class='ocr_par' dir='ltr' id='par_1_119' title="bbox 185 5873 1825 5948">
     <span class='ocr_line' id='line_1_119' title="bbox 185 5873 1825 5948; baseline -0.005 -11"><span class='ocrx_word' id='word_1_788' title='bbox 185 5873 373 5948; x_wconf 63' lang='grc' dir='ltr'>’Βᾶθι</span> <span class='ocrx_word' id='word_1_789' title='bbox 411 5873 627 5943; x_wconf 61' lang='grc' dir='ltr'>εὐνοῶν</span> <span class='ocrx_word' id='word_1_790' title='bbox 661 5876 738 5948; x_wconf 78' lang='grc' dir='ltr'>τῷ</span> <span class='ocrx_word' id='word_1_791' title='bbox 771 5877 1026 5947; x_wconf 76' lang='grc' dir='ltr'>ἀντιδίκῳ</span> <span class='ocrx_word' id='word_1_792' title='bbox 1058 5891 1150 5928; x_wconf 84' lang='grc' dir='ltr'>σου</span> <span class='ocrx_word' id='word_1_793' title='bbox 1184 5874 1342 5945; x_wconf 69' lang='grc' dir='ltr'>ταχύ*</span> <span class='ocrx_word' id='word_1_794' title='bbox 1375 5873 1574 5929; x_wconf 79' lang='lat' dir='ltr'><strong>Habeto</strong></span> <span class='ocrx_word' id='word_1_795' title='bbox 1607 5874 1825 5928; x_wconf 80' lang='lat' dir='ltr'><strong>benevo-</strong></span> 
     </span>
    </p>
   </div>
  </div>
