4060 6458
590 395 723 464 liii

1772 398 1834 458 S.
1872 391 2165 456 MAXIMI
2203 393 2716 459 CONFESSORIS

3710 404 3812 472 illi

584 515 848 573 estpaut
894 506 991 563 uni
1038 505 1335 578 diligenter
1379 503 1678 560 humilitati
1729 502 2042 567 incumbat,
2083 517 2158 572 qu

2285 502 2449 568 τολάς
2483 502 2580 558 τοῦ
2615 503 2773 572 Θεοῦ,
2806 505 2840 577 ἢ
2870 507 3003 575 μιᾶς
3034 506 3435 564 ἀντιποιεῖσθαι
3480 509 3576 581 τῆς
3612 527 3817 571 ταπεινο-

585 608 846 655 vereatur
867 614 937 654 ne
969 607 1270 653 extraneus
1300 610 1332 651 a
1362 595 1821 652 recumbentibus
1851 595 1908 649 in
1939 594 2181 649 thalamo

585 692 843 746 exsistat.

653 785 743 839 4.5.
766 785 933 839 Misce
963 781 1306 853 simplicitati
1331 781 1763 848 continentiam;
1791 796 1856 837 ac
1877 780 2180 836 humilitati

579 877 780 945 copula
801 875 1118 938 veritatem,
1136 873 1361 943 erisque
1385 873 1493 944 just
1506 871 1614 927 itia:
1634 871 2070 936 contubernalis,
2088 870 2180 925 cui

580 969 736 1021 velut
769 967 840 1021 ad
878 980 1163 1032 mensam,
1187 964 1416 1035 reliqua:
1450 978 1644 1019 omnes
1673 963 1909 1017 virtutes
1942 962 2182 1018 libenter

579 1065 1012 1130 congregemur.

650 1153 740 1207 45.
769 1152 926 1208 Caeca
959 1151 1168 1206 veritas
1201 1157 1320 1216 est,
1350 1149 1440 1205 cui
1475 1148 1619 1205 desit
1651 1164 1836 1205 comes
1872 1148 2175 1205 humilitas.

579 1241 832 1314 Ilincque
855 1252 941 1298 est
964 1253 1028 1298 ut
1049 1241 1488 1298 contradictione
1514 1242 1809 1313 paedagogo
1835 1251 2044 1306 utatur,
2068 1256 2179 1312 qua

579 1344 865 1405 utcunque
898 1334 1157 1389 laborans
1182 1334 1461 1399 fulciatur,
1484 1349 1589 1389 nec
1615 1341 1799 1389 tamen
1824 1345 2024 1405 praeter
2048 1350 2181 1393 ωηο

578 1428 725 1483 coris
754 1442 940 1482 arcem
969 1427 1269 1497 quidquam
1304 1427 1574 1483 inveniat.

648 1521 740 1575 46.
785 1519 979 1575 Blandi
1024 1535 1247 1585 mores,
1287 1519 1515 1575 virtutis
1561 1520 1820 1575 decorem
1869 1521 2113 1590 produnt
2157 1538 2176 1577 :

576 1610 1075 1681 membrorumque
1107 1610 1264 1669 ﬁrma
1298 1612 1658 1684 compositio,
1691 1611 1860 1669 animi
1894 1626 2087 1685 pacem
2114 1621 2179 1667 et

578 1706 1062 1777 tranquillitatem.

644 1798 813 1871 646
840 1799 930 1853 47.
953 1797 1203 1853 Primum
1227 1797 1434 1852 bonum
1463 1807 1571 1864 est,
1592 1798 1776 1855 nullas
1798 1798 1962 1855 otiicii
1990 1806 2176 1870 partes

574 1889 856 1944 deserere.
881 1886 1023 1943 Huic
1041 1887 1378 1958 proximum,
1402 1888 1552 1959 quod
1578 1898 1823 1945 erratum
1847 1889 1938 1956 sit,
1961 1890 2174 1961 pudore

572 1996 686 2036 non
723 1980 1010 2052 obtegere,
1043 1995 1110 2035 ac
1148 1994 1253 2036 nec
1294 1980 1350 2035 in
1390 1997 1461 2037 eo
1500 1981 1880 2053 impudentius
1913 1984 2170 2056 gloriari;

572 2073 672 2130 sed
730 2073 907 2145 magis
957 2072 1273 2139 humiliari,
1316 2082 1374 2128 et
1415 2088 1542 2129 cum
1590 2076 1896 2142 accuseris,
1936 2076 2175 2147 teipsum

538 2166 784 2237 pariter
829 2180 1128 2232 accusare,
1180 2178 1515 2239 pensumque
1574 2166 1817 2223 libenter
1867 2168 2169 2239 suscipere.

572 2258 690 2317 Hoc
727 2260 788 2316 ni
827 2259 953 2327 ﬁat,
984 2260 1291 2317 invalidum
1321 2270 1409 2318 est
1432 2260 1705 2333 quidquid
1735 2261 1849 2316 Deo
1876 2258 2170 2316 obtuleris.

640 2436 734 2493 48.
777 2436 919 2494 Cum
974 2446 1174 2509 sponte
1218 2445 1506 2509 assumpta
1555 2437 1948 2503 alllictatione,
1993 2436 2171 2494 suscic

569 2529 774 2600 pienda
825 2538 884 2585 et
920 2546 1049 2601 quae
1094 2530 1286 2587 invitis
1331 2530 1569 2599 accidit;
1618 2546 1744 2602 qua:
1792 2530 2056 2585 nimirum
2101 2544 2172 2586 ex

569 2621 738 2677 illatis
777 2621 1105 2688 calumniis,
1136 2638 1317 2693 exque
1358 2638 1545 2679 rerum
1584 2623 1802 2679 damnis
1837 2623 2080 2693 acceptis
2114 2630 2173 2678 et

565 2712 990 2784 egritudinibus
1015 2714 1290 2769 consistit.
1315 2712 1442 2770 Haec
1469 2714 1620 2770 enim
1651 2713 1747 2785 qui
1770 2729 1884 2769 non
1909 2713 2164 2784 suscipit,
2208 2718 2215 2724 '

567 2804 666 2861 sed
699 2804 924 2877 indigne
954 2804 1085 2871 fert,
1113 2805 1165 2861 ei
1205 2804 1402 2863 similis
1441 2814 1549 2869 est,
1579 2806 1676 2876 qui
1715 2819 1828 2860 non
1862 2820 1995 2872 cum
2033 2805 2167 2869 sale,

564 2897 663 2952 sed
703 2912 828 2952 cum
869 2896 987 2953 solo
1028 2898 1191 2955 melle
1232 2899 1352 2954 vult
1387 2898 1681 2954 comedere
1715 2914 1911 2969 panem
1947 2912 2109 2953 suum
2150 2915 2165 2954 :

563 2987 656 3042 cui
697 3003 831 3045 sane
873 3004 984 3044 non
1028 2989 1235 3059 ubique
1277 3004 1465 3046 comes
1503 2991 1779 3061 voluptas,
1808 2989 1905 3046 sed
1946 2990 2169 3046 satietas

563 3087 733 3148 atque
761 3094 970 3135 nausea
998 3093 1219 3149 semper
1242 3095 1274 3135 e
1297 3081 1484 3137 vicino
1509 3090 1613 3138 est.

2286 597 2587 668 φροσύνης,
2628 598 2722 652 τὸν
2758 598 2999 654 δεδοιότα
3038 600 3114 674 μὴ
3153 600 3304 669 ξένον
3355 604 3467 659 τῶν
3504 604 3578 676 τῷ
3609 610 3817 680 νυμφῶνι

2283 687 2663 760 ἀνακειμένων
2696 690 2954 761 ὀφθῆναι.

2304 844 2307 847 λ
2357 781 2463 853 μδ.
2506 783 2683 849 Μίξον
2716 785 2784 855 τῇ
2825 785 3092 857 ἁπλότητι
3142 786 3242 858 τὴν
3269 788 3719 860 ἐγκράτειαντκαὶ
3741 791 3820 847 σύ.

2283 872 2475 939 ζευξον
2525 878 2592 947 τῇ
2638 880 3113 952 ταπεινοφροσύνῃ
3156 880 3441 952 ἀλήθειαν,
3497 886 3587 936 καὶ
3632 884 3822 958 ὀφθείσῃ

2278 966 2598 1041 δικαιοσύνῃ
2631 970 2929 1034 συνέστιος·
2967 966 3001 1046 ᾖ
3033 972 3111 1037 ὡς
3143 973 3236 1026 ἐπὶ
3267 972 3565 1044 τραπέζης,
3596 973 3714 1046 άλλη
3737 979 3821 1031 πᾶα

2280 1076 2352 1114 σα
2395 1058 2542 1127 φιλεῖ
2574 1062 3003 1131 ὲπισυνάγεσθαι
3034 1064 3229 1135 ἀρετή.

2356 1159 2459 1223 με’.
2486 1152 2675 1224 Τυφλὴ
2702 1154 2805 1225 τῆς
2830 1157 3339 1229 ταπεινοφροσύνης
3362 1158 3530 1229 χωρὶς
3559 1160 3591 1229 ἡ
3615 1159 3821 1231 ἀλήθεια.

2281 1243 2384 1297 Διά
2415 1243 2574 1298 τοῦτο
2596 1246 2690 1299 καὶ
2712 1249 2780 1317 τῇ
2806 1245 3087 1319 ἀντιλογίᾳ
3117 1248 3320 1320 χρῆται
3347 1249 3691 1319 παιδαγωγῷ,
3718 1252 3829 1322 ἐρεῖ·

2281 1356 2371 1393 σαι
2406 1338 2505 1408 μὲν
2539 1339 2680 1411 αὐτῇ
2736 1341 2829 1393 ὲπί
2872 1357 2923 1394 τι
2972 1341 3270 1414 μοχθούσῃ,
3310 1343 3385 1414 μὴ
3421 1344 3737 1418 εύρισκούση
3760 1345 3823 1411 δὲ,

2279 1431 2329 1483 εί
2364 1431 2437 1500 μὴ
2467 1429 2529 1483 τὸ
2555 1432 2654 1501 τῆς
2691 1431 3058 1502 μνησικακίας
3086 1433 3373 1504 ὀχύρωμα.

2354 1521 2452 1591 μς·’
2483 1513 2659 1585 ⁷Ηοος
2689 1522 2949 1595 χρηστὸν,
2986 1523 3303 1595 ὡραιότητα
3345 1530 3614 1597 μαρτυρεῖ
3634 1529 3823 1599 ἁρετῆςο

2279 1610 2465 1683 μελῶν
2495 1611 2555 1667 δὲ
2574 1613 2889 1680 εὐστάθεια,
2921 1616 3204 1688 εἰρηναίαν
3240 1616 3439 1688 ψυχήν.

2352 1787 2464 1860 μξ’.
2525 1790 2748 1864 Πρῶτον
2805 1791 2905 1863 μὲν
2966 1793 3132 1847 καλὸν
3157 1834 3171 1858 ,
3233 1794 3296 1847 τὸ
3343 1795 3401 1848 ἐν
3462 1795 3650 1867 μηδενὶ
3702 1796 3830 1869 μέρει

2276 1882 2516 1936 πταίειν.
2544 1883 2809 1956 Δεύτερον
2838 1884 2920 1948 δὲ,
2945 1884 3006 1938 τὸ
3055 1886 3130 1959 μὴ
3164 1887 3304 1940 αἰδοῖ
3328 1888 3760 1942 κατακαλύπτειν
3783 1888 3832 1941 τὸ

2278 1974 2504 2046 σφάλμα
2544 1974 2740 2030 αὐτοῦ·
2777 1978 2853 2048 μή
2893 1996 2954 2031 τε
2996 1979 3132 2051 μὴν,
3180 1970 3567 2045 ἀναιδεύεσθαι
3607 1982 3662 2033 ὲν
3688 1979 3830 2050 αὐτῷ,

2278 2067 2482 2139 μᾶλλον
2509 2069 2567 2123 δὲ
2604 2070 3019 2137 ταπεινοῦσθαι,
3047 2074 3141 2127 καὶ
3168 2074 3645 2147 κατηγορούμενον
3668 2073 3832 2128 ἑαυτοῦ

2277 2166 2740 2234 συγκατηγορεῖν,
2771 2164 2866 2218 καὶ
2902 2164 3158 2237 δέχεσθαι
3188 2167 3446 2237 ἀσμένως
3473 2166 3539 2222 τὸ
3567 2167 3832 2235 ἐπιτίμιον.

2274 2251 2482 2309 Τούτου
2510 2255 2568 2310 δὲ
2605 2246 2683 2326 μὴί
2718 2258 3033 2330 γινομένου,
3064 2258 3359 2332 ὰνέσχυρον
3387 2258 3535 2316 ἅπαν
3558 2259 3621 2314 τὸ
3652 2259 3723 2329 τῷ
3738 2256 3835 2328 Θεῷ

2274 2346 2742 2418 προσφερόμενον.

2347 2443 2460 2508 μη’.
2516 2437 2662 2510 Πρὸς
2698 2441 2766 2511 τῇ
2814 2439 3052 2512 ἑκουσίῳ
3083 2439 3450 2514 κακοπαθείᾳ,
3495 2439 3608 2511 χρὴ
3644 2437 3734 2495 καὶ
3757 2435 3837 2509 τὴν

2273 2528 2530 2584 ἀκούσιον
2575 2530 2994 2602 καταδέχεσθαι·
3035 2532 3136 2604 τὴν
3177 2534 3243 2587 ὲκ
3274 2532 3544 2587 διαϐολῶν
3578 2533 3735 2601 λέγω,
3761 2531 3840 2603 ζη-

2275 2619 2418 2690 μιῶν
2454 2639 2512 2676 τε
2546 2623 2644 2678 καὶ
2670 2622 2988 2681 ἀσθενειῶν.
3020 2623 3207 2680 Ταῦτα
3245 2625 3356 2698 γὰρ
3387 2627 3417 2679 ὀ
3463 2627 3543 2697 μὴ
3572 2624 3841 2696 καταδεχό·

2275 2731 2457 2786 μενος,
2483 2714 2621 2770 ἀλλά
2645 2715 2955 2785 δυσπετῶν,
2977 2717 3167 2789 ὅμοιός
3194 2720 3313 2772 ἐστι
3338 2718 3415 2790 τῷ
3446 2720 3527 2789 μὴ
3554 2720 3690 2789 μετά
3711 2716 3836 2782 an,

2274 2807 2417 2878 μετὰ
2444 2807 2501 2862 δὲ
2532 2808 2750 2878 μέλιτος
2775 2810 2942 2881 μόνου
2984 2811 3312 2881 βουλομένου
3342 2811 3551 2866 ἐσθίειν
3584 2813 3677 2866 τὸν
3703 2813 3842 2883 ἄρτον

2272 2898 2461 2954 αὑτοῦ·
2494 2900 2553 2965 ὃς
2594 2903 2657 2956 ού
2692 2902 2927 2958 πάντοτε
2970 2903 3069 2974 μὲν
3103 2904 3202 2974 τὴν
3233 2903 3429 2978 ἡδονὴν
3478 2904 3599 2976 ἔχει
3642 2903 3840 2974 σύντρο·

2273 3010 2393 3062 φον,
2437 2992 2531 3048 τὸν
2563 2994 2622 3051 δὲ
2653 2995 2814 3067 κόρον
2845 2995 2933 3051 ἀεὶ
2964 2996 3183 3065 γείτονα
3215 2995 3506 3079 κέκτηται.

635 3169 726 3226 49.
758 3170 898 3227 Cum
933 3171 1103 3225 herus
1144 3170 1237 3237 sit,
1266 3172 1412 3227 servi
1449 3172 1683 3227 formam
1724 3171 1983 3243 praeferre
2017 3171 2162 3228 vide-

2346 3174 2457 3245 μθ¹.
2496 3175 2779 3247 Δεσπότης
2809 3174 2907 3238 ὢν,
2929 3175 3127 3233 ’δούλου
3160 3178 3347 3249 σχῆμα
3397 3176 3847 3248 περιϐαλλόμενος

568 3271 680 3331 tur,
711 3265 809 3337 qui
853 3264 1091 3336 proximi
1127 3272 1339 3320 vestem
1378 3266 1618 3320 laceram
1656 3264 1859 3320 divinis
1899 3262 2162 3319 sermoni-

2272 3266 2544 3336 φαίνεται,
2580 3268 2609 3321 ὁ
2636 3267 2697 3321 τὸ
2726 3267 3029 3340 διερρωγὸς
3062 3268 3278 3322 πλύνων
3303 3268 3399 3322 τοῦ
3424 3268 3661 3339 πλησίον
3691 3268 3847 3334 λόγοις

563 3358 671 3416 bus
719 3358 897 3426 lavat,
938 3361 1027 3416 vel
1067 3360 1165 3431 qui
1204 3360 1693 3430 eleemosynarum
1739 3355 2168 3427 elargitionibus

561 3464 687 3503 cam
714 3451 957 3507 consuit.
984 3451 1190 3508 Caveat
1223 3460 1408 3507 autem
1436 3451 1531 3522 qui
1565 3450 1670 3506 hoc
1695 3448 1848 3515 facit,
1870 3447 2164 3519 nequando

562 3541 713 3610 quod
757 3551 820 3598 ut
864 3556 1060 3599 servus
1105 3559 1222 3600 rem
1269 3551 1525 3614 prmstet,
1554 3556 1680 3597 cum
1723 3541 2012 3605 mercede,
2043 3555 2165 3610 qua:

559 3634 729 3689 etiam
761 3636 1048 3706 competit,
1080 3635 1343 3707 potentias
1375 3635 1726 3707 dignitatem,
1760 3633 1943 3690 inanis
1974 3633 2164 3706 gloriae

563 3723 702 3779 vitio
730 3725 971 3781 amittat.

633 3813 723 3869 50.
766 3814 1247 3882 Quemadmodum
1298 3815 1435 3871 ﬁdes
1482 3813 1792 3870 substantia
1839 3819 1925 3869 est
1973 3828 2159 3869 rerum

558 3906 961 3976 sperandarum
985 3908 1059 3974 ιο,
1098 3909 1176 3964 ita
1214 3907 1479 3963 nimirum
1514 3906 1832 3977 prudentia,
1862 3905 2066 3973 animi;
2095 3920 2161 3961 ac

559 3996 805 4062 virtutis,
837 3997 1147 4055 humilitas.
1172 3998 1485 4068 Mirumque
1522 4005 1626 4062 est,
1654 3993 1936 4072 quomodo
1968 4008 2093 4063 quae
2127 4008 2159 4048 a

559 4106 620 4149 se
650 4090 896 4162 perfecta
927 4100 1078 4158 sunt,
1105 4091 1430 4162 imperfecta
1454 4090 1743 4156 exsistant,
1773 4087 1820 4144 si
1849 4086 2160 4144 accidentia

559 4182 764 4241 desint.

628 4277 719 4331 51.
756 4276 1012 4332 Dominus
1051 4276 1319 4332 custodiat
1356 4276 1639 4331 introitum
1683 4280 1832 4331 tuum
1871 4281 1922 4331 et
1958 4274 2158 4334 exitum

559 4375 732 4433 tuum,
768 4368 953 4441 inquit
977 4369 1052 4436 ";
1092 4369 1345 4425 ciborum
1381 4367 1598 4425 scilicet
1629 4374 1798 4438 atque
1831 4369 2152 4436 verborum,

557 4475 660 4535 per
687 4459 1092 4519 continentiam
1121 4475 1220 4516 seu
1251 4460 1665 4518 abstinentiam.
1690 4460 1795 4529 Qui
1827 4461 1977 4521 enim
2013 4469 2154 4520 tem-

557 4559 749 4624 perate
780 4561 840 4609 et
868 4553 1059 4610 sobrie
1095 4569 1155 4610 se
1191 4553 1362 4609 habet
1393 4569 1496 4625 pro
1530 4554 1781 4610 ciborum
1818 4554 2151 4611 verborum—

552 4659 665 4713 que
709 4644 941 4703 introitu
988 4632 1154 4716 atque
1208 4645 1397 4709 exitu,
1442 4646 1804 4718 cupiditatem
1861 4646 2150 4701 oculorum

553 4736 727 4803 vitat;
787 4736 1040 4809 iramque
1096 4753 1166 4794 ex
1214 4738 1442 4794 vesania
1491 4738 1772 4809 animique
1817 4737 2148 4803 insolentia,

554 4828 724 4895 lenit;
748 4842 988 4898 quorum
1019 4831 1213 4902 utique
1238 4830 1405 4886 etiam
1437 4846 1551 4901 praa
1574 4829 1836 4887 omnibus
1859 4827 2151 4885 eonniten—

552 4919 689 4975 dum
733 4921 885 4977 omni
931 4921 1099 4977 modo
1144 4922 1373 4977 virtutis
1423 4922 1712 4993 palmstra,
1758 4929 1817 4976 ut
1861 4921 2149 4993 diligentia

554 5009 846 5068 habeatur.
871 5013 933 5068 In
960 5013 1048 5070 his
1073 5012 1220 5068 enim
1249 5022 1366 5068 tum
1389 5013 1472 5068 vis
1498 5011 1695 5084 agendi
1720 5012 1894 5067 robur
1912 5010 2147 5077 obtinet,

553 5111 671 5157 tum
692 5105 1105 5176 contemplandi
1133 5104 1453 5161 ﬁrmitatem
1483 5104 1671 5160 habet.

621 5193 711 5249 52.
740 5194 881 5250 Sunt
903 5196 1000 5267 qui
1032 5212 1130 5267 pro
1163 5196 1419 5253 ciborum
1448 5195 1680 5251 introitu
1707 5210 1960 5267 magnam
1989 5194 2148 5250 adhi-

553 5286 721 5343 beant
766 5287 1148 5361 diligentiam;
1204 5307 1308 5362 pro
1363 5291 1517 5346 exitu
1571 5300 1755 5346 autem
1805 5291 2144 5357 verborum,

550 5379 778 5455 segnius
812 5396 877 5436 ac
908 5383 1278 5454 negligentius
1312 5398 1434 5439 sese
1466 5382 1728 5439 habeant.
1762 5381 1827 5436 Hi
1870 5383 2006 5438 tales
2046 5398 2149 5439 nc-

547 5471 759 5536 sciunt,
792 5486 859 5527 ex
902 5473 1251 5531 Ecclesiastis
1292 5474 1597 5540 sententia,
1636 5475 1771 5529 iram
1816 5474 2041 5546 quidem
2081 5491 2149 5530 ex

621 5588 666 5623 ³ο
692 5586 859 5643 Hebr.
889 5606 962 5654 xl,
997 5591 1051 5645 l.
1127 5591 1168 5622 “
1196 5590 1340 5647 Psal.
1376 5607 1497 5655 cxx,
1533 5591 1587 5647 8.

549 5717 663 5772 est,
694 5709 796 5763 etsi
840 5708 894 5763 in
937 5709 1158 5769 schedia
1199 5710 1375 5766 Roma
1414 5711 1623 5776 missis,
1654 5711 1852 5767 eodem
1894 5726 2131 5767 numero

548 5778 927 5850 consignatum
987 5790 1112 5836 erat
1164 5796 1289 5836 cum
1349 5782 1643 5850 superiori.
1697 5782 1844 5837 Idem
1897 5783 2131 5837 verbum

546 5848 739 5920 eadem
789 5852 1202 5920 constructione
1249 5866 1319 5905 ex
1368 5848 1506 5920 psal.
1548 5852 1921 5919 cxvm,‘128,
1965 5852 2132 5906 habet

450 5946 482 5969 ο
545 5917 709 5973 Marc.
741 5937 789 5975 c.
812 5922 901 5988 51,
936 5920 1009 5975 De
1043 5919 1152 5992 lege
1178 5917 1440 5993 spiritali;
1462 5920 1530 5976 de
1558 5938 1690 5993 quo,
1718 5917 1949 5994 ejusque
1979 5931 2132 5977 recto

2270 3356 2479 3421 ἐνθέοις
2519 3359 2755 3430 ἱμάτιον,
2790 3361 2823 3432 ἢ
2884 3359 3294 3434 καταρῤάπτων
3330 3362 3452 3424 ταῖς
3518 3360 3844 3432 μεταδόσεσι.

2268 3449 2552 3503 Σκοπείτω
2580 3449 2637 3503 δὲ
2664 3450 2692 3502 ὁ
2720 3448 2880 3504 τοῦτο
2906 3449 3094 3511 ποιῶν,
3132 3451 3205 3521 μή
3250 3467 3383 3503 ποτε
3424 3449 3518 3504 διὰ
3549 3451 3611 3504 τὸ
3639 3450 3715 3513 ὡς
3742 3446 3847 3503 δοῦο

2266 3542 2357 3606 λος
2392 3542 2551 3596 τοῦτο
2586 3542 2786 3607 τελεῖν,
2827 3542 3216 3615 προσαπολέσῃ
3261 3545 3359 3597 σὺν
3399 3544 3478 3614 τῷ
3530 3543 3735 3615 μισθῷ,
3767 3541 3850 3595 καὶ

2265 3633 2325 3687 τὸ
2357 3634 2562 3706 προσὸν
2594 3633 2745 3705 αύτῷ
2768 3634 2867 3703 τῆς
2898 3632 3147 3701 ἐξουσίας
3170 3634 3260 3691 διά
3283 3635 3603 3700 κενοδοξίας
3623 3635 3845 3704 ἀξίωμα.

2332 3811 2396 3868 ν’.
2432 3814 2646 3887 ’Ὥσπερ
2686 3816 2720 3888 ὴ
2766 3814 2951 3880 πίστις
2991 3814 3364 3887 ἐλπιζομένων
3403 3816 3714 3878 ὑπόστασις
3761 3813 3849 3867 πέρ

2263 3925 2459 3978 φυκεν,
2491 3907 2636 3962 οὕτω
2677 3908 2858 3980 ψυχῆς
2908 3910 3030 3981 μὲν,
3072 3911 3106 3983 ὴ
3142 3911 3405 3981 φρόνησις
3427 3926 3442 3941 ’
3479 3911 3692 3982 ἀρετῆς
3719 3906 3847 3975 δὲ.ή

2261 4000 2619 4065 ταπείνωσις.
2643 4002 2756 4062 Καὶ
2778 4001 2990 4074 θαῦμα,
3016 4002 3134 4067 πῶς
3155 4002 3227 4059 τὰ
3251 4005 3541 4076 αὐτοτελῆ,
3574 4004 3688 4058 τῶν
3716 4019 3847 4072 συμ-

2261 4094 2580 4169 ϐεϐηκάτων
2610 4095 2736 4169 δίχα
2759 4097 2930 4169 ἀτελῆ
2960 4098 3356 4169 καθεστήκασι.

2330 4279 2431 4330 va’.
2469 4273 2689 4342 Κύριος
2709 4272 2974 4344 φυλάξω
3019 4271 3136 4341 τὴν
3170 4271 3420 4327 εἷσοδόν
3469 4289 3599 4327 σου
3626 4313 3641 4331 .
3688 4268 3845 4341 φησι,

2258 4365 2361 4431 καὶ
2389 4367 2507 4435 τὴν
2549 4365 2771 4433 ἔξοδόν
2797 4380 2940 4420 σουο
2976 4365 3075 4437 τὴν
3108 4364 3219 4418 τῶν
3252 4363 3572 4436 βρωμάτων
3611 4362 3845 4433 δηλονότι

2258 4458 2498 4514 καὶτῶν
2537 4459 2837 4531 ῥημάτων,
2882 4462 2949 4531 τῇ
2990 4458 3310 4530 ἐγκρατείᾳ.
3363 4458 3700 4528 Ἑγκρατώς
3748 4453 3844 4525 γὰρ

2185 4553 2228 4607 1)
2257 4552 2284 4604 ὁ
2312 4551 2452 4623 ἔχων
2485 4553 2616 4622 περὶ
2654 4551 2755 4621 τὴν
2799 4549 2913 4604 τῶν
2966 4549 3279 4622 βρωμάτων
3313 4550 3409 4605 καὶ
3443 4552 3720 4622 ῥημάτων
3748 4548 3847 4601 ιτσ-

2257 4640 2375 4698 οδόν
2403 4661 2462 4697 τε
2490 4646 2585 4698 καὶ
2622 4642 2829 4709 ἐξοδονζ
2853 4643 3152 4714 ἐπιθυμίαν
3185 4644 3285 4716 μὲν
3328 4643 3428 4715 τὴν
3463 4643 3525 4710 ἐξ
3558 4640 3847 4715 ὀφθαλμῶν

2257 4735 2667 4807 ἀποδιδράσκειν
2697 4736 2871 4807 θυμὸν
2912 4736 2969 4790 δὲ
3006 4736 3098 4789 τὸν
3133 4734 3195 4801 ἐξ
3222 4736 3485 4801 ἀπονοίας
3525 4734 3847 4807 καταπραΰο

2257 4845 2387 4891 ναι,
2440 4821 2517 4883 ὧν
2561 4828 2642 4883 δεῖ
2681 4830 2779 4883 καὶ
2806 4828 2912 4900 πρὸ
2953 4829 3173 4883 πάντων
3204 4829 3478 4885 ποιεῖσθαι
3520 4830 3629 4903 τὴν
3664 4827 3846 4899 ἐπιμέ-

2256 4919 2407 4977 λειαν
2445 4919 2537 4973 τὸν
2566 4919 2996 4991 ἀγωνιζόμενον,
3031 4920 3197 4973 παντὶ⁵
3237 4920 3426 4990 τρόπῳ
3456 4919 3843 4975 σπουδαστέον.

2269 5012 2358 5065 Ἐν
2384 5011 2595 5075 τούτοις
2633 5011 2764 5082 γὰρ,
2794 5011 2856 5065 τὸ
2898 5012 2998 5082 μὲν
3031 5012 3339 5084 πρακτικὸν
3371 5011 3647 5084 ἔρῤωται·
3703 5010 3763 5065 τὸ
3796 5006 3846 5063 δὲ

2254 5101 2614 5174 θεωρητικὸν,
2648 5102 3000 5171 ὲστερὲωται.

2320 5194 2423 5265 νβ’.
2458 5194 2616 5258 Τινὲς
2637 5194 2695 5255 δὲ
2718 5195 2846 5265 περὶ
2875 5195 2975 5265 τὴν
3002 5193 3206 5248 εἴσοδον
3220 5194 3331 5248 τῶν
3357 5193 3700 5267 βρωμάτων,
3730 5190 3838 5246 πολ·

2250 5288 2350 5361 λὴν
2390 5289 2670 5345 ποιοῦνται
2713 5288 2812 5360 τὴν
2857 5287 3201 5362 ἐπιμέλειανο
3242 5291 3370 5360 περὶ
3397 5289 3454 5344 δὲ
3512 5288 3706 5354 ἔξοδον
3750 5284 3815 5340 τᾶ

2255 5382 2538 5454 ῥημάτων,
2569 5381 2793 5452 ἀμελῶς
2817 5382 3168 5440 διατίθενται.
3218 5386 3282 5437 0i
3315 5383 3553 5438 τοιοῦτοι
3604 5385 3712 5437 οὐκ
3739 5380 3835 5435 trct-

2257 5492 2482 5530 στανται
2504 5471 2778 5545 παράγειν
2803 5472 2976 5546 θυμὸν
3010 5476 3111 5546 μὲν
3140 5474 3248 5529 ἀπὸ
3272 5475 3502 5547 καρδίας
3541 5477 3631 5547 (ὅ),
3666 5472 3847 5527 ἐπιθυ-

2241 5726 2430 5775 sensu,
2462 5724 2585 5779 qua:
2606 5707 2723 5764 visa
2755 5719 2888 5767 sunt
2916 5707 3380 5779 obitercxposita
3410 5704 3596 5761 altero
3626 5700 3842 5760 Maximi

2240 5778 2563 5838 centenario
2594 5796 2664 5834 ex
2692 5780 2947 5846 duobus,
2980 5795 3086 5835 nec
3113 5778 3204 5833 hic
3230 5792 3455 5833 necesse
3486 5784 3776 5848 repetere.

2311 5853 2374 5919 (ἰ)
2410 5850 2711 5919 Παράγειν
2742 5853 2935 5920 θυμὸν
2960 5851 3079 5919 μὲν
3111 5849 3229 5903 ἀπὸ
3269 5848 3538 5916 καρδίας.
3578 5847 3735 5901 lntcr
3768 5851 3838 5920 tot

2240 5911 2395 5977 verbi
2447 5911 2683 5992 πᾶρᾶγω
2740 5911 3204 5994 significationes,
3243 5911 3355 5990 qua
3397 5911 3751 5988 usurparunt
3790 5911 3837 5965 οε
