  <div class='ocr_page' id='page_1' title='image "/cluster/home/n/w/nwhite01/storage/ocr_20150623/90:no.1/coo.31924054869940/724.png"; bbox 0 0 4060 6470; ppageno 0'>
   <div class='ocr_carea' id='block_1_1' title="bbox 372 421 507 487">
    <p class='ocr_par' dir='ltr' id='par_1_1' title="bbox 372 421 507 487">
     <span class='ocr_line' id='line_1_1' title="bbox 372 421 507 487; baseline -0.022 0"><span class='ocrx_word' id='word_1_1' title='bbox 372 421 507 487; x_wconf 70' lang='grc'><strong>1417</strong></span> 
     </span>
    </p>
   </div>
   <div class='ocr_carea' id='block_1_2' title="bbox 1559 424 2482 507">
    <p class='ocr_par' dir='ltr' id='par_1_2' title="bbox 1559 424 2482 507">
     <span class='ocr_line' id='line_1_2' title="bbox 1559 424 2482 507; baseline 0.005 -27"><span class='ocrx_word' id='word_1_2' title='bbox 1559 424 1732 507; x_wconf 72' lang='lat' dir='ltr'><strong>Am</strong></span> <span class='ocrx_word' id='word_1_3' title='bbox 1913 426 2155 484; x_wconf 74' lang='lat' dir='ltr'><strong>vmc.</strong></span> <span class='ocrx_word' id='word_1_4' title='bbox 2199 427 2482 487; x_wconf 81' lang='lat' dir='ltr'><strong>CAPITA.</strong></span> 
     </span>
    </p>
   </div>
   <div class='ocr_carea' id='block_1_3' title="bbox 3524 433 3656 494">
    <p class='ocr_par' dir='ltr' id='par_1_3' title="bbox 3524 433 3656 494">
     <span class='ocr_line' id='line_1_3' title="bbox 3524 433 3656 494; baseline -0.008 0"><span class='ocrx_word' id='word_1_5' title='bbox 3524 433 3656 494; x_wconf 47' lang='lat' dir='ltr'><strong>lilii</strong></span> 
     </span>
    </p>
   </div>
   <div class='ocr_carea' id='block_1_4' title="bbox 368 523 1957 598">
    <p class='ocr_par' dir='ltr' id='par_1_4' title="bbox 368 523 1957 598">
     <span class='ocr_line' id='line_1_4' title="bbox 368 523 1957 598; baseline -0.004 -13"><span class='ocrx_word' id='word_1_6' title='bbox 368 536 458 585; x_wconf 83' lang='grc' dir='ltr'><strong>οἰα</strong></span> <span class='ocrx_word' id='word_1_7' title='bbox 495 531 546 583; x_wconf 90' lang='grc' dir='ltr'>οἱ</span> <span class='ocrx_word' id='word_1_8' title='bbox 576 528 724 598; x_wconf 83' lang='grc' dir='ltr'>λόγοι</span> <span class='ocrx_word' id='word_1_9' title='bbox 759 529 856 596; x_wconf 79' lang='grc' dir='ltr'><strong>τῆς</strong></span> <span class='ocrx_word' id='word_1_10' title='bbox 884 528 1102 581; x_wconf 75' lang='grc' dir='ltr'><strong>αἰωνίου</strong></span> <span class='ocrx_word' id='word_1_11' title='bbox 1131 525 1276 598; x_wconf 78' lang='grc' dir='ltr'>ζωῆς</span> <span class='ocrx_word' id='word_1_12' title='bbox 1325 523 1716 588; x_wconf 78' lang='grc' dir='ltr'>ἁποστάζουσι.</span> <span class='ocrx_word' id='word_1_13' title='bbox 1743 526 1839 587; x_wconf 85' lang='grc' dir='ltr'>Τίς</span> <span class='ocrx_word' id='word_1_14' title='bbox 1865 523 1957 578; x_wconf 76' lang='grc' dir='ltr'>οὖν</span> 
     </span>
    </p>
   </div>
   <div class='ocr_carea' id='block_1_5' title="bbox 2060 523 3656 598">
    <p class='ocr_par' dir='ltr' id='par_1_5' title="bbox 2066 527 3656 595">
     <span class='ocr_line' id='line_1_5' title="bbox 2066 527 3656 595; baseline 0.006 -15"><span class='ocrx_word' id='word_1_15' title='bbox 2066 529 2139 583; x_wconf 82' lang='grc' dir='ltr'>ιιιί</span> <span class='ocrx_word' id='word_1_16' title='bbox 2195 531 2378 595; x_wconf 80' lang='lat' dir='ltr'><strong>labiis,</strong></span> <span class='ocrx_word' id='word_1_17' title='bbox 2432 533 2583 586; x_wconf 85' lang='lat' dir='ltr'><strong>velut</strong></span> <span class='ocrx_word' id='word_1_18' title='bbox 2628 532 2732 587; x_wconf 80' lang='lat' dir='ltr'><strong>favi</strong></span> <span class='ocrx_word' id='word_1_19' title='bbox 2783 535 2962 589; x_wconf 83' lang='lat' dir='ltr'><strong>mellis</strong></span> <span class='ocrx_word' id='word_1_20' title='bbox 3007 536 3219 591; x_wconf 90' lang='lat' dir='ltr'><strong>stillant</strong></span> <span class='ocrx_word' id='word_1_21' title='bbox 3269 537 3393 592; x_wconf 63' lang='lat' dir='ltr'><strong>vitae</strong></span> <span class='ocrx_word' id='word_1_22' title='bbox 3439 527 3656 592; x_wconf 63' lang='lat' dir='ltr'><strong>teterim-</strong></span> 
     </span>
    </p>
   </div>
   <div class='ocr_carea' id='block_1_6' title="bbox 365 617 1957 692">
    <p class='ocr_par' dir='ltr' id='par_1_6' title="bbox 365 617 1957 692">
     <span class='ocr_line' id='line_1_6' title="bbox 365 617 1957 692; baseline -0.003 -17"><span class='ocrx_word' id='word_1_23' title='bbox 365 621 622 692; x_wconf 79' lang='grc' dir='ltr'><strong>ἀξιωθείη</strong></span> <span class='ocrx_word' id='word_1_24' title='bbox 677 623 790 683; x_wconf 84' lang='grc' dir='ltr'>τοῖς</span> <span class='ocrx_word' id='word_1_25' title='bbox 840 619 1075 690; x_wconf 81' lang='grc' dir='ltr'>χείλεσιν</span> <span class='ocrx_word' id='word_1_26' title='bbox 1121 620 1358 681; x_wconf 78' lang='grc' dir='ltr'>ἐκείνοις</span> <span class='ocrx_word' id='word_1_27' title='bbox 1399 617 1677 688; x_wconf 68' lang='grc' dir='ltr'>προσάψαι</span> <span class='ocrx_word' id='word_1_28' title='bbox 1715 619 1786 668; x_wconf 75' lang='grc' dir='ltr'><strong>τὰ</strong></span> <span class='ocrx_word' id='word_1_29' title='bbox 1825 618 1957 681; x_wconf 74' lang='grc' dir='ltr'>ἴδια,</span> 
     </span>
    </p>
   </div>
   <div class='ocr_carea' id='block_1_7' title="bbox 366 709 1958 782">
    <p class='ocr_par' dir='ltr' id='par_1_7' title="bbox 366 709 1958 782">
     <span class='ocr_line' id='line_1_7' title="bbox 366 709 1958 782; baseline -0.005 -16"><span class='ocrx_word' id='word_1_30' title='bbox 366 715 460 768; x_wconf 69' lang='grc' dir='ltr'>καὶ</span> <span class='ocrx_word' id='word_1_31' title='bbox 496 712 721 782; x_wconf 88' lang='grc' dir='ltr'>μασθῶν</span> <span class='ocrx_word' id='word_1_32' title='bbox 752 711 855 765; x_wconf 74' lang='grc' dir='ltr'><strong>ἀνὰ</strong></span> <span class='ocrx_word' id='word_1_33' title='bbox 887 712 1052 782; x_wconf 80' lang='grc' dir='ltr'><strong>μέσον</strong></span> <span class='ocrx_word' id='word_1_34' title='bbox 1075 711 1245 780; x_wconf 79' lang='grc' dir='ltr'>αὐτῆς</span> <span class='ocrx_word' id='word_1_35' title='bbox 1283 709 1633 779; x_wconf 73' lang='grc' dir='ltr'><strong>αὐλισθῆναι,</strong></span> <span class='ocrx_word' id='word_1_36' title='bbox 1663 709 1756 761; x_wconf 76' lang='grc' dir='ltr'><strong>καὶ</strong></span> <span class='ocrx_word' id='word_1_37' title='bbox 1784 709 1958 779; x_wconf 79' lang='grc' dir='ltr'>ὀσμῆς</span> 
     </span>
    </p>
   </div>
   <div class='ocr_carea' id='block_1_8' title="bbox 369 798 1958 874">
    <p class='ocr_par' dir='ltr' id='par_1_8' title="bbox 369 798 1958 874">
     <span class='ocr_line' id='line_1_8' title="bbox 369 798 1958 874; baseline -0.003 -19"><span class='ocrx_word' id='word_1_38' title='bbox 369 803 556 874; x_wconf 80' lang='grc' dir='ltr'><strong>ἡδείας</strong></span> <span class='ocrx_word' id='word_1_39' title='bbox 582 801 910 872; x_wconf 77' lang='grc' dir='ltr'>μεταϐαλεῖν</span> <span class='ocrx_word' id='word_1_40' title='bbox 940 800 1169 870; x_wconf 75' lang='grc' dir='ltr'>ἱματίων</span> <span class='ocrx_word' id='word_1_41' title='bbox 1197 801 1448 870; x_wconf 55' lang='grc' dir='ltr'>ἐκείνης</span> <span class='ocrx_word' id='word_1_42' title='bbox 1478 798 1747 864; x_wconf 80' lang='grc' dir='ltr'>τουτέστι,</span> <span class='ocrx_word' id='word_1_43' title='bbox 1773 798 1958 867; x_wconf 83' lang='grc' dir='ltr'>νόμοις</span> 
     </span>
    </p>
   </div>
   <div class='ocr_carea' id='block_1_9' title="bbox 365 888 1959 962">
    <p class='ocr_par' dir='ltr' id='par_1_9' title="bbox 365 888 1959 962">
     <span class='ocr_line' id='line_1_9' title="bbox 365 888 1959 962; baseline -0.003 -16"><span class='ocrx_word' id='word_1_44' title='bbox 365 892 727 962; x_wconf 75' lang='grc' dir='ltr'>ὲνηδυνθῆναι</span> <span class='ocrx_word' id='word_1_45' title='bbox 760 892 869 944; x_wconf 83' lang='grc' dir='ltr'><strong>τῶν</strong></span> <span class='ocrx_word' id='word_1_46' title='bbox 903 891 1138 962; x_wconf 84' lang='grc' dir='ltr'>ἀρετῶν,</span> <span class='ocrx_word' id='word_1_47' title='bbox 1164 891 1274 943; x_wconf 82' lang='grc' dir='ltr'>τῶν</span> <span class='ocrx_word' id='word_1_48' title='bbox 1326 889 1472 958; x_wconf 79' lang='grc' dir='ltr'>ὑπὲρ</span> <span class='ocrx_word' id='word_1_49' title='bbox 1515 889 1694 942; x_wconf 83' lang='grc' dir='ltr'>πάντα</span> <span class='ocrx_word' id='word_1_50' title='bbox 1724 891 1861 960; x_wconf 74' lang='grc' dir='ltr'>φησί</span> <span class='ocrx_word' id='word_1_51' title='bbox 1891 888 1959 942; x_wconf 86' lang='grc' dir='ltr'><strong>τὰ</strong></span> 
     </span>
    </p>
   </div>
   <div class='ocr_carea' id='block_1_10' title="bbox 368 983 1622 1058">
    <p class='ocr_par' dir='ltr' id='par_1_10' title="bbox 368 983 1622 1058">
     <span class='ocr_line' id='line_1_10' title="bbox 368 983 1622 1058; baseline -0.004 -18"><span class='ocrx_word' id='word_1_52' title='bbox 368 985 640 1058; x_wconf 82' lang='grc' dir='ltr'><strong>ἀρώματα</strong></span> <span class='ocrx_word' id='word_1_53' title='bbox 669 986 804 1040; x_wconf 79' lang='grc' dir='ltr'>ὄντα</span> <span class='ocrx_word' id='word_1_54' title='bbox 833 985 931 1056; x_wconf 81' lang='grc' dir='ltr'><strong>τῆς</strong></span> <span class='ocrx_word' id='word_1_55' title='bbox 957 985 1221 1056; x_wconf 82' lang='grc' dir='ltr'><strong>αἰσθητῆς</strong></span> <span class='ocrx_word' id='word_1_56' title='bbox 1252 983 1622 1052; x_wconf 74' lang='grc' dir='ltr'>διαγνώσεως.</span> 
     </span>
    </p>
   </div>
   <div class='ocr_carea' id='block_1_11' title="bbox 434 1163 1958 1237">
    <p class='ocr_par' dir='ltr' id='par_1_11' title="bbox 434 1163 1958 1237">
     <span class='ocr_line' id='line_1_11' title="bbox 434 1163 1958 1237; baseline 0.001 -20"><span class='ocrx_word' id='word_1_57' title='bbox 434 1163 530 1218; x_wconf 78' lang='grc' dir='ltr'>σε’.</span> <span class='ocrx_word' id='word_1_58' title='bbox 573 1164 682 1218; x_wconf 88' lang='grc' dir='ltr'><strong>Τοῦ</strong></span> <span class='ocrx_word' id='word_1_59' title='bbox 718 1165 818 1237; x_wconf 84' lang='grc' dir='ltr'>μὲν</span> <span class='ocrx_word' id='word_1_60' title='bbox 857 1165 1138 1236; x_wconf 79' lang='grc' dir='ltr'>ὁρωμένου</span> <span class='ocrx_word' id='word_1_61' title='bbox 1180 1165 1453 1234; x_wconf 84' lang='grc' dir='ltr'>σώματος,</span> <span class='ocrx_word' id='word_1_62' title='bbox 1497 1166 1651 1218; x_wconf 82' lang='grc' dir='ltr'>πᾶσα</span> <span class='ocrx_word' id='word_1_63' title='bbox 1677 1165 1824 1236; x_wconf 79' lang='grc' dir='ltr'><strong>ψυχὴ</strong></span> <span class='ocrx_word' id='word_1_64' title='bbox 1858 1182 1958 1233; x_wconf 78' lang='grc' dir='ltr'><strong>γυ-</strong></span> 
     </span>
    </p>
   </div>
   <div class='ocr_carea' id='block_1_12' title="bbox 369 1255 1956 1329">
    <p class='ocr_par' dir='ltr' id='par_1_12' title="bbox 369 1255 1956 1329">
     <span class='ocr_line' id='line_1_12' title="bbox 369 1255 1956 1329; baseline 0.003 -21"><span class='ocrx_word' id='word_1_65' title='bbox 369 1255 738 1326; x_wconf 74' lang='grc' dir='ltr'>μνωθήσεταιο</span> <span class='ocrx_word' id='word_1_66' title='bbox 769 1257 863 1311; x_wconf 88' lang='grc' dir='ltr'><strong>τοῦ</strong></span> <span class='ocrx_word' id='word_1_67' title='bbox 913 1257 970 1310; x_wconf 82' lang='grc' dir='ltr'>δὲ</span> <span class='ocrx_word' id='word_1_68' title='bbox 1018 1258 1118 1328; x_wconf 82' lang='grc' dir='ltr'>τῆς</span> <span class='ocrx_word' id='word_1_69' title='bbox 1145 1257 1444 1328; x_wconf 82' lang='grc' dir='ltr'>ἁμαρτίας,</span> <span class='ocrx_word' id='word_1_70' title='bbox 1483 1260 1536 1311; x_wconf 88' lang='grc' dir='ltr'><strong>οἰ</strong></span> <span class='ocrx_word' id='word_1_71' title='bbox 1576 1257 1677 1329; x_wconf 83' lang='grc' dir='ltr'>τῆς</span> <span class='ocrx_word' id='word_1_72' title='bbox 1720 1257 1956 1312; x_wconf 76' lang='grc' dir='ltr'>ἐνταῦθα</span> 
     </span>
    </p>
   </div>
   <div class='ocr_carea' id='block_1_13' title="bbox 367 1347 1668 1422">
    <p class='ocr_par' dir='ltr' id='par_1_13' title="bbox 367 1347 1668 1422">
     <span class='ocr_line' id='line_1_13' title="bbox 367 1347 1668 1422; baseline 0.003 -21"><span class='ocrx_word' id='word_1_73' title='bbox 367 1347 512 1418; x_wconf 78' lang='grc' dir='ltr'>ζωῆς</span> <span class='ocrx_word' id='word_1_74' title='bbox 538 1350 709 1416; x_wconf 79' lang='grc' dir='ltr'><strong>ὀλίγοι</strong></span> <span class='ocrx_word' id='word_1_75' title='bbox 737 1350 847 1404; x_wconf 85' lang='grc' dir='ltr'>τῶν</span> <span class='ocrx_word' id='word_1_76' title='bbox 885 1351 1057 1422; x_wconf 80' lang='grc' dir='ltr'>ἡδέων</span> <span class='ocrx_word' id='word_1_77' title='bbox 1083 1351 1668 1422; x_wconf 79' lang='grc' dir='ltr'>προσαπολαύσαντες.</span> 
     </span>
    </p>
   </div>
   <div class='ocr_carea' id='block_1_14' title="bbox 444 1442 1955 1515">
    <p class='ocr_par' dir='ltr' id='par_1_14' title="bbox 444 1442 1955 1515">
     <span class='ocr_line' id='line_1_14' title="bbox 444 1442 1955 1515; baseline 0.001 -21"><span class='ocrx_word' id='word_1_78' title='bbox 444 1448 550 1507; x_wconf 84' lang='grc' dir='ltr'>ος’.</span> <span class='ocrx_word' id='word_1_79' title='bbox 602 1442 808 1514; x_wconf 65' lang='grc' dir='ltr'>Νεκροί</span> <span class='ocrx_word' id='word_1_80' title='bbox 848 1445 948 1515; x_wconf 82' lang='grc' dir='ltr'><strong>μὲν</strong></span> <span class='ocrx_word' id='word_1_81' title='bbox 985 1447 1050 1498; x_wconf 80' lang='grc' dir='ltr'>ἐκ</span> <span class='ocrx_word' id='word_1_82' title='bbox 1089 1443 1311 1508; x_wconf 77' lang='grc' dir='ltr'>ζώντων</span> <span class='ocrx_word' id='word_1_83' title='bbox 1342 1444 1407 1514; x_wconf 81' lang='grc' dir='ltr'><strong>(Ι)</strong></span> <span class='ocrx_word' id='word_1_84' title='bbox 1449 1445 1656 1507; x_wconf 78' lang='grc' dir='ltr'>πάντες</span> <span class='ocrx_word' id='word_1_85' title='bbox 1685 1443 1955 1512; x_wconf 80' lang='grc' dir='ltr'>ὁφθήσον-</span> 
     </span>
    </p>
   </div>
   <div class='ocr_carea' id='block_1_15' title="bbox 365 1533 1952 1606">
    <p class='ocr_par' dir='ltr' id='par_1_15' title="bbox 365 1533 1952 1606">
     <span class='ocr_line' id='line_1_15' title="bbox 365 1533 1952 1606; baseline 0.003 -24"><span class='ocrx_word' id='word_1_86' title='bbox 365 1548 478 1583; x_wconf 88' lang='grc' dir='ltr'>ται·</span> <span class='ocrx_word' id='word_1_87' title='bbox 507 1534 948 1605; x_wconf 75' lang='grc' dir='ltr'>νεκρωθήσονται</span> <span class='ocrx_word' id='word_1_88' title='bbox 980 1533 1037 1593; x_wconf 81' lang='grc' dir='ltr'>δὲ</span> <span class='ocrx_word' id='word_1_89' title='bbox 1073 1536 1142 1605; x_wconf 84' lang='grc' dir='ltr'><strong>τῇ</strong></span> <span class='ocrx_word' id='word_1_90' title='bbox 1173 1533 1422 1606; x_wconf 73' lang='grc' dir='ltr'>ἁμαρτία</span> <span class='ocrx_word' id='word_1_91' title='bbox 1460 1533 1614 1604; x_wconf 75' lang='grc' dir='ltr'>μόνοι</span> <span class='ocrx_word' id='word_1_92' title='bbox 1647 1534 1697 1586; x_wconf 86' lang='grc' dir='ltr'><strong>όί</strong></span> <span class='ocrx_word' id='word_1_93' title='bbox 1745 1535 1811 1586; x_wconf 67' lang='grc' dir='ltr'>ὲκ</span> <span class='ocrx_word' id='word_1_94' title='bbox 1837 1534 1952 1586; x_wconf 88' lang='grc' dir='ltr'>δια-</span> 
     </span>
    </p>
   </div>
   <div class='ocr_carea' id='block_1_16' title="bbox 368 1623 1200 1697">
    <p class='ocr_par' dir='ltr' id='par_1_16' title="bbox 368 1623 1200 1697">
     <span class='ocr_line' id='line_1_16' title="bbox 368 1623 1200 1697; baseline 0.006 -22"><span class='ocrx_word' id='word_1_95' title='bbox 368 1623 572 1687; x_wconf 90' lang='grc' dir='ltr'>θέσεως</span> <span class='ocrx_word' id='word_1_96' title='bbox 605 1625 808 1694; x_wconf 84' lang='grc' dir='ltr'>ταύτην</span> <span class='ocrx_word' id='word_1_97' title='bbox 845 1626 1200 1697; x_wconf 78' lang='grc' dir='ltr'><strong>μισήσαντες.</strong></span> 
     </span>
    </p>
   </div>
   <div class='ocr_carea' id='block_1_17' title="bbox 437 1715 1954 1788">
    <p class='ocr_par' dir='ltr' id='par_1_17' title="bbox 437 1715 1954 1788">
     <span class='ocr_line' id='line_1_17' title="bbox 437 1715 1954 1788; baseline 0.005 -24"><span class='ocrx_word' id='word_1_98' title='bbox 437 1715 535 1781; x_wconf 67' lang='grc' dir='ltr'>(ις’.</span> <span class='ocrx_word' id='word_1_99' title='bbox 567 1716 662 1778; x_wconf 83' lang='grc' dir='ltr'><strong>Τίς</strong></span> <span class='ocrx_word' id='word_1_100' title='bbox 708 1717 900 1771; x_wconf 80' lang='grc' dir='ltr'>ἑαυτὸν</span> <span class='ocrx_word' id='word_1_101' title='bbox 937 1717 1046 1788; x_wconf 79' lang='grc' dir='ltr'>πρὸ</span> <span class='ocrx_word' id='word_1_102' title='bbox 1076 1717 1172 1770; x_wconf 90' lang='grc' dir='ltr'><strong>τοῦ</strong></span> <span class='ocrx_word' id='word_1_103' title='bbox 1210 1717 1394 1772; x_wconf 83' lang='grc' dir='ltr'>κοινοῦ</span> <span class='ocrx_word' id='word_1_104' title='bbox 1424 1717 1659 1772; x_wconf 82' lang='grc' dir='ltr'>Θανάτου</span> <span class='ocrx_word' id='word_1_105' title='bbox 1702 1717 1797 1772; x_wconf 88' lang='grc' dir='ltr'><strong>τοῦ</strong></span> <span class='ocrx_word' id='word_1_106' title='bbox 1844 1720 1954 1771; x_wconf 85' lang='grc' dir='ltr'><strong>σώ-</strong></span> 
     </span>
    </p>
   </div>
   <div class='ocr_carea' id='block_1_18' title="bbox 369 1809 1956 1882">
    <p class='ocr_par' dir='ltr' id='par_1_18' title="bbox 369 1809 1956 1882">
     <span class='ocr_line' id='line_1_18' title="bbox 369 1809 1956 1882; baseline 0.003 -21"><span class='ocrx_word' id='word_1_107' title='bbox 369 1827 539 1880; x_wconf 87' lang='grc' dir='ltr'>ματος</span> <span class='ocrx_word' id='word_1_108' title='bbox 595 1809 693 1862; x_wconf 81' lang='grc' dir='ltr'>ίδοι</span> <span class='ocrx_word' id='word_1_109' title='bbox 737 1810 834 1880; x_wconf 85' lang='grc' dir='ltr'>τῆς</span> <span class='ocrx_word' id='word_1_110' title='bbox 875 1811 1154 1882; x_wconf 85' lang='grc' dir='ltr'>ἁμαρτίας</span> <span class='ocrx_word' id='word_1_111' title='bbox 1202 1811 1447 1882; x_wconf 78' lang='grc' dir='ltr'>γυμνόνς</span> <span class='ocrx_word' id='word_1_112' title='bbox 1480 1812 1578 1865; x_wconf 74' lang='grc' dir='ltr'><strong>καὶ</strong></span> <span class='ocrx_word' id='word_1_113' title='bbox 1619 1810 1706 1874; x_wconf 83' lang='grc' dir='ltr'><strong>τίς</strong></span> <span class='ocrx_word' id='word_1_114' title='bbox 1737 1812 1767 1863; x_wconf 98' lang='lat'><strong>6</strong></span> <span class='ocrx_word' id='word_1_115' title='bbox 1793 1810 1956 1880; x_wconf 84' lang='grc' dir='ltr'>γνοὺς</span> 
     </span>
    </p>
   </div>
   <div class='ocr_carea' id='block_1_19' title="bbox 2067 623 3657 695">
    <p class='ocr_par' dir='ltr' id='par_1_19' title="bbox 2067 623 3657 695">
     <span class='ocr_line' id='line_1_19' title="bbox 2067 623 3657 695; baseline 0.006 -20"><span class='ocrx_word' id='word_1_116' title='bbox 2067 623 2235 676; x_wconf 85' lang='lat' dir='ltr'><strong>verba</strong></span> <span class='ocrx_word' id='word_1_117' title='bbox 2270 623 2334 674; x_wconf 60' lang='grc' dir='ltr'><strong><em>η.</em></strong></span> <span class='ocrx_word' id='word_1_118' title='bbox 2365 623 2596 678; x_wconf 86' lang='lat' dir='ltr'><strong>Cuinam</strong></span> <span class='ocrx_word' id='word_1_119' title='bbox 2627 625 2795 695; x_wconf 77' lang='lat' dir='ltr'><strong>igitur</strong></span> <span class='ocrx_word' id='word_1_120' title='bbox 2825 626 3075 694; x_wconf 74' lang='lat' dir='ltr'><strong>obtingat</strong></span> <span class='ocrx_word' id='word_1_121' title='bbox 3104 638 3165 682; x_wconf 89' lang='lat' dir='ltr'><strong>ut</strong></span> <span class='ocrx_word' id='word_1_122' title='bbox 3194 645 3292 683; x_wconf 85' lang='lat' dir='ltr'><strong>sua</strong></span> <span class='ocrx_word' id='word_1_123' title='bbox 3327 629 3435 684; x_wconf 88' lang='lat' dir='ltr'><strong>illis</strong></span> <span class='ocrx_word' id='word_1_124' title='bbox 3468 630 3657 685; x_wconf 88' lang='lat' dir='ltr'><strong>admo-</strong></span> 
     </span>
    </p>
   </div>
   <div class='ocr_carea' id='block_1_20' title="bbox 2067 715 3656 792">
    <p class='ocr_par' dir='ltr' id='par_1_20' title="bbox 2067 715 3656 792">
     <span class='ocr_line' id='line_1_20' title="bbox 2067 715 3656 792; baseline 0.006 -25"><span class='ocrx_word' id='word_1_125' title='bbox 2067 723 2191 768; x_wconf 86' lang='lat' dir='ltr'><strong>veat</strong></span> <span class='ocrx_word' id='word_1_126' title='bbox 2222 715 2385 779; x_wconf 80' lang='lat' dir='ltr'><strong>labia,</strong></span> <span class='ocrx_word' id='word_1_127' title='bbox 2417 725 2473 770; x_wconf 92' lang='lat' dir='ltr'><strong>et</strong></span> <span class='ocrx_word' id='word_1_128' title='bbox 2499 724 2558 769; x_wconf 94' lang='lat' dir='ltr'><strong>ut</strong></span> <span class='ocrx_word' id='word_1_129' title='bbox 2587 717 2730 770; x_wconf 90' lang='lat' dir='ltr'><strong>inter</strong></span> <span class='ocrx_word' id='word_1_130' title='bbox 2754 718 2873 788; x_wconf 84' lang='lat' dir='ltr'><strong>ejus</strong></span> <span class='ocrx_word' id='word_1_131' title='bbox 2901 719 3071 773; x_wconf 90' lang='lat' dir='ltr'><strong>ubera</strong></span> <span class='ocrx_word' id='word_1_132' title='bbox 3095 731 3369 786; x_wconf 75' lang='lat' dir='ltr'><strong>versetur,</strong></span> <span class='ocrx_word' id='word_1_133' title='bbox 3397 723 3656 792; x_wconf 83' lang='lat' dir='ltr'><strong>illiusque</strong></span> 
     </span>
    </p>
   </div>
   <div class='ocr_carea' id='block_1_21' title="bbox 2067 806 3657 881">
    <p class='ocr_par' dir='ltr' id='par_1_21' title="bbox 2067 806 3657 881">
     <span class='ocr_line' id='line_1_21' title="bbox 2067 806 3657 881; baseline 0.005 -22"><span class='ocrx_word' id='word_1_134' title='bbox 2067 806 2283 860; x_wconf 80' lang='lat' dir='ltr'><strong>allletur</strong></span> <span class='ocrx_word' id='word_1_135' title='bbox 2321 807 2782 861; x_wconf 80' lang='lat' dir='ltr'><strong>vestimentorum</strong></span> <span class='ocrx_word' id='word_1_136' title='bbox 2817 807 3006 863; x_wconf 86' lang='lat' dir='ltr'><strong>odoris</strong></span> <span class='ocrx_word' id='word_1_137' title='bbox 3038 809 3307 879; x_wconf 80' lang='lat' dir='ltr'><strong>fragantia</strong></span> <span class='ocrx_word' id='word_1_138' title='bbox 3329 812 3414 864; x_wconf 78' lang='lat'><strong>“’?</strong></span> <span class='ocrx_word' id='word_1_139' title='bbox 3447 811 3657 881; x_wconf 82' lang='lat' dir='ltr'>Nempe</span> 
     </span>
    </p>
   </div>
   <div class='ocr_carea' id='block_1_22' title="bbox 2065 899 3656 972">
    <p class='ocr_par' dir='ltr' id='par_1_22' title="bbox 2065 899 3656 972">
     <span class='ocr_line' id='line_1_22' title="bbox 2065 899 3656 972; baseline 0.006 -22"><span class='ocrx_word' id='word_1_140' title='bbox 2065 899 2338 952; x_wconf 82' lang='lat' dir='ltr'><strong>virtutum</strong></span> <span class='ocrx_word' id='word_1_141' title='bbox 2372 900 2584 968; x_wconf 80' lang='lat' dir='ltr'><strong>legibus</strong></span> <span class='ocrx_word' id='word_1_142' title='bbox 2611 899 2942 965; x_wconf 80' lang='lat' dir='ltr'><strong>delectetur,</strong></span> <span class='ocrx_word' id='word_1_143' title='bbox 2972 918 3093 972; x_wconf 84' lang='lat' dir='ltr'><strong>quae</strong></span> <span class='ocrx_word' id='word_1_144' title='bbox 3116 916 3283 972; x_wconf 78' lang='lat' dir='ltr'><strong>super</strong></span> <span class='ocrx_word' id='word_1_145' title='bbox 3306 905 3490 959; x_wconf 80' lang='lat' dir='ltr'><strong>Omnia</strong></span> <span class='ocrx_word' id='word_1_146' title='bbox 3532 921 3656 959; x_wconf 89' lang='lat' dir='ltr'><strong>aro-</strong></span> 
     </span>
    </p>
   </div>
   <div class='ocr_carea' id='block_1_23' title="bbox 2065 992 3657 1067">
    <p class='ocr_par' dir='ltr' id='par_1_23' title="bbox 2065 992 3657 1067">
     <span class='ocr_line' id='line_1_23' title="bbox 2065 992 3657 1067; baseline 0.007 -25"><span class='ocrx_word' id='word_1_147' title='bbox 2065 1000 2210 1045; x_wconf 83' lang='lat' dir='ltr'><strong>mata</strong></span> <span class='ocrx_word' id='word_1_148' title='bbox 2245 999 2404 1057; x_wconf 90' lang='lat' dir='ltr'><strong>sunt,</strong></span> <span class='ocrx_word' id='word_1_149' title='bbox 2441 992 2560 1063; x_wconf 85' lang='lat' dir='ltr'><strong>ejus</strong></span> <span class='ocrx_word' id='word_1_150' title='bbox 2602 994 2937 1065; x_wconf 72' lang='lat' dir='ltr'><strong>cognitionis</strong></span> <span class='ocrx_word' id='word_1_151' title='bbox 2969 1002 3024 1049; x_wconf 90' lang='lat' dir='ltr'><strong>et</strong></span> <span class='ocrx_word' id='word_1_152' title='bbox 3048 994 3245 1066; x_wconf 88' lang='lat' dir='ltr'><strong>judicii</strong></span> <span class='ocrx_word' id='word_1_153' title='bbox 3274 997 3419 1067; x_wconf 90' lang='lat' dir='ltr'><strong>quod</strong></span> <span class='ocrx_word' id='word_1_154' title='bbox 3461 1012 3657 1054; x_wconf 87' lang='lat' dir='ltr'><strong>sensus</strong></span> 
     </span>
    </p>
   </div>
   <div class='ocr_carea' id='block_1_24' title="bbox 2064 1081 2409 1138">
    <p class='ocr_par' dir='ltr' id='par_1_24' title="bbox 2064 1081 2409 1138">
     <span class='ocr_line' id='line_1_24' title="bbox 2064 1081 2409 1138; baseline 0.006 -4"><span class='ocrx_word' id='word_1_155' title='bbox 2064 1084 2115 1134; x_wconf 91' lang='lat' dir='ltr'><strong>vi</strong></span> <span class='ocrx_word' id='word_1_156' title='bbox 2153 1081 2409 1138; x_wconf 89' lang='lat' dir='ltr'><strong>habetur.</strong></span> 
     </span>
    </p>
   </div>
   <div class='ocr_carea' id='block_1_25' title="bbox 2138 1174 3654 1252">
    <p class='ocr_par' dir='ltr' id='par_1_25' title="bbox 2138 1174 3654 1252">
     <span class='ocr_line' id='line_1_25' title="bbox 2138 1174 3654 1252; baseline 0.005 -24"><span class='ocrx_word' id='word_1_157' title='bbox 2138 1175 2226 1229; x_wconf 82' lang='lat'><strong>75.</strong></span> <span class='ocrx_word' id='word_1_158' title='bbox 2265 1174 2508 1246; x_wconf 87' lang='lat' dir='ltr'><strong>Corpore</strong></span> <span class='ocrx_word' id='word_1_159' title='bbox 2554 1178 2731 1234; x_wconf 90' lang='lat' dir='ltr'><strong>oculis</strong></span> <span class='ocrx_word' id='word_1_160' title='bbox 2773 1180 3044 1252; x_wconf 90' lang='lat' dir='ltr'><strong>subjecto,</strong></span> <span class='ocrx_word' id='word_1_161' title='bbox 3095 1181 3281 1235; x_wconf 88' lang='lat' dir='ltr'><strong>anima</strong></span> <span class='ocrx_word' id='word_1_162' title='bbox 3331 1181 3510 1235; x_wconf 88' lang='lat' dir='ltr'><strong>omnis</strong></span> <span class='ocrx_word' id='word_1_163' title='bbox 3554 1197 3654 1235; x_wconf 90' lang='lat' dir='ltr'><strong>nu-</strong></span> 
     </span>
    </p>
   </div>
   <div class='ocr_carea' id='block_1_26' title="bbox 2063 1266 3654 1342">
    <p class='ocr_par' dir='ltr' id='par_1_26' title="bbox 2063 1266 3654 1342">
     <span class='ocr_line' id='line_1_26' title="bbox 2063 1266 3654 1342; baseline 0.001 -20"><span class='ocrx_word' id='word_1_164' title='bbox 2063 1266 2320 1335; x_wconf 87' lang='lat' dir='ltr'><strong>dabitur;</strong></span> <span class='ocrx_word' id='word_1_165' title='bbox 2361 1270 2574 1340; x_wconf 86' lang='lat' dir='ltr'><strong>peccati</strong></span> <span class='ocrx_word' id='word_1_166' title='bbox 2613 1279 2795 1326; x_wconf 88' lang='lat' dir='ltr'><strong>autem</strong></span> <span class='ocrx_word' id='word_1_167' title='bbox 2830 1286 3064 1342; x_wconf 89' lang='lat' dir='ltr'><strong>corpore</strong></span> <span class='ocrx_word' id='word_1_168' title='bbox 3086 1312 3100 1337; x_wconf 94' lang='lat'><strong>,</strong></span> <span class='ocrx_word' id='word_1_169' title='bbox 3138 1271 3298 1341; x_wconf 82' lang='lat' dir='ltr'><strong>pauci</strong></span> <span class='ocrx_word' id='word_1_170' title='bbox 3329 1287 3396 1326; x_wconf 84' lang='lat' dir='ltr'><strong>ex</strong></span> <span class='ocrx_word' id='word_1_171' title='bbox 3427 1271 3534 1326; x_wconf 88' lang='lat' dir='ltr'><strong>illis</strong></span> <span class='ocrx_word' id='word_1_172' title='bbox 3561 1271 3654 1340; x_wconf 86' lang='lat' dir='ltr'><strong>qui</strong></span> 
     </span>
    </p>
   </div>
   <div class='ocr_carea' id='block_1_27' title="bbox 2062 1361 3002 1433">
    <p class='ocr_par' dir='ltr' id='par_1_27' title="bbox 2062 1361 3002 1433">
     <span class='ocr_line' id='line_1_27' title="bbox 2062 1361 3002 1433; baseline 0.001 -18"><span class='ocrx_word' id='word_1_173' title='bbox 2062 1361 2190 1416; x_wconf 68' lang='lat' dir='ltr'><strong>vita:</strong></span> <span class='ocrx_word' id='word_1_174' title='bbox 2215 1361 2382 1432; x_wconf 89' lang='lat' dir='ltr'><strong>hujus</strong></span> <span class='ocrx_word' id='word_1_175' title='bbox 2411 1362 2628 1418; x_wconf 87' lang='lat' dir='ltr'><strong>deliciis</strong></span> <span class='ocrx_word' id='word_1_176' title='bbox 2659 1362 2828 1433; x_wconf 80' lang='lat' dir='ltr'><strong>potiti</strong></span> <span class='ocrx_word' id='word_1_177' title='bbox 2853 1372 3002 1417; x_wconf 89' lang='lat' dir='ltr'><strong>sunt.</strong></span> 
     </span>
    </p>
   </div>
   <div class='ocr_carea' id='block_1_28' title="bbox 2137 1453 3657 1524">
    <p class='ocr_par' dir='ltr' id='par_1_28' title="bbox 2137 1453 3657 1524">
     <span class='ocr_line' id='line_1_28' title="bbox 2137 1453 3657 1524; baseline -0.001 -16"><span class='ocrx_word' id='word_1_178' title='bbox 2137 1453 2223 1508; x_wconf 86' lang='lat'><strong>76.</strong></span> <span class='ocrx_word' id='word_1_179' title='bbox 2265 1454 2468 1509; x_wconf 86' lang='lat' dir='ltr'><strong>Mortui</strong></span> <span class='ocrx_word' id='word_1_180' title='bbox 2496 1471 2561 1510; x_wconf 86' lang='lat' dir='ltr'><strong>ex</strong></span> <span class='ocrx_word' id='word_1_181' title='bbox 2597 1455 2936 1519; x_wconf 81' lang='lat' dir='ltr'><strong>viventibus,</strong></span> <span class='ocrx_word' id='word_1_182' title='bbox 2963 1470 3156 1510; x_wconf 90' lang='lat' dir='ltr'><strong>omnes</strong></span> <span class='ocrx_word' id='word_1_183' title='bbox 3181 1454 3405 1524; x_wconf 89' lang='lat' dir='ltr'><strong>quidem</strong></span> <span class='ocrx_word' id='word_1_184' title='bbox 3437 1454 3657 1524; x_wconf 78' lang='lat' dir='ltr'><strong>conspi-</strong></span> 
     </span>
    </p>
   </div>
   <div class='ocr_carea' id='block_1_29' title="bbox 2063 1546 3652 1620">
    <p class='ocr_par' dir='ltr' id='par_1_29' title="bbox 2063 1546 3652 1620">
     <span class='ocr_line' id='line_1_29' title="bbox 2063 1546 3652 1620; baseline 0.001 -19"><span class='ocrx_word' id='word_1_185' title='bbox 2063 1546 2283 1602; x_wconf 85' lang='lat' dir='ltr'><strong>cientur</strong></span> <span class='ocrx_word' id='word_1_186' title='bbox 2311 1563 2324 1601; x_wconf 75' lang='grc' dir='ltr'>ε</span> <span class='ocrx_word' id='word_1_187' title='bbox 2358 1547 2454 1604; x_wconf 91' lang='lat' dir='ltr'><strong>sed</strong></span> <span class='ocrx_word' id='word_1_188' title='bbox 2486 1548 2565 1604; x_wconf 89' lang='lat' dir='ltr'><strong>illi</strong></span> <span class='ocrx_word' id='word_1_189' title='bbox 2596 1549 2861 1604; x_wconf 74' lang='lat' dir='ltr'><strong>duntaxat</strong></span> <span class='ocrx_word' id='word_1_190' title='bbox 2893 1559 3120 1620; x_wconf 89' lang='lat' dir='ltr'><strong>peccato</strong></span> <span class='ocrx_word' id='word_1_191' title='bbox 3150 1549 3652 1613; x_wconf 82' lang='lat' dir='ltr'><strong>mortiﬁcabuntur,</strong></span> 
     </span>
    </p>
   </div>
   <div class='ocr_carea' id='block_1_30' title="bbox 2063 1640 2910 1710">
    <p class='ocr_par' dir='ltr' id='par_1_30' title="bbox 2063 1640 2910 1710">
     <span class='ocr_line' id='line_1_30' title="bbox 2063 1640 2910 1710; baseline 0.001 -16"><span class='ocrx_word' id='word_1_192' title='bbox 2063 1640 2159 1710; x_wconf 89' lang='lat' dir='ltr'><strong>qui</strong></span> <span class='ocrx_word' id='word_1_193' title='bbox 2187 1656 2256 1696; x_wconf 80' lang='lat' dir='ltr'><strong>ex</strong></span> <span class='ocrx_word' id='word_1_194' title='bbox 2279 1640 2466 1696; x_wconf 88' lang='lat' dir='ltr'><strong>animo</strong></span> <span class='ocrx_word' id='word_1_195' title='bbox 2501 1641 2636 1696; x_wconf 90' lang='lat' dir='ltr'><strong>illud</strong></span> <span class='ocrx_word' id='word_1_196' title='bbox 2668 1641 2910 1697; x_wconf 88' lang='lat' dir='ltr'><strong>oderint.</strong></span> 
     </span>
    </p>
   </div>
   <div class='ocr_carea' id='block_1_31' title="bbox 2134 1733 3654 1804">
    <p class='ocr_par' dir='ltr' id='par_1_31' title="bbox 2134 1733 3654 1804">
     <span class='ocr_line' id='line_1_31' title="bbox 2134 1733 3654 1804; baseline 0 -16"><span class='ocrx_word' id='word_1_197' title='bbox 2134 1735 2223 1788; x_wconf 89' lang='lat'><strong>77.</strong></span> <span class='ocrx_word' id='word_1_198' title='bbox 2265 1733 2399 1800; x_wconf 85' lang='lat' dir='ltr'><strong>Quis</strong></span> <span class='ocrx_word' id='word_1_199' title='bbox 2425 1743 2554 1791; x_wconf 88' lang='lat' dir='ltr'><strong>ante</strong></span> <span class='ocrx_word' id='word_1_200' title='bbox 2583 1749 2933 1788; x_wconf 87' lang='lat' dir='ltr'><strong>communem</strong></span> <span class='ocrx_word' id='word_1_201' title='bbox 2969 1743 3202 1789; x_wconf 87' lang='lat' dir='ltr'><strong>mortem</strong></span> <span class='ocrx_word' id='word_1_202' title='bbox 3246 1735 3518 1804; x_wconf 86' lang='lat' dir='ltr'><strong>corporis,</strong></span> <span class='ocrx_word' id='word_1_203' title='bbox 3546 1751 3654 1788; x_wconf 89' lang='lat' dir='ltr'><strong>nu-</strong></span> 
     </span>
    </p>
   </div>
   <div class='ocr_carea' id='block_1_32' title="bbox 2063 1825 3654 1897">
    <p class='ocr_par' dir='ltr' id='par_1_32' title="bbox 2063 1825 3654 1897">
     <span class='ocr_line' id='line_1_32' title="bbox 2063 1825 3654 1897; baseline 0.001 -17"><span class='ocrx_word' id='word_1_204' title='bbox 2063 1825 2195 1880; x_wconf 91' lang='lat' dir='ltr'><strong>dum</strong></span> <span class='ocrx_word' id='word_1_205' title='bbox 2222 1841 2280 1881; x_wconf 89' lang='lat' dir='ltr'><strong>se</strong></span> <span class='ocrx_word' id='word_1_206' title='bbox 2309 1842 2339 1880; x_wconf 90' lang='lat' dir='ltr'><strong>a</strong></span> <span class='ocrx_word' id='word_1_207' title='bbox 2371 1834 2599 1896; x_wconf 88' lang='lat' dir='ltr'><strong>peccato</strong></span> <span class='ocrx_word' id='word_1_208' title='bbox 2625 1825 2866 1881; x_wconf 86' lang='lat' dir='ltr'><strong>viderit?</strong></span> <span class='ocrx_word' id='word_1_209' title='bbox 2894 1825 3087 1895; x_wconf 89' lang='lat' dir='ltr'><strong>quisve</strong></span> <span class='ocrx_word' id='word_1_210' title='bbox 3117 1827 3358 1897; x_wconf 88' lang='lat' dir='ltr'><strong>seipsum</strong></span> <span class='ocrx_word' id='word_1_211' title='bbox 3388 1842 3654 1897; x_wconf 89' lang='lat' dir='ltr'><strong>suamque</strong></span> 
     </span>
    </p>
   </div>
   <div class='ocr_carea' id='block_1_33' title="bbox 368 1901 1957 1975">
    <p class='ocr_par' dir='ltr' id='par_1_33' title="bbox 368 1901 1957 1975">
     <span class='ocr_line' id='line_1_33' title="bbox 368 1901 1957 1975; baseline 0.003 -22"><span class='ocrx_word' id='word_1_212' title='bbox 368 1901 534 1954; x_wconf 81' lang='grc' dir='ltr'>αὐτόν</span> <span class='ocrx_word' id='word_1_213' title='bbox 562 1919 622 1954; x_wconf 88' lang='grc' dir='ltr'><strong>τε</strong></span> <span class='ocrx_word' id='word_1_214' title='bbox 656 1901 750 1955; x_wconf 73' lang='grc' dir='ltr'><strong>καὶ</strong></span> <span class='ocrx_word' id='word_1_215' title='bbox 780 1901 878 1972; x_wconf 76' lang='grc' dir='ltr'><strong>τὴν</strong></span> <span class='ocrx_word' id='word_1_216' title='bbox 911 1903 1048 1956; x_wconf 91' lang='grc' dir='ltr'>ἰδίαν</span> <span class='ocrx_word' id='word_1_217' title='bbox 1100 1902 1285 1971; x_wconf 82' lang='grc' dir='ltr'>φύσιν,</span> <span class='ocrx_word' id='word_1_218' title='bbox 1334 1903 1498 1958; x_wconf 82' lang='grc' dir='ltr'>ὁποία</span> <span class='ocrx_word' id='word_1_219' title='bbox 1543 1902 1668 1957; x_wconf 72' lang='grc' dir='ltr'>ἐστὶ</span> <span class='ocrx_word' id='word_1_220' title='bbox 1713 1903 1822 1974; x_wconf 82' lang='grc' dir='ltr'><strong>πρὸ</strong></span> <span class='ocrx_word' id='word_1_221' title='bbox 1856 1904 1957 1975; x_wconf 86' lang='grc' dir='ltr'><strong>τῆς</strong></span> 
     </span>
    </p>
   </div>
   <div class='ocr_carea' id='block_1_34' title="bbox 2060 1901 3480 1975">
    <p class='ocr_par' dir='ltr' id='par_1_34' title="bbox 2061 1917 3480 1975">
     <span class='ocr_line' id='line_1_34' title="bbox 2061 1917 3480 1975; baseline 0 -2"><span class='ocrx_word' id='word_1_222' title='bbox 2061 1919 2305 1975; x_wconf 89' lang='lat' dir='ltr'><strong>indolem</strong></span> <span class='ocrx_word' id='word_1_223' title='bbox 2336 1927 2465 1974; x_wconf 89' lang='lat' dir='ltr'><strong>ante</strong></span> <span class='ocrx_word' id='word_1_224' title='bbox 2493 1918 2736 1973; x_wconf 82' lang='lat' dir='ltr'><strong>futuram</strong></span> <span class='ocrx_word' id='word_1_225' title='bbox 2767 1917 3195 1973; x_wconf 82' lang='lat' dir='ltr'><strong>denudationem</strong></span> <span class='ocrx_word' id='word_1_226' title='bbox 3225 1918 3480 1973; x_wconf 89' lang='lat' dir='ltr'><strong>noverit?</strong></span> 
     </span>
    </p>
   </div>
   <div class='ocr_carea' id='block_1_35' title="bbox 377 1991 1100 2064">
    <p class='ocr_par' dir='ltr' id='par_1_35' title="bbox 377 1991 1100 2064">
     <span class='ocr_line' id='line_1_35' title="bbox 377 1991 1100 2064; baseline 0.001 -20"><span class='ocrx_word' id='word_1_227' title='bbox 377 1991 680 2063; x_wconf 78' lang='grc' dir='ltr'>μελλούσης</span> <span class='ocrx_word' id='word_1_228' title='bbox 715 1992 1060 2064; x_wconf 69' lang='grc' dir='ltr'><strong>¹γυμνιῦσεως</strong></span> <span class='ocrx_word' id='word_1_229' title='bbox 1086 2010 1100 2058; x_wconf 91' lang='grc'>;</span> 
     </span>
    </p>
   </div>
   <div class='ocr_carea' id='block_1_36' title="bbox 993 2126 1322 2180">
    <p class='ocr_par' dir='ltr' id='par_1_36' title="bbox 993 2126 1322 2180">
     <span class='ocr_line' id='line_1_36' title="bbox 993 2126 1322 2180; baseline 0 -1"><span class='ocrx_word' id='word_1_230' title='bbox 993 2126 1102 2179; x_wconf 91' lang='grc' dir='ltr'>Τοῦ</span> <span class='ocrx_word' id='word_1_231' title='bbox 1137 2127 1322 2180; x_wconf 76' lang='grc' dir='ltr'>αὑτοῦ.</span> 
     </span>
    </p>
   </div>
   <div class='ocr_carea' id='block_1_37' title="bbox 481 2239 1671 2310">
    <p class='ocr_par' dir='ltr' id='par_1_37' title="bbox 481 2239 1671 2310">
     <span class='ocr_line' id='line_1_37' title="bbox 481 2239 1671 2310; baseline -0.001 -16"><span class='ocrx_word' id='word_1_232' title='bbox 481 2239 701 2310; x_wconf 79' lang='grc' dir='ltr'><strong>Ψυχὴν</strong></span> <span class='ocrx_word' id='word_1_233' title='bbox 733 2239 904 2308; x_wconf 74' lang='grc' dir='ltr'>ἔρωτι</span> <span class='ocrx_word' id='word_1_234' title='bbox 953 2239 1231 2310; x_wconf 59' lang='grc' dir='ltr'>νυμφικῷ</span> <span class='ocrx_word' id='word_1_235' title='bbox 1262 2239 1671 2310; x_wconf 34' lang='grc' dir='ltr'>Ατετρωμένην,</span> 
     </span>
    </p>
   </div>
   <div class='ocr_carea' id='block_1_38' title="bbox 473 2304 1659 2382">
    <p class='ocr_par' dir='ltr' id='par_1_38' title="bbox 473 2304 1659 2382">
     <span class='ocr_line' id='line_1_38' title="bbox 473 2304 1659 2382; baseline -0.001 -17"><span class='ocrx_word' id='word_1_236' title='bbox 473 2304 655 2382; x_wconf 65' lang='grc' dir='ltr'><strong>Εὐξῆ</strong></span> <span class='ocrx_word' id='word_1_237' title='bbox 685 2304 1221 2366; x_wconf 55' lang='grc' dir='ltr'>σύνὰπτεινίόῐδεν</span> <span class='ocrx_word' id='word_1_238' title='bbox 1249 2304 1659 2380; x_wconf 69' lang='grc' dir='ltr'>ὧδένύμφίίρ.</span> 
     </span>
    </p>
   </div>
   <div class='ocr_carea' id='block_1_39' title="bbox 432 2424 1962 2498">
    <p class='ocr_par' dir='ltr' id='par_1_39' title="bbox 432 2424 1962 2498">
     <span class='ocr_line' id='line_1_39' title="bbox 432 2424 1962 2498; baseline 0.005 -21"><span class='ocrx_word' id='word_1_239' title='bbox 432 2431 537 2496; x_wconf 66' lang='grc' dir='ltr'><strong>ς.η’.</strong></span> <span class='ocrx_word' id='word_1_240' title='bbox 571 2425 678 2478; x_wconf 92' lang='grc' dir='ltr'><strong>Τοῦ</strong></span> <span class='ocrx_word' id='word_1_241' title='bbox 728 2424 990 2496; x_wconf 77' lang='grc' dir='ltr'>αἰσθητοῦ</span> <span class='ocrx_word' id='word_1_242' title='bbox 1037 2443 1097 2479; x_wconf 86' lang='grc' dir='ltr'>τε</span> <span class='ocrx_word' id='word_1_243' title='bbox 1141 2427 1236 2479; x_wconf 72' lang='grc' dir='ltr'><strong>καὶ</strong></span> <span class='ocrx_word' id='word_1_244' title='bbox 1267 2425 1458 2498; x_wconf 84' lang='grc' dir='ltr'>νοεροῦ</span> <span class='ocrx_word' id='word_1_245' title='bbox 1489 2426 1666 2495; x_wconf 77' lang='grc' dir='ltr'>φωτὸς</span> <span class='ocrx_word' id='word_1_246' title='bbox 1695 2428 1728 2496; x_wconf 81' lang='grc' dir='ltr'><strong>ἡ</strong></span> <span class='ocrx_word' id='word_1_247' title='bbox 1763 2425 1962 2495; x_wconf 76' lang='grc' dir='ltr'>λογικὴ</span> 
     </span>
    </p>
   </div>
   <div class='ocr_carea' id='block_1_40' title="bbox 367 2519 1958 2591">
    <p class='ocr_par' dir='ltr' id='par_1_40' title="bbox 367 2519 1958 2591">
     <span class='ocr_line' id='line_1_40' title="bbox 367 2519 1958 2591; baseline -0.002 -17"><span class='ocrx_word' id='word_1_248' title='bbox 367 2522 425 2574; x_wconf 83' lang='grc' dir='ltr'><strong>ὲν</strong></span> <span class='ocrx_word' id='word_1_249' title='bbox 458 2519 696 2591; x_wconf 77' lang='grc' dir='ltr'>μεθορίῳ</span> <span class='ocrx_word' id='word_1_250' title='bbox 723 2520 952 2590; x_wconf 80' lang='grc' dir='ltr'>κειμένη</span> <span class='ocrx_word' id='word_1_251' title='bbox 983 2519 1152 2590; x_wconf 83' lang='grc' dir='ltr'>ψυχὴ,</span> <span class='ocrx_word' id='word_1_252' title='bbox 1195 2519 1283 2573; x_wconf 77' lang='grc' dir='ltr'><strong>διὰ</strong></span> <span class='ocrx_word' id='word_1_253' title='bbox 1323 2521 1421 2590; x_wconf 82' lang='grc' dir='ltr'><strong>μὲν</strong></span> <span class='ocrx_word' id='word_1_254' title='bbox 1445 2519 1660 2583; x_wconf 80' lang='grc' dir='ltr'>τούτου,</span> <span class='ocrx_word' id='word_1_255' title='bbox 1693 2520 1829 2589; x_wconf 76' lang='grc' dir='ltr'>ὁρᾷν</span> <span class='ocrx_word' id='word_1_256' title='bbox 1864 2519 1958 2571; x_wconf 68' lang='grc' dir='ltr'><strong>καί¹</strong></span> 
     </span>
    </p>
   </div>
   <div class='ocr_carea' id='block_1_41' title="bbox 367 2610 1954 2684">
    <p class='ocr_par' dir='ltr' id='par_1_41' title="bbox 367 2610 1954 2684">
     <span class='ocr_line' id='line_1_41' title="bbox 367 2610 1954 2684; baseline -0.001 -20"><span class='ocrx_word' id='word_1_257' title='bbox 367 2611 633 2684; x_wconf 77' lang='grc' dir='ltr'>πράττειν</span> <span class='ocrx_word' id='word_1_258' title='bbox 662 2613 732 2665; x_wconf 84' lang='grc' dir='ltr'>τὰ</span> <span class='ocrx_word' id='word_1_259' title='bbox 775 2610 868 2664; x_wconf 90' lang='grc' dir='ltr'><strong>τοῦ</strong></span> <span class='ocrx_word' id='word_1_260' title='bbox 918 2610 1168 2683; x_wconf 86' lang='grc' dir='ltr'>σώματος</span> <span class='ocrx_word' id='word_1_261' title='bbox 1196 2611 1503 2683; x_wconf 77' lang='grc' dir='ltr'>ἐπετράπη·</span> <span class='ocrx_word' id='word_1_262' title='bbox 1539 2611 1606 2664; x_wconf 83' lang='grc' dir='ltr'>δι’</span> <span class='ocrx_word' id='word_1_263' title='bbox 1637 2612 1847 2663; x_wconf 79' lang='grc' dir='ltr'>ἐκείνου</span> <span class='ocrx_word' id='word_1_264' title='bbox 1878 2611 1954 2672; x_wconf 86' lang='grc' dir='ltr'><strong>δὲ,</strong></span> 
     </span>
    </p>
   </div>
   <div class='ocr_carea' id='block_1_42' title="bbox 367 2703 1954 2775">
    <p class='ocr_par' dir='ltr' id='par_1_42' title="bbox 367 2703 1954 2775">
     <span class='ocr_line' id='line_1_42' title="bbox 367 2703 1954 2775; baseline -0.001 -18"><span class='ocrx_word' id='word_1_265' title='bbox 367 2705 434 2757; x_wconf 80' lang='grc' dir='ltr'><strong>τὰ</strong></span> <span class='ocrx_word' id='word_1_266' title='bbox 461 2704 552 2758; x_wconf 86' lang='grc' dir='ltr'><strong>τοῦ</strong></span> <span class='ocrx_word' id='word_1_267' title='bbox 583 2704 913 2775; x_wconf 86' lang='grc' dir='ltr'>πνεύματος.</span> <span class='ocrx_word' id='word_1_268' title='bbox 952 2705 1092 2756; x_wconf 82' lang='grc' dir='ltr'>Ἀλλ’</span> <span class='ocrx_word' id='word_1_269' title='bbox 1127 2703 1318 2775; x_wconf 75' lang='grc' dir='ltr'>ἐπειδὴ</span> <span class='ocrx_word' id='word_1_270' title='bbox 1344 2703 1649 2775; x_wconf 74' lang='grc' dir='ltr'>ὴμαυρώθη</span> <span class='ocrx_word' id='word_1_271' title='bbox 1686 2705 1783 2774; x_wconf 81' lang='grc' dir='ltr'><strong>μὲν</strong></span> <span class='ocrx_word' id='word_1_272' title='bbox 1815 2704 1954 2774; x_wconf 78' lang='grc' dir='ltr'>αὐτῇ</span> 
     </span>
    </p>
   </div>
   <div class='ocr_carea' id='block_1_43' title="bbox 367 2793 1956 2866">
    <p class='ocr_par' dir='ltr' id='par_1_43' title="bbox 367 2793 1956 2866">
     <span class='ocr_line' id='line_1_43' title="bbox 367 2793 1956 2866; baseline -0.002 -18"><span class='ocrx_word' id='word_1_273' title='bbox 367 2796 576 2859; x_wconf 78' lang='grc' dir='ltr'>έκεῖνο,</span> <span class='ocrx_word' id='word_1_274' title='bbox 622 2793 910 2866; x_wconf 83' lang='grc' dir='ltr'>ὲτρανὼθη</span> <span class='ocrx_word' id='word_1_275' title='bbox 957 2795 1012 2847; x_wconf 84' lang='grc' dir='ltr'><strong>δὲ</strong></span> <span class='ocrx_word' id='word_1_276' title='bbox 1055 2793 1236 2856; x_wconf 88' lang='grc' dir='ltr'>τοῦτο,</span> <span class='ocrx_word' id='word_1_277' title='bbox 1267 2793 1355 2846; x_wconf 83' lang='grc' dir='ltr'>διὰ</span> <span class='ocrx_word' id='word_1_278' title='bbox 1401 2793 1498 2866; x_wconf 83' lang='grc' dir='ltr'>τὴν</span> <span class='ocrx_word' id='word_1_279' title='bbox 1538 2794 1775 2865; x_wconf 80' lang='grc' dir='ltr'>ἀρχῆθεν</span> <span class='ocrx_word' id='word_1_280' title='bbox 1827 2810 1956 2845; x_wconf 88' lang='grc' dir='ltr'>συν-</span> 
     </span>
    </p>
   </div>
   <div class='ocr_carea' id='block_1_44' title="bbox 368 2882 1956 2959">
    <p class='ocr_par' dir='ltr' id='par_1_44' title="bbox 368 2882 1956 2959">
     <span class='ocr_line' id='line_1_44' title="bbox 368 2882 1956 2959; baseline -0.003 -18"><span class='ocrx_word' id='word_1_281' title='bbox 368 2887 577 2957; x_wconf 80' lang='grc' dir='ltr'>ήθειαν,</span> <span class='ocrx_word' id='word_1_282' title='bbox 600 2888 648 2940; x_wconf 86' lang='grc' dir='ltr'><strong>εἰ</strong></span> <span class='ocrx_word' id='word_1_283' title='bbox 684 2888 758 2959; x_wconf 77' lang='grc' dir='ltr'>μὴ</span> <span class='ocrx_word' id='word_1_284' title='bbox 799 2887 936 2950; x_wconf 83' lang='grc' dir='ltr'>ὅλως</span> <span class='ocrx_word' id='word_1_285' title='bbox 969 2886 1110 2958; x_wconf 87' lang='grc' dir='ltr'><strong>μετά</strong></span> <span class='ocrx_word' id='word_1_286' title='bbox 1151 2882 1245 2939; x_wconf 91' lang='grc' dir='ltr'><strong>τοῦ</strong></span> <span class='ocrx_word' id='word_1_287' title='bbox 1286 2885 1476 2956; x_wconf 88' lang='grc' dir='ltr'>νοεροῦ</span> <span class='ocrx_word' id='word_1_288' title='bbox 1507 2887 1566 2938; x_wconf 85' lang='grc' dir='ltr'>ὲν</span> <span class='ocrx_word' id='word_1_289' title='bbox 1594 2888 1660 2957; x_wconf 77' lang='grc' dir='ltr'><strong>τῇ</strong></span> <span class='ocrx_word' id='word_1_290' title='bbox 1703 2885 1841 2957; x_wconf 68' lang='grc' dir='ltr'>εὐχῇ</span> <span class='ocrx_word' id='word_1_291' title='bbox 1864 2886 1956 2954; x_wconf 84' lang='grc' dir='ltr'><strong>γέ-</strong></span> 
     </span>
    </p>
   </div>
   <div class='ocr_carea' id='block_1_45' title="bbox 366 2973 1952 3047">
    <p class='ocr_par' dir='ltr' id='par_1_45' title="bbox 366 2973 1952 3047">
     <span class='ocr_line' id='line_1_45' title="bbox 366 2973 1952 3047; baseline -0.001 -18"><span class='ocrx_word' id='word_1_292' title='bbox 366 2995 550 3047; x_wconf 80' lang='grc' dir='ltr'>νηται,</span> <span class='ocrx_word' id='word_1_293' title='bbox 585 2976 782 3039; x_wconf 78' lang='grc' dir='ltr'>ὑλικῶς</span> <span class='ocrx_word' id='word_1_294' title='bbox 836 2979 950 3040; x_wconf 87' lang='grc' dir='ltr'>τοῖς</span> <span class='ocrx_word' id='word_1_295' title='bbox 1003 2975 1168 3038; x_wconf 81' lang='grc' dir='ltr'>Θείοις</span> <span class='ocrx_word' id='word_1_296' title='bbox 1225 2973 1554 3039; x_wconf 79' lang='grc' dir='ltr'>ὲνατενίζειν</span> <span class='ocrx_word' id='word_1_297' title='bbox 1610 2974 1671 3027; x_wconf 77' lang='grc' dir='ltr'><strong>οὐ</strong></span> <span class='ocrx_word' id='word_1_298' title='bbox 1708 2974 1952 3028; x_wconf 83' lang='grc' dir='ltr'>δύναται.</span> 
     </span>
    </p>
   </div>
   <div class='ocr_carea' id='block_1_46' title="bbox 379 3065 1958 3142">
    <p class='ocr_par' dir='ltr' id='par_1_46' title="bbox 379 3065 1958 3142">
     <span class='ocr_line' id='line_1_46' title="bbox 379 3065 1958 3142; baseline -0.003 -18"><span class='ocrx_word' id='word_1_299' title='bbox 379 3073 621 3142; x_wconf 75' lang='grc' dir='ltr'>Ἀνάγκη</span> <span class='ocrx_word' id='word_1_300' title='bbox 653 3065 888 3124; x_wconf 69' lang='grc' dir='ltr'>δὲιεῖναι</span> <span class='ocrx_word' id='word_1_301' title='bbox 929 3069 1100 3141; x_wconf 81' lang='grc' dir='ltr'>αὐτὴν</span> <span class='ocrx_word' id='word_1_302' title='bbox 1148 3069 1206 3120; x_wconf 81' lang='grc' dir='ltr'>ὲν</span> <span class='ocrx_word' id='word_1_303' title='bbox 1253 3067 1567 3139; x_wconf 82' lang='grc' dir='ltr'>μεταιχμίῳ</span> <span class='ocrx_word' id='word_1_304' title='bbox 1599 3067 1826 3132; x_wconf 81' lang='grc' dir='ltr'>σκότους</span> <span class='ocrx_word' id='word_1_305' title='bbox 1863 3069 1958 3122; x_wconf 63' lang='grc' dir='ltr'><strong>κοιλ⁴</strong></span> 
     </span>
    </p>
   </div>
   <div class='ocr_carea' id='block_1_47' title="bbox 365 3160 1957 3235">
    <p class='ocr_par' dir='ltr' id='par_1_47' title="bbox 365 3160 1957 3235">
     <span class='ocr_line' id='line_1_47' title="bbox 365 3160 1957 3235; baseline -0.002 -17"><span class='ocrx_word' id='word_1_306' title='bbox 365 3165 565 3235; x_wconf 77' lang='grc' dir='ltr'>φωτόςο</span> <span class='ocrx_word' id='word_1_307' title='bbox 602 3163 747 3219; x_wconf 86' lang='grc' dir='ltr'><strong>κατά</strong></span> <span class='ocrx_word' id='word_1_308' title='bbox 789 3164 975 3235; x_wconf 83' lang='grc' dir='ltr'>σχέσιν</span> <span class='ocrx_word' id='word_1_309' title='bbox 1005 3163 1104 3233; x_wconf 88' lang='grc' dir='ltr'>μὲν</span> <span class='ocrx_word' id='word_1_310' title='bbox 1135 3161 1351 3227; x_wconf 79' lang='grc' dir='ltr'>τούτου,</span> <span class='ocrx_word' id='word_1_311' title='bbox 1382 3160 1529 3215; x_wconf 87' lang='grc' dir='ltr'><strong>κατά</strong></span> <span class='ocrx_word' id='word_1_312' title='bbox 1559 3160 1617 3214; x_wconf 79' lang='grc' dir='ltr'><strong>δὲ</strong></span> <span class='ocrx_word' id='word_1_313' title='bbox 1648 3161 1957 3231; x_wconf 85' lang='grc' dir='ltr'>φαντασίαν</span> 
     </span>
    </p>
   </div>
   <div class='ocr_carea' id='block_1_48' title="bbox 363 3257 1122 3330">
    <p class='ocr_par' dir='ltr' id='par_1_48' title="bbox 363 3257 1122 3330">
     <span class='ocr_line' id='line_1_48' title="bbox 363 3257 1122 3330; baseline 0 -19"><span class='ocrx_word' id='word_1_314' title='bbox 363 3260 574 3313; x_wconf 81' lang='grc' dir='ltr'>ἐκείνου</span> <span class='ocrx_word' id='word_1_315' title='bbox 606 3257 1122 3330; x_wconf 84' lang='grc' dir='ltr'>ἀναστρεφομένην.</span> 
     </span>
    </p>
   </div>
   <div class='ocr_carea' id='block_1_49' title="bbox 2707 2132 2990 2204">
    <p class='ocr_par' dir='ltr' id='par_1_49' title="bbox 2707 2132 2990 2204">
     <span class='ocr_line' id='line_1_49' title="bbox 2707 2132 2990 2204; baseline -0.004 -17"><span class='ocrx_word' id='word_1_316' title='bbox 2707 2132 2990 2204; x_wconf 87' lang='lat' dir='ltr'><strong>Ejusdem.</strong></span> 
     </span>
    </p>
   </div>
   <div class='ocr_carea' id='block_1_50' title="bbox 2167 2246 3162 2318">
    <p class='ocr_par' dir='ltr' id='par_1_50' title="bbox 2167 2246 3162 2318">
     <span class='ocr_line' id='line_1_50' title="bbox 2167 2246 3162 2318; baseline 0 -17"><span class='ocrx_word' id='word_1_317' title='bbox 2167 2249 2421 2318; x_wconf 73' lang='lat' dir='ltr'><strong>Animum</strong></span> <span class='ocrx_word' id='word_1_318' title='bbox 2455 2246 2647 2318; x_wconf 66' lang='grc' dir='ltr'><strong>Βησηδὶ</strong></span> <span class='ocrx_word' id='word_1_319' title='bbox 2680 2265 2862 2302; x_wconf 87' lang='lat' dir='ltr'><strong>amere</strong></span> <span class='ocrx_word' id='word_1_320' title='bbox 2899 2249 3162 2311; x_wconf 79' lang='lat' dir='ltr'><strong>saucium,</strong></span> 
     </span>
    </p>
   </div>
   <div class='ocr_carea' id='block_1_51' title="bbox 2166 2317 3196 2390">
    <p class='ocr_par' dir='ltr' id='par_1_51' title="bbox 2166 2317 3196 2390">
     <span class='ocr_line' id='line_1_51' title="bbox 2166 2317 3196 2390; baseline -0.002 -17"><span class='ocrx_word' id='word_1_321' title='bbox 2166 2317 2254 2373; x_wconf 78' lang='lat' dir='ltr'><strong>Sic</strong></span> <span class='ocrx_word' id='word_1_322' title='bbox 2292 2319 2465 2372; x_wconf 81' lang='lat' dir='ltr'><strong>oratio</strong></span> <span class='ocrx_word' id='word_1_323' title='bbox 2498 2317 2703 2389; x_wconf 80' lang='lat' dir='ltr'><strong>Sponsa</strong></span> <span class='ocrx_word' id='word_1_324' title='bbox 2742 2318 2993 2390; x_wconf 82' lang='lat' dir='ltr'><strong>copulare</strong></span> <span class='ocrx_word' id='word_1_325' title='bbox 3031 2320 3196 2373; x_wconf 81' lang='lat' dir='ltr'><strong>novit.</strong></span> 
     </span>
    </p>
   </div>
   <div class='ocr_carea' id='block_1_52' title="bbox 2133 2429 3653 2498">
    <p class='ocr_par' dir='ltr' id='par_1_52' title="bbox 2133 2429 3653 2498">
     <span class='ocr_line' id='line_1_52' title="bbox 2133 2429 3653 2498; baseline -0.002 -14"><span class='ocrx_word' id='word_1_326' title='bbox 2133 2430 2220 2485; x_wconf 90' lang='lat'><strong>78.</strong></span> <span class='ocrx_word' id='word_1_327' title='bbox 2261 2431 2458 2486; x_wconf 84' lang='lat' dir='ltr'><strong>Anima</strong></span> <span class='ocrx_word' id='word_1_328' title='bbox 2483 2431 2698 2486; x_wconf 87' lang='lat' dir='ltr'><strong>ratione</strong></span> <span class='ocrx_word' id='word_1_329' title='bbox 2724 2441 2906 2496; x_wconf 89' lang='lat' dir='ltr'><strong>utens,</strong></span> <span class='ocrx_word' id='word_1_330' title='bbox 2933 2445 3062 2486; x_wconf 91' lang='lat' dir='ltr'><strong>cum</strong></span> <span class='ocrx_word' id='word_1_331' title='bbox 3085 2430 3142 2485; x_wconf 89' lang='lat' dir='ltr'><strong>in</strong></span> <span class='ocrx_word' id='word_1_332' title='bbox 3165 2429 3306 2485; x_wconf 87' lang='lat' dir='ltr'><strong>lucis</strong></span> <span class='ocrx_word' id='word_1_333' title='bbox 3331 2444 3494 2484; x_wconf 89' lang='lat' dir='ltr'><strong>sensu</strong></span> <span class='ocrx_word' id='word_1_334' title='bbox 3525 2443 3653 2498; x_wconf 86' lang='lat' dir='ltr'><strong>per-</strong></span> 
     </span>
    </p>
   </div>
   <div class='ocr_carea' id='block_1_53' title="bbox 2060 2521 3653 2594">
    <p class='ocr_par' dir='ltr' id='par_1_53' title="bbox 2060 2521 3653 2594">
     <span class='ocr_line' id='line_1_53' title="bbox 2060 2521 3653 2594; baseline -0.001 -19"><span class='ocrx_word' id='word_1_335' title='bbox 2060 2523 2338 2592; x_wconf 85' lang='lat' dir='ltr'><strong>ceptibilis</strong></span> <span class='ocrx_word' id='word_1_336' title='bbox 2364 2523 2648 2594; x_wconf 88' lang='lat' dir='ltr'><strong>animique</strong></span> <span class='ocrx_word' id='word_1_337' title='bbox 2687 2523 3046 2594; x_wconf 82' lang='lat' dir='ltr'><strong>intelligentis</strong></span> <span class='ocrx_word' id='word_1_338' title='bbox 3077 2521 3653 2590; x_wconf 83' lang='lat' dir='ltr'><strong>conﬁnioconstituta</strong></span> 
     </span>
    </p>
   </div>
   <div class='ocr_carea' id='block_1_54' title="bbox 2060 2613 3652 2686">
    <p class='ocr_par' dir='ltr' id='par_1_54' title="bbox 2060 2613 3652 2686">
     <span class='ocr_line' id='line_1_54' title="bbox 2060 2613 3652 2686; baseline -0.003 -17"><span class='ocrx_word' id='word_1_339' title='bbox 2060 2616 2160 2682; x_wconf 87' lang='lat' dir='ltr'><strong>sit;</strong></span> <span class='ocrx_word' id='word_1_340' title='bbox 2195 2617 2368 2670; x_wconf 88' lang='lat' dir='ltr'><strong>altera</strong></span> <span class='ocrx_word' id='word_1_341' title='bbox 2399 2615 2646 2686; x_wconf 89' lang='lat' dir='ltr'><strong>quidem,</strong></span> <span class='ocrx_word' id='word_1_342' title='bbox 2677 2631 2800 2685; x_wconf 76' lang='lat' dir='ltr'><strong>quae</strong></span> <span class='ocrx_word' id='word_1_343' title='bbox 2828 2623 2962 2670; x_wconf 89' lang='lat' dir='ltr'><strong>sunt</strong></span> <span class='ocrx_word' id='word_1_344' title='bbox 2990 2613 3241 2684; x_wconf 89' lang='lat' dir='ltr'><strong>corporis</strong></span> <span class='ocrx_word' id='word_1_345' title='bbox 3271 2613 3462 2667; x_wconf 89' lang='lat' dir='ltr'><strong>videre</strong></span> <span class='ocrx_word' id='word_1_346' title='bbox 3489 2621 3652 2681; x_wconf 85' lang='lat' dir='ltr'><strong>atque</strong></span> 
     </span>
    </p>
   </div>
   <div class='ocr_carea' id='block_1_55' title="bbox 2058 2707 3651 2778">
    <p class='ocr_par' dir='ltr' id='par_1_55' title="bbox 2058 2707 3651 2778">
     <span class='ocr_line' id='line_1_55' title="bbox 2058 2707 3651 2778; baseline -0.003 -16"><span class='ocrx_word' id='word_1_347' title='bbox 2058 2725 2221 2778; x_wconf 81' lang='lat' dir='ltr'><strong>agere</strong></span> <span class='ocrx_word' id='word_1_348' title='bbox 2272 2708 2354 2761; x_wconf 93' lang='lat' dir='ltr'><strong>illi</strong></span> <span class='ocrx_word' id='word_1_349' title='bbox 2405 2723 2732 2762; x_wconf 89' lang='lat' dir='ltr'><strong>concessum</strong></span> <span class='ocrx_word' id='word_1_350' title='bbox 2781 2717 2903 2774; x_wconf 90' lang='lat' dir='ltr'><strong>est;</strong></span> <span class='ocrx_word' id='word_1_351' title='bbox 2951 2707 3124 2762; x_wconf 86' lang='lat' dir='ltr'><strong>altera</strong></span> <span class='ocrx_word' id='word_1_352' title='bbox 3161 2722 3316 2770; x_wconf 90' lang='lat' dir='ltr'><strong>vero,</strong></span> <span class='ocrx_word' id='word_1_353' title='bbox 3361 2721 3481 2775; x_wconf 80' lang='lat' dir='ltr'><strong>quae</strong></span> <span class='ocrx_word' id='word_1_354' title='bbox 3526 2715 3651 2759; x_wconf 88' lang='lat' dir='ltr'><strong>sunt</strong></span> 
     </span>
    </p>
   </div>
   <div class='ocr_carea' id='block_1_56' title="bbox 2058 2797 3649 2869">
    <p class='ocr_par' dir='ltr' id='par_1_56' title="bbox 2058 2797 3649 2869">
     <span class='ocr_line' id='line_1_56' title="bbox 2058 2797 3649 2869; baseline -0.003 -15"><span class='ocrx_word' id='word_1_355' title='bbox 2058 2800 2307 2869; x_wconf 83' lang='lat' dir='ltr'><strong>Spiritus.</strong></span> <span class='ocrx_word' id='word_1_356' title='bbox 2338 2798 2477 2867; x_wconf 84' lang='lat' dir='ltr'><strong>Quia</strong></span> <span class='ocrx_word' id='word_1_357' title='bbox 2514 2810 2696 2855; x_wconf 87' lang='lat' dir='ltr'><strong>tamen</strong></span> <span class='ocrx_word' id='word_1_358' title='bbox 2727 2800 2930 2855; x_wconf 88' lang='lat' dir='ltr'><strong>mentis</strong></span> <span class='ocrx_word' id='word_1_359' title='bbox 2958 2799 3054 2854; x_wconf 78' lang='lat' dir='ltr'><strong>lux</strong></span> <span class='ocrx_word' id='word_1_360' title='bbox 3093 2815 3158 2855; x_wconf 90' lang='lat' dir='ltr'><strong>ac</strong></span> <span class='ocrx_word' id='word_1_361' title='bbox 3185 2797 3547 2869; x_wconf 78' lang='lat' dir='ltr'><strong>intelligentia</strong></span> <span class='ocrx_word' id='word_1_362' title='bbox 3575 2798 3649 2851; x_wconf 73' lang='lat' dir='ltr'><strong>illi</strong></span> 
     </span>
    </p>
   </div>
   <div class='ocr_carea' id='block_1_57' title="bbox 2057 2877 3656 2962">
    <p class='ocr_par' dir='ltr' id='par_1_57' title="bbox 2057 2877 3656 2962">
     <span class='ocr_line' id='line_1_57' title="bbox 2057 2877 3656 2962; baseline -0.004 -16"><span class='ocrx_word' id='word_1_363' title='bbox 2057 2891 2350 2946; x_wconf 90' lang='lat' dir='ltr'><strong>obscurata</strong></span> <span class='ocrx_word' id='word_1_364' title='bbox 2379 2901 2483 2956; x_wconf 89' lang='lat' dir='ltr'><strong>cst,</strong></span> <span class='ocrx_word' id='word_1_365' title='bbox 2517 2877 2769 2962; x_wconf 88' lang='lat' dir='ltr'><strong>corporis</strong></span> <span class='ocrx_word' id='word_1_366' title='bbox 2796 2906 2931 2946; x_wconf 89' lang='lat' dir='ltr'><strong>vero</strong></span> <span class='ocrx_word' id='word_1_367' title='bbox 2957 2907 3124 2946; x_wconf 91' lang='lat' dir='ltr'><strong>sensu</strong></span> <span class='ocrx_word' id='word_1_368' title='bbox 3149 2889 3512 2962; x_wconf 85' lang='lat' dir='ltr'><strong>percipientis</strong></span> <span class='ocrx_word' id='word_1_369' title='bbox 3544 2889 3656 2943; x_wconf 79' lang='lat' dir='ltr'><strong>cla—</strong></span> 
     </span>
    </p>
   </div>
   <div class='ocr_carea' id='block_1_58' title="bbox 2058 2981 3653 3055">
    <p class='ocr_par' dir='ltr' id='par_1_58' title="bbox 2058 2981 3653 3055">
     <span class='ocr_line' id='line_1_58' title="bbox 2058 2981 3653 3055; baseline -0.003 -17"><span class='ocrx_word' id='word_1_370' title='bbox 2058 2985 2174 3038; x_wconf 90' lang='lat' dir='ltr'><strong>rius</strong></span> <span class='ocrx_word' id='word_1_371' title='bbox 2203 2984 2432 3049; x_wconf 86' lang='lat' dir='ltr'><strong>diluxit,</strong></span> <span class='ocrx_word' id='word_1_372' title='bbox 2474 2984 2544 3039; x_wconf 89' lang='lat' dir='ltr'><strong>ob</strong></span> <span class='ocrx_word' id='word_1_373' title='bbox 2583 2985 2869 3055; x_wconf 88' lang='lat' dir='ltr'><strong>antiquam</strong></span> <span class='ocrx_word' id='word_1_374' title='bbox 2907 2984 3120 3040; x_wconf 88' lang='lat' dir='ltr'><strong>scilicet</strong></span> <span class='ocrx_word' id='word_1_375' title='bbox 3151 2981 3611 3039; x_wconf 86' lang='lat' dir='ltr'><strong>consuetudinem</strong></span> <span class='ocrx_word' id='word_1_376' title='bbox 3640 2999 3653 3044; x_wconf 86' lang='lat'><strong>;</strong></span> 
     </span>
    </p>
   </div>
   <div class='ocr_carea' id='block_1_59' title="bbox 2059 3074 3654 3152">
    <p class='ocr_par' dir='ltr' id='par_1_59' title="bbox 2059 3074 3654 3152">
     <span class='ocr_line' id='line_1_59' title="bbox 2059 3074 3654 3152; baseline -0.002 -22"><span class='ocrx_word' id='word_1_377' title='bbox 2059 3078 2180 3131; x_wconf 75' lang='lat' dir='ltr'><strong>fieri</strong></span> <span class='ocrx_word' id='word_1_378' title='bbox 2229 3093 2340 3152; x_wconf 88' lang='lat' dir='ltr'><strong>non</strong></span> <span class='ocrx_word' id='word_1_379' title='bbox 2374 3086 2557 3147; x_wconf 87' lang='lat' dir='ltr'><strong>potest</strong></span> <span class='ocrx_word' id='word_1_380' title='bbox 2598 3086 2661 3131; x_wconf 87' lang='lat' dir='ltr'><strong>ut</strong></span> <span class='ocrx_word' id='word_1_381' title='bbox 2703 3077 2855 3132; x_wconf 91' lang='lat' dir='ltr'><strong>omni</strong></span> <span class='ocrx_word' id='word_1_382' title='bbox 2893 3076 2947 3131; x_wconf 87' lang='lat' dir='ltr'><strong>vi</strong></span> <span class='ocrx_word' id='word_1_383' title='bbox 2991 3077 3198 3132; x_wconf 86' lang='lat' dir='ltr'><strong>divinis</strong></span> <span class='ocrx_word' id='word_1_384' title='bbox 3238 3075 3512 3140; x_wconf 87' lang='lat' dir='ltr'><strong>intendat,</strong></span> <span class='ocrx_word' id='word_1_385' title='bbox 3547 3074 3654 3129; x_wconf 89' lang='lat' dir='ltr'><strong>nisi</strong></span> 
     </span>
    </p>
   </div>
   <div class='ocr_carea' id='block_1_60' title="bbox 2058 3163 3656 3238">
    <p class='ocr_par' dir='ltr' id='par_1_60' title="bbox 2058 3163 3656 3238">
     <span class='ocr_line' id='line_1_60' title="bbox 2058 3163 3656 3238; baseline -0.003 -18"><span class='ocrx_word' id='word_1_386' title='bbox 2058 3183 2290 3236; x_wconf 89' lang='lat' dir='ltr'><strong>prorsus</strong></span> <span class='ocrx_word' id='word_1_387' title='bbox 2343 3175 2528 3222; x_wconf 90' lang='lat' dir='ltr'><strong>mente</strong></span> <span class='ocrx_word' id='word_1_388' title='bbox 2577 3167 2810 3238; x_wconf 88' lang='lat' dir='ltr'><strong>ejusque</strong></span> <span class='ocrx_word' id='word_1_389' title='bbox 2860 3167 2986 3222; x_wconf 89' lang='lat' dir='ltr'><strong>lucc</strong></span> <span class='ocrx_word' id='word_1_390' title='bbox 3042 3167 3284 3222; x_wconf 84' lang='lat' dir='ltr'><strong>orationi</strong></span> <span class='ocrx_word' id='word_1_391' title='bbox 3332 3163 3656 3220; x_wconf 84' lang='lat' dir='ltr'><strong>vacaverit:</strong></span> 
     </span>
    </p>
   </div>
   <div class='ocr_carea' id='block_1_61' title="bbox 1986 3253 3657 3327">
    <p class='ocr_par' dir='ltr' id='par_1_61' title="bbox 1986 3253 3657 3327">
     <span class='ocr_line' id='line_1_61' title="bbox 1986 3253 3657 3327; baseline -0.001 -17"><span class='ocrx_word' id='word_1_392' title='bbox 1986 3253 2030 3311; x_wconf 90' lang='lat' dir='ltr'><strong>C</strong></span> <span class='ocrx_word' id='word_1_393' title='bbox 2064 3258 2319 3327; x_wconf 88' lang='lat' dir='ltr'><strong>quinimo</strong></span> <span class='ocrx_word' id='word_1_394' title='bbox 2375 3273 2606 3312; x_wconf 89' lang='lat' dir='ltr'><strong>necesse</strong></span> <span class='ocrx_word' id='word_1_395' title='bbox 2633 3266 2740 3322; x_wconf 91' lang='lat' dir='ltr'><strong>est,</strong></span> <span class='ocrx_word' id='word_1_396' title='bbox 2765 3272 2886 3312; x_wconf 88' lang='lat' dir='ltr'><strong>eam</strong></span> <span class='ocrx_word' id='word_1_397' title='bbox 2921 3258 2978 3312; x_wconf 93' lang='lat' dir='ltr'><strong>in</strong></span> <span class='ocrx_word' id='word_1_398' title='bbox 3015 3258 3373 3313; x_wconf 84' lang='lat' dir='ltr'><strong>tenebrarum</strong></span> <span class='ocrx_word' id='word_1_399' title='bbox 3401 3255 3657 3324; x_wconf 84' lang='lat' dir='ltr'><strong>lucisque</strong></span> 
     </span>
    </p>
   </div>
   <div class='ocr_carea' id='block_1_62' title="bbox 363 3332 3660 3422">
    <p class='ocr_par' dir='ltr' id='par_1_62' title="bbox 363 3332 3660 3422">
     <span class='ocr_line' id='line_1_62' title="bbox 363 3332 3660 3422; baseline -0.002 -13"><span class='ocrx_word' id='word_1_400' title='bbox 363 3353 612 3409; x_wconf 82' lang='lat' dir='ltr'><strong>conﬁnio</strong></span> <span class='ocrx_word' id='word_1_401' title='bbox 638 3352 850 3408; x_wconf 86' lang='lat' dir='ltr'><strong>versari</strong></span> <span class='ocrx_word' id='word_1_402' title='bbox 903 3369 918 3405; x_wconf 91' lang='lat'><strong>:</strong></span> <span class='ocrx_word' id='word_1_403' title='bbox 953 3347 1585 3420; x_wconf 88' lang='lat' dir='ltr'><strong>tenebrarum&#39;quidem,</strong></span> <span class='ocrx_word' id='word_1_404' title='bbox 1613 3363 1681 3402; x_wconf 81' lang='lat' dir='ltr'><strong>ex</strong></span> <span class='ocrx_word' id='word_1_405' title='bbox 1706 3332 1908 3402; x_wconf 64' lang='lat' dir='ltr'><strong>affectu</strong></span> <span class='ocrx_word' id='word_1_406' title='bbox 1934 3363 1998 3404; x_wconf 88' lang='lat' dir='ltr'><strong>ac</strong></span> <span class='ocrx_word' id='word_1_407' title='bbox 2035 3349 2302 3417; x_wconf 88' lang='lat' dir='ltr'><strong>libidine;</strong></span> <span class='ocrx_word' id='word_1_408' title='bbox 2333 3349 2476 3405; x_wconf 90' lang='lat' dir='ltr'><strong>lucis</strong></span> <span class='ocrx_word' id='word_1_409' title='bbox 2504 3366 2658 3418; x_wconf 86' lang='lat' dir='ltr'><strong>vero,</strong></span> <span class='ocrx_word' id='word_1_410' title='bbox 2694 3367 2760 3405; x_wconf 87' lang='lat' dir='ltr'><strong>ex</strong></span> <span class='ocrx_word' id='word_1_411' title='bbox 2819 3350 2987 3404; x_wconf 90' lang='lat' dir='ltr'><strong>animi</strong></span> <span class='ocrx_word' id='word_1_412' title='bbox 3019 3351 3409 3406; x_wconf 82' lang='lat' dir='ltr'><strong>informatione</strong></span> <span class='ocrx_word' id='word_1_413' title='bbox 3439 3360 3495 3405; x_wconf 90' lang='lat' dir='ltr'><strong>et</strong></span> <span class='ocrx_word' id='word_1_414' title='bbox 3516 3350 3660 3422; x_wconf 79' lang='lat' dir='ltr'><strong>cogi-</strong></span> 
     </span>
    </p>
   </div>
   <div class='ocr_carea' id='block_1_63' title="bbox 367 3444 598 3500">
    <p class='ocr_par' dir='ltr' id='par_1_63' title="bbox 367 3444 598 3500">
     <span class='ocr_line' id='line_1_63' title="bbox 367 3444 598 3500; baseline 0.013 -6"><span class='ocrx_word' id='word_1_415' title='bbox 367 3444 598 3500; x_wconf 78' lang='lat' dir='ltr'><strong>latione.</strong></span> 
     </span>
    </p>
   </div>
   <div class='ocr_carea' id='block_1_64' title="bbox 436 3528 1955 3606">
    <p class='ocr_par' dir='ltr' id='par_1_64' title="bbox 436 3528 1955 3606">
     <span class='ocr_line' id='line_1_64' title="bbox 436 3528 1955 3606; baseline -0.005 -18"><span class='ocrx_word' id='word_1_416' title='bbox 436 3535 534 3590; x_wconf 76' lang='grc' dir='ltr'>σθ’.</span> <span class='ocrx_word' id='word_1_417' title='bbox 565 3534 1058 3606; x_wconf 81' lang='grc' dir='ltr'>Συμπαραμενέτω</span> <span class='ocrx_word' id='word_1_418' title='bbox 1103 3533 1182 3605; x_wconf 84' lang='grc' dir='ltr'><strong>τῷ</strong></span> <span class='ocrx_word' id='word_1_419' title='bbox 1229 3531 1366 3604; x_wconf 77' lang='grc' dir='ltr'>νῷή</span> <span class='ocrx_word' id='word_1_420' title='bbox 1407 3530 1563 3603; x_wconf 80' lang='grc' dir='ltr'>εὐχὴ,</span> <span class='ocrx_word' id='word_1_421' title='bbox 1602 3529 1684 3595; x_wconf 47' lang='grc' dir='ltr'>,ὡς</span> <span class='ocrx_word' id='word_1_422' title='bbox 1733 3531 1792 3582; x_wconf 83' lang='grc' dir='ltr'>ὲν</span> <span class='ocrx_word' id='word_1_423' title='bbox 1819 3528 1955 3599; x_wconf 79' lang='grc' dir='ltr'>ἡλίῳ</span> 
     </span>
    </p>
   </div>
   <div class='ocr_carea' id='block_1_65' title="bbox 364 3616 1954 3699">
    <p class='ocr_par' dir='ltr' id='par_1_65' title="bbox 364 3616 1954 3699">
     <span class='ocr_line' id='line_1_65' title="bbox 364 3616 1954 3699; baseline -0.005 -19"><span class='ocrx_word' id='word_1_424' title='bbox 364 3626 545 3690; x_wconf 82' lang='grc' dir='ltr'>ἀκτίς·</span> <span class='ocrx_word' id='word_1_425' title='bbox 583 3622 652 3699; x_wconf 84' lang='grc' dir='ltr'>ἦς</span> <span class='ocrx_word' id='word_1_426' title='bbox 699 3625 830 3680; x_wconf 75' lang='grc' dir='ltr'>ἄνευ</span> <span class='ocrx_word' id='word_1_427' title='bbox 877 3627 933 3680; x_wconf 88' lang='grc' dir='ltr'><strong>αἰ</strong></span> <span class='ocrx_word' id='word_1_428' title='bbox 976 3626 1100 3679; x_wconf 84' lang='grc' dir='ltr'>κατ’</span> <span class='ocrx_word' id='word_1_429' title='bbox 1131 3625 1392 3696; x_wconf 80' lang='grc' dir='ltr'>α-ίσθησιν</span> <span class='ocrx_word' id='word_1_430' title='bbox 1427 3624 1714 3695; x_wconf 87' lang='grc' dir='ltr'>μέριμναι,</span> <span class='ocrx_word' id='word_1_431' title='bbox 1751 3616 1841 3675; x_wconf 75' lang='grc' dir='ltr'><strong>οἷά</strong></span> <span class='ocrx_word' id='word_1_432' title='bbox 1871 3639 1954 3673; x_wconf 90' lang='grc' dir='ltr'><strong>τι-</strong></span> 
     </span>
    </p>
   </div>
   <div class='ocr_carea' id='block_1_66' title="bbox 363 3710 1957 3788">
    <p class='ocr_par' dir='ltr' id='par_1_66' title="bbox 363 3710 1957 3788">
     <span class='ocr_line' id='line_1_66' title="bbox 363 3710 1957 3788; baseline -0.004 -19"><span class='ocrx_word' id='word_1_433' title='bbox 363 3735 453 3782; x_wconf 91' lang='grc' dir='ltr'><strong>νες</strong></span> <span class='ocrx_word' id='word_1_434' title='bbox 485 3719 705 3787; x_wconf 80' lang='grc' dir='ltr'>ἄνυδροι</span> <span class='ocrx_word' id='word_1_435' title='bbox 749 3717 974 3788; x_wconf 79' lang='grc' dir='ltr'>νεφέλαι</span> <span class='ocrx_word' id='word_1_436' title='bbox 1025 3717 1482 3787; x_wconf 81' lang='grc' dir='ltr'>περιπετόμεναι,</span> <span class='ocrx_word' id='word_1_437' title='bbox 1526 3715 1619 3768; x_wconf 78' lang='grc' dir='ltr'>τὸν</span> <span class='ocrx_word' id='word_1_438' title='bbox 1668 3712 1794 3766; x_wconf 91' lang='grc' dir='ltr'>νοῦν</span> <span class='ocrx_word' id='word_1_439' title='bbox 1843 3710 1957 3782; x_wconf 76' lang='grc' dir='ltr'>εἴρ-</span> 
     </span>
    </p>
   </div>
   <div class='ocr_carea' id='block_1_67' title="bbox 365 3809 1380 3881">
    <p class='ocr_par' dir='ltr' id='par_1_67' title="bbox 365 3809 1380 3881">
     <span class='ocr_line' id='line_1_67' title="bbox 365 3809 1380 3881; baseline -0.002 -17"><span class='ocrx_word' id='word_1_440' title='bbox 365 3828 528 3880; x_wconf 83' lang='grc' dir='ltr'>γουσι</span> <span class='ocrx_word' id='word_1_441' title='bbox 567 3811 669 3879; x_wconf 85' lang='grc' dir='ltr'><strong>τῆς</strong></span> <span class='ocrx_word' id='word_1_442' title='bbox 717 3809 930 3872; x_wconf 87' lang='grc' dir='ltr'>οἰκείας</span> <span class='ocrx_word' id='word_1_443' title='bbox 970 3809 1380 3881; x_wconf 84' lang='grc' dir='ltr'>λαμπρότητος.</span> 
     </span>
    </p>
   </div>
   <div class='ocr_carea' id='block_1_68' title="bbox 442 3897 1955 3972">
    <p class='ocr_par' dir='ltr' id='par_1_68' title="bbox 442 3897 1955 3972">
     <span class='ocr_line' id='line_1_68' title="bbox 442 3897 1955 3972; baseline -0.005 -17"><span class='ocrx_word' id='word_1_444' title='bbox 442 3903 519 3957; x_wconf 85' lang='grc' dir='ltr'><strong>π’.</strong></span> <span class='ocrx_word' id='word_1_445' title='bbox 563 3902 754 3955; x_wconf 83' lang='grc' dir='ltr'>Ἔνδον</span> <span class='ocrx_word' id='word_1_446' title='bbox 805 3903 906 3972; x_wconf 79' lang='grc' dir='ltr'><strong>τῆς</strong></span> <span class='ocrx_word' id='word_1_447' title='bbox 941 3900 1084 3955; x_wconf 86' lang='grc' dir='ltr'>κατὰ</span> <span class='ocrx_word' id='word_1_448' title='bbox 1133 3900 1238 3972; x_wconf 83' lang='grc' dir='ltr'>τὴν</span> <span class='ocrx_word' id='word_1_449' title='bbox 1293 3899 1460 3970; x_wconf 80' lang='grc' dir='ltr'>εὐχὴν</span> <span class='ocrx_word' id='word_1_450' title='bbox 1511 3899 1706 3965; x_wconf 76' lang='grc' dir='ltr'>στενῆς</span> <span class='ocrx_word' id='word_1_451' title='bbox 1756 3897 1955 3968; x_wconf 75' lang='grc' dir='ltr'>πύλης,</span> 
     </span>
    </p>
   </div>
   <div class='ocr_carea' id='block_1_69' title="bbox 367 3987 1958 4066">
    <p class='ocr_par' dir='ltr' id='par_1_69' title="bbox 367 3987 1958 4066">
     <span class='ocr_line' id='line_1_69' title="bbox 367 3987 1958 4066; baseline -0.005 -18"><span class='ocrx_word' id='word_1_452' title='bbox 367 3995 498 4060; x_wconf 85' lang='grc' dir='ltr'>νοῦς</span> <span class='ocrx_word' id='word_1_453' title='bbox 533 3995 838 4066; x_wconf 73' lang='grc' dir='ltr'>παθητικὸς</span> <span class='ocrx_word' id='word_1_454' title='bbox 868 3995 929 4047; x_wconf 77' lang='grc' dir='ltr'><strong>οὐ</strong></span> <span class='ocrx_word' id='word_1_455' title='bbox 965 3993 1193 4047; x_wconf 86' lang='grc' dir='ltr'>δύναται</span> <span class='ocrx_word' id='word_1_456' title='bbox 1243 3992 1527 4058; x_wconf 86' lang='grc' dir='ltr'>εἰσελθεῖν,</span> <span class='ocrx_word' id='word_1_457' title='bbox 1572 3991 1679 4061; x_wconf 84' lang='grc' dir='ltr'><strong>πρὸ</strong></span> <span class='ocrx_word' id='word_1_458' title='bbox 1726 3987 1819 4042; x_wconf 81' lang='grc' dir='ltr'><strong>τοῦ</strong></span> <span class='ocrx_word' id='word_1_459' title='bbox 1860 3989 1958 4059; x_wconf 74' lang='grc' dir='ltr'>τὴν</span> 
     </span>
    </p>
   </div>
   <div class='ocr_carea' id='block_1_70' title="bbox 367 4080 1959 4156">
    <p class='ocr_par' dir='ltr' id='par_1_70' title="bbox 367 4080 1959 4156">
     <span class='ocr_line' id='line_1_70' title="bbox 367 4080 1959 4156; baseline -0.006 -16"><span class='ocrx_word' id='word_1_460' title='bbox 367 4086 515 4140; x_wconf 78' lang='grc' dir='ltr'><strong>κατά</strong></span> <span class='ocrx_word' id='word_1_461' title='bbox 546 4086 734 4156; x_wconf 88' lang='grc' dir='ltr'>σχέσιν</span> <span class='ocrx_word' id='word_1_462' title='bbox 769 4083 1061 4137; x_wconf 85' lang='grc' dir='ltr'>ἀπολιπεῖν</span> <span class='ocrx_word' id='word_1_463' title='bbox 1110 4082 1404 4154; x_wconf 86' lang='grc' dir='ltr'>μέριμναν·</span> <span class='ocrx_word' id='word_1_464' title='bbox 1433 4082 1564 4152; x_wconf 81' lang='grc' dir='ltr'>περὶ</span> <span class='ocrx_word' id='word_1_465' title='bbox 1592 4080 1650 4133; x_wconf 88' lang='grc' dir='ltr'>δὲ</span> <span class='ocrx_word' id='word_1_466' title='bbox 1688 4080 1757 4133; x_wconf 81' lang='grc' dir='ltr'><strong>τὰ</strong></span> <span class='ocrx_word' id='word_1_467' title='bbox 1800 4095 1959 4149; x_wconf 67' lang='grc' dir='ltr'><strong>’περι⁶</strong></span> 
     </span>
    </p>
   </div>
   <div class='ocr_carea' id='block_1_71' title="bbox 369 4161 1960 4249">
    <p class='ocr_par' dir='ltr' id='par_1_71' title="bbox 369 4161 1960 4249">
     <span class='ocr_line' id='line_1_71' title="bbox 369 4161 1960 4249; baseline -0.004 -18"><span class='ocrx_word' id='word_1_468' title='bbox 369 4181 571 4249; x_wconf 84' lang='grc' dir='ltr'>σκὴνια</span> <span class='ocrx_word' id='word_1_469' title='bbox 615 4161 856 4249; x_wconf 74' lang='grc' dir='ltr'>ἐκείνης,</span> <span class='ocrx_word' id='word_1_470' title='bbox 886 4175 1284 4247; x_wconf 78' lang='grc' dir='ltr'>ὀδυνηθήσεται</span> <span class='ocrx_word' id='word_1_471' title='bbox 1329 4175 1418 4228; x_wconf 73' lang='grc' dir='ltr'>διὰ</span> <span class='ocrx_word' id='word_1_472' title='bbox 1459 4174 1662 4237; x_wconf 84' lang='grc' dir='ltr'>παντὸς</span> <span class='ocrx_word' id='word_1_473' title='bbox 1698 4171 1960 4243; x_wconf 53' lang='lat' dir='ltr'><strong>depicti-</strong></span> 
     </span>
    </p>
   </div>
   <div class='ocr_carea' id='block_1_72' title="bbox 371 4283 555 4338">
    <p class='ocr_par' dir='ltr' id='par_1_72' title="bbox 371 4283 555 4338">
     <span class='ocr_line' id='line_1_72' title="bbox 371 4283 555 4338; baseline 0.005 -20"><span class='ocrx_word' id='word_1_474' title='bbox 371 4283 555 4338; x_wconf 84' lang='grc' dir='ltr'>μενος.</span> 
     </span>
    </p>
   </div>
   <div class='ocr_carea' id='block_1_73' title="bbox 442 4446 1954 4519">
    <p class='ocr_par' dir='ltr' id='par_1_73' title="bbox 442 4446 1954 4519">
     <span class='ocr_line' id='line_1_73' title="bbox 442 4446 1954 4519; baseline 0.001 -19"><span class='ocrx_word' id='word_1_475' title='bbox 442 4447 554 4502; x_wconf 67' lang='grc' dir='ltr'>ποί.</span> <span class='ocrx_word' id='word_1_476' title='bbox 587 4446 826 4518; x_wconf 77' lang='grc' dir='ltr'>Δύναμις</span> <span class='ocrx_word' id='word_1_477' title='bbox 867 4446 966 4517; x_wconf 77' lang='grc' dir='ltr'><strong>μὲν</strong></span> <span class='ocrx_word' id='word_1_478' title='bbox 1015 4446 1183 4518; x_wconf 75' lang='grc' dir='ltr'>εὐχῆς</span> <span class='ocrx_word' id='word_1_479' title='bbox 1229 4448 1392 4500; x_wconf 85' lang='grc' dir='ltr'>πείνα</span> <span class='ocrx_word' id='word_1_480' title='bbox 1445 4448 1753 4519; x_wconf 80' lang='grc' dir='ltr'>βρωμάτων</span> <span class='ocrx_word' id='word_1_481' title='bbox 1801 4449 1954 4504; x_wconf 79' lang='grc' dir='ltr'>ἑκού-</span> 
     </span>
    </p>
   </div>
   <div class='ocr_carea' id='block_1_74' title="bbox 370 4539 1959 4613">
    <p class='ocr_par' dir='ltr' id='par_1_74' title="bbox 370 4539 1959 4613">
     <span class='ocr_line' id='line_1_74' title="bbox 370 4539 1959 4613; baseline 0 -19"><span class='ocrx_word' id='word_1_482' title='bbox 370 4557 508 4604; x_wconf 71' lang='grc' dir='ltr'>σιοςσ</span> <span class='ocrx_word' id='word_1_483' title='bbox 542 4540 735 4609; x_wconf 83' lang='grc' dir='ltr'>πείνης</span> <span class='ocrx_word' id='word_1_484' title='bbox 764 4539 843 4602; x_wconf 82' lang='grc' dir='ltr'><strong>δὲ,</strong></span> <span class='ocrx_word' id='word_1_485' title='bbox 869 4539 930 4592; x_wconf 82' lang='grc' dir='ltr'><strong>τὸ</strong></span> <span class='ocrx_word' id='word_1_486' title='bbox 967 4540 1103 4609; x_wconf 86' lang='grc' dir='ltr'>μήτε</span> <span class='ocrx_word' id='word_1_487' title='bbox 1128 4540 1283 4610; x_wconf 84' lang='grc' dir='ltr'>ὁρᾷν,</span> <span class='ocrx_word' id='word_1_488' title='bbox 1311 4541 1447 4612; x_wconf 84' lang='grc' dir='ltr'>μήτε</span> <span class='ocrx_word' id='word_1_489' title='bbox 1479 4540 1722 4612; x_wconf 84' lang='grc' dir='ltr'>ἀκούειν,</span> <span class='ocrx_word' id='word_1_490' title='bbox 1759 4542 1841 4595; x_wconf 84' lang='grc' dir='ltr'>ὅτι</span> <span class='ocrx_word' id='word_1_491' title='bbox 1885 4542 1959 4613; x_wconf 86' lang='grc' dir='ltr'><strong>μὴ</strong></span> 
     </span>
    </p>
   </div>
   <div class='ocr_carea' id='block_1_75' title="bbox 369 4631 1962 4705">
    <p class='ocr_par' dir='ltr' id='par_1_75' title="bbox 369 4631 1962 4705">
     <span class='ocr_line' id='line_1_75' title="bbox 369 4631 1962 4705; baseline -0.001 -18"><span class='ocrx_word' id='word_1_492' title='bbox 369 4637 523 4688; x_wconf 69' lang='grc' dir='ltr'>πᾶσα</span> <span class='ocrx_word' id='word_1_493' title='bbox 555 4633 768 4703; x_wconf 79' lang='grc' dir='ltr'>ἀνάγκη</span> <span class='ocrx_word' id='word_1_494' title='bbox 791 4673 806 4696; x_wconf 91' lang='grc'><strong>,</strong></span> <span class='ocrx_word' id='word_1_495' title='bbox 842 4631 950 4684; x_wconf 82' lang='grc' dir='ltr'><strong>τῶν</strong></span> <span class='ocrx_word' id='word_1_496' title='bbox 982 4632 1298 4701; x_wconf 82' lang='grc' dir='ltr'>ὲγκοσμίων</span> <span class='ocrx_word' id='word_1_497' title='bbox 1336 4633 1512 4686; x_wconf 86' lang='grc' dir='ltr'>οὐδέν.</span> <span class='ocrx_word' id='word_1_498' title='bbox 1565 4633 1784 4688; x_wconf 82' lang='grc' dir='ltr'>Τούτων</span> <span class='ocrx_word' id='word_1_499' title='bbox 1826 4637 1854 4686; x_wconf 92' lang='lat'><strong>6</strong></span> <span class='ocrx_word' id='word_1_500' title='bbox 1887 4634 1962 4705; x_wconf 84' lang='grc' dir='ltr'>μὴ</span> 
     </span>
    </p>
   </div>
   <div class='ocr_carea' id='block_1_76' title="bbox 366 4723 1962 4796">
    <p class='ocr_par' dir='ltr' id='par_1_76' title="bbox 366 4723 1962 4796">
     <span class='ocr_line' id='line_1_76' title="bbox 366 4723 1962 4796; baseline -0.002 -15"><span class='ocrx_word' id='word_1_501' title='bbox 366 4726 698 4796; x_wconf 78' lang='grc' dir='ltr'>ποιούμενος</span> <span class='ocrx_word' id='word_1_502' title='bbox 736 4724 1017 4794; x_wconf 78' lang='grc' dir='ltr'>πρόνοιαν,</span> <span class='ocrx_word' id='word_1_503' title='bbox 1051 4724 1112 4777; x_wconf 77' lang='grc' dir='ltr'><strong>τὸ</strong></span> <span class='ocrx_word' id='word_1_504' title='bbox 1137 4724 1235 4793; x_wconf 81' lang='grc' dir='ltr'><strong>μὲν</strong></span> <span class='ocrx_word' id='word_1_505' title='bbox 1264 4723 1366 4794; x_wconf 84' lang='grc' dir='ltr'>τῆς</span> <span class='ocrx_word' id='word_1_506' title='bbox 1400 4725 1655 4795; x_wconf 85' lang='grc' dir='ltr'>νηστείας</span> <span class='ocrx_word' id='word_1_507' title='bbox 1683 4725 1785 4779; x_wconf 85' lang='grc' dir='ltr'><strong>οὐκ</strong></span> <span class='ocrx_word' id='word_1_508' title='bbox 1810 4727 1962 4780; x_wconf 79' lang='grc' dir='ltr'>ἐστε-</span> 
     </span>
    </p>
   </div>
   <div class='ocr_carea' id='block_1_77' title="bbox 2131 3523 3656 3596">
    <p class='ocr_par' dir='ltr' id='par_1_77' title="bbox 2131 3523 3656 3596">
     <span class='ocr_line' id='line_1_77' title="bbox 2131 3523 3656 3596; baseline 0.005 -16"><span class='ocrx_word' id='word_1_509' title='bbox 2131 3525 2220 3581; x_wconf 84' lang='grc'><strong>79.</strong></span> <span class='ocrx_word' id='word_1_510' title='bbox 2283 3523 2477 3580; x_wconf 89' lang='lat' dir='ltr'><strong>Oratio</strong></span> <span class='ocrx_word' id='word_1_511' title='bbox 2533 3523 2706 3579; x_wconf 87' lang='lat' dir='ltr'><strong>menti</strong></span> <span class='ocrx_word' id='word_1_512' title='bbox 2760 3525 3055 3596; x_wconf 90' lang='lat' dir='ltr'><strong>conjuncta</strong></span> <span class='ocrx_word' id='word_1_513' title='bbox 3117 3525 3308 3596; x_wconf 91' lang='lat' dir='ltr'><strong>illique</strong></span> <span class='ocrx_word' id='word_1_514' title='bbox 3369 3529 3656 3589; x_wconf 84' lang='lat' dir='ltr'><strong>individue</strong></span> 
     </span>
    </p>
   </div>
   <div class='ocr_carea' id='block_1_78' title="bbox 2059 3617 3654 3694">
    <p class='ocr_par' dir='ltr' id='par_1_78' title="bbox 2059 3617 3654 3694">
     <span class='ocr_line' id='line_1_78' title="bbox 2059 3617 3654 3694; baseline 0.006 -21"><span class='ocrx_word' id='word_1_515' title='bbox 2059 3633 2280 3683; x_wconf 89' lang='lat' dir='ltr'><strong>comes,</strong></span> <span class='ocrx_word' id='word_1_516' title='bbox 2329 3617 2480 3672; x_wconf 86' lang='lat' dir='ltr'><strong>velut</strong></span> <span class='ocrx_word' id='word_1_517' title='bbox 2515 3617 2704 3673; x_wconf 89' lang='lat' dir='ltr'><strong>radius</strong></span> <span class='ocrx_word' id='word_1_518' title='bbox 2741 3619 2882 3683; x_wconf 86' lang='lat' dir='ltr'><strong>soli,</strong></span> <span class='ocrx_word' id='word_1_519' title='bbox 2922 3629 3183 3686; x_wconf 88' lang='lat' dir='ltr'><strong>maneat;</strong></span> <span class='ocrx_word' id='word_1_520' title='bbox 3218 3623 3376 3694; x_wconf 89' lang='lat' dir='ltr'><strong>cujus</strong></span> <span class='ocrx_word' id='word_1_521' title='bbox 3405 3624 3654 3682; x_wconf 78' lang='lat' dir='ltr'><strong>absentia</strong></span> 
     </span>
    </p>
   </div>
   <div class='ocr_carea' id='block_1_79' title="bbox 2058 3709 3652 3786">
    <p class='ocr_par' dir='ltr' id='par_1_79' title="bbox 2058 3709 3652 3786">
     <span class='ocr_line' id='line_1_79' title="bbox 2058 3709 3652 3786; baseline 0.004 -21"><span class='ocrx_word' id='word_1_522' title='bbox 2058 3726 2246 3767; x_wconf 89' lang='lat' dir='ltr'><strong>rerum</strong></span> <span class='ocrx_word' id='word_1_523' title='bbox 2284 3709 2340 3764; x_wconf 89' lang='lat' dir='ltr'><strong>in</strong></span> <span class='ocrx_word' id='word_1_524' title='bbox 2377 3725 2602 3765; x_wconf 86' lang='lat' dir='ltr'><strong>sensum</strong></span> <span class='ocrx_word' id='word_1_525' title='bbox 2644 3710 2961 3765; x_wconf 89' lang='lat' dir='ltr'><strong>cadentium</strong></span> <span class='ocrx_word' id='word_1_526' title='bbox 2995 3727 3180 3777; x_wconf 64' lang='lat' dir='ltr'><strong>curre,</strong></span> <span class='ocrx_word' id='word_1_527' title='bbox 3211 3714 3368 3770; x_wconf 86' lang='lat' dir='ltr'><strong>velut</strong></span> <span class='ocrx_word' id='word_1_528' title='bbox 3403 3716 3652 3786; x_wconf 66' lang='lat' dir='ltr'><strong>quaedam</strong></span> 
     </span>
    </p>
   </div>
   <div class='ocr_carea' id='block_1_80' title="bbox 2060 3801 3653 3875">
    <p class='ocr_par' dir='ltr' id='par_1_80' title="bbox 2060 3801 3653 3875">
     <span class='ocr_line' id='line_1_80' title="bbox 2060 3801 3653 3875; baseline 0.004 -18"><span class='ocrx_word' id='word_1_529' title='bbox 2060 3803 2239 3858; x_wconf 90' lang='lat' dir='ltr'><strong>nubes</strong></span> <span class='ocrx_word' id='word_1_530' title='bbox 2269 3802 2550 3872; x_wconf 68' lang='lat' dir='ltr'><strong>inaquosa:</strong></span> <span class='ocrx_word' id='word_1_531' title='bbox 2579 3801 3061 3869; x_wconf 85' lang='lat' dir='ltr'><strong>circumvolantes,</strong></span> <span class='ocrx_word' id='word_1_532' title='bbox 3099 3819 3130 3858; x_wconf 91' lang='lat' dir='ltr'><strong>a</strong></span> <span class='ocrx_word' id='word_1_533' title='bbox 3158 3805 3384 3875; x_wconf 88' lang='lat' dir='ltr'><strong>propria</strong></span> <span class='ocrx_word' id='word_1_534' title='bbox 3409 3817 3653 3863; x_wconf 83' lang='lat' dir='ltr'><strong>mentem</strong></span> 
     </span>
    </p>
   </div>
   <div class='ocr_carea' id='block_1_81' title="bbox 2060 3895 2551 3952">
    <p class='ocr_par' dir='ltr' id='par_1_81' title="bbox 2060 3895 2551 3952">
     <span class='ocr_line' id='line_1_81' title="bbox 2060 3895 2551 3952; baseline -0.006 -1"><span class='ocrx_word' id='word_1_535' title='bbox 2060 3905 2255 3952; x_wconf 86' lang='lat' dir='ltr'><strong>arcent</strong></span> <span class='ocrx_word' id='word_1_536' title='bbox 2279 3895 2551 3951; x_wconf 89' lang='lat' dir='ltr'><strong>claritate.</strong></span> 
     </span>
    </p>
   </div>
   <div class='ocr_carea' id='block_1_82' title="bbox 2133 3986 3653 4062">
    <p class='ocr_par' dir='ltr' id='par_1_82' title="bbox 2133 3986 3653 4062">
     <span class='ocr_line' id='line_1_82' title="bbox 2133 3986 3653 4062; baseline 0.003 -19"><span class='ocrx_word' id='word_1_537' title='bbox 2133 3988 2218 4044; x_wconf 90' lang='lat'><strong>80.</strong></span> <span class='ocrx_word' id='word_1_538' title='bbox 2257 3988 2378 4042; x_wconf 88' lang='lat' dir='ltr'><strong>Non</strong></span> <span class='ocrx_word' id='word_1_539' title='bbox 2411 3996 2597 4058; x_wconf 91' lang='lat' dir='ltr'><strong>potest</strong></span> <span class='ocrx_word' id='word_1_540' title='bbox 2641 4003 2797 4043; x_wconf 89' lang='lat' dir='ltr'><strong>mens</strong></span> <span class='ocrx_word' id='word_1_541' title='bbox 2835 3986 3124 4044; x_wconf 72' lang='lat' dir='ltr'><strong>alfectibus</strong></span> <span class='ocrx_word' id='word_1_542' title='bbox 3163 3992 3473 4062; x_wconf 87' lang='lat' dir='ltr'><strong>mancipata</strong></span> <span class='ocrx_word' id='word_1_543' title='bbox 3510 3993 3653 4048; x_wconf 88' lang='lat' dir='ltr'><strong>intra</strong></span> 
     </span>
    </p>
   </div>
   <div class='ocr_carea' id='block_1_83' title="bbox 2059 4080 3650 4154">
    <p class='ocr_par' dir='ltr' id='par_1_83' title="bbox 2059 4080 3650 4154">
     <span class='ocr_line' id='line_1_83' title="bbox 2059 4080 3650 4154; baseline 0.003 -18"><span class='ocrx_word' id='word_1_544' title='bbox 2059 4091 2344 4152; x_wconf 81' lang='lat' dir='ltr'><strong>angustam</strong></span> <span class='ocrx_word' id='word_1_545' title='bbox 2362 4080 2632 4135; x_wconf 88' lang='lat' dir='ltr'><strong>orationis</strong></span> <span class='ocrx_word' id='word_1_546' title='bbox 2662 4091 2878 4151; x_wconf 84' lang='lat' dir='ltr'><strong>portam</strong></span> <span class='ocrx_word' id='word_1_547' title='bbox 2898 4080 3128 4148; x_wconf 90' lang='lat' dir='ltr'><strong>intrare,</strong></span> <span class='ocrx_word' id='word_1_548' title='bbox 3159 4084 3293 4154; x_wconf 88' lang='lat' dir='ltr'><strong>quin</strong></span> <span class='ocrx_word' id='word_1_549' title='bbox 3315 4085 3470 4154; x_wconf 90' lang='lat' dir='ltr'><strong>prius</strong></span> <span class='ocrx_word' id='word_1_550' title='bbox 3499 4087 3650 4140; x_wconf 87' lang='lat' dir='ltr'><strong>solli—</strong></span> 
     </span>
    </p>
   </div>
   <div class='ocr_carea' id='block_1_84' title="bbox 2063 4172 3653 4243">
    <p class='ocr_par' dir='ltr' id='par_1_84' title="bbox 2063 4172 3653 4243">
     <span class='ocr_line' id='line_1_84' title="bbox 2063 4172 3653 4243; baseline 0.001 -15"><span class='ocrx_word' id='word_1_551' title='bbox 2063 4175 2360 4240; x_wconf 85' lang='lat' dir='ltr'><strong>citudines,</strong></span> <span class='ocrx_word' id='word_1_552' title='bbox 2390 4190 2498 4243; x_wconf 92' lang='lat' dir='ltr'><strong>qua</strong></span> <span class='ocrx_word' id='word_1_553' title='bbox 2538 4173 2651 4237; x_wconf 80' lang='lat' dir='ltr'><strong>illis</strong></span> <span class='ocrx_word' id='word_1_554' title='bbox 2687 4172 2920 4228; x_wconf 85' lang='lat' dir='ltr'><strong>libidine</strong></span> <span class='ocrx_word' id='word_1_555' title='bbox 2952 4172 3150 4238; x_wconf 66' lang='lat' dir='ltr'><strong>haeret,</strong></span> <span class='ocrx_word' id='word_1_556' title='bbox 3193 4173 3507 4240; x_wconf 88' lang='lat' dir='ltr'><strong>dimiserit;</strong></span> <span class='ocrx_word' id='word_1_557' title='bbox 3555 4177 3653 4230; x_wconf 88' lang='lat' dir='ltr'><strong>sed</strong></span> 
     </span>
    </p>
   </div>
   <div class='ocr_carea' id='block_1_85' title="bbox 2062 4265 3655 4337">
    <p class='ocr_par' dir='ltr' id='par_1_85' title="bbox 2062 4265 3655 4337">
     <span class='ocr_line' id='line_1_85' title="bbox 2062 4265 3655 4337; baseline 0 -16"><span class='ocrx_word' id='word_1_558' title='bbox 2062 4281 2282 4337; x_wconf 75' lang='lat' dir='ltr'><strong>seraper</strong></span> <span class='ocrx_word' id='word_1_559' title='bbox 2309 4266 2458 4322; x_wconf 82' lang='lat' dir='ltr'><strong>circa</strong></span> <span class='ocrx_word' id='word_1_560' title='bbox 2500 4265 2896 4336; x_wconf 85' lang='lat' dir='ltr'><strong>circumposita</strong></span> <span class='ocrx_word' id='word_1_561' title='bbox 2927 4267 3282 4321; x_wconf 89' lang='lat' dir='ltr'><strong>tabernacula</strong></span> <span class='ocrx_word' id='word_1_562' title='bbox 3323 4282 3530 4323; x_wconf 87' lang='lat' dir='ltr'><strong>vacans</strong></span> <span class='ocrx_word' id='word_1_563' title='bbox 3558 4269 3655 4322; x_wconf 87' lang='lat' dir='ltr'><strong>do-</strong></span> 
     </span>
    </p>
   </div>
   <div class='ocr_carea' id='block_1_86' title="bbox 2061 4359 2220 4414">
    <p class='ocr_par' dir='ltr' id='par_1_86' title="bbox 2061 4359 2220 4414">
     <span class='ocr_line' id='line_1_86' title="bbox 2061 4359 2220 4414; baseline 0 -1"><span class='ocrx_word' id='word_1_564' title='bbox 2061 4359 2220 4414; x_wconf 88' lang='lat' dir='ltr'><strong>lebit.</strong></span> 
     </span>
    </p>
   </div>
   <div class='ocr_carea' id='block_1_87' title="bbox 2137 4451 3655 4521">
    <p class='ocr_par' dir='ltr' id='par_1_87' title="bbox 2137 4451 3655 4521">
     <span class='ocr_line' id='line_1_87' title="bbox 2137 4451 3655 4521; baseline 0.001 -14"><span class='ocrx_word' id='word_1_565' title='bbox 2137 4451 2226 4509; x_wconf 85' lang='grc'><strong>81.</strong></span> <span class='ocrx_word' id='word_1_566' title='bbox 2265 4451 2544 4508; x_wconf 85' lang='lat' dir='ltr'><strong>Orationis</strong></span> <span class='ocrx_word' id='word_1_567' title='bbox 2570 4452 2675 4516; x_wconf 89' lang='lat' dir='ltr'><strong>vis,</strong></span> <span class='ocrx_word' id='word_1_568' title='bbox 2707 4451 2959 4506; x_wconf 88' lang='lat' dir='ltr'><strong>ciborum</strong></span> <span class='ocrx_word' id='word_1_569' title='bbox 2984 4451 3197 4506; x_wconf 87' lang='lat' dir='ltr'><strong>esuries</strong></span> <span class='ocrx_word' id='word_1_570' title='bbox 3221 4461 3414 4521; x_wconf 88' lang='lat' dir='ltr'><strong>sponte</strong></span> <span class='ocrx_word' id='word_1_571' title='bbox 3444 4468 3655 4508; x_wconf 87' lang='lat' dir='ltr'><strong>assum-</strong></span> 
     </span>
    </p>
   </div>
   <div class='ocr_carea' id='block_1_88' title="bbox 2064 4538 3656 4611">
    <p class='ocr_par' dir='ltr' id='par_1_88' title="bbox 2064 4538 3656 4611">
     <span class='ocr_line' id='line_1_88' title="bbox 2064 4538 3656 4611; baseline -0.001 -15"><span class='ocrx_word' id='word_1_572' title='bbox 2064 4550 2191 4611; x_wconf 87' lang='lat' dir='ltr'><strong>pta;</strong></span> <span class='ocrx_word' id='word_1_573' title='bbox 2227 4541 2432 4596; x_wconf 90' lang='lat' dir='ltr'><strong>csuriei</strong></span> <span class='ocrx_word' id='word_1_574' title='bbox 2457 4557 2611 4605; x_wconf 91' lang='lat' dir='ltr'><strong>vero,</strong></span> <span class='ocrx_word' id='word_1_575' title='bbox 2647 4539 2786 4594; x_wconf 86' lang='lat' dir='ltr'><strong>nihil</strong></span> <span class='ocrx_word' id='word_1_576' title='bbox 2811 4555 3006 4594; x_wconf 92' lang='lat' dir='ltr'><strong>eorum</strong></span> <span class='ocrx_word' id='word_1_577' title='bbox 3031 4555 3154 4608; x_wconf 77' lang='lat' dir='ltr'><strong>qua:</strong></span> <span class='ocrx_word' id='word_1_578' title='bbox 3179 4538 3364 4593; x_wconf 54' lang='lat' dir='ltr'><strong>seculi</strong></span> <span class='ocrx_word' id='word_1_579' title='bbox 3399 4547 3530 4592; x_wconf 86' lang='lat' dir='ltr'><strong>sunt</strong></span> <span class='ocrx_word' id='word_1_580' title='bbox 3561 4549 3656 4594; x_wconf 88' lang='lat' dir='ltr'><strong>aut</strong></span> 
     </span>
    </p>
   </div>
   <div class='ocr_carea' id='block_1_89' title="bbox 2065 4630 3654 4705">
    <p class='ocr_par' dir='ltr' id='par_1_89' title="bbox 2065 4630 3654 4705">
     <span class='ocr_line' id='line_1_89' title="bbox 2065 4630 3654 4705; baseline -0.003 -17"><span class='ocrx_word' id='word_1_581' title='bbox 2065 4634 2274 4700; x_wconf 87' lang='lat' dir='ltr'><strong>videre,</strong></span> <span class='ocrx_word' id='word_1_582' title='bbox 2315 4641 2480 4689; x_wconf 87' lang='lat' dir='ltr'><strong>aulve</strong></span> <span class='ocrx_word' id='word_1_583' title='bbox 2511 4633 2677 4705; x_wconf 80' lang='lat'><strong>650</strong></span> <span class='ocrx_word' id='word_1_584' title='bbox 2707 4632 2931 4697; x_wconf 85' lang='lat' dir='ltr'><strong>audire,</strong></span> <span class='ocrx_word' id='word_1_585' title='bbox 2975 4631 3111 4700; x_wconf 90' lang='lat' dir='ltr'><strong>quin</strong></span> <span class='ocrx_word' id='word_1_586' title='bbox 3161 4630 3388 4684; x_wconf 90' lang='lat' dir='ltr'><strong>omnino</strong></span> <span class='ocrx_word' id='word_1_587' title='bbox 3427 4647 3654 4686; x_wconf 82' lang='lat' dir='ltr'><strong>necesse</strong></span> 
     </span>
    </p>
   </div>
   <div class='ocr_carea' id='block_1_90' title="bbox 2021 4717 3657 4798">
    <p class='ocr_par' dir='ltr' id='par_1_90' title="bbox 2021 4717 3657 4798">
     <span class='ocr_line' id='line_1_90' title="bbox 2021 4717 3657 4798; baseline -0.004 -17"><span class='ocrx_word' id='word_1_588' title='bbox 2021 4717 2024 4721; x_wconf 61' lang='grc'><strong>’</strong></span> <span class='ocrx_word' id='word_1_589' title='bbox 2065 4727 2158 4782; x_wconf 91' lang='lat' dir='ltr'><strong>sit.</strong></span> <span class='ocrx_word' id='word_1_590' title='bbox 2194 4725 2403 4782; x_wconf 77' lang='lat' dir='ltr'><strong>[lorum</strong></span> <span class='ocrx_word' id='word_1_591' title='bbox 2428 4728 2524 4798; x_wconf 90' lang='lat' dir='ltr'><strong>qui</strong></span> <span class='ocrx_word' id='word_1_592' title='bbox 2554 4743 2666 4780; x_wconf 91' lang='lat' dir='ltr'><strong>non</strong></span> <span class='ocrx_word' id='word_1_593' title='bbox 2695 4741 2886 4779; x_wconf 90' lang='lat' dir='ltr'><strong>curam</strong></span> <span class='ocrx_word' id='word_1_594' title='bbox 2919 4723 3082 4795; x_wconf 85' lang='lat' dir='ltr'><strong>gerit,</strong></span> <span class='ocrx_word' id='word_1_595' title='bbox 3109 4731 3225 4776; x_wconf 92' lang='lat' dir='ltr'><strong>tum</strong></span> <span class='ocrx_word' id='word_1_596' title='bbox 3254 4722 3450 4794; x_wconf 89' lang='lat' dir='ltr'><strong>jejunii</strong></span> <span class='ocrx_word' id='word_1_597' title='bbox 3477 4723 3657 4778; x_wconf 91' lang='lat' dir='ltr'><strong>domi-</strong></span> 
     </span>
    </p>
   </div>
   <div class='ocr_carea' id='block_1_91' title="bbox 369 4813 1957 4888">
    <p class='ocr_par' dir='ltr' id='par_1_91' title="bbox 369 4813 1957 4888">
     <span class='ocr_line' id='line_1_91' title="bbox 369 4813 1957 4888; baseline 0.001 -20"><span class='ocrx_word' id='word_1_598' title='bbox 369 4816 582 4887; x_wconf 81' lang='grc' dir='ltr'>ρέωσεν</span> <span class='ocrx_word' id='word_1_599' title='bbox 611 4813 976 4884; x_wconf 75' lang='grc' dir='ltr'>οἰκοδόμημα·</span> <span class='ocrx_word' id='word_1_600' title='bbox 1010 4813 1069 4866; x_wconf 84' lang='grc' dir='ltr'>τὸ</span> <span class='ocrx_word' id='word_1_601' title='bbox 1089 4814 1144 4868; x_wconf 83' lang='grc' dir='ltr'>δὲ</span> <span class='ocrx_word' id='word_1_602' title='bbox 1177 4814 1278 4882; x_wconf 80' lang='grc' dir='ltr'>τῆς</span> <span class='ocrx_word' id='word_1_603' title='bbox 1315 4815 1484 4884; x_wconf 76' lang='grc' dir='ltr'>εὐχῆς</span> <span class='ocrx_word' id='word_1_604' title='bbox 1512 4816 1570 4868; x_wconf 81' lang='grc' dir='ltr'>ὲν</span> <span class='ocrx_word' id='word_1_605' title='bbox 1599 4816 1737 4887; x_wconf 81' lang='grc' dir='ltr'>αὐτῇ</span> <span class='ocrx_word' id='word_1_606' title='bbox 1765 4820 1957 4888; x_wconf 75' lang='grc' dir='ltr'>περιρ-</span> 
     </span>
    </p>
   </div>
   <div class='ocr_carea' id='block_1_92' title="bbox 2060 4813 3656 4888">
    <p class='ocr_par' dir='ltr' id='par_1_92' title="bbox 2063 4816 3656 4882">
     <span class='ocr_line' id='line_1_92' title="bbox 2063 4816 3656 4882; baseline 0 -10"><span class='ocrx_word' id='word_1_607' title='bbox 2063 4819 2251 4874; x_wconf 78' lang='lat' dir='ltr'><strong>cilium</strong></span> <span class='ocrx_word' id='word_1_608' title='bbox 2297 4820 2452 4874; x_wconf 77' lang='lat' dir='ltr'><strong>firma</strong></span> <span class='ocrx_word' id='word_1_609' title='bbox 2491 4819 2608 4874; x_wconf 84' lang='lat' dir='ltr'><strong>basi</strong></span> <span class='ocrx_word' id='word_1_610' title='bbox 2643 4835 2754 4873; x_wconf 88' lang='lat' dir='ltr'><strong>non</strong></span> <span class='ocrx_word' id='word_1_611' title='bbox 2794 4817 3014 4882; x_wconf 78' lang='lat' dir='ltr'><strong>struxit,</strong></span> <span class='ocrx_word' id='word_1_612' title='bbox 3051 4825 3167 4871; x_wconf 89' lang='lat' dir='ltr'><strong>tum</strong></span> <span class='ocrx_word' id='word_1_613' title='bbox 3199 4816 3467 4872; x_wconf 86' lang='lat' dir='ltr'><strong>orationis</strong></span> <span class='ocrx_word' id='word_1_614' title='bbox 3503 4817 3558 4871; x_wconf 90' lang='lat' dir='ltr'><strong>in</strong></span> <span class='ocrx_word' id='word_1_615' title='bbox 3588 4833 3656 4872; x_wconf 91' lang='lat' dir='ltr'><strong>eo</strong></span> 
     </span>
    </p>
   </div>
   <div class='ocr_carea' id='block_1_93' title="bbox 368 4906 909 4981">
    <p class='ocr_par' dir='ltr' id='par_1_93' title="bbox 368 4906 909 4981">
     <span class='ocr_line' id='line_1_93' title="bbox 368 4906 909 4981; baseline -0.011 -19"><span class='ocrx_word' id='word_1_616' title='bbox 368 4908 607 4981; x_wconf 76' lang='grc' dir='ltr'>ῥαγῆναι</span> <span class='ocrx_word' id='word_1_617' title='bbox 631 4906 909 4976; x_wconf 79' lang='grc' dir='ltr'>ἐποίησεν.</span> 
     </span>
    </p>
   </div>
   <div class='ocr_carea' id='block_1_94' title="bbox 443 4991 1959 5071">
    <p class='ocr_par' dir='ltr' id='par_1_94' title="bbox 443 4991 1959 5071">
     <span class='ocr_line' id='line_1_94' title="bbox 443 4991 1959 5071; baseline 0.001 -19"><span class='ocrx_word' id='word_1_618' title='bbox 443 4999 553 5071; x_wconf 60' lang='grc' dir='ltr'><strong>πβῗ.</strong></span> <span class='ocrx_word' id='word_1_619' title='bbox 600 4997 920 5070; x_wconf 83' lang='grc' dir='ltr'>’Λπέριττος</span> <span class='ocrx_word' id='word_1_620' title='bbox 942 4991 1099 5068; x_wconf 78' lang='grc' dir='ltr'>εἰμὴ</span> <span class='ocrx_word' id='word_1_621' title='bbox 1134 4999 1198 5051; x_wconf 80' lang='grc' dir='ltr'>ὲκ</span> <span class='ocrx_word' id='word_1_622' title='bbox 1227 4998 1450 5053; x_wconf 80' lang='grc' dir='ltr'>πάντων</span> <span class='ocrx_word' id='word_1_623' title='bbox 1480 5000 1508 5052; x_wconf 89' lang='grc' dir='ltr'>ὁ</span> <span class='ocrx_word' id='word_1_624' title='bbox 1539 4999 1666 5065; x_wconf 87' lang='grc' dir='ltr'>νοῦς</span> <span class='ocrx_word' id='word_1_625' title='bbox 1693 5000 1799 5054; x_wconf 81' lang='grc' dir='ltr'>τῶν</span> <span class='ocrx_word' id='word_1_626' title='bbox 1832 5001 1959 5055; x_wconf 82' lang='grc' dir='ltr'>κατ’</span> 
     </span>
    </p>
   </div>
   <div class='ocr_carea' id='block_1_95' title="bbox 366 5089 1958 5163">
    <p class='ocr_par' dir='ltr' id='par_1_95' title="bbox 366 5089 1958 5163">
     <span class='ocr_line' id='line_1_95' title="bbox 366 5089 1958 5163; baseline -0.003 -15"><span class='ocrx_word' id='word_1_627' title='bbox 366 5093 625 5163; x_wconf 80' lang='grc' dir='ltr'>αἴσθησιν</span> <span class='ocrx_word' id='word_1_628' title='bbox 655 5091 906 5162; x_wconf 84' lang='grc' dir='ltr'>γένηται,</span> <span class='ocrx_word' id='word_1_629' title='bbox 960 5090 1251 5161; x_wconf 82' lang='grc' dir='ltr'>ἀνωφερὴς</span> <span class='ocrx_word' id='word_1_630' title='bbox 1292 5089 1549 5159; x_wconf 86' lang='grc' dir='ltr'>γενέσθαι</span> <span class='ocrx_word' id='word_1_631' title='bbox 1597 5093 1659 5144; x_wconf 82' lang='grc' dir='ltr'><strong>οὐ</strong></span> <span class='ocrx_word' id='word_1_632' title='bbox 1711 5091 1958 5157; x_wconf 86' lang='grc' dir='ltr'>δύναται,</span> 
     </span>
    </p>
   </div>
   <div class='ocr_carea' id='block_1_96' title="bbox 366 5182 1379 5255">
    <p class='ocr_par' dir='ltr' id='par_1_96' title="bbox 366 5182 1379 5255">
     <span class='ocr_line' id='line_1_96' title="bbox 366 5182 1379 5255; baseline -0.004 -15"><span class='ocrx_word' id='word_1_633' title='bbox 366 5187 469 5241; x_wconf 72' lang='grc' dir='ltr'><strong>καὶ</strong></span> <span class='ocrx_word' id='word_1_634' title='bbox 507 5186 568 5238; x_wconf 80' lang='grc' dir='ltr'>τὸ</span> <span class='ocrx_word' id='word_1_635' title='bbox 597 5185 802 5237; x_wconf 85' lang='grc' dir='ltr'>οἰκεῖον</span> <span class='ocrx_word' id='word_1_636' title='bbox 831 5182 1101 5255; x_wconf 86' lang='grc' dir='ltr'>γνωρίσαι</span> <span class='ocrx_word' id='word_1_637' title='bbox 1138 5182 1379 5253; x_wconf 82' lang='grc' dir='ltr'>ἀξίωμα.</span> 
     </span>
    </p>
   </div>
   <div class='ocr_carea' id='block_1_97' title="bbox 445 5271 1961 5344">
    <p class='ocr_par' dir='ltr' id='par_1_97' title="bbox 445 5271 1961 5344">
     <span class='ocr_line' id='line_1_97' title="bbox 445 5271 1961 5344; baseline 0.003 -20"><span class='ocrx_word' id='word_1_638' title='bbox 445 5280 556 5342; x_wconf 62' lang='grc' dir='ltr'><strong>πείν.</strong></span> <span class='ocrx_word' id='word_1_639' title='bbox 591 5274 737 5340; x_wconf 77' lang='grc' dir='ltr'>Ἕξω</span> <span class='ocrx_word' id='word_1_640' title='bbox 770 5271 871 5343; x_wconf 83' lang='grc' dir='ltr'><strong>μὲν</strong></span> <span class='ocrx_word' id='word_1_641' title='bbox 899 5274 1132 5326; x_wconf 83' lang='grc' dir='ltr'>ποιεῖται</span> <span class='ocrx_word' id='word_1_642' title='bbox 1165 5274 1266 5342; x_wconf 85' lang='grc' dir='ltr'><strong>τῆς</strong></span> <span class='ocrx_word' id='word_1_643' title='bbox 1298 5271 1477 5343; x_wconf 75' lang='grc' dir='ltr'>ψυχῆς</span> <span class='ocrx_word' id='word_1_644' title='bbox 1508 5275 1541 5342; x_wconf 85' lang='grc' dir='ltr'><strong>ἡ</strong></span> <span class='ocrx_word' id='word_1_645' title='bbox 1568 5273 1723 5344; x_wconf 72' lang='grc' dir='ltr'>εὐχὴ,</span> <span class='ocrx_word' id='word_1_646' title='bbox 1751 5275 1961 5339; x_wconf 74' lang='grc' dir='ltr'>πάντας</span> 
     </span>
    </p>
   </div>
   <div class='ocr_carea' id='block_1_98' title="bbox 366 5365 1958 5438">
    <p class='ocr_par' dir='ltr' id='par_1_98' title="bbox 366 5365 1958 5438">
     <span class='ocr_line' id='line_1_98' title="bbox 366 5365 1958 5438; baseline 0 -18"><span class='ocrx_word' id='word_1_647' title='bbox 366 5368 498 5430; x_wconf 77' lang='grc' dir='ltr'>τοὺς</span> <span class='ocrx_word' id='word_1_648' title='bbox 542 5365 930 5437; x_wconf 79' lang='grc' dir='ltr'>ἐχθραίνοντας</span> <span class='ocrx_word' id='word_1_649' title='bbox 984 5365 1121 5436; x_wconf 79' lang='grc' dir='ltr'>αὐτῇ</span> <span class='ocrx_word' id='word_1_650' title='bbox 1169 5365 1467 5434; x_wconf 80' lang='grc' dir='ltr'>λογισμοὺς</span> <span class='ocrx_word' id='word_1_651' title='bbox 1497 5407 1513 5432; x_wconf 91' lang='grc'><strong>,</strong></span> <span class='ocrx_word' id='word_1_652' title='bbox 1572 5365 1958 5438; x_wconf 85' lang='grc' dir='ltr'>δυναμουμένη</span> 
     </span>
    </p>
   </div>
   <div class='ocr_carea' id='block_1_99' title="bbox 2061 4909 2837 4980">
    <p class='ocr_par' dir='ltr' id='par_1_99' title="bbox 2061 4909 2837 4980">
     <span class='ocr_line' id='line_1_99' title="bbox 2061 4909 2837 4980; baseline -0.001 -15"><span class='ocrx_word' id='word_1_653' title='bbox 2061 4912 2209 4966; x_wconf 86' lang='lat' dir='ltr'><strong>lares</strong></span> <span class='ocrx_word' id='word_1_654' title='bbox 2241 4911 2482 4980; x_wconf 87' lang='lat' dir='ltr'><strong>undique</strong></span> <span class='ocrx_word' id='word_1_655' title='bbox 2511 4910 2657 4965; x_wconf 88' lang='lat' dir='ltr'><strong>dirui</strong></span> <span class='ocrx_word' id='word_1_656' title='bbox 2684 4909 2837 4964; x_wconf 80' lang='lat' dir='ltr'><strong>fecit.</strong></span> 
     </span>
    </p>
   </div>
   <div class='ocr_carea' id='block_1_100' title="bbox 2137 5000 3654 5072">
    <p class='ocr_par' dir='ltr' id='par_1_100' title="bbox 2137 5000 3654 5072">
     <span class='ocr_line' id='line_1_100' title="bbox 2137 5000 3654 5072; baseline -0.001 -14"><span class='ocrx_word' id='word_1_657' title='bbox 2137 5003 2224 5058; x_wconf 76' lang='lat'><strong>82.</strong></span> <span class='ocrx_word' id='word_1_658' title='bbox 2262 5003 2378 5058; x_wconf 84' lang='lat' dir='ltr'><strong>Nisi</strong></span> <span class='ocrx_word' id='word_1_659' title='bbox 2418 5019 2575 5059; x_wconf 89' lang='lat' dir='ltr'><strong>mens</strong></span> <span class='ocrx_word' id='word_1_660' title='bbox 2601 5002 2936 5072; x_wconf 83' lang='lat' dir='ltr'><strong>superﬂuam</strong></span> <span class='ocrx_word' id='word_1_661' title='bbox 2967 5015 3188 5056; x_wconf 91' lang='lat' dir='ltr'><strong>omnem</strong></span> <span class='ocrx_word' id='word_1_662' title='bbox 3220 5016 3407 5055; x_wconf 89' lang='lat' dir='ltr'><strong>rerum</strong></span> <span class='ocrx_word' id='word_1_663' title='bbox 3443 5000 3497 5055; x_wconf 93' lang='lat' dir='ltr'><strong>in</strong></span> <span class='ocrx_word' id='word_1_664' title='bbox 3526 5018 3654 5056; x_wconf 87' lang='lat' dir='ltr'><strong>sen-</strong></span> 
     </span>
    </p>
   </div>
   <div class='ocr_carea' id='block_1_101' title="bbox 2066 5090 3657 5161">
    <p class='ocr_par' dir='ltr' id='par_1_101' title="bbox 2066 5090 3657 5161">
     <span class='ocr_line' id='line_1_101' title="bbox 2066 5090 3657 5161; baseline -0.002 -12"><span class='ocrx_word' id='word_1_665' title='bbox 2066 5109 2191 5149; x_wconf 91' lang='lat' dir='ltr'><strong>sum</strong></span> <span class='ocrx_word' id='word_1_666' title='bbox 2221 5093 2537 5148; x_wconf 89' lang='lat' dir='ltr'><strong>cadentium</strong></span> <span class='ocrx_word' id='word_1_667' title='bbox 2563 5109 2754 5148; x_wconf 89' lang='lat' dir='ltr'><strong>curam</strong></span> <span class='ocrx_word' id='word_1_668' title='bbox 2788 5091 3074 5161; x_wconf 87' lang='lat' dir='ltr'><strong>abjeccrit,</strong></span> <span class='ocrx_word' id='word_1_669' title='bbox 3099 5090 3352 5146; x_wconf 89' lang='lat' dir='ltr'><strong>sublimis</strong></span> <span class='ocrx_word' id='word_1_670' title='bbox 3381 5090 3497 5161; x_wconf 85' lang='lat' dir='ltr'><strong>ipsa</strong></span> <span class='ocrx_word' id='word_1_671' title='bbox 3523 5091 3657 5147; x_wconf 85' lang='lat' dir='ltr'><strong>ferri</strong></span> 
     </span>
    </p>
   </div>
   <div class='ocr_carea' id='block_1_102' title="bbox 2068 5184 3264 5256">
    <p class='ocr_par' dir='ltr' id='par_1_102' title="bbox 2068 5184 3264 5256">
     <span class='ocr_line' id='line_1_102' title="bbox 2068 5184 3264 5256; baseline -0.001 -16"><span class='ocrx_word' id='word_1_672' title='bbox 2068 5201 2179 5240; x_wconf 90' lang='lat' dir='ltr'><strong>non</strong></span> <span class='ocrx_word' id='word_1_673' title='bbox 2207 5194 2409 5256; x_wconf 88' lang='lat' dir='ltr'><strong>potest,</strong></span> <span class='ocrx_word' id='word_1_674' title='bbox 2439 5201 2708 5256; x_wconf 91' lang='lat' dir='ltr'><strong>suamque</strong></span> <span class='ocrx_word' id='word_1_675' title='bbox 2729 5199 2892 5240; x_wconf 80' lang='lat' dir='ltr'><strong>nosse</strong></span> <span class='ocrx_word' id='word_1_676' title='bbox 2918 5184 3264 5255; x_wconf 78' lang='lat' dir='ltr'><strong>dignitatem.</strong></span> 
     </span>
    </p>
   </div>
   <div class='ocr_carea' id='block_1_103' title="bbox 2139 5275 3659 5348">
    <p class='ocr_par' dir='ltr' id='par_1_103' title="bbox 2139 5275 3659 5348">
     <span class='ocr_line' id='line_1_103' title="bbox 2139 5275 3659 5348; baseline -0.001 -16"><span class='ocrx_word' id='word_1_677' title='bbox 2139 5276 2227 5332; x_wconf 77' lang='lat'><strong>85.</strong></span> <span class='ocrx_word' id='word_1_678' title='bbox 2269 5275 2457 5331; x_wconf 88' lang='lat' dir='ltr'><strong>Oratio</strong></span> <span class='ocrx_word' id='word_1_679' title='bbox 2482 5275 2740 5348; x_wconf 80' lang='lat' dir='ltr'><strong>lacrymis</strong></span> <span class='ocrx_word' id='word_1_680' title='bbox 2774 5275 3054 5341; x_wconf 88' lang='lat' dir='ltr'><strong>roborata,</strong></span> <span class='ocrx_word' id='word_1_681' title='bbox 3083 5275 3312 5331; x_wconf 83' lang='lat' dir='ltr'><strong>infestas</strong></span> <span class='ocrx_word' id='word_1_682' title='bbox 3346 5289 3538 5331; x_wconf 90' lang='lat' dir='ltr'><strong>omnes</strong></span> <span class='ocrx_word' id='word_1_683' title='bbox 3562 5293 3659 5331; x_wconf 91' lang='lat' dir='ltr'><strong>co-</strong></span> 
     </span>
    </p>
   </div>
   <div class='ocr_carea' id='block_1_104' title="bbox 2069 5365 3654 5439">
    <p class='ocr_par' dir='ltr' id='par_1_104' title="bbox 2069 5365 3654 5439">
     <span class='ocr_line' id='line_1_104' title="bbox 2069 5365 3654 5439; baseline -0.001 -19"><span class='ocrx_word' id='word_1_684' title='bbox 2069 5367 2361 5438; x_wconf 80' lang='lat' dir='ltr'><strong>gitationes</strong></span> <span class='ocrx_word' id='word_1_685' title='bbox 2417 5368 2601 5422; x_wconf 85' lang='lat' dir='ltr'><strong>animo</strong></span> <span class='ocrx_word' id='word_1_686' title='bbox 2657 5367 2858 5439; x_wconf 87' lang='lat' dir='ltr'><strong>ejicit;</strong></span> <span class='ocrx_word' id='word_1_687' title='bbox 2921 5366 3277 5436; x_wconf 87' lang='lat' dir='ltr'><strong>vicissimque</strong></span> <span class='ocrx_word' id='word_1_688' title='bbox 3334 5365 3654 5422; x_wconf 85' lang='lat' dir='ltr'><strong>facetiarum</strong></span> 
     </span>
    </p>
   </div>
   <div class='ocr_carea' id='block_1_105' title="bbox 449 5492 1957 5575">
    <p class='ocr_par' dir='ltr' id='par_1_105' title="bbox 449 5492 1957 5575">
     <span class='ocr_line' id='line_1_105' title="bbox 449 5492 1957 5575; baseline 0 -13"><span class='ocrx_word' id='word_1_689' title='bbox 449 5508 491 5538; x_wconf 76' lang='lat'>”</span> <span class='ocrx_word' id='word_1_690' title='bbox 517 5507 682 5562; x_wconf 82' lang='lat' dir='ltr'><strong>Prov.</strong></span> <span class='ocrx_word' id='word_1_691' title='bbox 721 5524 796 5574; x_wconf 87' lang='lat' dir='ltr'><strong>vl,</strong></span> <span class='ocrx_word' id='word_1_692' title='bbox 824 5508 926 5575; x_wconf 69' lang='lat'><strong>25,</strong></span> <span class='ocrx_word' id='word_1_693' title='bbox 963 5507 1122 5562; x_wconf 86' lang='lat' dir='ltr'><strong>Cant.</strong></span> <span class='ocrx_word' id='word_1_694' title='bbox 1151 5523 1224 5572; x_wconf 79' lang='lat' dir='ltr'><strong>tv,</strong></span> <span class='ocrx_word' id='word_1_695' title='bbox 1261 5492 1320 5560; x_wconf 66' lang='lat' dir='ltr'><strong>il</strong></span> <span class='ocrx_word' id='word_1_696' title='bbox 1347 5525 1360 5573; x_wconf 91' lang='lat'><strong>;</strong></span> <span class='ocrx_word' id='word_1_697' title='bbox 1387 5507 1548 5562; x_wconf 83' lang='lat' dir='ltr'><strong>Joan.</strong></span> <span class='ocrx_word' id='word_1_698' title='bbox 1575 5523 1650 5572; x_wconf 82' lang='lat' dir='ltr'><strong>vt,</strong></span> <span class='ocrx_word' id='word_1_699' title='bbox 1680 5507 1769 5562; x_wconf 83' lang='grc'><strong>69.</strong></span> <span class='ocrx_word' id='word_1_700' title='bbox 1850 5509 1892 5539; x_wconf 80' lang='grc'><strong>¹⁸</strong></span> <span class='ocrx_word' id='word_1_701' title='bbox 1918 5508 1957 5562; x_wconf 89' lang='lat' dir='ltr'><strong>C</strong></span> 
     </span>
    </p>
   </div>
   <div class='ocr_carea' id='block_1_106' title="bbox 2060 5492 2313 5575">
    <p class='ocr_par' dir='ltr' id='par_1_106' title="bbox 2066 5509 2313 5575">
     <span class='ocr_line' id='line_1_106' title="bbox 2066 5509 2313 5575; baseline -0.004 -13"><span class='ocrx_word' id='word_1_702' title='bbox 2066 5509 2313 5575; x_wconf 73' lang='lat' dir='ltr'><strong>.1v,il.</strong></span> 
     </span>
    </p>
   </div>
   <div class='ocr_carea' id='block_1_107' title="bbox 448 5642 1959 5716">
    <p class='ocr_par' dir='ltr' id='par_1_107' title="bbox 448 5642 1959 5716">
     <span class='ocr_line' id='line_1_107' title="bbox 448 5642 1959 5716; baseline -0.001 -16"><span class='ocrx_word' id='word_1_703' title='bbox 448 5645 510 5716; x_wconf 86' lang='lat' dir='ltr'><strong>(l)</strong></span> <span class='ocrx_word' id='word_1_704' title='bbox 561 5645 770 5711; x_wconf 74' lang='grc' dir='ltr'>Νεκροί</span> <span class='ocrx_word' id='word_1_705' title='bbox 813 5645 891 5716; x_wconf 2' lang='grc' dir='ltr'>ἐκ,</span> <span class='ocrx_word' id='word_1_706' title='bbox 931 5642 1175 5705; x_wconf 64' lang='grc' dir='ltr'>ζώντων.</span> <span class='ocrx_word' id='word_1_707' title='bbox 1225 5645 1384 5699; x_wconf 85' lang='lat' dir='ltr'><strong>Paul.</strong></span> <span class='ocrx_word' id='word_1_708' title='bbox 1425 5645 1583 5698; x_wconf 80' lang='lat' dir='ltr'><strong>Rom.</strong></span> <span class='ocrx_word' id='word_1_709' title='bbox 1626 5661 1708 5706; x_wconf 80' lang='lat' dir='ltr'><strong>vt,</strong></span> <span class='ocrx_word' id='word_1_710' title='bbox 1761 5644 1850 5708; x_wconf 75' lang='lat' dir='ltr'><strong>l3,</strong></span> <span class='ocrx_word' id='word_1_711' title='bbox 1893 5645 1959 5716; x_wconf 68' lang='grc' dir='ltr'><strong>ἐκ</strong></span> 
     </span>
    </p>
   </div>
   <div class='ocr_carea' id='block_1_108' title="bbox 374 5715 1959 5788">
    <p class='ocr_par' dir='ltr' id='par_1_108' title="bbox 374 5715 1959 5788">
     <span class='ocr_line' id='line_1_108' title="bbox 374 5715 1959 5788; baseline 0.001 -21"><span class='ocrx_word' id='word_1_712' title='bbox 374 5715 586 5788; x_wconf 71' lang='grc' dir='ltr'>νεκρῶν</span> <span class='ocrx_word' id='word_1_713' title='bbox 611 5716 820 5788; x_wconf 74' lang='grc' dir='ltr'>ζῶντας</span> <span class='ocrx_word' id='word_1_714' title='bbox 845 5715 1003 5780; x_wconf 74' lang='lat' dir='ltr'><strong>dixit,</strong></span> <span class='ocrx_word' id='word_1_715' title='bbox 1027 5731 1103 5788; x_wconf 23' lang='lat' dir='ltr'><strong>ex‘</strong></span> <span class='ocrx_word' id='word_1_716' title='bbox 1116 5717 1336 5788; x_wconf 77' lang='lat' dir='ltr'><strong>mortuis</strong></span> <span class='ocrx_word' id='word_1_717' title='bbox 1361 5716 1619 5780; x_wconf 81' lang='lat' dir='ltr'><strong>viventes;</strong></span> <span class='ocrx_word' id='word_1_718' title='bbox 1645 5715 1959 5788; x_wconf 73' lang='lat' dir='ltr'><strong>qu&#39;.e_verba</strong></span> 
     </span>
    </p>
   </div>
   <div class='ocr_carea' id='block_1_109' title="bbox 376 5785 1962 5855">
    <p class='ocr_par' dir='ltr' id='par_1_109' title="bbox 376 5785 1962 5855">
     <span class='ocr_line' id='line_1_109' title="bbox 376 5785 1962 5855; baseline -0.003 -11"><span class='ocrx_word' id='word_1_719' title='bbox 376 5785 719 5844; x_wconf 52' lang='lat' dir='ltr'><strong>sic&#39;videtur</strong></span> <span class='ocrx_word' id='word_1_720' title='bbox 765 5785 1030 5841; x_wconf 77' lang='lat' dir='ltr'><strong>Maximus</strong></span> <span class='ocrx_word' id='word_1_721' title='bbox 1076 5785 1410 5851; x_wconf 88' lang='lat' dir='ltr'><strong>detersisse,</strong></span> <span class='ocrx_word' id='word_1_722' title='bbox 1454 5795 1515 5840; x_wconf 91' lang='lat' dir='ltr'><strong>ut</strong></span> <span class='ocrx_word' id='word_1_723' title='bbox 1563 5785 1710 5855; x_wconf 89' lang='lat' dir='ltr'><strong>quod</strong></span> <span class='ocrx_word' id='word_1_724' title='bbox 1755 5786 1845 5840; x_wconf 89' lang='lat' dir='ltr'><strong>ille</strong></span> <span class='ocrx_word' id='word_1_725' title='bbox 1892 5786 1962 5840; x_wconf 89' lang='lat' dir='ltr'><strong>de</strong></span> 
     </span>
    </p>
   </div>
   <div class='ocr_carea' id='block_1_110' title="bbox 377 5856 1959 5926">
    <p class='ocr_par' dir='ltr' id='par_1_110' title="bbox 377 5856 1959 5926">
     <span class='ocr_line' id='line_1_110' title="bbox 377 5856 1959 5926; baseline -0.001 -16"><span class='ocrx_word' id='word_1_726' title='bbox 377 5859 545 5912; x_wconf 77' lang='lat' dir='ltr'><strong>animi</strong></span> <span class='ocrx_word' id='word_1_727' title='bbox 584 5867 755 5912; x_wconf 51' lang='lat' dir='ltr'><strong>nix-rte</strong></span> <span class='ocrx_word' id='word_1_728' title='bbox 789 5857 1007 5926; x_wconf 79' lang='lat' dir='ltr'><strong>vitaque</strong></span> <span class='ocrx_word' id='word_1_729' title='bbox 1043 5856 1278 5921; x_wconf 76' lang='lat' dir='ltr'><strong>dixerat,</strong></span> <span class='ocrx_word' id='word_1_730' title='bbox 1309 5857 1423 5925; x_wconf 87' lang='lat' dir='ltr'><strong>ipse</strong></span> <span class='ocrx_word' id='word_1_731' title='bbox 1459 5856 1524 5911; x_wconf 87' lang='lat' dir='ltr'><strong>ad</strong></span> <span class='ocrx_word' id='word_1_732' title='bbox 1561 5856 1811 5926; x_wconf 81' lang='lat' dir='ltr'><strong>corporis</strong></span> <span class='ocrx_word' id='word_1_733' title='bbox 1846 5865 1959 5909; x_wconf 83' lang='lat' dir='ltr'><strong>tra-</strong></span> 
     </span>
    </p>
   </div>
   <div class='ocr_carea' id='block_1_111' title="bbox 771 5951 1366 6014">
    <p class='ocr_par' dir='ltr' id='par_1_111' title="bbox 771 5951 1366 6014">
     <span class='ocr_line' id='line_1_111' title="bbox 771 5951 1366 6014; baseline -0.002 0"><span class='ocrx_word' id='word_1_734' title='bbox 771 5952 1036 6014; x_wconf 69' lang='lat' dir='ltr'><strong>PATRoL.</strong></span> <span class='ocrx_word' id='word_1_735' title='bbox 1083 5951 1197 6010; x_wconf 82' lang='lat' dir='ltr'><strong>Gn.</strong></span> <span class='ocrx_word' id='word_1_736' title='bbox 1242 5952 1366 6013; x_wconf 77' lang='lat' dir='ltr'><strong>XC.</strong></span> 
     </span>
    </p>
   </div>
   <div class='ocr_carea' id='block_1_112' title="bbox 2069 5640 3657 5715">
    <p class='ocr_par' dir='ltr' id='par_1_112' title="bbox 2069 5640 3657 5715">
     <span class='ocr_line' id='line_1_112' title="bbox 2069 5640 3657 5715; baseline -0.006 -15"><span class='ocrx_word' id='word_1_737' title='bbox 2069 5646 2226 5700; x_wconf 86' lang='lat' dir='ltr'><strong>heret</strong></span> <span class='ocrx_word' id='word_1_738' title='bbox 2258 5664 2270 5699; x_wconf 88' lang='lat'><strong>:</strong></span> <span class='ocrx_word' id='word_1_739' title='bbox 2306 5660 2427 5715; x_wconf 64' lang='lat' dir='ltr'><strong>qum</strong></span> <span class='ocrx_word' id='word_1_740' title='bbox 2457 5643 2680 5714; x_wconf 87' lang='lat' dir='ltr'><strong>quidem</strong></span> <span class='ocrx_word' id='word_1_741' title='bbox 2711 5642 2896 5696; x_wconf 80' lang='lat' dir='ltr'><strong>futura</strong></span> <span class='ocrx_word' id='word_1_742' title='bbox 2929 5642 2998 5696; x_wconf 91' lang='lat' dir='ltr'><strong>sit</strong></span> <span class='ocrx_word' id='word_1_743' title='bbox 3028 5643 3274 5715; x_wconf 71' lang='lat' dir='ltr'><strong>quintium</strong></span> <span class='ocrx_word' id='word_1_744' title='bbox 3309 5649 3503 5715; x_wconf 87' lang='lat' dir='ltr'><strong>at_no_n</strong></span> <span class='ocrx_word' id='word_1_745' title='bbox 3538 5640 3657 5692; x_wconf 83' lang='lat' dir='ltr'><strong>lau-</strong></span> 
     </span>
    </p>
   </div>
   <div class='ocr_carea' id='block_1_113' title="bbox 2070 5710 3658 5784">
    <p class='ocr_par' dir='ltr' id='par_1_113' title="bbox 2070 5710 3658 5784">
     <span class='ocr_line' id='line_1_113' title="bbox 2070 5710 3658 5784; baseline -0.005 -13"><span class='ocrx_word' id='word_1_746' title='bbox 2070 5717 2270 5771; x_wconf 88' lang='lat' dir='ltr'><strong>dabilis</strong></span> <span class='ocrx_word' id='word_1_747' title='bbox 2301 5710 2449 5769; x_wconf 79' lang='lat' dir='ltr'><strong>mors</strong></span> <span class='ocrx_word' id='word_1_748' title='bbox 2476 5710 2642 5768; x_wconf 78' lang='lat' dir='ltr'><strong>animi</strong></span> <span class='ocrx_word' id='word_1_749' title='bbox 2662 5756 2675 5777; x_wconf 92' lang='lat'><strong>,</strong></span> <span class='ocrx_word' id='word_1_750' title='bbox 2708 5729 2871 5784; x_wconf 88' lang='lat' dir='ltr'><strong>quam</strong></span> <span class='ocrx_word' id='word_1_751' title='bbox 2898 5711 3216 5784; x_wconf 79' lang='grc' dir='ltr'>νεκρώσεῳς</span> <span class='ocrx_word' id='word_1_752' title='bbox 3240 5710 3506 5765; x_wconf 85' lang='lat' dir='ltr'><strong>vocabulo</strong></span> <span class='ocrx_word' id='word_1_753' title='bbox 3537 5727 3658 5780; x_wconf 76' lang='lat' dir='ltr'><strong>pas—</strong></span> 
     </span>
    </p>
   </div>
   <div class='ocr_carea' id='block_1_114' title="bbox 2071 5783 3406 5853">
    <p class='ocr_par' dir='ltr' id='par_1_114' title="bbox 2071 5783 3406 5853">
     <span class='ocr_line' id='line_1_114' title="bbox 2071 5783 3406 5853; baseline -0.005 -11"><span class='ocrx_word' id='word_1_754' title='bbox 2071 5788 2175 5843; x_wconf 88' lang='lat' dir='ltr'><strong>sim</strong></span> <span class='ocrx_word' id='word_1_755' title='bbox 2204 5788 2307 5842; x_wconf 88' lang='lat' dir='ltr'><strong>viri</strong></span> <span class='ocrx_word' id='word_1_756' title='bbox 2335 5785 2696 5842; x_wconf 80' lang='lat' dir='ltr'><strong>ecclesiastici</strong></span> <span class='ocrx_word' id='word_1_757' title='bbox 2723 5783 2946 5839; x_wconf 77' lang='lat' dir='ltr'><strong>Paulina</strong></span> <span class='ocrx_word' id='word_1_758' title='bbox 2971 5783 3160 5853; x_wconf 85' lang='lat' dir='ltr'><strong>phrasi</strong></span> <span class='ocrx_word' id='word_1_759' title='bbox 3186 5793 3406 5837; x_wconf 86' lang='lat' dir='ltr'><strong>vocant.</strong></span> 
     </span>
    </p>
   </div>
   <div class='ocr_carea' id='block_1_115' title="bbox 3217 5941 3288 6003">
    <p class='ocr_par' dir='ltr' id='par_1_115' title="bbox 3217 5941 3288 6003">
     <span class='ocr_line' id='line_1_115' title="bbox 3217 5941 3288 6003; baseline -0.014 0"><span class='ocrx_word' id='word_1_760' title='bbox 3217 5941 3288 6003; x_wconf 73' lang='grc' dir='ltr'><strong>1ιὸ</strong></span> 
     </span>
    </p>
   </div>
  </div>
