4060 6430
528 371 662 437 1419

1705 376 1763 432 S.
1807 372 2096 432 MAXIMI
2131 371 2645 450 CONFESSOBIS

3676 375 3794 442 Ηἓο

523 484 643 555 lege
668 483 807 540 freta
837 483 1052 538 inducit
1082 484 1284 540 mentis
1308 484 1556 555 evagatio
1585 501 1598 537 :
1623 498 1788 554 quam
1817 483 1910 554 qui
1937 493 2113 538 exter-

2224 485 2337 546 τοῖς
2370 482 2656 552 δάκρυσιν·
2682 480 2997 550 ἀντεισάγει
3042 481 3099 536 δὲ
3136 481 3360 546 τούτους
3380 482 3408 534 6
3432 487 3794 554 μετεωρισμδς

524 577 776 640 minavit,
828 591 934 630 una
971 591 1192 645 quoque
1247 579 1517 631 malorum
1571 575 1819 631 omnium
1868 588 2112 638 causam,

523 667 784 737 loquendi
819 667 1136 722 libertatem
1164 666 1494 739 profligavit.

495 813 509 857 ‘
595 857 685 909 84.
729 854 1008 925 Jejunium
1051 853 1298 924 quidem,
1346 851 1456 908 diei
1493 851 1825 926 symbolum,
1867 865 1934 906 eo
1966 848 2116 920 quod

522 947 766 1002 exterius
801 946 980 1016 palam
1015 945 1260 1018 geritur;
1293 946 1471 1001 oratio
1511 953 1696 1000 autem
1727 944 1930 1008 noctis,
1966 941 2117 1013 quod

522 1039 760 1094 obscura
821 1053 886 1093 ac
941 1047 1152 1093 secreta
1191 1044 1297 1092 est.
1327 1036 1428 1104 Qui
1471 1037 1640 1108 igitur
1670 1035 1942 1090 utrumvis
1976 1034 2116 1088 alte-

525 1148 647 1186 rum
682 1132 736 1185 in
771 1132 946 1186 altero
964 1132 1115 1203 juste
1143 1139 1418 1196 exerceat,
1448 1131 1517 1186 ad
1549 1130 1956 1202 speculatorum
1983 1127 2118 1183 civi-

527 1235 694 1280 tatem
747 1225 1022 1290 devenict,
1059 1226 1199 1280 unde
1245 1225 1398 1280 dolor
1429 1235 1476 1280 et
1511 1225 1732 1280 tristitia
1764 1233 1924 1294 atque
1956 1221 2120 1293 gemi-

524 1330 621 1385 tus;
657 1318 709 1372 in
741 1317 964 1372 Christo
999 1318 1282 1389 aufugiunt
1311 1319 1373 1372 ’⁸.

596 1411 684 1465 85.
741 1411 1020 1480 Spiritalis
1080 1413 1360 1481 operatio,
1428 1411 1547 1467 sine
1609 1410 1777 1466 etiam
1841 1409 2118 1480 corporali

524 1518 692 1572 opere
739 1502 1043 1557 consistere
1091 1502 1278 1557 habet.
1328 1502 1529 1558 Beatus
1567 1516 1721 1572 ergo,
1764 1501 1860 1571 qui
1897 1511 2119 1556 terreno

524 1611 717 1667 opere,
755 1611 879 1665 quae
907 1596 960 1650 in
997 1596 1225 1650 materia
1255 1612 1364 1650 non
1391 1606 1496 1661 est,
1531 1595 1911 1666 operationem
1943 1593 2121 1665 pluris

524 1687 740 1743 fecerit.
779 1689 884 1742 Per
925 1703 1046 1742 eam
1081 1687 1230 1743 enim
1271 1687 1418 1758 quod
1459 1687 1614 1744 deest
1656 1689 1811 1760 operi
1847 1687 2116 1758 implevit,

523 1781 616 1851 qui
645 1779 915 1834 orationis
955 1778 1108 1833 cultu
1137 1779 1305 1834 vitam
1337 1781 1718 1836 absconditam
1753 1797 1819 1838 ac
1855 1783 1968 1838 Deo
2000 1796 2120 1836 ma-

523 1872 776 1926 nifestam
816 1871 972 1928 vivit.

593 1964 679 2020 86.
721 1965 885 2020 Ferre
918 1981 1021 2020 nos
1054 1967 1328 2036 patienter
1374 1965 1480 2023 ﬁde
1512 1967 1772 2022 hortatur
1800 1968 2117 2038 Apostolus,

521 2071 619 2126 spe
659 2056 922 2126 gaudere,
955 2059 1193 2113 orationi
1220 2058 1448 2124 instare,
1485 2068 1540 2114 ut
1567 2060 1753 2130 gaudii
1784 2060 1990 2116 bonum
2015 2077 2120 2116 no-

524 2149 610 2204 bis
643 2160 966 2220 persevcret
996 2152 1061 2206 ¹⁴¹.
1098 2151 1194 2207 Sin
1226 2161 1414 2206 autem
1459 2168 1518 2208 se
1560 2169 1651 2209 res
1689 2154 1764 2208 ita
1807 2153 1994 2220 habet,
2023 2155 2119 2225 qui

523 2243 666 2296 mala
692 2257 801 2296 non
833 2242 939 2298 fert
966 2245 1266 2312 patienter,
1295 2243 1474 2299 fidelis
1502 2259 1613 2298 non
1649 2253 1734 2300 est
1763 2263 1778 2300 :
1811 2254 1867 2302 et
1891 2245 1984 2316 qui
2008 2261 2120 2302 non

521 2330 744 2402 gaudet,
780 2348 882 2387 nec
907 2332 1065 2386 bona:
1095 2333 1212 2402 spei
1242 2343 1346 2388 est.
1383 2334 1585 2390 Amisit
1617 2336 1767 2390 enim
1801 2335 1986 2407 gaudii
2019 2352 2119 2406 pa-

512 2433 737 2478 rentem
771 2425 1102 2491 orationem,
1134 2425 1284 2494 quod
1319 2426 1397 2482 illi
1428 2443 1541 2483 non
1571 2427 1742 2484 instat
1762 2441 1857 2484 aut
1884 2444 1948 2484 ea
1981 2429 2120 2484 assi-

509 2517 668 2571 duus
693 2525 801 2571 est.

591 2629 681 2683 87.
726 2628 782 2683 Si
811 2630 1036 2687 animus
1069 2630 1126 2686 in
1159 2633 1394 2689 terrenis
1429 2649 1494 2688 ac
1525 2634 1710 2690 saeculi
1749 2651 1932 2690 rerum
1965 2635 2120 2706 cogi-

521 2720 825 2776 tationibus
859 2721 1021 2778 initio
1051 2733 1308 2778 versatus
1331 2764 1345 2790 ,
1398 2733 1604 2779 tantam
1635 2739 1761 2783 cum
1806 2725 1917 2781 illis
1958 2738 2117 2782 nacta

517 2823 603 2869 est
637 2815 1143 2884 necessitudinem;
1181 2829 1466 2888 quantam,
1503 2834 1655 2890 rogo,
1691 2835 1802 2873 non
1829 2819 2121 2874 nancisce-

521 2913 633 2972 tur,
686 2906 731 2960 si
789 2907 1055 2962 continue
1111 2909 1351 2964 orationi
1417 2909 1736 2964 incumbat?
1793 2909 1854 2964 In
1915 2910 2120 2980 quibus

517 2996 691 3063 enim,
734 2998 936 3068 inquit,
978 3008 1248 3066 moratur,
1285 2999 1340 3054 in
1374 2998 1483 3056 illis
1512 3009 1570 3055 ct
1597 2999 1820 3054 dilatari
1849 3001 2009 3056 solet.

590 3089 680 3146 88.
720 3089 1201 3157 Quemadmodum
1231 3109 1262 3146 a
1291 3109 1394 3147 suo
1424 3093 1556 3148 olim
1591 3093 1875 3149 domicilio
1905 3094 2120 3151 divisus

2218 575 2312 630 τοῦ
2361 575 2502 640 νοὸς,
2528 577 2680 646 νόμῳ
2733 574 3099 647 εὐτραπελίας
3160 575 3650 646 ὲνδυναμούμενος·
3683 579 3746 649 ἢν
3771 584 3797 633 ὁ

2219 667 2503 740 ὲξορίξων,
2545 667 2927 739 συνεξόριστον
2977 667 3072 722 καὶ
3102 667 3165 721 τὸ
3213 668 3500 722 παναίτιον
3540 670 3799 742 πεποίηκε

2218 760 2320 831 τῆς
2351 759 2668 833 παρρησίας
2701 759 2892 814 κακόν.
3474 747 3504 761 ⁵

2291 853 2400 907 τπδ’.
2460 851 2709 924 Ἡμέρας
2758 851 2858 922 μὲν
2914 850 3186 922 σύμϐολον
3239 852 3273 921 ή
3329 850 3578 922 νηστεία,
3629 850 3717 905 διὰ
3745 852 3802 906 τὸ

2221 944 2467 1016 ἔκδηλον
2497 943 2694 1008 νυκτὸς
2724 944 2780 998 δὲ
2805 943 2894 998 διὰ
2922 943 2982 997 τὸ
3007 941 3226 1014 ἄδηλον,
3255 944 3288 1014 ή
3315 943 3473 1014 εὑχή.
3509 943 3802 1015 Ἐκατέραν

2221 1031 2316 1090 οὖν
2345 1035 2553 1088 τούτων
2607 1036 2666 1088 ἐν
2723 1035 2963 1106 ἑκατέρᾳ
3012 1035 3240 1098 ἐνδίκως
3289 1037 3318 1089 6
3371 1036 3800 1106 μετερχόμενος,

2223 1127 2362 1200 πρὸς
2392 1127 2492 1199 τὴν
2519 1127 2629 1183 τῶν
2663 1127 3036 1182 κατασκόπων
3085 1127 3463 1198 ἀπαντήσεται
3505 1127 3659 1180 πόλιν
3691 1130 3802 1197 (ut),

2220 1221 2290 1275 ἐν
2308 1214 2347 1292 ᾖ
2362 1219 2592 1288 ἀπέδρα
2607 1219 2818 1287 ὀδύνη,
2831 1219 2998 1286 λύπη
3022 1217 3119 1272 καί
3141 1217 3480 1288 στεναγμὸς
3493 1219 3551 1272 ἐν
3573 1219 3803 1290 Χριστῷ.

2297 1398 2404 1454 πε’.
2436 1398 2502 1452 Ἦ
2533 1398 2885 1471 πνευματικὴ
2913 1399 3170 1471 ἐργασία,
3199 1399 3294 1453 καὶ
3313 1399 3630 1468 σωματικοῦ
3654 1398 3806 1471 ἔργον

2223 1490 2386 1557 ἐκτὸς
2435 1490 2799 1546 συνίστασθαι
2835 1491 3072 1561 πέφυκε.
3123 1490 3418 1562 Μακάριος
3451 1487 3545 1544 οὖν
3582 1492 3611 1544 6
3633 1492 3800 1562 κρείσο

2225 1602 2354 1638 σονα
2401 1584 2498 1638 τοῦ
2539 1584 2732 1638 ὲνύλου
2785 1582 2976 1658 ἔργου,
3005 1583 3107 1654 τὴν
3153 1584 3317 1638 ἄῦλον
3350 1584 3700 1654 ἡγησάμενος
3727 1585 3809 1654 ὲρ-

2223 1677 2448 1746 γασίαν.
2500 1676 2773 1747 Διάὖτῆς
2807 1675 2921 1748 γὰρ
2968 1677 3070 1746 τὴν
3114 1675 3212 1730 τοῦ
3267 1675 3434 1747 ἔργου
3495 1675 3809 1746 ἐπλήρωσεν

2224 1771 2702 1842 ἑλλειψιν,,ζήσας
2747 1772 2848 1844 τὴν
2897 1772 3294 1844 κεκρυμμένην
3340 1773 3489 1844 ζωὴν
3519 1776 3620 1844 τῆς
3653 1773 3807 1844 εὐχῆς

2223 1865 2319 1919 καὶ
2350 1864 2593 1938 φανερὰν
2638 1864 2718 1936 τῷ
2753 1863 2892 1936 Θεῷ.

2295 1964 2418 2024 πς’.
2470 1958 2803 2030 ’Υπομένειν
2845 1958 2946 2030 μὲν
2990 1959 3141 2030 ἡμᾶς
3183 1959 3250 2029 τῇ
3297 1956 3484 2011 πίστει
3515 1957 3597 2030 (η)
3640 1975 3811 2030 παρα-

2223 2051 2381 2104 καλεῖ
2410 2051 2438 2104 6
2477 2051 2826 2114 Ἀπόστολοςο
2860 2050 3075 2122 χαίρειν
3103 2053 3170 2122 τῇ
3203 2050 3404 2116 ἑλπίδι,
3434 2052 3503 2121 τῇ
3539 2053 3809 2121 προσευχῇ

2223 2146 2684 2216 προσκαρτερεῖν,
2722 2144 2810 2197 ἴνα
2861 2143 2923 2197 τὺ
2963 2144 3063 2215 τῆς
3095 2143 3272 2214 χαρᾶς
3315 2145 3451 2214 ἡμῖν
3500 2143 3811 2216 παραμείνῃ

2222 2236 2410 2292 καλόν.
2441 2237 2504 2290 Εἰ
2531 2236 2589 2290 δὲ
2617 2235 2797 2298 τοῦτο,
2853 2237 2962 2309 ἄρα
2992 2239 3021 2289 6
3055 2235 3129 2308 μὴ
3160 2235 3472 2306 ὑπομένων,
3507 2237 3571 2289 οὑ
3606 2237 3809 2299 πιστὸςο

2220 2328 2331 2382 ὁδὲ
2362 2327 2424 2381 ού
2481 2328 2710 2399 χαίρων,
2757 2327 2860 2381 οὑκ
2912 2325 3156 2391 εὔελπις
3201 2327 3510 2381 ἁπεϐἀλετο
3569 2329 3680 2400 γὰρ
3721 2328 3812 2397 τὴν

2221 2422 2402 2475 αἰτίαν
2444 2420 2546 2491 τῆς
2585 2421 2762 2492 χαρᾶς
2793 2419 3129 2491 προσευχὴν,
3159 2419 3219 2474 ὲν
3245 2417 3328 2490 τῷ
3363 2419 3438 2491 μὴ
3475 2436 3814 2490 προσκαρτε-

2224 2515 2342 2584 ρεῖν
2368 2514 2427 2566 ὲν
2473 2512 2637 2585 αὑτῇ.

2295 2626 2405 2691 σίζ’.
2443 2627 2505 2680 Et
2533 2628 2647 2691 τοῖς
2677 2627 2995 2697 ὲγκοσμίοις
3016 2625 3305 2696 λογισμοῖς
3393 2624 3520 2689 νοῦς
3551 2624 3615 2690 ἐξ
3647 2624 3811 2697 ἀρχῆς

2221 2719 2734 2789 συναναπραφεὶς,
2789 2718 3065 2789 τοσαύτην
3118 2719 3175 2771 ὲν
3226 2718 3414 2782 αὑτοῖς
3475 2717 3583 2789 τὴν
3641 2716 3814 2785 φιλίαν

2221 2814 2518 2884 ἐκτήσατο,
2538 2812 2714 2882 πόσην
2744 2812 2846 2865 οὑκ
2875 2811 2942 2866 ἂν
2972 2812 3284 2883 οἰκειότητα
3307 2813 3408 2882 σχῇ
3447 2813 3504 2864 ἐν
3527 2811 3666 2882 εὐχῇ
3697 2826 3814 2863 συν-

2222 2907 2360 2976 εχεῖ·
2406 2905 2507 2963 καὶΔ
2538 2903 2650 2975 γὰρ
2683 2904 2743 2956 ὲν
2779 2896 2884 2966 οἷς,
2926 2902 3083 2975 φησὶ,
3128 2901 3368 2974 χρονίζει
3393 2904 3490 2973 (ο),
3544 2904 3605 2957 ἐν
3642 2901 3814 2962 αὐτοῖς

2223 3000 2319 3055 καὶ
2349 2999 2721 3054 πλατύνεσθαι
2759 2999 2970 3054 εἴωθεν.
3561 3067 3566 3073 ι

2294 3101 2409 3165 πη’.
2447 3095 2660 3168 Ὥσπερ
2691 3094 2789 3149 τοῦ
2814 3095 2946 3149 ἰδίου
2972 3095 3296 3167 οἰκητηρίου
3324 3085 3497 3150 πάλαι
3525 3098 3815 3170 διαιρεθεὶς

520 3184 762 3249 animus,
798 3184 947 3239 illius
970 3184 1240 3241 claritatis
1268 3185 1476 3242 oblitus
1507 3194 1626 3254 est;
1655 3186 1734 3242 sic
1758 3202 1987 3242 necesse
2011 3195 2113 3252 est,

2223 3187 2252 3240 6
2284 3185 2431 3252 νοῦς,
2480 3185 2581 3258 τῆς
2632 3186 2843 3242 ἐκείνου
2895 3187 3291 3258 λαμπρότητος
3321 3188 3650 3245 ἐπελάθετοο
3684 3189 3817 3243 οὑτω

519 3285 581 3331 ιιι
604 3275 790 3331 smculi
815 3292 1001 3332 rerum
1029 3294 1227 3333 rursus
1253 3279 1536 3335 oblivione
1568 3286 1872 3350 assumpta,
1904 3278 2117 3334 oratio-

520 3368 608 3423 nis
638 3368 897 3438 prmsidio
929 3369 996 3426 ad
1023 3386 1144 3428 eam
1173 3372 1420 3442 proclive
1453 3379 1726 3428 recurrat.

593 3479 682 3535 89.
725 3479 882 3536 Sicut
908 3481 1091 3538 infans
1120 3482 1188 3537 ad
1216 3482 1475 3554 frigentia
1501 3483 1696 3539 matris
1719 3483 1918 3550 ubera,
1944 3483 2027 3539 sic
2060 3499 2119 3540 se

521 3586 680 3626 mens
723 3571 789 3627 ad
850 3573 1159 3629 orationem
1204 3573 1410 3630 habere
1460 3575 1814 3643 invenietur,
1848 3591 1972 3646 quae
2007 3591 2119 3631 non

519 3664 696 3736 possit
729 3666 1111 3722 consolatione
1144 3667 1354 3734 lenire;
1389 3665 1457 3722 ad
1489 3683 1614 3723 eam
1644 3677 1831 3723 autem
1862 3685 1984 3739 qua:
2019 3668 2121 3723 ali-

591 3843 640 3876 “
665 3844 767 3901 Isa.
797 3861 869 3911 Li,
898 3847 984 3902 ll.

591 4025 690 4094 (πη)
735 4026 893 4094 Πρὸς
933 4026 1050 4095 τὴν
1089 4023 1209 4080 τῶν
1241 4027 1650 4081 κατασκόπων
1687 4027 2104 4095 ἀπαντήσεται

518 4096 721 4151 πόλιν.
753 4097 834 4151 Ad
873 4098 1096 4152 Sionem
1129 4097 1372 4163 scilicet,
1399 4097 1558 4168 cujus
1587 4112 1790 4152 nomen
1823 4097 2104 4168 speculam

517 4174 698 4239 sonat,
731 4183 795 4222 ac
829 4170 987 4239 cujus
1024 4169 1200 4238 ipsius
1238 4169 1407 4223 Isaias
1446 4167 1700 4222 meminit
1739 4167 1865 4239 cap.
1891 4169 1985 4222 illo
2031 4183 2102 4232 ιι,

517 4252 631 4308 quo
679 4238 782 4293 ista
828 4238 1014 4294 omnia
1062 4239 1280 4293 Maximi
1329 4239 1662 4303 collineant,
1707 4238 1972 4294 consueta
2026 4239 2104 4294 illi

517 4309 812 4378 allegoria;
860 4325 1173 4380 quanquam
1222 4310 1312 4363 hic
1349 4310 1432 4364 eis
1475 4311 1636 4380 longe
1680 4310 1844 4366 solito
1887 4309 2109 4381 parcior

516 4385 624 4441 est,
656 4387 713 4434 ut
741 4389 796 4433 ct
826 4381 1102 4450 capitibus
1128 4381 1196 4435 de
1225 4381 1517 4450 charilate.

591 4451 672 4524 (tt)
737 4449 1093 4524 ’Υπρμένειν
1145 4450 1318 4524 ἡμᾶς
1348 4449 1434 4524 Δ’τῇ
1490 4451 1711 4524 πίᾳτει.
1767 4451 1860 4508 Sic
1911 4451 2112 4524 legisse

516 4517 814 4595 yaximum
842 4517 1004 4595 Rom.
1033 4538 1126 4583 xu,
1153 4517 1240 4586 l2,
1267 4521 1361 4576 ubi
1392 4517 1546 4595 nunc
1572 4521 1784 4595 Graeca,
1811 4527 1876 4595 τῇ
1909 4517 2109 4592 θλῖψει,

2225 3279 2307 3333 δεῖ
2346 3278 2538 3338 τοῦτον
2589 3275 2746 3344 αὖθις
2786 3281 2845 3332 ὲν
2875 3279 3016 3352 λήθῃ
3053 3278 3164 3333 τῶν
3194 3272 3298 3334 ὦδε
3328 3281 3654 3354 γενόμενον,
3690 3282 3818 3354 πρὸς

2227 3372 2444 3442 ἐκείνην
2473 3373 2813 3445 ἀναδραμεῖν
2835 3372 2903 3425 δι’
2932 3372 3120 3444 εὐχῆς.

2298 3486 2407 3542 πθ’.
2457 3486 2730 3556 Καθάπερ
2762 3486 2958 3556 νήπιον
2989 3485 3128 3558 πρὸς
3161 3487 3408 3558 μαστοὺς
3445 3487 3818 3558 ἐναποψυγέν-

2228 3597 2324 3644 τας
2354 3578 2588 3650 μητρὸς,
2609 3577 2784 3642 οὓτως
2804 3577 3170 3650 εὑρεθήσεται
3197 3577 3323 3643 νοῦς
3353 3580 3489 3652 πρὸς
3525 3581 3699 3652 εὐχὴν
3728 3581 3819 3650 τὴν

2231 3667 2306 3739 μὴ
2327 3667 2635 3738 δυναμένην
2660 3667 3048 3739 παρακαλέσαι
3079 3669 3262 3724 αὑτόν·
3288 3671 3424 3741 πρὸς
3442 3671 3498 3724 δὲ
3526 3670 3630 3744 τὴν
3652 3671 3818 3735 ἄλλως

1067 3847 1110 3879 ¹⁷
1135 3847 1303 3904 llebr.
1333 3863 1428 3913 xu,
1459 3849 1482 3902 l
1509 3865 1525 3914 ;
1553 3848 1714 3904 Rom.
1742 3864 1850 3915 xu;
1882 3847 1978 3916 1‘2;
2009 3846 2223 3904 Coloss.
2263 3863 2339 3913 IV,
2368 3847 2424 3901 2.

2214 4025 2310 4093 ris)
2342 4025 2556 4098 Erasm.
2623 4028 2846 4098 tempori
2873 4029 3176 4091 servientes,
3207 4026 3289 4082 sic
3321 4026 3667 4084 abhorrente
3695 4043 3811 4083 sen-

2215 4097 2426 4171 ten_tia,_
2446 4112 2547 4151 nec
2577 4095 2916 4171 satis'Paulo
2943 4098 3136 4171 digna,
3145 4113 3255 4171 pro
3281 4114 3350 4171 eo
3376 4100 3527 4168 quod
3565 4101 3813 4171 legerunt

2215 4167 2457 4240 antiqui»
2494 4182 2688 4240 omnes
2750 4169 2953 4240 relati,
3001 4167 3058 4240 et
3118 4169 3277 4240 Vulg.
3341 4167 3643 4240 habetque
3694 4169 3807 4224 cod.

2215 4238 2483 4293 Alexand.
2510 4237 2587 4307 τῷ
2618 4238 2808 4308 Κυρίῳ
2839 4239 3209 4302 δουλεύοντες,
3230 4237 3466 4293 Domino
3499 4237 3809 4303 servientes;

2216 4309 2350 4380 quid
2385 4309 2587 4362 tnirum
2623 4309 2892 4380 potuisse,
2921 4325 3044 4380 pro,
3071 4312 3136 4379 τῇ
3171 4310 3373 4380 πίστει,
3399 4313 3465 4380 τῇ
3506 4312 3710 4380 θλίψει,
3739 4311 3811 4364 sic

2219 4379 2329 4434 una
2356 4380 2499 4434 serie
2529 4389 2678 4434 textu
2707 4379 2783 4434 ibi
2815 4379 3104 4435 laborante
3131 4379 3447 4450 obrepere?
3465 4379 3722 4441 Maximo,
3750 4397 3810 4434 ex

2221 4451 2436 4505 meliori
2475 4451 2668 4506 codice
2697 4451 3058 4516 emendante;
3093 4450 3139 4504 si
3173 4459 3356 4505 tamen
3394 4452 3484 4506 ille
3520 4468 3591 4506 ex
3630 4451 3809 4507 codice

2221 4521 2476 4592 scripsit,
2509 4538 2621 4576 non
2657 4532 2717 4575 ut
2749 4522 3374 4593 suggerebatmcmoria
3410 4539 3424 4575 :
3455 4539 3585 4591 qua:
3619 4522 3808 4593 saepius

519 4590 1124 4674 Yu-lg.irt.tribula1ionc
1153 4595 1440 4674 patientes;
1474 4589 1876 4674 nihildubium'
1903 4611 1917 4646 :
1945 4589 2115 4674 utque
2151 4589 2192 4644 D
2224 4594 2278 4648 id
2319 4589 2714 4674 repraesentat,
2748 4589 2876 4647 noif
2898 4592 3048 4662 quod
3090 4591 3146 4646 in
3177 4592 3378 4674 codice
3419 4589 3805 4674 legimus,'sed

517 4661 610 4747 alii
641 4661 864 4747 codices
891 4661 1349 4747 suﬂragarentur,
1377 4665 1467 4747 illa
1496 4665 1663 4746 lectio
1694 4666 1868 4747 magis
1896 4661 2109 4747 arride-

519 4740 626 4796 ret,
654 4734 802 4806 quod
831 4734 1135 4806 praesertim
1153 4737 1496 4791 constructio
1519 4735 1634 4806 ipsa
1658 4734 1907 4802 mollior;
1935 4734 2112 4806 quod-

517 4818 625 4876 que
653 4804 793 4859 adeo
826 4805 1103 4876 duplicem
1134 4807 1399 4861 virtutem
1434 4804 1637 4862 Paulus
1669 4807 1934 4862 continua
1954 4804 2111 4860 serie

518 4873 737 4928 videtur
763 4873 1174 4948 commendare,
1203 4878 1501 4948 accuique
1531 4876 1681 4948 quod
1712 4877 1790 4931 illi
1826 4876 2108 4948 proprium

516 4947 1014 5018 aut__conjunctum
1066 4947 1480 5018 est,rtribue’re
1532 4947 1563 5002 εί
1604 4948 1758 5018 spei,
1809 4947 2107 5018 gaudium,

517 5017 582 5090 τῇ
626 5016 804 5090 ἐλπίδι
840 5019 1147 5090 χαίροντεςο
1191 5017 1348 5084 ﬁdei,
1386 5016 1650 5073 laborum
1685 5016 2108 5084 susti'nentiatn,

519 5089 583 5160 τῇ
637 5088 816 5142 πίστει
843 5088 1252 5160 ὑπομένοντες·
1299 5090 1448 5160 quod
1495 5090 1676 5160 ipsum
1719 5098 2106 5160 argumentum

518 5155 628 5211 late
644 5155 997 5230 prosequitur
1028 5160 1084 5214 in
1118 5161 1290 5230 Epist.
1315 5155 1384 5216 ad
1409 5155 1600 5225 Hebr,
1628 5155 1928 5215 ostendens
1958 5160 2108 5214 omni

519 5234 672 5282 retro
705 5247 821 5285 aevo
853 5238 1074 5286 sanctos
1107 5232 1199 5285 illa
1227 5232 1466 5287 victores
1499 5232 1748 5286 laborum
1783 5231 2058 5287 exstitisse
2093 5247 2107 5284 :

518 5313 644 5351 cum
691 5299 858 5364 illud,
894 5305 959 5372 τῇ
1003 5301 1180 5370 θλίψει
1221 5302 1610 5372 ὑπομένοντες,
1648 5301 1844 5356 duram
1882 5303 2110 5357 omnino

519 5373 988 5426 constructionem
1016 5372 1238 5436 habeat,
1265 5383 1323 5427 et
1356 5373 1412 5427 in
1443 5389 1551 5443 qua
1582 5373 1792 5442 aliquid
1823 5373 2108 5428 desidere-

521 5449 630 5512 tur,
661 5444 978 5497 necessario
1007 5444 1406 5512 supplendum;
1440 5460 1542 5499 nec
1566 5445 1699 5499 satis
1726 5443 2108 5500 antecedenti—

521 5511 624 5584 bus
672 5523 768 5567 aut
819 5511 1183 5584 sequentibus
1237 5516 1512 5569 cohaereat
1561 5532 1574 5568 :
1635 5515 1850 5570 tametsi
1906 5515 2112 5569 habent

519 5582 685 5637 etiam
743 5582 964 5658 Chrys,
985 5585 1313 5658 iTheﬁodor,
1340 5586 1688 5658 Theophyl.,
1720 5586 2111 5658 e_tc.iCumque

519 5655 898 5726 superioribus
943 5657 1079 5711 illud
1125 5657 1365 5719 hteserit,
1404 5655 1700 5726 reﬁxitth
1741 5655 2108 5719 δουλεύοντες,

518 5705 1104 5799 qu'odreprrcsentant
1123 5725 1326 5799 quecui
1352 5705 1551 5783 omiics
1575 5705 1850 5799 editiones
1879 5728 1945 5799 (si
1973 5705 2111 5782 forte

518 5794 887 5869 Barisiensem
928 5798 1036 5850 τῶν
1087 5797 1266 5859 LXX,
1308 5813 1405 5854 seu
1453 5799 1560 5852 illis
1607 5794 1920 5869 adjunctam
1972 5799 2110 5852 Novi

517 5866 764 5925 Testam.
788 5868 858 5922 ad
887 5870 1169 5941 exemplar
1196 5870 1505 5924 Rontanum
1531 5866 1848 5940 expressam
1878 5885 2111 5936 excepe-

2213 4663 2362 4734 quod
2385 4662 2530 4735 κατὰ
2554 4665 2848 4735 πρόχειρον
2871 4662 3345 4735 accommodatius
3369 4662 3536 4735 nobis
3559 4665 3804 4735 videtur:

2213 4733 2494 4806 quomodo
2532 4733 2699 4789 etiam
2741 4733 3077 4806 Hieronymo
3114 4733 3695 4806 smpiusobrepsisse
3719 4733 3806 4806 ob-

2212 4803 2398 4860 servat
2427 4805 2586 4860 Joan.
2617 4806 2886 4872 Morinos,
2917 4803 2972 4858 in
3010 4805 3258 4876 Eixcrcit.
3295 4803 3550 4876 biblicis;
3587 4803 3804 4876 potiorio

2212 4892 2321 4946 que
2353 4877 2566 4931 ratione
2596 4877 2747 4940 aliis,
2776 4891 3014 4946 quorum
3050 4875 3106 4928 in
3140 4875 3346 4946 divjnis
3379 4892 3488 4929 non
3527 4874 3682 4930 tanta
3715 4874 3806 4929 fuit

2211 4945 2492 5018 ᾁκρίϐεια.
2522 4946 2773 5018 Hineque
2797 4945 2910 5011 est,
2939 4955 3002 5002 ut
3031 4945 3171 5000 nihil
3205 4945 3478 5001 afﬁrmare
3516 4949 3718 5008 ausim,
3749 4960 3805 4998 ac

2211 5016 2391 5072 donec
2432 5016 2730 5073 occurrant
2769 5018 3008 5072 certiora
3056 5027 3446 5082 monumenta,
3485 5018 3802 5073 mutandum

2212 5088 2570 5144 contendere.
2607 5088 2755 5143 Satis
2798 5087 2904 5142 fuit
2947 5088 3113 5142 aliam
3164 5089 3286 5158 ejus
3329 5088 3434 5143 loci
3481 5089 3799 5146 lectionem,

2211 5173 2336 5228 qua:
2370 5159 2509 5214 tanti
2537 5159 2816 5224 videatur,
2845 5159 3083 5214 Maximo
3112 5168 3341 5214 auctore
3370 5169 3663 5230 utcunque
3691 5159 3801 5212 vin—

2210 5231 2398 5285 dicare
2426 5246 2492 5285 ac
2516 5230 2821 5285 declarare.

2285 5300 2358 5372 (ο)
2405 5302 2503 5354 Ἐν
2537 5297 2625 5367 οἷς
2666 5298 2940 5370 χρονίζει.
2972 5300 3257 5356 Sententia
3288 5310 3395 5366 est,
3432 5317 3602 5372 quam
3651 5298 3800 5372 etvi-

2212 5371 2411 5452 deatur
2438 5372 2508 5452 ab
2530 5381 2760 5427 auctore
2794 5373 3073 5452 superiori
3111 5381 3400 5427 mutuatus
3429 5371 3592 5442 {qua
3638 5371 3800 5452 signi-

2213 5444 2412 5498 ficatur
2443 5443 2796 5513 plaeerequa:
2822 5443 3010 5497 molita
3030 5453 3350 5512 suntexque
3375 5442 3794 5513 consuetudine,

2214 5515 2298 5568 vel
2331 5514 2376 5567 si
2411 5512 2550 5568 alias
2573 5514 2875 5584 injucunda
2911 5515 3044 5570 sint.
3079 5514 3358 5569 Describit
3394 5514 3565 5568 Marc.
3595 5513 3672 5566 De
3717 5512 3799 5581 ju-

2213 5586 2360 5640 stitia
2395 5599 2460 5637 ea:
2491 5601 2636 5655 oper.
2662 5600 2712 5638 c.
2740 5585 2830 5649 68,
2863 5585 3065 5640 durum
3097 5586 3304 5641 mentis
3338 5597 3650 5645 certamen,
3683 5593 3794 5655 cum

2213 5657 2282 5710 ab
2311 5652 2579 5724 occupata
2601 5656 2732 5708 olim
2759 5655 3178 5720 informatione,
3203 5657 3313 5709 ἀπὸ
3343 5656 3570 5726 χρονίας
3599 5652 3793 5726 προλή-

2211 5727 2359 5795 ψεως
2389 5722 2711 5780 avelleudus
2733 5737 2820 5782 est
2851 5727 3091 5789 animus,
3121 5726 3279 5796 quasi
3321 5722 3655 5781 tortoribus
3676 5722 3792 5777 hinc

2215 5797 2344 5870 inde
2380 5812 2475 5850 cor
2502 5797 2980 5853 distrahentibus:
3012 5798 3105 5853 ubi
3125 5797 3326 5869 frigide
3361 5796 3572 5870 Obsop.
3609 5803 3792 5864 tempo-

2217 5867 2321 5922 rali
2341 5870 2708 5937 occupatione.

3175 6425 3216 6430 __
3297 6424 3318 6428 _
3413 6423 3422 6428 η
3484 6420 3521 6425 ί-
3591 6419 3628 6428 ἠ
3660 6415 3718 6426 "-
