4060 6414
420 275 552 342 1421

1589 273 1762 333 ALIA
1804 270 1905 330 EX
1942 267 2180 328 \'.\TIC.
2225 268 2514 328 C.\PIT.\.

3565 269 3700 334 “‘29.

416 395 670 464 ἔχουσαν,
703 391 776 457 ὡς
809 392 1020 447 παιδίον
1063 391 1123 445 τὸ
1164 391 1254 461 ὑφ’
1306 391 1503 462 ἡδονῆς
1548 383 1893 454 ἐναφυπνοῦν
1949 384 2005 434 ἐν

2129 395 2194 434 er
2219 389 2535 451 comparata
2564 380 2655 446 sit,
2689 381 2840 437 velut
2870 380 3050 438 infans
3079 383 3133 437 in
3159 383 3278 455 ejus
3308 383 3521 455 placide
3557 384 3702 439 ulnis

424 490 544 550 ταῖς
575 487 843 554 ἀγκάλαις
870 487 1060 556 αὐτῆς.

497 579 569 646 ιμ’.
621 577 799 642 Ἐκεῖ,
830 578 1016 650 φησὶν,
1058 579 1116 630 ἐν
1157 580 1221 647 τῇ
1274 575 1526 646 πενθίμῳ
1581 571 1823 643 δηλονότι
1880 571 2010 640 εύνῇ

417 670 516 738 τῆς
546 670 804 740 ἐναρέτου
847 669 1014 740 ζωῆς,
1040 667 1182 721 κατὰ
1211 669 1310 736 τὴν
1339 669 1395 719 ἐν
1425 666 1503 737 τῷ
1542 665 1784 737 ’ᾼσματι
1817 665 2009 733 φήσειε

417 762 636 833 νύμφην
667 763 760 815 καὶ
791 765 824 832 ἡ
852 761 984 832 εὐχὴ
1021 761 1156 830 πρὸς
1186 760 1277 812 τὸν
1305 760 1508 830 ἑαυτῆς
1554 758 1814 828 ἐραστὴν,
1837 756 2011 809 δώσω

416 855 557 920 τοὺς
574 855 847 925 μαστούς
867 872 986 923 μου
1010 854 1131 915 σοὶ,
1164 854 1212 906 εί
1242 853 1438 916 ὑλικῶς
1467 869 1556 920 μοι
1590 850 1865 922 διατεθῇς.

490 950 598 1013 ha’.
625 945 815 998 Φιλίαν
846 944 984 1017 πρὸς
1014 944 1111 1014 τὴν
1140 943 1306 1014 εὐχὴν
1335 944 1395 996 ού
1423 942 1647 996 δύναται
1678 939 2009 1014 κτήσασθαι,

417 1037 444 1089 ὁ
486 1037 561 1106 μὴ
606 1037 790 1090 πᾶσαν
825 1037 960 1106 ὓλην
995 1037 1480 1107 ἀπαρνησὰμενος,
1511 1035 1652 1103 πλὴν
1679 1033 1886 1104 τροφῆς
1917 1032 2012 1085 καὶ

421 1129 653 1198 σκέπης.
692 1129 838 1193 Ἕξω
866 1128 976 1181 τῶν
1003 1128 1180 1182 ἄλλων
1224 1126 1386 1196 γενοῦ
1441 1127 1499 1179 ἐν
1550 1126 1714 1196 εὐχῇ,
1763 1127 1792 1176 6
1842 1123 2013 1176 θέλων

421 1222 562 1290 μετὰ
595 1219 760 1289 μόνου
793 1218 1052 1286 γενέσθαι
1073 1217 1168 1271 τοῦ
1195 1217 1309 1271 νοῦ.

491 1311 598 1381 [ιβ’.
632 1311 738 1364 Τοῦ
802 1311 1086 1380 θεοφιλοῦς
1150 1310 1487 1382 μαρτύριον.
1544 1311 1678 1381 εὐχὴ
1734 1309 2012 1380 μονολόγι-

421 1421 546 1467 στος
723 1404 880 1472 λόγος
911 1404 968 1457 δὲ
998 1405 1233 1474 καίριος,
1265 1403 1539 1474 ἔμφρονος
1565 1401 1834 1471 λογισμοῦ
1873 1419 1886 1433 ·
1923 1418 2012 1472 μοι

421 1496 627 1566 νοειδὴς
657 1497 714 1549 δὲ
736 1495 945 1565 γεῦσις,
975 1497 1076 1566 τῆς
1108 1495 1405 1566 ἐλευθέρας
1430 1496 1517 1566 εἴη
1549 1496 1877 1566 αἰσθήσεως.
1927 1496 2014 1548 Ἐν

422 1591 634 1653 τούτοις
662 1587 756 1643 οὖν
795 1593 910 1653 τοῖς
966 1589 1170 1661 τρισὶν,
1225 1589 1504 1660 ἐρρῶσθαι
1557 1589 1627 1643 τὰ
1678 1590 1778 1660 τῆς
1837 1589 2014 1658 ψυχῆς

420 1682 659 1751 λέγεται.

493 1781 603 1847 ιιγι.
649 1777 978 1847 Λειανοῆναι
1009 1777 1091 1831 δεῖ
1126 1775 1308 1841 καλῶς
1343 1777 1436 1830 καὶ
1468 1774 1870 1846 ἅπαλυνθῆναι,
1901 1774 2011 1826 ὤσ-

423 1889 529 1941 περ
574 1871 681 1924 τῶν
719 1871 946 1934 παίδων,
987 1871 1087 1940 τὴν
1132 1869 1295 1938 φύσιν
1345 1869 1438 1922 τοῦ
1475 1869 1795 1940 εὐχομένου,
1843 1868 1918 1931 ὡς
1950 1868 2013 1921 ἂν

423 1964 566 2018 κατὰ
611 1962 710 2034 τὴν
745 1963 994 2023 ἐκείνων,
1049 1962 1316 2025 εὖείκτως
1370 1962 1591 2040 δέξηται
1651 1962 1751 2032 τὴν
1797 1962 1860 2013 ἐκ
1915 1963 2015 2031 τῆς

423 2056 588 2126 εὐχῆς
637 2056 1038 2125 ἐνταττομένην
1096 2055 1422 2120 ἅνάπτυξινο
1476 2055 1566 2107 Διδ
1626 2055 1701 2124 μὴ
1738 2055 1952 2125 ἀμέλειν
1988 2057 2015 2107 ὁ

426 2148 770 2219 συναφθῆναι
804 2147 978 2221 ταύτῃ
1015 2147 1207 2218 φιλῶν.

496 2233 597 2308 ιιδν.
631 2242 705 2294 Οὑ
739 2241 941 2305 πάντες
968 2240 1060 2294 τὸν
1085 2241 1251 2294 αὐτὸν
1285 2240 1486 2294 σκοπὸν
1521 2241 1577 2293 ἐν
1612 2241 1743 2312 εύχῇ
1771 2240 2005 2310 κέκτην-

420 2348 512 2387 ται
538 2348 551 2361 ·
590 2331 751 2395 ἄλλος
781 2332 882 2403 μὲν
913 2333 1095 2398 ἄλλον,
1127 2333 1224 2385 καὶ
1253 2332 1412 2394 ἄλλος
1448 2331 1506 2384 δὲ
1537 2331 1750 2401 ἕτερον.
1808 2332 1867 2384 ὐ
1912 2333 2012 2402 μὲν

421 2425 534 2496 γὰρ
561 2423 804 2494 εῦχεται,
829 2427 878 2477 εί
909 2422 1021 2478 οἷόν
1049 2442 1129 2489 τε,
1165 2424 1304 2495 μετὰ
1357 2424 1458 2492 τῆς
1515 2423 1679 2493 εὐχῆς
1727 2419 1868 2476 εἶναι
1913 2423 2014 2490 τὴν

422 2517 654 2587 καρδίαν
693 2516 862 2570 αὐτοῦ
907 2517 1163 2580 πάντοτε,
1197 2516 1294 2568 καὶ
1330 2515 1468 2586 πρὸς
1504 2515 1563 2567 τὸ
1599 2513 2014 2584 ύπεραναϐἦναι

421 2609 598 2678 αὐτῆς
620 2626 632 2639 ·
661 2611 689 2663 6
719 2609 776 2661 δὲ
805 2609 894 2662 ἵνα
918 2609 994 2680 μὴ
1021 2609 1299 2678 λογισμοῖς
1328 2609 1383 2660 ἐν
1415 2607 1553 2676 αὐτῇ
1589 2605 2012 2675 περικόπτηται.

423 2699 631 2761 Πάντες
665 2697 722 2750 δὲ
767 2695 1042 2767 εὔχονται,
1081 2695 1112 2762 ἢ
1148 2695 1553 2766 συντηρηθῆναι
1591 2697 1649 2746 ἐν
1684 2694 1933 2763 ἀγαθοῖς,
1979 2695 2011 2763 ἢ

425 2787 502 2858 μὴ
533 2787 952 2858 συναπαχθῆναι
979 2787 1190 2848 κακοῖς.

496 2877 597 2944 ιβ’.
642 2877 702 2928 Εἰ
748 2878 808 2943 ἐξ
849 2877 1034 2947 εὐχῆς,
1073 2875 1249 2939 οὐδεὶς
1291 2875 1693 2936 ἀταπείνωτος·
1733 2873 2017 2946 συντρίϐε-

422 2986 514 3022 ται
547 2969 656 3040 γὰρ
693 2971 720 3022 6
748 2969 806 3020 ὲν
835 2967 1168 3020 ταπεινώσει
1193 2968 1489 3037 εὐχόμενος
1511 2983 1524 2996 ·
1558 2968 1659 3019 οὐκ
1684 2966 1792 3038 ἄρα
1828 2968 1886 3019 ὲν
1917 2984 2015 3021 τα-

421 3060 684 3114 πεινώσει
720 3059 1106 3129 προσεύχεται,
1132 3061 1159 3112 6
1199 3059 1399 3123 ἔξωθεν
1445 3058 1872 3132 θρασυνόμενος.

496 3159 611 3220 ιιςθ.
666 3154 809 3222 Πρὸς
857 3153 957 3222 τὴν
1017 3154 1215 3223 χήραν,
1270 3150 1368 3222 τὴν
1425 3153 1560 3222 πρὸς
1603 3150 1696 3202 τὸν
1736 3149 1887 3219 ὠμὸν
1920 3151 2018 3222 τὴν

418 3248 579 3318 δίκην
641 3247 901 3300 κινοῦσαν
951 3245 1166 3316 κριτὴν,
1232 3243 1453 3315 ἀφορῶν
1497 3247 1524 3298 ὁ
1567 3245 1884 3316 εὐχόμενος,
1919 3248 2021 3300 οὐκ

421 3337 731 3408 ἐκκακίσῃς
784 3336 874 3389 διὰ
952 3338 1052 3407 τὴν
1111 3335 1422 3406 βραδυτῆτα
1478 3335 1586 3389 τῶν
1638 3337 1860 3405 ἀγαθῶν
1920 3339 2019 3408 τῆς

420 3429 611 3500 εὐχῆςο
1298 3488 1304 3496 .

497 3522 605 3588 ιιζν.
639 3523 716 3575 Οὐ
749 3522 1069 3593 παραμείνῃ
1099 3539 1181 3574 σοι
1210 3522 1366 3592 εύχὴ,
1394 3519 1470 3591 τῷ
1505 3520 1644 3590 πρὸς
1670 3520 1739 3573 τὰ
1767 3519 2016 3588 συλλογι-

422 3612 630 3681 ζόμενα
647 3612 868 3677 ἔσωθεν,
904 3613 995 3665 καὶ
1013 3611 1349 3682 ὁμιλούμενα
1375 3610 1574 3675 ἔξωθεν
1597 3610 2014 3682 ἐμϐραδύνοντι·

423 3706 460 3775 ἡ
512 3703 651 3776 αὐτὴ
707 3705 763 3756 δὲ
803 3703 1104 3774 ὀφθήσεται
1153 3702 1593 3773 ὑποστρέφουσα,
1634 3701 1713 3772 τῷ
1752 3702 1817 3755 δι’
1845 3704 2019 3773 αὐτὴν

424 3797 855 3870 ὑποτεμνομένῳ
885 3796 954 3850 τὰ
982 3796 1230 3850 πλείονα.

497 3894 606 3961 ιιηῆ
633 3891 727 3954 Εἰς
751 3889 985 3958 λαγόνας
1023 3888 1202 3959 ψυχῆς
1235 3889 1282 3941 εἰ
1329 3887 1404 3960 μὴ
1453 3887 1759 3942 εἰσδύνουσι
1803 3887 1874 3942 τὰ
1925 3890 2020 3961 ῥή-

428 3999 578 4053 ματα
618 3983 716 4053 τῆς
751 3983 940 4053 εὐχῆς,
973 3983 1074 4035 οὐκ
1114 3982 1180 4035 ἂν
1210 3984 1291 4045 εἰς
1315 3983 1414 4045 τὰς
1442 3980 1538 4036 τοῦ
1567 3981 1866 4054 προσώπου
1901 3999 2020 4036 σια-

423 4076 592 4145 γόνας
642 4074 711 4128 τὰ
763 4074 972 4146 δάκρυα
1005 4073 1437 4144 περικλυσθῆναι
1473 4073 2014 4145 συγχωρηθήσονται.

500 4170 605 4236 ιιοθ.
680 4167 1059 4220 Ἀνατέλλουσι
1114 4167 1348 4238 γεωργῷ
1395 4168 1494 4238 μὲν
1553 4168 1623 4220 τὰ
1667 4167 1904 4239 δάκρυα,
1944 4167 2019 4240 μὴ

426 4261 550 4316 κατ’
583 4261 708 4331 ὄψιν
739 4261 846 4313 τῶν
877 4261 1226 4330 σπερμάτων
1268 4260 1538 4330 ῥιφέντων
1581 4261 1680 4332 τῆς
1723 4261 1868 4331 γῆς·
1923 4278 2020 4332 μο-

421 4354 579 4425 ναχῷ
634 4354 691 4406 δὲ
759 4353 828 4406 τὰ
886 4353 1098 4424 δάκρυα
1153 4353 1573 4419 ἀναδλύζουσιν,
1631 4354 1732 4408 οὐκ
1784 4355 2019 4428 ἀπονητὶ

427 4447 818 4520 μετερχομένῳ
844 4447 914 4499 τὰ
950 4449 1170 4519 ῥήματα
1194 4447 1295 4516 τῆς
1329 4447 1518 4516 εὐχῆς.

503 4547 571 4612 ρ’.
624 4542 787 4603 Κλεὶς
830 4541 1076 4610 οὐρανῶν
1111 4539 1391 4611 βασιλείας
1424 4542 1580 4614 εὐχή.
1608 4542 1828 4615 Ταύτην
1856 4544 1886 4597 6
1918 4561 2018 4599 κα-

501 4695 543 4728 ⁸⁸
572 4697 730 4754 Cant.
762 4715 859 4765 vn,
896 4699 983 4753 ‘12.
1063 4698 1104 4730 ¹⁹
1139 4697 1334 4753 ITim.
1371 4714 1447 4763 vi,
1483 4697 1537 4754 8.

501 4846 578 4919 (ρ)
601 4843 773 4919 Εὑχὴ
804 4841 1265 4919 μονολόγισίζος.
1318 4838 2011 4919 IrLterpretatunHesych.

425 4909 773 4991 poiidiglov'dg,
805 4909 987 4991 exque
1013 4909 1517 4991 eo_Va_rin_.JQuod
1583 4909 2013 4991 situobscurum

422 4981 1044 5062 perobscuriusLMai-‘c.
1073 4981 1392 5062 pepjustitia
1427 4997 1491 5033 ea:
1534 4983 1735 5062 operib.
1764 4999 1836 5062 ἐξ
1863 4983 2009 5062 110,

435 5053 815 5130 μονολόγιστον
847 5053 1261 5130 ἐλπίδα-Ιιθὺςι,
1315 5066 1482 5130 quam
1508 5059 1564 5107 et
1592 5053 1780 5130 parari
1809 5053 1876 5130 ὃς
1911 5056 2016 5126 ἀρ-

422 5122 816 5199 νήσεωςᾱίοἰῑ.
847 5126 1018 5199 Ὅταν
1052 5122 1281 5199 ὑμνοῦς-
1303 5123 1557 5199 κρατήσῃ
1610 5122 1678 5175 δι’
1729 5122 2019 5199 ἀρΥήσ-εὼς

425 5191 530 5268 ’τῆν
566 5191 948 5270 μονολόγιστον
975 5193 1188 5270 ελπίδα·
1229 5191 1324 5245 ubi
1364 5192 1607 5270 primum
1661 5209 1744 5270 ex
1769 5191 2016 5270 Maximo

423 5263 648 5326 emend.
679 5269 744 5322 δι’
775 5263 1163 5336 ἁπαρνήσεως·
1189 5278 1298 5336 non
1331 5263 1478 5316 enim
1513 5277 1620 5316 vox
1659 5263 1750 5317 illa
1776 5265 2013 5335 simplex

423 5357 495 5396 eo
529 5357 693 5395 sensu
727 5334 1057 5406 usurpatur:
1104 5334 1414 5406 ἁπάρνησις
1451 5348 1607 5406 vero,
1634 5350 1818 5406 rerum
1852 5334 2014 5389 abdi-

424 5412 573 5466 catio
610 5421 715 5474 est,
770 5403 998 5477 ipsaque
1034 5405 1242 5459 nostris
1271 5403 1570 5477 abnegatio
1621 5421 1729 5473 qua
1749 5405 1844 5477 _sic
1889 5421 2017 5476 spes

429 5473 812 5550 μονολόγιστοξ
840 5473 1146 5540 obtinetur,
1200 5490 1266 5550 ac
1320 5473 1702 5550 μονολόγιστος
1746 5475 1863 5543 ipsa
1889 5473 2016 5550 gra-

428 5544 503 5606 iia
534 5544 788 5622 paratur:
821 5564 984 5622 quam
1010 5562 1201 5600 vocem
1225 5544 1459 5622 Hesych.
1495 5544 1911 5622 interpretatus:
1943 5547 2015 5601 sit

426 5614 744 5693 ὰκλόνητοςθ
781 5614 852 5693 ut
889 5621 1243 5693 irrepserunt
1286 5614 1344 5668 in
1387 5615 1508 5682 ejus
1557 5614 1799 5693 Lexicon
1848 5618 2010 5693 plura

429 5685 647 5747 menda.
683 5692 930 5758 Quadrat
954 5685 1104 5743 enim
1130 5685 1362 5756 optime,
1381 5694 1442 5758 ut
1462 5700 1589 5758 spes
1613 5685 1695 5758 sic
1733 5688 2011 5755 μονολόγι.

434 5780 553 5828 στος
580 5755 819 5829 dicatur,
851 5761 1008 5832 quasi
1050 5755 1277 5814 minime
1312 5755 1740 5817 cogitationibus
1778 5773 2004 5829 anceps,

1614 4699 1660 4732 '°
1689 4699 1826 4756 Luc.
1854 4718 2008 4770 xvm,
2035 4703 2091 4760 5.

2114 470 2544 526 indormiseens.

2183 563 2344 634 651
2379 564 2465 619 90.
2508 563 2647 630 Illic,
2687 564 2867 635 inquit
2907 564 3003 635 (in
3051 565 3269 635 lugubri
3311 564 3524 619 scilicet
3563 565 3704 618 lecto

2117 657 2240 712 vitae
2262 658 2540 721 studiosm,
2560 658 2703 712 dicat
2731 659 2911 713 oratio
2939 659 3006 711 ad
3032 674 3194 712 suum
3225 669 3530 713 amatorem
3552 659 3705 713 velut

2117 748 2326 819 Sponsa
2359 749 2412 803 in
2439 749 2711 819 Cautico),
2744 749 2878 803 dabo
2911 751 3000 803 tibi
3024 752 3184 804 ubera
3206 768 3321 804 mea
3353 750 3427 817 ”;
3457 751 3502 806 si
3528 752 3696 808 modo

2117 853 2168 896 te
2199 841 2332 896 mihi
2363 851 2540 896 totum
2577 858 2920 913 prorsusque
2949 843 3249 898 addixeris.

2186 935 2274 988 91.
2314 935 2628 989 Amicitiam
2661 950 2785 989 eum
2809 935 3063 990 oratione
3089 935 3333 991 nancisci
3363 952 3474 992 non
3499 947 3704 1008 potest,

2115 1026 2208 1096 qui
2249 1027 2496 1096 exceptis
2550 1027 2880 1082 necessariis
2930 1027 3210 1082 alimentis
3262 1038 3427 1098 atque
3478 1031 3704 1093 vestitu,

2117 1120 2359 1173 terrenis
2389 1120 2648 1175 omnibus
2674 1137 2784 1176 non
2814 1120 3294 1176 abrenuntiaverit
3319 1123 3383 1176 ’³.
3408 1123 3451 1176 Α
3479 1123 3708 1193 reliquis

2116 1213 2368 1276 excedas,
2392 1213 2486 1283 qui
2521 1214 2636 1268 sola
2667 1222 2852 1269 mente
2886 1214 2941 1267 in
2965 1213 3215 1268 oratione
3246 1214 3453 1268 versari
3478 1215 3636 1270 velis.

2187 1305 2276 1360 92.
2318 1307 2609 1377 Religiosae
2628 1307 2830 1362 mentis
2858 1315 3070 1362 certum
3098 1305 3389 1372 indicium,
3415 1323 3520 1362 una
3548 1309 3709 1364 ratio-

2118 1399 2284 1453 nibus
2317 1399 2754 1469 inconcussaque
2792 1399 3012 1454 oratio:
3047 1399 3336 1468 prudentis
3370 1416 3501 1454 vero
3540 1401 3709 1455 ratio-

2119 1490 2224 1555 nis,
2257 1499 2606 1560 opportunus
2642 1506 2868 1556 sermo;
2903 1505 3100 1544 sensus
3137 1499 3322 1543 autem
3365 1491 3549 1554 liberi,
3587 1494 3710 1548 uni-

2118 1583 2311 1637 formis
2333 1590 2546 1653 gustus.
2571 1583 2630 1636 ln
2653 1582 2739 1638 his
2763 1583 2932 1654 igitur
2961 1583 3137 1638 tribus
3166 1582 3335 1636 animi
3361 1585 3708 1642 sanctitatem

2119 1676 2423 1732 consistere
2453 1675 2665 1730 dicunt.

2191 1765 2279 1821 9'5.
2321 1763 2561 1831 Orantis,
2608 1764 2713 1820 rite
2757 1763 3063 1835 subigcnda
3098 1779 3163 1820 ac
3207 1765 3526 1830 mollienda,
3559 1769 3712 1824 velut

2115 1873 2452 1928 puerorum,
2497 1857 2711 1912 indoles
2748 1857 2858 1923 sit;
2895 1866 2956 1911 ut
2991 1856 3136 1911 sicut
3178 1857 3287 1912 illis
3333 1869 3709 1928 comparatum

2117 1961 2221 2014 est,
2278 1967 2400 2022 qua:
2467 1968 2534 2004 ex
2591 1950 2845 2005 oratione
2899 1949 3113 2004 inditur
3167 1951 3502 2020 explanatio,
3561 1954 3714 2007 nulla

2118 2043 2433 2098 resistentia
2475 2041 2750 2112 facileque
2792 2042 3116 2112 recipiatur.
3157 2039 3300 2096 Cave
3343 2041 3510 2111 igitur
3546 2043 3713 2113 negli-

2116 2149 2231 2204 gas,
2264 2135 2359 2204 qui
2392 2134 2470 2187 illi
2503 2133 2699 2188 sociari
2732 2133 2889 2188 velis.

2187 2229 2277 2284 94.
2319 2229 2440 2283 Non
2476 2241 2668 2282 omnes
2713 2226 2769 2281 in
2817 2225 3068 2281 oratione
3101 2225 3360 2280 eumdem
3407 2225 3570 2280 finem
3612 2225 3712 2279 ha-

2118 2318 2274 2385 bent,
2311 2335 2504 2374 verum
2537 2318 2680 2373 alius
2716 2317 2882 2372 alium
2920 2326 3086 2388 atque
3117 2317 3308 2372 alium.
3338 2317 3471 2371 Nam
3505 2325 3589 2371 est
3619 2318 3713 2387 qui

2119 2423 2260 2479 oret,
2295 2422 2378 2480 ut,
2413 2412 2459 2467 si
2491 2411 2608 2467 ﬁeri
2640 2419 2847 2481 potest,
2877 2411 2996 2482 ejus
3022 2426 3243 2480 semper
3270 2409 3488 2464 animus
3512 2410 3567 2463 in
3592 2425 3715 2463 ora-

2121 2507 2270 2562 tione
2304 2515 2579 2570 versetur,
2619 2505 2880 2575 illiusque
2923 2513 3098 2559 metas
3142 2504 3292 2558 velut
3337 2502 3714 2573 transgredia-

2119 2609 2238 2665 tur;
2273 2608 2326 2654 et
2366 2608 2450 2653 est
2485 2599 2581 2668 qui
2619 2605 2742 2652 oret
2774 2613 2845 2652 ne
2878 2597 2934 2650 in
2973 2612 3039 2651 ea
3083 2595 3511 2667 cogitationibus
3542 2595 3715 2649 inter-

2118 2693 2376 2762 pelletur.
2418 2691 2624 2746 Omnes
2667 2705 2800 2744 vero
2833 2697 3018 2755 orant,
3052 2697 3132 2754 ut,
3166 2696 3262 2742 aut
3303 2688 3357 2742 in
3394 2688 3555 2742 bonis
3584 2704 3717 2743 con-

2118 2793 2430 2847 serventur,
2466 2794 2652 2837 autne
2685 2783 2957 2836 malorum
2993 2796 3267 2836 consensu
3309 2780 3716 2836 subducantur.

2188 2877 2277 2931 95.
2318 2875 2457 2930 Cum
2481 2891 2548 2930 ex
2572 2875 2825 2929 oratione
2852 2889 3016 2930 nemo
3046 2888 3154 2928 non
3183 2871 3512 2927 humiliatus
3557 2883 3719 2928 exeat

2122 2969 2238 3038 (qui
2267 2968 2416 3022 enim
2450 2976 2573 3021 orat
2605 2966 2660 3021 in
2678 2966 2994 3020 humilitate
3023 2964 3377 3036 conteritur),
3412 2965 3574 3034 plane
3606 2981 3716 3020 non

2044 3083 2089 3141 ο
2122 3069 2242 3115 orat
2275 3061 2330 3114 in
2367 3060 2704 3124 humilitate,
2736 3059 2830 3130 qui
2864 3059 3112 3114 exterius
3141 3057 3450 3113 insolescit.

2192 3154 2280 3210 96.
2322 3153 2428 3221 Qui
2459 3154 2524 3209 ad
2558 3153 2780 3208 viduam
2817 3153 2969 3209 litem
3002 3162 3432 3223 prosequentem
3459 3152 3602 3223 apud
3628 3166 3721 3206 sa).

2121 3263 2250 3302 vum
2293 3247 2541 3318 judicem
2565 3248 2631 3313 ²⁰,
2663 3262 2826 3302 orans
2866 3254 2946 3311 tu,
2991 3246 3238 3300 animum
3282 3245 3543 3311 attendis,
3586 3259 3720 3299 cave

2122 3341 2466 3409 despondeas
2517 3340 2784 3406 animum,
2849 3338 3065 3393 tametsi
3123 3337 3395 3392 bonorum
3449 3337 3720 3392 orationis

2103 3431 2338 3486 .tardius
2367 3445 2596 3500 compos
2635 3429 2755 3484 ﬁas.

2191 3523 2280 3578 97.
2323 3522 2482 3576 Haud
2517 3521 2616 3575 tibi
2646 3520 2868 3576 assidua
2898 3519 3086 3574 futura
3116 3518 3318 3577 oratio,
3348 3516 3441 3586 qui
3481 3517 3719 3570 interius

2122 3616 2575 3688 cogitationibus,
2602 3614 2958 3684 exteriusque
2992 3611 3426 3668 fabulationihus
3453 3610 3716 3663 immore-

2120 3707 2197 3762 ris
2225 3725 2236 3760 :
2268 3707 2458 3763 eadem
2492 3716 2678 3762 autem
2709 3706 2892 3762 redire
2915 3703 3316 3775 conspicietur,
3350 3702 3395 3756 si
3425 3701 3571 3756 illius
3597 3709 3714 3755 stu-

2120 3801 2214 3856 dio
2247 3802 2512 3872 pleraque
2551 3799 2914 3854 resccaveris.
3252 3784 3254 3786 ’

2190 3895 2280 3951 98.
2314 3895 2432 3950 Nisi
2467 3897 2523 3950 in
2554 3893 2725 3948 animi
2757 3893 2940 3948 sinum
2979 3891 3247 3946 orationis
3288 3888 3455 3944 verba
3490 3888 3718 3942 immea-

2119 3987 2322 4052 verint,
2354 3987 2507 4058 largo
2535 3986 2766 4041 ﬂumine
2799 3985 3031 4056 irrigare
3065 3983 3225 4039 faciei
3259 3998 3430 4054 genas
3461 3981 3718 4054 lacrymis

2120 4095 2232 4135 non
2257 4079 2468 4134 licebit.
3474 4075 3478 4082 ’

2116 4222 2120 4227 .
2189 4173 2279 4228 99.
2321 4171 2669 4228 Oboriuntur
2706 4169 2962 4241 agricolae
2994 4168 3270 4238 lacrymae,
3314 4166 3446 4221 dum
3496 4180 3607 4220 non
3661 4167 3716 4221 in

2119 4269 2297 4324 oculis
2325 4267 2569 4338 projecta
2610 4271 2773 4320 terra:
2813 4262 3024 4318 semina
3053 4259 3240 4327 videt;
3273 4258 3544 4313 monacho
3585 4274 3719 4313 vero

2118 4361 2451 4425 scaturiunt,
2500 4358 2635 4413 dum
2680 4373 2792 4413 non
2830 4356 2951 4412 sine
2988 4354 3180 4409 labore
3227 4351 3497 4407 orationis
3546 4352 3718 4406 verba

2053 4436 2099 4493 θ
2127 4453 2425 4525 percurrit.

2200 4544 2320 4600 100.
2363 4542 2539 4616 Regni
2599 4540 2868 4597 calorum
2921 4534 3111 4600 clavis,
3169 4535 3370 4589 oratio.
3426 4532 3721 4603 Hanc.qui

2127 4844 2223 4900 sed
2277 4844 2397 4914 ipsa
2441 4840 2610 4914 unius
2653 4838 2886 4914 rationis
2933 4839 3359 4914 e_t__in_turl_)ata;
3399 4839 3717 4914 eodemque

2123 4908 2526 4970 modo'oratio.
2560 4910 2681 4965 Non
2712 4911 2861 4980 quod
2886 4909 3132 4964 reddidit
3156 4908 3366 4981 Obsop.
3398 4909 3566 4966 Marci
3593 4908 3717 4966 loco

2121 4988 2311 5048 citato,
2331 4999 2479 5054 spem
2508 4982 2671 5054 unice
2689 4981 3156 5054 considerandam.
3213 4982 3444 5054 lterum,
3497 4997 3546 5037 c.
3588 4983 3716 5045 102,

2121 5059 2149 5111 6
2215 5052 2596 5124 μονολόγιστον
2626 5052 2871 5124 ἐξανύων
2903 5052 3089 5124 εὐχήν,
3118 5052 3262 5124 intra
3299 5053 3553 5107 velamen
3587 5069 3715 5124 ver-

2122 5122 2230 5182 sari
2263 5125 2499 5181 Maximo
2529 5122 2756 5186 dicitur,
2782 5123 3126 5192 opponitque
3149 5122 3229 5191 τῷ
3264 5124 3321 5194 ἐν
3351 5123 3491 5192 αὐτῇ
3519 5123 3718 5194 ῥεμϐο-

2125 5199 2292 5268 μένῳ,
2321 5196 2417 5268 gui
2470 5209 2606 5263 vaga
2635 5201 2810 5246 mente
2859 5195 2915 5246 in
2951 5209 3013 5245 ea
3035 5194 3125 5268 sit,
3171 5193 3525 5268 segniusque
3569 5203 3712 5268 oret,

2123 5262 2228 5321 nec
2245 5262 2441 5322 sobria
2477 5262 2559 5335 iac
2603 5272 2815 5335 attenta
2843 5264 3212 5335 menteaNam
3243 5262 3302 5318 et
3337 5262 3625 5335 Chrysost.
3660 5265 3715 5316 in

2125 5337 2302 5408 Epist.
2348 5337 2420 5390 ad
2446 5333 3166 5408 Colossx'rqiyp'qyopoﬁvrt
3206 5333 3578 5408 καὶ-νήφοντι
3618 5349 3716 5408 op-

2124 5405 2280 5476 ponit
2308 5425 2320 5459 :
2367 5407 2458 5461 cui
2491 5405 2727 5474 proinde
2760 5405 2907 5476 idem
2932 5413 3017 5459 est
3047 5421 3112 5459 ac
3135 5405 3399 5476 ἀκηδιῶνή
3422 5407 3510 5474 qui
3537 5407 3716 5476 segnis

2129 5475 2443 5548 tepidusque
2478 5486 2554 5548 est
2573 5495 2591 5530 :
2613 5491 2723 5546 quo
2752 5475 2867 5530 fere
2885 5477 3244 5548 sensu_etiam
3275 5475 3550 5548 μετέωρον
3568 5475 3714 5548 haud

2128 5545 2253 5602 raro
2283 5545 2475 5602 Patres
2499 5545 2694 5602 dicunt
2723 5565 2736 5599 :
2770 5546 2921 5618 quod
2952 5556 3012 5600 et
3034 5545 3269 5618 Hesych.
3296 5545 3497 5618 κοῦφον
3533 5546 3716 5618 reddit

2122 5628 2181 5674 et
2210 5618 2415 5672 ἐννεὸνο
2448 5618 2636 5682 levem,
2668 5617 2923 5682 stultum;
2948 5616 3202 5687 suspensi
3235 5616 3449 5671 scilicet
3474 5617 3716 5688 vagique

2121 5705 2184 5745 ac
2221 5690 2495 5746 instabilis
2521 5689 2712 5743 animi.
