4060 6440
422 358 558 424 H23

1592 341 1653 401 S.
1694 337 1986 401 MAXIMI
2025 336 2540 399 CONFESSORIS

3559 332 3678 399 1424

418 478 571 528 tenet
616 482 718 540 pro
755 479 826 521 eo
858 478 928 519 ac
961 459 1143 525 decet,
1188 458 1330 513 bona
1367 453 1490 526 eius
1531 451 1724 509 amicis
1766 449 2008 522 reposita

2113 457 2281 528 τέχων
2298 451 2374 517 ὡς
2410 452 2513 519 δεῖ,
2544 453 2648 524 ὁρᾷ
2699 450 2768 505 τὰ
2805 451 3146 523 ἀποκείμενα
3169 449 3352 519 ἀγαθὰ
3374 449 3486 512 τοῖς
3520 448 3679 518 φίλοις

415 564 586 620 videt.
632 559 821 616 Solum
868 565 1057 615 autem
1101 550 1398 625 praesentia
1434 545 1772 612 considerat,
1805 543 1901 616 qui
1947 543 2004 597 in

417 659 509 714 illa
540 653 800 711 ﬁduciam
829 665 942 709 non
971 646 1161 704 habet.

380 772 393 840 ρ
485 750 651 840 6572
691 746 812 840 101ἶ
848 744 973 802 Νοιι
1026 746 1215 840 potest
1264 751 1424 840 mens
1470 734 1662 837 dicere.
1702 730 1790 840 ad.
1827 730 2003 785 Deum

414 818 539 896 cum
556 818 772 892 Vﬁducia
800 834 946 890 inter
978 830 1250 889 orandum
1278 847 1291 882 :
1328 824 1589 896 Dirupisti
1613 818 1825 877 vincula
1847 834 2003 884 mea;

416 934 506 989 tibi
536 928 847 1000 sacriﬁcabo
880 926 1107 985 hostium
1139 921 1314 979 laudis
1340 920 1409 986 ²¹,
1441 915 1548 972 nisi
1586 912 1812 971 virtutis
1855 911 2005 967 desi-

415 1024 573 1081 derio
624 1022 696 1081 ab
747 1018 965 1092 ignavia
1006 1025 1063 1073 et
1107 1013 1364 1086 segnitie,
1412 1004 1891 1077 somnolentiaque
1941 1017 2007 1059 ac

415 1115 711 1189 gulositate
738 1108 1024 1181 abruperit
1051 1105 1320 1163 animum.

485 1293 611 1348 102.
652 1290 822 1346 Extra
868 1285 1111 1358 primum
1158 1279 1408 1335 velamen
1458 1276 1517 1331 in
1566 1271 1825 1329 oratione
1873 1275 2003 1330 stat,

414 1388 509 1458 qui
548 1391 734 1441 mente
759 1381 1058 1437 distractus
1093 1382 1178 1433 est
1209 1390 1224 1428 :
1254 1372 1406 1429 intra
1432 1372 1710 1440 penetrat,
1746 1360 1841 1433 qui
1878 1359 2006 1415 unis

415 1453 847 1551 cogitationibus
871 1471 1081 1544 (mente
1109 1464 1325 1523 scilicet
1353 1476 1465 1517 non
1487 1456 1647 1531 vaga)
1672 1464 1814 1511 orat.
1842 1453 2007 1509 Solus

415 1548 600 1629 autem
624 1569 680 1624 in
702 1567 905 1622 Sancta
931 1571 1248 1618 sanctorum
1279 1555 1572 1624 inspectat,
1597 1548 1695 1623 qui
1724 1561 1850 1602 cum
1869 1559 2007 1616 pace

415 1659 753 1718 naturalium
800 1653 1102 1717 rationum,
1155 1663 1221 1704 ea
1267 1644 1435 1702 etiam
1485 1639 1825 1704 considerat,
1883 1649 2008 1706 quae

409 1755 561 1811 circa
592 1749 897 1809 essentiam
942 1751 1075 1801 sunt
1118 1754 1341 1798 omnem
1391 1734 1598 1793 mentis
1644 1729 2005 1789 excedentem

414 1860 661 1910 sensum,
686 1858 753 1899 ac
779 1839 907 1896 inde
933 1822 1122 1894 divina
1160 1831 1397 1905 quadam
1426 1829 1551 1885 luce
1584 1825 1864 1898 dignatur.

485 1939 607 1995 105.
647 1936 695 1993 Δ
744 1930 981 1991 terrenis
1025 1928 1165 1986 forts
1196 1929 1486 1981 vacantem
1532 1919 1801 1981 animum,
1851 1913 2008 1970 velut

410 2033 631 2088 ﬂamma
671 2026 921 2100 quaedam
967 2017 1393 2082 circumvoluta,
1435 2011 1592 2086 quasi
1637 2008 1845 2066 ferrum
1892 2005 2007 2077 igni

415 2133 643 2205 prorsus
688 2097 1024 2173 succensum
1077 2108 1311 2166 reddit:
1357 2113 1554 2176 estque
1603 2101 1722 2172 ipse
1776 2097 2007 2171 quidem

414 2192 560 2270 idem
590 2210 831 2275 animus,
864 2205 960 2263 sed
996 2218 1162 2276 quem
1194 2198 1517 2270 contingere
1544 2194 1775 2250 minime
1803 2192 2004 2259 liceat;

413 2304 558 2361 sicut
604 2302 816 2359 ferrum
859 2296 974 2373 igni
1019 2294 1264 2352 candens
1308 2288 1554 2352 exterius
1600 2282 1848 2356 contingi
1894 2295 2007 2338 non

408 2403 622 2543 p03)?
651 2484 856 2541 Beatus
885 2477 983 2553 qui
1010 2477 1069 2534 in
1099 2475 1208 2533 bac
1241 2473 1356 2529 vita
1382 2472 1439 2528 in
1468 2484 1599 2528 eum
1622 2466 1847 2525 modum
1878 2479 1996 2537 spe-

415 2580 554 2636 ctari
582 2577 824 2644 meruit;
850 2573 1057 2645 quique
1079 2576 1317 2625 statuam
1344 2573 1541 2621 natura
1566 2563 1796 2625 luteam,
1820 2555 2009 2630 gratiae

414 2685 648 2728 munere
678 2669 897 2738 igneam
922 2661 1085 2718 vidit.

492 2762 615 2819 105.
651 2758 867 2824 Gravis,
892 2770 994 2812 ceu
1021 2753 1195 2809 herus
1221 2746 1471 2821 quidam,
1497 2745 1589 2802 his
1614 2745 1709 2816 qui
1736 2742 2012 2799 inducun-

420 2871 509 2917 tur
528 2872 594 2913 ac
617 2851 846 2911 novitiis
866 2846 1139 2907 incumbit
1159 2844 1249 2901 lex
1262 2842 1569 2909 orationis;
1590 2836 2010 2911 proﬁcientibus

414 2960 605 3008 autem
638 2947 792 3004 velut
828 2958 984 3001 amor
1021 2948 1110 2998 est
1147 2937 1217 2995 ad
1252 2938 1435 3000 lautas
1462 2934 1622 3008 quasi
1660 2933 1855 3005 epulas
1883 2945 2012 2986 esu-

412 3045 657 3101 rientem
689 3036 1051 3113 compellens.

487 3132 611 3192 106.
646 3132 749 3188 His
791 3129 887 3207 qui
919 3125 1096 3200 probe
1132 3123 1412 3181 actionem
1453 3119 1644 3177 colunt
1679 3115 2013 3189 quandoque

2107 543 2303 615 αὐτῆς.
2342 543 2499 599 Μόνα
2540 544 2600 598 δὲ
2644 542 2715 598 τὰ
2752 544 3001 616 παρόντα
3031 542 3385 616 περισκοπεῖ,
3416 543 3446 595 6
3474 544 3680 616 παρρη-

2108 636 2231 691 σίαν
2256 636 2315 690 ὲν
2349 636 2537 709 ἐκείνῃ
2568 635 2646 709 μὴ
2686 634 2959 707 ἐσχηκώς.

2180 732 2284 798 ραθ.
2317 726 2395 781 Οὐ
2434 725 2660 781 δύναται
2698 727 2728 781 6
2762 723 2890 793 νοῦς
2921 728 2980 783 ὲν
3009 723 3190 797 καιρῷ
3219 725 3323 795 τῆς
3355 723 3520 794 εὐχῆς
3555 725 3683 796 μετὰ

2106 818 2425 892 παρρησίας
2456 818 2639 889 λέγειν
2689 820 2829 890 πρὸς
2871 819 2963 875 τὸν
3012 818 3149 873 Θεόν
3172 833 3190 850 ο
3220 815 3541 887 Διέῥρηξας
3556 817 3682 885 τοὺς

2105 910 2370 982 δεσμούς
2380 929 2521 983 μου,
2542 911 2643 966 σοί
2659 909 2824 966 θύσω
2845 913 3068 966 θυσίαν
3084 909 3393 975 αἰνέσεως,
3413 911 3461 962 εἰ
3491 907 3563 980 μὴ
3582 909 3683 963 δει-

2105 1002 2227 1068 λίας
2271 1005 2367 1057 καὶ
2407 1002 2707 1076 ῥᾳθυμίας,
2754 1002 3092 1066 πολυυπνίας
3142 1019 3202 1055 τε
3242 1001 3338 1056 καὶ
3368 997 3686 1072 ἀδηφαγίας.

2107 1092 2168 1158 ἐξ
2213 1085 2291 1147 ὧν
2325 1093 2390 1147 τὸ
2427 1094 2670 1162 πταίειν,
2697 1091 2967 1166 ἐπιθυμίᾳ
2992 1093 3105 1147 τῶν
3135 1092 3498 1165 κρειττόνων,
3527 1092 3690 1165 ἀπορ-

2108 1185 2273 1256 ﬁeri.

2181 1274 2284 1349 ρβ’.
2323 1274 2473 1343 Ἔξω
2508 1275 2604 1331 τοῦ
2647 1273 2868 1349 πρώτου
2918 1273 3415 1345 καταπετάσματος
3460 1271 3688 1338 ἵσταται,

2105 1370 2135 1422 6
2162 1369 2219 1421 ὲν
2249 1368 2382 1441 εὐχῇ
2416 1366 2757 1443 ῥεμϐόμενος
2782 1382 2798 1400 ·
2842 1365 3059 1420 ἔνδοθεν
3101 1363 3337 1435 γίνεται,
3387 1363 3417 1416 6
3479 1362 3690 1434 μονολό·

2106 1475 2297 1529 γιστον
2336 1459 2584 1525 ἐξανύων
2633 1460 2830 1532 αὐτήν.
2870 1458 3051 1521 Μόνος
3094 1456 3153 1512 δὲ
3186 1458 3269 1521 είς
3297 1455 3369 1510 τὰ
3401 1455 3569 1523 Ἀγια
3592 1455 3693 1509 τῶν

2108 1552 2283 1622 ἁγίων
2313 1552 2658 1626 παρέκυψεν,
2685 1553 2714 1607 6
2738 1549 2882 1623 μετὰ
2914 1549 3018 1621 τῆς
3063 1550 3291 1623 εἰρήνης
3322 1547 3432 1602 τῶν
3456 1546 3693 1618 φυσικῶν

2106 1643 2386 1716 λογισμῶν
2431 1643 2531 1700 atat
2568 1644 2639 1699 τά
2669 1643 2801 1717 περὶ
2824 1643 2928 1715 τῆς
2953 1642 3137 1696 πάντα
3166 1640 3294 1695 νοῦν
3323 1629 3696 1713 ὑπερεχούσης

2110 1735 2349 1810 [οὐσίας]
2392 1736 2882 1809 διασκεπτόμενος,
2918 1734 3016 1790 καί
3035 1750 3186 1798 τινος
3214 1731 3428 1789 ἐκεῖθεν
3451 1747 3695 1802 φωτοιρα-

2036 1834 2081 1891 Β
2108 1829 2258 1895 νείας
2287 1827 2549 1896 καταξιού
2556 1844 2740 1900 μενος.

2181 1928 2284 1994 ργ’.
2343 1921 2577 1975 Ὁπόταν
2626 1919 2739 1975 ἀπὸ
2792 1918 2903 1974 τῶν
2949 1916 3156 1984 ἔξωθεν
3209 1914 3527 1989 σχολάσασα
3665 1913 3695 1984 ἡ

2104 2014 2277 2086 ψυχὴ,
2318 2014 2440 2069 τότε
2467 2006 2567 2068 οἷά
2580 2030 2668 2079 τις
2705 2010 2838 2083 φλόξ
2866 2009 3331 2083 περικυκλώσασα
3370 2007 3599 2080 ταύτην,
3628 2006 3699 2072 ὡς

2108 2104 2331 2177 σίδηρον
2384 2102 2647 2168 καθάπαξ
2701 2101 2782 2174 τῷ
2824 2101 2962 2175 πυρὶ
3006 2100 3529 2172 πεπυρακτωμένην
3574 2098 3697 2169 ὅλην

2106 2194 2424 2266 καθίστησι,
2454 2193 2552 2248 καὶ
2584 2191 2703 2246 ἔστι
2730 2190 2880 2263 ψυχὴ
2915 2189 3018 2260 μὲν
3042 2190 3077 2262 ή
3102 2188 3269 2259 αὐτὴ,
3291 2187 3479 2242 οὐκέτι
3510 2185 3571 2240 δὲ
3608 2186 3701 2241 καὶ

2108 2287 2280 2359 άπτὴ,
2317 2284 2396 2351 ῶς
2434 2285 2559 2340 οὐδὲ
2585 2285 2615 2340 6
2646 2280 3036 2358 πυρακτωθεὶς
3078 2280 3321 2352 σίδηρος,
3351 2281 3475 2344 ταῖς
3504 2276 3699 2345 ἔξωθεν

2108 2379 2377 2449 ἐπαφαῖς.
3748 2370 3757 2379 ’

2182 2467 2281 2543 ρδ’.
2336 2467 2628 2541 Μακάριος
2677 2467 2708 2521 6
2728 2467 2787 2522 ὲν
2836 2465 2918 2538 τῷ
2951 2463 3052 2536 βίῳ
3072 2461 3249 2535 τούτῳ
3271 2460 3470 2516 οὑτωσὶ
3504 2460 3702 2534 θεωρη-

2109 2559 2273 2633 θῆναι
2316 2558 2592 2629 ἀξιωθεὶς,
2647 2558 2745 2614 καὶ
2787 2557 2882 2612 τδν
2925 2554 3091 2611 αὑτὸν
3141 2552 3304 2625 φύσει
3342 2554 3575 2628 πήλινον
3620 2555 3703 2608 ἀν-

2108 2654 2359 2726 δριάντα,
2392 2652 2579 2725 χάριτι
2605 2649 2837 2724 πύρινον
2869 2647 3134 2704 κατιδών.

2184 2742 2280 2817 ρε’.
2342 2744 2468 2809 Τοῖς
2534 2743 2636 2816 μὲν
2696 2742 3076 2813 εἰσαγομένοις
3131 2736 3222 2797 οἷά
3270 2757 3359 2804 τις
3411 2737 3702 2809 δεσπότης,

2109 2840 2141 2893 6
2178 2838 2343 2909 νόμος
2378 2836 2655 2891 ἐπίκειται
2696 2835 2798 2906 τῆς
2834 2835 3005 2906 εὐχῆς
3039 2850 3054 2865 ο
3109 2836 3225 2898 τοῖς
3272 2831 3590 2905 προκόψασι
3624 2828 3701 2890 δὲ,

2112 2931 2191 2995 ὡς
2229 2929 2373 3002 ἔρως
2406 2930 2436 2984 6
2465 2927 2812 2984 συνελαύνων
2842 2927 3119 2982 πεινῶντα
3150 2925 3407 2996 καθάπερ
3438 2921 3704 2992 πολυτελῆ

2112 3017 2251 3091 πρὸς
2291 3016 2557 3073 ἑστίασιν.

2188 3118 2300 3193 pg".
2349 3111 2479 3176 Τοῖς
2517 3110 2704 3176 καλῶς
2748 3110 2848 3183 τὴν
2891 3108 3211 3184 πρακτικὴν
3258 3106 3704 3180 μετερχομένοις,

417 3225 645 3299 quidem
678 3181 861 3280 oratio
879 3262 896 3289 ,
922 3181 1085 3276 sein:
1112 3218 1292 3275 nubes
1316 3212 1660 3272 obumbrans
1680 3181 1750 3277 ’,⁸,
1787 3181 2008 3265 urentes

2113 3181 2248 3260 ποτέ
2273 3204 2372 3277 μὲν
2450 3202 2587 3276 εὐχὴ
2608 3181 2815 3275 νεφέλή
2842 3181 3100 3273 καθάπερ
3125 3197 3553 3264 ἐπισκιάζουσα,
3582 3198 3708 3260 τοὺς

417 3323 575 3375 arcet
599 3312 991 3385 cogitationes;
1023 3306 1356 3381 quandoque
1385 3318 1522 3361 vero
1550 3301 1707 3358 velut
1740 3299 2013 3370 lacryma-

412 3409 543 3463 rum
563 3415 747 3481 guttas
771 3403 886 3460 illis
907 3402 1176 3464 irrorans,
1204 3393 1479 3471 spiritalia
1504 3391 1847 3451 theoremata
1878 3403 2010 3445 sen-

414 3514 591 3573 suque
617 3494 882 3559 ostendit,

491 3587 616 3645 107.
654 3584 949 3643 Canticum
999 3581 1236 3639 citharae
1283 3576 1703 3635 condimentum
1753 3572 2008 3638 exsistat,

418 3695 588 3753 quam
620 3679 748 3751 quis
782 3674 1033 3735 exterius
1059 3673 1244 3746 pulset
1269 3687 1284 3726 :
1315 3671 1535 3727 animus
1559 3681 1694 3723 vero
1718 3664 1829 3722 nisi
1862 3663 2013 3737 adju-

421 3779 584 3829 vante
615 3770 685 3825 in
724 3768 977 3825 oratione
1019 3764 1256 3837 mystica
1301 3761 1361 3818 in
1402 3758 1605 3832 spiritu
1651 3754 2010 3820 allocutione,

423 3864 569 3921 haud
607 3861 766 3919 facile
796 3858 1094 3931 compungi
1127 3852 1440 3912 consuevit.
1471 3848 1615 3908 Illud
1655 3849 1843 3906 enim:
1872 3845 2012 3914 Quid

414 3970 654 4020 oremus,
682 3953 818 4008 sicut
840 3956 1065 4025 oportet,
1097 3944 1445 4011 nescimus",
1473 3943 1529 4000 in
1579 3955 1709 3999 eum
1765 3939 2012 4013 proclive

420 4056 676 4104 orantem
706 4042 1047 4100 intellectum
1072 4038 1249 4097 ducit.

1071 4149 1354 4224 Ejusdem.

501 4272 819 4329 Illustratur
851 4284 1019 4333 utens,
1050 4263 1310 4328 spiritalis
1343 4259 1804 4333 contemplationis

496 4328 565 4400 in
599 4341 825 4397 sublime
853 4328 1020 4404 elata,
1053 4335 1179 4392 dum
1207 4348 1473 4391 sermones
1504 4328 1631 4386 istos
1662 4328 1867 4401 legerit.

500 4456 623 4514 108.
665 4455 902 4512 Necesse
937 4460 1024 4509 est
1056 4459 1118 4507 ut
1149 4447 1415 4521 spiritalis
1438 4446 1660 4503 noverit
1684 4441 2015 4518 (γνωστικὸν

2112 3297 2453 3362 καυστικοὺς
2508 3294 2772 3368 ἀπείργει
2827 3292 2889 3360 ἐξ
2938 3291 3122 3349 αὐτῶν
3171 3288 3469 3361 λογισμούς
3505 3306 3524 3325 ο
3578 3289 3707 3343 ποτὲ

2109 3387 2171 3444 δὲ
2230 3387 2501 3458 σταγόνας
2552 3379 2643 3441 οἷα
2696 3385 2952 3458 δακρύων
3001 3382 3218 3448 τούτοις
3268 3381 3706 3453 ὲπιψεκάζουσα,

2110 3482 2357 3537 δείκνυσι
2382 3481 2455 3536 τὰ
2483 3478 2838 3552 πνευματικὰ
2866 3477 3225 3550 θεωρήματα.

2185 3574 2288 3649 ρξ’.
2348 3574 2477 3647 ᾮδὴ
2523 3574 2624 3646 μὲν
2659 3573 2880 3647 ἥδυσμα
2917 3569 3151 3642 κιθάρας
3194 3568 3294 3640 τῆς
3361 3567 3710 3639 κρουομένης

2113 3671 2219 3727 ὑπό
2244 3686 2391 3735 τινος
2419 3667 2622 3735 ἔξωθεν
2648 3666 3045 3740 εὑρεθήσεται·
3080 3661 3230 3735 ψυχὴ
3279 3660 3339 3715 δὲ
3390 3659 3470 3733 μὴ
3522 3675 3709 3730 συνερ-

2112 3762 2319 3836 χούσης
2354 3760 2493 3834 αὐτῇ
2534 3761 2594 3815 ὲν
2643 3760 2778 3831 εὐχῇ
2826 3756 2928 3828 τῆς
2980 3756 3040 3811 ὲν
3099 3755 3376 3825 πνεύματι
3438 3751 3711 3823 μυστικῆς

2114 3851 2582 3925 προσφωνήσεως,
2603 3848 3014 3910 εὐκατάνυκτος
3029 3844 3092 3899 οὐ
3123 3841 3337 3913 πέφυκε
3365 3838 3705 3896 δείκνυσθαι.

2113 3945 2190 4000 Τὸ
2230 3943 2364 4016 γὰρ,
2420 3943 2481 3997 Τί
2507 3939 2977 4012 προσευξώμεθα
3004 3936 3152 3994 καθὸ
3172 3933 3270 3990 δεῖ
3290 3937 3403 3990 οὐκ
3430 3934 3705 4004 οἴδαμεν.

2115 4041 2212 4095 καὶ
2239 4038 2310 4094 τὰ
2341 4037 2494 4109 ἑξῆς,
2527 4038 2609 4101 είς
2637 4032 2796 4098 τοῦτο
2818 4033 3005 4100 ἐνάγει
3032 4030 3124 4087 τὸν
3156 4029 3622 4103 προσευχόμενον.

2752 4146 2862 4203 Τοῦ
2883 4145 3068 4202 αὑτοῦ.

2116 4267 2428 4330 Φωτίζεται
2454 4266 2602 4333 νοῦς
2628 4262 3250 4335 τνωστικῇς-θεωριας

2113 4340 2274 4411 Πρὸς
2307 4339 2467 4409 ὕψος
2495 4330 2718 4406 ἀρθεὶς,
2747 4330 3318 4404 τοῖσδῖέπεντυχὼν
3349 4330 3583 4402 λόγοις.

2193 4461 2302 4527 ρην.
2368 4452 2692 4521 ’Δναγκαῖον
2725 4448 2926 4503 είδέναι
2975 4443 3069 4502 τὸν
3115 4444 3442 4517 γνωστικδν,
3496 4442 3631 4497 πότε
3685 4439 3712 4493 6

362 4561 371 4567 '
425 4552 665 4626 vocant)
693 4551 1045 4625 quandonam
1077 4550 1199 4622 ejus
1226 4560 1384 4604 mens
1419 4545 1479 4601 in
1511 4557 1803 4602 sensorum
1846 4540 2008 4597 animi

2122 4523 2448 4613 νούςαῦτοῦ
2490 4544 2573 4608 είς
2619 4541 2720 4613 τὴν
2766 4539 2957 4613 χώραν
3005 4538 3115 4593 τῶν
3162 4537 3455 4610 νοημάτων
3518 4532 3669 4587 ἐστίν
3694 4547 3709 4560 ·

429 4667 495 4708 ac
537 4624 951 4720 conceptuum;
995 4642 1219 4715 quando
1250 4641 1380 4698 item
1427 4640 1486 4695 in
1519 4638 1918 4712 cogitationum
1961 4644 2008 4692 et

2127 4640 2260 4695 πότε
2287 4637 2346 4692 δὲ
2375 4637 2457 4700 είς
2501 4634 2603 4707 τὴν
2641 4632 2753 4688 τῶν
2789 4631 3072 4703 λογισμῶν
3097 4646 3112 4662 ⁸
3163 4630 3259 4685 καὶ
3305 4628 3437 4683 πότε
3488 4628 3573 4691 είς
3618 4624 3712 4695 τὴν

384 4731 389 4735 ’
429 4741 729 4807 rationum,
764 4752 829 4794 ac
856 4735 1080 4807 quando
1125 4735 1184 4790 in
1227 4746 1429 4789 sensus
1469 4731 1694 4803 regione
1739 4737 2018 4785 versetur.

432 4836 612 4907 Atque
639 4832 697 4888 in
726 4831 833 4888 hac
860 4842 1105 4894 rursum,
1142 4826 1200 4881 in
1239 4825 1382 4887 iisne
1424 4836 1549 4895 quae
1580 4828 1912 4897 Opportuna,
1945 4832 2017 4873 an

433 4927 619 5000 potius
645 4939 769 4997 qua:
807 4922 1123 4993 importuna
1154 4926 1306 4984 sunt,
1345 4915 1682 4973 inveniatur.

502 5016 668 5090 653
703 5013 828 5071 109.
866 5012 1124 5076 Animus,
1165 5008 1297 5065 dum
1336 5021 1451 5063 non
1488 5006 1549 5061 in
1579 5004 1760 5061 sensis
1791 5017 1858 5058 ac
1883 5017 2019 5061 con-

434 5109 720 5183 ccptibus,
761 5104 990 5162 omnino
1034 5102 1092 5157 in
1132 5097 1567 5173 cogitationibus
1605 5103 1664 5152 et
1704 5093 2019 5150 rationibus

437 5208 716 5267 versatur,
756 5195 1113 5265 vicissimque
1141 5192 1273 5249 dum
1298 5190 1357 5249 in
1389 5187 1821 5261 cogitationibus
1844 5192 1901 5241 et
1925 5201 2015 5241 ra-

436 5293 711 5360 tionibus;
751 5306 867 5349 non
902 5289 961 5347 in
997 5284 1180 5343 sensis
1205 5283 1375 5341 animi
1406 5297 1472 5339 ac
1503 5278 1888 5351 conceptibus.
1922 5276 2017 5347 At,

436 5386 573 5441 dum
594 5384 648 5440 in
678 5395 869 5447 sensu,
892 5391 1022 5434 cum
1047 5374 1309 5431 omnibus
1334 5378 1609 5429 versatur.

2122 4730 2245 4785 κατ’
2277 4729 2554 4801 αἴσθησιν.
2587 4726 2700 4782 Καὶ
2728 4727 2789 4780 ὲν
2820 4723 2996 4797 ταύτῃ
3025 4722 3214 4789 πάλιν,
3251 4723 3301 4775 sl
3331 4721 3391 4774 ὲν
3426 4721 3546 4783 τοῖς
3573 4718 3713 4771 κατὰ

2123 4823 2338 4899 καιρὸν,
2360 4821 2396 4895 ἢ
2423 4822 2484 4876 ἐν
2517 4821 2635 4886 τοῖς
2667 4816 2820 4891 παρὰ
2850 4815 3046 4887 καιρὸν
3078 4815 3280 4889 μᾶλλον
3301 4812 3643 4886 εὑρίσκεται.

2199 4996 2301 5070 ρθ’.
2345 4996 2436 5055 Ἐν
2469 4995 2738 5066 νοήμασιν
2776 4990 2883 5047 οὐκ
2917 4988 2995 5045 ὢν
3043 4989 3073 5045 ὁ
3118 4985 3264 5053 νοῦς,
3313 4986 3371 5039 ἐν
3427 4980 3712 5051 λογισμοῖς

2124 5091 2345 5154 πάντως
2385 5085 2533 5141 ἐστίν
2565 5101 2580 5115 ·
2622 5085 2681 5139 ὲν
2708 5081 2991 5153 λογισμοῖς
3024 5079 3083 5133 δὲ
3109 5076 3208 5141 ῶν,
3238 5078 3298 5130 ὲν
3321 5074 3592 5145 νοήμασιν
3615 5070 3713 5123 οὐκ

2123 5185 2290 5240 ἐστιν.
2353 5182 2445 5235 Ἐν
2487 5179 2545 5235 δὲ
2573 5180 2639 5250 τῇ
2674 5174 2923 5248 αἰσθήσει
2949 5172 3239 5246 γενόμενος
3266 5165 3365 5241 (q),
3398 5164 3541 5240 μετὰ
3574 5163 3712 5218 πάν-

2124 5295 2233 5332 των
2265 5272 2433 5328 ἐστίν.
2852 5306 2855 5307 ν

508 5526 553 5560 ’ί
592 5524 738 5581 Psal.
770 5536 892 5589 σιν,
926 5519 1015 5574 17.
1090 5518 1137 5549 ³³
1170 5515 1343 5572 Exod.
1381 5529 1493 5581 xw,
1526 5514 1614 5568 10.
1691 5512 1739 5545 ⁸³
1768 5511 1928 5566 Rom.
1960 5527 2075 5579 vni,
2104 5510 2193 5566 26.

396 5673 421 5683 ο
511 5661 594 5735 (ιι)
630 5663 734 5735 ἐις
762 5659 831 5714 δὲ
856 5658 933 5735 τῇ
966 5657 1247 5735 «διψήσει
1302 5654 1646 5735 νενέμενος·
1704 5648 1865 5735 δυηίκ
1890 5648 2009 5704 me"

440 5720 599 5802 quasi
626 5720 989 5802 aenigmati'ca.
1010 5720 1155 5794 Quid
1182 5725 1256 5781 sit
1285 5720 1527 5802 mentem
1584 5735 1708 5802 esse
1735 5720 1791 5774 in
1816 5734 2005 5799 sensu,

438 5790 684 5869 dumque
718 5790 773 5856 in
799 5801 895 5856 illo
923 5790 1054 5865 est:
1073 5804 1132 5854 et
1169 5800 1470 5864 conceptus
1511 5791 1717 5846 habere
1750 5800 1807 5846 ct
1828 5790 2007 5845 ratio-

2118 5639 2557 5716 cinationes';_id
2583 5646 2690 5716 est,
2714 5652 2804 5716 res
2827 5633 3178 5716 simpliciter.
3199 5638 3255 5716 et
3287 5642 3412 5684 cum
3448 5625 3709 5716 discursu

2119 5692 2797 5785 in-tEil-ivg-ereiliaudsatis,
2828 5692 3012 5777 capio,
3067 5702 3185 5785 nisi
3219 5701 3323 5782 [μορ
3376 5696 3498 5785 νιιιιι
3544 5692 3711 5785 Masi-

2118 5766 2701 5854 it-iu'siiirtell'igentem
2718 5766 3006 5848 nunquam
3034 5771 3269 5838 absolvi,
3309 5782 3409 5840 pro
3461 5766 3576 5821 hoc
3608 5771 3712 5819 sta-
