4060 6472
377 468 512 545 1425

367 670 432 721 τὰ
469 667 636 739 νοητά
669 687 681 700 ·
709 669 801 722 διὰ
828 669 886 722 δὲ
923 667 1020 722 τοῦ
1057 667 1323 738 λογισμοῦ
1369 666 1506 736 πρὸς
1564 665 1632 718 τὰ
1685 665 1880 732 λογικὰ
1932 663 1962 716 ό

370 761 528 830 λόγος
562 777 576 793 ’
629 762 768 833 πρὸς
813 762 869 816 δὲ
920 761 1020 834 τὴν
1045 758 1382 832 πρακτικὴν,
1404 758 1492 811 διὰ
1521 757 1624 828 τῆς
1657 754 1962 827 φαντασίας

372 855 404 921 ἡ
433 854 712 925 αἴσθησις.

1538 465 1727 534 ,ΛΙιΙΛ
1764 463 1866 522 EX
1905 461 2146 523 VATIC.
2190 461 2480 521 CAPITA.

443 583 534 648 ρι’.
577 575 676 630 Διά
730 576 826 629 τοῦ
873 570 1143 647 νοήματος
1177 574 1276 645 μὲν
1305 575 1334 628 ὁ
1361 573 1486 636 νοῦς
1514 573 1793 643 διέρχεται
1824 571 1960 642 πρὸς
1990 579 2037 634 Α

3520 449 3656 512 1586

2141 570 2256 626 lit).
2303 571 2408 625 Per
2439 570 2609 624 animi
2651 583 2874 624 sensum
2907 576 3072 637 atque
3101 572 3432 635 conceptum
3461 563 3659 618 transit

2071 677 2230 717 mens
2271 661 2339 716 ad
2381 661 2676 732 spiritalia,
2706 670 2762 715 et
2797 675 2882 727 ea,
2914 673 3038 729 qum
3068 657 3162 712 illa
3192 656 3310 710 sola
3340 652 3661 722 intelligun-

2070 758 2164 808 tur
2197 770 2210 806 :
2239 769 2340 824 per
2373 752 2858 809 ratiocinationem
2890 764 3024 803 vero
3053 757 3110 804 et
3146 747 3484 807 discursum,
3519 741 3662 796 ratio

2070 843 2140 900 ad
2183 861 2250 901 ea
2292 861 2418 916 quae
2465 845 2760 900 rationalia
2805 843 2907 915 (sic
2945 839 3102 911 quasi
3141 837 3342 893 rationi
3388 831 3661 905 subjecta)

372 956 523 1001 sunt.
574 948 864 1004 Postremo
906 961 1105 1002 sensus
1147 945 1215 1000 ad
1259 944 1559 1010 actionem,
1608 957 1706 1014 per
1745 956 1868 997 eam
1900 939 2012 994 vim
2051 955 2175 1010 qua:
2214 939 2484 1011 imagines
2513 939 2796 1000 informat,
2828 944 2884 991 et
2927 931 3204 1005 cogitandi
3243 929 3536 985 facultates
3567 939 3664 980 vo~

373 1045 550 1091 catur.

446 1129 571 1200 ρια’.
605 1130 700 1194 Εἰς
722 1131 914 1184 ἑαυτὸν
946 1134 975 1184 ὁ
1005 1131 1131 1195 νοῦς
1188 1130 1580 1200 συναγόμενος,
1638 1129 1792 1182 οὐδὲν
1839 1125 1964 1182 οὗτε

374 1221 481 1273 τῶν
519 1223 664 1276 κατὰ
705 1223 796 1275 τὸν
830 1223 1094 1294 λογισμὸν
1149 1223 1388 1294 θεωρεῖο
1440 1223 1681 1293 γυμνοὺς
1737 1221 1794 1273 δὲ
1839 1219 1969 1284 νόας

379 1315 470 1371 καὶ
501 1313 651 1378 θείας
684 1315 881 1385 αὐγὰς,
919 1316 1223 1388 βλυζούσας
1261 1317 1488 1388 εἰρήνην
1536 1333 1597 1369 τε
1636 1314 1733 1369 καὶ
1783 1313 1964 1386 χάριν.

456 1573 580 1645 ριβν.
622 1574 786 1627 Ἀλλο
823 1578 850 1628 ὀ
881 1573 1004 1639 νοῦς
1037 1573 1133 1628 τοῦ
1175 1575 1526 1647 πράγματος,
1551 1576 1646 1629 καὶ
1671 1574 1802 1629 ἄλλο
1827 1577 1854 1628 ὁ
1887 1575 1974 1630 λό-

383 1685 480 1734 γος
527 1667 694 1721 αὑτοῦ
725 1685 737 1697 ·
776 1668 870 1722 καὶ
902 1668 1092 1740 ἕτερον
1128 1667 1192 1721 τὸ
1225 1669 1330 1721 ὑπὸ
1361 1669 1462 1740 τὴν
1491 1667 1742 1738 αἴσθησιν
1771 1667 1974 1737 ἀναγό-

2145 1125 2268 1180 ill.
2309 1123 2464 1179 Mens
2495 1123 2550 1178 in
2584 1121 2822 1193 seipsam
2856 1119 3111 1183 collecta,
3139 1113 3277 1170 nihil
3308 1125 3502 1168 eorum
3531 1125 3664 1166 con-

2073 1217 2304 1282 siderat,
2332 1232 2455 1287 quze
2483 1216 2568 1271 vel
2599 1229 2767 1269 sensu
2808 1210 3219 1284 percipiuntur,
3257 1203 3346 1260 vel
3375 1202 3668 1257 ratiocina-

2077 1309 2230 1365 tione
2276 1316 2333 1364 et
2381 1307 2635 1364 discursu
2685 1314 3029 1368 noscuntur;
3085 1299 3184 1355 sed
3231 1296 3409 1351 nudas
3455 1301 3672 1348 mentes

2076 1403 2408 1473 divinosque
2463 1384 2730 1474 fulgores,
2767 1399 2916 1470 large
2964 1411 3154 1468 pacem
3203 1389 3570 1447 scaturientes
3614 1393 3673 1439 et

2033 1542 2036 1545 .
2077 1497 2333 1569 gratiam.

2154 1591 2280 1647 112.
2324 1589 2487 1647 Aliud
2523 1599 2608 1646 est
2644 1588 2724 1645 rei
2771 1587 3110 1649 intellectus,
3152 1579 3301 1636 aliud
3338 1578 3458 1649 ejus
3494 1571 3672 1638 ratio;

2081 1686 2233 1742 aliud
2259 1685 2499 1756 denique
2523 1683 2672 1755 quod
2696 1681 2801 1736 8th
2828 1694 3052 1736 sensum
3077 1673 3381 1731 reducitur.
3403 1666 3672 1728 Primum,

390 1776 571 1830 μενον.
617 1760 726 1812 Καὶ
757 1760 817 1813 τὸ
851 1761 954 1829 μὲν
974 1760 1123 1814 ἔστιν
1149 1760 1313 1814 οὐσία
1339 1779 1352 1794 ·
1387 1760 1545 1827 τὸδὲ,
1580 1760 1930 1834 συμϐεϐηκός
1959 1776 1972 1792 ·

2102 1779 2388 1836 .ubstantia
2448 1789 2564 1846 est;
2626 1777 2896 1842 alterum,
2953 1772 3240 1834 accidens;
3294 1772 3673 1836 postremum,

384 1853 445 1904 τὸ
473 1853 552 1918 δὲ,
593 1854 626 1922 ἠ
659 1852 754 1906 τοῦ
782 1853 1150 1924 ὑποκειμένου
1181 1854 1437 1925 διαφορά.

462 1950 589 2014 ριγν.
642 1944 854 2008 Πολλὰς
893 1945 1048 2008 ὁδοὺς
1079 1945 1406 2015 ἀνατέμνων
1439 1946 1469 1998 ό
1503 1945 1650 2011 νοῦς,
1682 1946 1981 2018 ἀκόρεστος

385 2037 662 2091 δεὶκνυται
699 2056 713 2070 ’
760 2037 899 2108 πρὸς
957 2039 1088 2108 μίαν
1142 2037 1200 2091 δὲ
1254 2037 1625 2108 συναγόμενος
1662 2039 1765 2109 τῆς
1791 2039 1980 2109 εὐχῆς,

392 2129 498 2200 πρὸ
528 2130 630 2201 τῆς
669 2131 946 2194 ὲντελείας
987 2132 1498 2202 στενοχωρούμενος
1521 2132 1794 2201 φαίνεται,
1817 2131 1983 2186 λιπα-

393 2219 504 2286 ρῶν
561 2218 656 2272 τὸν
708 2219 936 2289 μέτοχον
991 2221 1064 2289 (ν)
1106 2218 1474 2289 ἀπολυθῆναι,
1511 2219 1649 2292 προς
1683 2220 1753 2274 τὰ
1781 2221 1878 2289 ἀφ’
1907 2213 1984 2275 ὧν

389 2312 728 2384 ἐξελήλυθεν.
1504 2303 1507 2307 ’

466 2404 585 2476 ριδ’.
627 2406 872 2462 Ἀνωθεν
905 2407 1147 2480 ἠγμένος
1199 2408 1230 2461 ό
1285 2405 1434 2472 νοῦς,
1465 2407 1566 2461 οὐκ
1591 2408 1985 2479 ἅναδραμεῖται

393 2494 550 2563 αὖθις
598 2501 799 2562 ἐκεῖσε,
850 2501 898 2553 εἰ
948 2499 1024 2572 μὴ
1080 2501 1296 2555 τελείαν
1325 2500 1440 2554 τῶν
1488 2501 1640 2557 κάτω
1688 2503 1986 2574 ποιήσηται

393 2591 802 2661 καταφρόνησιν
826 2591 914 2644 διὰ
945 2593 1043 2662 τῆς
1074 2590 1295 2665 περὶτὰ
1327 2593 1452 2648 θεῖα
1490 2593 1711 2665 σχολῆς.

468 2690 588 2754 ριε’.
649 2683 716 2736 Εἴ
756 2700 816 2736 τε
859 2683 936 2756 μὴ
983 2685 1083 2753 τὴν
1123 2684 1303 2756 ψυχήν
1340 2699 1436 2738 σου
1465 2685 1598 2758 δύνῃ
1630 2685 1769 2757 μετὰ
1803 2685 1983 2756 μόνων

394 2779 623 2848 ποιῆσαι
655 2775 766 2830 τῶν
798 2778 929 2848 περὶ
955 2777 1126 2848 αὐτὴν
1149 2776 1451 2849 λογισμῶν,
1483 2777 1586 2832 κᾶν
1603 2779 1665 2831 τὸ
1695 2779 1856 2850 σῶμα
1890 2795 1985 2832 σου

398 2869 656 2941 μονάξειν
682 2869 1018 2938 ἀνάγκαξον,
1043 2871 1145 2940 τὴν
1193 2871 1322 2940 περὶ
1378 2870 1510 2924 αὐτὸ
1560 2870 1857 2943 ἀθλιότητα
1897 2867 1989 2924 διὰ

395 2962 596 3025 παντὸς
614 2961 964 3032 ἐννοούμενος
994 2977 1008 2990 ⁸
1038 2961 1181 3015 οὕτω
1217 2962 1327 3033 γὰρ
1350 2961 1428 3033 τῷ
1457 2963 1634 3035 χρόνῳ
1661 2963 1802 3017 ἐλέει
1826 2963 1984 3030 Θεοῦ,

395 3055 650 3129 καὶπρὸς
676 3055 739 3108 τὸ
765 3055 984 3127 πρῶτον
1034 3051 1373 3127 ἀναδραμεῖν
1413 3055 1623 3130 δυνήσῃ
1674 3057 1774 3128 τῆς
1825 3057 1989 3126 εὐγε-

393 3149 547 3214 νείας
585 3149 828 3220 ἀξίωμα.

475 3261 610 3336 ρις’.
665 3263 728 3318 Ὀ
776 3261 876 3334 μὲν
925 3261 1232 3333 πρακτικὸς
1270 3258 1604 3320 ὕποτάσσειν
1635 3261 1876 3329 εὐκόλως
1901 3265 1991 3318 δύ-

395 3375 557 3414 ναται
585 3357 676 3410 τὸν
708 3355 834 3409 νοῦν
862 3360 928 3428 τῇ
962 3359 1116 3429 εὐχῇ·
1151 3359 1179 3411 ὁ
1211 3356 1269 3410 δὲ
1300 3354 1654 3428 θεωρητικὸς,
1692 3356 1793 3428 τὴν
1825 3356 1992 3427 εὐχὴν

396 3451 476 3523 τῷ
501 3451 604 3506 νοῒ.
645 3449 706 3503 '0
749 3450 848 3521 μὲν
876 3449 986 3503 ἀπὸ
1009 3449 1118 3503 τῶν
1140 3448 1486 3518 φαινομένων
1517 3439 1822 3502 συστέλλων
1859 3466 1988 3519 03(11-

402 3545 592 3616 μάτων
636 3543 736 3612 τὴν
764 3540 1018 3611 αἴσθησιν
1040 3555 1054 3568 ·
1087 3541 1115 3593 ό
1145 3539 1201 3592 δὲ
1238 3539 1336 3611 τὴν
1365 3537 1546 3609 ψυχὴν
1578 3539 1715 3610 πρὸς
1747 3541 1873 3603 τοὺς
1902 3540 1990 3608 ἐγ-

399 3632 825 3702 κεκρυμμένους
852 3631 966 3692 τοῖς
1005 3629 1212 3699 ῥήμασι
1233 3627 1428 3695 λόγους
1453 3627 1856 3698 μεταϐιϐάζων.
1883 3631 1995 3682 Καὶ

397 3726 430 3778 ὁ
469 3723 568 3793 μὲν
597 3721 868 3792 σωμάτων
908 3719 1087 3772 πείθει
1117 3719 1308 3786 λόγους
1336 3719 1428 3772 τὸν
1456 3713 1584 3773 νοῦν
1605 3720 1807 3774 ἐννοεῖν
1833 3734 1847 3750 ·
1878 3719 1908 3771 ὁ
1936 3718 1994 3772 δὲ

399 3817 712 3885 ἀσωμάτων
736 3813 1042 3867 κατανοεῖν.
1085 3808 1388 3888 Ἀσώματοι
1409 3810 1468 3864 δέ
1494 3812 1602 3865 εισι
1631 3810 1780 3881 λόγοι
1804 3812 1995 3883 σωμά-

399 3923 536 3974 των,
571 3905 836 3976 ἰδιότητες
859 3921 920 3959 τε
949 3903 1046 3958 καὶ
1075 3903 1257 3956 οὐσίαι
1291 3901 1496 3958 αὐτῶν.

491 4185 612 4257 ριξ’.
669 4184 843 4238 Ὅταν
895 4182 989 4236 τὸν
1037 4181 1164 4238 νοῦν
1188 4198 1284 4237 σου
1315 4183 1414 4255 τῆς
1437 4181 1547 4239 τῶν
1577 4184 1873 4256 σωμάτων,
1905 4185 2002 4239 καὶ

415 4277 742 4350 βρωμάτων,
767 4274 862 4328 καὶ
893 4275 1197 4347 χρημάτων
1226 4275 1563 4345 ἡδυπαθείας
1595 4276 1998 4350 ἐλευθερώσῃς,

408 4370 535 4454 τότε
566 4370 661 4422 καὶ
691 4369 829 4437 ὅπερ
869 4365 936 4420 ἂν
977 4369 1177 4431 ποιεῖς,
1227 4366 1402 4439 δῶρον
1460 4366 1704 4438 καθαρὸν
1755 4367 1834 4439 τῷ
1880 4371 2003 4443 Θεῷ

407 4459 796 4530 λογισθήσεται
832 4473 845 4489 ο
882 4457 1296 4528 ἀντιδοθήσεται
1321 4459 1380 4513 δέ
1417 4476 1501 4512 σοι
1529 4459 1626 4513 τοῦ
1659 4459 2003 4533 διανοιγῆναι

2083 1872 2319 1944 subjecti
2356 1869 2688 1926 differentia.

2157 1939 2280 2019 iis.
2319 1963 2471 2019 Mens
2514 1963 2706 2034 plures
2741 1959 2918 2014 iniens
2959 1954 3096 2020 vias,
3126 1945 3453 2006 insatiabilis
3496 1939 3679 1997 nosci-

2084 2063 2176 2112 tur
2202 2075 2215 2111 :
2244 2056 2312 2111 ad
2343 2069 2509 2111 unam
2534 2070 2664 2110 vero
2689 2053 2941 2115 collecta,
2975 2061 3096 2118 qua:
3130 2051 3214 2099 est
3238 2037 3526 2102 orationis,
3551 2046 3678 2088 cum

2084 2145 2325 2202 necdum
2354 2153 2518 2201 nacta
2549 2151 2633 2200 est
2660 2140 3079 2214 perfectionem,
3114 2129 3391 2204 angustari
3427 2126 3678 2214 videtur;

2087 2251 2289 2312 rogans
2343 2239 2440 2311 qui
2501 2239 2576 2295 sit
2635 2213 2948 2308 particeps,
3010 2229 3078 2285 ad
3140 2242 3206 2282 ea
3269 2219 3475 2279 dimitti
3532 2213 3680 2270 unde

2085 2334 2317 2390 exierat.

2160 2423 2285 2478 1M.
2321 2423 2366 2478 E
2412 2423 2553 2478 cielo
2603 2421 2866 2476 devectus
2918 2415 3160 2482 animus,
3216 2424 3330 2467 non
3380 2421 3448 2463 eo
3492 2413 3686 2459 rursus

2087 2516 2286 2572 evadat
2326 2513 2671 2586 postliminio
2715 2525 2996 2574 reversus,
3025 2508 3133 2563 nisi
3172 2500 3421 2560 vacando
3458 2492 3683 2560 divinis,

2087 2617 2311 2664 terrena
2334 2609 2452 2664 haec
2477 2605 2847 2674 inferioraque
2875 2598 3292 2671 contempserit.

2162 2699 2286 2755 “5.
2329 2699 2424 2754 Sin
2455 2698 2639 2752 minus
2674 2695 2806 2751 licet
2844 2695 2925 2750 sic
2960 2705 3292 2764 componere
3324 2686 3593 2744 animum,
3625 2685 3689 2735 ut

2087 2807 2215 2849 eum
2245 2790 2385 2847 solis
2422 2790 2570 2846 circa
2611 2788 2794 2859 ipsum
2833 2784 3262 2859 cogitationibus
3293 2785 3568 2841 versetur,
3597 2770 3686 2827 vel

2089 2897 2292 2954 corpus
2340 2889 2498 2936 tuum
2552 2880 2862 2936 solitarium
2914 2891 3034 2934 esse
3079 2890 3233 2947 coge,
3273 2885 3394 2928 eam
3441 2881 3564 2938 quae
3607 2861 3687 2918 illi

2089 2973 2303 3048 adiacet
2345 2971 2625 3027 miseriam
2657 2969 2921 3026 continue
2955 2967 3202 3039 cogitans
3229 2983 3243 3018 :
3270 2963 3351 3019 sic
3377 2960 3525 3016 enim
3558 2970 3691 3027 pro-

2091 3047 2253 3124 cessu
2295 3065 2583 3134 temporis,
2621 3063 2690 3118 ad
2735 3063 3029 3133 pristinam
3078 3073 3298 3130 quoque
3351 3053 3543 3110 licebit
3591 3047 3690 3104 Del

2017 3155 2060 3214 G
2095 3157 2392 3216 clementia
2427 3155 2610 3211 redire
2640 3151 3000 3226 ingenuitatis
3027 3149 3426 3224 praestantiam.

2168 3273 2295 3328 “6.
2333 3271 2383 3327 Is
2435 3269 2663 3341 quidem
2722 3269 2816 3339 qui
2874 3267 3091 3322 actione
3143 3263 3486 3332 defungitur,
3534 3256 3694 3312 facile

2095 3372 2339 3421 mentem
2381 3363 2658 3434 subjicere
2708 3370 2891 3432 potest
2933 3357 3206 3423 orationi;
3247 3355 3342 3426 qui
3378 3369 3510 3409 vero
3556 3367 3690 3404 con-

2097 3455 2445 3527 templationi
2477 3455 2686 3516 studet,
2713 3453 3017 3507 orationem
3043 3449 3236 3504 menti.
3261 3447 3416 3503 Alter
3444 3443 3689 3514 quidem,

2097 3548 2480 3606 contrahendo
2515 3562 2736 3605 sensum
2769 3547 2838 3601 ab
2861 3561 3055 3601 eorum
3088 3543 3278 3615 ﬁguris
3300 3557 3422 3612 quae
3451 3540 3506 3593 in
3537 3553 3692 3608 aspe-

2097 3648 2247 3696 ctum
2281 3641 2523 3705 cadunt;
2557 3639 2697 3695 alter
2731 3653 2887 3702 vero,
2922 3637 3166 3691 animum
3193 3633 3592 3712 transferendo
3620 3627 3690 3683 ad

2098 3732 2342 3788 rationes
2375 3727 2612 3788 latentes
2642 3731 2699 3785 in
2734 3730 2938 3786 verbis.
2963 3729 3043 3784 Ae
3069 3727 3296 3800 quidem
3326 3726 3485 3789 alter,
3520 3721 3690 3777 menti

2098 3833 2295 3880 auctor
2335 3832 2420 3880 est
2461 3833 2524 3880 ut
2561 3838 2861 3895 corporum
2896 3822 3142 3878 rationes
3170 3819 3520 3884 consideret;
3554 3816 3695 3870 alter

2100 3931 2252 3980 vero,
2283 3922 2345 3971 ut
2378 3915 2835 3987 incorporearum
2869 3915 3030 3986 plene
3064 3913 3356 3984 intelligat.
3395 3910 3534 3965 Sunt
3562 3921 3694 3963 vero

2102 4007 2448 4077 incorporeas
2511 4021 2810 4078 corporum
2869 4007 3144 4072 rationes,
3203 4016 3508 4074 eorumque
3565 4013 3694 4054 cum

2101 4101 2470 4171 proprietates
2497 4108 2613 4154 tum
2639 4100 2920 4158 essentia).
3006 4125 3018 4138 ο
3130 4099 3132 4102 ’

2177 4189 2302 4244 117.
2341 4187 2480 4244 Cum
2507 4198 2748 4246 mentem
2780 4199 2930 4244 tuam
2959 4205 2992 4245 a
3020 4201 3318 4259 corporum
3350 4195 3406 4242 et
3443 4170 3695 4240 ciborum

2104 4296 2170 4336 ac
2193 4280 2557 4352 pecuniarum
2586 4282 2900 4354 voluptario
2930 4281 3129 4337 aﬂ'ectu
3155 4277 3322 4354 654
3356 4295 3421 4334 ac
3463 4274 3698 4331 libidine

2104 4373 2459 4442 liberaveris,
2525 4383 2661 4430 tunc
2704 4374 2974 4446 quidquid
3035 4373 3268 4439 feceris,
3325 4385 3529 4426 munus
3585 4368 3701 4422 Deo

2107 4467 2376 4522 mundum
2433 4467 2803 4539 reputabitur,
2850 4468 3300 4538 retribueturque
3336 4465 3434 4520 tibi
3473 4471 3534 4519 ut
3572 4477 3702 4533 ape-

411 4656 500 4718 tu,
532 4658 562 4697 a
589 4641 998 4718 phantasmate,
1029 4641 1177 4718 quod
1204 4644 1392 4718 sensui
1413 4645 1662 4718 ascribit.
1688 4646 1818 4704 Sive
1842 4646 1992 4703 enim
2026 4651 2069 4704 D
2097 4647 2622 4718 MaximusJoytxd,
2645 4663 2754 4703 non
2783 4647 2901 4717 ipsa
2934 4647 3148 4702 ratione
3176 4641 3427 4718 praedita,
3457 4640 3553 4696 sed
3577 4657 3702 4718 quae

413 4710 706 4795 ipsam—rei
748 4710 1116 4795 quidditatem
1141 4713 1605 4795 intelligat,'quod
1637 4719 1995 4795 vocatvo'npta

417 4783 499 4858 (id
550 4791 638 4838 est
688 4789 1023 4858 conceptum
1072 4783 1277 4858 mentis
1320 4783 1385 4839 ac
1431 4783 1830 4858 intellectum),
1882 4783 2000 4842 sive

413 4855 569 4928 circa
623 4852 942 4928 accidentia
971 4861 1028 4907 et
1079 4854 1450 4928 proprietates
1513 4852 1824 4924 discurrat",
1853 4858 2004 4928 quod

410 4924 680 4993 λογισμὸν
728 4922 1017 4999 indigetat,
1050 4922 1279 4999 omnino
1319 4941 1548 4999 necesse
1571 4935 1677 4999 est,
1720 4922 1806 4982 ut'
1829 4922 2007 4999 piian-

414 4993 807 5068 tasmatqnasi
841 4995 1037 5068 omnis
1061 4996 1198 5068 ejus
1220 4996 1554 5068 cognitionis
1578 4997 1778 5065 basim,
1811 4993 2008 5068 s'pecu-

415 5069 592 5128 lctur,
628 5064 683 5117 in
714 5080 824 5132 quo
849 5073 904 5118 et
925 5064 1259 5130 accidentia,
1283 5064 1339 5119 et
1359 5066 1476 5135 ipsa
1499 5069 1740 5123 essentia
1767 5064 1894 5125 illis
1919 5072 2005 5124 in-

419 5136 636 5199 voluta,
676 5135 913 5209 eluceat.
948 5135 1031 5187 Τὰ
1056 5135 1250 5209 λογικὰ
1274 5137 1422 5209 quod
1447 5148 1628 5209 vocat,
1651 5155 1717 5193 ea
1743 5156 1865 5209 qua:
1890 5141 2007 5196 dis-

416 5221 588 5284 cursu
637 5221 702 5259 ac
747 5203 962 5284 ratione
1007 5203 1309 5284 cogitante:
1343 5208 1730 5284 intelliguntur
1763 5203 2007 5284 '(passjve

416 5275 640 5330 scilicet
663 5275 871 5329 utendo
894 5275 985 5347 illa
1004 5275 1157 5347 voce)
1176 5276 1342 5346 paulo
1365 5275 1693 5334 insolentius
1713 5275 1816 5337 est.
1835 5282 2008 5338 Aﬂine

421 5355 612 5400 tamen
649 5354 754 5410 est,
806 5345 953 5416 quod
981 5345 1203 5415 λογικὴν
1257 5347 1446 5400 στάσιν
1491 5349 1686 5406 dicunt
1733 5353 2008 5416 rhetores,

415 5424 625 5470 statum
658 5415 1002 5470 rationalem.
1028 5416 1432 5484 Quintilianus,
1472 5420 1512 5474 Ι.
1569 5437 1647 5485 Ill,
1687 5437 1738 5476 c.
1763 5425 1830 5478 5:
1864 5415 2012 5478 Illud

415 5486 749 5569 imppmnes
802 5487 1062 5569 fatentur,
1095 5503 1205 5569 esse
1229 5491 1546 5569 (intentiones
1577 5500 1671 5569 agit
1695 5494 1753 5547 in
1789 5497 2008 5565 scripto,

419 5566 530 5632 aut
546 5559 601 5611 in
638 5574 744 5632 non
761 5559 986 5632 scripto:
1011 5561 1069 5632 in
1100 5559 1323 5632 scripto,
1341 5570 1465 5614 sunt
1499 5562 1562 5614 de
1594 5563 1754 5632 jure:
1796 5567 1852 5619 in
1897 5559 2013 5619 ἠοη

418 5629 644 5696 scripto,
677 5627 741 5681 de
769 5628 1020 5682 re:illud
1052 5627 1244 5700 legale,
1304 5631 1400 5684 hoc
1441 5627 1730 5687 rationale.
1777 5637 2012 5691 Herma-

420 5706 778 5774 gorasatque
809 5715 936 5774 e_um
971 5701 1147 5774 secuti
1173 5709 1395 5774 vocant,
1419 5705 1644 5767 νομικὸν
1672 5712 1730 5758 et
1773 5706 2009 5774 λογικόν.

421 5769 566 5846 item
586 5769 970 5846 C_i-cero,Tusc.
1076 5787 1166 5846 iv;
1196 5769 1367 5824 [Iabes
1420 5789 1484 5846 ea
1525 5789 1644 5846 qua:
1695 5775 1759 5828 de
1797 5769 2012 5846 pertur-

423 5838 730 5914 (lotionibus
761 5839 1089 5914 enucleatius
1113 5840 1399 5914 disputant
1413 5838 1577 5914 Stoici
1601 5860 1618 5897 :
1650 5861 1770 5914 qua:
1797 5838 2010 5914 ’λογικὰ

429 5905 732 5980 appellant,
768 5911 892 5980 quia
924 5905 1238 5965 asseruntur
1264 5911 1531 5968 subtilius.
1566 5905 1674 5970 Sic,
1696 5905 1897 5988 itaque
1925 5918 2015 5985 hic

2106 4719 2188 4773 sic
2224 4711 2442 4776 ratione
2481 4711 2906 4790 percipiuntur;
2930 4727 2994 4790 et
3025 4731 3148 4790 quin
3170 4711 3483 4790 rationalia,
3505 4711 3698 4790 eadem

2106 4805 2232 4844 cum
2264 4783 2655 4846 Graecis-Vocis"
2687 4789 2978 4858 ὁμωνυμίᾳ
3027 4783 3280 4858 cogimur
3321 4783 3526 4858 dicere,
3547 4784 3698 4858 quod

2105 4876 2217 4915 non
2251 4860 2526 4916 distinctae
2547 4851 2736 4922 voces;
2761 4867 2823 4913 ut
2844 4851 2977 4913 sun't
3005 4857 3064 4910 τὸ
3086 4851 3276 4924 νοητὸν
3305 4862 3364 4908 et
3398 4851 3462 4904 τὸ
3493 4851 3682 4922 νοερὸν

2106 4931 2210 4986 etsi
2236 4947 2341 4986 nec
2369 4931 2423 4986 in
2462 4931 2574 4986 illis
2619 4939 2882 4984 auctores
2925 4929 3059 4982 satis
3102 4925 3347 4980 accurati
3378 4931 3528 4986 sunt,
3577 4939 3698 4986 nec,

2108 5017 2233 5056 raro
2266 5016 2463 5056 eorum
2488 5001 2795 5071 significata
2811 4997 3175 5071 confundant,
3203 5010 3267 5049 ac
3305 4993 3454 5065 quod
3481 4993 3697 5063 passive

2109 5081 2291 5138 sonat,
2317 5073 2496 5127 active
2521 5069 2819 5140 accipiant,
2859 5069 3239 5140 vicissimque.

2183 5135 2595 5213 (ν)’Λιπιιρῶν
2643 5135 2774 5213 ibi:
2787 5141 3072 5208 μέτοχον.
3108 5135 3375 5213 Placebat
3428 5135 3606 5213 magis
3635 5147 3701 5213 ιιι

2110 5205 2259 5269 esset
2311 5213 2404 5265 τὸν
2445 5205 2696 5281 κάτοχον.
2741 5205 2970 5278 Rogans
2999 5224 3149 5272 eum,
3189 5207 3284 5277 qui
3325 5205 3411 5281 vir
3436 5205 3704 5275 spiritalis

2111 5283 2204 5348 sit,
2239 5284 2445 5350 ἔνθεος,
2477 5280 2680 5353 plenus
2708 5281 2921 5353 Spiritu
2969 5296 3034 5334 ac
3082 5281 3338 5353 oratione
3379 5280 3701 5353 provectus.

2113 5347 2345 5425 ejusque
2405 5347 2605 5408 nactus
2629 5347 3072 5425 perfectionem;
3083 5349 3299 5425 quique
3351 5347 3490 5425 adeo
3517 5347 3702 5425 quiete

2114 5417 2171 5479 in
2197 5417 2291 5479 illa
2323 5423 2583 5489 fruatur;
2611 5417 3609 5492 praelaboris,scilicet:impatientia,
3645 5426 3705 5471 ut

2115 5495 2172 5550 in
2207 5495 2335 5550 aliis
2389 5496 2471 5550 sic
2515 5487 2802 5564 dissipatis
2841 5490 3073 5564 (actioni
3129 5487 3343 5564 scilicet
3394 5487 3703 5564 addictum)

2115 5567 2322 5621 morari
2349 5565 2499 5620 sinat
2524 5583 2537 5618 :
2571 5580 2636 5618 ac
2658 5557 2749 5617 ire!
2765 5557 3024 5627 maxime,
3047 5560 3194 5630 quod
3221 5574 3422 5630 eaivox
3449 5557 3653 5630 κάτοχο
3674 5577 3704 5618 -,

2115 5627 3082 5718 etiam.activam.significationem
3125 5629 3474 5718 quandoque.
3509 5627 3706 5718 admit-
3763 5693 3770 5702 η

2117 5715 2215 5761 tat.
2252 5706 2345 5761 Sic
2370 5707 2518 5760 enim
2553 5705 2643 5759 ille
2659 5699 2723 5759 in
2757 5702 3028 5758 orationis
3043 5700 3311 5756 exercitio
3361 5699 3707 5754 detinentcm

2118 5778 2340 5832 Patrem
2378 5776 2712 5845 spiritalem,
2741 5775 2812 5828 ab
2839 5789 2905 5829 ea
2939 5773 3246 5839 dimittere,
3293 5770 3378 5827 sic
3421 5769 3581 5840 quasi
3617 5777 3710 5824 ta:-

2117 5847 2213 5905 dio
2235 5848 2420 5903 victus
2446 5861 2721 5917 propense
2749 5853 2925 5917 roget.
