4060 6468
434 542 566 611 tm
788 611 807 625 ,
1607 546 1668 606 s.

1712 544 1763 604 Μ
1774 545 1901 603 ΛΧΙ
1912 543 1999 603 Ml
2040 541 2548 604 CONFESSORIS

3583 542 3697 607 1428

432 656 646 709 riantur
677 654 824 709 oculi
865 652 1053 709 cordis
1090 653 1192 719 lui,
1225 661 1283 709 et
1315 663 1376 708 ut
1405 653 1462 708 in
1496 654 1592 709 Dei
1628 654 1840 725 legibus
1870 652 1926 706 in
1959 667 2027 706 eo

2156 653 2260 716 τοὺς
2294 652 2395 721 τῆς
2424 653 2655 724 καρδίας
2697 672 2792 709 σου
2822 655 3158 728 ὀφθαλμοὺς,
3194 656 3288 711 καὶ
3315 656 3529 729 τρανῶς
3552 656 3700 726 ἐμμε-

434 745 667 800 uccultis
716 745 864 801 clare
912 744 1233 819 mediteris;
1290 760 1414 815 qua:
1452 745 1678 817 quidem
1719 761 1888 815 super
1922 744 2029 799 mel

431 845 491 892 ct
522 836 708 891 favum
761 836 997 907 spiritali
1044 837 1260 908 gutturi
1302 845 1399 892 tuo
1438 836 1780 893 videbuntur
1813 838 1882 904 “,
1917 852 2033 908 pra:

434 930 731 985 dulcedine
757 946 882 1001 qua:
910 945 981 985 ex
1011 930 1122 985 illis
1156 929 1511 986 diffunditur.

502 1021 627 1077 118.
670 1013 816 1077 Fieri
849 1036 959 1076 non
989 1029 1173 1092 potest
1206 1030 1270 1076 ut
1295 1036 1589 1091 corporum
1634 1018 2028 1090 pecuniarum-

432 1131 542 1185 quc
579 1131 644 1170 ac
672 1116 1114 1171 necessariorum
1139 1115 1391 1170 ciborum
1427 1113 1731 1185 cupiditate
1774 1113 2031 1182 superio-

433 1223 552 1262 rem
581 1206 788 1263 elIicias
816 1208 1084 1274 animum,
1112 1208 1220 1265 nisi
1246 1209 1301 1264 in
1340 1206 1602 1263 mundam
1630 1206 1910 1278 justorum
1942 1219 2031 1260 re-

434 1298 654 1371 gionem
685 1316 814 1355 eum
848 1299 1154 1363 induxeris,
1193 1300 1250 1354 in
1282 1315 1390 1370 qua
1423 1298 1523 1353 Dei
1565 1296 1872 1371 mortisque
1920 1311 2034 1352 me-

436 1390 613 1445 moria
639 1392 1149 1464 supergerminans,
1180 1407 1406 1464 germen
1440 1405 1606 1447 omne
1638 1389 1719 1445 rei
1749 1388 2032 1446 desidera-

435 1482 564 1540 bilis
592 1500 625 1540 e
652 1492 874 1540 terreno
899 1485 1066 1541 corde
1089 1484 1317 1541 delebit.
1784 1560 1787 1565 ρ

512 1578 636 1635 119.
676 1578 870 1634 Mortis
911 1578 1245 1651 cogitatione
1287 1578 1425 1634 nihil
1472 1576 1889 1635 formidolosius
1925 1584 2031 1644 est,

436 1684 543 1726 nec
588 1671 685 1726 Dei
733 1671 997 1726 memoria
1042 1671 1346 1742 quidquam
1395 1670 1801 1727 admirabilius.
1846 1670 2035 1726 Altera

436 1761 684 1831 quidem,
712 1763 1010 1818 salutarem
1037 1763 1317 1819 tristitiam
1346 1772 1609 1835 praestare
1635 1763 1829 1830 habet;
1860 1763 2035 1819 altera

438 1853 683 1908 tribuere
726 1853 929 1910 mentis
978 1854 1247 1911 lzetitiam.
1280 1856 1375 1909 Ait
1415 1854 1563 1910 enim
1596 1855 1894 1926 Pr0pheta,
1924 1854 2036 1910 Me-

438 1960 555 1997 mor
583 1944 661 2015 fui
691 1943 809 2009 Dei,
845 1954 895 1999 et
926 1945 1217 2001 delectatus
1253 1962 1373 2001 sum
1398 1947 1464 2001 ’³.
1501 1946 1735 2018 Sapiens
1765 1961 1987 2017 quoque
2017 1963 2032 2001 :

2135 742 2294 814 λετᾷν
2334 745 2447 807 τοῖς
2486 745 2967 819 ἐγκεκρυμμένοις
2996 748 3056 801 ἐν
3079 747 3220 819 αὐτῇ
3257 747 3444 819 νόμοις
3468 745 3618 809 Θεοῦ,
3643 748 3703 800 οἰ·

2132 851 2279 899 τινες
2310 835 2452 906 ὑπὲρ
2485 835 2609 904 μέλι
2634 836 2733 889 καὶ
2762 837 2957 909 κηρίον
2995 837 3074 909 τῷ
3108 837 3285 909 νοητῴ
3331 854 3428 890 σου
3466 835 3702 905 λογισθή-

2134 948 2317 986 σονται
2344 930 2607 1003 λάρυγγι,
2630 936 2696 1005 τῇ
2729 934 2825 987 ἀπ’
2855 934 3037 988 αὐτῶν
3063 933 3384 1006 ὲκδιδομένῃ
3408 932 3643 1004 ήδύτητι.

2210 1030 2336 1095 ριη’.
2378 1024 2455 1077 Οὐ
2478 1024 2688 1098 δυνήσῃ
2728 1024 3002 1095 σωμάτων
3031 1026 3128 1079 καὶ
3159 1024 3485 1097 χρημάτων,
3512 1023 3598 1077 καὶ
3621 1024 3723 1093 τῆςι

2132 1117 2242 1170 τῶν
2301 1117 2620 1185 ἀναγκαίων
2686 1117 2997 1189 βρωμάτων
3066 1118 3367 1189 ἐπιθυμίας
3425 1117 3708 1189 ὑπέρτερον

2135 1207 2364 1279 ποιῆσαι
2395 1206 2488 1260 τὸν
2536 1206 2682 1274 νοῦν,
2717 1209 2767 1262 εί
2796 1209 2871 1281 μὴ
2902 1211 2961 1264 ἐν
2991 1212 3058 1281 τῇ
3097 1209 3321 1281 καθαρᾷ
3354 1209 3465 1264 τῶν
3505 1208 3709 1262 δικαίων

2134 1298 2290 1372 χώρᾳ
2321 1299 2544 1374 είσάξῃς
2577 1302 2744 1357 αὐτόν
2774 1318 2789 1334 ·
2834 1302 2959 1357 καθ’
3013 1304 3101 1374 ἢν,
3153 1304 3189 1374 ἥ
3234 1320 3297 1356 τε
3350 1301 3444 1356 τοῦ
3497 1302 3711 1356 Θανάτου

2135 1395 2231 1448 καὶ
2254 1396 2289 1465 ή
2314 1394 2411 1448 τοῦ
2437 1394 2576 1449 Θεοῦ
2600 1396 2794 1467 μνήμη
2823 1395 3384 1467 ἐπαναϐλαστήσασα,
3411 1394 3521 1448 ἀπὸ
3538 1394 3714 1465 γηῖνης

2135 1485 2367 1559 καρδίας
2395 1486 2692 1558 ἀπαλείφει
2723 1488 2832 1541 πάν
2863 1487 3125 1557 ἐνθυμίου
3154 1487 3467 1558 ἀνάστημα.

2209 1577 2332 1652 ριθ’.
2392 1581 2559 1635 Ούδέν
2610 1579 2736 1635 οὔτε
2794 1581 3010 1645 ἐννοίας
3051 1581 3287 1635 θανάτου
3330 1580 3716 1651 φοϐερώτερον,

2135 1669 2263 1724 οὔτε
2305 1670 2444 1725 Θεοῦ
2479 1673 2706 1742 μνήμης
2734 1671 3208 1742 θαυμασιώτερον.
3255 1670 3322 1724 Ἦ
3351 1671 3451 1741 μὲν
3479 1669 3588 1738 γάρ
3615 1672 3721 1723 ἐστι

2137 1762 2319 1836 λύπης
2371 1762 2753 1836 σωτηριώδους
2801 1765 3113 1834 παρεκτική
3152 1780 3165 1794 ·
3210 1765 3245 1834 ή
3283 1762 3361 1828 δὲ,
3391 1761 3722 1833 εὐφροσύνης

2136 1856 2457 1928 χαριστική.
2520 1856 2869 1925 Ἐμνήσθην
2921 1855 3052 1925 γὰρ,
3115 1856 3284 1925 φησιν
3329 1857 3359 1908 ὁ
3417 1855 3724 1924 Προφήτης,

2138 1947 2247 2003 τοῦ
2287 1947 2459 2009 Θεοῦ,
2499 1948 2598 2001 καὶ
2641 1944 3023 2014 ηὐφράνθην.
3060 1945 3174 1998 Καὶ
3212 1946 3240 1997 ὁ
3267 1945 3475 2013 Σοφός·
3506 1942 3727 2012 Mami-

437 2034 740 2091 Memorare
780 2038 1063 2093 novissima
1106 2046 1222 2103 tua,
1289 2047 1476 2093 etnon
1520 2039 1754 2109 peccabis
1785 2040 1853 2094 “.
1889 2037 2037 2094 Fieri

2156 2053 2304 2095 nov
2337 2038 2410 2093 τὰ
2444 2036 2678 2107 ἐσχατά
2710 2052 2854 2102 σου,
2890 2037 2988 2091 καί
3035 2038 3150 2106 οὐχ
3179 2034 3731 2107 ἁμαρτήσας-,Ἀδύ-

438 2127 586 2182 enim
630 2144 741 2184 non
787 2138 990 2201 potest,
1034 2140 1095 2186 ut
1143 2132 1270 2202 quis
1316 2136 1549 2189 alterum
1597 2133 1867 2197 obtineat,
1899 2131 2036 2204 quin

440 2220 649 2290 prioris
681 2221 1043 2279 acerbitatem
1071 2224 1193 2295 ejus
1222 2224 1343 2295 ipso
1370 2224 1619 2294 periculo
1653 2224 1891 2279 noverit.

511 2312 636 2368 l‘20.
678 2314 865 2369 Donec
912 2330 1070 2371 mens
1117 2317 1359 2371 revelata
1407 2315 1548 2372 faeie
1588 2316 1686 2370 Dei
1729 2315 2038 2370 claritatem

440 2407 729 2478 conspexit
765 2408 832 2474 ’⁷,
868 2424 977 2464 non
1026 2418 1211 2480 potest
1261 2410 1482 2464 animus
1524 2397 1712 2464 dicere
1766 2408 1823 2462 in
1872 2422 2038 2463 sensu

441 2514 545 2554 suo
578 2517 592 2553 :
629 2500 744 2570 Ego
787 2518 909 2558 vero
958 2500 1259 2556 delectabar
1305 2503 1360 2556 in
1403 2501 1631 2556 Domino
1662 2501 1728 2567 ’⁸,
1763 2500 2040 2555 exsultubo

437 2587 496 2642 in
527 2588 764 2644 salutari
794 2593 911 2663 ejus
939 2594 1007 2646 ’⁸.
1039 2592 1300 2648 Velamen
1334 2592 1485 2648 enim
1523 2593 1652 2648 caeci
1694 2609 1760 2648 ac
1802 2592 2042 2648 carnalis

440 2681 647 2737 amoris
683 2697 852 2754 super
900 2699 998 2739 cor
1043 2685 1165 2756 ejus
1208 2684 1450 2755 positum
1493 2696 1599 2749 est,
1634 2695 1841 2741 utnon
1879 2701 2039 2741 reve-

439 2775 628 2831 lentur
669 2778 723 2833 ei
772 2777 1132 2836 fundamenta
1174 2779 1327 2836 orbis
1366 2789 1529 2836 terra:
1575 2780 1787 2853 (rerum
1830 2781 2042 2837 scilicet

440 2866 791 2925 conditarum
822 2869 1111 2939 rationes),
1148 2886 1252 2927 nec
1280 2871 1350 2926 ab
1374 2869 1473 2926 illo
1511 2871 1796 2927 auferetur
1830 2870 2040 2941 absque

439 2960 728 3017 laboribus
754 2969 951 3033 sponte
980 2964 1281 3034 assumptis
1310 2971 1477 3035 atque
1504 2964 1818 3022 extrinseco
1844 2971 2040 3034 agente

442 3052 634 3108 illatis.

516 3144 641 3200 121.
676 3144 796 3200 Νοιι
841 3154 965 3215 post
993 3145 1176 3216 fugam
1201 3160 1269 3200 ex
1300 3142 1537 3215 Egypto
1571 3143 1719 3215 (post
1750 3154 2041 3215 peccatum

444 3235 659 3294 scilicet
700 3235 846 3305 quod
890 3244 1018 3290 actu
1065 3234 1461 3306 perpetratur),
1507 3250 1687 3305 neque
1727 3243 1853 3305 post
1877 3236 2045 3295 maris

445 3328 741 3383 transitum
795 3327 1084 3399 (libidinis
1133 3339 1450 3400 superatam
1485 3331 1888 3397 servitutem);
1946 3331 2042 3387 sed

446 3432 567 3491 pos.
606 3434 815 3476 moram
854 3421 913 3476 in
964 3420 1206 3488 deserto,
1237 3438 1363 3492 qum
1412 3422 1675 3479 videlicet
1711 3424 1857 3479 inter
1887 3424 2046 3478 mali-

448 3511 539 3568 tia:
560 3512 794 3569 eflectus
821 3522 1117 3587 motusque
1158 3514 1343 3570 media
1385 3514 1725 3582 intercedat,
1760 3515 2046 3572 lsraelitici

447 3606 637 3677 populi
686 3606 909 3663 ductori
953 3621 1282 3662 concessum
1325 3609 1618 3678 explorare
1669 3616 1873 3665 terram
1914 3623 2046 3679 pro-

447 3699 674 3755 missam
701 3700 746 3734 "
781 3699 1245 3771 (tranquillissimi
1286 3700 1457 3755 animi
1498 3710 1704 3757 statum
1746 3717 1811 3757 ac
1847 3700 2049 3772 imper-

453 3792 870 3866 turbationem),
894 3793 1059 3848 missa
1091 3790 1143 3847 in
1177 3807 1301 3848 eam
1340 3806 1459 3849 rem
1508 3794 1809 3869 aspectrice
1842 3794 2048 3850 virtute

451 3898 551 3940 sua
586 3901 652 3942 ac
676 3886 869 3957 procul
902 3885 1234 3956 inspectrice
1260 3886 1326 3940 ³¹.

525 3976 630 4031 122
684 3977 749 4032 Hi
785 3977 878 4049 qui
907 3977 965 4032 in
999 3976 1221 4032 deserto
1258 3977 1474 4041 sedent,
1503 3978 1599 4049 qui
1630 3978 1842 4035 scilicet
1869 3994 1900 4033 a
1932 3992 2047 4033 ma-

2143 2149 2303 2186 νατον
2328 2132 2440 2201 γάρ
2467 2148 2590 2184 τινα
2613 2128 2710 2184 τοῦ
2736 2129 2994 2200 δευτέρου
3023 2130 3082 2183 ἐν
3102 2129 3437 2199 κατασχέσει
3460 2127 3728 2197 γενέσθαι,

2148 2225 2224 2295 μή
2256 2225 2455 2295 πεῖραν
2480 2223 2578 2292 τῆς
2612 2221 2709 2276 τοῦ
2736 2221 3007 2293 προτέρου
3041 2220 3279 2275 λαϐόντα
3309 2220 3667 2292 στυφότητος.

2221 2314 2323 2387 ρκ’.
2351 2315 2501 2378 Ἕως
2538 2316 2605 2369 ἂν
2626 2316 2723 2387 τὴν
2751 2312 2847 2368 τοῦ
2871 2312 3008 2367 Θεοῦ
3035 2313 3195 2379 δόξαν
3229 2313 3736 2384 ἀνακεκαλυμμένῳ

2147 2407 2431 2481 προσώπῳ
2455 2410 2557 2462 οὐκ
2588 2408 2676 2482 ίδῃ
2703 2411 2732 2461 ὁ
2759 2408 2908 2472 νοῦς,
2949 2409 3033 2484 οὐ,
3055 2408 3278 2461 δύναται
3310 2408 3343 2477 ή
3380 2406 3533 2477 ψυχὴ
3566 2405 3735 2473 λέγειν

2147 2505 2206 2556 ἐν
2234 2501 2490 2572 αἰσθήσει
2518 2501 2690 2571 αὐτῆς
2724 2517 2739 2531 ο
2776 2498 2920 2571 Ἐγὼ
2941 2501 3011 2554 δὲ
3029 2499 3127 2553 ἐπὶ
3148 2499 3230 2564 τῷ
3252 2500 3455 2567 Κυρίῳ
3482 2497 3737 2567 τερφθῆ-

2146 2609 2333 2663 σομαι
2365 2609 2379 2623 ·
2421 2591 2871 2664 ἀγιιλλιάσομαι
2921 2591 3022 2645 ἐπὶ
3072 2589 3155 2655 τῷ
3196 2590 3473 2657 σωτηρίῳ
3534 2587 3735 2644 αὐτοῦ.

2146 2683 2431 2754 Κάλυμμα
2461 2682 2571 2754 γὰρ
2597 2685 2775 2737 κεῖται
2804 2681 2866 2734 τὸ
2885 2683 2988 2750 τῆς
3017 2681 3305 2749 φιλαυτίας
3342 2679 3440 2733 ἐπὶ
3471 2679 3578 2750 τὴν
3611 2696 3741 2751 καρ-

2146 2776 2265 2830 δίαν
2298 2775 2494 2845 αὐτῆς,
2543 2774 2682 2844 πρὸς
2722 2773 2784 2827 τὸ
2838 2772 2916 2845 μὴ
2972 2770 3430 2841 ἀνακαλυφθῆναι
3487 2770 3630 2843 αὐτῇ
3679 2769 3741 2823 τὰ

2148 2868 2381 2941 θεμέλια
2414 2868 2516 2938 τῆς
2548 2867 2899 2938 οἰκουμένης,
2931 2865 3095 2921 ἅτινά
3131 2866 3271 2917 εἰσιν
3323 2863 3372 2916 οἱ
3425 2862 3583 2932 λόγοι
3639 2860 3746 2915 τῶν

2147 2960 2475 3031 γεγονότων,
2521 2959 2660 3031 ὅπερ
2697 2958 2757 3025 ἐξ
2796 2956 2970 3027 αὐτῆς
3018 2956 3081 3010 οὐ
3131 2956 3536 3027 περιαιρεῖται,
3593 2954 3746 3008 ἐκου-

2150 3052 2284 3106 σίων
2308 3050 2487 3106 πόνων
2518 3050 2616 3103 καὶ
2645 3047 2919 3103 ἀκουσίων
2939 3046 3130 3120 χωρίς.
3432 3037 3438 3042 ’

2227 3162 2371 3227 ρκα’.
2449 3156 2525 3209 Οὐ
2576 3158 2716 3225 μετά
2763 3154 2863 3224 τὴν
2925 3153 2985 3218 ἐξ
3036 3152 3318 3221 Αἰγύπτου
3373 3152 3586 3222 φυγήν·
3631 3151 3748 3221 ἥτις

2151 3246 2302 3301 ἐστὶν
2351 3247 2385 3318 ή
2427 3243 2550 3300 κατ’
2604 3244 2891 3315 ἐνέργειαν
2946 3242 3194 3315 ἁμαρτία
3223 3258 3238 3273 ο
3294 3240 3419 3295 οὐδὲ
3468 3240 3616 3313 μετά
3656 3239 3750 3311 τήν

2151 3337 2430 3408 θαλάσσης
2466 3336 2742 3400 διάϐασιν,
2783 3336 2884 3406 τῆς
2915 3334 3057 3389 κατὰ
3088 3334 3274 3405 σχέσιν
3296 3332 3446 3400 λέγω
3480 3332 3748 3396 δουλείας·

2148 3430 2285 3483 ἀλλὰ
2313 3429 2452 3499 μετὰ
2475 3427 2573 3500 τὴν
2600 3431 2657 3482 ἐν
2679 3429 2873 3500 ἐρήμῳ
2895 3425 3198 3499 διατριϐὴν,
3232 3424 3440 3496 μεταξὺ
3487 3424 3755 3495 κειμένην

2146 3523 2543 3593 ἐνεργημάτων
2593 3520 2689 3576 καὶ
2720 3520 3042 3591 κινημάτων
3085 3518 3305 3582 κακίας,
3371 3517 3473 3571 τοῦ
3538 3513 3756 3588 Ἰσραὴλ

2145 3616 2174 3670 ὁ
2219 3613 2553 3685 δημαγωγὸς
2593 3612 2660 3683 (s)
2701 3614 3074 3666 κατασκοπεῖν
3111 3612 3342 3665 δύναται
3378 3612 3484 3679 τὴν
3521 3610 3633 3680 γῆν
3662 3608 3757 3677 τῆς

2147 3702 2507 3770 ἐπαγγελίας,
2575 3701 2701 3773 ἥτις
2755 3698 2907 3754 ἐστὶν
2954 3701 2988 3771 ἡ
3046 3698 3313 3764 ἀπάθεια,
3365 3697 3469 3767 τὴν
3520 3695 3759 3766 ὀπτικήν

2149 3788 2499 3844 ἀποστέλλων
2531 3790 2626 3843 καὶ
2649 3787 2955 3859 ἐποπτικὴν
2982 3786 3148 3842 αὑτοῦ
3174 3785 3429 3856 δύναμιν.

2227 3975 2367 4054 ρκξΫ.
2409 3982 2472 4035 Οἱ
2506 3981 2605 4052 μὲν
2638 3960 2699 4034 ἐν
2740 3983 2806 4053 τῇ
2853 3979 3049 4051 ἐρήμῳ
3087 3977 3419 4048 καθήμενοι,
3447 3974 3761 4037 τουτέστιν,

452 4069 523 4127 lis
564 4072 840 4137 otiantur,
889 4068 1085 4127 auditu
1135 4070 1255 4129 solo
1295 4072 1471 4127 beata;
1517 4072 1669 4126 illius
1707 4080 1868 4127 terrae
1905 4071 2045 4127 bona

2156 4074 2213 4127 ἐν
2259 4073 2326 4143 τῇ
2380 4069 2488 4125 τῶν
2545 4069 2735 4123 κακῶν
2787 4066 3182 4139 ἀνενεργησίᾳ,
3247 4066 3386 4157 ἀκοῇ
3452 4065 3602 4135 μόνῃ
3665 4060 3762 4131 τῆς

454 4169 845 4232 perceperunt.
877 4160 982 4228 Qui
1018 4160 1151 4217 vero
1182 4159 1350 4216 etiam
1393 4160 1772 4231 exploratores
1804 4159 2045 4227 fuerunt,

2156 4161 2435 4236 μακαρίας
2465 4161 2683 4231 ἐκείνης
2720 4162 2826 4232 γῆς
2874 4161 2946 4214 τά
2992 4158 3312 4231 ἀγαθά....
3366 4159 3416 4211 οἱ
3465 4157 3531 4210 δὲ
3583 4157 3657 4210 τὰ
3709 4157 3765 4208 ἐν

453 4251 512 4308 bi
562 4253 827 4308 nimirum
872 4269 962 4309 res
1007 4253 1154 4324 ipsas
1191 4252 1372 4309 oculis
1415 4252 1754 4324 usurpando,
1791 4253 2045 4309 subtilius

2156 4254 2346 4327 ἐκείνῃ
2380 4253 2933 4322 κατασκοπήσαντες.
2961 4253 3019 4305 ἐν
3058 4250 3313 4322 περινοίᾳ
3354 4250 3614 4319 δηλονότι
3666 4247 3765 4319 ψυ-

456 4345 644 4401 animo
694 4344 1122 4401 intellexerunt.
1164 4345 1232 4401 At
1267 4344 1362 4416 qui
1408 4344 1466 4400 in
1506 4359 1627 4399 eam
1678 4344 1891 4416 ingredi
1939 4360 2045 4400 me-

2156 4348 2257 4420 χῆς
2292 4345 2401 4400 τῶν
2451 4345 2747 4419 ὁρωμένων
2777 4343 3015 4416 Θεωρίας
3067 4343 3350 4412 γεγόνασι.
3399 4343 3466 4396 Οἱ
3523 4343 3588 4396 δὲ
3627 4357 3767 4394 κατ-

458 4443 716 4501 ruerunt,
748 4443 863 4490 toto
899 4450 1065 4492 sensu
1106 4450 1174 4490 ex
1213 4450 1277 4490 ea
1319 4435 1623 4491 ﬂuentibus
1658 4435 1713 4489 in
1746 4435 1907 4491 lactis
1940 4450 2045 4490 mo

2159 4434 2484 4503 ἀξιωθέντες
2544 4435 2603 4487 ἐν
2655 4433 2796 4504 αὐτῇ
2876 4433 3175 4496 είσελθείν,
3236 4432 3333 4504 ὅλῃ
3382 4434 3451 4504 τῇ
3506 4432 3767 4502 αἰσθήσει

459 4546 577 4586 rem
622 4545 688 4585 ac
732 4529 914 4585 mellis
949 4528 1149 4602 (prima
1192 4529 1407 4586 scilicet
1440 4537 1496 4585 et
1529 4530 1771 4585 secunda
1811 4540 2045 4586 contem-

2157 4526 2269 4581 τῶν
2315 4524 2376 4590 ἐξ
2412 4522 2585 4593 αὐτῆς
2627 4523 3014 4596 ἀπορρεόντων
3048 4522 3124 4587 ώς
3168 4523 3311 4591 γάλα
3344 4524 3442 4577 καὶ
3481 4522 3641 4593 μέλι,
3675 4521 3770 4589 τῆς

460 4621 723 4694 platione)
755 4623 1063 4683 rationibus
1095 4623 1325 4680 saturati
1365 4630 1495 4680 sunt
1521 4623 1588 4677 δ’.

2160 4616 2386 4689 πρώτης
2437 4609 2583 4686 (ρημὶ
2631 4617 2727 4669 καὶ
2794 4615 3063 4687 δευτέρας
3122 4614 3359 4686 θεωρίας
3423 4614 3537 4686 (ι),
3595 4614 3768 4680 λόγων

797 4710 817 4721 ”
1630 4696 1635 4707 λ
2087 4735 2136 4795 D
2162 4709 2588 4781 ἐνεφορήθησαν.

527 4800 692 4874 655
740 4803 864 4860 125.
900 4801 1156 4859 Nondum
1196 4818 1323 4859 cum
1360 4800 1584 4860 Christo
1615 4801 1916 4858 cruciﬁxus
1949 4808 2058 4866 est,

460 4897 557 4965 qui
586 4896 866 4952 naturales
891 4896 1077 4952 carnis
1104 4896 1290 4951 adhuc
1321 4904 1506 4950 motus
1542 4894 1712 4950 habet
1744 4912 1757 4947 :
1789 4908 1895 4949 nec
1934 4904 2062 4948 cum

463 4989 557 5044 illo
583 4989 833 5060 sepultus
859 4996 963 5055 est,
991 4990 1083 5059 qui
1114 4988 1283 5044 animi
1314 4988 1594 5045 desideria
1633 5002 1698 5043 ac
1729 4986 2064 5056 cupiditates

540 5152 589 5184 ν*
616 5151 760 5206 Psal.
788 5166 939 5214 an,
962 5149 1047 5204 11.
1124 5150 1170 5181 ’³
1191 5148 1335 5204 Psal.
1356 5160 1535 5209 Lxxvt,
1563 5144 1618 5198 4.
1698 5142 1742 5174 ’⁸
1759 5143 1942 5199 Eccle.
1962 5159 2045 5197 vn.

2156 5183 2162 5197 ,
2240 5143 2284 5175 ’⁷
2313 5140 2357 5214 ll
2376 5140 2505 5214 Cor.
2535 5156 2590 5194 ιιι
2621 5138 2706 5214 l_8.
2785 5138 2832 5171 ’⁸
2849 5139 2993 5194 Psal.
3014 5154 3126 5205 cm,
3148 5138 3238 5195 54.

2234 4810 2374 4876 ρκγ’.
2422 4801 2592 4856 Οΰπω
2621 4798 3042 4871 συνεσταυρώθη
3074 4798 3322 4871 Χριστῷ,
3352 4800 3380 4853 ὀ
3403 4798 3491 4852 ἔτι
3527 4796 3771 4868 φυσικὰς

2162 4892 2410 4962 κινήσεις
2448 4888 2588 4960 ἔχων
2641 4889 2880 4960 σαρκόςο
2926 4888 3052 4942 οὐδὲ
3093 4889 3399 4959 συνετάφη,
3455 4891 3488 4943 ὁ
3521 4888 3773 4959 ψυχικὰς

2164 4982 2499 5055 ἐνθυμήσεις
2545 4982 2975 5054 ἐπισυρόμενος·
3014 4981 3137 5045 πῶς
3169 4976 3264 5036 οὖν
3301 4983 3635 5051 συναναστῇ
3678 4978 3771 5032 αύ-

3316 5139 3361 5172 "
3383 5140 3543 5195 Psal.
3570 5157 3652 5208 lx,
3688 5139 3771 5194 16-

479 5220 524 5253 ³⁰
558 5222 717 5276 Deut.
756 5236 816 5284 ιι,
842 5209 935 5287 Ξϐέ
959 5220 1126 5276 Josue
1150 5234 1209 5285 ιι,
1239 5220 1291 5272 1.
1371 5217 1580 5274 “Deut.
1619 5229 1764 5279 τιτι,
1794 5215 1859 5279 2;
1898 5230 2045 5268 xxxn

2156 5254 2162 5269 .
2241 5214 2286 5246 “
2319 5210 2495 5267 Exod.
2529 5227 2609 5274 ιιι,
2645 5209 2698 5264 8.

544 5380 632 5464 ςε).
656 5377 769 5464 Ταῦ
804 5375 1057 5460 Ἰσραὴλ
1179 5376 1553 5464 δημαγωγός.
1608 5377 1808 5464 go'su'ev
1826 5375 2064 5464 scilicet,

471 5445 565 5523 qui
592 5445 677 5506 sic
698 5448 845 5523 duos
869 5448 1042 5513 viros,
1070 5447 1195 5523 _sive
1224 5456 1286 5501 ut
1330 5447 1541 5523 habent
1581 5449 1631 5500 ot
1667 5445 1834 5523 LXX,
1880 5448 2067 5523 νεανίτ

476 5516 663 5583 σκους,
686 5521 925 5589 iuuenes,
963 5519 1311 5589 exploratum
1342 5517 1518 5581 misit,
1546 5516 1701 5589 omni
1725 5519 1836 5588 jam
1863 5517 2071 5589 deserti

476 5587 739 5663 superato
775 5587 1264 5663 itinerc._Exponi_t
1297 5597 1491 5663 autem
1542 5587 1829 5663 Maximus
1850 5588 2059 5663 allego-

478 5656 624 5725 rice,
675 5661 777 5731 τὴν
825 5659 1059 5730 ὀπτικήν
1087 5656 1184 5713 καὶ
1236 5657 1540 5731 ἐποπτικὴν
1580 5656 1748 5731 αὐτοῦ
1804 5656 2056 5731 δύναμιν·

477 5728 858 5786 εεηιεηιίῖυἱηι
887 5738 935 5785 et
982 5728 1315 5801 inspiciendi,
1347 5742 1573 5784 sensum
1617 5728 1927 5801 scilicetet
1964 5729 2062 5801 in—

482 5804 803 5868 tellectum;
847 5802 900 5857 id
933 5809 1020 5856 est
1069 5797 1337 5863 mentem,
1370 5807 1620 5869 quaeest
1663 5799 1750 5853 vis
1814 5797 1908 5869 illa
1958 5800 2060 5851 ἐπ-

480 5873 704 5942 οπτικὴ.
735 5867 845 5942 qua
868 5872 999 5927 licet
1021 5870 1294 5942 tantisper
1326 5867 1458 5942 ipsa
1480 5867 1989 5942 divinainspicere,
2013 5877 2070 5924 et

485 5937 889 6013 παρακύπτειν,
914 5943 1073 6013 quasi
1110 5957 1147 6013 a7
1175 5937 1536 6011 longe'avide
1590 5937 1911 6013 inclinanda
1939 5956 2068 6009 pro-

485 6009 737 6085 Spicere:
771 6028 893 6082 quae
918 6009 1223 6083 ritaehujus
1235 6009 1449 6067 summa
1462 6016 1650 6064 nostra
1669 6009 1933 6080 perfectio
1959 6019 2064 6065 est.

2166 5373 2243 5428 De
2269 5372 2438 5435 Mose,
2456 5372 2554 5441 qui
2573 5374 2710 5428 velit
2738 5370 3018 5437 accipere,
3034 5368 3131 5438 qui
3155 5377 3211 5423 et
3232 5369 3354 5441 ipse
3374 5370 3778 5440 speculatores

2167 5444 2340 5516 misit,
2365 5450 2423 5498 et
2441 5440 2661 5516 alonge
2693 5445 2864 5499 etiam
2894 5449 3103 5516 terram
3134 5440 3369 5509 aspexit,
3415 5449 3778 5516 monstrante

2169 5515 2249 5570 illi
2293 5515 2409 5569 Deo
2434 5528 2466 5568 e
2501 5511 2710 5573 monte.
2745 5528 2873 5569 eum
2906 5511 3216 5565 moriturus
3244 5519 3415 5574 esset,
3467 5527 3585 5566 nec
3627 5512 3719 5565 hic
3748 5527 3776 5565 a

2168 5584 2389 5640 Maximi
2429 5599 2599 5655 scopo
2639 5584 2875 5640 abierit:
2903 5596 3031 5636 nam
3061 5581 3269 5655 ethmc
3285 5582 3571 5655 ἐποπτεία
3609 5582 3705 5645 sit,
3724 5589 3777 5635 et

2167 5651 2742 5779 gnaritadipor'talibus
2769 5667 3035 5709 concessa
3060 5652 3157 5707 Dei
3182 5651 3380 5706 notitia
3427 5666 3503 5707 ac
3540 5665 3779 5722 speratae

2206 5733 2374 5779 eatttu
2422 5740 2549 5779 IIIIS.

2165 5725 2549 5781 beatitudinis.

2241 5795 2329 5878 (ι)
2366 5794 2482 5863 Τῆς
2510 5792 2880 5878 πρώτηςμςιαί
2911 5793 3196 5878 δευτέρας
3228 5793 3506 5861 θεωρίας.
3545 5792 3776 5878 videtur

2174 5864 2411 5937 primam
2433 5865 2962 5937 contemplationem
2993 5864 3185 5937 dicere
3207 5903 3222 5928 ,
3249 5878 3374 5933 qua:
3426 5864 3605 5937 quasi
3653 5877 3772 5930 spe—

2175 5933 2487 5991 culatorum
2519 5950 2585 5990 ac
2614 5933 2776 6004 fugax
2801 5944 2916 5999 est;
2964 5933 3290 5998 secundam,
3344 5949 3473 6002 qua:
3502 5936 3630 6003 ipsa
3667 5941 3770 5984 sta-

2176 6007 2327 6073 bilis,
2354 6005 2507 6060 vclut
2529 6005 2936 6077 possidentium
2978 6004 3090 6077 jam
3109 6004 3331 6060 beatam
3354 6004 3512 6059 illam
3539 6014 3765 6059 terram.
