4060 6414
399 361 536 424 1429

1563 360 1743 418 ALIA
1785 358 1888 417 ΕΧ
1923 357 2164 418 VATIC.
2205 358 2492 418 CAPITA.

3527 357 3680 424 1430

391 475 470 546 τῷ
501 476 528 528 ὁ
560 467 900 536 τοιοῦτος,ὲν
925 469 1203 540 καινότητι
1235 467 1382 538 ζωῆς
1423 465 1973 539 πολιτεύσασθαι

2095 465 2275 519 .rahit.
2307 464 2412 530 Qui
2443 478 2574 534 ergo
2615 463 2727 528 ﬁat,
2757 476 2817 518 ut
2845 464 2936 519 hic
2976 464 3101 520 talis
3128 480 3254 520 cum
3298 480 3367 520 eo
3401 478 3670 539 resurgat,

467 651 600 722 px6'.
639 651 822 722 Τριῶν
871 649 1045 703 οὐσῶν
1092 650 1191 719 τῆς
1238 646 1419 716 ψυχῆς
1467 647 1982 718 περιεκτικωτέρων

391 742 602 815 ἀρετῶν
629 745 725 814 (υ),
758 741 1032 813 νηστείας,
1063 741 1230 810 εὐχῆς
1273 755 1331 790 τε
1366 738 1463 792 καὶ
1517 740 1752 808 σιωπῆς,
1808 739 1980 806 ἀναγ-

391 837 546 890 καῖον
571 834 664 888 τὺν
707 833 806 905 μὲν
865 832 926 899 ἐξ
963 833 1128 902 εὐχῆς
1182 830 1410 884 λύεσθαι
1461 829 1746 899 μέλλοντα,
1780 830 1860 893 εἰς
1886 829 1984 899 τὴν

392 927 630 998 Θεωρίαν
694 923 1180 980 ἐπαναπαύεσθαι’
1241 923 1336 975 τὸν
1387 921 1443 975 δὲ
1509 922 1574 973 ὲκ
1637 922 1872 989 σιωπῆς,
1905 923 1984 984 εἰς

396 1017 596 1089 ἠθικὴν
625 1016 867 1087 ὁμιλίαν,
897 1018 977 1078 εἰς
1008 1013 1274 1085 δευτέραν
1303 1011 1398 1066 καὶ
1425 1012 1837 1083 κεχαρισμένην
1861 1028 1986 1083 τρο-

392 1110 502 1180 φὴν
525 1110 619 1162 τὸν
657 1107 1016 1178 νηστεύοντα.

466 1197 599 1269 ρκε’.
655 1197 744 1250 Ἐν
778 1199 891 1260 τοῖς
920 1197 1144 1260 οἰκείοις
1173 1197 1280 1262 έως
1307 1197 1546 1267 ὑπάρχει
1578 1198 1606 1250 ὁ
1635 1194 1781 1258 νοῦς,
1816 1192 1983 1258 σώζει

390 1290 452 1343 τὸ
485 1289 608 1343 καθ’
643 1290 927 1360 ὁμοίωσιν,
965 1288 1174 1357 ἀγαθός
1212 1306 1273 1341 τε
1326 1289 1422 1341 καὶ
1481 1287 1776 1358 συμπαθὴς
1832 1286 1985 1357 εὑρι-

392 1383 683 1452 σκόμενος.
731 1383 818 1434 Ἐν
848 1382 904 1435 δὲ
935 1383 1047 1445 τοῖς
1075 1382 1196 1434 κατ’
1234 1379 1491 1449 αἴσθησιν
1515 1378 1774 1448 γεγονὼς,
1813 1381 1860 1430 εί
1887 1377 1987 1448 μὲν

391 1468 634 1539 εὐχερῶς
668 1469 763 1521 καὶ
793 1467 918 1540 [μὴ]
951 1469 1340 1540 προσηκόντως
1367 1468 1444 1539 (x)
1481 1469 1832 1539 κατέρχεται,
1870 1470 1986 1520 πεῖ-

393 1576 494 1630 ραν
538 1560 712 1622 διδοὺς
763 1562 859 1614 καὶ
907 1559 1231 1630 λαμϐάνων,
1291 1561 1350 1614 ἐν
1393 1562 1626 1624 ἐκείνοις
1670 1558 1982 1630 εὑρωστῶν,

392 1649 550 1717 αὖθίς
581 1671 640 1706 τε
676 1655 813 1724 πρὸς
844 1655 1036 1707 ἑαυτὸν
1066 1655 1452 1726 ἐπανέρχεται,
1496 1657 1627 1727 περὶ
1661 1655 1750 1708 τὸν
1795 1654 1985 1726 καιρὸν

393 1747 489 1799 καὶ
523 1747 622 1816 τὴν
656 1748 868 1817 χρείαν,
901 1746 976 1811 ὥς
1001 1765 1085 1810 τις
1109 1750 1417 1820 στρατηγὸς
1459 1749 1867 1820 ἀπερίσκεπτος
1899 1748 1987 1800 εὑη-

393 1815 713 1908 ρεθήσεται,
747 1839 808 1891 τὸ
841 1840 976 1892 πολὺ
1013 1815 1189 1896 αὑτοῦ-
1222 1815 1663 1912 ὑποτεμνόμενος
1687 1839 1789 1909 τῆς
1825 1839 1986 1892 δυνά·
2020 1815 2060 1874 Β

399 1946 544 2000 μεως
575 1931 635 1983 ὲν
669 1932 748 2000 τῷ
781 1931 1080 2002 μάχεσθαι.
1113 1934 1263 2004 Πλὴν
1301 1934 1362 1986 οὑ
1395 1934 1598 1996 πάντες
1644 1931 1854 1985 ἐκείνου
1898 1933 1987 1983 ὲκ-

392 2023 486 2084 τὸς
547 2023 964 2094 εὑρεθήσονται,
1006 2026 1122 2080 ὅσοι
1171 2027 1327 2090 ὲντδς
1360 2025 1456 2079 τοῦ
1505 2023 1990 2097 ἐμπεριεχομένου

391 2115 650 2186 γενέσθαι
676 2117 778 2170 οὐκ
811 2118 1064 2188 ἴσχυσαν.

472 2379 618 2452 ρκς’.
673 2382 732 2436 ’0
779 2381 878 2453 μὲν
935 2381 1193 2453 αἰσθητὸς
1237 2382 1411 2454 ἥλιος,
1456 2382 1614 2448 ξένας
1643 2381 1744 2447 τὰς
1785 2379 1987 2436 ἑαυτοῦ

393 2477 626 2540 ἀκτῖνας
685 2476 744 2542 ἐξ
779 2476 957 2540 οἰκίας
991 2476 1394 2549 κεκλεισμένης
1423 2476 1716 2545 καθίστησι
1737 2492 1754 2508 ⁸
1791 2479 1892 2529 οὑκ
1920 2475 1988 2531 ἂν

393 2569 453 2622 δὲ
483 2569 583 2632 τὰς
611 2570 818 2632 οἰκείας
851 2572 879 2622 ὁ
903 2569 1096 2640 νοητὸς
1122 2570 1423 2640 ὲπαφήσει,
1445 2572 1516 2642 τῇ
1543 2570 1620 2641 μὴ
1661 2567 1986 2640 κεκλεισμέ-

395 2679 496 2726 νας
529 2662 728 2733 ὲχούσῃ
763 2662 863 2725 τὰς
889 2663 1170 2733 αἰσθήσεις
1195 2663 1303 2717 ἀπὸ
1324 2662 1434 2716 τῶν
1463 2661 1755 2734 ὁρωμένων
1777 2661 1945 2732 ψυχῇ.
1974 2661 1988 2729 Ι

473 2842 611 2921 ρκζ’.
649 2843 956 2906 Γνωστικός
993 2843 1164 2908 ἐστιν,
1197 2843 1226 2896 ὁ
1253 2841 1352 2906 τὰς
1394 2841 1494 2911 μὲν
1525 2840 1858 2904 καταϐάσεις
1890 2840 1986 2893 αὖ·

397 2934 494 2990 τοῦ
525 2935 978 3007 μεγαλοπρεπῶς·
1037 2923 1499 3008 ταπεινοπρέπῶς
1547 2935 1606 2988 δὲ
1655 2934 1755 3006 τῆς
1807 2933 1988 3004 ψυχῆς

397 3030 498 3093 τὰς
529 3030 828 3094 ἀναϐάσεις
866 3029 1266 3100 διατιθέμενος.

473 3128 616 3192 pur}.
656 3121 903 3175 Μέλιττα
947 3121 1044 3191 μὲν
1081 3120 1325 3191 λειμῶνα
1392 3119 1815 3191 περινοστοῦσα,
1846 3118 1990 3172 ἐκεῖ·
2016 3156 2061 3216 C

397 3213 494 3266 θεν
521 3213 602 3284 τῷ
651 3215 830 3285 μέλιτι
879 3214 981 3278 τὰς
1029 3213 1288 3285 ἀφορμὰς
1342 3213 1808 3285 προσπορίζεται·
1839 3210 1987 3283 ψυχὴ

397 3308 458 3361 δὲ
499 3309 578 3371 εἰς
630 3308 834 3372 αἰῶνας
868 3308 1308 3378 περισκοποῢσα,
1350 3309 1601 3362 ποικίλον
1636 3306 1866 3361 αὐτόθεν
1893 3306 1985 3360 τὸν

394 3400 720 3470 γλυκασμὺν
753 3402 819 3472 τῇ
845 3400 1054 3471 διανοίᾳ
1084 3401 1314 3472 ἐνίησιν.

475 3492 614 3563 ρκον.
667 3494 733 3546 Ἦ
785 3492 1116 3563 ἐμφαγοῦσι
1176 3492 1277 3562 μὲν
1324 3491 1524 3561 ἔλαφος
1578 3491 1754 3561 ὄφεις,
1785 3489 1862 3543 ίδν
1895 3487 1989 3542 τοῦ

395 3590 618 3652 σϐέσαι,
654 3590 790 3662 πρὸς
821 3591 1030 3644 ὑδάτων
1059 3590 1247 3661 τρέχει
1278 3591 1461 3660 πηγάς
1484 3604 1496 3617 ·
1527 3589 1676 3660 ψυχὴ
1723 3587 1782 3641 δὲ
1825 3589 1857 3657 ἡ
1895 3585 1983 3655 βέ-

393 3679 520 3734 λεσι
549 3680 714 3744 θείοις
740 3680 1036 3752 τρωθεῖσα,
1075 3681 1356 3736 ἄπαυστον
1388 3680 1537 3742 ἕλκει
1566 3680 1658 3733 τὸν
1700 3677 1988 3751 τρώσαντα

397 3772 425 3826 ἔ
437 3789 606 3842 ρωτα.

478 3865 575 3935 ρλ’.
610 3865 774 3918 Ψιλοὶ
814 3865 914 3936 μὲν
963 3864 1216 3934 λογισμοὶ
1269 3867 1337 3936 τῇ
1395 3864 1656 3935 μοναδικῇ
1708 3864 1820 3936 ζωῇ
1862 3864 1985 3916 ἑπι-

395 3958 667 4028 φὺονταιο
721 3958 1071 4029 ἐπιλογισμοὶ
1101 3957 1158 4010 δὲ
1197 3961 1264 4030 τῇ
1303 3957 1563 4028 δυαδικῇ·
1595 3959 1663 4028 τῇ
1711 3957 1769 4010 δὲ
1817 3955 1986 4009 πολυ-

476 4115 521 4148 ³³
555 4114 714 4170 Rom.
744 4131 819 4180 vr,
854 4115 908 4169 4.
984 4115 1030 4146 ⁸⁸
1062 4115 1204 4169 Psal.
1241 4131 1344 4179 xu,
1382 4113 1436 4167 2.

479 4262 557 4384 (ιγ
597 4263 700 4315 Ἐν
733 4261 1036 4327 καινότητι
1068 4258 1219 4326 {Edric
1250 4258 1746 4314 πολιτεύσασθαι.
1776 4256 1986 4310 Posne-

479 4333 532 4384 ,ι’
556 4332 939 4384 aximnshanc
974 4345 1191 4384 vocem.
1226 4337 1286 4383 ut
1317 4335 1686 4384 exponentem
1721 4341 1986 4384 eam,qua

399 4334 480 4387 rit
502 4332 939 4386 lllaximushanc
974 4345 1191 4393 vocem,
1226 4337 1286 4383 ut
1317 4335 1686 4398 exponentem
1721 4341 1988 4398 eam,qua

398 4404 612 4459 Paulus
638 4418 774 4456 usus
799 4410 902 4464 est,
933 4396 1425 4468 περιπατήσωμεν,
1463 4413 1631 4466 quam
1657 4405 1713 4451 et
1739 4396 1986 4468 expressi

2087 565 2149 610 ut
2179 557 2233 610 in
2269 556 2514 611 novitate
2549 557 2672 610 vitae
2704 557 2948 620 ambulet
2972 556 3050 609 3’?

2159 647 2281 720 124.
2319 646 2456 702 Cum
2508 655 2618 701 tres
2667 647 2834 700 animi
2867 647 2976 701 sint
3013 647 3385 717 generaliores
3418 649 3671 714 virtutes,

2080 737 2353 808 jejunium
2378 744 2434 790 et
2459 736 2637 790 oratio
2663 751 2728 792 ac
2759 737 3076 800 silentium;
3111 752 3334 793 necesse
3363 747 3468 805 est,
3495 748 3557 794 ut
3579 741 3671 810 qui

2085 845 2154 883 ex
2187 828 2439 883 oratione
2473 828 2756 883 soluturus
2788 837 2893 893 est,
2925 828 2980 882 in
3017 831 3538 899 contemplationem
3576 832 3674 886 de-

2087 921 2231 976 sinat
2262 939 2274 974 :
2309 921 2404 991 qui
2436 937 2504 976 ex
2533 921 2776 984 silentio,
2806 921 2861 974 in
2903 935 3119 974 morum
3160 920 3582 988 tabulationem;
3619 923 3673 976 in

2087 1015 2324 1070 alterum
2375 1029 2510 1069 vero
2571 1029 2636 1068 ac
2701 1029 3027 1070 concessum
3085 1012 3307 1078 cibum,
3360 1015 3407 1070 is
3454 1016 3548 1085 qui
3593 1016 3677 1085 je-

2081 1106 2260 1176 junat.

2161 1199 2284 1252 125.
2318 1197 2571 1264 Quandiu
2607 1198 2825 1252 animus
2854 1197 2909 1252 in
2937 1197 3052 1253 suis
3078 1205 3356 1263 versatur,
3388 1198 3496 1252 hoc
3529 1199 3676 1268 quod

2087 1301 2172 1346 est
2200 1291 2266 1345 ad
2295 1291 2717 1346 similitudinem
2763 1299 2974 1354 servat,
3021 1291 3118 1360 qui
3148 1291 3329 1346 bonus
3363 1292 3594 1346 exsistat
3623 1303 3680 1348 et

2087 1382 2427 1438 misericors.
2463 1383 2600 1437 Dum
2635 1391 2819 1437 autem
2859 1383 2914 1436 in
2942 1383 3008 1438 iis
3041 1399 3165 1452 quae
3197 1383 3264 1438 ad
3296 1399 3518 1440 sensum
3551 1400 3678 1454 spe-

2087 1484 2260 1541 etant,
2291 1475 2566 1545 siquidem
2619 1484 2826 1530 temere
2873 1475 3092 1545 levique
3141 1491 3209 1530 ex
3249 1491 3435 1541 causa,
3466 1486 3523 1531 et
3567 1493 3678 1531 non

2087 1583 2188 1640 pro
2229 1583 2297 1624 eo
2335 1583 2400 1624 ac
2441 1567 2601 1624 decet
2650 1567 2926 1638 olliciique
2972 1569 3112 1624 ratio
3151 1571 3417 1639 postulat,
3449 1570 3678 1624 descen-

2087 1661 2190 1726 dit,
2219 1660 2358 1716 dans
2386 1661 2829 1731 experimentum
2857 1667 2914 1714 et
2939 1676 3185 1725 sumens,
3212 1661 3267 1714 in
3292 1661 3398 1715 illis
3421 1661 3680 1716 robustus

2089 1769 2154 1807 ac
2186 1753 2400 1822 vigens,
2435 1751 2503 1806 ad
2548 1767 2718 1821 seque
2756 1767 2949 1806 rursus
2984 1752 3310 1818 revertitur;
3357 1768 3481 1806 cum
3521 1768 3680 1808 occa-

2089 1843 2173 1898 sio
2198 1858 2262 1898 ac
2283 1841 2586 1897 necessitas
2617 1841 2825 1906 tulerit,
2853 1842 3005 1895 velut
3031 1840 3140 1895 dux
3180 1842 3403 1911 quidem
3440 1842 3681 1896 inconsi-

2090 1935 2314 1991 deratus
2366 1950 2470 1990 nec
2526 1935 2660 1990 satis
2716 1933 2963 2005 prudens
3016 1933 3321 1999 exstiterit,
3377 1935 3472 2005 qui
3518 1935 3679 2006 longe

2091 2041 2340 2098 magnam
2381 2026 2467 2081 sui
2491 2027 2769 2081 exercitus
2809 2034 3023 2096 partem
3055 2025 3352 2096 pugnando
3390 2025 3540 2097 [ante
3572 2042 3678 2096 pu-

2089 2116 2276 2190 gnam]
2317 2117 2586 2173 amiserit.
2627 2100 2900 2173 Cazterum
2932 2133 3042 2172 non
3087 2133 3281 2173 omnes
3312 2117 3382 2172 ab
3421 2118 3525 2172 hac
3572 2119 3677 2172 im-

2089 2226 2288 2266 munes
2327 2225 2469 2266 noxa
2510 2210 2883 2275 invenientur,
2920 2218 3191 2281 quotquot
3227 2211 3489 2265 nimirum
3533 2211 3678 2267 intra

2089 2304 2408 2374 prtesidium
2438 2319 2497 2360 se
2525 2304 2812 2359 continere
2842 2319 2954 2358 non
2983 2313 3302 2373 potuerunt.

2163 2394 2286 2452 126.
2330 2394 2422 2450 Sol
2454 2396 2558 2451 iste
2588 2394 2775 2450 sensui
2809 2395 3111 2466 expositus,
3146 2395 3422 2450 occlusam
3451 2395 3678 2451 domum

2091 2486 2371 2542 radiorum
2403 2502 2630 2542 suorum
2663 2487 2787 2542 luce
2811 2502 2921 2541 non
2951 2485 3187 2540 all'undit
3213 2503 3226 2540 :
3259 2494 3316 2541 at
3347 2503 3478 2543 vero
3517 2489 3682 2558 spiri-

2091 2577 2216 2633 talis
2259 2578 2375 2642 ille,
2419 2577 2566 2631 haud
2604 2577 2848 2648 fulgores
2877 2591 3008 2632 suos
3032 2577 3088 2632 in
3113 2577 3358 2633 animum
3395 2579 3679 2644 immittat,

2090 2669 2224 2741 quin
2260 2669 2427 2724 rebus
2457 2670 2513 2724 in
2539 2676 2824 2740 aspectum
2849 2667 3455 2740 cadentibus‘occlusos
3482 2683 3683 2725 sensus

2090 2762 2369 2818 habuerit.

2161 2855 2283 2910 127.
2319 2853 2416 2912 Vir
2450 2853 2720 2924 spiritalis
2759 2863 2816 2910 et
2852 2855 3072 2924 sapiens
3110 2860 3216 2919 est,
3246 2854 3340 2924 qui
3379 2853 3684 2910 descensus

2090 2961 2222 3002 suos
2266 2945 2584 3016 magniﬁce;
2627 2944 2795 3000 animi
2835 2960 2970 3001 vero
3008 2961 3272 3002 ascensus
3317 2945 3513 3001 humili
3557 2962 3680 3002 mo-

2092 3037 2361 3108 desteque
2392 3052 2558 3092 sensu
2587 3036 2849 3106 disponit.

2165 3129 2290 3183 128.
2329 3128 2463 3198 Apis
2508 3136 2727 3198 pratum
2777 3128 3042 3184 oberrans
3093 3143 3160 3184 ac
3208 3129 3481 3195 lustrans,
3529 3129 3680 3184 melli

2092 3222 2415 3277 fabricando
2455 3220 2740 3275 materiam
2777 3220 3028 3292 congerit
3067 3238 3081 3274 :
3119 3220 3448 3292 animusque
3488 3223 3683 3278 sedulo

2094 3312 2294 3368 saecula
2325 3310 2708 3375 considerans,
2748 3312 2952 3366 variam
2983 3310 3111 3366 inde
3135 3310 3682 3369 dulcedinem-menti

2098 3405 2295 3476 injicit.
2917 3394 2926 3407 ‘

2170 3495 2293 3549 129.
2345 3493 2558 3557 Cervus
2615 3494 2797 3550 exesis
2851 3494 3234 3564 serpentibus,
3291 3503 3356 3550 ut
3405 3511 3680 3551 venenum

2094 3587 2428 3655 exstinguat,
2473 3585 2541 3640 ad
2591 3585 2772 3640 fontes
2820 3601 3089 3656 aquarum
3123 3585 3298 3643 currit
3335 3585 3380 3618 δι
3417 3605 3429 3638 :
3464 3587 3683 3642 animus

2094 3695 2228 3735 vero
2261 3679 2465 3734 divinis
2494 3678 2712 3733 saucius
2750 3677 2966 3748 jaeulis,
3005 3675 3370 3732 immortalem
3416 3677 3686 3733 adversus

2092 3772 2476 3826 vulnerantem
2509 3785 2750 3825 amorem
2785 3770 2972 3825 trahit.

2171 3862 2291 3918 I50.
2342 3862 2515 3918 Nuda:
2574 3861 2964 3932 simplicesque
3017 3861 3383 3932 cogitationes
3434 3862 3683 3933 proclive

2093 3962 2450 4010 succrescunt
2495 3954 2622 4008 vita:
2673 3953 2976 4008 solitariae:
3007 3951 3060 4008 ei
3100 3967 3235 4008 vero
3278 3967 3401 4023 quae
3442 3953 3681 4008 duorum

2101 4254 2300 4331 merito
2338 4252 2521 4331 Marco
2554 4251 2959 4331 'diciturneap.
2999 4250 3126 4313 2H,
3183 4247 3412 4331 δευτέρα
3462 4265 3684 4320 κεχαρι-

2096 4325 2273 4394 σμένη
2323 4323 2524 4396 τροφή,
2554 4322 2715 4396 cibus
2773 4320 2853 4396 sit_
2905 4320 2959 4374 in
3013 4320 3275 4396 secundis
3342 4335 3678 4396 concessus;

2095 4391 2296 4464 nempe
2324 4391 2662 4464 corporalis,
2687 4407 2790 4464 pro
2835 4391 2986 4464 jiusta
3023 4391 3276 4464 corporis
3326 4391 3678 4458 necessitate,

400 4475 462 4527 in
491 4473 771 4527 versione.
804 4461 899 4526 Sic
943 4461 1090 4525 enim
1109 4461 1754 4539 ambulare,conversari
1783 4461 1890 4530 est,
1911 4474 1991 4520 ta-
2026 4486 2066 4539 ι)
2099 4461 2725 4539 ejusqueinduigentia,
2767 4461 2867 4539 I_)ei
2893 4476 3127 4539 munere
3161 4461 3415 4539 donatus.

334 4563 340 4566 ·
399 4545 665 4614 libusque
705 4541 1021 4614 rationibus
1053 4556 1116 4614 ac
1142 4539 1433 4614 disciplina
1456 4538 1624 4614 vitam
1659 4551 1988 4606 componere

395 4624 462 4669 et
498 4610 741 4684 exigere.
794 4612 1017 4683 Legisse
1055 4612 1353 4665 Maximum
1387 4610 1818 4678 πολιτεύσωμεν,
1880 4622 1993 4661 non

397 4684 584 4739 ausim
619 4698 889 4738 asserere.

480 4754 552 4825 (υ)
587 4753 1129 4821 Περιεκτικωτέρων
1158 4748 1406 4817 ἀρετῶν.
1434 4749 1525 4804 Sic
1559 4756 1616 4803 et
1651 4747 1869 4802 Marcus
1899 4763 1995 4825 ge-

399 4818 626 4881 nerales
653 4818 890 4878 virtutes
921 4831 1083 4877 vocat
1111 4840 1122 4875 :
1154 4829 1428 4890 praecepta
1456 4835 1680 4889 quoque
1711 4818 1994 4890 generalia

393 4905 462 4952 et
489 4894 869 4964 particularia,
897 4909 1018 4962 cap.
1051 4893 1121 4947 25
1156 4888 1232 4945 De
1249 4888 1556 4964 justitiam:
1575 4888 1742 4964 epeia
1775 4888 1996 4964 ἐντολὴν

393 4959 764 5035 περιεκτικὴν
798 4959 979 5028 (ἰίοἰι,“
1000 4980 1107 5033 qua
1139 4959 1287 5035 Deus
1311 4962 1474 5035 jubet
1509 4959 1997 5035 πᾶσινηάποτάξα-

397 5027 537 5090 σθαι
559 5039 674 5099 τοῖς
717 5027 1086 5104 ὑπάρχωσιν·
1123 5027 1505 5104 αὸνεηιῐνιιὶρνε
1547 5027 1994 5104 ovimibttsfacul-

401 5106 654 5163 tatibus:
721 5099 977 5175 μερικὴν,
1039 5121 1148 5173 qua
1197 5101 1521 5175 μεταδοὺναι
1553 5099 1631 5169 τῷ
1689 5099 1991 5175 μὴ-έχοντι,

399 5179 641 5232 tribuere
665 5171 832 5246 ei'qui
863 5171 968 5229 nam
991 5171 1164 5228 habet.
1193 5175 1266 5246 De
1292 5171 1555 5235 oratione,
1592 5187 1721 5246 cap1
1761 5171 1853 5246 illi,
1895 5171 1999 5246 πᾶ-

405 5266 513 5300 σαν
545 5240 810 5317 ἐργασίαν
847 5246 1080 5298 ἐντολῶν
1121 5247 1179 5297 ὲν
1205 5244 1344 5317 αὐτῇ
1404 5241 1886 5317 περικεκλεῖσθαι·
1913 5240 1997 5293 in-

401 5317 552 5373 cludi
578 5315 640 5370 in
671 5334 734 5370 ea
780 5333 989 5369 onmem
1021 5316 1385 5385 Operationem
1415 5315 1671 5385 uirtutum
1690 5328 1715 5385 _:_
1736 5326 1905 5385 quam
1942 5319 2000 5385 et

405 5388 965 5456 κεφαλαιωδεστέραν
992 5381 1226 5439 maxime
1257 5385 1477 5454 probat,
1503 5399 1625 5456 cap.
1653 5382 1776 5445 154,
1803 5381 1883 5434 sic
1909 5381 1997 5456 ni-_-

407 5450 616 5515 mirum
652 5450 1036 5519 smnma'riam,
1069 5465 1128 5510 ut
1159 5450 1297 5509 nihil
1328 5457 1384 5508 in
1411 5450 1596 5522 specie
1628 5467 1876 5514 oremus,
1900 5450 1998 5506 sed

407 5530 594 5584 solum
621 5529 716 5582 Dei
755 5543 982 5598 regnum
1031 5535 1087 5579 et
1119 5525 1434 5582 doctrinam
1485 5525 1608 5594 ejus
1663 5537 1994 5598 quaeramus.

409 5600 518 5656 Hic
548 5591 1132 5672 lllaxitnus'generaies
1163 5598 1399 5672 virtutes
1451 5591 1630 5672 vocat.
1666 5609 1789 5661 quae
1817 5591 1997 5672 pluri-

408 5672 542 5733 hns,
583 5685 678 5723 seu
703 5663 870 5723 etiam
893 5667 1152 5722 omnibus
1173 5667 1522 5729 conducant;
1551 5681 1658 5719 non
1689 5665 1835 5732 quod
1863 5663 2001 5716 alias

413 5755 615 5814 {mines
642 5741 1115 5814 connplectantur;
1182 5754 1288 5814 qua
1354 5737 1570 5814 r_a_tione
1618 5736 1733 5789 sola
1776 5733 2000 5814 dilectio

412 5807 516 5868 Dei
550 5806 603 5866 et
623 5806 884 5881 proximi,
933 5806 1212 5864 omnium
1245 5807 1478 5861 ἐντολῶν
1523 5806 1998 5877 περιεκτικωτὰτη

2171 4529 2257 4604 (ατ)“
2283 4529 2562 4602 Εὑχερῶὶῖ
2590 4533 2690 4590 καί
2728 4532 2814 4600 μὴ
2849 4531 3302 4604 προσηκόντως.
3350 4529 3550 4604 Addidi
3575 4546 3676 4585 ne-

2097 4602 2400 4676 gationem,
2444 4604 2591 4676 quod
2623 4602 3106 4676 vocumnopposita
3130 4602 3357 4654 omnino
3393 4602 3556 4664 ratio,
3577 4618 3682 4656 nec

2097 4670 2275 4745 possit
2299 4670 2502 4745 aliquis
2534 4673 2614 4728 sic
2644 4670 2936 4745 εὑχερῶς.
2969 4670 3068 4723 levi
3092 4685 3175 4745 ea:_
3198 4687 3360 4723 causa
3391 4679 3439 4721 et
3485 4680 3681 4745 temere

2097 4741 2165 4801 ad
2193 4741 2419 4799 sensilia
2447 4741 2809 4804 descendere,
2845 4750 2902 4796 et
2932 4741 3337 4810 προσηκόντως,
3365 4744 3682 4794 convenien-

2099 4826 2179 4870 ter
2199 4816 2461 4885 justaque
2491 4822 2548 4868 et
2570 4829 2727 4882 requa
2764 4809 3022 4885 ratione;
3054 4809 3336 4885 quomodo
3365 4811 3532 4885 etiam
3553 4827 3681 4885 pcr-

2097 4880 2226 4941 l'ect'i
2270 4884 2325 4938 in
2358 4880 2470 4939 illis
2509 4880 2822 4940 versantur.
2879 4881 3031 4934 nullo
3057 4887 3154 4932 aut
3197 4880 3304 4933 levi
3370 4897 3472 4934 suo
3503 4881 3681 4933 detri-

2099 4964 2308 5018 mento,
2335 4955 2484 5024 quod
2529 4955 2707 5024 ipsum
2758 4952 3071 5024 luculenter
3114 4951 3280 5024 iuste
3331 4951 3683 5024 iureessitatis

2098 5026 2308 5082 sarciat
2337 5021 2499 5086 ratio,
2549 5021 2614 5080 ac
2637 5023 2928 5078 eharitatis
2953 5021 3070 5089 ipsa
3119 5021 3242 5075 lex:
3281 5035 3384 5074 nec
3412 5021 3689 5075 Maximus

2098 5098 2169 5151 ab
2201 5095 2472 5164 ejusmodi
2493 5095 2786 5157 descensu,
2817 5107 2914 5164 sua
2942 5092 3047 5164 hac
3072 5091 3346 5164 sententia
3399 5103 3467 5144 ac
3494 5108 3680 5164 exerit:

2099 5160 2756 5237 plo,delmitdeterrere,
2811 5163 2908 5216 sed
2961 5161 3138 5215 solum
3172 5177 3202 5215 a
3261 5160 3470 5228 priore.
3522 5161 3717 5282 Οιιιοίί,

2099 5245 2223 5282 erat
2257 5238 2314 5282 ἐν
2349 5239 2462 5282 τοῖς
2503 5234 2688 5282 θείοις.
2723 5231 2933 5282 mutavi
2968 5234 3027 5282 ἐν
3056 5235 3168 5282 τοῖς
3223 5231 3469 5282 οἰκείοις.
3514 5231 3553 5282 Ρ
3580 5245 3682 5282 anc
3711 5237 3717 5274 ἲ

2099 5231 2223 5292 Erat
2257 5238 2314 5289 ἐν
2349 5239 2462 5298 τοῖς
2503 5234 2688 5296 θείοις,
2723 5231 2933 5286 mutavi
2968 5234 3027 5282 ἐν
3056 5235 3168 5293 τοῖς
3223 5231 3469 5292 οἰκείοις.
3514 5231 3682 5284 Plane
3711 5237 3717 5274 τ

2099 5305 2552 5375 enimeomponit
2575 5312 2816 5360 mentem
2852 5317 3060 5375 secum_
3086 5301 3282 5375 ipsam,
3313 5309 3374 5354 ut
3407 5299 3681 5375 spiritalia

2101 5387 2368 5441 sectatur,
2395 5369 2457 5431 et
2487 5385 2547 5430 nt
2573 5391 2631 5430 se
2665 5375 2731 5428 ad
2763 5389 2987 5428 sensum
3029 5369 3313 5426 demittit:
3353 5387 3465 5440 quo
3491 5369 3678 5441 priore

2101 5449 2268 5502 modo
2301 5440 2361 5501 in
2383 5447 2623 5519 propriis
2644 5453 2924 5519 versatur,
2959 5451 3014 5496 et
3049 5451 3109 5495 ut
3149 5441 3471 5519 n_tehs_agit_,
3505 5441 3588 5519 τὸ,
3623 5440 3682 5490 ἐν

2100 5519 2180 5588 τῷ
2209 5510 2506 5588 μάχεσθαι,
2543 5516 2790 5586 proclive
2815 5521 3044 5573 mutem,
3096 5510 3339 5588 προτοὺ
3385 5510 3677 5588 μάχεσθαι’

2104 5578 2227 5642 ait“;
2259 5578 2662 5659 pugnavit—,unre
2691 5593 2842 5659 certe
2873 5599 3070 5659 magna
3102 5578 3260 5659 ducis
3286 5578 3681 5659 _imprudcntia

2102 5671 2205 5723 est,
2241 5650 2371 5712 dum
2408 5650 2598 5727 copias
2629 5650 3025 5727 deteritqua'si
3060 5650 3340 5705 velitando
3378 5659 3436 5727 et
3481 5664 3682 5703 excur-

2106 5718 2300 5793 rendo,
2333 5718 3156 5799 ante'justipraelii-"molem,
3205 5736 3317 5792 quo
3372 5718 3439 5774 de
3497 5733 3682 5772 rerum

2106 5817 2317 5856 sunnna
2345 5796 2762 5855 decernendum
2787 5796 2878 5852 sit.
