4060 6434
448 353 579 417 ΗΒῙ

444 559 557 613 titan
597 559 1062 627 immorantesque
1105 557 1489 629 cogitationes.
1532 558 1803 615 Czeterum
1840 562 2028 615 animo

439 651 534 719 qui
584 649 775 703 multis
811 648 1022 703 divisus
1062 658 1169 714 est,
1204 648 1511 705 abscedunt
1554 649 1780 720 quidem
1823 650 2031 722 cogita-

443 740 655 807 tiones;
693 748 906 794 mentes
938 753 1073 794 vero
1107 739 1237 795 solae
1273 725 1602 811 corporibus
1632 740 1793 796 nudae
1820 740 1899 796 illi
1932 756 2028 797 ac-

1610 354 1670 414 S.
1705 356 1990 417 MAXIM]
2031 356 2545 418 CONFESSOBIS

443 465 755 534 pluriumve
801 462 1084 520 consortio
1129 464 1331 535 agitur,
1368 463 1526 519 seria:
1562 465 1737 537 magis
1777 481 1842 522 ac
1875 482 2033 537 repe-
2069 481 2103 529 Α

2139 468 2314 539 σχιδεί
2340 468 2513 538 ψυχῇ.
2565 466 2819 537 λογισμοὶ
2881 466 2984 537 μὲν
3022 465 3431 536 ἀπελήλανταν
3484 461 3601 527 νόις
3648 464 3697 518 δὲ

2139 561 2288 630 μόνοι
2330 560 2528 631 γυμνοὶ
2578 560 2850 630 σωμάτων
2881 557 2957 631 (y)
3009 559 3147 629 αὐτῇ
3208 554 3693 629 προσπελάζοντες.

2137 652 2262 715 τοὺς
2311 654 2443 722 περὶ
2502 651 2768 723 Προνοίας
2805 650 2899 705 καὶ
2954 649 3192 722 κρίσεως
3247 649 3464 717 λόγους,
3497 646 3571 712 ὥς
3594 664 3703 702 τινα

2138 742 2363 814 θεμέλια
2396 743 2500 814 γῆς
2535 741 3038 807 ἀνακαλύπτοντες,
3061 740 3199 811 αὐτῇ
3232 736 3638 810 ἐμφανίζουσιν.

438 829 700 886 cedentes
736 829 1032 886 manifeste
1079 838 1378 901 apparent,
1409 817 1789 887 Providentia:
1832 847 1899 887 ac
1966 831 2163 903 iudicii
2185 874 2200 899 ,
2268 834 2421 889 velut
2464 833 2715 905 quaedam
2764 832 3127 889 fundamenta
3168 840 3352 897 terrai,
3418 829 3707 887 revelantcs

437 922 686 977 rationes
723 922 792 975 ³⁸.

507 1015 676 1088 656
727 1015 847 1070 151.
889 1013 1283 1086 Cogitationes,
1323 1029 1430 1070 nec
1474 1016 1647 1084 partis
1689 1023 1822 1070 sunt
1859 1016 2033 1071 animi

440 1108 681 1163 carentis
719 1107 954 1172 ratione,
989 1122 1100 1161 non
1132 1107 1282 1161 enim
1317 1106 1579 1179 cogitatio
1612 1107 1689 1179 (id
1724 1116 1829 1173 est,
1860 1108 2031 1163 ratio-

439 1194 669 1267 cinatio)
715 1196 773 1251 in
826 1194 1006 1250 brutis
1053 1203 1167 1262 est;
1220 1211 1403 1266 neque
1456 1195 1659 1251 mentis
1699 1204 1861 1260 sunt,
1903 1212 2030 1253 nam

441 1306 620 1362 neque
680 1290 739 1345 in
795 1289 1027 1361 angelis.
1080 1289 1220 1345 Cum
1274 1304 1408 1360 ergo
1460 1279 1740 1344 facultatis
1798 1290 2033 1348 rationis

438 1381 687 1451 germina
734 1379 867 1445 sint,
902 1380 1252 1446 velutscala,
1293 1378 1552 1435 facultate
1596 1385 1819 1435 utentes
1861 1379 2033 1435 infor-

442 1482 624 1529 mante
655 1472 891 1544 species,
916 1487 948 1527 a
970 1488 1137 1528 sensu
1176 1472 1245 1529 ad
1278 1481 1521 1528 mentem
1555 1473 1885 1538 ascendunt,
1907 1491 2034 1545 qua:

438 1577 570 1623 sunt
614 1567 765 1622 illius
812 1566 862 1622 ei
916 1567 1271 1634 nuntiantes;
1323 1567 1778 1639 descenduntque
1820 1584 1890 1624 ex
1938 1571 2030 1626 illa

2214 1018 2351 1089 ρλα’.
2384 1020 2449 1073 Οἱ
2495 1019 2767 1090 λογισμοὶ,
2800 1017 2928 1072 οὔτε
2971 1014 3068 1069 τοῦ
3119 1015 3318 1084 ἀλόγου
3366 1012 3567 1084 μέρους
3609 1014 3708 1067 εἰσὶ

2137 1113 2238 1183 τῆς
2273 1111 2454 1183 ψυχῆς
2474 1129 2487 1142 °
2524 1112 2647 1165 οὐδὲ
2685 1112 2795 1182 γάρ
2823 1106 3215 1178 ἐστιλογισμὸς
3245 1109 3304 1161 ἐν
3331 1107 3445 1168 τοῖς
3472 1104 3707 1172 ἀλόγοις·

2137 1204 2261 1258 οὔτε
2302 1204 2397 1258 τοῦ
2455 1202 2645 1275 νοεροῦ
2665 1220 2677 1231 ·
2701 1203 2826 1257 ἐπεὶ
2882 1201 3017 1273 μηδὲ
3066 1202 3125 1253 ἐν
3156 1196 3409 1267 ἀγγέλοις
3428 1211 3443 1225 ·
3468 1195 3634 1265 αὐτῆς
3658 1194 3710 1247 δὲ

2137 1298 2236 1366 τῆς
2279 1295 2507 1366 λογικῆς
2537 1296 2692 1360 ὄντες
2748 1295 3090 1365 γεννήματα,
3121 1290 3197 1354 ὡς
3230 1288 3463 1358 κλίμακι
3492 1288 3561 1357 τῇ
3588 1303 3711 1353 φαν-

2137 1388 2306 1459 τασίᾳ
2349 1386 2649 1459 χρώμενοι,
2706 1384 3062 1440 ἀναϐαίνουσι
3112 1381 3212 1453 μὲν
3274 1378 3410 1450 πρὸς
3460 1376 3553 1430 τὸν
3595 1374 3712 1429 νοῦν

2136 1480 2244 1535 ἀπὸ
2279 1480 2379 1550 τῆς
2428 1478 2755 1550 αἰσθήσεως,
2784 1476 2857 1530 τὰ
2907 1473 3125 1544 ἐκείνης
3172 1469 3321 1541 αὐτῷ
3357 1466 3715 1536 ἀπαγγέλλον-

2137 1588 2257 1635 τες’
2296 1569 2690 1626 καταϐαίνουσι
2719 1569 2778 1623 δὲ
2810 1565 2949 1638 πρὸς
2978 1564 3148 1638 αὐτὴν
3171 1564 3232 1631 ἐξ
3259 1562 3427 1617 αὐτοῦ
3479 1561 3551 1615 τὰ
3575 1560 3711 1617 ἐκεί-

439 1657 507 1712 ad
572 1658 788 1728 ipsum,
845 1673 968 1727 qua:
1019 1659 1141 1729 ejus
1195 1667 1328 1715 sunt
1384 1658 1463 1714 illi
1517 1659 1856 1717 documento
1917 1672 2031 1719 tra-

2143 1679 2229 1716 νου
2254 1660 2656 1731 ὑποτιθέμενοι.

440 1749 659 1805 dentes.

511 1842 635 1897 152.
678 1843 844 1898 Velut
888 1841 1116 1913 quidam
1171 1857 1203 1897 e
1246 1843 1527 1914 profundo
1573 1862 1795 1903 sursum
1849 1862 2035 1903 cmer-

439 1944 653 2003 gentes,
689 1949 774 1998 ac,
818 1950 931 2005 quo
971 1935 1231 2005 adiutore
1276 1945 1525 2005 utantur,
1566 1956 1902 2012 quemquam
1940 1957 2039 2012 ap-

441 2026 791 2095 prehendere
837 2029 1084 2086 nitentes
1108 2029 1299 2101 illique
1333 2032 1643 2113 adhaerere,
1678 2034 1759 2090 sic
1790 2035 1946 2092 malae
1977 2051 2037 2092 se

438 2119 803 2189 cogitationes
827 2120 1140 2188 habebunt,
1167 2123 1299 2178 dum
1328 2125 1465 2181 ratis
1487 2126 1541 2181 in
1574 2128 1823 2192 modum,
1852 2127 2037 2200 lacry-

439 2226 657 2264 marum
689 2210 906 2266 diluvio
939 2212 1141 2268 vitium
1171 2214 1227 2268 in
1263 2216 1578 2286 periculum
1608 2228 1860 2274 vocatur.

514 2302 637 2357 155.
678 2302 790 2359 Pro
823 2304 1074 2376 subjecta
1115 2306 1290 2363 animi
1328 2308 1622 2377 qualitate,
1650 2311 1762 2378 vel,
1801 2317 1864 2366 ut
1889 2311 2040 2382 pira—

380 2434 385 2447 .
442 2402 627 2450 tarum
688 2409 845 2451 more
900 2396 1083 2468 pelagi
1134 2397 1415 2467 profundo
1467 2412 1750 2473 mergant,
1802 2402 1923 2470 vel,
1976 2413 2040 2459 ut

441 2487 621 2542 instar
665 2486 938 2560 remigum
986 2489 1269 2545 laboranti
1312 2493 1486 2548 maris
1529 2495 1780 2566 periculo
1824 2494 2039 2565 pariter

440 2592 607 2648 opem
641 2578 849 2647 ferant,
882 2581 1034 2638 circa
1071 2596 1203 2639 eum
1243 2593 1523 2657 coguntur
1567 2587 1934 2659 cogitationes
1973 2603 2040 2644 ae

442 2671 723 2740 rationes;
766 2673 890 2731 alia;
926 2674 1161 2747 quidem
1207 2675 1267 2732 in
1312 2677 1547 2750 pelagus
1594 2680 1878 2735 trahentes
1923 2688 2041 2735 tur-

440 2765 597 2835 pium
654 2765 1088 2838 cogitationum;
1144 2769 1268 2825 alite
1323 2784 1459 2826 vero
1514 2771 1821 2842 proximam
1881 2785 2039 2827 oram

442 2858 712 2928 legentes,
756 2865 819 2913 ut
854 2859 925 2915 ad
974 2860 1275 2933 tranquilla
1314 2871 1558 2919 mentem
1603 2862 1793 2919 littora
1835 2862 2038 2933 impel-

440 2951 573 3007 lant.

514 3044 640 3099 154.
683 3042 993 3115 Septimum
1028 3046 1211 3103 inanis
1240 3046 1433 3118 glorise
1463 3044 1689 3113 vitium,
1710 3045 1808 3118 qui
1840 3055 1905 3103 ut
1936 3062 2038 3102 ex-

445 3147 680 3193 tremam
726 3137 973 3193 tunicam
1017 3147 1282 3195 excutere
1322 3139 1460 3197 velit
1499 3140 1742 3205 animus,
1787 3139 1895 3194 nisi
1942 3138 2040 3193 illo

444 3230 735 3301 superiora
778 3230 1029 3296 exuerit,
1082 3231 1234 3287 haud
1277 3230 1455 3302 possit
1498 3238 1749 3287 octavam
1795 3237 2041 3302 postmo-

443 3321 579 3374 dum
599 3321 1007 3392 superinduere
1035 3322 1454 3394 cogitationem,
1484 3338 1651 3394 quam
1677 3331 1735 3378 et
1754 3323 2038 3380 caelestem

382 3436 387 3441 -
446 3412 849 3469 habitationem
879 3430 1082 3470 vocare
1115 3397 1272 3471 novit
1293 3415 1518 3470 divinus
1546 3415 1848 3485 Apostolus
1882 3415 1949 3480 ³⁸,
1975 3429 2042 3469 ac

444 3522 544 3577 per
593 3509 836 3578 gemitus
889 3523 1018 3564 eum
1067 3508 1504 3579 superinduere,
1557 3508 1654 3579 qui
1703 3508 1826 3580 ejus
1873 3522 2039 3564 causa

445 3601 686 3658 terrenis
718 3602 854 3657 nudi
893 3602 1189 3658 exsistant.

514 3694 641 3750 155.
678 3693 947 3752 Perfecta:
978 3694 1214 3751 orationi
1244 3693 1413 3765 objici
1442 3694 1624 3750 solent
1652 3692 2039 3765 cogitationes,

444 3781 659 3851 angeli;
722 3781 957 3845 mediae,
1001 3783 1314 3853 spiritales;
1380 3783 1834 3849 rudimentariae,
1880 3791 2045 3838 natu-

447 3873 617 3929 rales.

517 3966 643 4022 156.
677 3966 1162 4034 Quemadmodum
1196 3969 1352 4041 grani
1390 3985 1659 4042 generosa
1688 3969 1773 4026 vis
1805 3985 1903 4041 per
1934 3969 2044 4041 spi-

2210 1839 2343 1912 ρλβ’.
2380 1839 2480 1903 Ὦς
2510 1855 2659 1901 τινες
2703 1838 2769 1893 ἐκ
2800 1835 2967 1909 βυθοῦ
2996 1833 3419 1906 ἀναφερόμενοι,
3455 1831 3553 1885 καί
3580 1846 3717 1893 τινος

2138 1933 2218 1996 εἰς
2278 1931 2530 2003 βοήθειαν
2592 1928 2952 1987 ἐπιλαϐέσθαι
3001 1926 3365 1998 πειρώμενοι,
3394 1926 3445 1979 οἱ
3496 1922 3719 1992 πονηροὶ

2141 2027 2398 2097 λογισμοὶ
2424 2025 2839 2096 εὑρεθήσονται,
2854 2023 3056 2079 ὁλκάδα
3084 2022 3360 2093 καθάπερ,
3382 2015 3721 2075 κινδυνευού-

2140 2136 2244 2189 σης
2275 2119 2377 2189 τῆς
2402 2119 2607 2182 κακίας
2644 2109 3325 2199 δακρύωνκατακλυσμῷ.

2213 2298 2344 2372 ρλγ⁹.
2376 2301 2538 2355 Κατὰ
2562 2299 2662 2370 τὴν
2707 2296 3075 2368 ὑποκειμένην
3101 2294 3366 2364 ποιότητα
3390 2292 3493 2362 τῆς
3524 2289 3718 2361 ψυχῆς,

2139 2394 2173 2468 ἢ
2206 2396 2284 2459 ὡς
2324 2392 2585 2466 πειραταὶ
2638 2389 3080 2455 καταποντίζειν,
3104 2389 3137 2459 ἢ
3162 2388 3238 2452 ὡς
3264 2386 3451 2457 ἐρέται
3481 2384 3722 2455 συμϐοη-

2140 2486 2259 2541 θείν
2288 2483 2703 2556 κινδυνευούσῃ.
2734 2485 2785 2541 οἱ
2833 2483 2965 2554 περὶ
2993 2480 3164 2552 αὐτὴν
3205 2481 3540 2548 συνάγονται
3580 2477 3723 2544 λογι-

2142 2580 2271 2652 σμοί
2289 2593 2305 2611 ’
2361 2579 2417 2632 οἱ
2460 2578 2563 2648 μὲν
2608 2576 2747 2647 πρὸς
2793 2577 3031 2643 πέλαγος
3067 2571 3289 2627 ἐννοιῶν
3320 2570 3579 2633 ἕλκοντες
3622 2565 3725 2623 τῶν

2140 2671 2411 2745 ἀπρεπῶν
2434 2669 2716 2740 λογισμῶν
2737 2685 2751 2698 ·
2799 2667 2850 2721 οί
2894 2666 2955 2721 δὲ
2987 2666 3085 2738 τὴν
3120 2659 3289 2721 ἆσσον
3320 2661 3728 2736 παρεκλεγόμε-

2140 2783 2246 2833 νοι,
2278 2766 2374 2820 καὶ
2409 2763 2547 2837 πρὸς
2572 2761 2867 2834 γαληνίους
2897 2759 3072 2823 ἀκτὰς
3101 2757 3194 2813 τὸν
3244 2755 3370 2812 νοῦν
3411 2752 3727 2811 ἐποκείλου-

2143 2876 2247 2914 σιν.

2216 3039 2345 3114 ρλδ’.
2380 3038 2651 3111 Ἕϐδομον
2700 3036 2792 3090 τὸν
2825 3033 2929 3106 τῆς
2985 3030 3294 3099 κενοδοξίας
3355 3028 3622 3101 λογισμὸν
3661 3027 3730 3100 (ι)

2140 3131 2292 3197 ὅντα,
2323 3133 2356 3205 ἠ
2384 3129 2648 3199 ἐφειμένη
2693 3127 2769 3191 ὡς
2824 3127 3054 3196 ἔσχατον
3095 3121 3472 3179 ἀωὸαλέσθαι
3529 3121 3730 3193 χιτῶνα

2140 3223 2309 3296 ψυχὴ,
2342 3224 2390 3277 εί
2423 3221 2499 3294 μὴ
2525 3221 2653 3286 τοὺς
2679 3219 2789 3291 πρὸ
2815 3217 2984 3272 αὐτοῦ
3005 3215 3410 3287 ἁπεκδύσηται,
3465 3216 3532 3268 οὐ
3571 3216 3730 3285 δυνή-

2143 3333 2297 3371 σεται
2350 3315 2468 3386 μετ’
2514 3313 2714 3376 αὐτοὺς
2767 3310 2956 3380 ὃγδοον
3015 3307 3436 3365 ἐπενδύσασθαι.
3488 3309 3589 3361 Ὃν
3643 3307 3733 3360 καὶ

2141 3409 2459 3481 οἰκητήριον
2491 3406 2743 3478 οὐράνιον
2768 3404 2955 3459 καλεῖν
2974 3399 3118 3458 οἶδεν
3144 3404 3172 3456 ὁ
3197 3401 3342 3465 θεῖος
3378 3399 3729 3464 ’Δπόστολος,

2142 3502 2238 3557 καὶ
2270 3501 2360 3554 διὰ
2414 3490 2740 3567 στεναγμῶν
2783 3494 3143 3551 ἐπενδύεσθαι
3190 3495 3318 3559 τοὺς
3352 3492 3422 3546 δι’
3450 3493 3591 3547 αὐτὸ
3628 3491 3734 3545 τῶν

2146 3593 2346 3649 ὑλικῶν
2379 3609 2447 3660 γυ
2455 3589 2843 3664 μνητεύοντας.

2222 3685 2352 3759 ρλέ.
2380 3686 2459 3757 Τῇ
2496 3684 2595 3756 μὲν
2635 3683 2821 3754 τελείᾳ
2870 3682 3031 3753 εὐχῇ,
3085 3679 3308 3750 ἄγγελοι
3357 3677 3735 3750 παραϐάλλειν

2146 3771 2424 3850 πειρῦκασι
2446 3777 2725 3847 λογισμοίο
2768 3779 2834 3847 τῇ
2866 3776 2922 3829 δέ
2957 3777 3119 3849 μέσῃ,
3147 3771 3547 3845 πνευματικοίο
3574 3773 3642 3842 τῇ
3678 3769 3735 3823 δὲ

2167 3876 2531 3945 εἰσαγωγικῇ,
2575 3874 2626 3927 οἱ
2680 3870 3014 3941 φυσιολόγοι.

2220 3969 2364 4039 ρὶς’.
2401 3967 2616 4038 Ὥσπερ
2653 3965 2713 4019 τὸ
2752 3963 2970 4032 εὐγενὲς
2998 3961 3092 4016 τοῦ
3122 3960 3327 4015 κόκκου
3364 3958 3455 4014 διὰ
3480 3957 3580 4013 τοῦ
3614 3956 3736 4011 στά-

445 4073 566 4113 cam
610 4058 954 4115 manifestari
991 4059 1153 4123 solet,
1199 4061 1283 4115 sic
1317 4069 1374 4116 et
1420 4060 1909 4131 contemplationis
1948 4075 2043 4115 ve-

2146 4081 2299 4136 χυος,
2339 4061 2484 4115 οὕτω
2515 4059 2612 4115 καὶ
2659 4057 2722 4113 τὸ
2749 4054 3043 4128 εἰλικρινὲς
3078 4053 3179 4126 τῆς
3199 4051 3434 4122 θεωρίας
3454 4049 3548 4104 διὰ
3579 4065 3735 4120 προο-

446 4150 583 4205 ritas
607 4165 709 4221 per
735 4151 1068 4207 orationem.
1103 4151 1182 4207 Ac
1215 4152 1364 4222 spica
1394 4152 1619 4223 quidem
1652 4153 1804 4208 velut
1832 4161 2043 4207 armata

2145 4157 2313 4226 ευχῆς
2367 4152 2560 4208 εἴωθεν
2602 4146 3005 4223 ἐμφανίζεσθαι
3025 4163 3040 4180 ·
3070 4145 3339 4215 κέκτηται
3366 4141 3424 4196 δὲ
3453 4143 3487 4196 ὁ
3510 4142 3633 4213 μὲν,
3662 4139 3739 4203 είς

445 4241 697 4310 quaedam
748 4243 960 4314 spicula
1005 4243 1216 4299 circum
1265 4244 1464 4305 aristas
1511 4244 1701 4311 habet,
1742 4258 1867 4315 quae
1908 4258 2042 4299 aves

2145 4242 2471 4315 ἀποτροπὴν
2517 4238 2629 4295 τῶν
2662 4236 3057 4311 σπερμολόγων
3108 4234 3336 4307 ὀρνέων,
3378 4227 3471 4287 οἷᾶ
3507 4249 3635 4286 τινα
3663 4227 3740 4283 δό-

447 4335 659 4391 semina
707 4337 958 4409 legentes
1004 4348 1266 4406 arceant;
1305 4339 1486 4394 oratio
1523 4353 1660 4394 vero
1694 4352 1791 4394 eas
1832 4336 2042 4409 cogita-

447 4428 630 4483 tiones
657 4444 780 4499 qua:
815 4429 1282 4501 philosophantur
1312 4432 1367 4487 in
1401 4429 1822 4495 tentationibus,
1852 4439 1913 4485 ut
1943 4427 2042 4484 ad—

446 4528 738 4577 versantes
773 4521 1122 4577 interimant.
1430 4506 1431 4513 “
1511 4576 1519 4585 ,

520 4615 643 4670 157.
680 4614 813 4682 Quae
856 4615 1024 4670 animi
1065 4616 1247 4673 oculis
1296 4614 1597 4686 conspicua
1635 4623 1766 4670 sunt
1801 4614 2044 4684 (actione

446 4706 685 4777 scilicet)
708 4709 863 4763 velut
887 4708 1159 4763 columbze
1186 4724 1380 4779 penna:
1406 4707 1777 4779 deargentatze
1803 4716 1935 4763 sunt
1960 4707 2041 4759 3":

2149 4353 2311 4413 ρατα,
2343 4335 2474 4398 τοὺς
2514 4329 3004 4405 περιστοιχοῦντας
3038 4327 3374 4399 ἀνθέρικαςο
3405 4326 3468 4379 τὸ
3499 4324 3583 4389 δὲ,
3616 4323 3740 4385 τοὺς

2148 4425 2572 4499 φιλοσοφοῦντας
2613 4425 2671 4478 ἐν
2723 4422 3054 4493 πειρασμοῖς
3102 4418 3421 4489 λογισμοὺς,
3469 4416 3613 4487 πρὸς
3642 4414 3739 4487 τὴν

2148 4518 2378 4575 ἐκείνων
2412 4517 2718 4589 ἀναίρεσιν.

2226 4610 2359 4682 ρλζη
2400 4610 2483 4664 Τὰ
2509 4610 2608 4679 μὲν
2636 4606 2894 4681 ὁρώμενα
2921 4607 3025 4677 τῆς
3055 4603 3258 4676 ψυχῆς,
3304 4603 3394 4658 διὰ
3442 4602 3549 4674 τὴν
3597 4600 3737 4670 πρᾶ-

2153 4703 2256 4772 ξιν,
2294 4703 2631 4776 περιστερᾶς
2655 4697 3159 4774 περιηργυρωμένα
3187 4695 3442 4766 καθάπερ
3472 4695 3588 4749 εἰσὶ
3610 4708 3740 4748 πτε-

521 4888 565 4919 ³⁸
599 4885 743 4941 Psal.
792 4900 922 4947 xvu,
965 4884 1045 4939 l6.
1125 4885 1169 4917 ³⁸
1196 4885 1239 4939 ll
1263 4883 1393 4939 Cor.
1424 4901 1480 4950 ν,
1503 4884 1558 4939 ‘2.
1637 4883 1680 4913 ³⁷
1715 4882 1858 4937 Psal.
1895 4898 2053 4947 vau,
2090 4881 2176 4937 M.

525 5044 602 5117 (ῃ)
634 5044 787 5125 Νόες
814 5043 991 5125 ιιςένοι
1022 5042 1235 5125 Tuum!
1263 5042 1752 5125 ,σωμάτωνριιιιε
1771 5044 1863 5099 hic
1893 5060 2047 5098 men-

452 5113 713 5172 tcs‘vocat
732 5113 1022 5177 Maximus,
1062 5113 1194 5184 ipsa:
1231 5113 1346 5184 sint
1367 5129 1488 5183 quae
1517 5115 1884 5184 cogitationes
1923 5130 2050 5169 sue-

453 5186 700 5267 cendunt
741 5192 919 5267 atque
962 5183 1261 5267 decuriones,
1298 5183 1383 5239 sic
1436 5183 1703 5267 nimirum
1745 5185 2052 5267 proﬂigatae

454 5259 579 5312 vitze
605 5254 931 5311 hominibus
956 5256 1306 5324 praesentiam
1359 5264 1457 5311 aut
1477 5254 1633 5325 quasi
1665 5254 2042 5324 praesentiam,

455 5329 661 5383 nudam
716 5325 1082 5379 exhibentes:
1134 5327 1290 5381 velut
1335 5326 1779 5382 etiam.mentes
1817 5336 2042 5387 sanetae,

454 5399 675 5453 eximiae
707 5395 1022 5451 sanctitatis
1053 5394 1211 5459 viris,
1241 5396 1581 5466 quandoque
1638 5396 1792 5466 ipsae,
1842 5412 1955 5452 non
1988 5397 2043 5451 in

455 5469 687 5531 somnis,
729 5477 828 5522 aut
869 5474 1160 5537 moventes
1194 5467 1306 5537 vim
1337 5466 1651 5537 cogitandi;
1704 5468 1801 5523 sed
1851 5482 2043 5522 coram

458 5540 753 5610 przesentia
777 5535 935 5610 quasi
978 5536 1256 5610 corporali
1288 5535 1582 5610 apparent,
1619 5538 1923 5610 divinaque
1945 5553 2044 5610 eos

458 5605 697 5665 Elocent:
733 5605 830 5679 qui
885 5605 1452 5679 gradusupmphetim
1501 5608 1627 5664 aliis
1684 5610 1794 5679 jam
1830 5605 2042 5674 'dictis,

461 5684 687 5733 azietore
735 5677 903 5732 etiam
955 5677 1210 5747 angelico
1264 5678 1533 5742 Doctore,
1581 5677 1750 5735 altior
1797 5680 2039 5735 exsistit.

460 5750 914 5825 Ohscuratamen
947 5746 1063 5825 tota
1098 5746 1189 5801 hic
1224 5747 1444 5802 Maximi
1472 5762 1631 5804 mens
1655 5759 1712 5804 et
1742 5749 2040 5825 doctrina,

459 5835 526 5875 ac
559 5834 690 5873 num
721 5819 823 5887 ipsi
852 5819 969 5873 sine
1003 5816 1258 5873 discursu
1298 5828 1604 5886 conceptus
1643 5821 1844 5877 mentis
1878 5822 2040 5876 altio-

2155 5061 2267 5105 res,
2293 5044 2392 5102 ita.
2425 5041 2606 5097 vocati
2623 5041 2760 5106 νόες.

2230 5115 2300 5188 (z)
2334 5114 2448 5169 Τὸν·
2477 5112 2588 5180 τῆς
2607 5109 3319 5188 ’κενρᾷοξίαςλογισιεᾴη
3344 5111 3740 5188 Vitiumsonat

2159 5180 2255 5241 illa
2278 5180 2402 5249 vox,
2440 5198 2566 5241 cum
2589 5182 2660 5238 de
2693 5183 2899 5238 talibus
2936 5182 3166 5237 dicitur.
3205 5180 3448 5236 Vitiosas
3503 5182 3602 5237 alii
3655 5196 3739 5235 ce-

2152 5257 2490 5325 gitationes,
2537 5262 2760 5319 vocant,
2813 5253 2883 5308 de
2943 5252 3150 5325 quibus
3186 5262 3406 5307 exstant
3458 5251 3737 5325 Cassiani,

2152 5322 2285 5390 Nili,
2317 5335 2375 5381 et
2412 5326 2651 5381 aliorum
2689 5332 2978 5379 tractatus.
3008 5323 3235 5393 Septem
3273 5337 3408 5393 ergo
3437 5339 3541 5378 seu
3562 5322 3736 5381 vitiis,

2156 5413 2256 5454 seu
2285 5395 2509 5452 vitiosis
2548 5394 3010 5466 cogitationibus,
3058 5394 3292 5464 ipsaque
3328 5401 3616 5463 postremo
3649 5409 3743 5447 ex-

2147 5484 2311 5524 cussa
2346 5466 2531 5522 inanis
2576 5465 2770 5538 gloriae
2816 5465 2992 5538 labes,
3059 5473 3340 5538 superest,
3391 5476 3453 5519 ut
3481 5473 3736 5538 octavam

2148 5533 2703 5610 cogitationem,_no_n
2725 5537 2838 5610 jam
2868 5533 3152 5610 vitiosam,
3183 5533 3279 5590 sed
3303 5550 3429 5610 qua;
3453 5535 3614 5610 vitiis
3642 5546 3736 5586 seu

2149 5603 2445 5665 ati‘éctibus
2515 5603 2814 5662 eliminatis
2879 5606 3174 5671 succedit,
3232 5603 3735 5676 superinduamus;

2153 5694 2318 5751 quam
2374 5677 2731 5734 eommunius
2754 5677 3025 5751 Maximus
3045 5669 3256 5751 aliique
3302 5669 3589 5751 spiritales
3640 5669 3739 5738 τὴν

2152 5742 2426 5805 ἀπάθειαν
2451 5757 2657 5803 vocant
2681 5764 2709 5821 ιγ
2742 5748 3089 5802 domicilium
3143 5742 3392 5809 emleste,
3436 5742 3591 5821 quod
3647 5752 3738 5812 ge-

2154 5821 2385 5877 mitibus
2402 5836 2464 5875 ac
2489 5819 2743 5887 iacrvmis
2786 5824 3034 5889 paratur.
