4060 6430
469 366 605 432 1435

1645 361 1705 419 s.
1748 333 2043 418 MAXIMI’
2076 351 2589 414 conrsssoms

3616 349 3740 417 1436

464 483 940 556 contemplationi.
978 481 1131 536 Alter
1159 477 1388 549 quidem
1429 476 1485 532 in
1515 476 1605 530 his
1635 472 2063 546 philosophatur

2178 468 2396 535 οιτικός.
2439 470 2500 523 '0
2529 469 2631 541 μὲν
2659 469 2719 523 ἐν
2748 470 2861 533 τοῖς
2882 467 3023 523 κατά
3045 468 3209 538 φύσιν
3239 466 3554 540 φιλοσοφῶν
3578 485 3591 497 ·
3622 473 3650 525 6
3668 471 3738 539 δι,

464 598 589 656 quae
612 591 743 637 sunt
771 592 841 632 ex
869 582 1095 640 natura;
1123 571 1262 626 alter
1283 584 1421 626 vero
1446 568 1502 623 in
1527 566 1781 622 oratione
1812 565 2064 633 seipsum

471 674 672 731 nescit.

535 766 656 819 M7.
698 761 819 816 Non
852 757 1059 814 sinitur
1088 755 1306 811 activus
1334 752 1547 808 diutius
1576 751 1633 805 in
1663 747 1907 819 spiritali
1939 760 2067 800 con-

465 855 825 927 templatione
866 850 1096 906 morari.
1138 847 1431 904 Invenitur
1471 845 1621 900 enim
1664 851 1727 897 ut
1771 838 1918 911 apud
1963 836 2067 891 ali-

465 945 932 1023 quemhospitio
976 950 1264 1014 exceptus,
1304 955 1371 996 ac
1412 938 1511 1010 qui
1554 936 1667 992 cito
1710 933 1862 989 illius
1901 930 2067 986 domo

466 1042 815 1116 egrediatur.

540 1138 665 1193 148.
706 1132 1102 1205 lngrediuntur
1136 1128 1303 1185 activi
1352 1127 1500 1182 inter
1533 1120 1831 1184 orandum,
1872 1125 2066 1190 portas

469 1229 859 1286 mandatorum
884 1225 1011 1291 Dei;
1033 1233 1095 1279 ut
1116 1238 1252 1279 vero
1267 1219 1435 1291 658
1455 1219 1511 1272 in
1544 1216 1685 1271 atria
1708 1214 1980 1268 virtutum
2007 1210 2065 1264 in

470 1320 725 1384 canticis,
774 1314 1211 1386 contemplativi.
1271 1311 1377 1366 Alii
1418 1309 1624 1381 gratias
1673 1312 1867 1376 agunt,
1915 1300 2067 1373 quod

471 1410 639 1466 soluti
673 1408 909 1463 vinculis
941 1416 1104 1473 sunt;
1140 1404 1255 1472 alii,
1286 1401 1435 1475 quod
1482 1409 1538 1457 et
1581 1398 1833 1469 captivos
1876 1395 2071 1451 hostes

473 1517 605 1557 suos
630 1509 923 1571 ceperunt.

546 1591 670 1646 M9.
712 1590 951 1647 Necesse
1002 1594 1089 1645 est
1138 1602 1243 1659 pro
1284 1583 1523 1641 actionis
1571 1580 1786 1654 vigore,
1838 1593 1962 1636 esse
2011 1586 2071 1635 et

473 1680 994 1750 contemplationis;
1025 1693 1098 1733 ne
1121 1677 1275 1733 velut
1307 1676 1365 1730 in
1388 1674 1516 1731 navi
1542 1689 1656 1729 non
1679 1671 2069 1729 convenienti-

473 1771 581 1826 bus
629 1770 906 1842 justisque
968 1769 1104 1824 velis
1157 1767 1468 1830 instructa,
1532 1764 1620 1819 vel
1679 1779 1792 1833 prae
1846 1760 2068 1817 illorum

474 1862 761 1917 nimietate
793 1860 1215 1916 vehementiore
1245 1857 1379 1913 ﬂatu
1405 1857 1580 1912 aleam
1611 1853 1833 1919 subeat,
1855 1854 1943 1909 vel
1969 1869 2071 1924 pro

476 1952 700 2008 illorum
756 1967 824 2007 ex
876 1952 1083 2024 navigii
1138 1950 1356 2006 ratione
1410 1949 1722 2021 parvitate,
1778 1952 2072 2003 ventorum

472 2045 749 2117 iacturam
783 2044 968 2101 faciat.

551 2136 674 2192 150.
714 2137 849 2207 Ejus
889 2136 1096 2208 navigii
1131 2136 1280 2209 quod
1311 2136 1527 2192 ratione
1570 2134 1803 2206 regitur,
1836 2132 2074 2203 remiges

477 2230 659 2300 cogita
697 2230 817 2300 pias
854 2230 1238 2302 cogitationes.
1274 2230 1500 2295 Remos,
1540 2227 1740 2283 vitales
1779 2225 1952 2282 animi
1987 2224 2073 2280 fa-

478 2320 738 2387 cultates,
770 2320 910 2377 iram
941 2328 998 2376 et
1019 2322 1404 2392 cupiditatem,
1436 2320 1779 2377 voluntatem
1804 2326 1862 2374 et
1892 2317 2075 2373 consi-

482 2413 644 2468 lium.
684 2412 783 2470 His
819 2430 1038 2486 semper
1079 2430 1219 2485 Opus
1253 2413 1442 2479 habet,
1477 2413 1573 2484 qui
1606 2410 1813 2468 actioni
1845 2409 2070 2465 studet:

484 2524 598 2563 non
636 2523 857 2577 semper
886 2518 1071 2564 autem
1110 2506 1207 2578 qui
1246 2506 1435 2562 studet
1465 2502 1944 2575 contemplationi.
1972 2503 2075 2559 Hic

479 2602 630 2656 enim
679 2601 826 2656 inter
872 2601 1144 2657 orandum
1198 2601 1415 2656 cunctis
1465 2600 1651 2654 valere
1695 2598 1898 2670 jussis,
1957 2597 2074 2668 ipse

478 2692 723 2762 scipsum
753 2692 820 2746 ad
842 2691 1038 2762 jndicii
1063 2699 1337 2761 certaeque
1362 2689 1697 2761 cognitionis
1719 2688 1934 2743 clavum
1959 2687 2075 2742 col-

476 2785 707 2847 locans,
765 2793 989 2841 noctem
1043 2791 1211 2839 totam
1264 2781 1752 2853 contemplationis
1804 2779 2074 2835 insomnis

479 2876 613 2947 agit,
642 2878 807 2948 hujus
837 2892 1022 2932 rerum
1063 2875 1443 2931 universitatis
1468 2872 1846 2929 conservatori
1878 2871 2075 2927 laudes

477 2966 743 3023 offerens.
796 2966 905 3023 Sed
948 2975 1005 3023 et
1050 2966 1384 3038 quandoque
1425 2966 1758 3022 amatorium
1793 2963 2073 3035 quoddam

478 3059 656 3113 melos
686 3073 1007 3123 assumens,
1042 3074 1145 3113 suo
1175 3058 1349 3128 ipsius
1381 3056 1586 3113 accinit
1615 3057 1829 3121 animo,
1870 3054 2074 3125 reliqui

2166 561 2263 615 καὶ
2294 562 2490 616 ἑαυτὸν
2513 561 2727 631 ἀγνοῶν
2761 563 2820 615 ὲν
2839 561 2921 633 τῷ
2950 559 3229 632 εὔχεσθαι.
3335 637 3343 646 Ι

2239 760 2382 830 ρμζ’.
2416 760 2490 816 Οὐ
2533 761 2901 831 συγχωρεῖται
2927 761 2955 813 6
2988 761 3297 831 πρακτικὸς
3325 762 3406 824 εἰς
3455 777 3746 832 πνευματι-

2167 849 2270 922 κὴν
2299 853 2391 906 ὲπί
2426 852 2563 907 πολύ
2591 853 2831 924 θεωρίαν
2860 854 3241 925 ἐγκαρτερεῖν.
3278 852 3619 925 Εὐρίσκεται
3648 854 3746 926 γὰρ

2166 945 2244 1007 ὡς
2273 944 2625 1009 ὲπιξενωθείς
2649 962 2780 1011 τινι,
2813 945 2925 999 καί.
2945 946 3045 1018 τῆς
3074 946 3287 1000 ἐκείνου
3314 947 3535 1017 ταχέως
3570 947 3742 1011 οἰκίας

2169 1035 2636 1107 ὐπεξερχόμενος.

2241 1135 2391 1200 ρμη’.
2423 1128 2513 1181 Ἐν
2534 1128 2735 1193 πύλαις
2759 1126 2859 1197 μὲν
2881 1127 3222 1199 εἰσέρχονται
3243 1128 3293 1182 οἱ
3325 1129 3623 1198 πρακτικοί
3647 1128 3747 1183 τῶν

2168 1220 2404 1274 ἐντολῶν
2448 1219 2544 1274 τοῦ
2586 1218 2724 1273 Θεοῦ
2768 1219 2829 1272 ἐν
2867 1217 2947 1288 τῷ
2975 1217 3236 1289 εὔχεσθαι
3254 1234 3269 1248 ο
3296 1218 3373 1282 ὡς
3394 1219 3452 1271 ἐν
3480 1218 3670 1282 αὐλαῖς
3698 1218 3750 1272 δὲ

2169 1311 2382 1384 ἀρετῶν
2426 1312 2486 1365 ἐν
2538 1310 2749 1383 ὕμνοις.
2783 1311 2832 1364 οἰ
2865 1310 3230 1382 θεωρητικοί’
3281 1312 3331 1364 οἰ
3388 1310 3488 1381 μὲν
3532 1309 3746 1381 εὐχαρι-

2171 1405 2446 1470 στοῦντες,
2485 1406 2568 1459 ὅτι
2610 1403 2883 1475 ἐλύθησαν
2925 1405 3035 1458 τῶν
3060 1403 3310 1475 δεσμῶΨ
3345 1406 3401 1457 οἱ
3431 1404 3509 1466 δὲ,
3542 1404 3625 1457 ὅτι
3664 1404 3751 1458 καὶ

2170 1498 2554 1571 αἰχμαλώτους
2574 1497 2835 1567 εἰλήφασι
2864 1497 2995 1561 τούς
3016 1496 3397 1567 πολεμοῦντας
3428 1494 3650 1559 αὐτούς.

2245 1592 2392 1663 ρμθ’.
2422 1590 2543 1661 Χρὴ
2586 1589 2731 1644 κατὰ
2761 1588 2824 1643 τδ
2873 1590 2973 1660 τῆς
3017 1589 3336 1661 πρακτικῆς
3383 1588 3605 1659 κράτος,
3663 1589 3753 1642 καὶ

2170 1681 2232 1736 τὸ
2259 1682 2358 1753 τῆς
2388 1679 2624 1753 θεωρίας
2673 1677 3045 1752 εὑρίσκεσθαι,
3075 1678 3163 1732 ῖνα
3193 1679 3271 1748 μή
3306 1679 3434 1732 καθ’
3465 1679 3752 1749 ὁμοιότητα

2173 1774 2359 1829 πλοίου
2389 1772 2485 1827 τοῦ
2520 1771 2595 1845 μὴ
2624 1770 2938 1842 κατάλληλα
2981 1770 3052 1824 τὰ
3087 1769 3235 1825 ἰστία
3272 1770 3752 1842 ἐπιφερομένου,ή

2172 1864 2418 1919 κίνδυνον
2447 1863 2723 1937 ὑπομείνῃ
2765 1864 2824 1916 ὲν
2866 1862 3086 1933 ἀνέμων
3136 1861 3499 1934 σφοδρότησιν
3527 1862 3620 1916 διά
3666 1862 3756 1933 τήν

2174 1955 2451 2028 ἀμετρίαν
2484 1955 2688 2021 αὐτῶν,
2726 1954 2761 2026 ἢ
2790 1954 2995 2025 ζημίαν
3027 1955 3358 2025 πνευμάτων
3384 1954 3473 2009 διὰ
3492 1950 3592 2026 τὴν
3624 1955 3756 2026 πρὸς

2171 2049 2235 2102 τὸ
2271 2049 2479 2119 σκάφος
2510 2048 2878 2120 σμικρότητα.

2246 2148 2348 2214 ρν’.
2397 2139 2625 2212 Ἐρέτας
2683 2140 2785 2211 μὲν
2830 2139 2927 2194 τοῦ
2968 2139 3192 2209 λογικοῦ
3248 2138 3461 2203 πλοίου,
3502 2139 3617 2195 νόει
3640 2142 3760 2204 τοὺς

2174 2234 2423 2298 εὐσεϐεῖς
2464 2232 2761 2304 λογισμούς
2782 2248 2795 2263 ·
2835 2231 3029 2297 κώπας
3081 2232 3162 2298 δὲ,
3195 2232 3296 2298 τὰς
3326 2233 3567 2297 ζωτικάς
3592 2232 3755 2287 δυνά-

2177 2344 2301 2397 μεις
2326 2327 2424 2397 τῆς
2447 2324 2648 2396 ψυχῆς,
2680 2324 2853 2396 θυμὸν
2883 2325 2981 2379 καὶ
3028 2326 3351 2397 ἐπιθυμίαν,
3386 2322 3647 2399 βούλησιν
3671 2327 3761 2380 καὶ

2176 2418 2519 2488 προαίρεσιν.
2570 2415 2792 2469 Τούτων
2846 2418 2876 2469 6
2938 2417 3038 2488 μὲν
3101 2417 3428 2488 πρακτικὸς,
3488 2419 3548 2471 ἐν
3601 2418 3763 2490 χρείᾳ

2175 2508 2293 2562 ἐστὶ
2339 2509 2572 2562 πάντοτε
2599 2523 2610 2536 ·
2638 2507 2699 2560 οὐ
2734 2506 2965 2561 πάντοτε
2993 2507 3051 2561 δὲ
3080 2509 3108 2561 6
3138 2508 3492 2580 θεωρητικός.
3538 2509 3634 2562 Ἐν
3659 2508 3761 2582 γάρ

2174 2599 2252 2671 τῷ
2285 2599 2462 2672 καιρῷ
2497 2598 2600 2671 τῆς
2657 2599 2823 2670 εὐχῆς
2856 2601 3080 2671 ,χαίρειν
3131 2597 3287 2665 οὗτος
3349 2604 3519 2655 πᾶσιν
3568 2602 3760 2669 εἰπὼν,

2175 2690 2339 2755 αὐτὸς
2376 2690 2569 2744 ἑαυτὸν
2600 2691 2694 2744 ἐπὶ
2722 2691 2833 2745 τῶν
2864 2691 2967 2763 τῆς
3004 2692 3351 2762 διαγνώσεως
3377 2694 3581 2748 οἰάκων
3629 2694 3762 2748 καθ-

2177 2784 2327 2850 ίζων,
2357 2783 2449 2838 διὰ
2485 2784 2666 2855 πάσης
2699 2784 2974 2856 ἐγρήγορε
3000 2785 3099 2857 τῆς
3130 2787 3272 2840 κατά
3289 2785 3526 2855 θεωρίαν
3544 2786 3761 2850 νυκτὸς.

2174 2877 2411 2940 αἰνέσεις
2438 2877 2732 2945 προσάγων
2772 2876 2851 2947 τῷ
2888 2880 3104 2948 συνοχεῖ
3132 2877 3228 2930 τοῦ
3258 2878 3481 2936 παντός.
3520 2878 3636 2933 Καί
3664 2877 3765 2932 πού

2181 2983 2239 3020 τι
2272 2968 2369 3020 καὶ
2421 2966 2582 3037 μέλος
2633 2965 2900 3036 ἐρωτικὸν
2952 2966 3382 3038 ἀναλαϐόμενος,
3438 2970 3504 3038 τῇ
3564 2965 3766 3021 ἑαυτοῦ

2176 3056 2511 3129 πωσεπᾲδει
2529 3056 2700 3129 ψυχῇ,
2727 3057 2854 3121 τοὺς
2892 3059 2992 3128 τῆς
3019 3058 3186 3130 ἄλλης
3207 3058 3487 3129 Θαλάσσης
3525 3059 3772 3113 ἀποσκο-

481 3150 652 3205 maris
704 3150 976 3205 elationes
1018 3148 1397 3213 considerans,
1448 3163 1513 3203 ac
1567 3147 1723 3202 velut
1774 3146 2074 3201 frementes

2180 3149 2298 3202 πῶν
2330 3150 2767 3220 μετεωρισμοὺς,
2793 3148 2893 3201 καὶ
2922 3147 3000 3212 ὡς
3030 3148 3252 3221 ροθίζας
3296 3151 3544 3220 κινήσεις
3576 3149 3676 3219 (b),
3701 3151 3770 3203 τά

479 3240 775 3308 fluctus“,
816 3243 1001 3299 divina
1044 3241 1216 3299 verba
1259 3257 1325 3297 ac
1354 3240 1782 3312 justiﬁcationes
1821 3248 2071 3309 stupens.

553 3338 677 3393 151.
718 3336 821 3405 Qui
853 3337 1038 3393 medio
1062 3353 1122 3393 se
1148 3337 1312 3393 modo
1347 3337 1514 3392 habet
1542 3337 1690 3392 inter
1716 3335 1991 3391 actionem
2018 3342 2076 3391 et

477 3427 1031 3497 contemplationem,
1071 3443 1176 3484 nec
1208 3443 1428 3499 semper
1461 3435 1756 3482 nautarum
1798 3441 1952 3481 more
1991 3441 2078 3481 re-

481 3518 721 3590 migandi
769 3518 964 3574 labore
1019 3518 1425 3589 navigationem
1476 3517 1628 3582 facit,
1679 3532 1784 3572 nec
1835 3530 2075 3588 prorsus

480 3614 830 3684 spiritalibus
856 3614 1024 3680 velis;
1058 3614 1157 3670 sed
1196 3615 1447 3685 utrisque
1489 3612 1667 3669 felicis
1700 3626 1861 3668 usum
1894 3612 2077 3682 explet

478 3707 845 3779 navigationis
874 3725 887 3761 :
921 3707 1162 3763 dulciter
1192 3706 1376 3762 ferens
1408 3720 1534 3763 cum
1569 3705 1802 3760 actionis
1832 3704 2073 3770 labores,

479 3814 590 3868 qua
628 3798 714 3855 vel
750 3800 968 3856 modice
1013 3799 1187 3870 fulget
1228 3796 1719 3867 contemplationis
1758 3796 1905 3860 luce,
1957 3805 2075 3851 tum

482 3890 820 3962 imperfecta:
864 3888 1661 3962 rationes‘contemplationis,
1703 3903 1772 3944 ex
1817 3887 2077 3961 adjuncta

480 3982 720 4038 actionis
751 3998 879 4054 ope.

557 4076 678 4138 152.
718 4075 1187 4147 Contemplationi
1223 4077 1468 4143 deditus,
1502 4085 1764 4131 naturam
1800 4074 2076 4132 voluntati

481 4166 729 4236 proclive
769 4169 1036 4225 asseclam
1082 4169 1317 4236 habens,
1355 4169 1510 4224 velut
1556 4168 1836 4224 secundus
1878 4177 2076 4238 sponte

482 4255 685 4324 ﬂuxus,
738 4259 895 4315 nullo
942 4260 1135 4317 labore
1180 4263 1590 4333 navigationem
1636 4260 1771 4315 facit
1799 4278 1811 4313 :
1839 4258 2087 4314 actionis

482 4358 668 4404 autem
699 4351 901 4417 cultor,
931 4351 1284 4409 aﬁeetionem
1315 4368 1381 4409 ac
1404 4352 1693 4408 libidinem
1729 4358 1945 4407 naturae
1974 4350 2075 4404 ad-

482 4451 795 4496 versantem
834 4452 1051 4510 nactus,
1096 4445 1496 4515 cogitationum
1538 4442 1919 4499 collidentium
1949 4458 2078 4512 pro-

2179 3237 2299 3292 θεῖα
2324 3237 2846 3308 καταπληττόμενος
2894 3239 3121 3310 ῥήματά
3150 3257 3210 3292 τε
3252 3240 3349 3293 καὶ
3393 3241 3766 3311 δικαιώματα.

2253 3334 2392 3398 ρνα’.
2434 3328 2491 3381 Ὀ
2543 3326 2726 3399 μέσως
2780 3326 2920 3398 ἔχων
2971 3328 3103 3399 περὶ
3152 3327 3352 3398 πρᾶξιν
3382 3329 3481 3381 καὶ
3505 3328 3769 3398 θεωρίαν,

2176 3418 2303 3472 οὔτε
2328 3419 2501 3490 πάντη
2536 3421 2654 3483 ταῖς
2685 3417 2901 3483 κώπαις
2932 3419 3075 3473 κατά
3105 3421 3234 3484 τοὺς
3260 3421 3553 3482 ναυτικοὺς
3598 3421 3773 3473 ποιεῖ-

2176 3529 2264 3565 ται
2319 3511 2413 3564 τὸν
2455 3512 2657 3577 πλοῦν,
2714 3511 2831 3565 οὐθ’
2882 3511 3042 3577 ὅλως,
3081 3514 3194 3576 τοῖς
3250 3515 3465 3582 νοητοῖς
3533 3512 3772 3575 ἱστίοις·

2176 3604 2314 3659 ἀλλὰ
2341 3604 2411 3659 δι’
2445 3596 2778 3675 ἀμφοτέρων
2821 3605 2924 3674 τὴν
2951 3604 3146 3677 χρείαν
3175 3605 3278 3675 τῆς
3309 3605 3572 3669 εὐπλοῖας
3600 3605 3775 3674 ἐργά-

2178 3694 2362 3760 ζεται·
2399 3694 2575 3765 ήδὲως
2619 3694 2803 3766 φέρων
2854 3695 2950 3748 καὶ
2982 3694 3110 3758 τοὺς
3139 3693 3336 3757 πόνους
3363 3694 3462 3764 τῆς
3491 3690 3777 3764 πράξεως,

2176 3787 2265 3841 διὰ
2298 3785 2360 3838 τὸ
2392 3785 2613 3855 μέτριον
2640 3786 2743 3856 τῆς
2792 3784 3068 3857 θεωρίας·
3099 3785 3196 3838 καὶ
3239 3785 3372 3849 τοὺς
3429 3784 3632 3853 λόγους
3676 3786 3777 3855 τῆς

2177 3878 2404 3942 ἀτελοῦς
2449 3877 2709 3949 θεωρίας,
2739 3877 2831 3932 διά
2860 3877 2922 3931 τὸ
2952 3876 3269 3949 βοηθεῖσθαι
3325 3876 3434 3931 ὐπὸ
3483 3879 3588 3946 τῆς
3643 3874 3782 3948 πρά·

2178 3968 2337 4037 ξεως.

2253 4060 2389 4132 ρνβ’.
2439 4061 2498 4115 '0
2553 4060 2652 4133 μὲν
2702 4060 3061 4133 θεωρητικὸς,
3098 4057 3175 4133 ’τῇ
3228 4060 3428 4135 γνώμῃ
3471 4061 3577 4134 τὴν
3610 4062 3781 4133 φύσιν

2177 4152 2318 4225 ἔχων
2346 4155 2771 4225 συντρέχουσαν,
2792 4154 2870 4218 ὡς
2898 4150 3012 4208 οἶόν
3034 4172 3087 4209 τι
3116 4153 3317 4226 ῥεῦμα,
3345 4156 3569 4218 ἀπόνως
3603 4159 3780 4210 ποιεῖς-

2174 4261 2267 4297 ται
2310 4243 2372 4297 τὸ
2429 4242 2678 4315 πλώϊμον
2704 4261 2718 4276 ’
2756 4246 2785 4298 6
2830 4243 2888 4297 δὲ
2935 4244 3245 4316 πρακτικὸς
3273 4285 3290 4310 ,
3339 4245 3783 4317 ἐναντιουμένην

2176 4334 2451 4406 εὑρίσκων
2495 4337 2562 4407 τῇ
2616 4336 2944 4407 προαιρέσει
2990 4337 3092 4407 τὴν
3137 4336 3359 4407 σχέσιν,
3410 4338 3589 4412 πολὺν
3627 4338 3784 4407 λογι-

2179 4427 2332 4498 σμῶν
2358 4427 2654 4497 ὑφίσταται
2681 4427 2951 4493 κλύδωνα,
2979 4426 3058 4493 ὡς
3082 4428 3164 4492 εἰς
3202 4428 3535 4484 ἀπευδοκίαν
3571 4428 3782 4502 μικροῦ

486 4532 625 4587 cella
668 4533 866 4589 durius
904 4536 1193 4605 quatitur;
1218 4551 1530 4607 parumque
1562 4535 1719 4591 abest
1755 4550 1827 4590 ne
1868 4533 2074 4590 laboris

2182 4518 2295 4573 δεῖν
2321 4518 2411 4574 διὰ
2433 4519 2497 4574 τὸ
2523 4518 2690 4593 βάρος
2721 4520 2919 4575 ἐλθεῖν.

484 4625 734 4681 molestia
759 4626 1101 4697 despondeat
1127 4629 1396 4683 animum.

555 4714 679 4770 155.
721 4715 835 4771 Nec
856 4732 992 4773 arvo
1012 4727 1417 4788 comparatum,
1442 4715 1547 4772 nisi
1574 4714 1744 4787 probe
1768 4715 2076 4780 excolatur,

485 4814 547 4860 ut
577 4807 787 4862 serenti
827 4808 1056 4864 uberem
1084 4825 1151 4868 ac
1177 4810 1469 4882 probatam
1498 4807 1761 4864 refundat
1788 4816 2031 4879 segetem
2062 4824 2077 4861 :

486 4898 568 4957 sic
588 4914 693 4954 nec
721 4900 924 4966 activo,
952 4901 1056 4957 nisi
1097 4901 1390 4974 diligenter
1412 4899 1692 4955 actionem
1713 4899 1862 4953 colat
1887 4906 2075 4953 extra-

486 5002 593 5057 que
623 5004 843 5045 omnem
870 4991 1217 5062 jactantiam,
1246 5000 1309 5046 ut
1336 4989 1653 5047 afﬂuentem
1695 4987 2075 5058 mundumque

487 5092 555 5132 ex
585 5079 838 5136 oratione
870 5080 1060 5137 videat
1087 5079 1354 5137 fructum.

452 5255 457 5258 '
557 5242 602 5273 δ’
628 5242 775 5297 Psal.
808 5257 914 5299 xcn
969 5245 1023 5299 4.

566 5399 775 5474 (ἰὴ-Καὶ
826 5400 907 5466 ὠς
935 5399 1178 5474 pce/fw
1205 5405 1504 5474 κινήσεις.
1536 5404 1681 5472 Quin
1709 5405 1784 5459 sit
1806 5404 2071 5463 mendum

496 5471 688 5547 inulla
723 5484 881 5547 voce,
913 5472 1101 5547 nullus
1147 5471 1370 5547 dubito.
1419 5475 1504 5531 Sit
1551 5476 1693 5531 forte
1738 5476 1945 5547 ῥοθίας,
1988 5475 2078 5547 vel

496 5539 878 5623 ῥοθιαζούσας,
899 5543 1058 5623 quod
1084 5546 1253 5623 etiam
1291 5547 1525 5623 verbum
1563 5539 2076 5623 agnoscitilesych.
2107 5584 2111 5588 μ

494 5609 657 5688 quasi
684 5609 965 5688 trementes
992 5616 1183 5688 ﬂuctus
1218 5609 2079 5688 commotionesvproeellamque;

498 5686 563 5733 ut
590 5678 697 5754 alia
717 5682 878 5736 aliam
907 5678 1101 5739 vocem
1140 5686 1412 5743 Maximus
1455 5678 1713 5754 explicet.
1768 5687 1880 5743 Hoc
1929 5678 2080 5741 enim

498 5753 769 5829 praestant
793 5753 960 5809 maris
998 5756 1290 5821 elationes,
1322 5765 1383 5812 ut
1411 5753 1617 5829 fluetus
1637 5757 1719 5813 sic
1745 5758 1954 5828 impetu
1989 5774 2081 5812 as~

504 5822 881 5893 surgentibus,
915 5834 1145 5896 tumque
1172 5829 1367 5886 eadem
1389 5830 1441 5886 vi
1469 5822 1911 5898 subsidentibus,
1936 5830 2087 5885 aliis-

2224 4696 2389 4782 ’ρνγῖ
2418 4708 2557 4765 Οὐτε
2595 4709 2751 4782 χώρα
2782 4711 2857 4782 μή
2889 4710 3071 4775 καλῶς
3092 4711 3566 4783 κατεργασθεῖσα,
3606 4712 3780 4767 πολύ-

2177 4819 2306 4874 χουν
2329 4804 2426 4858 καὶ
2448 4801 2692 4875 καθαρὸν
2722 4802 3114 4874 ἀντιπαρέχειν
3134 4802 3215 4874 τῷ
3248 4803 3533 4875 σπείροντι
3557 4805 3784 4869 εἴωθεν,

2180 4893 2304 4948 οὔτε
2334 4896 2364 4948 6
2394 4894 2495 4966 τήν
2527 4892 2843 4965 πρακτικὴν
2876 4892 3301 4964 μετερχόμενος,
3345 4895 3395 4947 εί
3443 4893 3520 4965 μὴ
3580 4896 3787 4965 ἐπιμεο

2181 4985 2291 5049 λῶς
2326 4985 2533 5057 ταύτην
2584 4985 2680 5039 καὶ
2720 4984 2989 5055 φανητίας
3019 4982 3148 5038 ἀνευ
3203 4986 3561 5056 μετέρχεται,
3597 4987 3697 5041 τὸν
3730 4983 3791 5053 ἐξ

2182 5079 2349 5151 εὐχῆς
2377 5078 2569 5151 ὄψεται
2590 5077 2804 5151 καρπὸν
2835 5076 3005 5133 πολύν
3027 5093 3087 5130 τε
3111 5078 3204 5133 καὶ
3224 5077 3484 5149 καθαρόν.

2180 5419 2290 5475 que
2319 5400 2985 5475 ιιιίοειἰῐιιειτιίρίιειιῑίιιιιεΔ
3003 5415 3068 5455 ac
3110 5415 3171 5457 se
3228 5398 3422 5455 mutuo
3452 5400 3791 5457 eollidenti-

2177 5471 2306 5539 lius,
2337 5475 2627 5560 allisisque
2657 5471 2946 5560 ad‘littora‘
2974 5471 3228 5542 ipsasque
3255 5486 3425 5560 rupes
3450 5486 3515 5560 ac
3562 5481 3787 5553 cautes,

2179 5548 2448 5617 strepitus
2493 5541 2771 5617 ejusmodi
2810 5558 2874 5597 ac
2923 5541 3108 5623 fragor
3126 5541 3353 5623 :procul
3406 5542 3632 5623 reboet,
3693 5542 3790 5623 qui

2180 5612 2453 5672 terrorem
2498 5612 2563 5673 ac
2605 5622 2894 5684 stuporem
2927 5612 3192 5684 injiciat’:
3223 5629 3347 5684 qua;
3395 5612 3594 5667 omnia
3629 5612 3791 5683 quasi

2180 5688 2289 5742 alio
2316 5688 2369 5741 in
2402 5687 2537 5741 mari
2574 5681 2774 5756 procul
2805 5681 3153 5756 consi_derat._
3183 5681 3278 5754 qui
3325 5681 3440 5754 ipse
3469 5681 3793 5756 tranquillo

2182 5754 2668 5842 contemplationis
2696 5754 2859 5835 mari,
2886 5754 3053 5842 velut.
3084 5754 3157 5842 ad
3180 5756 3397 5809 clavum
3447 5755 3654 5825 quiete
3701 5769 3790 5812 se.-

2184 5829 2322 5886 dens
2353 5824 2546 5899 illique
2574 5825 2944 5894 iudormiens,
2968 5824 3217 5882 vehitur.
