4060 6416
365 430 495 494 1437

357 633 446 686 τὸν
479 633 739 704 λογισμόν
761 651 773 663 ·
803 635 895 687 ἐπὶ
951 634 1006 687 δὲ
1039 634 1146 687 τῶν
1170 635 1370 696 ἁΰλων,
1407 637 1455 688 εἰ
1489 636 1563 706 μὴ
1599 637 1759 688 αὑτὸν
1807 653 1947 705 παρ-

356 726 674 796 αιτήσηται,
715 725 791 789 ὡς
842 725 1116 779 σκώλωπα
1145 725 1284 798 [alii,
1317 727 1602 798 σκόλοπι]
1632 728 1742 795 ’ἐξει
1783 728 1945 781 κολα-

358 816 606 885 φίζοντα.

432 908 558 978 ρνε’.
597 909 881 979 Κάλυμμα
947 912 1047 981 μὲν
1103 912 1215 982 ἔχει
1269 915 1297 966 ό
1351 913 1656 983 πρακτικὸς
1707 915 1800 968 ἐπὶ
1845 915 1944 982 τὴν

356 1000 585 1071 καρδίαν
628 1001 794 1055 αὑτοῦ
827 1005 884 1055 ὲν
912 1005 1069 1075 εὐχῇ,
1102 1005 1200 1075 τὴν
1247 1005 1450 1073 γνῶσιν
1489 1005 1600 1057 τῶν
1644 1005 1943 1076 αἰσθητῶν,

355 1094 809 1163 άνακαλυφθῆναι
845 1095 933 1148 διὰ
955 1097 1054 1166 τὴν
1084 1097 1270 1166 σχέσιν
1309 1098 1385 1168 μὴ
1418 1097 1750 1168 δυνάμενον·
1782 1097 1944 1168 μόνος

351 1186 408 1238 δὲ
434 1187 461 1238 ὁ
493 1187 830 1258 θεωρητικὸς
881 1189 968 1242 διὰ
1006 1189 1067 1241 τὸ
1123 1189 1378 1260 ἄσχετον,
1428 1190 1944 1261 ἀνακεκαλυμμένῳ

352 1275 637 1348 προσώπῳ
685 1279 818 1350 όρᾷν
848 1280 957 1333 ἀπὸ
990 1281 1189 1352 μέρους
1232 1281 1458 1335 δύναται
1513 1283 1610 1352 τὴν
1663 1281 1820 1350 δόξαν
1849 1281 1943 1336 τοῦ

350 1368 510 1423 Θεοῦ.

435 1473 579 1535 pugn
624 1465 689 1518 ἸΙ
728 1466 866 1538 μετά
917 1467 1299 1539 πνευματικῆς
1339 1468 1574 1539 θεωρίας
1622 1469 1779 1539 εὐχὴν
1811 1471 1842 1538 ἡ
1873 1468 1942 1538 ﬁl

348 1562 452 1630 τῆς
483 1561 817 1628 ἐπαγγελίας
843 1561 1012 1623 ἐστὶν,
1047 1559 1168 1612 καθ’
1197 1562 1262 1631 ἢν
1292 1561 1404 1631 ῥέει
1427 1560 1501 1624 ὡς
1536 1561 1658 1628 μέλι
1688 1561 1783 1614 καὶ
1803 1562 1943 1629 γάλα

351 1657 386 1725 ὴ
422 1653 625 1722 γνῶσις
670 1652 781 1705 τῶν
835 1653 964 1722 περὶ
1010 1653 1270 1724 προνοίας
1325 1652 1423 1706 καὶ
1474 1653 1710 1724 κρίσεως
1769 1653 1944 1721 λόγων

349 1745 488 1798 Θεοῦ
513 1762 524 1774 ·
549 1747 583 1815 ἡ
617 1746 674 1798 δέ
709 1745 851 1815 μετὰ
895 1762 1043 1807 τινος
1087 1745 1343 1815 φυσικῆς,
1399 1745 1433 1815 ή
1487 1743 1785 1812 Αἴγυπτος,
1828 1738 1943 1817 ἐνῇ

347 1837 459 1890 τῶν
503 1837 829 1906 παχυτέρων
877 1836 1188 1906 ἐπιθυμιῶν
1238 1837 1428 1906 μνήμη
1475 1839 1588 1898 τοῖς
1624 1835 1942 1906 εὐχομένοις

347 1928 651 1996 ἐγγίνεται.
699 1929 761 1980 Ἥ
792 1927 848 1981 δέ
879 1945 944 1996 γε
977 1928 1148 1998 ἁπλῆ,
1175 1928 1236 1981 τὸ
1268 1928 1446 1998 μάννα
1495 1928 1614 1981 ἐστὶ
1653 1928 1714 1981 τὸ
1765 1930 1824 1982 ἐν
1872 1931 1938 2000 τῇ

346 2022 565 2091 ἐρήμῳ,
602 2020 663 2073 τὸ
708 2020 796 2074 διὰ
841 2021 902 2074 τὸ
937 2020 1228 2090 μονοειδὲς,
1255 2024 1369 2084 τοῖς
1407 2021 1508 2091 μὲν
1535 2021 1939 2098 άκαρτερήτοις

344 2113 698 2166 ἐναποκλεῖον
752 2113 820 2166 τὰ
876 2113 943 2166 δι’
993 2111 1292 2184 ἐπιθυμίας
1340 2112 1451 2165 τῶν
1502 2113 1936 2184 ἐπηγγελμένων

343 2207 521 2261 καλά’
556 2210 668 2271 τοῖς
698 2208 754 2262 δὲ
789 2207 1188 2276 ἐγκαρτεροῦσι
1239 2208 1305 2277 τῇ
1336 2206 1564 2279 τοιαύτῃ
1622 2207 1936 2259 ἀπεστενω-

348 2302 490 2373 μένῃ
522 2303 722 2372 τροφῇ,
768 2299 1064 2372 προξενοῦν
1103 2299 1203 2370 τὴν
1236 2299 1472 2372 κρείττω
1493 2299 1682 2366 γεῦσιν
1713 2300 1808 2353 καὶ
1841 2299 1937 2370 μές-

339 2412 561 2450 νουσαν.

417 2488 548 2559 ρνξ.
590 2486 796 2557 Πρᾶξις
827 2486 925 2540 σὺν
952 2484 1158 2558 θεωρίᾳ
1183 2485 1280 2556 μὲν
1307 2485 1384 2550 ὡς
1413 2485 1576 2556 σῶμα
1604 2485 1742 2557 μετὰ
1771 2484 1934 2538 πνεῦ-
1960 2484 1965 2489 “

341 2596 516 2649 ματος
567 2577 898 2649 ἡγεμονικοῦ
938 2576 1005 2646 (c)
1035 2579 1204 2632 ’ἄνευ
1257 2577 1313 2630 δὲ
1360 2577 1616 2648 θεωρίας,
1668 2577 1743 2641 ὡς
1795 2576 1933 2648 σάρξ

339 2672 486 2742 μετά
522 2671 837 2742 πνεύματος
860 2671 1252 2741 προαιρετικοῦ
1292 2669 1695 2740 λογισθήσεται.

411 2854 548 2918 ρνη’.
587 2847 699 2917 Τῆς
745 2846 973 2916 λογικῆς
1009 2846 1208 2917 ψυχῆς,
1257 2846 1397 2917 αὐλὴ
1451 2847 1549 2916 μὲν
1578 2848 1611 2916 ή
1640 2846 1928 2918 αἴσθησις·

335 2940 468 3002 ναὸς
501 2940 580 3000 δέ,
619 2941 653 3010 ὴ
699 2939 942 2992 διάνοια·
999 2939 1292 3009 ἀρχιερεὺς
1345 2938 1422 3003 δὲ,
1465 2939 1494 2990 ὁ
1539 2937 1683 3002 νοῦς.
1723 2939 1810 2991 Ἐν
1863 2941 1928 3010 τῇ

334 3033 476 3103 αὐλῇ
506 3028 599 3086 οῦν
634 3032 872 3098 ἵσταται,
905 3035 934 3085 ὁ
974 3032 1065 3084 ὑπ’
1114 3031 1361 3102 ἀκαίρων
1413 3031 1537 3095 νοῦς
1588 3032 1926 3103 περικοπτό-

339 3143 505 3194 μενος
554 3124 834 3194 λογισμῶν
856 3140 868 3153 ·
903 3125 962 3176 ἐν
1009 3123 1086 3193 τῷ
1117 3123 1232 3195 ναῷ
1285 3124 1366 3186 δὲ,
1417 3125 1446 3176 ὁ
1480 3123 1587 3177 ὑπὸ
1616 3125 1928 3194 εὐκαίρων⁸

1535 441 1708 498 ALIA
1895 437 2138 498 VATIC.
2183 441 2471 501 CAPITA.

431 541 558 612 ρνῖΙ.
609 540 730 593 Ἐπὶ
780 541 878 611 μὲν
910 540 1018 594 τῶν
1051 541 1273 605 ἐνύλων,
1316 543 1344 593 ὁ
1373 543 1497 606 νοῦς
1532 545 1792 614 συνεργὸν
1826 543 1938 613 ἔχει
1971 549 2011 601 Α

2119 546 2238 599 151.
2284 547 2341 600 ln
2377 546 2631 611 terrenis,
2665 564 2821 605 mens
2851 551 3204 623 adjuvantem
3242 555 3511 610 rationem
3542 559 3642 613 ha-

2050 637 2142 691 bet
2195 653 2258 691 ac
2308 637 2729 707 cogitationem;
2776 641 2831 695 in
2867 643 3208 711 spiritalibus
3250 662 3382 700 vero
3423 657 3480 702 et
3522 665 3644 719 qua:

2046 737 2178 784 sunt
2209 738 2363 784 extra
2397 731 2722 798 materiam,
2751 733 2862 812 nisi
2890 751 3010 790 eam
3048 739 3424 807 repudiaverit
3445 782 3459 805 ,
3492 744 3641 797 velut

2048 822 2331 876 stimulum
2360 823 2796 892 colaphizantem
2826 826 3053 882 habebit
3076 828 3140 884 ⁸³.

2115 915 2282 985 659
2309 915 2430 970 155.
2461 916 2682 970 Actioni
2714 918 2946 974 studens
2971 921 3223 976 velamen
3248 922 3410 979 habet
3437 926 3491 980 in
3518 942 3640 980 ora-

2052 1005 2204 1060 tione
2241 1021 2408 1075 super
2443 1022 2540 1061 cor
2577 1009 2846 1077 positum,
2871 1026 3066 1066 earum
3113 1028 3300 1068 rerum
3347 1016 3636 1080 notitiam,

2049 1114 2173 1169 qua:
2214 1098 2272 1153 in
2306 1114 2533 1154 sensum
2570 1101 2806 1166 cadunt,
2842 1105 3081 1159 revelari
3119 1121 3229 1160 non
3271 1108 3482 1174 valens,
3517 1126 3628 1178 qua

2052 1191 2162 1246 illis
2190 1190 2487 1249 affectione
2512 1195 2793 1250 addicitur
2828 1215 2842 1250 :
2871 1197 2968 1266 qui
2999 1214 3132 1253 vero
3164 1200 3353 1255 studet
3382 1212 3634 1257 contem-

2047 1283 2300 1353 plationi,
2337 1283 2486 1354 quod
2518 1301 2581 1342 ea
2612 1287 2756 1347 liber
2791 1297 2849 1344 et
2887 1291 3104 1345 solutus
3137 1293 3233 1356 sit,
3272 1293 3515 1349 revelata
3549 1295 3630 1349 fa-

2048 1375 2130 1430 cie
2159 1375 2258 1430 Dei
2285 1376 2516 1447 gloriam
2547 1392 2614 1432 ex
2645 1387 2802 1447 parte
2829 1380 3021 1438 videre
3053 1392 3237 1452 potest
3260 1383 3326 1438 ⁸⁸.

2116 1467 2236 1522 156.
2285 1467 2528 1538 Spiritali
2584 1473 3044 1542 contemplationi
3095 1476 3394 1545 conjuncta
3436 1479 3635 1543 oratio,

2049 1570 2194 1615 terra
2227 1568 2314 1616 est
2366 1563 2776 1632 promissionis,
2812 1582 2943 1634 qua,
2981 1567 3159 1621 mellis
3194 1567 3371 1622 instar
3417 1577 3474 1622 et
3523 1571 3638 1626 lac-

2049 1647 2120 1703 tis
2155 1648 2223 1714 ",
2251 1648 2372 1704 lluit
2399 1652 2632 1706 scientia
2659 1654 2938 1708 rationum
2965 1655 3332 1724 providentiae
3356 1667 3412 1712 et
3436 1659 3636 1728 judicii

2047 1737 2168 1792 Dei.
2233 1738 2366 1805 Quae
2412 1756 2546 1796 vero
2583 1743 2824 1798 naturali
2887 1746 3253 1814 speculationi
3281 1787 3295 1812 ,
3337 1747 3633 1820 Aigyptus,

2047 1845 2148 1900 per
2172 1846 2340 1900 quam
2375 1834 2669 1890 orantibus
2709 1835 3048 1890 crassiorum
3094 1838 3468 1907 cupiditatum
3514 1858 3636 1897 me-

2046 1922 2222 1976 moria
2261 1923 2480 1993 obrepit
2508 1923 2572 1978 “.
2607 1924 2850 1995 Simplex
2878 1936 3065 1982 autem
3090 1928 3292 1994 oratio,
3318 1945 3519 1984 manna
3549 1942 3636 1988 est

2041 2012 2098 2067 in
2134 2013 2376 2080 deserto,
2412 2031 2477 2070 ea
2512 2016 2726 2070 ratione
2745 2032 2854 2086 qua
2888 2019 3165 2072 uniforme
3193 2028 3338 2084 erat,
3367 2036 3475 2075 non
3503 2037 3631 2076 sus-

2042 2107 2350 2162 tinentibus
2377 2108 2702 2178 cupiditatis
2740 2109 2865 2163 labe
2891 2109 2960 2174 ⁸⁷,
2989 2111 3429 2180 promissionum
3483 2113 3631 2168 bona

2038 2198 2376 2265 occludens;
2407 2200 2496 2255 his
2519 2216 2653 2254 vero
2687 2201 2783 2270 qui
2811 2211 2966 2256 arcto
2997 2202 3095 2256 illo
3132 2203 3260 2257 cibo
3298 2211 3626 2260 constanter

2036 2299 2400 2345 vescerentur
2426 2331 2440 2355 ,
2484 2291 2757 2361 potiorem
2814 2299 3039 2363 gustum
3084 2302 3251 2363 atque
3303 2305 3624 2351 manentem

2037 2389 2310 2449 praestans
2339 2382 2406 2434 ⁸⁸.

2113 2473 2233 2527 157.
2263 2473 2426 2528 Actio
2481 2474 2954 2545 contemplatione
3004 2475 3140 2531 fulta
3167 2519 3181 2543 ,
3235 2477 3390 2534 velut
3430 2493 3634 2549 corpus

2035 2570 2159 2626 est,
2192 2564 2396 2633 spiritu
2464 2565 2667 2620 fultum
2719 2567 3017 2638 principali
3056 2569 3188 2622 :cui
3239 2579 3424 2624 autem
3474 2570 3632 2626 deest

2034 2638 2454 2726 contemplatio,
2521 2658 2678 2713 velut
2717 2674 2850 2714 caro
2900 2675 3028 2715 cum
3084 2661 3275 2716 liberae
3324 2663 3632 2718 voluntatis

2035 2747 2231 2815 spiritu
2269 2749 2640 2818 reputabitur.

2107 2838 2228 2891 458.
2269 2839 2455 2893 Animi
2503 2841 2715 2897 utentis
2756 2842 2992 2908 ratione,
3023 2844 3230 2898 atrium
3267 2861 3468 2902 sensus
3502 2857 3627 2904 est:

2033 2931 2337 2999 templum,
2375 2947 2554 2997 mens,
2584 2934 2854 3002 pontifex,
2919 2936 3084 2990 ratio.
3137 2938 3328 3007 Itaque
3377 2940 3431 2992 in
3487 2940 3630 2993 atrio

2032 3031 2288 3076 versatur
2331 3039 2394 3078 ea
2427 3040 2605 3091 mens,
2666 3041 2790 3095 qua:
2848 3027 3188 3096 importunis
3235 3030 3628 3098 interpellatur

2033 3113 2506 3184 cogitationibus:
2546 3117 2601 3171 in
2650 3119 2858 3188 templo
2892 3134 3047 3185 vero,
3093 3137 3217 3191 qua:
3254 3123 3629 3190 opportunis:

335 3217 426 3268 ἐπ’
457 3216 636 3269 οὐδενὶ
663 3216 720 3268 δὲ
742 3215 970 3279 τούτων,
1005 3215 1032 3267 ὁ
1066 3216 1146 3278 εἰς
1179 3215 1241 3268 τὸ
1275 3215 1423 3268 θεῖον
1461 3216 1730 3287 ίερατεῖον
1766 3215 1931 3280 ἀξιω-

2042 3204 2094 3259 in
2125 3215 2328 3263 neutro
2358 3217 2567 3275 autem,
2595 3208 2692 3278 qui
2726 3209 2783 3262 in
2797 3209 3051 3265 divinum
3079 3212 3384 3269 sacrarium
3418 3213 3632 3270 intrare

337 3309 454 3373 θεὶς
482 3309 766 3362 εἰσελθεῖν.

413 3399 544 3470 ρνθ’.
576 3399 786 3469 Θρῆνος
819 3399 917 3468 μὲν
943 3399 1033 3451 καὶ
1068 3399 1230 3468 μέλος
1269 3398 1362 3451 καὶ
1402 3399 1547 3464 οὐαὶ,
1582 3400 1639 3450 ἐν
1669 3399 1802 3466 οἴκῳ
1832 3398 1932 3468 τῆς

340 3493 658 3562 πρακτικῆς
694 3491 898 3560 ψυχῆς,
928 3489 1016 3542 διὰ
1044 3491 1138 3542 τὸν
1169 3490 1342 3542 κόπον
1393 3491 1711 3560 εὑρίσκεται
1731 3506 1746 3519 '
1777 3490 1929 3558 φωνὴ

335 3588 395 3640 δὲ
424 3585 804 3654 ἀγαλλιάσεως
843 3583 940 3636 καὶ
975 3582 1446 3653 ἐξομολογήσεως,
1478 3583 1568 3637 διὰ
1595 3582 1696 3653 τὴν
1725 3584 1928 3652 γνῶσιν

347 3681 376 3733 δ
400 3677 436 3731 ὰ
455 3677 547 3731 τὸν
576 3677 678 3746 τῆς
703 3675 1046 3746 θεωρητικῆς
1079 3672 1428 3738 ἐξακούεται.

417 3859 511 3928 ρξ’.
555 3857 867 3930 Πρακτικὸς
906 3856 1025 3928 μὲν,
1061 3854 1324 3925 ἐπιθυμεῖ
1359 3851 1648 3921 ἀναλῦσαι,
1679 3851 1767 3907 διὰ
1802 3853 1928 3915 τοὺς

336 3955 559 4018 πόνους,
603 3952 700 4006 καὶ
754 3951 1111 4020 συγγενέσθαι
1166 3947 1418 4020 Χριστῷ·
1464 3946 1799 4018 θεωρητικὸς
1849 3945 1926 4012 δὲ,

335 4048 554 4102 εὐδοκεῖ
593 4046 796 4116 μᾶλλον
841 4045 1008 4114 σαρκὶ
1058 4041 1400 4114 παραμένειν
1435 4040 1512 4114 (d)
1534 4058 1546 4069 '
1577 4041 1671 4094 καὶ
1705 4039 1794 4095 διὰ
1830 4041 1928 4112 τὴν

334 4140 534 4211 χαρὰν,
565 4140 630 4210 ἢν
662 4138 878 4208 δέχεται
917 4135 976 4201 ἐξ
1001 4136 1188 4207 εὐχῆς,
1237 4135 1331 4189 καὶ
1375 4135 1464 4190 διὰ
1507 4136 1605 4206 τὴν
1638 4136 1733 4190 τοῦ
1784 4136 1925 4206 πλη-

335 4234 454 4288 σίον
485 4233 621 4303 πρὸς
651 4231 720 4285 τὰ
742 4232 904 4302 γήϊνα
932 4229 1221 4298 ὠφέλειαν.

415 4415 550 4484 ρξαῆ
597 4413 726 4465 Ἐπὶ
772 4411 871 4477 μὲν
899 4409 1007 4463 τῶν
1055 4408 1424 4480 λογιωτέρων,
1457 4410 1490 4480 ἡ
1522 4408 1726 4480 θεωρία
1787 4427 1924 4482 προ-

327 4508 554 4577 ηγεῖται
584 4504 685 4572 τῆς
715 4501 966 4575 πράξεως
987 4517 1000 4532 ·
1032 4500 1124 4553 ἐπὶ
1153 4500 1209 4553 δὲ
1239 4499 1346 4552 τῶν
1368 4501 1795 4572 ἀγροικοτέρων,
1825 4502 1925 4573 τῆς

2035 3299 2262 3354 meruit.

2106 3391 2228 3448 l59.
2267 3392 2633 3460 Lamentatio,
2689 3411 2918 3450 carmen
2953 3405 3010 3450 et
3058 3413 3162 3461 vae,
3200 3404 3432 3466 propter
3471 3399 3628 3454 labo«

2033 3497 2152 3536 rem
2189 3481 2244 3535 in
2285 3483 2406 3552 ejus
2437 3483 2725 3538 invenitur
2751 3485 2918 3539 domo
2940 3485 2984 3516 ⁸⁸
3010 3527 3025 3552 ,
3077 3487 3172 3557 qui
3222 3487 3496 3542 actionem
3531 3504 3626 3543 co-

2032 3571 2097 3625 lit
2133 3589 2146 3624 :
2189 3581 2416 3642 propter
2450 3573 2742 3629 scientiam
2779 3590 2914 3629 vero
2948 3591 3055 3630 vox
3103 3576 3332 3630 auditur
3381 3579 3628 3632 exsulta-

2033 3665 2202 3720 tionis
2233 3666 2279 3698 ⁵ο
2311 3674 2370 3720 et
2397 3666 2768 3723 confessionis
2813 3669 2883 3734 ⁵⁸,
2921 3669 2975 3724 in
3005 3669 3127 3739 ejus
3150 3670 3245 3739 qui
3276 3669 3462 3725 studet
3495 3686 3628 3725 con-

2033 3755 2404 3825 templationi.
2966 3754 2968 3756 ’

2107 3848 2228 3904 160.
2265 3848 2370 3915 Qui
2403 3850 2606 3905 actioni
2637 3852 2844 3917 studet,
2881 3852 3136 3909 laborum
3175 3855 3450 3920 molestia,
3483 3855 3624 3910 emi-

2031 3958 2192 4014 grare
2229 3943 2404 4014 cupit,
2444 3951 2646 3999 etesse
2674 3961 2801 4000 cum
2825 3945 3051 4002 Christo
3076 3949 3121 3979 δ’
3157 3964 3170 4000 :
3204 3947 3302 4017 qui
3330 3963 3467 4001 vero
3490 3964 3624 4002 con-

2032 4035 2402 4104 templationi,
2427 4035 2639 4089 mavult
2667 4037 2724 4091 in
2753 4053 2920 4092 carne
2945 4053 3295 4108 permanere,
3341 4046 3453 4090 tum
3493 4053 3624 4107 pro-

2031 4138 2154 4199 pter
2192 4126 2476 4198 gaudium,
2525 4127 2675 4196 quod
2740 4129 2984 4199 percipit
3043 4145 3108 4184 ex
3165 4129 3458 4194 oratione,
3510 4135 3627 4182 tmn

2029 4230 2259 4291 propter
2288 4220 2550 4290 proximi,
2593 4221 2650 4276 in
2681 4221 2768 4276 his
2805 4237 2929 4292 quae
2980 4231 3204 4277 terrena
3251 4230 3418 4286 sunt,
3476 4221 3626 4275 utili-

2032 4322 2221 4370 tatem.

2105 4407 2224 4462 161.
2257 4406 2319 4462 In
2361 4407 2431 4462 iis
2462 4405 2690 4476 quidem
2722 4407 2819 4477 qui
2862 4407 3210 4462 eruditiores
3235 4448 3251 4469 ,
3298 4408 3625 4476 majorequc

2028 4500 2246 4570 prmditi
2281 4500 2558 4570 sapientia
2585 4508 2736 4564 sunt,
2767 4501 3170 4570 contemplatio
3197 4501 3357 4570 pneit
3377 4499 3621 4566 actioni;

328 4594 573 4666 θεωρίας
598 4596 634 4664 ἡ
667 4591 865 4663 πρᾶξις
888 4604 901 4618 ⁸
938 4592 1018 4652 εἰς
1058 4589 1116 4641 ἓν
1147 4588 1205 4642 δέ
1239 4588 1392 4653 τέλος
1443 4591 1678 4661 χρηστὸν
1738 4593 1924 4662 ἀμφό-

2042 4593 2091 4647 in
2147 4591 2470 4647 rudioribus
2508 4607 2660 4656 vero,
2715 4592 2864 4647 actio
2915 4592 3421 4662 contemplationi,
3497 4608 3625 4647 cum

327 4706 492 4758 ιτεραι.
532 4685 925 4756 καταλήγουσι.
958 4681 1379 4753 Συντομώτερον
1406 4681 1463 4736 δὲ
1502 4683 1658 4737 τοῦτο
1689 4684 1924 4756 ὀφθήσε-

329 4798 450 4846 ται,
479 4775 562 4841 οἷς
591 4780 626 4848 ἡ
659 4775 864 4847 θεωρία
896 4776 1225 4845 προηγεῖται
1253 4774 1352 4844 τῆς
1387 4773 1661 4844 πράξεως.

2034 4683 2209 4738 amba:
2238 4681 2292 4735 in
2345 4698 2516 4736 unum
2556 4682 2765 4736 bonum
2821 4682 2988 4735 linem
3037 4681 3316 4736 desinant.
3372 4682 3627 4739 Celerius

2033 4783 2220 4830 autem
2272 4773 2421 4828 istud
2477 4774 2794 4839 videbitur,
2861 4775 2917 4829 in
2971 4774 3178 4844 quibus
3229 4776 3628 4846 contemplatio

2034 4865 2195 4936 pra:it
2220 4864 2450 4920 actioni.

409 5004 452 5033 ⁸³
482 5000 526 5054 ll
553 4999 677 5055 Cor.
708 5013 802 5062 xu,
835 4997 898 5068 7.7
933 4994 1010 5068 _“
1039 4994 1086 5068 Π
1119 4993 1244 5050 Cor.
1260 4993 1490 5068 __m,_l8.
1563 4995 1608 5068 ⁸⁸
1636 4995 1810 5051 Exod.
1844 5014 1926 5066 ιιι,

2099 4997 2340 5068 “Num.
2374 5013 2458 5060 χι,
2494 4996 2548 5050 5.
2625 4995 2668 5027 ⁸⁷
2696 4995 2860 5050 Num.
2893 5012 3004 5061 xxr,
3036 4996 3088 5051 5.
3163 4995 3208 5027 ⁸⁸
3232 4995 3358 5068 Sap.
3390 5015 3501 5065 xw,
3531 4999 3619 5055 ΞΟ.

332 5077 382 5107 ⁸ο
414 5071 615 5127 Ezech.
645 5085 702 5134 ιι,
729 5070 780 5123 9.
859 5067 905 5098 ⁸ο
931 5065 1077 5121 Psal.
1111 5081 1220 5129 xu,
1257 5065 1307 5118 5.
1384 5065 1425 5097 ⁸¹
1460 5065 1603 5120 Psal.
1635 5081 1798 5134 cxvn,
1830 5070 1912 5124 l5.

2077 5067 2318 5137 Philipp.
2356 5084 2394 5130 ι,
2426 5068 2518 5122 25.

413 5182 482 5255 (ε)
529 5180 709 5255 Μετὰ-
751 5180 856 5255 τοῦ
900 5179 1242 5255 πνεύματος
1285 5180 1695 5255 ἡγεμονικοῦ.-
1738 5183 1913 5249 Quem

335 5251 607 5312 Maximus
631 5251 887 5322 spiritum
939 5251 1268 5322 ἡγεμονικὸν
1318 5253 1409 5306 hic
1448 5260 1631 5316 vocat,
1684 5251 1801 5322 ipse
1833 5262 1918 5309 est

335 5341 504 5394 quem
527 5321 957 5394 PaulusiEphes.
979 5337 1052 5384 IV,
1081 5321 1172 5382 21,
1197 5322 1443 5394 spiritum
1475 5321 1716 5394 τοῦ-νοὸς
1749 5323 1920 5393 (men-

339 5392 431 5467 tis)
465 5403 648 5458 vocat,
667 5402 723 5467 et
745 5393 1004 5467 hortatur
1031 5405 1098 5467 eo
1128 5393 1382 5467 renovari
1404 5409 1418 5456 ;
1440 5392 1602 5467 _qno_d_
1621 5392 1779 5467 mens
1799 5394 1917 5463 ipsa

335 5460 753 5536 τὸῆγεμονικὸν
800 5463 870 5536 in
897 5460 1123 5536 homine
1159 5461 1262 5536 sit:
1307 5463 1455 5531 quod
1485 5463 1713 5536 scilicet_
1749 5460 1918 5520 in'co

341 5531 646 5607 principale
673 5531 1102 5607 estacimperio
1121 5532 1293 5607 pollet
1321 5551 1332 5584 :
1367 5549 1510 5607 quae,
1545 5549 1670 5587 cum
1701 5533 1830 5607 ipsa
1852 5550 1919 5607 ex

339 5603 403 5662 se
430 5605 534 5659 fixa
558 5605 630 5658 sit
671 5603 786 5656 veri
827 5603 1320 5671 contemplatione,
1347 5605 1654 5658 orationem
1698 5619 1763 5657 ea
1808 5604 1916 5658 ful-

343 5689 455 5734 tam
483 5673 1149 5745 constantem,uniusque
1205 5673 1438 5745 rationis
1481 5673 1910 5745 (μονολόγιστον)

341 5745 542 5802 reddat
574 5761 588 5798 :
629 5743 690 5796 τὸ
715 5743 1101 5814 προαιρετικὸν
1139 5758 1272 5797 vero
1324 5743 1500 5811 (velut
1544 5743 1728 5806 dicas,
1766 5743 1911 5798 arbi-

345 5814 598 5882 trarium)
618 5814 981 5875 voluntatem,
1025 5829 1148 5882 quas
1180 5829 1280 5882 pro
1327 5814 1431 5868 hoc
1453 5814 1912 5872 statu.instahilis

345 5888 441 5953 sit,
471 5900 646 5956 eyquc
679 5884 785 5938 alia
815 5884 869 5938 in
903 5885 1064 5938 aliam
1129 5893 1374 5938 mutatur
1438 5900 1538 5958 pro
1591 5901 1776 5939 rerum
1813 5889 1911 5940 oh-

2020 5185 2298 5255 jectarum
2354 5198 2418 5238 ac
2485 5181 2882 5254 cogitationum
2943 5183 3234 5249 varietate,
3293 5182 3461 5253 inque
3517 5198 3612 5240 eas

2027 5255 2349 5310 aﬂchone.

2106 5325 2182 5397 (ά)
2220 5324 2403 5397 Σαρκί
2429 5321 2830 5397 παραμένειν.
2865 5322 3055 5397 Graeca
3072 5323 3316 5397 vulgata,
3339 5323 3622 5397 ἐπιμένειν

2028 5396 2089 5466 ἐν
2116 5393 2182 5466 τῇ
2211 5395 2398 5466 σαρκί.
2429 5393 2645 5466 Habent
2671 5403 2866 5466 tamen
2903 5393 3076 5466 codex
3123 5393 3528 5466 Alexandrinus
3566 5406 3622 5449 et

2027 5463 2319 5536 Chrj‘sost.
2353 5465 2408 5518 in
2437 5463 2816 5533 Expositione,
2854 5465 3136 5536 ἐπιμένειν
3190 5465 3384 5532 σαρκί,
3414 5466 3621 5536 absque

2030 5533 2438 5606 propositione,
2470 5549 2594 5606 qua;
2644 5549 2746 5588 nec
2802 5533 3101 5606 admodum
3156 5535 3474 5606 necessaria
3511 5533 3618 5599 est,

2027 5604 2156 5676 cuni
2193 5606 2314 5676 ejus
2345 5605 2456 5676 vim
2498 5604 2698 5660 habeat
2727 5605 2957 5676 verbum
2987 5604 3381 5676 compositum,
3438 5605 3622 5674 sitque

2020 5675 2169 5731 idem
2214 5673 2497 5744 ἐπιμένειν
2556 5684 2722 5745 atque
2784 5674 3074 5744 ἐμμένειν⁸
3133 5673 3216 5737 τὸ,
3267 5676 3605 5745 παραμένειν

2022 5746 2242 5800 Maximi
2308 5743 2482 5816 magis
2515 5743 2750 5816 respuit,
2785 5743 3063 5816 habetque
3109 5743 3444 5816 emphasin:
3492 5760 3616 5816 per-

2021 5833 2240 5872 manere
2268 5817 2323 5871 in
2353 5813 2645 5886 cdt-neme}:
2685 5816 2754 5872 ab
2791 5832 2855 5870 ea
2882 5813 3144 5886 disjungi.
