4060 6426
374 351 501 419 liii

1533 343 1709 401 ALIA
1747 342 1847 400 EX
1885 342 2124 401 VATIC.
2167 342 2456 401 CAPITA.

3496 349 3631 411 1112

368 456 416 507 ei
454 455 527 523 μὴ
569 451 830 523 γυμνωθῇ
862 444 1016 513 οὗτος
1066 450 1167 520 τῆς
1220 451 1464 521 ἐσθῆτος,
1501 453 1707 515 ἐκεῖνος
1757 452 1813 505 δὲ
1855 452 1940 521 τῆς

2056 452 2407 523 margaritam
2463 453 2590 507 inde
2630 460 3020 517 extraeturus;
3077 454 3183 507 nisi
3228 455 3420 511 nudati
3467 462 3627 517 ambo

368 546 698 618 αἰσθήσεως,
726 547 1033 618 ἀμφότεροι
1060 546 1153 600 τοῦ
1186 544 1615 617 ἐπιζητουμένου
1642 547 1943 619 ξόιαμαρτή⁸

369 658 576 695 σονται.

440 732 575 804 ροα⁸.
609 732 671 785 Ὀ
705 733 807 800 μὲν
834 732 1048 785 ἔνδοθεν
1074 732 1174 803 τῆς
1197 732 1435 797 διανοίας
1461 730 1625 785 αὐτοῦ
1658 731 1948 801 γενόμενος

366 822 512 890 νοῦς,
548 825 606 876 ὲν
637 824 714 894 τῷ
738 824 1019 893 εὔχεσθαι,
1060 824 1137 887 ὼς
1175 823 1313 894 μετὰ
1346 824 1564 894 νύμφης
1608 823 1838 891 νυμφίος
1891 825 1947 874 ὲν

366 917 445 987 τῷ
479 916 732 987 νυμφῶνι
756 917 1137 987 διαλεγόμενος
1164 916 1547 988 εὑρεθήσεται·
1578 918 1607 969 ό
1631 916 1689 968 δὲ
1725 913 1797 985 μὴ
1826 930 1949 983 συγ-

370 1010 720 1079 χωρούμενος
760 1010 1044 1075 εἰσελθεῖν,
1100 1008 1303 1073 ἔξωθεν
1336 1009 1624 1079 ἱστάμενος
1676 1006 1947 1071 στενάζων

372 1100 469 1171 βοᾷ
494 1117 507 1131 ⁸
557 1103 652 1168 Τίς
687 1102 904 1165 ἀπάξει
955 1120 1033 1172 με
1085 1105 1170 1167 εἰς
1218 1104 1401 1155 πόλιν
1438 1101 1764 1169 περιοχιῆς;
1798 1102 1831 1172 ἦ
1866 1101 1948 1162 τίς

369 1192 624 1261 ὁδηγήσει
661 1209 750 1262 με,
778 1192 890 1257 ἕως
923 1193 1029 1246 τοῦ
1053 1192 1140 1261 μὴ
1155 1192 1418 1256 βλέπειν
1439 1194 1527 1259 εὶς
1548 1193 1948 1261 ματαιότητας

370 1280 466 1333 καὶ
490 1283 713 1348 μανίας
739 1281 987 1350 ψευδεῖς
1016 1285 1075 1336 ὲν
1105 1283 1182 1354 τῷ
1212 1282 1491 1353 εὔχεσθαι.

440 1460 574 1532 ροβ’.
609 1462 806 1515 Ὀποία
833 1464 865 1531 ἡ
894 1464 1066 1532 χωρὶς
1094 1462 1222 1525 ἁλὸς
1248 1461 1327 1531 τῷ
1358 1462 1599 1531 φάρυγγι
1626 1460 1949 1531 λογιζομένη

366 1554 563 1623 τροφὴ,
600 1554 825 1625 τοιαύτη
856 1556 949 1608 καὶ
980 1557 1012 1624 ἠ
1040 1554 1200 1618 ἐκτὸς
1226 1554 1581 1619 κατανύξεως
1630 1554 1950 1626 λογισθήσε-

367 1664 458 1698 ται
484 1646 561 1716 τῷ
583 1646 659 1715 νῷ
688 1646 1063 1717 μετερχομένη
1098 1646 1253 1717 εὐχή.

441 1741 574 1805 ρογ¹.
614 1735 679 1789 Ἥ
712 1736 809 1806 μὲν
836 1734 915 1787 ἔτι
942 1734 1358 1789 καταδιώκουσα
1402 1733 1550 1807 ψυχὴ
1600 1735 1702 1805 τὴν
1755 1735 1943 1807 εὐχὴν,

2050 546 2386 609 exstiterint,
2412 546 2553 599 alter
2583 554 2756 611 veste,
2787 546 3040 615 alterque
3062 562 3225 601 sensu
3250 589 3263 612 ,
3294 561 3493 604 neuter
3512 553 3628 623 ejus

2050 637 2208 705 cujus
2232 636 2589 705 inquisitione
2613 636 2844 701 laborat,
2879 652 3105 706 compos
3131 641 3428 695 exstiterit.

2118 728 2240 781 171.
2282 727 2415 794 Qum
2466 728 2610 782 intra
2654 728 2889 797 seipsam
2934 730 3039 783 alta
3092 732 3422 801 cogitatione
3476 749 3634 791 mens

2050 818 2277 873 collecta
2325 829 2429 885 est,
2484 820 2629 874 inter
2675 821 2968 885 orandum,
3017 823 3170 875 velut
3226 839 3463 893 sponsus
3499 842 3628 880 cum

2053 926 2252 980 sponsa
2286 911 2339 965 in
2377 912 2620 966 thalamo
2647 928 2971 973 sermonem
3003 913 3241 967 miscens
3290 916 3629 972 invenietur.

2050 1002 2151 1056 Cui
2204 1012 2387 1057 autem
2420 1003 2637 1073 ingredi
2683 1019 2793 1057 non
2848 1004 3228 1074 permittitur,
3289 1006 3423 1061 foris
3480 1017 3632 1063 stans

2049 1095 2253 1165 gemitu
2289 1096 2509 1159 clamat,
2544 1094 2671 1160 Quis
2710 1096 2924 1147 deducet
2958 1112 3039 1148 me
3060 1098 3113 1149 in
3147 1097 3408 1150 civitatem
3453 1102 3630 1152 mimi-

2061 1197 2171 1240 tam
2202 1187 2288 1239 5‘?
2313 1198 2409 1240 aut
2432 1188 2557 1255 quis
2582 1187 2719 1240 mihi
2752 1187 3023 1241 hactenus
3053 1187 3163 1240 dux
3196 1188 3325 1252 erit,
3364 1198 3420 1241 ut
3451 1192 3505 1242 in
3542 1208 3634 1244 va-

2050 1278 2242 1330 nitates
2281 1286 2329 1329 et
2371 1278 2611 1331 insanias
2657 1276 2846 1346 falsas,
2890 1277 3037 1331 inter
3080 1278 3352 1331 orandum
3399 1295 3503 1332 non
3551 1297 3633 1332 re-

2058 1371 2284 1439 spiciam
2316 1370 2357 1401 ⁵⁷
2376 1370 2399 1422 ?

2122 1460 2244 1513 172.
2274 1459 2463 1525 Qualis
2493 1475 2619 1514 esca
2666 1460 2821 1514 nullo
2864 1461 2977 1514 sale
3011 1460 3234 1515 condita
3284 1461 3493 1530 gutturi
3548 1462 3632 1515 vi—

2050 1549 2235 1611 detur,
2272 1548 2394 1603 talis
2421 1558 2477 1603 et
2512 1550 2709 1613 oratio,
2745 1550 2915 1604 menti
2943 1565 3064 1604 eam
3104 1551 3309 1605 colenti
3345 1550 3630 1605 existima-

2049 1641 2223 1705 bitur,
2257 1642 2361 1695 nisi
2398 1641 2449 1695 ei
2479 1641 2835 1710 eompunetio
2862 1656 3048 1696 comes
3072 1642 3163 1695 sit.

2124 1732 2247 1785 1T5.
2280 1731 2511 1786 Animus
2533 1732 2840 1785 orationem
2873 1732 3054 1786 adhuc
3085 1747 3447 1803 persequens,
3504 1749 3632 1803 par-

363 1829 431 1897 τῇ
466 1805 729 1899 ὠδινούση
784 1828 1018 1899 ὑπάρχει
1081 1828 1485 1898 παρεμφερήςο
1603 1827 1660 1881 δὲ
1706 1805 1940 1882 καταλα-

2052 1822 2276 1876 turienti
2325 1837 2490 1891 quam
2524 1821 2721 1875 similis
2742 1828 2827 1875 est
2873 1823 2948 1887 '8;
2995 1837 3116 1877 eam
3148 1837 3283 1876 vero
3320 1831 3628 1886 assecutus,

366 1917 556 1982 ϐοῦσα,
601 1921 667 1992 τῇ
722 1920 994 1992 κυησάσῃ,
1040 1919 1135 1973 καὶ
1172 1919 1371 1991 πλήρει
1410 1920 1682 1992 γενομένῃ
1725 1921 1813 1974 διὰ
1851 1920 1942 1974 τὸν

365 2006 526 2060 τόκον
555 2009 751 2077 χαρᾶς.

437 2098 564 2167 ροδν.
606 2100 779 2153 Πάλαι
814 2102 912 2171 μὲν
941 2103 970 2155 ὁ
1003 2101 1331 2173 ’Λμορῤαἴος
1370 2103 1464 2172 (e‘)
1504 2103 1561 2155 ὲν
1591 2101 1669 2172 τῷ
1701 2102 1817 2173 ὄρει
1863 2104 1942 2155 oi-

365 2191 501 2257 κῶν,
535 2190 866 2262 ἐτίτρωσκεν
900 2193 1253 2265 ἐξερχόμενος
1279 2196 1405 2259 τοὺς
1436 2193 1943 2266 παραϐιαζομένους

365 2280 679 2352 διέρχεσθαι
704 2300 718 2313 ⁸
754 2286 871 2337 νυνὶ
900 2286 954 2339 δὲ
982 2289 1014 2356 ή
1061 2286 1275 2357 πονηρὰ
1303 2286 1443 2356 λήθη
1474 2286 1660 2343 διώκει
1686 2288 1810 2350 τοὺς
1834 2288 1941 2359 πρὸ

360 2374 461 2443 τῆς
499 2374 722 2442 ἁγνείας
751 2376 845 2427 ἐπὶ
872 2376 973 2447 τὴν
992 2377 1331 2447 ὑψηλοτέραν
1361 2361 1773 2448 ἐπιχειροῦντας
1807 2379 1941 2433 ἀνα-

363 2463 569 2518 ϐαίνειν
601 2464 766 2535 εὑχὴν
803 2467 901 2536 τῆς
929 2467 1250 2537 ἁπλότητος.

435 2565 563 2627 ροε’.
597 2560 708 2629 Τῆς
758 2560 1005 2630 καθαρᾶς
1054 2561 1241 2635 εὑχῆς,
1274 2562 1331 2614 ὲν
1360 2561 1529 2633 ἔχθρᾳ
1564 2562 1731 2633 πολλῇ
1768 2561 1940 2630 πεφύ-

365 2668 527 2704 κασιν
557 2646 694 2705 εἶναι
745 2653 794 2703 οἱ
849 2652 1121 2721 δαίμονες.
1168 2654 1556 2724 Καταπλήττει
1607 2654 1663 2706 δὲ
1692 2652 1937 2717 τούτους,

360 2745 484 2814 οὐχὶ
519 2744 725 2814 πλἧοος
764 2745 879 2797 τῶν
922 2744 1108 2797 κακῶν
1162 2742 1413 2817 [mltva
1451 2746 1525 2808 ὼς
1574 2747 1699 2808 τοὺς
1740 2745 1939 2808 ἔξωθεν

367 2835 663 2906 πολεμίους
698 2836 759 2887 τὸ
789 2836 1107 2905 στράτευμα
1132 2852 1146 2866 ο
1197 2836 1314 2888 ἀλλ’
1344 2838 1375 2905 ὴ
1426 2835 1596 2905 τριῶν
1627 2837 1935 2907 συμφωνία,

363 2921 457 2975 νοῦ
492 2922 628 2992 πρὸς
656 2922 832 2990 λόγον,
869 2925 963 2977 καὶ
993 2923 1152 2991 λόγου
1184 2924 1321 2995 πρὸς
1356 2924 1627 2994 αἴσθησιν.

437 3011 577 3083 ρος’.
619 3012 681 3067 Ἡ
723 3015 821 3085 μὲν
858 3015 987 3086 ψιλὴ
1011 3016 1168 3086 εὑχὴ,
1198 3016 1274 3079 ὼς
1304 3017 1469 3087 ἄρτος
1503 3017 1803 3087 ὀφθήσεται
1836 3019 1939 3090 ἁρ-

359 3105 628 3174 χομένους
660 3105 995 3176 στηρίζουσα
1018 3123 1031 3134 ’
1068 3108 1103 3178 ή
1152 3107 1209 3159 δὲ
1239 3108 1378 3178 μετά
1406 3125 1549 3171 τινος
1581 3109 1835 3180 Θεωρίας,
1866 3110 1942 3174 ὡς

358 3197 543 3250 ἔλαιον
594 3197 887 3252 πιαίνουσα
911 3215 925 3230 ·
961 3200 993 3270 ή
1033 3199 1090 3253 δὲ
1127 3200 1388 3266 ἀνείδεος,
1423 3199 1499 3264 ὡς
1541 3194 1683 3266 οἶνος
1712 3202 1940 3273 εὐώδης,

356 3282 422 3342 οὗ
452 3290 499 3341 οἱ
530 3289 936 3361 ἐμφορούμενοι
966 3290 1258 3364 ἀπλήστως
1290 3292 1623 3357 ἐξίστανται-

2049 1910 2101 1966 ei
2154 1926 2278 1980 quae
2326 1910 2580 1981 peperit,
2636 1925 2814 1980 exque
2879 1919 3042 1981 partu
3091 1910 3275 1983 gaudii
3330 1911 3491 1980 plena
3537 1927 3633 1965 ex-

2047 2003 2216 2058 sistit.

2121 2108 2243 2161 174.
2280 2106 2422 2161 Olim
2447 2105 2670 2177 quidem
2705 2105 3062 2162 Amorrhazus
3095 2115 3359 2161 montana
3395 2104 3583 2159 colens
3614 2145 3627 2168 ,

2048 2213 2144 2252 eos
2182 2212 2475 2267 aggressus
2502 2196 2597 2266 qui
2637 2196 2948 2266 transgredi
2991 2195 3460 2257 connitebantur,
3498 2208 3631 2247 eon-

2047 2287 2375 2342 vuluerabat
2404 2288 2487 2346 υς
2517 2301 2778 2356 nuncque
2826 2287 2968 2339 mala
3001 2286 3210 2339 oblivio
3269 2286 3394 2338 illos
3437 2298 3628 2353 perse-

2049 2380 2262 2450 quitur,
2292 2380 2385 2448 qui
2424 2378 2663 2433 necdum
2712 2379 3094 2433 castimoniam
3144 2378 3364 2446 adepti,
3423 2376 3490 2429 ad
3549 2376 3631 2428 al—

2048 2469 2247 2524 tiorem
2281 2469 2587 2538 simplicem
2618 2470 2921 2523 orationem
2970 2484 3257 2523 ascensum
3304 2466 3628 2520 moliuntur.

2115 2562 2237 2616 175.
2274 2560 2592 2616 Orationem
2623 2546 2821 2631 puram
2852 2562 3002 2631 gravi
3044 2560 3323 2615 daemones
3343 2558 3473 2613 odio
3498 2571 3630 2627 per-

2048 2662 2376 2723 sequuntur,
2406 2653 2571 2722 idque
2595 2669 2660 2707 ex
2691 2652 2873 2722 genio.
2911 2652 3170 2706 Percellit
3208 2667 3339 2704 vero
3388 2666 3485 2703 eos
3517 2663 3627 2701 non

2044 2745 2315 2799 bonorum
2347 2745 2529 2808 turba,
2563 2746 2710 2798 velut
2735 2753 2992 2799 externos
3025 2743 3213 2798 hostes
3236 2743 3453 2813 objecta
3489 2757 3631 2810 pne-

2047 2836 2191 2891 sidia
2216 2836 2495 2901 militum;
2546 2836 2642 2890 sed
2677 2837 2842 2889 trium
2900 2851 3227 2899 consensus,
3269 2834 3470 2888 mentis
3514 2832 3626 2889 sci-

2047 2926 2174 2981 licet
2209 2941 2331 2980 cum
2370 2925 2622 2989 ratione,
2652 2933 2708 2979 et
2766 2925 2997 2979 rationis
3049 2940 3173 2979 cum
3212 2936 3399 2979 sensu.

2122 3017 2246 3070 1'76.
2279 3008 2525 3085 Simplex
2551 3015 2750 3079 oratio,
2805 3015 2961 3084 quasi
3008 3014 3168 3083 panis
3216 3012 3499 3067 videbitur
3527 3011 3573 3042 ⁶⁰
3614 3049 3629 3074 ,

2050 3108 2380 3177 incipientes
2405 3123 2471 3162 ac
2497 3106 2934 3161 rudimentarios
2960 3105 3279 3160 confortans
3308 3122 3320 3157 :
3355 3120 3477 3173 quae
3500 3119 3633 3157 vero

2054 3202 2296 3271 aliquam
2326 3199 2852 3268 contemplationem
2884 3198 3238 3267 eonjunctam
3269 3195 3456 3259 habet,
3482 3195 3633 3248 velut

2050 3293 2233 3347 oleum
2265 3291 2615 3362 impinguans
2637 3290 2679 3322 ⁶¹
2712 3307 2725 3343 :
2760 3305 2882 3360 qua:
2908 3288 3150 3358 denique
3182 3288 3360 3342 nullas
3389 3286 3632 3341 admittit

354 3378 570 3435 formas
592 3397 655 3435 ac
679 3382 996 3450 simulacra,
1028 3386 1183 3451 quasi
1206 3385 1396 3442 vinum
1414 3386 1934 3457 fragrantissimum,
1970 3402 2080 3458 quo
2112 3386 2207 3456 qui
2266 3385 2416 3455 pleni
2453 3392 2601 3450 sunt,
2665 3384 2997 3437 immensum
3046 3381 3322 3438 excedunt
3372 3396 3438 3435 ac
3480 3381 3631 3437 velut

358 3471 648 3527 insaniunt
675 3476 745 3528 “.

437 3562 617 3634 poC'."
651 3565 877 3636 ’Ἄγριος
912 3566 1009 3636 μὲν
1040 3567 1181 3631 ὖνος,
1214 3567 1422 3633 πόλεως
1469 3568 1568 3639 μὲν
1595 3568 1813 3636 λέγεται
1843 3587 1943 3623 πο-

360 3651 617 3723 λυοχλίας
650 3656 980 3726 καταγελᾷν·
1033 3657 1128 3709 καὶ
1158 3658 1466 3728 μονόκερως
1503 3659 1561 3711 δὲ
1608 3658 1700 3713 ὑπ’
1730 3659 1945 3723 οὐδενὸς

356 3745 683 3815 δεσμεῖσθαι
714 3747 1025 3818 δυνάμενος.
1062 3748 1202 3812 Νοῦς
1224 3748 1281 3802 δὲ
1306 3750 1540 3818 φύσεως,
1572 3750 1668 3804 καὶ
1691 3752 1798 3804 τῶν
1816 3752 1944 3822 περ).

365 3838 535 3905 φύσιν
569 3838 895 3905 βασιλεύσας
924 3840 1116 3908 λόγων,
1150 3841 1517 3912 ματαιότητος
1567 3842 1666 3912 μὲν
1706 3860 1943 3909 καταγε-

357 3930 433 3999 λᾷ
457 3928 736 4000 λογισμῶν
768 3932 1237 4001 προσευχόμενοςο
1279 3936 1409 4004 παρ’
1441 3934 1655 3997 οὐδενὸς
1696 3934 1753 3987 δὲ
1782 3935 1943 3988 δύνα-

362 4040 459 4075 ται
496 4023 606 4075 τῶν
634 4022 738 4075 ὑπὸ
766 4022 864 4092 τὴν
904 4024 1156 4094 αἴσθησιν
1186 4024 1724 4089 κατεξουσιάζεσθαι.

441 4211 571 4275 ροη’.
606 4205 727 4277 Χρὴ
781 4205 873 4258 τὸν
918 4206 1318 4277 ἀγωνιζόμενον
1348 4248 1363 4272 ,
1394 4207 1497 4279 τὴν
1546 4208 1645 4278 μὲν
1688 4210 1941 4279 αἴσθησιν

353 4299 550 4363 αὑτοῦ,
581 4301 660 4361 εἰς
694 4297 794 4368 τὴν
845 4298 1090 4369 μονοειδῆ
1139 4300 1450 4353 συστέλλειν
1487 4302 1712 4373 ’τροφήν⁸
1760 4303 1851 4355 τὸν
1884 4302 1941 4355 δὲ

354 4391 509 4454 νοῦν,
577 4394 658 4454 εἰς
709 4391 808 4462 τὴν
878 4392 1257 4461 μονολόγιστον
1342 4397 1699 4465 προσευχήνο
1769 4395 1941 4459 οὕτως

355 4484 474 4554 γὰρ
509 4484 736 4554 ἄσχετος
768 4485 1006 4552 γεγονὼς
1036 4486 1101 4538 ἐκ
1123 4487 1314 4541 παθῶν
1337 4526 1351 4550 ,
1384 4488 1477 4540 καὶ
1507 4489 1600 4541 ἐπὶ
1638 4489 1698 4542 τὸ
1755 4490 1941 4560 ἁρπάα

356 4575 556 4639 ζεσοαι
587 4575 726 4647 πρὸς
761 4576 963 4647 Κύριον
991 4577 1107 4648 ἦξει
1133 4579 1190 4632 ὲν
1224 4578 1301 4649 τῷ
1339 4574 1765 4650 κροσεύχεσθαι.

436 4818 482 4851 ³⁸
511 4816 654 4872 Psal.
687 4832 794 4879 ιιι,
831 4817 915 4869 11.
993 4817 1038 4848 ⁸⁷
1070 4817 1212 4870 Psal.
1239 4831 1429 4880 χχχιχ,
1464 4816 1518 4870 5.

437 5123 527 5194 (e‘)
571 5123 633 5176 '0
672 5121 1024 5194 Ὰμορῤαἵος.
1050 5122 1142 5179 Sic
1162 5123 1423 5177 nimirum
1439 5124 1600 5178 Deut.
1636 5140 1672 5184 ι,
1698 5126 1786 5184 44.
1812 5140 1937 5179 cum

354 5211 477 5257 xw,
510 5193 599 5257 45,
636 5208 747 5246 non
778 5193 1149 5258 Amorrhams,
1192 5194 1289 5247 sed
1333 5194 1557 5248 Amalec
1610 5203 1668 5249 et
1722 5195 1939 5249 Chana-

356 5280 518 5321 nams
549 5264 827 5334 dicantur,
859 5263 939 5317 sic
968 5263 1035 5317 de
1075 5272 1259 5317 monte
1307 5264 1647 5328 exsilientes,
1712 5265 1765 5317 in
1825 5281 1935 5334 quo

355 5344 525 5389 erant
556 5334 610 5387 in
643 5333 854 5387 insidiis
904 5334 1313 5403 (ἐγκαθήμενοι)
1360 5350 1455 5388 eos
1490 5331 1924 5389 conscidisse'ac

360 5412 688 5474 persecutos
711 5417 851 5474 esse,
878 5405 969 5471 qui
1018 5404 1127 5457 vim
1168 5403 1416 5458 fecerant
1470 5414 1531 5459 ut
1592 5404 1927 5459 transirent:

357 5473 513 5545 quod
540 5473 895 5545 scilicetDeo
913 5474 1053 5545 irato
1079 5490 1193 5528 rem
1234 5474 1715 5544 aggrediebantur,
1746 5475 1928 5545 Moyse

358 5544 534 5615 ctiam
558 5542 931 5615 dissuadente.
967 5544 1025 5597 '0
1056 5544 1238 5608 οἰκῶν,
1272 5542 1417 5613 quod
1441 5546 1759 5615 scribit,qui
1780 5542 1931 5597 Inibi-

360 5613 885 5683 tabat,cumﬂeﬁbr.
916 5630 978 5668 ac
1006 5614 1231 5683 reliquis
1288 5618 1578 5680 convenit;
1637 5613 1929 5683 putuitque

362 5684 449 5738 sic
486 5682 1002 5755 haberiinﬁrascis,
1034 5682 1268 5753 quorum
1314 5685 1392 5738 illi
1434 5686 1591 5755 copia
1632 5682 1754 5748 fuit,
1816 5686 1929 5738 sive

360 5762 527 5807 erant
556 5752 664 5808 τῶν
692 5751 853 5818 LXX,
891 5754 1007 5809 sive
1047 5751 1078 5825 ἧ
1121 5756 1292 5823 κοινή.
1328 5755 1486 5821 Quod
1505 5751 1606 5813 'est
1645 5771 1764 5827 cap.
1805 5755 1926 5821 175,

1968 4629 2017 4688 D

1632 4818 1678 4850 ³⁸
1713 4818 1869 4873 Joan.
1903 4834 2013 4882 xw,
2045 4820 2134 4872 21.

359 4888 458 4944 15.
533 4888 575 4918 ⁸³
604 4887 745 4941 Psal.
776 4902 904 4950 xxn,
935 4886 988 4941 5.
1065 4887 1109 4918 ⁸³
1140 4887 1183 4940 ll
1224 4885 1352 4968 Cor.
1378 4902 1438 4951 v,
1470 4887 1557 4942 15.
1638 4888 1683 4919 ⁵³
1708 4889 1831 4943 Job.
1859 4905 1940 4942 xx:

2080 4891 2133 4955 5,
2176 4889 2228 4944 9.

435 5007 457 5028 ‘
501 5003 638 5059 Vide
694 5002 951 5057 Boebart.
1018 5002 1131 5056 Dea
1194 5001 1383 5057 nimal.
1454 5018 1622 5057 sacra:
1685 5002 1991 5074 Scriptum.

2120 3570 2242 3623 177.
2279 3569 2453 3623 Aiunt
2499 3581 2769 3637 onagrum
2829 3566 3108 3621 confertas
3149 3565 3389 3619 civitatis
3440 3564 3630 3619 turbas

2051 3662 2319 3726 irridere;
2349 3674 2674 3715 monoceros
2724 3668 2907 3713 autem
2956 3676 2987 3714 a
3027 3658 3250 3713 nemine
3283 3658 3493 3727 alligari
3526 3672 3627 3726 po-

2050 3760 2158 3807 test
2186 3753 2252 3805 ⁸³.
2299 3753 2472 3807 Porro
2500 3766 2678 3815 mens,
2716 3766 2839 3820 qua:
2880 3758 3114 3814 naturas,
3159 3762 3460 3817 earumque
3507 3763 3629 3816 quze

2051 3854 2179 3899 sunt
2207 3844 2352 3899 circa
2396 3843 2565 3908 illam,
2626 3843 2907 3896 rationum
2966 3850 3129 3895 nacta
3184 3840 3478 3910 imperium
3513 3839 3624 3901 sit,

2050 3936 2196 3990 inter
2228 3934 2498 3989 orandum
2524 3949 2695 3988 vanas
2731 3932 2925 3986 irridet
2958 3932 3323 4002 cogitationes
3349 3972 3362 3993 ,
3414 3944 3514 3983 nec
3541 3930 3628 3981 ul-

2054 4028 2163 4082 lius
2215 4027 2475 4097 potestati
2525 4025 2842 4095 subjicitur,
2893 4040 3087 4079 eorum
3135 4039 3258 4093 quae
3297 4022 3353 4075 in
3405 4036 3627 4075 sensum

2052 4118 2277 4173 cadunt.

2120 4210 2243 4263 178.
2281 4209 2475 4274 Debet,
2512 4209 2608 4278 qui
2639 4224 2811 4279 agone
2840 4207 3143 4271 contendit,
3201 4206 3267 4260 ad
3326 4206 3493 4260 unius
3537 4221 3630 4275 ge-

2049 4304 2199 4359 neris
2215 4304 2420 4368 cibum,
2455 4319 2677 4358 sensum
2704 4319 2862 4358 suum
2885 4304 3047 4374 662
3072 4302 3439 4373 restringere;
3473 4316 3628 4355 men-

2053 4404 2274 4464 temque
2358 4394 2426 4447 ad
2482 4395 2649 4448 unius
2730 4394 2963 4447 rationis
3026 4392 3330 4446 orationem
3407 4406 3623 4461 cogere.

2051 4485 2143 4539 Sic
2168 4486 2316 4539 enim
2349 4486 2417 4540 ab
2442 4485 2735 4541 affectibus
2768 4486 2909 4539 liber
2935 4486 3190 4551 effectus,
3241 4485 3462 4539 abunde
3492 4499 3626 4537 con-

2052 4586 2317 4646 sequetur
2375 4586 2436 4631 ut
2472 4578 2539 4632 ad
2586 4578 2877 4632 Dominum
2925 4577 3071 4631 inter
3112 4576 3384 4630 orandum
3444 4575 3628 4644 rapia-

2046 4675 2133 4721 tur
2163 4668 2228 4719 “.

2250 4821 2295 4854 ⁵³
2324 4820 2487 4874 Num.
2516 4837 2626 4886 xw,
2658 4823 2758 4886 45;
2792 4822 2955 4875 Deut.
2985 4837 3024 4886 ι,
3056 4822 3146 4877 44.

2320 4890 2365 4921 ⁵⁸
2397 4892 2416 4944 1
2449 4891 2611 4946 Thes.
2649 4908 2720 4957 Iv,
2756 4893 2840 4946 16.

3260 4823 3304 4853 ⁶⁰
3334 4820 3478 4877 Psal.
3510 4837 3622 4889 cm,

2048 5124 2172 5194 οὐχὶ
2204 5125 2408 5191 πλῆθος
2438 5125 2546 5177 τῶν
2570 5125 2778 5183 κακῶν,
2815 5124 2999 5178 nullus
3042 5124 3354 5192 decoquere
3393 5125 3620 5193 possim,

2050 5204 2112 5249 ut
2148 5196 2223 5249 ita
2251 5196 2541 5264 scripsisse
2598 5204 2786 5264 putem
2836 5194 3153 5258 Maximum,
3194 5204 3289 5248 aut
3351 5195 3491 5249 forte
3530 5196 3625 5250 ha-

2047 5264 2233 5320 buisse
2256 5266 2381 5320 cod.
2404 5266 2606 5325 Vatie.,
2634 5266 2740 5318 nisi
2767 5265 2905 5318 forte
2932 5266 3137 5330 κακῶν,
3166 5266 3288 5317 ἀντὶ
3305 5266 3417 5327 τοῦ,
3447 5266 3623 5320 πόνων

2034 5336 2275 5403 positum
2303 5336 2394 5389 sit.
2431 5335 2535 5389 Sed
2568 5342 2855 5404 praestaret
2888 5335 3111 5405 καλῶν·
3146 5335 3364 5389 honesti
3415 5336 3619 5405 quippe

2032 5406 2260 5475 nomine
2286 5405 2511 5459 virtutis
2534 5405 2758 5459 labores
2784 5404 2970 5475 potius
3006 5404 3254 5469 veniant,
3276 5422 3439 5475 quam
3467 5404 3616 5472 mali;

2031 5473 2181 5545 iique
2215 5476 2308 5529 uni
2340 5475 2495 5545 quasi
2522 5473 2805 5529 exercitus
2836 5476 3238 5545 intelligantur,
3270 5473 3363 5545 qui
3411 5487 3621 5531 terren-

2031 5544 2101 5597 do
2163 5544 2440 5599 daemones
2482 5546 2611 5608 sint,
2670 5562 2771 5599 nec
2810 5561 2945 5598 vero
2976 5544 3243 5611 terreant,
3289 5544 3394 5600 nisi
3448 5547 3613 5609 adsit,

2030 5630 2193 5687 quam
2234 5615 2505 5669 Maximus
2537 5615 2707 5687 exigit
2740 5615 2945 5670 virium
2980 5616 3151 5671 animi
3184 5631 3293 5669 una
3335 5616 3619 5687 conspiia-

2028 5686 2104 5740 tio
2149 5694 2204 5740 et
2236 5700 2559 5743 consensus.
