2030 3298
293 158 361 190 1443

326 217 388 244 179.
405 215 494 243 Canes
513 215 539 241 in
554 222 583 241 se
598 214 706 246 efferat,
727 216 775 250 qui
789 216 831 242 eis
842 215 971 243 baculum
997 217 1086 243 intcn-
1103 220 1123 245 A

291 267 331 290 tat
347 272 353 289 :
372 263 412 290 sic
428 267 457 289 et
481 261 639 293 daemones,
659 261 707 296 qui
726 269 795 296 pure
823 261 935 297 defungi
959 263 1084 290 oratione

290 308 411 335 studeat.

325 354 385 381 180.
412 354 569 389 Voluptarii
592 353 721 381 homines
747 361 779 380 ac
807 353 961 385 libidinosi,
986 357 1016 380 ut
1037 353 1085 387 qui

292 400 395 427 terreni
421 400 486 432 sint,
519 404 650 434 tanquam
677 406 758 425 ranas
774 419 781 431 ,
808 398 991 433 cogitationes
1013 398 1086 432 ipsos

292 445 479 473 distrahentes
491 445 597 473 habent
617 454 623 471 :
638 452 757 479 quorum
778 452 845 471 vero
859 443 893 470 ad
910 444 1087 470 mediocrita-

292 496 347 518 tem
363 492 479 519 affectus
492 492 597 519 redacti
617 496 692 524 sunt,
718 491 795 518 velut
814 490 947 518 luscinias
963 511 970 522 ,
992 490 1086 517 consi-

292 537 451 565 derationes
464 537 569 566 habent
583 545 631 565 eos
647 537 830 569 oblectantes,
847 544 880 563 ex
895 536 959 563 aliis
973 537 1000 563 in
1016 536 1087 563 alios

292 583 508 619 commigrantes
520 591 622 615 ramos,
641 583 783 610 variarum
804 582 912 609 scilicet
937 582 1012 609 cultu
1035 589 1086 609 n0-

294 629 409 656 tionum.
425 630 460 656 lis
473 630 593 664 denique
607 630 655 664 qui
672 629 706 656 ab
732 628 881 655 affectibus
908 628 991 655 liberi
1012 631 1088 655 tran-

292 676 438 711 quillitatis
453 684 544 703 arcem
565 675 762 706 ascenderunt,
779 675 877 709 ingens
891 682 905 701 a
938 674 1087 709 cogitatio-

294 721 376 748 nibus
387 726 416 748 et
437 721 594 748 rationibus
620 729 653 747 ac
678 720 860 754 conceptibus
887 720 1027 746 silentium
1046 723 1088 747 est

293 770 376 801 atque
394 767 503 801 requies
525 766 598 793 inter
621 765 767 792 orandum.

329 813 389 839 181.
405 812 477 839 Olim
491 812 605 847 quidem
624 811 711 838 Maria
729 811 815 838 Mosis
828 818 919 843 soror,
939 815 1088 846 conspecta

293 857 416 884 hostium
426 862 528 892 strage,
546 865 659 884 sumens
674 861 847 893 tympanum,
877 857 1003 884 victoriae
1021 865 1087 884 can-

295 904 348 931 lica
368 903 516 930 mulierum
531 903 618 930 choro
640 903 841 938 auspicabatur
857 903 881 919 ⁵⁵
900 911 907 929 :
928 910 1004 930 nunc
1023 910 1090 930 vero

294 949 321 975 in
333 949 395 982 ejus
405 948 492 975 animi
514 948 636 981 laudem,
659 948 706 983 qui
728 948 862 975 vitiorum
887 955 920 975 ac
940 947 1090 975 affectuum

294 994 383 1021 victor
408 994 560 1026 exstiterit,
574 994 632 1028 ipsa
649 994 784 1020 virtutum
808 994 959 1028 primatum
979 998 1088 1026 tenens,

292 1040 382 1068 excita
400 1040 532 1072 cbaritas,
543 1040 679 1067 citharam
693 1047 756 1067 eum
768 1040 889 1072 cantico,
904 1039 981 1066 velut
991 1047 1090 1074 quam-

293 1086 357 1113 dam
383 1086 675 1120 contemplationem,
704 1085 816 1120 pridem
842 1085 881 1112 illi
920 1085 955 1112 ad
981 1085 1091 1112 decoris

293 1129 493 1156 abundantiam
516 1130 682 1162 laboratam,
711 1130 740 1157 in
763 1137 862 1156 manus
873 1137 1007 1161 sumens,
1034 1137 1090 1157 non

293 1178 383 1200 cessat
407 1182 472 1202 cum
499 1175 579 1202 turba
593 1174 632 1202 illi
659 1174 776 1206 comite,
806 1174 949 1202 exsultans
976 1174 1090 1202 laudare

293 1220 392 1247 Deum.

331 1264 392 1291 182.
413 1263 529 1297 Quando
546 1264 646 1291 orandi
675 1263 735 1299 jugi
767 1263 902 1291 exercitio
932 1271 965 1291 ae
991 1265 1089 1299 cultu,

293 1309 462 1342 psalmorum
490 1309 604 1335 oracula
635 1309 663 1335 in
688 1309 796 1336 orantis
819 1309 904 1336 corde
934 1309 1089 1351 hmserint’

294 1359 360 1380 tunc
375 1358 403 1380 et
420 1353 479 1388 ipse
494 1354 571 1381 velut
583 1358 658 1381 terra
672 1354 788 1388 optima,
800 1355 875 1381 ultro
891 1354 963 1381 ferre
979 1355 1088 1389 incipit,

296 1404 326 1426 ut
340 1407 416 1426 rosas
432 1400 544 1434 quidem
559 1420 566 1431 ,
597 1399 826 1434 incorporearum
845 1408 938 1427 rerum
964 1407 1090 1427 conteru-

293 1446 465 1480 plationent;
483 1451 514 1473 ut
529 1454 597 1473 vero
616 1447 683 1478 lilia,
701 1453 850 1481 corporum
877 1446 957 1481 longe
981 1446 1090 1473 lucidas

294 1492 417 1519 rationes
429 1500 462 1519 ac
475 1497 647 1526 conceptus;
662 1497 692 1519 nt
711 1492 834 1527 denique
848 1493 937 1520 violas
948 1514 955 1525 ,
978 1493 1088 1520 divino-

875 160 905 190 S.
928 159 1073 189 MAXIMI
1098 159 1353 190 CONFESSORIS

1846 159 1899 192 liii

1176 216 1242 251 ροθ’.
1261 217 1375 243 Ῥάϐδον
1394 216 1444 251 μὲν
1455 217 1469 242 ὸ
1482 215 1561 242 κυσὶν
1578 215 1707 241 ἐπισείων
1728 215 1836 249 ὴγρῐωσε
1853 219 1901 243 καθ’

1137 262 1236 288 ἑαυτοῦ
1253 271 1260 278 -
1294 263 1425 298 δαίμονας
1456 263 1505 295 δὲ,
1535 264 1549 288 ό
1578 261 1707 297 καθαρῶς
1735 261 1904 297 ἐχεικζόμειος

1136 305 1274 343 εὔχεσθαί.

1176 353 1230 388 ρπ’.
1249 355 1281 381 Οἱ
1304 355 1354 390 μὲν
1373 354 1522 389 ήδυπαθεῖς
1538 354 1764 388 προσευχόμενοι,
1781 354 1824 380 ἅτε
1852 355 1907 381 ὑλώ-

1136 400 1194 432 δεις
1221 401 1308 433 ὄντες,
1326 401 1364 432 ὡς
1391 401 1545 435 βατράχους
1572 400 1663 435 ἔχουσι
1689 399 1752 430 τοὺς
1779 399 1907 434 λογισμοὺς

1138 445 1332 478 περισπῶντας
1348 445 1447 476 αὐτούς
1461 453 1468 459 “
1485 446 1509 471 οἱ
1530 445 1557 471 δὲ
1575 445 1780 479 μετριοπαθεῖς,
1794 444 1838 476 τὰς
1854 445 1909 472 θεω-

1138 491 1199 525 ρίας
1214 491 1252 522 ὡς
1266 490 1380 526 ἀηδόνας
1399 490 1626 526 κατατερπούσας
1641 490 1740 520 αὐτοὺς
1752 510 1759 522 ,
1772 491 1802 525 τῇ
1816 491 1857 517 ἀπ¹
1870 492 1909 518 ἀλ-

1138 537 1192 563 λων
1214 538 1254 568 είς
1283 536 1381 568 ἄλλους
1395 537 1563 571 ἀκρέμονας,
1578 535 1703 562 τουτέστι
1721 536 1841 567 ποικίλας
1855 537 1910 563 θεω-

1140 583 1211 618 ρίας,
1231 582 1383 618 μεταϐάσει
1400 590 1407 597 ·
1426 583 1490 617 σιγὴ
1520 582 1549 609 δὲ
1583 583 1714 616 πρόσεστι
1731 583 1786 612 τοῖς
1810 582 1911 608 ἀπαθέσι

1139 629 1185 656 καὶ
1199 629 1304 665 ἠρεμία
1321 628 1407 665 πολλὴ
1423 630 1456 656 ἐκ
1468 628 1607 663 λογισμῶν
1624 629 1671 656 καὶ
1686 629 1825 663 νοημάτων
1844 629 1869 655 ἐν
1880 629 1912 664 τῷ

1139 674 1350 710 προσεύχεσθαι.

1175 809 1249 841 ρπαν.
1270 806 1358 833 Πάλαι
1373 806 1422 841 μὲν
1441 807 1457 842 ἡ
1470 805 1517 833 τοῦ
1534 806 1661 837 Μωσέως
1674 805 1769 840 Μαρία
1784 805 1835 831 τῶν
1848 806 1914 832 πολε-

1141 852 1211 886 μίων
1225 851 1276 886 τὴν
1292 851 1398 877 πτῶσιν
1416 851 1585 886 θεασαμένη,
1599 852 1629 877 τὸ
1639 850 1781 885 τύμπανον
1793 850 1913 886 ἀραμένη,

1141 898 1240 934 ἐξῆρχε
1255 900 1314 930 ταῖς
1329 898 1454 934 ᾀδούσαις
1470 897 1504 924 τά
1519 898 1643 924 ἐπινίκια
1657 905 1664 913 ·
1678 897 1737 923 νυνὶ
1753 895 1781 922 δὲ
1795 897 1833 928 είς
1847 897 1916 931 εὐφη-

1143 945 1208 979 μίαν
1224 945 1274 979 τῆς
1292 944 1445 979 νικησάσης
1459 943 1494 970 τὰ
1508 943 1582 978 πάθη
1599 943 1689 977 ψυχῆς
1701 962 1708 974 ,
1727 942 1744 977 ἡ
1759 941 1881 977 κρείττων
1893 943 1916 967 ἐν

1141 990 1253 1025 ἀρεταῖς
1268 990 1365 1025 ἀγάπη
1380 989 1566 1024 διεγερθεῖσα,
1585 989 1634 1024 τὴν
1651 987 1710 1023 μετ’
1725 988 1799 1023 ᾠδῆς
1816 987 1917 1023 κιθάραν

1141 1036 1236 1072 ὥσπερ
1247 1036 1309 1062 τινὰ
1336 1035 1454 1069 θεωρίαν
1474 1034 1723 1070 μεταχειριζομένη
1753 1033 1837 1068 ταύτῃ
1848 1034 1917 1061 πάλαι

1140 1082 1190 1117 τὴν
1208 1082 1373 1118 πονηθεῖσαν
1385 1082 1425 1113 εἰς
1440 1081 1555 1113 κάλλους
1572 1080 1745 1116 περιουσίαν,
1762 1081 1791 1106 οὺ
1816 1080 1917 1106 παύεται

1142 1129 1190 1156 σὺν
1203 1130 1260 1160 τοῖς
1275 1128 1340 1164 περὶ
1355 1129 1441 1163 αὐτὴν
1460 1127 1654 1163 ἀγαλλιωμένη
1678 1128 1767 1154 αἰνεῖν
1787 1126 1832 1153 τὸν
1853 1126 1916 1153 Θεόν.

1178 1266 1252 1303 ρπβ’.
1271 1267 1389 1294 ὐπόταν
1403 1265 1449 1293 διὰ
1463 1265 1607 1301 συνεχείας
1621 1265 1672 1300 τῆς
1689 1265 1764 1292 κατά
1781 1264 1829 1299 τὴν
1852 1263 1918 1298 εὐχὴν

1142 1313 1298 1348 κατασχεθῇ
1314 1313 1348 1339 τὰ
1371 1312 1450 1346 λόγια
1470 1311 1524 1338 τῶν
1543 1311 1658 1346 ψαλμῶν
1673 1312 1702 1337 εν
1720 1312 1755 1346 τῇ
1777 1310 1870 1346 καρδίᾳ
1883 1308 1919 1335 τοῦ

1141 1359 1299 1395 εὐχομένου,
1311 1359 1372 1385 τότε
1380 1360 1426 1385 καὶ
1435 1358 1516 1389 αὐτὸς
1527 1357 1701 1396 γῆξκαθᾱεπερ
1712 1356 1814 1392 ἀγαθὴ,
1824 1356 1920 1391 ἄρχεται

1141 1405 1303 1441 αὐτομάτως
1332 1404 1492 1439 ἀναφέρειν,
1510 1403 1549 1435 ὼς
1569 1404 1618 1437 μὲν
1641 1402 1704 1438 ῥόδα
1717 1424 1724 1435 ,
1744 1402 1795 1438 τὴν
1820 1402 1922 1436 θεωρῖαν

1140 1452 1193 1479 τῶν
1213 1451 1368 1486 ἀσωμάτων
1386 1459 1392 1466 ·
1415 1450 1452 1481 ὡς
1468 1450 1496 1476 δὲ
1515 1449 1614 1485 κρίνα,
1631 1449 1681 1484 τὴν
1697 1448 1861 1484 τηλαύγειαν
1878 1447 1921 1473 τῶν

1142 1498 1277 1533 σωμάτων
1295 1506 1302 1513 ·
1323 1497 1361 1528 ὼς
1376 1496 1404 1522 δὲ
1422 1496 1460 1527 ἴα,
1475 1495 1506 1522 τὸ
1521 1495 1644 1522 ποικίλον
1665 1494 1721 1521 τῶν
1736 1494 1819 1522 θείων
1833 1494 1921 1530 κριμὰ-

294 1546 355 1564 I‘llm
366 1538 537 1573 judiciorum
552 1538 658 1564 variam
671 1545 724 1565 nec
739 1538 832 1566 animo
855 1538 937 1566 facile
960 1547 1088 1574 compre-

1141 1552 1194 1570 των
1210 1542 1397 1578 δυσθεώρητον

294 1584 408 1610 bensam
424 1584 689 1610 considerationem.

330 1630 391 1657 185.
409 1630 531 1657 Flamma
546 1630 670 1657 materiae
681 1630 784 1666 illigata
797 1630 868 1658 lucis
880 1630 1003 1666 fulgores
1014 1639 1090 1666 spar-

291 1674 331 1708 git
349 1683 355 1701 :
370 1675 480 1702 animus
504 1683 572 1702 vero
596 1682 629 1701 ca
647 1675 756 1702 solutus
785 1683 818 1703 ae
838 1676 958 1703 terrenis
986 1676 1059 1704 liber
1078 1697 1086 1709 ,

294 1721 350 1747 Deo
368 1720 477 1747 afﬂatus
491 1720 646 1755 plenusque
667 1720 831 1747 invenitur:
850 1729 883 1749 ac
906 1721 953 1748 illa
973 1722 1088 1756 quidem

293 1766 327 1793 ad
343 1766 496 1794 fomentum
516 1774 602 1801 usque
617 1766 704 1793 attolli
721 1766 823 1799 habet;
842 1767 888 1794 hic
905 1774 972 1794 vero
992 1767 1026 1794 ad
1045 1767 1089 1795 di-

296 1813 354 1840 vini
371 1821 460 1848 usque
476 1812 580 1840 amoris
600 1812 684 1840 ﬁnem
701 1820 734 1840 ac
747 1813 1029 1844 consummationem.

331 1859 392 1886 181.
411 1858 463 1891 Qui
479 1865 508 1886 se
520 1858 641 1893 perfecte
657 1857 854 1893 abnegaverit,
867 1858 988 1891 animus,
1003 1866 1089 1894 seque

294 1913 409 1940 prorsus
420 1905 552 1936 orationi,
574 1912 605 1932 ca
621 1904 761 1937 sublimis,
775 1904 926 1937 addixerit,
944 1905 993 1940 qui
1009 1913 1088 1932 crea—

296 1957 359 1978 tura
371 1951 499 1985 superior
513 1951 639 1982 exsistat,
652 1958 708 1977 non
722 1951 834 1985 quando
849 1950 918 1978 libet
933 1950 966 1978 ad
985 1956 1088 1978 terram

294 1997 449 2029 descendit,
469 1997 517 2024 sed
533 2004 597 2024 cum
614 1996 653 2023 illi
664 1997 770 2032 justum
791 2005 958 2032 aequumque
981 1997 1088 2025 videbi-

295 2048 351 2075 tur,
370 2043 417 2078 qui
431 2043 566 2070 btnnanas
584 2051 629 2070 res
642 2051 740 2071 omnes
766 2043 890 2078 pondere
905 2048 934 2071 et
956 2052 1087 2071 mensura

294 2090 418 2125 disponit
434 2098 466 2117 ac
484 2090 565 2124 regit.

331 2136 391 2162 185.
408 2135 460 2163 Ubi
481 2135 515 2162 ab
540 2135 651 2166 anima,
679 2135 775 2162 aeedia
798 2135 978 2168 exsulaverit,
998 2144 1088 2172 exque

295 2181 381 2207 animi
405 2188 488 2208 sensu
512 2180 637 2214 nequitia
664 2188 696 2207 ac
721 2181 802 2216 663
825 2181 947 2215 pravitas
972 2189 1088 2209 excussa

1178 1632 1251 1669 ρπγ’.
1274 1633 1319 1659 Ἐν
1334 1632 1384 1667 ’ύλῃ
1402 1631 1453 1667 μὲν
1472 1630 1654 1666 δεσμευθεϊσα
1670 1629 1760 1664 φλὸξ,
1779 1628 1922 1663 φωτονᾲόρος

1140 1679 1305 1707 καθίσταται
1321 1686 1328 1693 ·
1346 1677 1376 1709 ἐξ
1391 1677 1458 1712 ὕλης
1471 1676 1500 1702 δὲ
1514 1676 1626 1702 λυθεῖσα
1640 1675 1724 1711 ψυχὴ,
1745 1675 1873 1709 θεοφόρος
1884 1674 1922 1699 εὑ-

1142 1725 1278 1761 ρίσκεται.
1295 1723 1417 1758 Κάκείνη
1449 1722 1499 1757 μὲν
1523 1721 1651 1757 αῐρεσθαι
1667 1722 1795 1757 πέφυκεν
1809 1722 1869 1756 ἄχρι
1883 1718 1921 1745 τοῦ

1140 1770 1356 1805 ὑπεκκαύματος
1372 1778 1378 1784 ·
1396 1768 1465 1804 αὕτη
1491 1768 1529 1802 δὲ,
1547 1768 1629 1804 μέχρι
1649 1768 1697 1794 τοῦ
1715 1768 1789 1795 κατά
1804 1767 1849 1794 τὸν
1866 1766 1925 1793 θεῖον

1141 1818 1231 1854 ἔρωτα
1245 1815 1490 1851 συμπεράσματος.

1176 1862 1246 1899 ρπδ¹.
1270 1863 1304 1888 Ἠ
1324 1861 1435 1893 τελείως
1460 1861 1562 1895 ἑαυτὴν
1588 1860 1772 1896 ἀρνησαμένη
1792 1860 1875 1895 ψυχὴ,
1887 1859 1925 1886 καὶ

1139 1910 1239 1941 ὁλικῶς
1251 1908 1415 1936 ἀνατεθείσα
1429 1907 1496 1943 πρὸς
1507 1907 1599 1942 εὐχὴν,
1609 1906 1680 1942 αὓτη
1689 1907 1740 1942 οὐχ
1754 1908 1800 1934 ὅτε
1812 1907 1924 1942 βούλεται

1140 1957 1216 1984 κάτω
1237 1956 1355 1990 γίνεται,
1373 1954 1477 1981 ἄνωθεν
1506 1953 1691 1989 εὑρισκομένη
1719 1954 1771 1989 τῆς
1798 1953 1924 1983 κτίσεως·

1140 2003 1197 2030 ἀλλ’
1214 2003 1258 2029 ὅτε
1273 2001 1378 2028 δίκαιον
1399 1997 1469 2027 εἶναι
1487 1999 1570 2032 δόξει,
1585 1998 1624 2035 τῷ
1641 1999 1732 2026 πάντα
1758 1998 1871 2034 σταθμῷ
1885 1997 1925 2025 καὶ

1141 2048 1233 2083 μέτρῳ
1247 2044 1398 2079 διεξάγοντι
1413 2044 1447 2071 τὰ
1462 2044 1594 2079 ἡμέτερα.

1177 2145 1246 2177 ρπε’.
1265 2141 1350 2167 Ὅταν
1375 2139 1407 2165 ἐκ
1428 2138 1518 2173 ψυχῆς
1534 2138 1583 2174 μὲν
1598 2139 1614 2172 ἡ
1630 2137 1730 2172 ἀκηδία
1742 2137 1867 2172 ἁπελαθῇ
1880 2144 1885 2151 ·
1900 2136 1925 2161 ἐκ

1138 2188 1258 2219 διανοίας
1281 2186 1338 2221 δὲὴ
1365 2185 1485 2220 πονηρία
1505 2184 1664 2219 ὲκτιναχθῇ,
1688 2184 1751 2210 τότε
1767 2185 1782 2210 ὁ
1803 2183 1863 2214 νοῦς
1882 2190 1924 2215 γυ-

295 2225 395 2258 fuerit;
411 2230 477 2252 tunc
491 2233 568 2251 mens
581 2225 760 2258 simplicitate
777 2225 851 2252 nuda
877 2225 988 2261 vitaque
1014 2226 1087 2253 inar-

1143 2235 1209 2270 μνὸς
1227 2233 1371 2267 γινόμενος
1388 2232 1421 2266 τῇ
1436 2230 1581 2266 ἁπλότητι,
1594 2229 1650 2264 ζωῇ
1668 2238 1700 2255 τε
1716 2231 1750 2264 τῇ
1767 2229 1873 2264 ἀτέχνῳ
1887 2225 1927 2253 καὶ

295 2270 411 2298 tiﬁciosa
426 2274 454 2297 ct
472 2270 577 2305 absque
596 2270 653 2296 ullo
666 2270 760 2305 probri
778 2271 969 2306 integumento
984 2272 1089 2300 inanis-

294 2325 347 2352 que
371 2316 465 2352 gloriaa
484 2316 671 2349 vestimento,
696 2316 771 2343 canit
802 2320 830 2343 el.
865 2317 923 2351 ipsa
947 2318 1088 2345 canticum

294 2371 396 2390 novum
426 2364 506 2395 Deo;
536 2363 708 2397 pulsansquc
739 2362 828 2390 melos
848 2363 876 2389 in
903 2363 1089 2392 exsultatione

292 2409 396 2444 gratias
415 2408 489 2443 agit,
514 2408 590 2443 quod
612 2408 713 2435 futura:
736 2408 800 2435 vitae
814 2409 937 2436 cnczenia
953 2414 1087 2445 occupata

293 2455 388 2482 laetitia
407 2455 538 2481 celebret.

329 2509 389 2537 186.
414 2509 482 2536 Cum
507 2509 663 2536 diviniores
684 2508 818 2543 quosdam
844 2508 952 2536 adlatus
977 2510 1087 2538 animus

292 2564 375 2584 orans
392 2556 566 2591 persentire,
588 2555 678 2590 iisque
703 2555 747 2591 agi
775 2556 902 2590 coeperit,
926 2561 983 2583 tum
1010 2557 1087 2584 velut

291 2602 469 2631 Canticorum
487 2602 603 2637 Sponsa,
623 2602 688 2628 talia
702 2606 730 2629 et
746 2602 805 2636 ipse
817 2601 852 2628 ad
870 2601 980 2629 sodales
992 2607 1020 2630 et
1037 2603 1085 2637 qui

291 2650 351 2684 pari
367 2656 474 2676 morum
487 2649 564 2675 cultu
581 2649 768 2679 delectentur,
785 2648 915 2680 succinit,
937 2647 1084 2675 Fraternas

291 2703 364 2722 meus
394 2695 462 2721 misit
491 2703 601 2721 manum
623 2702 701 2720 suam
726 2702 772 2728 per
799 2693 931 2728 forante",
952 2698 976 2719 el
997 2699 1085 2720 venter

290 2750 363 2769 meus
377 2742 513 2768 intremuit
529 2749 608 2775 super
624 2749 684 2767 eum
698 2740 732 2766 δῦ.

326 2788 388 2815 187.
409 2787 477 2815 Cum
497 2787 576 2815 miles
594 2794 724 2814 reversus
738 2795 752 2813 e
767 2786 875 2822 prrelio,
891 2794 974 2822 grave
991 2794 1083 2813 armo-

323 2879 347 2894 "
364 2878 453 2906 Exod.
470 2886 515 2912 xv,
528 2878 572 2905 20.
589 2912 592 2914 _
613 2878 635 2894 ⁶⁶
652 2877 731 2905 Cant.
747 2885 774 2909 ν,
791 2877 817 2904 4.

1139 2280 1201 2314 δίχα
1213 2278 1314 2309 παντὸς
1330 2277 1376 2304 τοῦ
1395 2277 1466 2303 κατὰ
1480 2277 1530 2311 τὴν
1546 2276 1679 2311 αἰσχύνην
1694 2274 1923 2309 ἐπικαλύμματπι

1140 2327 1186 2354 καὶ¹
1199 2326 1246 2352 τοῦ
1261 2324 1333 2352 κατὰ
1344 2324 1394 2359 τὴν
1415 2323 1550 2358 φανητίαν
1566 2322 1762 2358 προϐλήματος
1772 2342 1779 2354 ,
1796 2319 1872 2357 ᾇσμα
1885 2319 1926 2354 μὲν

1139 2372 1258 2409 ᾄδεικαὶ
1270 2368 1347 2402 οὗτος
1362 2369 1457 2397 καινὸν
1471 2369 1510 2404 τῷ
1523 2368 1584 2403 Θεῷ
1600 2376 1607 2382 ·
1625 2369 1787 2404 εὐχαριστεῖ
1808 2367 1837 2393 δὲ
1856 2365 1924 2401 μέλος

1139 2417 1362 2453 ἀνακρουόμενος
1378 2416 1407 2442 ὲν
1422 2414 1596 2451 εὐφροσύνῃ,
1611 2414 1651 2449 τῷ
1667 2414 1717 2449 τῆς
1733 2412 1886 2449 μελλούσης
1897 2409 1926 2436 τὰ

1139 2463 1267 2497 ὲγκαίνια
1283 2460 1480 2496 προεορτάζειν
1496 2459 1630 2495 βιώσεως.

1176 2507 1254 2544 ρπς’.
1273 2509 1359 2534 Ὅταν
1383 2506 1459 2538 τινὰς
1480 2506 1623 2541 θειοτέρας
1649 2504 1795 2541 ἐνεργείας
1814 2501 1925 2538 ἐνεργεῖ-

1138 2556 1200 2582 σθαι
1219 2554 1337 2590 ἇρξηται
1356 2555 1372 2589 ὴ
1387 2554 1523 2589 εὐχομένη
1536 2552 1622 2588 ψυχὴ,
1635 2552 1696 2578 τότε
1713 2551 1762 2578 καὶ
1783 2550 1854 2585 αὑτὴ
1865 2547 1924 2574 κατὰ

1136 2602 1185 2637 τὴν
1213 2602 1241 2627 ὲν
1258 2601 1382 2635 ¹¹ᾼσμασι
1397 2599 1528 2634 Νύμφην,
1560 2598 1629 2633 πρὸς
1659 2597 1709 2629 τὰς
1734 2595 1924 2631 ὁμοιοτρόπως

1137 2646 1252 2673 τοιαῦτα
1264 2646 1402 2680 ὑποφωνεῖ
1416 2654 1423 2660 ·
1444 2643 1620 2678 Ἀδελφιδός
1633 2651 1692 2678 μου
1703 2641 1868 2669 ἀπέστειλε
1878 2638 1925 2671 τὴν

1138 2692 1222 2728 χεῖρα
1248 2692 1341 2719 αὐτοῦ
1369 2691 1430 2718 ἀπὸ
1458 2691 1514 2725 τῆς
1542 2689 1630 2724 ὀπῆς,
1644 2688 1729 2722 καὶὴ
1747 2688 1851 2714 κοιλία
1875 2691 1924 2719 μου

1137 2738 1265 2773 ἐθροήθη
1276 2738 1323 2764 ἐπ’
1334 2738 1437 2764 αὐτόν.

1175 2784 1245 2819 ρπζί.
1266 2784 1320 2810 Καὶ
1339 2784 1508 2818 στρατιώτ*-
1529 2784 1535 2791 '
1609 2783 1620 2787 “
1652 2782 1769 2817 -ηλέμου
1798 2781 1804 2787 ’
