2030 3393
220 160 289 194 1145

808 159 900 190 ΑιΙΑ
917 158 970 189 EX
988 158 1110 188 VATIC.
1130 159 1274 191 CAPITA.

1791 168 1801 199 1
1811 168 1858 200 W3

218 227 279 250 σας,
292 218 325 245 τ’»
339 217 424 253 βάρος
444 218 499 245 τῶν
516 218 607 245 ὃπλων
619 216 843 249 ἀποσκευάζεται
861 224 867 231 ·
885 216 933 242 καὶ
946 223 1016 250 πρα-

1070 223 1131 243 ι-υηι
1147 217 1256 251 pondus
1267 218 1346 253 ponit
1361 228 1368 252 ;
1387 224 1445 247 tum
1462 221 1570 249 activus
1580 222 1665 249 animi
1684 223 1808 251 rationes
1836 230 1863 252 ct

218 264 313 296 κτικδς
327 265 391 296 τοὺς
405 265 566 300 λογισμοὺς,
585 265 625 295 είς
640 263 760 299 θεωρίαν
775 262 927 297 ἐρχόμενος
937 269 943 275 ·
954 260 1018 287 οὔτε

217 310 271 346 γὰρ
288 311 394 343 ἐκεῖνος
404 312 429 338 εί
443 311 482 347 μὴ
496 311 526 338 ἐν
538 311 651 346 πολέμῳ
664 309 762 346 χρείαν
775 309 833 344 ἔχει
844 307 900 335 τῶν
915 306 1017 340 ὅπλων,

217 356 279 383 οὕτε
295 353 374 389 οὗτος
385 357 440 384 τῶν
456 356 607 392 λογισμῶν.

254 450 330 483 ρπη¹.
350 447 382 474 Οἱ
402 447 452 483 μὲν
479 448 631 483 πρακτικοὶ
649 447 687 479 ὼς
707 447 800 483 ἔχουσι
822 447 925 478 θέσεως
951 445 1019 473 θεω-

219 494 298 530 ροῦσι
312 494 348 520 τὰ
362 494 479 529 σώματα
494 502 501 509 ·
523 495 548 520 oi
560 494 589 521 δὲ
611 493 789 530 θεωρητικοὶ,
802 493 841 525 ὡς
856 492 949 528 ἔχουσι
966 492 1018 527 φύ-

220 549 289 572 σεως
304 548 311 555 ”
329 540 406 576 μόνοι
427 541 456 567 δὲ
475 541 540 573 τοὺς
561 540 659 575 λόγους
676 540 842 576 ἀμφοτέρων
866 539 967 575 ὁρῶσιν
993 539 1018 565 οἱ

218 587 375 620 γνωστικοί.

256 633 329 669 ρπθ¹.
354 634 399 661 Ἐν
431 635 482 671 μὲν
507 636 565 667 τοῖς
591 634 685 670 λόγοις
702 635 758 661 τῶν
772 633 917 669 σωμάτων,
934 632 1018 667 γινώ-

212 687 331 717 σκονται
357 680 392 707 τὰ
419 680 574 716 ἀσώματα·
591 681 621 708 ἐν
647 680 807 716 ἀσωμάτοις
835 679 874 711 δὲ.
898 679 978 713 λόγος
1003 678 1018 705 ό

209 721 396 764 έύπερούσιος,
410 726 479 762 πρὸς
501 726 531 753 ὃν
550 727 692 762 ἐπείγεται
709 727 785 753 πᾶσα
804 725 938 752 σπουδαία
949 725 1017 752 ἀνα-

219 770 303 798 λῦσαι
319 772 403 808 ψυχή.

257 820 312 853 ph.’
328 819 360 846 Οἱ
375 819 450 854 λόγοι
461 819 516 846 τῶν
531 819 679 855 σωμάτων,
695 820 733 852 ὡς
747 819 815 846 ὀστᾶ
829 819 883 846 εἰσι
904 820 961 850 τοῖς
973 819 1014 844 αἱ-

221 864 332 900 σοητοῖς
347 866 615 902 ἐπικαλυπτόμενοι,
631 866 678 898 οὓς
692 866 735 902 ἴδῃ
758 866 849 897 οὐδεὶς
859 886 866 898 ,
879 866 934 892 τῶν
963 864 1016 897 ἔξω

222 911 261 946 μὴ
276 912 433 947 γενομένων
449 912 500 948 τῆς
516 912 707 948 προσπαθείας
718 912 773 939 τῶν
785 911 936 947 αἰσθητῶν.

258 1000 332 1036 pho}.
355 1001 530 1028 ’Δποτίθεται
545 1000 592 1027 καὶ
604 998 774 1035 στρατιώτης
784 998 819 1025 τὰ
833 997 914 1029 ὅπλα,
931 1006 1016 1024 κατα-

221 1047 318 1082 λείψας
334 1047 380 1074 τὸν
396 1047 527 1083 πόλεμον·
543 1047 590 1075 καὶ
601 1045 767 1082 θεωρητικὸς
780 1045 844 1077 τοὺς
854 1044 1013 1079 λογισμοὺς,

222 1094 348 1121 ἀναλύων
364 1094 433 1130 πρὸς
450 1095 562 1130 Κύριον.
944 1128 946 1131 ι

260 1140 331 1176 ριιβ¹.
344 1140 399 1168 Καὶ
416 1140 567 1177 στρατηγὸς
581 1140 610 1167 ὲν
620 1139 732 1174 πολέμῳ
743 1138 849 1165 σκύλων
860 1136 1014 1173 διαμαρτά-

223 1196 287 1219 νων,
304 1189 333 1214 ὲν
348 1187 453 1223 ἀθυμίᾳ
470 1187 631 1214 καθίσταται
644 1194 651 1201 '
663 1187 710 1213 καὶ
728 1184 880 1221 πρακτικὸς
895 1184 923 1210 ὲν
933 1183 1011 1218 εὐχῇ,

223 1232 342 1269 θεωρίας
360 1233 558 1269 πνευματικῆς.

258 1282 341 1316 ρειγη
358 1280 479 1315 Ἔλαφος
497 1280 546 1315 μὲν
556 1280 602 1306 ἐπὶ
622 1278 785 1314 σωματικῶν
801 1277 905 1304 ὑδάτων
920 1275 1011 1311 τρέχει
1043 1303 1050 1313 __

224 1329 328 1365 πηγὰς,
349 1328 402 1355 om
421 1327 531 1364 [δφεως]
551 1326 632 1363 θηρὸς
648 1325 685 1358 ὡς
713 1327 726 1352 6
750 1324 859 1361 δηχθείς
879 1324 922 1359 (n-
937 1322 1011 1358 ψυχὴ

223 1375 264 1408 δὲ,
285 1376 302 1410 ή
316 1374 356 1410 τῷ
370 1373 533 1409 γλυκυτάτω
549 1373 620 1408 βέλει
636 1371 773 1407 τρωθεῖσα
786 1370 824 1405 τῷ
845 1371 894 1405 τῆς
915 1368 1009 1404 εὐχῆς,

223 1422 271 1448 ἐπὶ
283 1421 437 1456 ἀσωμάτων
455 1419 551 1454 αὐγάς.

261 1467 330 1504 ριιδκ
347 1466 417 1493 Οὕτε
440 1464 597 1501 σωματικὸς
617 1462 754 1498 ὀφθαλμὸς
777 1461 823 1488 τδν
839 1461 938 1488 κόκκον
962 1459 1009 1486 τοῦ

224 1513 301 1541 σίτου
317 1513 382 1540 ἰδεῖν
401 1512 521 1544 δύναται,
541 1510 603 1537 οὕτε
618 1509 681 1541 νοῦς
694 1508 846 1543 πρακτικὸς
863 1507 913 1542 τὴν
929 1505 1011 1541 φύσιν

1070 262 1270 301 cogitationes,
1294 272 1356 292 cum
1380 266 1414 292 ad
1438 268 1702 302 contemplationem
1729 269 1858 296 venerit:

1070 316 1136 336 nam
1155 316 1246 345 neque
1262 310 1319 343 ille,
1336 316 1519 347 praeterquam
1539 313 1567 341 in
1585 314 1670 347 bello,
1690 315 1775 342 armis
1790 323 1861 350 opus

1071 354 1167 388 habet,
1185 363 1276 391 neque
1292 357 1344 385 iste
1371 358 1456 386 animi
1480 359 1637 388 rationibus
1658 369 1690 389 ac
1713 361 1861 397 cogitatio-

1069 401 1162 429 nibus.
1207 427 1217 444 ,
1478 429 1480 431 .

1108 448 1170 475 188.
1182 449 1284 482 Activi,
1297 458 1414 485 corpora
1427 459 1478 486 pro
1491 459 1588 479 eorum
1600 453 1653 480 situ
1669 454 1860 487 considerant;

1071 494 1281 529 contemplativi
1299 501 1405 529 autem,
1418 504 1469 532 pro
1486 504 1583 524 eorum
1599 502 1697 525 natura
1706 504 1735 526 et
1750 499 1859 526 indole:

1069 540 1119 567 soli
1136 540 1247 568 demum
1260 542 1377 577 gnostici
1393 543 1430 578 (id
1447 548 1500 576 est,
1513 543 1653 578 sapientes
1667 552 1699 571 ac
1712 544 1861 579 spiritales)

1069 586 1184 614 illorum
1199 588 1306 623 pariter
1319 589 1476 625 horumque
1494 590 1620 617 rationes
1630 590 1737 618 vident.

1105 633 1166 661 189.
1183 633 1213 661 In
1227 641 1377 670 corporum
1405 636 1564 664 rationibus
1590 641 1799 672 cognoscuntur
1821 638 1864 665 in-

1068 688 1222 716 corporea;
1247 681 1276 709 in
1315 682 1490 718 incorporeis
1519 691 1587 711 vero
1620 684 1864 719 superessentialis

1067 734 1169 761 sermo,
1187 727 1221 755 ad
1239 736 1324 763 quem
1342 729 1486 758 studiosus
1500 730 1592 757 omnis
1613 730 1725 758 animus
1748 730 1863 758 festinat

1066 772 1197 799 evadere.

1104 817 1164 845 190.
1189 817 1345 853 Corporum
1369 820 1493 847 rationes
1507 820 1585 848 velut
1611 828 1674 848 ossa
1693 825 1779 853 sunt,
1807 820 1863 848 illis

1067 864 1201 899 adoperta
1213 872 1275 899 qua:
1293 865 1322 892 in
1339 872 1451 892 sensum
1467 865 1571 893 cadunt
1587 875 1593 892 :
1610 866 1661 893 has
1676 874 1759 893 nemo
1778 866 1854 894 vide‘

1067 911 1114 943 rit,
1127 910 1195 945 quin
1209 918 1225 938 a
1239 918 1331 938 rerum
1348 911 1486 947 ejusmodi
1500 911 1618 939 libidine
1634 911 1794 947 atlectuque
1809 920 1860 939 ex—

1067 956 1194 984 cesserit.

1102 1001 1163 1030 191.
1181 1001 1251 1029 Tum
1274 1003 1354 1030 miles
1378 1002 1475 1031 relicta
1495 1002 1594 1030 militia
1606 1010 1683 1030 arma
1698 995 1789 1038 ponit,
1802 1006 1860 1029 tum

1065 1048 1298 1082 eontemplativus
1312 1048 1436 1076 rationes
1457 1056 1489 1076 ac
1516 1048 1709 1084 cogitationes,
1736 1048 1803 1075 dum
1824 1048 1860 1075 ad

1064 1093 1214 1121 Dominum
1230 1094 1324 1122 solvit.

1101 1139 1161 1167 192.
1178 1139 1248 1167 Tum
1264 1139 1417 1175 imperator
1439 1139 1468 1167 in
1481 1139 1554 1167 bello
1571 1139 1722 1167 frustratus
1738 1139 1834 1175 spoliis
1849 1159 1857 1171 ,

1064 1190 1180 1218 moeret;
1197 1189 1256 1213 tum
1268 1186 1377 1213 activus
1395 1186 1424 1213 in
1444 1186 1570 1214 oratione
1589 1186 1666 1214 haud
1691 1186 1751 1221 ipse
1775 1185 1858 1221 spiri-

1064 1231 1127 1258 talis
1143 1238 1258 1266 compos
1268 1231 1524 1266 contemplationis.

1100 1277 1160 1304 195.
1172 1271 1280 1305 Cervus
1291 1277 1406 1312 quidem
1421 1277 1456 1304 ad
1467 1276 1654 1312 corporalium
1668 1276 1760 1304 fontes
1775 1284 1860 1311 aqua-

1063 1330 1124 1350 rum
1139 1323 1228 1350 currit
1244 1323 1278 1355 °",
1302 1331 1317 1350 a
1332 1326 1461 1357 serpente
1482 1322 1572 1350 bestia
1588 1330 1698 1350 morsus
1715 1331 1720 1348 :
1748 1322 1859 1350 animus

1061 1375 1129 1395 vero
1147 1367 1309 1395 dulcissimo
1324 1368 1436 1395 saucius
1450 1368 1699 1404 orationisjaculo,
1718 1368 1751 1395 ad
1771 1368 1856 1403 spiri-

1063 1417 1142 1440 tuum
1157 1413 1321 1448 splendores
1336 1414 1491 1441 contendit.

1097 1458 1158 1485 194.
1172 1458 1231 1485 Nec
1249 1459 1404 1494 corporalis
1427 1459 1526 1487 oculus
1541 1467 1657 1495 granum
1675 1459 1762 1487 tritici
1776 1469 1787 1491 ια
1807 1468 1859 1488 nec

1061 1503 1144 1530 activi
1159 1511 1239 1531 mens
1253 1511 1332 1531 suam
1347 1504 1407 1539 ipsa
1426 1505 1548 1532 indolem
1564 1505 1659 1532 videre
1682 1510 1786 1540 potest,
1800 1506 1858 1533 nisi

222 1560 274 1596 τὴν
289 1558 401 1593 ἑαυτοῦ,
416 1559 440 1585 εί
468 1558 505 1593 μὴ
530 1556 672 1592 γυμνωθῇ,
688 1556 792 1586 ἐκεῖνος
808 1554 868 1590 μὲν,
884 1552 1006 1588 ἐλύτρου,

1071 1550 1108 1577 ile
1124 1550 1237 1585 quidem
1267 1551 1451 1584 membrana;
1475 1551 1523 1579 hic
1537 1559 1616 1585 vero,
1642 1552 1759 1580 libidine
1776 1553 1856 1581 obte-

222 1602 302 1639 οὗτος
317 1605 358 1639 δὲ,
374 1605 493 1640 σχέσεως
503 1603 553 1639 τῆς
569 1600 825 1638 περικαλυπτούσης
841 1599 931 1627 αὐτόν.

262 1663 331 1697 ρίπεκ
349 1660 529 1696 Κρύπτονται
553 1657 668 1694 ἀστέρες
692 1657 753 1692 μὲν,
773 1655 848 1691 ¹ἡλίου
869 1653 985 1689 ἀνατολῇ
997 1661 1004 1668 ·

222 1706 352 1743 λογισμοὶ
365 1705 393 1732 δὲ
411 1704 621 1739 ὲκλιμπάνουσι,
632 1701 679 1729 τοῦ
695 1701 741 1728 νοῦ
753 1699 823 1736 πρὸς
839 1699 889 1733 τὴν
904 1698 1008 1725 οἰκείαν

224 1751 366 1789 βασιλείαν
380 1748 640 1784 ὲπαναστρέφοντος.

260 1812 337 1847 ριις’.
352 1807 430 1836 Μετὰ
456 1807 486 1834 τὺ
501 1805 578 1837 τέλος
592 1804 643 1839 τῆς
658 1802 823 1847 πρακτικῇς,
835 1801 865 1828 αἱ
885 1809 1009 1847 πνευμα-

223 1845 301 1883 τικαὶ
320 1854 432 1890 θεωρίαι
446 1850 635 1888 περιχυθεῖσαι
645 1848 685 1884 τῷ
699 1848 747 1883 νῷ,
768 1845 812 1874 οἶά
834 1854 908 1877 τινες
927 1846 1006 1873 ἀκτῖ-

1059 1599 1140 1631 gente
1155 1596 1276 1623 nudatus
1291 1596 1388 1624 fuerit.

1091 1651 1152 1679 195,
1168 1651 1358 1680 Obnubuntur
1383 1652 1470 1680 stellae
1497 1657 1561 1680 ortu
1579 1654 1648 1682 solis
1664 1663 1671 1681 :
1685 1659 1854 1691 cessantque

1058 1697 1261 1733 cogitationes,
1281 1703 1376 1726 mente
1394 1698 1428 1726 ad
1445 1706 1527 1727 suum
1546 1707 1663 1735 regnum
1685 1705 1856 1729 revertente.

1094 1796 1153 1825 196.
1165 1796 1319 1825 Actionein
1332 1796 1415 1825 ﬁnem
1429 1804 1572 1834 provecta,
1585 1800 1762 1829 circumfusa:
1775 1802 1859 1838 664,

1058 1842 1144 1870 menti
1159 1843 1299 1877 spiritales
1307 1845 1573 1880 contemplationes,
1585 1847 1663 1874 velut
1678 1847 1784 1875 solares
1796 1850 1859 1884 qui-

224 1911 270 1934 νες
284 1901 362 1938 ἡλίου
376 1888 408 1927 αἱ
427 1898 474 1926 τοῦ
498 1896 635 1933 ὁρίζοντος
659 1892 862 1938 ὑπερκύψασαι,
884 1890 1008 1938 δοκοῦσιν

1070 1888 1120 1916 lam
1138 1888 1208 1916 radii
1222 1889 1256 1917 ab
1273 1889 1420 1918 horizonte
1446 1891 1656 1926 promicantes,
1680 1894 1862 1923 extrinsecus

224 1934 327 1982 ἔξωθεν
339 1945 424 1974 αὑτοῦ
439 1942 626 1980 προσϐάλλειν,
643 1940 742 1966 οἰκεῖαι
772 1935 862 1970 οὖσαι,
891 1936 939 1964 καὶ
963 1935 1008 1963 διὰ

1070 1935 1082 1962 :i
1099 1934 1232 1962 advenire
1247 1934 1398 1970 videntur,
1423 1944 1486 1965 cum
1503 1938 1565 1973 ejus
1586 1939 1718 1974 propriae,
1736 1948 1779 1973 ac,
1803 1949 1858 1976 qna

227 1980 403 2030 καθαρότητα
413 1991 514 2019 ἐκεῖνον
525 1986 783 2024 περιπτυσσόμεναι.

1070 1981 1145 2016 ulget
1159 1980 1308 2014 munditia,
1327 1980 1559 2016 illiicohwrentes
1573 1983 1631 2012 sint
1653 1993 1686 2013 ac
1710 1986 1789 2014 velut
1812 1995 1859 2015 co-

1070 2027 1140 2054 IllL'E.
1643 2028 1645 2031 ’

1058 2033 1140 2055 alme.

262 2093 333 2130 ριιζι.
346 2090 463 2119 Τοιαῦτα
486 2087 533 2115 καὶ
562 2084 623 2117 νοῦς
640 2081 806 2130 θεωρητικὸς
827 2080 951 2130 ἔκλαλεξν
964 2080 1009 2108 δύ-

1093 2086 1155 2114 197.
1179 2086 1257 2114 Talia
1287 2095 1400 2123 quoque
1425 2095 1505 2116 mens
1527 2089 1765 2124 contemplatione
1793 2091 1858 2119 nixa

224 2126 317 2172 ναται,
333 2139 378 2165 ὅτε
407 2134 510 2164 ἄνωθεν
535 2132 582 2159 ἀπ’
608 2127 723 2165 οὐρανοῦ
754 2126 871 2162 καταϐῇ,
900 2127 1008 2161 φύσεως

1070 2131 1152 2166 :loqui
1168 2136 1269 2166 potest,
1283 2139 1346 2159 cum
1359 2137 1467 2160 naturae
1480 2133 1600 2168 quadam
1613 2134 1783 2163 necessitate
1798 2144 1860 2163 ver—

224 2186 363 2219 ἀνάγκαις
378 2179 526 2210 ἐπικλιθείς
540 2186 546 2193 ·
565 2174 608 2204 οἶα
620 2175 668 2203 καὶ
682 2175 696 2201 ό
713 2172 900 2208 φθεγξάμενος
909 2180 916 2187 ”
928 2172 1007 2200 θείου

1070 2185 1136 2212 ;ens,
1151 2186 1166 2205 e
1179 2177 1256 2205 caelis
1273 2186 1396 2213 superne
1409 2178 1599 2212 descenderit,
1618 2181 1713 2215 qualia
1733 2185 1762 2208 et
1781 2182 1860 2210 locu-

224 2218 343 2263 κάλλους
356 2231 382 2257 τι
397 2229 512 2263 ὑπάρχει
526 2222 747 2259 θαυμασιώτερον
760 2229 768 2254 ;
784 2220 832 2270 καὶ
853 2219 906 2270 τίς-
917 2218 1008 2270 ἔννοια

1070 2230 1105 2250 us
1116 2226 1169 2255 est,
1182 2223 1230 2257 qui
1239 2223 1278 2250 ait
1290 2232 1296 2249 :
1308 2223 1446 2257 Quidnam
1460 2224 1556 2251 divino
1571 2224 1729 2252 mirabilius
1741 2225 1859 2254 decore?

165 2272 169 2278 ί
223 2281 274 2316 τῆς
284 2279 333 2306 τοῦ
347 2276 413 2304 θεοὗ
427 2269 665 2316 μεγαλοπρεπείας
676 2265 841 2316 καριεσῖέρτξ
854 2273 873 2316 ς.
883 2265 962 2316 ΠῩῖἛ
977 2265 1007 2316 δὲ

1070 2268 1126 2302 Quae
1153 2276 1221 2296 vero
1245 2269 1387 2304 cogitatio,
1413 2277 1498 2305 quam
1519 2270 1622 2297 divina;
1643 2271 1860 2306 magniﬁcentia:

223 2310 298 2351 odim
320 2322 403 2353 πόθος
426 2318 522 2356 δριμὺς
542 2315 588 2342 καὶ
614 2313 758 2349 ἀφόρητος,
771 2310 809 2342 ὡς
827 2311 841 2337 ὁ
861 2310 917 2337 άπὸ
937 2310 1006 2338 Θεοῦ

1070 2315 1189 2350 gratior?
1213 2315 1282 2349 Quis
1295 2316 1337 2343 sic
1354 2316 1427 2344 acris
1440 2324 1473 2343 ac
1499 2317 1687 2351 importabilis
1704 2326 1784 2345 amor
1795 2339 1803 2349 .
1827 2327 1860 2347 ac

225 2370 400 2405 ἐγγινῆμενος
428 2366 460 2401 τῇ
485 2363 538 2390 ἀπὸ
561 2361 649 2405 πάσης
676 2356 794 2405 κακίας-
808 2356 1006 2405 κεκαθαρμένη

1070 2362 1108 2397 lui
1124 2362 1153 2389 in
1170 2362 1262 2389 anima
1280 2363 1390 2389 cunctis
1410 2362 1488 2389 vitiis
1505 2362 1661 2397 depurgata
1686 2371 1701 2391 a
1723 2363 1780 2391 Deo
1798 2364 1861 2401 inji-

223 2401 309 2452 obﬁ,
322 2401 374 2441 ’και
399 2410 452 2438 άπὸ
468 2407 611 2437 διαθέσεως
633 2402 765 2437 λεγούσῃ,
781 2401 822 2428 ὅτι
839 2403 1008 2438 Τετρωμένη

1070 2406 1145 2440 :itur,
1159 2416 1276 2443 quaque
1287 2416 1322 2435 ex
1334 2408 1436 2439 aﬂectu
1450 2408 1526 2436 dicat
1541 2417 1548 2435 :
1568 2408 1716 2437 Vulnerata
1727 2411 1861 2438 charitale

223 2462 344 2499 ἀγάπης
355 2457 413 2494 ἐγώ
424 2465 434 2489 ἱ

262 2520 335 2556 ριιηκ
355 2513 472 2542 Ἑκείνου
497 2507 570 2537 tactv
595 2506 626 2533 τὸ

223 2555 334 2602 καρδία
342 2569 403 2598 μου
419 2555 503 2588 ἐντός
523 2561 593 2588 μθνι

896 2505 966 2540 λνθη
987 2505 1007 2541 ἠ

975 2561 1008 2587 ’Ψ

622 2516 626 2531 υ
645 2504 674 2532 λέ
734 2505 754 2511 ”“
896 2505 966 2540 λνθη
987 2505 1007 2541 ἠ
1095 2508 1228 2538 198.1]liu

622 2508 855 2604 vi.
975 2561 1008 2587 ην
1059 2561 1112 2588 ηιεο
1128 2544 1222 2604 ειει(

1380 2780 1386 2808 ι

1059 2459 1108 2488 ego
1120 2460 1180 2480 sum
1194 2453 1218 2469 ⁵³
1227 2453 1240 2480 'I

1095 2508 1158 2538 198.
1170 2508 1247 2538 Illius
1259 2514 1303 2537 est
1316 2515 1346 2538 ut
1360 2510 1435 2538 dicat
1450 2519 1457 2537 :
1472 2510 1613 2539 Concaluit
1630 2520 1676 2539 cor
1688 2520 1776 2539 meum
1785 2513 1858 2540 intra

1059 2561 1112 2588 me,
1128 2558 1155 2582 et
1168 2555 1216 2594 il
1329 2556 1385 2583 “me
1399 2564 1459 2583 mea
1476 2557 1629 2584 exardescet
1658 2558 1729 2594 ignis
1748 2558 1770 2574 "
1781 2578 1789 2590 ,
1812 2558 1860 2593 qui

1391 2719 1452 2759 sim,
1481 2725 1603 2761 sﬁuntque
1627 2728 1641 2747 a
1663 2720 1858 2761 mencollecta.

1386 2751 1474 2790 §ipera
1486 2751 1565 2783 Pauli
1580 2756 1675 2783 manui
1686 2755 1858 2790 adhaerente,

1400 2798 1442 2826 ροι
1470 2791 1645 2826 κρεμάμενον
1662 2791 1692 2817 τὸ
1717 2790 1812 2825 θηρίον
1827 2792 1857 2818 ἐκ

1366 2820 1513 2862 ἰὁὶάενιιίιι
1524 2820 1687 2862 pendentem
1705 2820 1817 2854 bestiam
1826 2827 1858 2854 de
