4060 6448
584 313 722 380 1443

1750 319 1810 380 S.
1856 318 2147 378 MAXIMI
2195 317 2707 379 CONFESSORIS

3707 314 3816 383 im

652 432 778 489 179.
809 430 988 486 Canes
1024 427 1079 482 in
1108 442 1168 481 se
1196 428 1413 493 efferat,
1453 430 1551 499 qui
1579 430 1662 485 eis
1685 430 1943 487 baculum
1994 432 2174 487 inten-

2352 432 2486 502 ροθ’.
2522 433 2750 486 Ῥάϐδον
2787 432 2889 504 μὲν
2910 434 2939 486 ό
2964 431 3125 484 κυσὶν
3157 431 3414 484 ἐπισείων
3456 428 3688 499 ὴγρίωσε
3722 435 3821 486 καθ’

582 533 663 580 tat
693 516 716 578 ι
743 524 825 580 sic
857 531 914 577 et
962 521 1278 584 daemones,
1318 521 1415 592 qui
1452 536 1590 592 pure
1645 521 1871 593 defungi
1918 524 2169 579 oratione

580 614 822 670 studeat.

650 706 773 762 180.
824 707 1138 777 Voluptarii
1184 705 1443 761 homines
1493 721 1559 760 ac
1612 704 1923 769 libidinosi,
1971 713 2033 760 ut
2074 705 2170 775 qui

583 798 791 853 terreni
840 797 973 864 sint,
1037 807 1301 868 tanquam
1353 810 1516 850 ranas
1547 837 1563 862 ,
1615 795 1983 866 cogitationes
2024 795 2174 864 ipsos

584 889 959 945 distrahentes
983 888 1195 945 habent
1232 906 1247 941 :
1275 902 1515 958 quorum
1557 902 1690 941 vero
1718 886 1787 940 ad
1819 886 2175 941 mediocrita-

584 990 696 1036 tem
726 982 958 1039 affectus
982 982 1196 1038 redacti
1234 990 1384 1047 sunt,
1437 981 1590 1035 velut
1628 979 1894 1035 luscinias
1925 1019 1940 1044 ,
1984 979 2173 1034 consi-

583 1072 901 1130 derationes
928 1073 1138 1130 habent
1164 1088 1262 1129 eos
1292 1073 1662 1138 oblectantes,
1695 1087 1761 1126 ex
1790 1071 1917 1126 aliis
1944 1073 2002 1126 in
2032 1071 2175 1126 alios

584 1164 1016 1236 commigrantes
1038 1180 1244 1230 ramos,
1281 1164 1566 1220 variarum
1608 1162 1825 1219 scilicet
1872 1164 2026 1218 cultu
2069 1178 2172 1217 no-

587 1255 819 1311 tionum.
848 1258 920 1312 lis
945 1257 1185 1327 denique
1213 1257 1309 1327 qui
1343 1257 1413 1312 ab
1464 1255 1763 1311 affectibus
1816 1255 1982 1309 liberi
2024 1262 2176 1309 tran-

584 1350 875 1420 quillitatis
905 1365 1091 1405 arcem
1128 1349 1524 1413 ascenderunt,
1558 1348 1754 1418 ingens
1781 1362 1811 1402 a
1874 1347 2175 1417 cogitatio-

587 1439 753 1495 nibus
774 1450 832 1496 et
874 1439 1189 1495 rationibus
1239 1455 1305 1495 ac
1354 1437 1721 1509 conceptibus
1772 1437 2057 1494 silentium
2091 1446 2177 1494 est

584 1539 752 1600 atque
786 1532 1007 1601 requies
1050 1531 1196 1585 inter
1240 1529 1534 1584 orandum.

657 1623 779 1677 181.
810 1623 955 1678 Olim
982 1622 1211 1692 quidem
1246 1620 1423 1675 Maria
1459 1620 1630 1676 Mosis
1656 1635 1838 1685 soror,
1877 1629 2176 1692 conspecta

587 1713 832 1768 hostium
852 1722 1056 1783 strage,
1091 1727 1319 1768 sumens
1347 1722 1695 1784 tympanum,
1753 1712 2007 1768 victoria:
2041 1728 2174 1769 can-

587 1806 696 1861 tica
734 1805 1032 1860 mulierum
1061 1804 1236 1859 choro
1279 1804 1682 1875 auspicabatur
1714 1805 1762 1837 ⁶⁸
1800 1821 1814 1857 z
1855 1818 2008 1861 nunc
2045 1818 2180 1861 vero

587 1895 643 1949 in
665 1896 790 1964 ejus
808 1894 984 1950 animi
1027 1894 1271 1962 laudem,
1317 1895 1414 1966 qui
1456 1894 1726 1950 vitiorum
1773 1909 1839 1950 ae
1880 1894 2179 1951 aﬂectuum

586 1987 768 2042 victor
816 1986 1120 2051 exstiterit,
1147 1986 1265 2057 ipsa
1297 1986 1568 2041 virtutum
1616 1986 1918 2055 primatum
1958 1996 2177 2052 tenens,

583 2078 765 2134 excita
798 2078 1065 2143 cbaritas,
1085 2078 1360 2133 citharam
1385 2093 1512 2133 cum
1535 2078 1779 2144 cantico,
1807 2077 1962 2133 velut
1981 2093 2180 2148 quam-

586 2169 713 2224 dam
765 2170 1297 2241 contemplationem
1334 2210 1350 2236 ,
1408 2169 1632 2240 pridem
1682 2168 1763 2223 illi
1840 2168 1909 2223 ad
1961 2168 2181 2224 decoris

585 2255 987 2313 abundantiam
1031 2257 1364 2324 laboratam,
1421 2258 1479 2312 in
1525 2273 1724 2313 manus
1744 2272 2014 2322 sumens,
2068 2272 2181 2313 non

586 2353 766 2400 cessat
814 2362 943 2402 cum
997 2347 1159 2403 turba
1183 2347 1265 2402 illi
1317 2347 1552 2413 comite,
1610 2348 1899 2404 exsultans
1951 2347 2181 2404 laudare

586 2438 785 2493 Deum.

661 2526 784 2581 182.
826 2524 1058 2593 Quando
1091 2525 1291 2581 orandi
1350 2526 1470 2599 jugi
1533 2525 1804 2582 exercitio
1862 2541 1929 2582 ac
1980 2528 2179 2597 cultu,

586 2616 924 2683 psalmorum
979 2616 1208 2670 oracula
1267 2616 1326 2670 in
1373 2617 1591 2671 orantis
1636 2616 1808 2672 corde
1865 2617 2177 2702 haeserint,

587 2716 722 2760 tunc
750 2714 805 2759 ct
838 2705 958 2776 ipse
987 2707 1141 2761 velut
1166 2715 1316 2760 terra
1342 2707 1575 2777 optima,
1600 2707 1750 2762 ultro
1779 2706 1927 2762 ferre
1956 2708 2177 2779 incipit,

589 2804 651 2851 ut
679 2813 833 2852 rosas
862 2798 1088 2867 quidem
1116 2838 1132 2861 ,
1192 2797 1652 2868 incorporearum
1688 2815 1876 2855 rerum
1926 2814 2180 2855 eontem-

585 2890 929 2959 plationem;
965 2900 1028 2946 ut
1058 2906 1193 2945 vero
1230 2892 1366 2957 lilia,
1400 2905 1700 2961 corporum
1752 2891 1915 2963 longe
1962 2891 2181 2947 lucidas

586 2983 833 3037 rationes
856 2998 923 3036 ac
949 2993 1254 3052 conceptus
1278 3000 1293 3050 ;
1323 2994 1384 3037 ut
1421 2982 1667 3053 denique
1695 2984 1873 3041 violas
1895 3026 1908 3050 ,
1956 2985 2177 3041 divino-

586 3090 708 3128 rum
730 3074 1073 3145 judiciorum
1104 3075 1314 3129 variam
1341 3089 1446 3129 nec
1475 3074 1664 3130 animo
1708 3075 1874 3131 facile
1918 3091 2176 3148 compre-

586 3166 814 3221 hensam
846 3166 1377 3221 considerationem.

657 3258 781 3313 185.
816 3258 1063 3313 Flamma
1089 3258 1339 3314 materiae
1361 3258 1567 3331 illigata
1592 3258 1736 3315 lucis
1758 3259 2005 3331 fulgores
2026 3276 2180 3331 spar-

579 3345 661 3415 git
697 3348 959 3403 :animus
1006 3363 1143 3403 vero
1191 3362 1257 3402 ea
1293 3348 1511 3403 solutus
1568 3364 1635 3405 ac
1674 3352 1915 3406 terrenis
1969 3352 2117 3407 liber
2154 3392 2172 3419 ,

586 3439 698 3494 Deo
734 3437 953 3493 afflatus
979 3438 1292 3509 plenusque
1332 3438 1660 3494 invenitur:
1699 3455 1765 3497 ae
1810 3440 1906 3495 illa
1944 3442 2176 3511 quidem

584 3530 655 3585 ad
685 3531 993 3587 fomentum
1029 3546 1203 3602 usque
1233 3530 1409 3585 attolli
1439 3531 1645 3598 habet;
1681 3531 1776 3587 hic
1807 3547 1942 3587 vero
1981 3534 2052 3588 ad
2087 3533 2177 3589 di-

590 3625 707 3678 vini
739 3639 918 3694 usque
951 3623 1161 3679 amoris
1199 3623 1367 3679 finem
1401 3639 1467 3679 ac
1494 3623 2057 3682 consummationem.

659 3715 783 3771 184.
819 3715 924 3781 Qui
957 3729 1015 3771 se
1037 3714 1282 3784 perfecte
1311 3714 1674 3785 abnegaverit
1693 3756 1707 3779 ,
1733 3716 1975 3781 animus,
2003 3731 2178 3789 seque

586 3824 818 3879 prorsus
838 3808 1103 3872 orationi,
1146 3823 1209 3863 ea
1241 3807 1521 3873 sublimis,
1549 3807 1851 3874 addixerit,
1886 3809 1986 3879 qui
2015 3824 2175 3864 crea-

590 3911 716 3955 tura
739 3899 995 3970 superior
1023 3899 1277 3964 exsistat,
1302 3914 1415 3954 non
1441 3899 1666 3970 quando
1696 3899 1834 3955 libet
1863 3900 1931 3955 ad
1966 3910 2174 3956 terram

586 3992 897 4058 descendit,
935 3992 1033 4047 sed
1064 4006 1193 4046 eum
1226 3991 1305 4045 illi
1325 3992 1539 4063 justum
1580 4008 1914 4064 aequumque
1961 3994 2175 4051 videbi-

588 4094 700 4149 tur,
737 4085 832 4155 qui
859 4085 1131 4139 humanas
1166 4100 1257 4139 res
1283 4100 1478 4141 omnes
1529 4085 1778 4156 pondere
1808 4095 1866 4142 ct
1910 4102 2175 4143 mensura

585 4177 834 4249 disponit
865 4193 931 4233 ac
966 4177 1129 4248 regit.

658 4270 779 4324 185.
812 4269 917 4325 Ubi
958 4268 1029 4323 ab
1077 4268 1299 4332 anima,
1356 4268 1547 4323 acedia
1594 4269 1955 4335 exsulaverit,
1993 4286 2175 4345 exque

586 4359 759 4414 animi
808 4376 974 4415 sensu
1020 4360 1271 4429 nequitia
1324 4375 1389 4415 ac
1440 4359 1602 4431 663
1647 4360 1892 4430 pravitas
1941 4376 2173 4418 excussa

2208 1775 2255 1836 Β

2204 3117 2251 3178 C

2274 524 2473 577 ἑαυτοῦ
2505 540 2522 556 ο
2588 525 2851 597 δαίμονας
2911 525 3011 591 δὲ,
3069 527 3099 578 ὁ
3156 522 3415 595 καθαρῶς
3470 522 3827 594 ἐκϐιαζόμενος

2273 608 2548 685 εὔχεσθαῖ.

2351 706 2461 776 ρπ’.
2499 709 2563 762 Οί
2608 709 2710 780 μὲν
2744 707 3045 779 ἡδυπαθής
3077 708 3534 778 προσευχόμενοι,
3569 706 3662 759 ἅτε
3716 708 3832 760 ὐλώ-

2273 800 2388 865 δεις
2441 802 2617 867 ὄντες,
2651 802 2729 865 ὡς
2781 800 3092 871 βατράχους
3144 799 3327 870 ἔχουσι
3378 798 3507 862 τοὺς
3564 798 3831 868 λογισμοὺς

2277 890 2666 957 περισπῶντας
2695 890 2896 955 αὐτούς
2923 906 2936 919 ⁸
2970 891 3019 943 οἱ
3059 890 3115 943 δὲ
3150 889 3565 960 μετριοπαθείς,
3596 887 3687 952 τὰς
3719 889 3835 943 θεω-

2275 982 2399 1051 ρίας
2428 982 2505 1045 ὡς
2531 980 2761 1053 ἀηδόνας
2796 980 3253 1052 κατατερπούσας
3283 979 3481 1042 αὐτοὺς
3505 1020 3521 1046 ,
3547 981 3614 1050 τῇ
3642 981 3728 1033 ἀπ’
3753 983 3834 1036 ἀλ-

2276 1074 2384 1127 λων
2428 1075 2510 1137 είς
2567 1072 2764 1137 ἄλλους
2790 1074 3127 1143 ἀκρέμονας,
3157 1071 3406 1124 τουτέστι
3443 1070 3692 1135 ποικίλας
3718 1073 3836 1126 05w-

2279 1165 2424 1235 ρίας,
2462 1163 2767 1236 μεταδάσει
2800 1179 2815 1195 ο
2852 1165 2980 1235 σιγὴ
3039 1163 3099 1219 δὲ
3167 1165 3428 1232 πρόσεστι
3461 1164 3577 1224 τοῖς
3628 1162 3837 1217 ἀπαθέσι

2277 1258 2372 1312 καὶ
2398 1258 2608 1329 ἠρεμία
2642 1256 2814 1330 πολλὴ
2846 1259 2912 1312 ὲκ
2935 1257 3214 1328 λογισμῶν
3247 1258 3343 1312 καὶ
3370 1257 3659 1327 νοημάτων
3695 1258 3749 1311 ὲν
3771 1257 3839 1329 τῷ

2277 1347 2700 1419 προσεύχεσθαι.

2350 1618 2498 1682 pm’.
2539 1611 2717 1666 Πάλαι
2744 1612 2844 1683 μὲν
2881 1614 2914 1684 ἡ
2939 1610 3035 1666 τοῦ
3069 1611 3323 1674 Μωσέως
3348 1610 3537 1681 Μαρία
3570 1609 3677 1663 τῶν
3704 1612 3840 1665 πολε-

2281 1702 2423 1773 μίων
2449 1701 2552 1772 τὴν
2583 1701 2797 1755 πτῶσιν
2832 1701 3170 1773 θεασαμένη,
3198 1703 3259 1754 τὸ
3276 1700 3565 1772 τύμπανον
3588 1700 3841 1773 ἀραμένη,

2281 1794 2480 1868 ἐξῆρχε
2509 1799 2628 1860 ταῖς
2656 1795 2907 1868 ᾀδούσαις
2939 1793 3009 1848 τὰ
3038 1795 3285 1848 ἐπινίκια
3313 1810 3329 1827 δ
3355 1793 3474 1847 νυνὶ
3504 1790 3563 1846 δὲ
3593 1794 3672 1857 είς
3699 1794 3845 1864 εὐφη-

2285 1889 2415 1959 μίαν
2448 1888 2548 1959 τῆς
2582 1887 2890 1959 νικησάσης
2918 1886 2988 1940 τὰ
3015 1885 3164 1957 πάθη
3196 1885 3377 1956 ψυχῆς
3401 1923 3417 1950 ,
3453 1885 3487 1954 ἠ
3515 1884 3772 1955 κρείττων
3796 1887 3847 1937 ἐν

2281 1979 2506 2051 ἀρεταῖς
2534 1979 2730 2050 ἀγάπη
2758 1978 3132 2049 διεγερθεῖσα,
3168 1977 3269 2049 τὴν
3301 1974 3421 2047 μετ’
3449 1975 3601 2047 ᾠδῆς
3635 1975 3847 2048 κιθάραν

2281 2070 2471 2144 ῶσπερ
2493 2071 2617 2125 τινά
2672 2070 2908 2139 Θεωρίαν
2948 2068 3447 2142 μεταχειριζομένη
3502 2066 3679 2139 ταύτῃ
3702 2069 3849 2124 πάλαι

2279 2164 2380 2235 τὴν
2415 2163 2746 2236 πονηθεῖσαν
2769 2164 2851 2227 είς
2879 2161 3111 2226 κάλλους
3143 2161 3488 2233 περιουσίαν,
3521 2161 3585 2214 οὐ
3636 2162 3846 2215 παύεται

2282 2256 2381 2311 σὺν
2404 2256 2520 2321 τοῖς
2549 2256 2680 2328 περὶ
2708 2256 2881 2326 αὐτὴν
2919 2252 3309 2326 ἀγαλλιωμένη
3354 2255 3529 2323 αἰνεῖν
3573 2253 3668 2307 τὸν
3713 2253 3847 2308 Θεόν.

2356 2531 2503 2606 ρπβ⁹.
2542 2532 2779 2588 ὐπόταν
2805 2529 2897 2586 διὰ
2923 2530 3213 2602 συνεχείας
3241 2529 3344 2600 τῆς
3378 2529 3522 2583 κατά
3558 2529 3663 2600 τὴν
3708 2528 3853 2599 εὐχὴν

2282 2626 2596 2697 κατασχεθῇ
2626 2625 2695 2678 τὰ
2740 2623 2899 2692 λόγια
2939 2622 3047 2676 τῶν
3085 2620 3316 2694 ψαλμῶν
3345 2624 3404 2675 ὲν
3439 2624 3507 2693 τῇ
3550 2620 3749 2694 καρδία
3775 2618 3854 2672 τοῦ

2280 2718 2598 2789 εὐχομένου,
2620 2717 2744 2770 τότε
2759 2718 2852 2771 καὶ
2868 2714 3031 2779 αὐτὸς
3053 2714 3401 2793 γῆἶκάθάπερ
3422 2713 3630 2785 ἀγαθὴ.
3650 2713 3855 2783 ἄρχεται

2281 2810 2606 2881 αὐτομάτως
2663 2808 2985 2878 ἀναφέρειν,
3020 2805 3098 2869 ὡς
3137 2806 3237 2876 μὲν
3280 2804 3409 2876 ῥόδα
3432 2847 3449 2870 ,
3484 2804 3589 2877 τὴν
3640 2804 3860 2876 θεωρίαν

2279 2903 2386 2958 τῶν
2425 2901 2737 2974 ἀσωμάτων
2770 2918 2784 2932 ·
2827 2900 2905 2963 ὡς
2934 2899 2992 2953 δὲ
3029 2898 3226 2969 κρίνα,
3261 2896 3362 2968 τὴν
3392 2896 3729 2968 τηλαύγειαν
3765 2896 3859 2949 τῶν

2282 2994 2555 3066 σωμάτων
2589 3011 2604 3026 θ
2644 2993 2722 3057 ὼς
2752 2991 2809 3045 δὲ
2842 2992 2921 3054 τα,
2949 2989 3011 3044 τὸ
3041 2989 3288 3044 ποικίλον
3330 2988 3442 3044 τῶν
3469 2989 3640 3045 θείων
3669 2990 3859 3062 κριμά-

2280 3102 2389 3139 των
2418 3083 2794 3155 δυσθεώρητον

2354 3262 2501 3338 ρπγ’.
2547 3265 2639 3318 Ἐν
2666 3262 2768 3334 ’ύλῃ
2802 3261 2905 3334 μὲν
2943 3258 3307 3331 δεσμευθεῖσα
3339 3258 3514 3329 φλὸξ,
3555 3258 3861 3329 φωτοφόρος

2279 3357 2608 3415 καθίσταται
2641 3371 2654 3386 ο
2690 3354 2752 3419 ἐξ
2781 3352 2914 3425 ὐλης
2940 3352 3000 3406 δὲ
3024 3351 3251 3406 λυθεῖσα
3279 3350 3447 3422 ψυχὴ,
3485 3351 3755 3421 θεοφόρος
3778 3349 3861 3402 εὐ-

2282 3450 2555 3521 ρίσκεται.
2587 3445 2835 3516 Κάκείνη
2895 3443 2997 3515 μὲν
3043 3441 3300 3515 αἴρεσθαι
3333 3444 3589 3513 πέφυκεν
3617 3444 3748 3514 ἄχρι
3776 3439 3861 3494 τοῦ

2279 3539 2710 3611 ὑπεκκαύματος
2742 3554 2755 3568 ·
2789 3536 2929 3608 αὐτη
2979 3534 3057 3604 δὲ,
3091 3536 3256 3608 μέχρι
3297 3536 3394 3589 τοῦ
3427 3536 3577 3591 κατά
3608 3535 3702 3590 τὸν
3737 3535 3867 3589 θεῖον

2279 3635 2461 3708 ἔρωτα
2488 3628 2980 3702 συμπεράσματος.

2349 3722 2491 3799 ρπδ’.
2537 3725 2607 3777 Ἦ
2645 3721 2869 3786 τελείως
2917 3720 3123 3791 ἑαυτὴν
3174 3720 3539 3792 ἀρνησαμένη
3580 3721 3760 3794 ψυχὴ,
3782 3719 3869 3776 καὶ

2276 3818 2477 3882 όλικῶς
2500 3815 2829 3873 ἀνατεθεῐσα
2855 3813 2991 3887 πρὸς
3010 3812 3198 3885 εὐχὴν,
3215 3812 3360 3884 αὕτη
3377 3814 3476 3885 οὐχ
3501 3815 3600 3869 ὅτε
3625 3815 3866 3887 βούλεται

2276 3914 2430 3969 κάτω
2472 3911 2708 3981 γίνεται,
2742 3906 2954 3963 ἄνωθεν
3008 3906 3380 3978 εὑρισκομένη
3435 3908 3539 3979 τῆς
3593 3907 3865 3971 κτίσεως’

2277 4005 2393 4059 ἀλλ’
2425 4004 2514 4057 ὅτε
2544 4001 2754 4057 δίκαιον
2794 3994 2937 4054 εἶναι
2971 3998 3139 4065 δόξει,
3167 3996 3245 4070 τῷ
3280 3998 3461 4054 πάντα
3511 3998 3752 4072 σταθμῷ
3781 3998 3868 4055 καὶ

2278 4094 2464 4166 μέτρῳ
2491 4086 2795 4159 διεξάγοντι
2823 4088 2892 4142 τὰ
2921 4087 3186 4159 ἡμέτερα.

2351 4289 2491 4355 ρπε’.
2527 4281 2699 4335 Ὅταν
2746 4278 2813 4331 ὲκ
2853 4275 3034 4347 ψυχῆς
3065 4275 3164 4348 μὲν
3193 4276 3226 4344 ἡ
3257 4274 3457 4347 ἀκηδία
3479 4275 3743 4347 ἀπελαθῇ
3767 4290 3780 4304 '
3811 4274 3867 4326 ἐκ

2274 4374 2514 4439 διανοίας
2558 4372 2614 4426 δὲ
2642 4374 2675 4442 ή
2727 4369 2969 4441 πονηρία
3008 4368 3326 4439 ἐκτιναχθῇ,
3373 4368 3498 4422 τότε
3530 4371 3563 4423 ὁ
3606 4367 3735 4431 νοῦς
3774 4383 3867 4435 γυ·

587 4448 788 4515 fuerit;
817 4457 952 4504 tunc
977 4464 1133 4503 mens
1159 4448 1517 4517 simplicitate
1550 4448 1701 4504 nuda
1751 4450 1975 4520 vitaque
2025 4450 2173 4506 inar-

2282 4468 2416 4540 μνὸς
2452 4464 2739 4534 γινόμενος
2773 4463 2840 4533 τῇ
2869 4460 3159 4531 ἁπλότητι,
3185 4458 3300 4530 ζωῇ
3335 4476 3398 4512 τε
3429 4461 3497 4529 τῇ
3530 4459 3755 4530 ἀτέχνῳ
3781 4454 3870 4511 καὶ

587 4539 821 4596 tiﬁciosa
849 4548 905 4595 et
940 4539 1152 4610 absque
1188 4540 1302 4593 ullo
1329 4539 1518 4609 probri
1552 4540 1937 4611 integumento
1966 4542 2177 4600 inanis-

585 4647 693 4702 que
739 4630 929 4703 glorize
965 4631 1340 4697 vestimento,
1388 4629 1540 4686 canit
1600 4639 1658 4685 et
1728 4632 1843 4702 ipsa
1892 4635 2174 4690 canticum

585 4741 791 4780 novum
849 4725 1010 4791 Deo;
1068 4724 1415 4795 pulsansque
1474 4723 1655 4779 melos
1694 4724 1750 4778 in
1802 4725 2176 4783 exsultatione

581 4817 790 4887 gratias
826 4815 977 4886 agit,
1025 4815 1177 4885 quod
1219 4814 1424 4871 futurae
1468 4814 1597 4870 vitae
1626 4816 1871 4871 encaenia
1903 4826 2172 4889 occupata

582 4907 773 4964 laetitia
810 4907 1073 4962 celebret.

656 5017 776 5073 186.
825 5016 963 5073 Cum
1011 5016 1323 5072 diviniores
1365 5014 1634 5087 quosdam
1685 5015 1903 5072 afflatus
1952 5018 2172 5076 animus

580 5126 748 5168 orans
779 5111 1130 5182 persentire,
1171 5110 1355 5181 iisque
1403 5109 1492 5182 agi
1547 5110 1803 5180 emperit,
1848 5119 1964 5165 tum
2017 5113 2172 5168 velut

2274 4560 2400 4629 δίχα
2422 4555 2628 4619 παντὸς
2656 4553 2751 4607 τοῦ
2787 4554 2930 4607 κατὰ
2957 4553 3057 4623 τὴν
3089 4552 3358 4622 αἰσχύνην
3385 4550 3865 4622 ὲπικαλύμματος,

2276 4653 2372 4707 καὶ
2396 4650 2491 4704 τοῦ
2519 4647 2664 4704 κατά
2685 4647 2787 4719 τὴν
2826 4646 3097 4717 φανητίαν
3128 4644 3338 4716 προϐλή
3348 4660 3520 4715 ματος
3540 4684 3557 4709 ,
3591 4639 3753 4717 ᾆσμα
3779 4641 3868 4714 μὲν

2275 4743 2514 4818 ᾁδεικαὶ
2536 4736 2692 4804 οὗτος
2720 4738 2912 4793 καινὸν
2939 4737 3018 4809 τῷ
3043 4735 3165 4808 Θεῷ
3196 4750 3211 4765 ·
3246 4737 3574 4807 εὐχαριστεῖ
3617 4736 3679 4789 δὲ
3720 4734 3868 4806 μέλος

2274 4832 2721 4907 ἀνακρουόμενος
2752 4832 2811 4885 ἑν
2840 4828 3188 4903 εὐφροσύνῃ,
3218 4826 3299 4899 τῷ
3332 4828 3433 4899 τῆς
3463 4826 3783 4899 μελλούσης
3807 4822 3868 4877 τὰ

2274 4925 2532 4994 ἐγκαίνια
2562 4918 2958 4993 προεορτάζειν
2989 4918 3257 4990 βιώσεως.

2347 5014 2506 5088 ρπς’.
2542 5017 2716 5069 Ὅταν
2762 5012 2916 5075 τινὰς
2956 5010 3243 5083 θειοτέρας
3295 5009 3591 5083 ἐνεργείας
3631 5006 3869 5081 ἐνεργεί-

2273 5110 2397 5165 σοαι
2434 5107 2671 5181 ἄρξηται
2708 5111 2742 5179 ἡ
2770 5106 3043 5177 εὐχομένη
3069 5104 3241 5176 ψυχὴ,
3267 5103 3389 5156 τότε
3423 5103 3522 5157 καὶ
3565 5103 3716 5174 αὐτὴ
3738 5099 3868 5155 κατά

577 5203 935 5260 Canticorum
970 5203 1205 5273 Sponsa,
1241 5203 1374 5257 talia
1400 5212 1458 5257 et
1488 5202 1607 5273 ipse
1631 5201 1701 5256 ad
1735 5201 1959 5258 sodales
1981 5212 2039 5260 et
2070 5205 2167 5274 qui

2281 5201 2368 5273 τὴν
2422 5203 2480 5254 ὲν
2512 5202 2760 5270 ’ᾼσμασι
2790 5198 3052 5268 Νύμφην,
3115 5195 3256 5266 πρὸς
3316 5193 3416 5258 τὰς
3466 5193 3869 5265 ὁμοιοτρόπους

578 5297 699 5368 pari
730 5311 946 5351 morum
970 5296 1125 5350 cultu
1158 5296 1533 5360 delectentur,
1566 5294 1828 5360 succinit,
1870 5293 2166 5350 Fraternas

2281 5291 2501 5346 τοιαῦτα
2523 5292 2801 5360 ὐποφωνεϊ
2829 5306 2843 5321 ο
2883 5285 3237 5357 Ἀδελφιδός
3262 5302 3381 5356 μου
3401 5283 3747 5340 ἀπέστειλε
3767 5281 3872 5348 τὴν·

578 5405 725 5444 meus
783 5388 923 5442 misit
978 5404 1199 5441 manum
1243 5404 1401 5441 suam
1448 5403 1542 5457 per
1595 5385 1859 5457 foramen,
1901 5394 1950 5438 et
1990 5396 2167 5440 venter

576 5499 723 5538 meus
750 5482 1024 5535 intremuit
1054 5496 1215 5551 super
1245 5497 1367 5533 eum
1393 5478 1460 5533 ‘°.

649 5574 773 5630 187.
813 5572 952 5630 Cum
990 5573 1150 5629 miles
1183 5587 1446 5628 reversus
1472 5587 1502 5627 e
1531 5572 1748 5643 praelio,
1779 5587 1946 5643 grave
1978 5586 2164 5627 armo-

643 5756 692 5789 "
723 5755 903 5812 Exod.
937 5770 1027 5824 xv,
1053 5754 1142 5811 20.
1172 5822 1183 5828 ί
1222 5755 1269 5787 ⁵⁸
1301 5753 1459 5809 Cant.
1490 5769 1547 5818 ν,
1579 5753 1632 5807 ι.

2272 5382 2442 5455 χεῖρα
2492 5382 2679 5437 αὑτοῦ
2735 5381 2856 5438 ἀπὸ
2911 5380 3024 5450 τῆς
3081 5377 3258 5449 ὀπῆς,
3285 5376 3457 5446 καίή
3492 5377 3711 5431 κοιλία
3760 5389 3869 5444 μου

2270 5476 2527 5546 ἐθροήθη
2547 5475 2642 5528 ἐπ’
2664 5474 2871 5529 αὐτόν.

2344 5567 2489 5640 ρπξ.
2527 5566 2640 5621 Καὶ
2670 5566 3014 5639 στρατιώτης
3051 5566 3116 5619 ἐκ
3144 5563 3239 5619 τοῦ
3291 5562 3540 5634 πολέμου
3595 5555 3869 5616 ὲπαναλύ-
