  <div class='ocr_page' id='page_1' title='image "/cluster/home/n/w/nwhite01/storage/ocr_20150623/90:no.1/coo.31924054869940/740.png"; bbox 0 0 4060 6436; ppageno 0'>
   <div class='ocr_carea' id='block_1_1' title="bbox 409 321 546 389">
    <p class='ocr_par' dir='ltr' id='par_1_1' title="bbox 409 321 546 389">
     <span class='ocr_line' id='line_1_1' title="bbox 409 321 546 389; baseline 0.029 -4"><span class='ocrx_word' id='word_1_1' title='bbox 409 321 431 385; x_wconf 85' lang='lat' dir='ltr'><strong>l</strong></span> <span class='ocrx_word' id='word_1_2' title='bbox 446 325 546 389; x_wconf 68' lang='grc'><strong>145</strong></span> 
     </span>
    </p>
   </div>
   <div class='ocr_carea' id='block_1_2' title="bbox 1582 325 2510 391">
    <p class='ocr_par' dir='ltr' id='par_1_2' title="bbox 1582 325 2510 391">
     <span class='ocr_line' id='line_1_2' title="bbox 1582 325 2510 391; baseline 0.005 -5"><span class='ocrx_word' id='word_1_3' title='bbox 1582 327 1762 386; x_wconf 83' lang='grc' dir='ltr'><strong>ΑΙ.ΙΑ</strong></span> <span class='ocrx_word' id='word_1_4' title='bbox 1799 325 1903 385; x_wconf 79' lang='lat' dir='ltr'><strong>EX</strong></span> <span class='ocrx_word' id='word_1_5' title='bbox 1941 325 2180 385; x_wconf 78' lang='lat' dir='ltr'><strong>VATIC.</strong></span> <span class='ocrx_word' id='word_1_6' title='bbox 2224 327 2510 391; x_wconf 67' lang='lat' dir='ltr'><strong>CAPITA.</strong></span> 
     </span>
    </p>
   </div>
   <div class='ocr_carea' id='block_1_3' title="bbox 3553 346 3687 409">
    <p class='ocr_par' dir='ltr' id='par_1_3' title="bbox 3553 346 3687 409">
     <span class='ocr_line' id='line_1_3' title="bbox 3553 346 3687 409; baseline 0.007 -1"><span class='ocrx_word' id='word_1_7' title='bbox 3553 346 3687 409; x_wconf 74' lang='lat' dir='ltr'><strong>1W3</strong></span> 
     </span>
    </p>
   </div>
   <div class='ocr_carea' id='block_1_4' title="bbox 406 435 1994 516">
    <p class='ocr_par' dir='ltr' id='par_1_4' title="bbox 406 435 1994 508">
     <span class='ocr_line' id='line_1_4' title="bbox 406 435 1994 508; baseline 0.001 -20"><span class='ocrx_word' id='word_1_8' title='bbox 406 454 526 501; x_wconf 89' lang='grc' dir='ltr'>σας,</span> <span class='ocrx_word' id='word_1_9' title='bbox 553 437 617 490; x_wconf 71' lang='grc' dir='ltr'>τὸ</span> <span class='ocrx_word' id='word_1_10' title='bbox 647 435 815 508; x_wconf 85' lang='grc' dir='ltr'>βάρος</span> <span class='ocrx_word' id='word_1_11' title='bbox 855 439 965 492; x_wconf 90' lang='grc' dir='ltr'><strong>τῶν</strong></span> <span class='ocrx_word' id='word_1_12' title='bbox 999 438 1182 492; x_wconf 84' lang='grc' dir='ltr'>ὅπλων</span> <span class='ocrx_word' id='word_1_13' title='bbox 1205 437 1648 502; x_wconf 81' lang='grc' dir='ltr'>ἀποσκευάζεται</span> <span class='ocrx_word' id='word_1_14' title='bbox 1684 455 1697 468; x_wconf 73' lang='grc' dir='ltr'><strong>ο</strong></span> <span class='ocrx_word' id='word_1_15' title='bbox 1733 439 1828 492; x_wconf 71' lang='grc' dir='ltr'><strong>καὶ</strong></span> <span class='ocrx_word' id='word_1_16' title='bbox 1854 455 1994 508; x_wconf 90' lang='grc' dir='ltr'>πρα-</span> 
     </span>
    </p>
   </div>
   <div class='ocr_carea' id='block_1_5' title="bbox 2102 435 3697 516">
    <p class='ocr_par' dir='ltr' id='par_1_5' title="bbox 2102 444 3697 516">
     <span class='ocr_line' id='line_1_5' title="bbox 2102 444 3697 516; baseline 0.013 -23"><span class='ocrx_word' id='word_1_17' title='bbox 2102 457 2223 495; x_wconf 90' lang='lat' dir='ltr'><strong>rum</strong></span> <span class='ocrx_word' id='word_1_18' title='bbox 2257 444 2475 512; x_wconf 90' lang='lat' dir='ltr'><strong>pondus</strong></span> <span class='ocrx_word' id='word_1_19' title='bbox 2498 447 2656 515; x_wconf 92' lang='lat' dir='ltr'><strong>ponit</strong></span> <span class='ocrx_word' id='word_1_20' title='bbox 2686 465 2700 513; x_wconf 90' lang='lat'><strong>;</strong></span> <span class='ocrx_word' id='word_1_21' title='bbox 2739 458 2855 503; x_wconf 91' lang='lat' dir='ltr'><strong>tum</strong></span> <span class='ocrx_word' id='word_1_22' title='bbox 2890 450 3106 506; x_wconf 85' lang='lat' dir='ltr'><strong>activus</strong></span> <span class='ocrx_word' id='word_1_23' title='bbox 3128 452 3298 507; x_wconf 89' lang='lat' dir='ltr'><strong>animi</strong></span> <span class='ocrx_word' id='word_1_24' title='bbox 3338 455 3584 512; x_wconf 97' lang='lat' dir='ltr'><strong>rationes</strong></span> <span class='ocrx_word' id='word_1_25' title='bbox 3643 469 3697 516; x_wconf 90' lang='lat' dir='ltr'><strong>ct</strong></span> 
     </span>
    </p>
   </div>
   <div class='ocr_carea' id='block_1_6' title="bbox 404 528 1994 602">
    <p class='ocr_par' dir='ltr' id='par_1_6' title="bbox 404 528 1994 602">
     <span class='ocr_line' id='line_1_6' title="bbox 404 528 1994 602; baseline 0.001 -21"><span class='ocrx_word' id='word_1_26' title='bbox 404 528 594 592; x_wconf 74' lang='grc' dir='ltr'>κτικὸς</span> <span class='ocrx_word' id='word_1_27' title='bbox 622 531 750 594; x_wconf 75' lang='grc' dir='ltr'>τοὺς</span> <span class='ocrx_word' id='word_1_28' title='bbox 779 532 1098 602; x_wconf 76' lang='grc' dir='ltr'>λογισμοὺς,</span> <span class='ocrx_word' id='word_1_29' title='bbox 1136 533 1215 595; x_wconf 87' lang='grc' dir='ltr'><strong>είς</strong></span> <span class='ocrx_word' id='word_1_30' title='bbox 1246 531 1484 602; x_wconf 77' lang='grc' dir='ltr'><strong>Θεωρίαν</strong></span> <span class='ocrx_word' id='word_1_31' title='bbox 1514 531 1813 601; x_wconf 75' lang='grc' dir='ltr'><strong>ἐρχόμενος</strong></span> <span class='ocrx_word' id='word_1_32' title='bbox 1835 547 1846 560; x_wconf 93' lang='grc'><strong>·</strong></span> <span class='ocrx_word' id='word_1_33' title='bbox 1869 529 1994 582; x_wconf 76' lang='grc' dir='ltr'>οὒτε</span> 
     </span>
    </p>
   </div>
   <div class='ocr_carea' id='block_1_7' title="bbox 401 621 1992 696">
    <p class='ocr_par' dir='ltr' id='par_1_7' title="bbox 401 621 1992 696">
     <span class='ocr_line' id='line_1_7' title="bbox 401 621 1992 696; baseline 0.003 -22"><span class='ocrx_word' id='word_1_34' title='bbox 401 621 510 692; x_wconf 81' lang='grc' dir='ltr'><strong>γάρ</strong></span> <span class='ocrx_word' id='word_1_35' title='bbox 543 624 754 686; x_wconf 78' lang='grc' dir='ltr'>ἐκεῖνος</span> <span class='ocrx_word' id='word_1_36' title='bbox 776 626 824 676; x_wconf 82' lang='grc' dir='ltr'>εἰ</span> <span class='ocrx_word' id='word_1_37' title='bbox 853 624 930 695; x_wconf 80' lang='grc' dir='ltr'>μὴ</span> <span class='ocrx_word' id='word_1_38' title='bbox 959 625 1018 679; x_wconf 81' lang='grc' dir='ltr'>ὲν</span> <span class='ocrx_word' id='word_1_39' title='bbox 1043 625 1267 696; x_wconf 87' lang='grc' dir='ltr'>πολέμῳ</span> <span class='ocrx_word' id='word_1_40' title='bbox 1294 625 1487 696; x_wconf 79' lang='grc' dir='ltr'>χρείαν</span> <span class='ocrx_word' id='word_1_41' title='bbox 1513 623 1628 695; x_wconf 77' lang='grc' dir='ltr'>ἔχει</span> <span class='ocrx_word' id='word_1_42' title='bbox 1649 623 1759 678; x_wconf 90' lang='grc' dir='ltr'><strong>τῶν</strong></span> <span class='ocrx_word' id='word_1_43' title='bbox 1790 621 1992 688; x_wconf 79' lang='grc' dir='ltr'>ὅπλων,</span> 
     </span>
    </p>
   </div>
   <div class='ocr_carea' id='block_1_8' title="bbox 401 707 1180 787">
    <p class='ocr_par' dir='ltr' id='par_1_8' title="bbox 401 707 1180 787">
     <span class='ocr_line' id='line_1_8' title="bbox 401 707 1180 787; baseline 0.006 -22"><span class='ocrx_word' id='word_1_44' title='bbox 401 712 524 766; x_wconf 79' lang='grc' dir='ltr'>οὔτε</span> <span class='ocrx_word' id='word_1_45' title='bbox 558 707 714 779; x_wconf 72' lang='grc' dir='ltr'>οὗτος</span> <span class='ocrx_word' id='word_1_46' title='bbox 736 716 846 769; x_wconf 92' lang='grc' dir='ltr'><strong>τῶν</strong></span> <span class='ocrx_word' id='word_1_47' title='bbox 879 715 1180 787; x_wconf 78' lang='grc' dir='ltr'><strong>λογισμῶν.</strong></span> 
     </span>
    </p>
   </div>
   <div class='ocr_carea' id='block_1_9' title="bbox 475 897 1997 970">
    <p class='ocr_par' dir='ltr' id='par_1_9' title="bbox 475 897 1997 970">
     <span class='ocr_line' id='line_1_9' title="bbox 475 897 1997 970; baseline 0.005 -22"><span class='ocrx_word' id='word_1_48' title='bbox 475 901 626 967; x_wconf 68' lang='grc' dir='ltr'>ρπην.</span> <span class='ocrx_word' id='word_1_49' title='bbox 666 897 730 950; x_wconf 83' lang='grc' dir='ltr'><strong>Οἱ</strong></span> <span class='ocrx_word' id='word_1_50' title='bbox 769 897 869 966; x_wconf 84' lang='grc' dir='ltr'><strong>μὲν</strong></span> <span class='ocrx_word' id='word_1_51' title='bbox 923 899 1224 968; x_wconf 75' lang='grc' dir='ltr'>πρακτικοὶ</span> <span class='ocrx_word' id='word_1_52' title='bbox 1262 899 1338 963; x_wconf 84' lang='grc' dir='ltr'>ὼς</span> <span class='ocrx_word' id='word_1_53' title='bbox 1377 900 1560 970; x_wconf 84' lang='grc' dir='ltr'>ἔχουσι</span> <span class='ocrx_word' id='word_1_54' title='bbox 1605 901 1810 964; x_wconf 81' lang='grc' dir='ltr'><strong>θέσεως</strong></span> <span class='ocrx_word' id='word_1_55' title='bbox 1861 900 1997 955; x_wconf 88' lang='grc' dir='ltr'>θεω-</span> 
     </span>
    </p>
   </div>
   <div class='ocr_carea' id='block_1_10' title="bbox 403 987 1995 1064">
    <p class='ocr_par' dir='ltr' id='par_1_10' title="bbox 403 987 1995 1064">
     <span class='ocr_line' id='line_1_10' title="bbox 403 987 1995 1064; baseline 0.004 -25"><span class='ocrx_word' id='word_1_56' title='bbox 403 987 560 1059; x_wconf 85' lang='grc' dir='ltr'>ροῦσι</span> <span class='ocrx_word' id='word_1_57' title='bbox 589 988 660 1041; x_wconf 80' lang='grc' dir='ltr'><strong>τά</strong></span> <span class='ocrx_word' id='word_1_58' title='bbox 690 989 923 1060; x_wconf 86' lang='grc' dir='ltr'>σώματα</span> <span class='ocrx_word' id='word_1_59' title='bbox 953 1006 966 1019; x_wconf 89' lang='grc'><strong>·</strong></span> <span class='ocrx_word' id='word_1_60' title='bbox 1011 993 1061 1044; x_wconf 76' lang='lat' dir='ltr'><strong>ot</strong></span> <span class='ocrx_word' id='word_1_61' title='bbox 1084 991 1140 1044; x_wconf 86' lang='grc' dir='ltr'><strong>δὲ</strong></span> <span class='ocrx_word' id='word_1_62' title='bbox 1185 991 1538 1064; x_wconf 73' lang='grc' dir='ltr'>θεωρητικοὶ,</span> <span class='ocrx_word' id='word_1_63' title='bbox 1565 993 1641 1057; x_wconf 86' lang='grc' dir='ltr'>ὡς</span> <span class='ocrx_word' id='word_1_64' title='bbox 1671 992 1857 1063; x_wconf 81' lang='grc' dir='ltr'>έχουσι</span> <span class='ocrx_word' id='word_1_65' title='bbox 1891 993 1995 1063; x_wconf 83' lang='grc' dir='ltr'>φύ-</span> 
     </span>
    </p>
   </div>
   <div class='ocr_carea' id='block_1_11' title="bbox 404 1081 1996 1157">
    <p class='ocr_par' dir='ltr' id='par_1_11' title="bbox 404 1081 1996 1157">
     <span class='ocr_line' id='line_1_11' title="bbox 404 1081 1996 1157; baseline 0.004 -25"><span class='ocrx_word' id='word_1_66' title='bbox 404 1097 542 1143; x_wconf 86' lang='grc' dir='ltr'>σεως</span> <span class='ocrx_word' id='word_1_67' title='bbox 574 1098 586 1111; x_wconf 88' lang='grc'>·</span> <span class='ocrx_word' id='word_1_68' title='bbox 623 1081 777 1152; x_wconf 85' lang='grc' dir='ltr'>μόνοι</span> <span class='ocrx_word' id='word_1_69' title='bbox 820 1083 876 1136; x_wconf 83' lang='grc' dir='ltr'><strong>δὲ</strong></span> <span class='ocrx_word' id='word_1_70' title='bbox 914 1085 1045 1148; x_wconf 84' lang='grc' dir='ltr'>τοὺς</span> <span class='ocrx_word' id='word_1_71' title='bbox 1085 1084 1279 1152; x_wconf 82' lang='grc' dir='ltr'><strong>λόγους</strong></span> <span class='ocrx_word' id='word_1_72' title='bbox 1314 1086 1645 1157; x_wconf 84' lang='grc' dir='ltr'>ἀμφοτέρων</span> <span class='ocrx_word' id='word_1_73' title='bbox 1692 1086 1894 1157; x_wconf 80' lang='grc' dir='ltr'>ὁρῶσιν</span> <span class='ocrx_word' id='word_1_74' title='bbox 1946 1087 1996 1139; x_wconf 78' lang='grc' dir='ltr'>οἱ</span> 
     </span>
    </p>
   </div>
   <div class='ocr_carea' id='block_1_12' title="bbox 401 1176 714 1240">
    <p class='ocr_par' dir='ltr' id='par_1_12' title="bbox 401 1176 714 1240">
     <span class='ocr_line' id='line_1_12' title="bbox 401 1176 714 1240; baseline 0.013 -15"><span class='ocrx_word' id='word_1_75' title='bbox 401 1176 714 1240; x_wconf 86' lang='grc' dir='ltr'>γνωστικοί.</span> 
     </span>
    </p>
   </div>
   <div class='ocr_carea' id='block_1_13' title="bbox 477 1267 1996 1344">
    <p class='ocr_par' dir='ltr' id='par_1_13' title="bbox 477 1267 1996 1344">
     <span class='ocr_line' id='line_1_13' title="bbox 477 1267 1996 1344; baseline 0.004 -24"><span class='ocrx_word' id='word_1_76' title='bbox 477 1267 622 1338; x_wconf 85' lang='grc' dir='ltr'>ρπθ’.</span> <span class='ocrx_word' id='word_1_77' title='bbox 671 1270 762 1322; x_wconf 84' lang='grc' dir='ltr'>Ἐν</span> <span class='ocrx_word' id='word_1_78' title='bbox 825 1271 926 1342; x_wconf 80' lang='grc' dir='ltr'>μὲν</span> <span class='ocrx_word' id='word_1_79' title='bbox 979 1275 1092 1336; x_wconf 83' lang='grc' dir='ltr'>τοῖς</span> <span class='ocrx_word' id='word_1_80' title='bbox 1144 1273 1331 1342; x_wconf 79' lang='grc' dir='ltr'><strong>λόγοις</strong></span> <span class='ocrx_word' id='word_1_81' title='bbox 1366 1275 1476 1326; x_wconf 91' lang='grc' dir='ltr'><strong>τῶν</strong></span> <span class='ocrx_word' id='word_1_82' title='bbox 1505 1275 1794 1344; x_wconf 87' lang='grc' dir='ltr'>σωμάτων,</span> <span class='ocrx_word' id='word_1_83' title='bbox 1829 1273 1996 1341; x_wconf 88' lang='grc' dir='ltr'>γινὼ-</span> 
     </span>
    </p>
   </div>
   <div class='ocr_carea' id='block_1_14' title="bbox 387 1361 1997 1436">
    <p class='ocr_par' dir='ltr' id='par_1_14' title="bbox 387 1361 1997 1436">
     <span class='ocr_line' id='line_1_14' title="bbox 387 1361 1997 1436; baseline 0.006 -27"><span class='ocrx_word' id='word_1_84' title='bbox 387 1375 625 1432; x_wconf 33' lang='grc' dir='ltr'>,σκονται</span> <span class='ocrx_word' id='word_1_85' title='bbox 678 1361 747 1414; x_wconf 76' lang='grc' dir='ltr'>τὰ</span> <span class='ocrx_word' id='word_1_86' title='bbox 801 1362 1110 1432; x_wconf 85' lang='grc' dir='ltr'><strong>ἀσώματα·</strong></span> <span class='ocrx_word' id='word_1_87' title='bbox 1144 1367 1204 1418; x_wconf 85' lang='grc' dir='ltr'><strong>έν</strong></span> <span class='ocrx_word' id='word_1_88' title='bbox 1256 1365 1576 1436; x_wconf 85' lang='grc' dir='ltr'>ἀσωμάτοις</span> <span class='ocrx_word' id='word_1_89' title='bbox 1631 1365 1710 1428; x_wconf 85' lang='grc' dir='ltr'>δὲ,</span> <span class='ocrx_word' id='word_1_90' title='bbox 1758 1365 1918 1434; x_wconf 80' lang='grc' dir='ltr'>λόγος</span> <span class='ocrx_word' id='word_1_91' title='bbox 1967 1366 1997 1418; x_wconf 97' lang='lat'><strong>6</strong></span> 
     </span>
    </p>
   </div>
   <div class='ocr_carea' id='block_1_15' title="bbox 379 1441 1996 1528">
    <p class='ocr_par' dir='ltr' id='par_1_15' title="bbox 379 1441 1996 1528">
     <span class='ocr_line' id='line_1_15' title="bbox 379 1441 1996 1528; baseline 0.007 -28"><span class='ocrx_word' id='word_1_92' title='bbox 379 1441 753 1528; x_wconf 44' lang='lat' dir='ltr'><strong>.6nepoﬁatoc,</strong></span> <span class='ocrx_word' id='word_1_93' title='bbox 783 1454 920 1526; x_wconf 67' lang='grc' dir='ltr'>πρὸς</span> <span class='ocrx_word' id='word_1_94' title='bbox 964 1455 1025 1509; x_wconf 77' lang='grc' dir='ltr'>ὃν</span> <span class='ocrx_word' id='word_1_95' title='bbox 1063 1457 1346 1526; x_wconf 77' lang='grc' dir='ltr'>ἐπείγεται</span> <span class='ocrx_word' id='word_1_96' title='bbox 1379 1459 1531 1511; x_wconf 84' lang='grc' dir='ltr'>πᾶσα</span> <span class='ocrx_word' id='word_1_97' title='bbox 1571 1457 1837 1511; x_wconf 88' lang='grc' dir='ltr'>σπουδαία</span> <span class='ocrx_word' id='word_1_98' title='bbox 1861 1459 1996 1512; x_wconf 86' lang='grc' dir='ltr'>ἀνα-</span> 
     </span>
    </p>
   </div>
   <div class='ocr_carea' id='block_1_16' title="bbox 401 1541 769 1617">
    <p class='ocr_par' dir='ltr' id='par_1_16' title="bbox 401 1541 769 1617">
     <span class='ocr_line' id='line_1_16' title="bbox 401 1541 769 1617; baseline 0.016 -24"><span class='ocrx_word' id='word_1_99' title='bbox 401 1541 568 1597; x_wconf 84' lang='grc' dir='ltr'>λῦσαι</span> <span class='ocrx_word' id='word_1_100' title='bbox 600 1543 769 1617; x_wconf 78' lang='grc' dir='ltr'>ψυχή.</span> 
     </span>
    </p>
   </div>
   <div class='ocr_carea' id='block_1_17' title="bbox 477 1638 1992 1712">
    <p class='ocr_par' dir='ltr' id='par_1_17' title="bbox 477 1638 1992 1712">
     <span class='ocr_line' id='line_1_17' title="bbox 477 1638 1992 1712; baseline 0.005 -22"><span class='ocrx_word' id='word_1_101' title='bbox 477 1641 585 1707; x_wconf 51' lang='lat' dir='ltr'><strong>ph.’</strong></span> <span class='ocrx_word' id='word_1_102' title='bbox 617 1638 681 1691; x_wconf 85' lang='grc' dir='ltr'>Οἱ</span> <span class='ocrx_word' id='word_1_103' title='bbox 711 1638 860 1708; x_wconf 88' lang='grc' dir='ltr'>λόγοι</span> <span class='ocrx_word' id='word_1_104' title='bbox 884 1639 994 1694; x_wconf 94' lang='grc' dir='ltr'><strong>τῶν</strong></span> <span class='ocrx_word' id='word_1_105' title='bbox 1025 1642 1321 1712; x_wconf 88' lang='grc' dir='ltr'>σωμάτων,</span> <span class='ocrx_word' id='word_1_106' title='bbox 1352 1645 1428 1708; x_wconf 88' lang='grc' dir='ltr'>ὡς</span> <span class='ocrx_word' id='word_1_107' title='bbox 1458 1644 1593 1698; x_wconf 83' lang='grc' dir='ltr'>ὀστᾶ</span> <span class='ocrx_word' id='word_1_108' title='bbox 1621 1646 1730 1699; x_wconf 83' lang='grc' dir='ltr'>είσι</span> <span class='ocrx_word' id='word_1_109' title='bbox 1771 1648 1885 1710; x_wconf 79' lang='grc' dir='ltr'>τοῖς</span> <span class='ocrx_word' id='word_1_110' title='bbox 1911 1647 1992 1698; x_wconf 80' lang='grc' dir='ltr'><strong>αἱ-</strong></span> 
     </span>
    </p>
   </div>
   <div class='ocr_carea' id='block_1_18' title="bbox 2099 535 3686 614">
    <p class='ocr_par' dir='ltr' id='par_1_18' title="bbox 2099 535 3686 614">
     <span class='ocr_line' id='line_1_18' title="bbox 2099 535 3686 614; baseline 0.01 -27"><span class='ocrx_word' id='word_1_111' title='bbox 2099 535 2501 612; x_wconf 73' lang='lat' dir='ltr'><strong>cogitationes,</strong></span> <span class='ocrx_word' id='word_1_112' title='bbox 2549 555 2674 594; x_wconf 92' lang='lat' dir='ltr'><strong>cum</strong></span> <span class='ocrx_word' id='word_1_113' title='bbox 2724 541 2791 594; x_wconf 90' lang='lat' dir='ltr'><strong>ad</strong></span> <span class='ocrx_word' id='word_1_114' title='bbox 2840 545 3372 614; x_wconf 73' lang='lat' dir='ltr'><strong>contemplationem</strong></span> <span class='ocrx_word' id='word_1_115' title='bbox 3427 549 3686 603; x_wconf 78' lang='lat' dir='ltr'><strong>venerit:</strong></span> 
     </span>
    </p>
   </div>
   <div class='ocr_carea' id='block_1_19' title="bbox 2099 630 3691 709">
    <p class='ocr_par' dir='ltr' id='par_1_19' title="bbox 2099 630 3691 709">
     <span class='ocr_line' id='line_1_19' title="bbox 2099 630 3691 709; baseline 0.009 -29"><span class='ocrx_word' id='word_1_116' title='bbox 2099 643 2230 681; x_wconf 75' lang='lat' dir='ltr'><strong>nam</strong></span> <span class='ocrx_word' id='word_1_117' title='bbox 2270 643 2452 700; x_wconf 89' lang='lat' dir='ltr'><strong>neque</strong></span> <span class='ocrx_word' id='word_1_118' title='bbox 2485 630 2599 696; x_wconf 86' lang='lat' dir='ltr'><strong>ille,</strong></span> <span class='ocrx_word' id='word_1_119' title='bbox 2634 644 3001 704; x_wconf 68' lang='lat' dir='ltr'><strong>prazterquam</strong></span> <span class='ocrx_word' id='word_1_120' title='bbox 3042 636 3099 690; x_wconf 88' lang='lat' dir='ltr'><strong>in</strong></span> <span class='ocrx_word' id='word_1_121' title='bbox 3137 638 3307 704; x_wconf 90' lang='lat' dir='ltr'><strong>bello,</strong></span> <span class='ocrx_word' id='word_1_122' title='bbox 3347 641 3516 694; x_wconf 90' lang='lat' dir='ltr'><strong>armis</strong></span> <span class='ocrx_word' id='word_1_123' title='bbox 3548 655 3691 709; x_wconf 82' lang='lat' dir='ltr'><strong>Opus</strong></span> 
     </span>
    </p>
   </div>
   <div class='ocr_carea' id='block_1_20' title="bbox 2099 717 3690 804">
    <p class='ocr_par' dir='ltr' id='par_1_20' title="bbox 2099 717 3690 804">
     <span class='ocr_line' id='line_1_20' title="bbox 2099 717 3690 804; baseline 0.009 -32"><span class='ocrx_word' id='word_1_124' title='bbox 2099 717 2292 785; x_wconf 84' lang='lat' dir='ltr'><strong>habet,</strong></span> <span class='ocrx_word' id='word_1_125' title='bbox 2330 737 2512 792; x_wconf 90' lang='lat' dir='ltr'><strong>neque</strong></span> <span class='ocrx_word' id='word_1_126' title='bbox 2543 724 2649 780; x_wconf 90' lang='lat' dir='ltr'><strong>iste</strong></span> <span class='ocrx_word' id='word_1_127' title='bbox 2702 727 2872 782; x_wconf 90' lang='lat' dir='ltr'><strong>animi</strong></span> <span class='ocrx_word' id='word_1_128' title='bbox 2923 729 3238 786; x_wconf 84' lang='lat' dir='ltr'><strong>rationibus</strong></span> <span class='ocrx_word' id='word_1_129' title='bbox 3281 748 3347 787; x_wconf 89' lang='lat' dir='ltr'><strong>ac</strong></span> <span class='ocrx_word' id='word_1_130' title='bbox 3393 733 3690 804; x_wconf 84' lang='lat' dir='ltr'><strong>cogitatio-</strong></span> 
     </span>
    </p>
   </div>
   <div class='ocr_carea' id='block_1_21' title="bbox 2097 813 2920 898">
    <p class='ocr_par' dir='ltr' id='par_1_21' title="bbox 2097 813 2920 898">
     <span class='ocr_line' id='line_1_21' title="bbox 2097 813 2920 898; baseline 0.009 -32"><span class='ocrx_word' id='word_1_131' title='bbox 2097 813 2284 869; x_wconf 87' lang='lat' dir='ltr'><strong>nibus.</strong></span> <span class='ocrx_word' id='word_1_132' title='bbox 2375 885 2384 898; x_wconf 32' lang='grc' dir='ltr'>τ</span> <span class='ocrx_word' id='word_1_133' title='bbox 2917 868 2920 873; x_wconf 89' lang='grc'><strong><em>,</em></strong></span> 
     </span>
    </p>
   </div>
   <div class='ocr_carea' id='block_1_22' title="bbox 2176 906 3688 984">
    <p class='ocr_par' dir='ltr' id='par_1_22' title="bbox 2176 906 3688 984">
     <span class='ocr_line' id='line_1_22' title="bbox 2176 906 3688 984; baseline 0.01 -25"><span class='ocrx_word' id='word_1_134' title='bbox 2176 906 2301 960; x_wconf 90' lang='grc'><strong>188.</strong></span> <span class='ocrx_word' id='word_1_135' title='bbox 2325 907 2529 974; x_wconf 87' lang='lat' dir='ltr'><strong>Activi,</strong></span> <span class='ocrx_word' id='word_1_136' title='bbox 2554 925 2788 980; x_wconf 91' lang='lat' dir='ltr'><strong>corpora</strong></span> <span class='ocrx_word' id='word_1_137' title='bbox 2815 928 2916 982; x_wconf 91' lang='lat' dir='ltr'><strong>pro</strong></span> <span class='ocrx_word' id='word_1_138' title='bbox 2943 929 3137 968; x_wconf 90' lang='lat' dir='ltr'><strong>eorum</strong></span> <span class='ocrx_word' id='word_1_139' title='bbox 3162 915 3270 970; x_wconf 89' lang='lat' dir='ltr'><strong>situ</strong></span> <span class='ocrx_word' id='word_1_140' title='bbox 3303 918 3688 984; x_wconf 82' lang='lat' dir='ltr'><strong>considerant;</strong></span> 
     </span>
    </p>
   </div>
   <div class='ocr_carea' id='block_1_23' title="bbox 2102 999 3684 1073">
    <p class='ocr_par' dir='ltr' id='par_1_23' title="bbox 2102 999 3684 1073">
     <span class='ocr_line' id='line_1_23' title="bbox 2102 999 3684 1073; baseline 0.008 -23"><span class='ocrx_word' id='word_1_141' title='bbox 2102 999 2522 1068; x_wconf 87' lang='lat' dir='ltr'><strong>contemplativi</strong></span> <span class='ocrx_word' id='word_1_142' title='bbox 2558 1013 2769 1068; x_wconf 89' lang='lat' dir='ltr'><strong>autem,</strong></span> <span class='ocrx_word' id='word_1_143' title='bbox 2796 1019 2899 1073; x_wconf 89' lang='lat' dir='ltr'><strong>pro</strong></span> <span class='ocrx_word' id='word_1_144' title='bbox 2933 1019 3126 1058; x_wconf 90' lang='lat' dir='ltr'><strong>eorum</strong></span> <span class='ocrx_word' id='word_1_145' title='bbox 3159 1015 3432 1062; x_wconf 88' lang='lat' dir='ltr'><strong>naturaet</strong></span> <span class='ocrx_word' id='word_1_146' title='bbox 3464 1009 3684 1063; x_wconf 82' lang='lat' dir='ltr'><strong>indole:</strong></span> 
     </span>
    </p>
   </div>
   <div class='ocr_carea' id='block_1_24' title="bbox 2098 1089 3688 1169">
    <p class='ocr_par' dir='ltr' id='par_1_24' title="bbox 2098 1089 3688 1169">
     <span class='ocr_line' id='line_1_24' title="bbox 2098 1089 3688 1169; baseline 0.008 -26"><span class='ocrx_word' id='word_1_147' title='bbox 2098 1089 2197 1143; x_wconf 89' lang='lat' dir='ltr'><strong>soli</strong></span> <span class='ocrx_word' id='word_1_148' title='bbox 2233 1091 2454 1146; x_wconf 90' lang='lat' dir='ltr'><strong>demum</strong></span> <span class='ocrx_word' id='word_1_149' title='bbox 2480 1095 2714 1164; x_wconf 85' lang='lat' dir='ltr'><strong>gnostici</strong></span> <span class='ocrx_word' id='word_1_150' title='bbox 2747 1096 2821 1166; x_wconf 90' lang='lat' dir='ltr'><strong>(id</strong></span> <span class='ocrx_word' id='word_1_151' title='bbox 2855 1106 2961 1162; x_wconf 90' lang='lat' dir='ltr'><strong>est,</strong></span> <span class='ocrx_word' id='word_1_152' title='bbox 2987 1098 3267 1166; x_wconf 81' lang='lat' dir='ltr'><strong>sapientes</strong></span> <span class='ocrx_word' id='word_1_153' title='bbox 3296 1114 3359 1152; x_wconf 90' lang='lat' dir='ltr'><strong>ac</strong></span> <span class='ocrx_word' id='word_1_154' title='bbox 3387 1100 3688 1169; x_wconf 78' lang='lat' dir='ltr'><strong>spiritales)</strong></span> 
     </span>
    </p>
   </div>
   <div class='ocr_carea' id='block_1_25' title="bbox 2099 1181 3437 1260">
    <p class='ocr_par' dir='ltr' id='par_1_25' title="bbox 2099 1181 3437 1260">
     <span class='ocr_line' id='line_1_25' title="bbox 2099 1181 3437 1260; baseline 0.007 -25"><span class='ocrx_word' id='word_1_155' title='bbox 2099 1181 2328 1238; x_wconf 92' lang='lat' dir='ltr'><strong>illorum</strong></span> <span class='ocrx_word' id='word_1_156' title='bbox 2359 1186 2572 1255; x_wconf 89' lang='lat' dir='ltr'><strong>pariter</strong></span> <span class='ocrx_word' id='word_1_157' title='bbox 2599 1188 2913 1260; x_wconf 88' lang='lat' dir='ltr'><strong>horumque</strong></span> <span class='ocrx_word' id='word_1_158' title='bbox 2948 1191 3201 1245; x_wconf 87' lang='lat' dir='ltr'><strong>rationes</strong></span> <span class='ocrx_word' id='word_1_159' title='bbox 3222 1189 3437 1246; x_wconf 90' lang='lat' dir='ltr'><strong>vident.</strong></span> 
     </span>
    </p>
   </div>
   <div class='ocr_carea' id='block_1_26' title="bbox 2172 1275 3691 1354">
    <p class='ocr_par' dir='ltr' id='par_1_26' title="bbox 2172 1275 3691 1354">
     <span class='ocr_line' id='line_1_26' title="bbox 2172 1275 3691 1354; baseline 0.007 -24"><span class='ocrx_word' id='word_1_160' title='bbox 2172 1275 2292 1332; x_wconf 85' lang='grc'><strong>189.</strong></span> <span class='ocrx_word' id='word_1_161' title='bbox 2326 1277 2387 1332; x_wconf 88' lang='lat' dir='ltr'><strong>In</strong></span> <span class='ocrx_word' id='word_1_162' title='bbox 2417 1293 2714 1349; x_wconf 89' lang='lat' dir='ltr'><strong>corporum</strong></span> <span class='ocrx_word' id='word_1_163' title='bbox 2772 1282 3090 1337; x_wconf 90' lang='lat' dir='ltr'><strong>rationibus</strong></span> <span class='ocrx_word' id='word_1_164' title='bbox 3141 1293 3561 1354; x_wconf 85' lang='lat' dir='ltr'><strong>cognoscuntur</strong></span> <span class='ocrx_word' id='word_1_165' title='bbox 3607 1286 3691 1340; x_wconf 92' lang='lat' dir='ltr'><strong>in-</strong></span> 
     </span>
    </p>
   </div>
   <div class='ocr_carea' id='block_1_27' title="bbox 2098 1373 3691 1448">
    <p class='ocr_par' dir='ltr' id='par_1_27' title="bbox 2098 1373 3691 1448">
     <span class='ocr_line' id='line_1_27' title="bbox 2098 1373 3691 1448; baseline 0.005 -22"><span class='ocrx_word' id='word_1_166' title='bbox 2098 1385 2406 1441; x_wconf 86' lang='lat' dir='ltr'><strong>corporea;</strong></span> <span class='ocrx_word' id='word_1_167' title='bbox 2458 1373 2515 1427; x_wconf 91' lang='lat' dir='ltr'><strong>in</strong></span> <span class='ocrx_word' id='word_1_168' title='bbox 2593 1374 2942 1446; x_wconf 87' lang='lat' dir='ltr'><strong>incorporeis</strong></span> <span class='ocrx_word' id='word_1_169' title='bbox 3001 1392 3136 1432; x_wconf 84' lang='lat' dir='ltr'><strong>vero</strong></span> <span class='ocrx_word' id='word_1_170' title='bbox 3203 1379 3691 1448; x_wconf 86' lang='lat' dir='ltr'><strong>superessentialis</strong></span> 
     </span>
    </p>
   </div>
   <div class='ocr_carea' id='block_1_28' title="bbox 2097 1465 3689 1536">
    <p class='ocr_par' dir='ltr' id='par_1_28' title="bbox 2097 1465 3689 1536">
     <span class='ocr_line' id='line_1_28' title="bbox 2097 1465 3689 1536; baseline 0.006 -19"><span class='ocrx_word' id='word_1_171' title='bbox 2097 1478 2301 1530; x_wconf 90' lang='lat' dir='ltr'><strong>sermo,</strong></span> <span class='ocrx_word' id='word_1_172' title='bbox 2337 1465 2406 1520; x_wconf 89' lang='lat' dir='ltr'><strong>ad</strong></span> <span class='ocrx_word' id='word_1_173' title='bbox 2442 1483 2610 1536; x_wconf 90' lang='lat' dir='ltr'><strong>quem</strong></span> <span class='ocrx_word' id='word_1_174' title='bbox 2647 1469 2934 1526; x_wconf 86' lang='lat' dir='ltr'><strong>studiosus</strong></span> <span class='ocrx_word' id='word_1_175' title='bbox 2963 1471 3147 1525; x_wconf 88' lang='lat' dir='ltr'><strong>omnis</strong></span> <span class='ocrx_word' id='word_1_176' title='bbox 3190 1471 3412 1526; x_wconf 86' lang='lat' dir='ltr'><strong>animus</strong></span> <span class='ocrx_word' id='word_1_177' title='bbox 3461 1470 3689 1526; x_wconf 81' lang='lat' dir='ltr'><strong>festinat</strong></span> 
     </span>
    </p>
   </div>
   <div class='ocr_carea' id='block_1_29' title="bbox 2097 1553 2358 1609">
    <p class='ocr_par' dir='ltr' id='par_1_29' title="bbox 2097 1553 2358 1609">
     <span class='ocr_line' id='line_1_29' title="bbox 2097 1553 2358 1609; baseline 0 0"><span class='ocrx_word' id='word_1_178' title='bbox 2097 1553 2358 1609; x_wconf 86' lang='lat' dir='ltr'><strong>evadere.</strong></span> 
     </span>
    </p>
   </div>
   <div class='ocr_carea' id='block_1_30' title="bbox 2172 1645 3691 1717">
    <p class='ocr_par' dir='ltr' id='par_1_30' title="bbox 2172 1645 3691 1717">
     <span class='ocr_line' id='line_1_30' title="bbox 2172 1645 3691 1717; baseline 0.005 -18"><span class='ocrx_word' id='word_1_179' title='bbox 2172 1645 2293 1700; x_wconf 90' lang='grc'><strong>190.</strong></span> <span class='ocrx_word' id='word_1_180' title='bbox 2342 1645 2654 1717; x_wconf 89' lang='lat' dir='ltr'><strong>Corporum</strong></span> <span class='ocrx_word' id='word_1_181' title='bbox 2701 1650 2949 1706; x_wconf 87' lang='lat' dir='ltr'><strong>rationes</strong></span> <span class='ocrx_word' id='word_1_182' title='bbox 2979 1652 3134 1707; x_wconf 84' lang='lat' dir='ltr'><strong>velut</strong></span> <span class='ocrx_word' id='word_1_183' title='bbox 3186 1667 3313 1707; x_wconf 90' lang='lat' dir='ltr'><strong>ossa</strong></span> <span class='ocrx_word' id='word_1_184' title='bbox 3351 1662 3522 1716; x_wconf 93' lang='lat' dir='ltr'><strong>sunt,</strong></span> <span class='ocrx_word' id='word_1_185' title='bbox 3578 1652 3691 1707; x_wconf 90' lang='lat' dir='ltr'><strong>illis</strong></span> 
     </span>
    </p>
   </div>
   <div class='ocr_carea' id='block_1_31' title="bbox 404 1728 1994 1844">
    <p class='ocr_par' dir='ltr' id='par_1_31' title="bbox 404 1728 1994 1844">
     <span class='ocr_line' id='line_1_31' title="bbox 404 1728 1994 1811; baseline 0.007 -30"><span class='ocrx_word' id='word_1_186' title='bbox 404 1728 625 1800; x_wconf 81' lang='grc' dir='ltr'>σθητοῖς</span> <span class='ocrx_word' id='word_1_187' title='bbox 656 1732 1192 1806; x_wconf 78' lang='grc' dir='ltr'>ἐπικαλυπτόμενοι,</span> <span class='ocrx_word' id='word_1_188' title='bbox 1225 1736 1318 1800; x_wconf 85' lang='grc' dir='ltr'><strong>οὓς</strong></span> <span class='ocrx_word' id='word_1_189' title='bbox 1348 1738 1432 1811; x_wconf 78' lang='grc' dir='ltr'><strong>ἴδῃ</strong></span> <span class='ocrx_word' id='word_1_190' title='bbox 1479 1738 1661 1802; x_wconf 71' lang='grc' dir='ltr'>οὐδεὶς</span> <span class='ocrx_word' id='word_1_191' title='bbox 1681 1780 1696 1803; x_wconf 95' lang='grc'><strong>,</strong></span> <span class='ocrx_word' id='word_1_192' title='bbox 1724 1740 1832 1792; x_wconf 88' lang='grc' dir='ltr'><strong>τῶν</strong></span> <span class='ocrx_word' id='word_1_193' title='bbox 1891 1738 1994 1804; x_wconf 77' lang='grc' dir='ltr'>ἔξω</span> 
     </span>
     <span class='ocr_line' id='line_1_32' title="bbox 407 1821 1774 1844; baseline -0.001 0"><span class='ocrx_word' id='word_1_194' title='bbox 407 1821 478 1844; x_wconf 67' lang='grc' dir='ltr'><strong>-.ἒ-</strong></span> <span class='ocrx_word' id='word_1_195' title='bbox 514 1825 713 1844; x_wconf 56' lang='lat' dir='ltr'><strong>‘--_.-_,l</strong></span> <span class='ocrx_word' id='word_1_196' title='bbox 757 1842 788 1844; x_wconf 61' lang='lat'><strong>,_</strong></span> <span class='ocrx_word' id='word_1_197' title='bbox 865 1825 914 1844; x_wconf 33' lang='grc' dir='ltr'><strong>κ’·</strong></span> <span class='ocrx_word' id='word_1_198' title='bbox 1225 1827 1250 1844; x_wconf 87' lang='grc' dir='ltr'><strong>Λ</strong></span> <span class='ocrx_word' id='word_1_199' title='bbox 1297 1831 1307 1844; x_wconf 75' lang='grc' dir='ltr'><strong>ι</strong></span> <span class='ocrx_word' id='word_1_200' title='bbox 1443 1830 1467 1843; x_wconf 65' lang='grc' dir='ltr'><strong><em>ο</em></strong></span> <span class='ocrx_word' id='word_1_201' title='bbox 1578 1833 1589 1844; x_wconf 78' lang='grc' dir='ltr'>ι</span> <span class='ocrx_word' id='word_1_202' title='bbox 1635 1830 1659 1844; x_wconf 73' lang='grc' dir='ltr'><strong>Α</strong></span> <span class='ocrx_word' id='word_1_203' title='bbox 1748 1830 1774 1842; x_wconf 66' lang='lat' dir='ltr'><strong>an</strong></span> 
     </span>
    </p>
   </div>
   <div class='ocr_carea' id='block_1_32' title="bbox 2102 1728 3673 1844">
    <p class='ocr_par' dir='ltr' id='par_1_32' title="bbox 2102 1738 3673 1810">
     <span class='ocr_line' id='line_1_33' title="bbox 2102 1738 3673 1810; baseline 0.004 -18"><span class='ocrx_word' id='word_1_204' title='bbox 2102 1738 2366 1809; x_wconf 88' lang='lat' dir='ltr'><strong>adoperta</strong></span> <span class='ocrx_word' id='word_1_205' title='bbox 2392 1756 2514 1810; x_wconf 74' lang='lat' dir='ltr'><strong>qua:</strong></span> <span class='ocrx_word' id='word_1_206' title='bbox 2552 1741 2608 1795; x_wconf 90' lang='lat' dir='ltr'><strong>in</strong></span> <span class='ocrx_word' id='word_1_207' title='bbox 2643 1757 2868 1796; x_wconf 88' lang='lat' dir='ltr'><strong>sensum</strong></span> <span class='ocrx_word' id='word_1_208' title='bbox 2899 1743 3107 1798; x_wconf 91' lang='lat' dir='ltr'><strong>cadunt</strong></span> <span class='ocrx_word' id='word_1_209' title='bbox 3139 1761 3151 1795; x_wconf 90' lang='lat'><strong>:</strong></span> <span class='ocrx_word' id='word_1_210' title='bbox 3186 1743 3286 1797; x_wconf 89' lang='lat' dir='ltr'><strong>bas</strong></span> <span class='ocrx_word' id='word_1_211' title='bbox 3317 1759 3482 1798; x_wconf 91' lang='lat' dir='ltr'><strong>nemo</strong></span> <span class='ocrx_word' id='word_1_212' title='bbox 3523 1744 3673 1799; x_wconf 84' lang='lat' dir='ltr'><strong>vide-</strong></span> 
     </span>
    </p>
   </div>
   <div class='ocr_carea' id='block_1_33' title="bbox 406 1821 1838 1902">
    <p class='ocr_par' dir='ltr' id='par_1_33' title="bbox 406 1821 1838 1902">
     <span class='ocr_line' id='line_1_34' title="bbox 406 1821 1838 1902; baseline 0.008 -27"><span class='ocrx_word' id='word_1_213' title='bbox 406 1821 483 1892; x_wconf 84' lang='grc' dir='ltr'>μὴ</span> <span class='ocrx_word' id='word_1_214' title='bbox 513 1825 828 1894; x_wconf 83' lang='grc' dir='ltr'>γενομένων</span> <span class='ocrx_word' id='word_1_215' title='bbox 857 1825 960 1896; x_wconf 80' lang='grc' dir='ltr'>τῆς</span> <span class='ocrx_word' id='word_1_216' title='bbox 995 1827 1378 1897; x_wconf 84' lang='grc' dir='ltr'>προσπαθείας</span> <span class='ocrx_word' id='word_1_217' title='bbox 1400 1830 1509 1883; x_wconf 90' lang='grc' dir='ltr'><strong>τῶν</strong></span> <span class='ocrx_word' id='word_1_218' title='bbox 1535 1830 1838 1902; x_wconf 73' lang='grc' dir='ltr'>αἰσθητῶν.</span> 
     </span>
    </p>
   </div>
   <div class='ocr_carea' id='block_1_34' title="bbox 477 2001 1998 2077">
    <p class='ocr_par' dir='ltr' id='par_1_34' title="bbox 477 2001 1998 2077">
     <span class='ocr_line' id='line_1_35' title="bbox 477 2001 1998 2077; baseline 0.003 -22"><span class='ocrx_word' id='word_1_219' title='bbox 477 2001 623 2072; x_wconf 69' lang='grc' dir='ltr'>ριια’.</span> <span class='ocrx_word' id='word_1_220' title='bbox 671 2002 1020 2057; x_wconf 81' lang='grc' dir='ltr'>Ἀποτίθεται</span> <span class='ocrx_word' id='word_1_221' title='bbox 1051 2003 1146 2056; x_wconf 71' lang='grc' dir='ltr'><strong>καὶ</strong></span> <span class='ocrx_word' id='word_1_222' title='bbox 1171 2003 1512 2077; x_wconf 83' lang='grc' dir='ltr'>στρατιώτης</span> <span class='ocrx_word' id='word_1_223' title='bbox 1534 2005 1602 2058; x_wconf 83' lang='grc' dir='ltr'>τὰ</span> <span class='ocrx_word' id='word_1_224' title='bbox 1633 2004 1793 2068; x_wconf 84' lang='grc' dir='ltr'>ὅπλα,</span> <span class='ocrx_word' id='word_1_225' title='bbox 1829 2023 1998 2059; x_wconf 89' lang='grc' dir='ltr'>κατα-</span> 
     </span>
    </p>
   </div>
   <div class='ocr_carea' id='block_1_35' title="bbox 403 2093 1994 2170">
    <p class='ocr_par' dir='ltr' id='par_1_35' title="bbox 403 2093 1994 2170">
     <span class='ocr_line' id='line_1_36' title="bbox 403 2093 1994 2170; baseline 0.005 -25"><span class='ocrx_word' id='word_1_226' title='bbox 403 2093 595 2163; x_wconf 73' lang='grc' dir='ltr'>λείψας</span> <span class='ocrx_word' id='word_1_227' title='bbox 629 2095 720 2147; x_wconf 84' lang='grc' dir='ltr'><strong>τὸν</strong></span> <span class='ocrx_word' id='word_1_228' title='bbox 753 2096 1015 2166; x_wconf 57' lang='grc' dir='ltr'>πόλεμον</span> <span class='ocrx_word' id='word_1_229' title='bbox 1045 2099 1140 2152; x_wconf 78' lang='grc' dir='ltr'><strong>καὶ</strong></span> <span class='ocrx_word' id='word_1_230' title='bbox 1165 2097 1499 2170; x_wconf 84' lang='grc' dir='ltr'>θεωρητικὸς</span> <span class='ocrx_word' id='word_1_231' title='bbox 1525 2099 1654 2163; x_wconf 78' lang='grc' dir='ltr'>τοὺς</span> <span class='ocrx_word' id='word_1_232' title='bbox 1675 2098 1994 2169; x_wconf 79' lang='grc' dir='ltr'>λογισμοὺς,</span> 
     </span>
    </p>
   </div>
   <div class='ocr_carea' id='block_1_36' title="bbox 403 2187 1085 2262">
    <p class='ocr_par' dir='ltr' id='par_1_36' title="bbox 403 2187 1085 2262">
     <span class='ocr_line' id='line_1_37' title="bbox 403 2187 1085 2262; baseline 0.009 -23"><span class='ocrx_word' id='word_1_233' title='bbox 403 2187 655 2243; x_wconf 83' lang='grc' dir='ltr'>ἀναλύων</span> <span class='ocrx_word' id='word_1_234' title='bbox 687 2189 825 2260; x_wconf 81' lang='grc' dir='ltr'>πρὸς</span> <span class='ocrx_word' id='word_1_235' title='bbox 860 2191 1085 2262; x_wconf 81' lang='grc' dir='ltr'>Κύριον.</span> 
     </span>
    </p>
   </div>
   <div class='ocr_carea' id='block_1_37' title="bbox 480 2269 1997 2358">
    <p class='ocr_par' dir='ltr' id='par_1_37' title="bbox 480 2269 1997 2358">
     <span class='ocr_line' id='line_1_38' title="bbox 480 2269 1997 2358; baseline 0.005 -25"><span class='ocrx_word' id='word_1_236' title='bbox 480 2281 620 2350; x_wconf 60' lang='lat' dir='ltr'><strong>pLﬁ’.</strong></span> <span class='ocrx_word' id='word_1_237' title='bbox 647 2282 756 2336; x_wconf 75' lang='grc' dir='ltr'><strong>Καὶ</strong></span> <span class='ocrx_word' id='word_1_238' title='bbox 791 2284 1095 2355; x_wconf 71' lang='grc' dir='ltr'>στρατηγὸς</span> <span class='ocrx_word' id='word_1_239' title='bbox 1123 2285 1181 2337; x_wconf 84' lang='grc' dir='ltr'>ὲν</span> <span class='ocrx_word' id='word_1_240' title='bbox 1203 2283 1428 2356; x_wconf 83' lang='grc' dir='ltr'>πολέμῳ</span> <span class='ocrx_word' id='word_1_241' title='bbox 1451 2285 1664 2339; x_wconf 85' lang='grc' dir='ltr'>σκύλων</span> <span class='ocrx_word' id='word_1_242' title='bbox 1688 2269 1997 2358; x_wconf 84' lang='grc' dir='ltr'>διαμαρτά-</span> 
     </span>
    </p>
   </div>
   <div class='ocr_carea' id='block_1_38' title="bbox 405 2375 1992 2449">
    <p class='ocr_par' dir='ltr' id='par_1_38' title="bbox 405 2375 1992 2449">
     <span class='ocr_line' id='line_1_39' title="bbox 405 2375 1992 2449; baseline 0.003 -23"><span class='ocrx_word' id='word_1_243' title='bbox 405 2391 533 2437; x_wconf 89' lang='grc' dir='ltr'>νων,</span> <span class='ocrx_word' id='word_1_244' title='bbox 568 2377 625 2428; x_wconf 82' lang='grc' dir='ltr'><strong>έν</strong></span> <span class='ocrx_word' id='word_1_245' title='bbox 655 2375 864 2447; x_wconf 82' lang='grc' dir='ltr'>ἀθυμίᾳ</span> <span class='ocrx_word' id='word_1_246' title='bbox 899 2376 1224 2433; x_wconf 76' lang='grc' dir='ltr'>καθίσταται</span> <span class='ocrx_word' id='word_1_247' title='bbox 1250 2393 1264 2407; x_wconf 89' lang='grc'>·</span> <span class='ocrx_word' id='word_1_248' title='bbox 1289 2381 1383 2432; x_wconf 79' lang='grc' dir='ltr'>καὶ</span> <span class='ocrx_word' id='word_1_249' title='bbox 1421 2379 1728 2449; x_wconf 87' lang='grc' dir='ltr'>πρακτικὸς</span> <span class='ocrx_word' id='word_1_250' title='bbox 1759 2380 1816 2431; x_wconf 78' lang='grc' dir='ltr'><strong>έν</strong></span> <span class='ocrx_word' id='word_1_251' title='bbox 1836 2378 1992 2448; x_wconf 77' lang='grc' dir='ltr'>εὐχῇ,</span> 
     </span>
    </p>
   </div>
   <div class='ocr_carea' id='block_1_39' title="bbox 404 2464 1076 2540">
    <p class='ocr_par' dir='ltr' id='par_1_39' title="bbox 404 2464 1076 2540">
     <span class='ocr_line' id='line_1_40' title="bbox 404 2464 1076 2540; baseline 0.007 -22"><span class='ocrx_word' id='word_1_252' title='bbox 404 2464 642 2538; x_wconf 80' lang='grc' dir='ltr'>Θεωρίας</span> <span class='ocrx_word' id='word_1_253' title='bbox 678 2469 1076 2540; x_wconf 79' lang='grc' dir='ltr'>πνευματικῆς.</span> 
     </span>
    </p>
   </div>
   <div class='ocr_carea' id='block_1_40' title="bbox 477 2561 2072 2641">
    <p class='ocr_par' dir='ltr' id='par_1_40' title="bbox 477 2561 2072 2641">
     <span class='ocr_line' id='line_1_41' title="bbox 477 2561 2072 2641; baseline 0.003 -27"><span class='ocrx_word' id='word_1_254' title='bbox 477 2565 639 2632; x_wconf 63' lang='grc' dir='ltr'><strong>ρειγν.</strong></span> <span class='ocrx_word' id='word_1_255' title='bbox 674 2561 916 2632; x_wconf 80' lang='grc' dir='ltr'>Ἔλαφος</span> <span class='ocrx_word' id='word_1_256' title='bbox 952 2563 1050 2633; x_wconf 84' lang='grc' dir='ltr'><strong>μὲν</strong></span> <span class='ocrx_word' id='word_1_257' title='bbox 1072 2565 1166 2616; x_wconf 76' lang='grc' dir='ltr'><strong>ἐπὶ</strong></span> <span class='ocrx_word' id='word_1_258' title='bbox 1205 2566 1534 2635; x_wconf 85' lang='grc' dir='ltr'>σωματικῶν</span> <span class='ocrx_word' id='word_1_259' title='bbox 1568 2565 1778 2620; x_wconf 81' lang='grc' dir='ltr'>ὑδάτων</span> <span class='ocrx_word' id='word_1_260' title='bbox 1809 2565 1994 2636; x_wconf 82' lang='grc' dir='ltr'>τρέχει</span> <span class='ocrx_word' id='word_1_261' title='bbox 2057 2621 2072 2641; x_wconf 34' lang='grc' dir='ltr'><strong>τ</strong></span> 
     </span>
    </p>
   </div>
   <div class='ocr_carea' id='block_1_41' title="bbox 407 2657 1994 2732">
    <p class='ocr_par' dir='ltr' id='par_1_41' title="bbox 407 2657 1994 2732">
     <span class='ocr_line' id='line_1_42' title="bbox 407 2657 1994 2732; baseline 0.001 -21"><span class='ocrx_word' id='word_1_262' title='bbox 407 2658 613 2729; x_wconf 81' lang='grc' dir='ltr'>πηγὰς,</span> <span class='ocrx_word' id='word_1_263' title='bbox 656 2657 762 2711; x_wconf 81' lang='grc' dir='ltr'><strong>ὑπὸ</strong></span> <span class='ocrx_word' id='word_1_264' title='bbox 799 2657 1021 2731; x_wconf 76' lang='grc' dir='ltr'>[ὄφεως]</span> <span class='ocrx_word' id='word_1_265' title='bbox 1061 2658 1225 2730; x_wconf 71' lang='grc' dir='ltr'>θηρὸς</span> <span class='ocrx_word' id='word_1_266' title='bbox 1258 2658 1333 2722; x_wconf 82' lang='grc' dir='ltr'>ὡς</span> <span class='ocrx_word' id='word_1_267' title='bbox 1389 2662 1417 2712; x_wconf 88' lang='lat'><strong>6</strong></span> <span class='ocrx_word' id='word_1_268' title='bbox 1466 2659 1686 2732; x_wconf 82' lang='grc' dir='ltr'>δηχθείς</span> <span class='ocrx_word' id='word_1_269' title='bbox 1727 2662 1814 2731; x_wconf 67' lang='grc' dir='ltr'><strong>(θ’</strong></span> <span class='ocrx_word' id='word_1_270' title='bbox 1845 2659 1994 2730; x_wconf 74' lang='grc' dir='ltr'>ψυχὴ</span> 
     </span>
    </p>
   </div>
   <div class='ocr_carea' id='block_1_42' title="bbox 403 2748 1989 2823">
    <p class='ocr_par' dir='ltr' id='par_1_42' title="bbox 403 2748 1989 2823">
     <span class='ocr_line' id='line_1_43' title="bbox 403 2748 1989 2823; baseline 0.002 -21"><span class='ocrx_word' id='word_1_271' title='bbox 403 2750 485 2815; x_wconf 85' lang='grc' dir='ltr'>δὲ,</span> <span class='ocrx_word' id='word_1_272' title='bbox 527 2751 560 2820; x_wconf 85' lang='grc' dir='ltr'><strong>ὴ</strong></span> <span class='ocrx_word' id='word_1_273' title='bbox 589 2748 667 2819; x_wconf 83' lang='grc' dir='ltr'>τῷ</span> <span class='ocrx_word' id='word_1_274' title='bbox 697 2749 1024 2822; x_wconf 70' lang='grc' dir='ltr'>γλυκυτάτω</span> <span class='ocrx_word' id='word_1_275' title='bbox 1056 2750 1202 2822; x_wconf 81' lang='grc' dir='ltr'>βέλει</span> <span class='ocrx_word' id='word_1_276' title='bbox 1233 2750 1512 2823; x_wconf 87' lang='grc' dir='ltr'>τρωθεῖσα</span> <span class='ocrx_word' id='word_1_277' title='bbox 1537 2751 1614 2823; x_wconf 85' lang='grc' dir='ltr'>τῷ</span> <span class='ocrx_word' id='word_1_278' title='bbox 1657 2755 1756 2823; x_wconf 79' lang='grc' dir='ltr'>τῆς</span> <span class='ocrx_word' id='word_1_279' title='bbox 1800 2751 1989 2823; x_wconf 79' lang='grc' dir='ltr'>εὐχῆς,</span> 
     </span>
    </p>
   </div>
   <div class='ocr_carea' id='block_1_43' title="bbox 405 2842 1062 2914">
    <p class='ocr_par' dir='ltr' id='par_1_43' title="bbox 405 2842 1062 2914">
     <span class='ocr_line' id='line_1_44' title="bbox 405 2842 1062 2914; baseline 0 -18"><span class='ocrx_word' id='word_1_280' title='bbox 405 2845 499 2896; x_wconf 68' lang='grc' dir='ltr'>ἐπὶ</span> <span class='ocrx_word' id='word_1_281' title='bbox 522 2842 830 2914; x_wconf 84' lang='grc' dir='ltr'>ἀσωμάτων</span> <span class='ocrx_word' id='word_1_282' title='bbox 867 2843 1062 2912; x_wconf 79' lang='grc' dir='ltr'>αὐγάς.</span> 
     </span>
    </p>
   </div>
   <div class='ocr_carea' id='block_1_44' title="bbox 477 2933 1992 3007">
    <p class='ocr_par' dir='ltr' id='par_1_44' title="bbox 477 2933 1992 3007">
     <span class='ocr_line' id='line_1_45' title="bbox 477 2933 1992 3007; baseline 0.001 -21"><span class='ocrx_word' id='word_1_283' title='bbox 477 2934 616 3007; x_wconf 57' lang='grc' dir='ltr'>ριιδν.</span> <span class='ocrx_word' id='word_1_284' title='bbox 650 2933 789 2987; x_wconf 73' lang='grc' dir='ltr'>Οὔτε</span> <span class='ocrx_word' id='word_1_285' title='bbox 837 2934 1154 3006; x_wconf 84' lang='grc' dir='ltr'>σωματικὺς</span> <span class='ocrx_word' id='word_1_286' title='bbox 1195 2934 1474 3006; x_wconf 77' lang='grc' dir='ltr'>ὀφθαλμὸς</span> <span class='ocrx_word' id='word_1_287' title='bbox 1520 2935 1614 2989; x_wconf 81' lang='grc' dir='ltr'><strong>τὸν</strong></span> <span class='ocrx_word' id='word_1_288' title='bbox 1646 2936 1847 2989; x_wconf 88' lang='grc' dir='ltr'>κόκκον</span> <span class='ocrx_word' id='word_1_289' title='bbox 1896 2935 1992 2990; x_wconf 90' lang='grc' dir='ltr'><strong>τοῦ</strong></span> 
     </span>
    </p>
   </div>
   <div class='ocr_carea' id='block_1_45' title="bbox 405 3026 1996 3099">
    <p class='ocr_par' dir='ltr' id='par_1_45' title="bbox 405 3026 1996 3099">
     <span class='ocr_line' id='line_1_46' title="bbox 405 3026 1996 3099; baseline 0.001 -17"><span class='ocrx_word' id='word_1_290' title='bbox 405 3027 558 3082; x_wconf 88' lang='grc' dir='ltr'>σίτου</span> <span class='ocrx_word' id='word_1_291' title='bbox 589 3027 719 3080; x_wconf 85' lang='grc' dir='ltr'>ἰδεῖν</span> <span class='ocrx_word' id='word_1_292' title='bbox 757 3026 1000 3092; x_wconf 84' lang='grc' dir='ltr'>δύναται,</span> <span class='ocrx_word' id='word_1_293' title='bbox 1041 3026 1167 3080; x_wconf 76' lang='grc' dir='ltr'>οὔτε</span> <span class='ocrx_word' id='word_1_294' title='bbox 1198 3027 1326 3091; x_wconf 86' lang='grc' dir='ltr'>νοῦς</span> <span class='ocrx_word' id='word_1_295' title='bbox 1354 3029 1658 3098; x_wconf 79' lang='grc' dir='ltr'>πρακτικὸς</span> <span class='ocrx_word' id='word_1_296' title='bbox 1695 3030 1797 3099; x_wconf 80' lang='grc' dir='ltr'>τὴν</span> <span class='ocrx_word' id='word_1_297' title='bbox 1831 3027 1996 3098; x_wconf 84' lang='grc' dir='ltr'>φύσιν</span> 
     </span>
    </p>
   </div>
   <div class='ocr_carea' id='block_1_46' title="bbox 2102 1833 3687 1906">
    <p class='ocr_par' dir='ltr' id='par_1_46' title="bbox 2102 1833 3687 1906">
     <span class='ocr_line' id='line_1_47' title="bbox 2102 1833 3687 1906; baseline 0.003 -22"><span class='ocrx_word' id='word_1_298' title='bbox 2102 1833 2192 1896; x_wconf 90' lang='lat' dir='ltr'><strong>rit,</strong></span> <span class='ocrx_word' id='word_1_299' title='bbox 2220 1833 2355 1901; x_wconf 88' lang='lat' dir='ltr'><strong>quin</strong></span> <span class='ocrx_word' id='word_1_300' title='bbox 2384 1848 2415 1887; x_wconf 88' lang='lat' dir='ltr'><strong>a</strong></span> <span class='ocrx_word' id='word_1_301' title='bbox 2445 1849 2628 1888; x_wconf 89' lang='lat' dir='ltr'><strong>rerum</strong></span> <span class='ocrx_word' id='word_1_302' title='bbox 2661 1834 2937 1904; x_wconf 86' lang='lat' dir='ltr'><strong>ejusmodi</strong></span> <span class='ocrx_word' id='word_1_303' title='bbox 2967 1834 3200 1890; x_wconf 88' lang='lat' dir='ltr'><strong>libidine</strong></span> <span class='ocrx_word' id='word_1_304' title='bbox 3233 1835 3553 1906; x_wconf 85' lang='lat' dir='ltr'><strong>afl&#39;cctuquc</strong></span> <span class='ocrx_word' id='word_1_305' title='bbox 3584 1852 3687 1891; x_wconf 82' lang='lat' dir='ltr'><strong>cx-</strong></span> 
     </span>
    </p>
   </div>
   <div class='ocr_carea' id='block_1_47' title="bbox 2100 1924 2355 1979">
    <p class='ocr_par' dir='ltr' id='par_1_47' title="bbox 2100 1924 2355 1979">
     <span class='ocr_line' id='line_1_48' title="bbox 2100 1924 2355 1979; baseline -0.004 0"><span class='ocrx_word' id='word_1_306' title='bbox 2100 1924 2355 1979; x_wconf 89' lang='lat' dir='ltr'><strong>cesserit.</strong></span> 
     </span>
    </p>
   </div>
   <div class='ocr_carea' id='block_1_48' title="bbox 2171 2002 3688 2087">
    <p class='ocr_par' dir='ltr' id='par_1_48' title="bbox 2171 2002 3688 2087">
     <span class='ocr_line' id='line_1_49' title="bbox 2171 2002 3688 2087; baseline -0.001 -15"><span class='ocrx_word' id='word_1_307' title='bbox 2171 2015 2294 2072; x_wconf 88' lang='grc'><strong>191.</strong></span> <span class='ocrx_word' id='word_1_308' title='bbox 2329 2015 2467 2070; x_wconf 89' lang='lat' dir='ltr'><strong>Tum</strong></span> <span class='ocrx_word' id='word_1_309' title='bbox 2514 2017 2675 2072; x_wconf 90' lang='lat' dir='ltr'><strong>miles</strong></span> <span class='ocrx_word' id='word_1_310' title='bbox 2721 2018 2918 2073; x_wconf 89' lang='lat' dir='ltr'><strong>relicta</strong></span> <span class='ocrx_word' id='word_1_311' title='bbox 2957 2017 3155 2072; x_wconf 91' lang='lat' dir='ltr'><strong>militia</strong></span> <span class='ocrx_word' id='word_1_312' title='bbox 3179 2033 3332 2072; x_wconf 90' lang='lat' dir='ltr'><strong>arma</strong></span> <span class='ocrx_word' id='word_1_313' title='bbox 3363 2002 3546 2087; x_wconf 83' lang='lat' dir='ltr'><strong>ponit,</strong></span> <span class='ocrx_word' id='word_1_314' title='bbox 3571 2024 3688 2071; x_wconf 89' lang='lat' dir='ltr'><strong>tum</strong></span> 
     </span>
    </p>
   </div>
   <div class='ocr_carea' id='block_1_49' title="bbox 2099 2108 3688 2180">
    <p class='ocr_par' dir='ltr' id='par_1_49' title="bbox 2099 2108 3688 2180">
     <span class='ocr_line' id='line_1_50' title="bbox 2099 2108 3688 2180; baseline 0.001 -20"><span class='ocrx_word' id='word_1_315' title='bbox 2099 2108 2564 2177; x_wconf 89' lang='lat' dir='ltr'><strong>contemplativus</strong></span> <span class='ocrx_word' id='word_1_316' title='bbox 2593 2109 2839 2165; x_wconf 89' lang='lat' dir='ltr'><strong>rationes</strong></span> <span class='ocrx_word' id='word_1_317' title='bbox 2881 2124 2946 2164; x_wconf 88' lang='lat' dir='ltr'><strong>ac</strong></span> <span class='ocrx_word' id='word_1_318' title='bbox 3000 2109 3386 2180; x_wconf 88' lang='lat' dir='ltr'><strong>cogitationes,</strong></span> <span class='ocrx_word' id='word_1_319' title='bbox 3440 2109 3572 2163; x_wconf 89' lang='lat' dir='ltr'><strong>dum</strong></span> <span class='ocrx_word' id='word_1_320' title='bbox 3616 2108 3688 2163; x_wconf 91' lang='lat' dir='ltr'><strong>ad</strong></span> 
     </span>
    </p>
   </div>
   <div class='ocr_carea' id='block_1_50' title="bbox 2099 2199 2617 2256">
    <p class='ocr_par' dir='ltr' id='par_1_50' title="bbox 2099 2199 2617 2256">
     <span class='ocr_line' id='line_1_51' title="bbox 2099 2199 2617 2256; baseline 0.004 -2"><span class='ocrx_word' id='word_1_321' title='bbox 2099 2199 2397 2254; x_wconf 87' lang='lat' dir='ltr'><strong>Dominum</strong></span> <span class='ocrx_word' id='word_1_322' title='bbox 2429 2200 2617 2256; x_wconf 82' lang='lat' dir='ltr'><strong>solvit.</strong></span> 
     </span>
    </p>
   </div>
   <div class='ocr_carea' id='block_1_51' title="bbox 2172 2291 3684 2362">
    <p class='ocr_par' dir='ltr' id='par_1_51' title="bbox 2172 2291 3684 2362">
     <span class='ocr_line' id='line_1_52' title="bbox 2172 2291 3684 2362; baseline 0.001 -17"><span class='ocrx_word' id='word_1_323' title='bbox 2172 2291 2293 2346; x_wconf 69' lang='lat'><strong>192.</strong></span> <span class='ocrx_word' id='word_1_324' title='bbox 2326 2291 2466 2346; x_wconf 91' lang='lat' dir='ltr'><strong>Tum</strong></span> <span class='ocrx_word' id='word_1_325' title='bbox 2497 2292 2802 2362; x_wconf 91' lang='lat' dir='ltr'><strong>imperator</strong></span> <span class='ocrx_word' id='word_1_326' title='bbox 2848 2292 2905 2346; x_wconf 89' lang='lat' dir='ltr'><strong>in</strong></span> <span class='ocrx_word' id='word_1_327' title='bbox 2931 2292 3078 2348; x_wconf 89' lang='lat' dir='ltr'><strong>bello</strong></span> <span class='ocrx_word' id='word_1_328' title='bbox 3113 2292 3413 2348; x_wconf 83' lang='lat' dir='ltr'><strong>frustratus</strong></span> <span class='ocrx_word' id='word_1_329' title='bbox 3446 2292 3638 2362; x_wconf 91' lang='lat' dir='ltr'><strong>spoliis</strong></span> <span class='ocrx_word' id='word_1_330' title='bbox 3668 2332 3684 2356; x_wconf 88' lang='lat'><strong>,</strong></span> 
     </span>
    </p>
   </div>
   <div class='ocr_carea' id='block_1_52' title="bbox 2098 2383 3688 2456">
    <p class='ocr_par' dir='ltr' id='par_1_52' title="bbox 2098 2383 3688 2456">
     <span class='ocr_line' id='line_1_53' title="bbox 2098 2383 3688 2456; baseline 0.001 -19"><span class='ocrx_word' id='word_1_331' title='bbox 2098 2394 2330 2449; x_wconf 61' lang='lat' dir='ltr'><strong>mearet;</strong></span> <span class='ocrx_word' id='word_1_332' title='bbox 2365 2393 2481 2438; x_wconf 88' lang='lat' dir='ltr'><strong>tum</strong></span> <span class='ocrx_word' id='word_1_333' title='bbox 2507 2385 2724 2440; x_wconf 87' lang='lat' dir='ltr'><strong>activus</strong></span> <span class='ocrx_word' id='word_1_334' title='bbox 2760 2385 2816 2440; x_wconf 87' lang='lat' dir='ltr'><strong>in</strong></span> <span class='ocrx_word' id='word_1_335' title='bbox 2858 2385 3110 2440; x_wconf 88' lang='lat' dir='ltr'><strong>oratione</strong></span> <span class='ocrx_word' id='word_1_336' title='bbox 3149 2385 3301 2440; x_wconf 87' lang='lat' dir='ltr'><strong>haud</strong></span> <span class='ocrx_word' id='word_1_337' title='bbox 3353 2386 3472 2455; x_wconf 90' lang='lat' dir='ltr'><strong>ipse</strong></span> <span class='ocrx_word' id='word_1_338' title='bbox 3519 2383 3688 2456; x_wconf 87' lang='lat' dir='ltr'><strong>spiri-</strong></span> 
     </span>
    </p>
   </div>
   <div class='ocr_carea' id='block_1_53' title="bbox 2100 2475 3019 2546">
    <p class='ocr_par' dir='ltr' id='par_1_53' title="bbox 2100 2475 3019 2546">
     <span class='ocr_line' id='line_1_54' title="bbox 2100 2475 3019 2546; baseline 0.001 -17"><span class='ocrx_word' id='word_1_339' title='bbox 2100 2476 2224 2530; x_wconf 84' lang='lat' dir='ltr'><strong>talis</strong></span> <span class='ocrx_word' id='word_1_340' title='bbox 2258 2491 2486 2546; x_wconf 91' lang='lat' dir='ltr'><strong>compos</strong></span> <span class='ocrx_word' id='word_1_341' title='bbox 2508 2475 3019 2546; x_wconf 86' lang='lat' dir='ltr'><strong>contemplationis.</strong></span> 
     </span>
    </p>
   </div>
   <div class='ocr_carea' id='block_1_54' title="bbox 2171 2566 3691 2638">
    <p class='ocr_par' dir='ltr' id='par_1_54' title="bbox 2171 2566 3691 2638">
     <span class='ocr_line' id='line_1_55' title="bbox 2171 2566 3691 2638; baseline 0.001 -17"><span class='ocrx_word' id='word_1_342' title='bbox 2171 2568 2292 2623; x_wconf 84' lang='grc'><strong>195.</strong></span> <span class='ocrx_word' id='word_1_343' title='bbox 2316 2567 2532 2623; x_wconf 87' lang='lat' dir='ltr'><strong>Cervus</strong></span> <span class='ocrx_word' id='word_1_344' title='bbox 2555 2569 2783 2638; x_wconf 90' lang='lat' dir='ltr'><strong>quidem</strong></span> <span class='ocrx_word' id='word_1_345' title='bbox 2814 2568 2882 2622; x_wconf 89' lang='lat' dir='ltr'><strong>ad</strong></span> <span class='ocrx_word' id='word_1_346' title='bbox 2907 2567 3280 2638; x_wconf 89' lang='lat' dir='ltr'><strong>corporalium</strong></span> <span class='ocrx_word' id='word_1_347' title='bbox 3307 2566 3491 2622; x_wconf 86' lang='lat' dir='ltr'><strong>fontes</strong></span> <span class='ocrx_word' id='word_1_348' title='bbox 3521 2583 3691 2637; x_wconf 87' lang='lat' dir='ltr'><strong>aqua-</strong></span> 
     </span>
    </p>
   </div>
   <div class='ocr_carea' id='block_1_55' title="bbox 2098 2659 3690 2730">
    <p class='ocr_par' dir='ltr' id='par_1_55' title="bbox 2098 2659 3690 2730">
     <span class='ocr_line' id='line_1_56' title="bbox 2098 2659 3690 2730; baseline 0.001 -16"><span class='ocrx_word' id='word_1_349' title='bbox 2098 2677 2220 2715; x_wconf 90' lang='lat' dir='ltr'><strong>rum</strong></span> <span class='ocrx_word' id='word_1_350' title='bbox 2251 2661 2429 2715; x_wconf 85' lang='lat' dir='ltr'><strong>currit</strong></span> <span class='ocrx_word' id='word_1_351' title='bbox 2461 2661 2528 2726; x_wconf 78' lang='lat'><strong>°&quot;,</strong></span> <span class='ocrx_word' id='word_1_352' title='bbox 2576 2677 2606 2715; x_wconf 89' lang='lat' dir='ltr'><strong>a</strong></span> <span class='ocrx_word' id='word_1_353' title='bbox 2637 2668 2895 2730; x_wconf 88' lang='lat' dir='ltr'><strong>serpente</strong></span> <span class='ocrx_word' id='word_1_354' title='bbox 2937 2660 3116 2715; x_wconf 82' lang='lat' dir='ltr'><strong>bestia</strong></span> <span class='ocrx_word' id='word_1_355' title='bbox 3148 2675 3368 2714; x_wconf 93' lang='lat' dir='ltr'><strong>morsus</strong></span> <span class='ocrx_word' id='word_1_356' title='bbox 3401 2676 3413 2711; x_wconf 90' lang='lat'><strong>:</strong></span> <span class='ocrx_word' id='word_1_357' title='bbox 3468 2659 3690 2715; x_wconf 91' lang='lat' dir='ltr'><strong>animus</strong></span> 
     </span>
    </p>
   </div>
   <div class='ocr_carea' id='block_1_56' title="bbox 2095 2751 3684 2823">
    <p class='ocr_par' dir='ltr' id='par_1_56' title="bbox 2095 2751 3684 2823">
     <span class='ocr_line' id='line_1_57' title="bbox 2095 2751 3684 2823; baseline -0.001 -17"><span class='ocrx_word' id='word_1_358' title='bbox 2095 2768 2231 2806; x_wconf 87' lang='lat' dir='ltr'><strong>vero</strong></span> <span class='ocrx_word' id='word_1_359' title='bbox 2268 2752 2591 2807; x_wconf 91' lang='lat' dir='ltr'><strong>dulcissimo</strong></span> <span class='ocrx_word' id='word_1_360' title='bbox 2622 2753 2845 2807; x_wconf 90' lang='lat' dir='ltr'><strong>sancius</strong></span> <span class='ocrx_word' id='word_1_361' title='bbox 2874 2751 3372 2823; x_wconf 85' lang='lat' dir='ltr'><strong>orationisjaculo,</strong></span> <span class='ocrx_word' id='word_1_362' title='bbox 3408 2751 3475 2806; x_wconf 90' lang='lat' dir='ltr'><strong>ad</strong></span> <span class='ocrx_word' id='word_1_363' title='bbox 3514 2751 3684 2822; x_wconf 84' lang='lat' dir='ltr'><strong>spiri-</strong></span> 
     </span>
    </p>
   </div>
   <div class='ocr_carea' id='block_1_57' title="bbox 2101 2845 2955 2915">
    <p class='ocr_par' dir='ltr' id='par_1_57' title="bbox 2101 2845 2955 2915">
     <span class='ocr_line' id='line_1_58' title="bbox 2101 2845 2955 2915; baseline 0.001 -18"><span class='ocrx_word' id='word_1_364' title='bbox 2101 2853 2256 2898; x_wconf 90' lang='lat' dir='ltr'><strong>tuum</strong></span> <span class='ocrx_word' id='word_1_365' title='bbox 2289 2845 2616 2915; x_wconf 88' lang='lat' dir='ltr'><strong>splendores</strong></span> <span class='ocrx_word' id='word_1_366' title='bbox 2646 2845 2955 2899; x_wconf 89' lang='lat' dir='ltr'><strong>contendit.</strong></span> 
     </span>
    </p>
   </div>
   <div class='ocr_carea' id='block_1_58' title="bbox 2169 2935 3691 3006">
    <p class='ocr_par' dir='ltr' id='par_1_58' title="bbox 2169 2935 3691 3006">
     <span class='ocr_line' id='line_1_59' title="bbox 2169 2935 3691 3006; baseline 0.002 -19"><span class='ocrx_word' id='word_1_367' title='bbox 2169 2935 2292 2988; x_wconf 68' lang='grc'><strong>194.</strong></span> <span class='ocrx_word' id='word_1_368' title='bbox 2321 2936 2436 2990; x_wconf 91' lang='lat' dir='ltr'><strong>Nec</strong></span> <span class='ocrx_word' id='word_1_369' title='bbox 2473 2936 2784 3006; x_wconf 88' lang='lat' dir='ltr'><strong>corporalis</strong></span> <span class='ocrx_word' id='word_1_370' title='bbox 2830 2936 3027 2991; x_wconf 89' lang='lat' dir='ltr'><strong>oculus</strong></span> <span class='ocrx_word' id='word_1_371' title='bbox 3057 2951 3288 3006; x_wconf 81' lang='lat' dir='ltr'><strong>granum</strong></span> <span class='ocrx_word' id='word_1_372' title='bbox 3324 2935 3497 2990; x_wconf 88' lang='lat' dir='ltr'><strong>tritici</strong></span> <span class='ocrx_word' id='word_1_373' title='bbox 3525 2953 3545 2996; x_wconf 78' lang='lat'><strong>°,-</strong></span> <span class='ocrx_word' id='word_1_374' title='bbox 3587 2951 3691 2990; x_wconf 87' lang='lat' dir='ltr'><strong>nec</strong></span> 
     </span>
    </p>
   </div>
   <div class='ocr_carea' id='block_1_59' title="bbox 2099 3025 3690 3096">
    <p class='ocr_par' dir='ltr' id='par_1_59' title="bbox 2099 3025 3690 3096">
     <span class='ocr_line' id='line_1_60' title="bbox 2099 3025 3690 3096; baseline 0.001 -17"><span class='ocrx_word' id='word_1_375' title='bbox 2099 3025 2264 3080; x_wconf 88' lang='lat' dir='ltr'><strong>activi</strong></span> <span class='ocrx_word' id='word_1_376' title='bbox 2296 3042 2454 3080; x_wconf 89' lang='lat' dir='ltr'><strong>mens</strong></span> <span class='ocrx_word' id='word_1_377' title='bbox 2484 3043 2640 3081; x_wconf 88' lang='lat' dir='ltr'><strong>suam</strong></span> <span class='ocrx_word' id='word_1_378' title='bbox 2673 3027 2790 3096; x_wconf 90' lang='lat' dir='ltr'><strong>ipsa</strong></span> <span class='ocrx_word' id='word_1_379' title='bbox 2828 3027 3070 3081; x_wconf 88' lang='lat' dir='ltr'><strong>indolem</strong></span> <span class='ocrx_word' id='word_1_380' title='bbox 3104 3027 3293 3081; x_wconf 83' lang='lat' dir='ltr'><strong>videre</strong></span> <span class='ocrx_word' id='word_1_381' title='bbox 3340 3035 3546 3096; x_wconf 88' lang='lat' dir='ltr'><strong>potest,</strong></span> <span class='ocrx_word' id='word_1_382' title='bbox 3574 3027 3690 3081; x_wconf 91' lang='lat' dir='ltr'><strong>nisi</strong></span> 
     </span>
    </p>
   </div>
   <div class='ocr_carea' id='block_1_60' title="bbox 401 3118 1994 3208">
    <p class='ocr_par' dir='ltr' id='par_1_60' title="bbox 401 3118 1988 3208">
     <span class='ocr_line' id='line_1_61' title="bbox 401 3118 1988 3208; baseline 0.004 -38"><span class='ocrx_word' id='word_1_383' title='bbox 401 3120 504 3208; x_wconf 63' lang='grc' dir='ltr'><strong>την</strong></span> <span class='ocrx_word' id='word_1_384' title='bbox 534 3118 756 3187; x_wconf 79' lang='grc' dir='ltr'>ἑαυτοῦ,</span> <span class='ocrx_word' id='word_1_385' title='bbox 787 3122 836 3173; x_wconf 83' lang='grc' dir='ltr'><strong>εί</strong></span> <span class='ocrx_word' id='word_1_386' title='bbox 893 3121 967 3192; x_wconf 81' lang='grc' dir='ltr'>μὴ</span> <span class='ocrx_word' id='word_1_387' title='bbox 1020 3120 1307 3192; x_wconf 81' lang='grc' dir='ltr'>γυμνωθῇ,</span> <span class='ocrx_word' id='word_1_388' title='bbox 1340 3123 1550 3185; x_wconf 77' lang='grc' dir='ltr'>ἐκεῖνος</span> <span class='ocrx_word' id='word_1_389' title='bbox 1583 3122 1706 3193; x_wconf 85' lang='grc' dir='ltr'>μὲν,</span> <span class='ocrx_word' id='word_1_390' title='bbox 1738 3121 1988 3194; x_wconf 83' lang='grc' dir='ltr'>ὲλύτρου,</span> 
     </span>
    </p>
   </div>
   <div class='ocr_carea' id='block_1_61' title="bbox 2102 3118 3688 3208">
    <p class='ocr_par' dir='ltr' id='par_1_61' title="bbox 2102 3120 3688 3191">
     <span class='ocr_line' id='line_1_62' title="bbox 2102 3120 3688 3191; baseline 0.001 -17"><span class='ocrx_word' id='word_1_391' title='bbox 2102 3120 2194 3175; x_wconf 89' lang='lat' dir='ltr'><strong>ille</strong></span> <span class='ocrx_word' id='word_1_392' title='bbox 2225 3120 2454 3191; x_wconf 89' lang='lat' dir='ltr'><strong>quidem</strong></span> <span class='ocrx_word' id='word_1_393' title='bbox 2512 3120 2836 3176; x_wconf 86' lang='lat' dir='ltr'><strong>membrana</strong></span> <span class='ocrx_word' id='word_1_394' title='bbox 2865 3137 2880 3186; x_wconf 87' lang='lat'><strong>;</strong></span> <span class='ocrx_word' id='word_1_395' title='bbox 2929 3121 3022 3175; x_wconf 88' lang='lat' dir='ltr'><strong>hic</strong></span> <span class='ocrx_word' id='word_1_396' title='bbox 3052 3135 3209 3187; x_wconf 87' lang='lat' dir='ltr'><strong>vero,</strong></span> <span class='ocrx_word' id='word_1_397' title='bbox 3261 3121 3493 3175; x_wconf 88' lang='lat' dir='ltr'><strong>libidine</strong></span> <span class='ocrx_word' id='word_1_398' title='bbox 3527 3121 3688 3176; x_wconf 82' lang='lat' dir='ltr'><strong>obte-</strong></span> 
     </span>
    </p>
   </div>
   <div class='ocr_carea' id='block_1_62' title="bbox 401 3203 1835 3285">
    <p class='ocr_par' dir='ltr' id='par_1_62' title="bbox 401 3203 1835 3285">
     <span class='ocr_line' id='line_1_63' title="bbox 401 3203 1835 3285; baseline 0.002 -19"><span class='ocrx_word' id='word_1_399' title='bbox 401 3203 559 3278; x_wconf 78' lang='grc' dir='ltr'>οῦτος</span> <span class='ocrx_word' id='word_1_400' title='bbox 589 3212 669 3279; x_wconf 84' lang='grc' dir='ltr'><strong>δὲ,</strong></span> <span class='ocrx_word' id='word_1_401' title='bbox 703 3213 943 3282; x_wconf 89' lang='grc' dir='ltr'>σχέσεως</span> <span class='ocrx_word' id='word_1_402' title='bbox 965 3212 1066 3284; x_wconf 83' lang='grc' dir='ltr'>τῆς</span> <span class='ocrx_word' id='word_1_403' title='bbox 1097 3211 1619 3285; x_wconf 88' lang='grc' dir='ltr'>περικαλυπτούσης</span> <span class='ocrx_word' id='word_1_404' title='bbox 1650 3214 1835 3270; x_wconf 74' lang='grc' dir='ltr'>αὐτόν.</span> 
     </span>
    </p>
   </div>
   <div class='ocr_carea' id='block_1_63' title="bbox 479 3323 1985 3398">
    <p class='ocr_par' dir='ltr' id='par_1_63' title="bbox 479 3323 1985 3398">
     <span class='ocr_line' id='line_1_64' title="bbox 479 3323 1985 3398; baseline 0.001 -22"><span class='ocrx_word' id='word_1_405' title='bbox 479 3327 616 3392; x_wconf 55' lang='grc' dir='ltr'>ριιεκ</span> <span class='ocrx_word' id='word_1_406' title='bbox 652 3323 1015 3395; x_wconf 85' lang='grc' dir='ltr'>Κρύπτονται</span> <span class='ocrx_word' id='word_1_407' title='bbox 1066 3324 1298 3398; x_wconf 81' lang='grc' dir='ltr'>ἀστέρες</span> <span class='ocrx_word' id='word_1_408' title='bbox 1348 3327 1471 3398; x_wconf 87' lang='grc' dir='ltr'>μὲν,</span> <span class='ocrx_word' id='word_1_409' title='bbox 1512 3325 1666 3398; x_wconf 80' lang='grc' dir='ltr'>ἡλίου</span> <span class='ocrx_word' id='word_1_410' title='bbox 1708 3325 1945 3398; x_wconf 83' lang='grc' dir='ltr'>ἀνατολῇ</span> <span class='ocrx_word' id='word_1_411' title='bbox 1971 3343 1985 3357; x_wconf 80' lang='grc' dir='ltr'><strong>ο</strong></span> 
     </span>
    </p>
   </div>
   <div class='ocr_carea' id='block_1_64' title="bbox 401 3413 1994 3488">
    <p class='ocr_par' dir='ltr' id='par_1_64' title="bbox 401 3413 1994 3488">
     <span class='ocr_line' id='line_1_65' title="bbox 401 3413 1994 3488; baseline 0.002 -22"><span class='ocrx_word' id='word_1_412' title='bbox 401 3415 656 3486; x_wconf 79' lang='grc' dir='ltr'>λογισμοὶ</span> <span class='ocrx_word' id='word_1_413' title='bbox 682 3413 739 3466; x_wconf 83' lang='grc' dir='ltr'><strong>δὲ</strong></span> <span class='ocrx_word' id='word_1_414' title='bbox 776 3414 1202 3484; x_wconf 79' lang='grc' dir='ltr'>έκλιμπάνουσι,</span> <span class='ocrx_word' id='word_1_415' title='bbox 1227 3415 1322 3469; x_wconf 90' lang='grc' dir='ltr'><strong>τοῦ</strong></span> <span class='ocrx_word' id='word_1_416' title='bbox 1355 3416 1448 3470; x_wconf 88' lang='grc' dir='ltr'><strong>νοῦ</strong></span> <span class='ocrx_word' id='word_1_417' title='bbox 1473 3415 1615 3488; x_wconf 86' lang='grc' dir='ltr'>πρὸς</span> <span class='ocrx_word' id='word_1_418' title='bbox 1649 3415 1750 3486; x_wconf 85' lang='grc' dir='ltr'>τὴν</span> <span class='ocrx_word' id='word_1_419' title='bbox 1781 3416 1994 3470; x_wconf 73' lang='grc' dir='ltr'>οἰκείαν</span> 
     </span>
    </p>
   </div>
   <div class='ocr_carea' id='block_1_65' title="bbox 403 3505 1244 3576">
    <p class='ocr_par' dir='ltr' id='par_1_65' title="bbox 403 3505 1244 3576">
     <span class='ocr_line' id='line_1_66' title="bbox 403 3505 1244 3576; baseline 0.002 -17"><span class='ocrx_word' id='word_1_420' title='bbox 403 3505 684 3576; x_wconf 86' lang='grc' dir='ltr'>βασιλείαν</span> <span class='ocrx_word' id='word_1_421' title='bbox 712 3505 1244 3576; x_wconf 83' lang='grc' dir='ltr'>ὲπαναστρέφοντος.</span> 
     </span>
    </p>
   </div>
   <div class='ocr_carea' id='block_1_66' title="bbox 474 3619 1994 3694">
    <p class='ocr_par' dir='ltr' id='par_1_66' title="bbox 474 3619 1994 3694">
     <span class='ocr_line' id='line_1_67' title="bbox 474 3619 1994 3694; baseline 0.001 -19"><span class='ocrx_word' id='word_1_422' title='bbox 474 3625 627 3694; x_wconf 68' lang='grc' dir='ltr'>ριιςν.</span> <span class='ocrx_word' id='word_1_423' title='bbox 657 3619 814 3675; x_wconf 89' lang='grc' dir='ltr'>Μετά</span> <span class='ocrx_word' id='word_1_424' title='bbox 869 3621 929 3674; x_wconf 84' lang='grc' dir='ltr'>τὸ</span> <span class='ocrx_word' id='word_1_425' title='bbox 961 3620 1116 3685; x_wconf 88' lang='grc' dir='ltr'>τέλος</span> <span class='ocrx_word' id='word_1_426' title='bbox 1145 3620 1250 3691; x_wconf 84' lang='grc' dir='ltr'>τῆς</span> <span class='ocrx_word' id='word_1_427' title='bbox 1281 3621 1617 3693; x_wconf 85' lang='grc' dir='ltr'>πρακτικῆς,</span> <span class='ocrx_word' id='word_1_428' title='bbox 1643 3622 1702 3675; x_wconf 90' lang='grc' dir='ltr'>αἱ</span> <span class='ocrx_word' id='word_1_429' title='bbox 1743 3639 1994 3693; x_wconf 90' lang='grc' dir='ltr'>πνευμα-</span> 
     </span>
    </p>
   </div>
   <div class='ocr_carea' id='block_1_67' title="bbox 401 3709 1988 3784">
    <p class='ocr_par' dir='ltr' id='par_1_67' title="bbox 401 3709 1988 3784">
     <span class='ocr_line' id='line_1_68' title="bbox 401 3709 1988 3784; baseline 0 -18"><span class='ocrx_word' id='word_1_430' title='bbox 401 3714 554 3767; x_wconf 72' lang='grc' dir='ltr'>τικαὶ</span> <span class='ocrx_word' id='word_1_431' title='bbox 592 3712 818 3783; x_wconf 86' lang='grc' dir='ltr'>θεωρίαι</span> <span class='ocrx_word' id='word_1_432' title='bbox 848 3711 1336 3784; x_wconf 85' lang='grc' dir='ltr'>περιχυθεῖσαιτῷ</span> <span class='ocrx_word' id='word_1_433' title='bbox 1365 3713 1464 3782; x_wconf 83' lang='grc' dir='ltr'>νῷ,</span> <span class='ocrx_word' id='word_1_434' title='bbox 1505 3709 1594 3767; x_wconf 75' lang='grc' dir='ltr'>οἷά</span> <span class='ocrx_word' id='word_1_435' title='bbox 1641 3731 1790 3777; x_wconf 88' lang='grc' dir='ltr'>τινες</span> <span class='ocrx_word' id='word_1_436' title='bbox 1831 3715 1988 3768; x_wconf 86' lang='grc' dir='ltr'>ἀκτῖ-</span> 
     </span>
    </p>
   </div>
   <div class='ocr_carea' id='block_1_68' title="bbox 401 3803 1992 3878">
    <p class='ocr_par' dir='ltr' id='par_1_68' title="bbox 401 3803 1992 3878">
     <span class='ocr_line' id='line_1_69' title="bbox 401 3803 1992 3878; baseline -0.001 -19"><span class='ocrx_word' id='word_1_437' title='bbox 401 3822 493 3869; x_wconf 86' lang='grc' dir='ltr'><strong>νες</strong></span> <span class='ocrx_word' id='word_1_438' title='bbox 521 3804 674 3878; x_wconf 81' lang='grc' dir='ltr'>ἡλίου</span> <span class='ocrx_word' id='word_1_439' title='bbox 711 3807 768 3860; x_wconf 89' lang='grc' dir='ltr'>αἱ</span> <span class='ocrx_word' id='word_1_440' title='bbox 808 3805 904 3858; x_wconf 86' lang='grc' dir='ltr'><strong>τοῦ</strong></span> <span class='ocrx_word' id='word_1_441' title='bbox 954 3803 1234 3876; x_wconf 77' lang='grc' dir='ltr'>ὁρίζοντος</span> <span class='ocrx_word' id='word_1_442' title='bbox 1284 3803 1696 3876; x_wconf 80' lang='grc' dir='ltr'>ὑπερκύψασαι,</span> <span class='ocrx_word' id='word_1_443' title='bbox 1744 3803 1992 3858; x_wconf 86' lang='grc' dir='ltr'>δοκοῦσιν</span> 
     </span>
    </p>
   </div>
   <div class='ocr_carea' id='block_1_69' title="bbox 401 3891 1993 3969">
    <p class='ocr_par' dir='ltr' id='par_1_69' title="bbox 401 3891 1993 3969">
     <span class='ocr_line' id='line_1_70' title="bbox 401 3891 1993 3969; baseline -0.002 -17"><span class='ocrx_word' id='word_1_444' title='bbox 401 3898 605 3964; x_wconf 76' lang='grc' dir='ltr'>ἔξωθεν</span> <span class='ocrx_word' id='word_1_445' title='bbox 629 3897 800 3952; x_wconf 85' lang='grc' dir='ltr'>αὐτοῦ</span> <span class='ocrx_word' id='word_1_446' title='bbox 832 3896 1217 3969; x_wconf 80' lang='grc' dir='ltr'>προσϐάλλειν,</span> <span class='ocrx_word' id='word_1_447' title='bbox 1252 3897 1453 3950; x_wconf 88' lang='grc' dir='ltr'>οίκεῖαι</span> <span class='ocrx_word' id='word_1_448' title='bbox 1515 3891 1698 3964; x_wconf 83' lang='grc' dir='ltr'>οὖσαι,</span> <span class='ocrx_word' id='word_1_449' title='bbox 1757 3897 1852 3951; x_wconf 82' lang='grc' dir='ltr'><strong>καὶ</strong></span> <span class='ocrx_word' id='word_1_450' title='bbox 1903 3895 1993 3950; x_wconf 84' lang='grc' dir='ltr'><strong>διὰ</strong></span> 
     </span>
    </p>
   </div>
   <div class='ocr_carea' id='block_1_70' title="bbox 406 3989 1536 4062">
    <p class='ocr_par' dir='ltr' id='par_1_70' title="bbox 406 3989 1536 4062">
     <span class='ocr_line' id='line_1_71' title="bbox 406 3989 1536 4062; baseline 0 -17"><span class='ocrx_word' id='word_1_451' title='bbox 406 3989 758 4062; x_wconf 84' lang='grc' dir='ltr'>καθαρότητα</span> <span class='ocrx_word' id='word_1_452' title='bbox 779 3991 986 4045; x_wconf 75' lang='grc' dir='ltr'>ἐκεῖνον</span> <span class='ocrx_word' id='word_1_453' title='bbox 1008 3990 1536 4062; x_wconf 82' lang='grc' dir='ltr'>περιπτυσσόμεναι.</span> 
     </span>
    </p>
   </div>
   <div class='ocr_carea' id='block_1_71' title="bbox 476 4186 1994 4262">
    <p class='ocr_par' dir='ltr' id='par_1_71' title="bbox 476 4186 1994 4262">
     <span class='ocr_line' id='line_1_72' title="bbox 476 4186 1994 4262; baseline 0 -19"><span class='ocrx_word' id='word_1_454' title='bbox 476 4189 616 4262; x_wconf 60' lang='grc' dir='ltr'><strong>ριιζν.</strong></span> <span class='ocrx_word' id='word_1_455' title='bbox 642 4189 881 4243; x_wconf 82' lang='grc' dir='ltr'>Τοιαῦτα</span> <span class='ocrx_word' id='word_1_456' title='bbox 929 4189 1024 4243; x_wconf 74' lang='grc' dir='ltr'><strong>καὶ</strong></span> <span class='ocrx_word' id='word_1_457' title='bbox 1085 4186 1210 4252; x_wconf 89' lang='grc' dir='ltr'>νοῦς</span> <span class='ocrx_word' id='word_1_458' title='bbox 1247 4187 1585 4260; x_wconf 83' lang='grc' dir='ltr'>θεωρητικὸς</span> <span class='ocrx_word' id='word_1_459' title='bbox 1628 4187 1879 4243; x_wconf 84' lang='grc' dir='ltr'>ὲκλαλεῖν</span> <span class='ocrx_word' id='word_1_460' title='bbox 1904 4187 1994 4243; x_wconf 88' lang='grc' dir='ltr'>δύ-</span> 
     </span>
    </p>
   </div>
   <div class='ocr_carea' id='block_1_72' title="bbox 399 4278 1992 4352">
    <p class='ocr_par' dir='ltr' id='par_1_72' title="bbox 399 4278 1992 4352">
     <span class='ocr_line' id='line_1_73' title="bbox 399 4278 1992 4352; baseline 0.001 -19"><span class='ocrx_word' id='word_1_461' title='bbox 399 4299 584 4346; x_wconf 88' lang='grc' dir='ltr'>ναται,</span> <span class='ocrx_word' id='word_1_462' title='bbox 616 4282 706 4335; x_wconf 86' lang='grc' dir='ltr'>ὅτε</span> <span class='ocrx_word' id='word_1_463' title='bbox 765 4281 978 4336; x_wconf 83' lang='grc' dir='ltr'>ἀνωθεν</span> <span class='ocrx_word' id='word_1_464' title='bbox 1029 4281 1126 4335; x_wconf 89' lang='grc' dir='ltr'>ἀπ’</span> <span class='ocrx_word' id='word_1_465' title='bbox 1182 4278 1418 4352; x_wconf 84' lang='grc' dir='ltr'>οὐρανοῦ</span> <span class='ocrx_word' id='word_1_466' title='bbox 1480 4280 1717 4352; x_wconf 76' lang='grc' dir='ltr'>καταϐῇ,</span> <span class='ocrx_word' id='word_1_467' title='bbox 1775 4281 1992 4350; x_wconf 88' lang='grc' dir='ltr'>φύσεως</span> 
     </span>
    </p>
   </div>
   <div class='ocr_carea' id='block_1_73' title="bbox 399 4367 1991 4444">
    <p class='ocr_par' dir='ltr' id='par_1_73' title="bbox 399 4367 1991 4444">
     <span class='ocr_line' id='line_1_74' title="bbox 399 4367 1991 4444; baseline -0.002 -17"><span class='ocrx_word' id='word_1_468' title='bbox 399 4373 676 4441; x_wconf 83' lang='grc' dir='ltr'>ἀνάγκαις</span> <span class='ocrx_word' id='word_1_469' title='bbox 706 4372 1011 4436; x_wconf 83' lang='grc' dir='ltr'>ὲπικλιθείς</span> <span class='ocrx_word' id='word_1_470' title='bbox 1041 4388 1054 4402; x_wconf 78' lang='grc' dir='ltr'><strong>ο</strong></span> <span class='ocrx_word' id='word_1_471' title='bbox 1091 4367 1182 4428; x_wconf 79' lang='grc' dir='ltr'>οἷα</span> <span class='ocrx_word' id='word_1_472' title='bbox 1207 4371 1304 4427; x_wconf 71' lang='grc' dir='ltr'><strong>καὶ</strong></span> <span class='ocrx_word' id='word_1_473' title='bbox 1334 4374 1362 4426; x_wconf 89' lang='lat'><strong>6</strong></span> <span class='ocrx_word' id='word_1_474' title='bbox 1398 4371 1776 4444; x_wconf 85' lang='grc' dir='ltr'>φθεγξάμενος</span> <span class='ocrx_word' id='word_1_475' title='bbox 1795 4390 1808 4402; x_wconf 87' lang='grc'>·</span> <span class='ocrx_word' id='word_1_476' title='bbox 1833 4373 1991 4427; x_wconf 87' lang='grc' dir='ltr'>Θείου</span> 
     </span>
    </p>
   </div>
   <div class='ocr_carea' id='block_1_74' title="bbox 399 4467 1992 4540">
    <p class='ocr_par' dir='ltr' id='par_1_74' title="bbox 399 4467 1992 4540">
     <span class='ocr_line' id='line_1_75' title="bbox 399 4467 1992 4540; baseline 0 -18"><span class='ocrx_word' id='word_1_477' title='bbox 399 4469 634 4532; x_wconf 82' lang='grc' dir='ltr'>κάλλους</span> <span class='ocrx_word' id='word_1_478' title='bbox 661 4469 714 4522; x_wconf 90' lang='grc' dir='ltr'><strong>τί</strong></span> <span class='ocrx_word' id='word_1_479' title='bbox 745 4469 983 4539; x_wconf 85' lang='grc' dir='ltr'>ὑπάρχει</span> <span class='ocrx_word' id='word_1_480' title='bbox 1013 4467 1468 4540; x_wconf 85' lang='grc' dir='ltr'>θαυμασιώτερον</span> <span class='ocrx_word' id='word_1_481' title='bbox 1495 4487 1510 4534; x_wconf 88' lang='lat'><strong>;</strong></span> <span class='ocrx_word' id='word_1_482' title='bbox 1543 4469 1640 4522; x_wconf 73' lang='grc' dir='ltr'><strong>καὶ</strong></span> <span class='ocrx_word' id='word_1_483' title='bbox 1682 4468 1768 4532; x_wconf 89' lang='grc' dir='ltr'><strong>τίς</strong></span> <span class='ocrx_word' id='word_1_484' title='bbox 1811 4467 1992 4522; x_wconf 77' lang='grc' dir='ltr'>ἔννοια</span> 
     </span>
    </p>
   </div>
   <div class='ocr_carea' id='block_1_75' title="bbox 397 4560 1991 4633">
    <p class='ocr_par' dir='ltr' id='par_1_75' title="bbox 397 4560 1991 4633">
     <span class='ocr_line' id='line_1_76' title="bbox 397 4560 1991 4633; baseline -0.002 -18"><span class='ocrx_word' id='word_1_485' title='bbox 397 4563 499 4633; x_wconf 87' lang='grc' dir='ltr'>τῆς</span> <span class='ocrx_word' id='word_1_486' title='bbox 519 4563 616 4616; x_wconf 88' lang='grc' dir='ltr'><strong>τοῦ</strong></span> <span class='ocrx_word' id='word_1_487' title='bbox 642 4561 778 4615; x_wconf 87' lang='grc' dir='ltr'>Θεοῦ</span> <span class='ocrx_word' id='word_1_488' title='bbox 806 4561 1298 4633; x_wconf 88' lang='grc' dir='ltr'>μεγαλοπρεπείας</span> <span class='ocrx_word' id='word_1_489' title='bbox 1323 4562 1657 4632; x_wconf 85' lang='grc' dir='ltr'>χαριεστέρα</span> <span class='ocrx_word' id='word_1_490' title='bbox 1685 4577 1700 4625; x_wconf 90' lang='grc'><strong>;</strong></span> <span class='ocrx_word' id='word_1_491' title='bbox 1742 4561 1901 4624; x_wconf 84' lang='grc' dir='ltr'>Ποῖος</span> <span class='ocrx_word' id='word_1_492' title='bbox 1932 4560 1991 4613; x_wconf 85' lang='grc' dir='ltr'><strong>δὲ</strong></span> 
     </span>
    </p>
   </div>
   <div class='ocr_carea' id='block_1_76' title="bbox 397 4650 1989 4725">
    <p class='ocr_par' dir='ltr' id='par_1_76' title="bbox 397 4650 1989 4725">
     <span class='ocr_line' id='line_1_77' title="bbox 397 4650 1989 4725; baseline 0.002 -23"><span class='ocrx_word' id='word_1_493' title='bbox 397 4650 544 4704; x_wconf 78' lang='grc' dir='ltr'>οὕτω</span> <span class='ocrx_word' id='word_1_494' title='bbox 590 4652 756 4716; x_wconf 81' lang='grc' dir='ltr'>πόθος</span> <span class='ocrx_word' id='word_1_495' title='bbox 805 4651 1004 4725; x_wconf 88' lang='grc' dir='ltr'>δριμὺς</span> <span class='ocrx_word' id='word_1_496' title='bbox 1045 4651 1138 4705; x_wconf 81' lang='grc' dir='ltr'>καὶ</span> <span class='ocrx_word' id='word_1_497' title='bbox 1193 4651 1490 4724; x_wconf 82' lang='grc' dir='ltr'>ἀφόρητος,</span> <span class='ocrx_word' id='word_1_498' title='bbox 1517 4653 1592 4716; x_wconf 87' lang='grc' dir='ltr'>ὡς</span> <span class='ocrx_word' id='word_1_499' title='bbox 1630 4653 1659 4706; x_wconf 90' lang='lat'><strong>6</strong></span> <span class='ocrx_word' id='word_1_500' title='bbox 1700 4651 1809 4706; x_wconf 80' lang='grc' dir='ltr'>ἀπὸ</span> <span class='ocrx_word' id='word_1_501' title='bbox 1851 4651 1989 4705; x_wconf 88' lang='grc' dir='ltr'>Θεοῦ</span> 
     </span>
    </p>
   </div>
   <div class='ocr_carea' id='block_1_77' title="bbox 399 4743 1988 4816">
    <p class='ocr_par' dir='ltr' id='par_1_77' title="bbox 399 4743 1988 4816">
     <span class='ocr_line' id='line_1_78' title="bbox 399 4743 1988 4816; baseline 0.001 -20"><span class='ocrx_word' id='word_1_502' title='bbox 399 4744 752 4816; x_wconf 84' lang='grc' dir='ltr'>ὲγγινόμενος</span> <span class='ocrx_word' id='word_1_503' title='bbox 809 4747 875 4816; x_wconf 79' lang='grc' dir='ltr'>τῇ</span> <span class='ocrx_word' id='word_1_504' title='bbox 927 4745 1035 4799; x_wconf 86' lang='grc' dir='ltr'><strong>ἀπὸ</strong></span> <span class='ocrx_word' id='word_1_505' title='bbox 1083 4745 1267 4814; x_wconf 86' lang='grc' dir='ltr'>πάσης</span> <span class='ocrx_word' id='word_1_506' title='bbox 1324 4745 1526 4808; x_wconf 85' lang='grc' dir='ltr'>κακίας</span> <span class='ocrx_word' id='word_1_507' title='bbox 1593 4743 1988 4816; x_wconf 77' lang='grc' dir='ltr'>κεκαθαρμένη</span> 
     </span>
    </p>
   </div>
   <div class='ocr_carea' id='block_1_78' title="bbox 395 4835 1992 4908">
    <p class='ocr_par' dir='ltr' id='par_1_78' title="bbox 395 4835 1992 4908">
     <span class='ocr_line' id='line_1_79' title="bbox 395 4835 1992 4908; baseline 0.001 -21"><span class='ocrx_word' id='word_1_508' title='bbox 395 4835 566 4906; x_wconf 73' lang='grc' dir='ltr'>ψυχῇ,</span> <span class='ocrx_word' id='word_1_509' title='bbox 602 4836 698 4888; x_wconf 80' lang='grc' dir='ltr'><strong>καὶ</strong></span> <span class='ocrx_word' id='word_1_510' title='bbox 750 4835 858 4889; x_wconf 82' lang='grc' dir='ltr'><strong>ἀπὸ</strong></span> <span class='ocrx_word' id='word_1_511' title='bbox 891 4835 1188 4900; x_wconf 87' lang='grc' dir='ltr'>διαθέσεως</span> <span class='ocrx_word' id='word_1_512' title='bbox 1237 4835 1506 4908; x_wconf 82' lang='grc' dir='ltr'>λεγούσῃ,</span> <span class='ocrx_word' id='word_1_513' title='bbox 1537 4837 1620 4890; x_wconf 84' lang='grc' dir='ltr'>ὅτι</span> <span class='ocrx_word' id='word_1_514' title='bbox 1654 4837 1992 4908; x_wconf 79' lang='grc' dir='ltr'>Τετρωμένη</span> 
     </span>
    </p>
   </div>
   <div class='ocr_carea' id='block_1_79' title="bbox 395 4927 821 4999">
    <p class='ocr_par' dir='ltr' id='par_1_79' title="bbox 395 4927 821 4999">
     <span class='ocr_line' id='line_1_80' title="bbox 395 4927 821 4999; baseline -0.016 0"><span class='ocrx_word' id='word_1_515' title='bbox 395 4927 638 4999; x_wconf 80' lang='grc' dir='ltr'>ἀγάπης</span> <span class='ocrx_word' id='word_1_516' title='bbox 661 4928 778 4998; x_wconf 70' lang='grc' dir='ltr'><strong>ἐγώ</strong></span> <span class='ocrx_word' id='word_1_517' title='bbox 802 4945 821 4992; x_wconf 91' lang='grc'><strong><em>;</em></strong></span> 
     </span>
    </p>
   </div>
   <div class='ocr_carea' id='block_1_80' title="bbox 473 5041 1988 5113">
    <p class='ocr_par' dir='ltr' id='par_1_80' title="bbox 473 5041 1988 5113">
     <span class='ocr_line' id='line_1_81' title="bbox 473 5041 1988 5113; baseline 0.004 -18"><span class='ocrx_word' id='word_1_518' title='bbox 473 5045 618 5113; x_wconf 33' lang='lat' dir='ltr'><strong>pix-qh</strong></span> <span class='ocrx_word' id='word_1_519' title='bbox 659 5042 903 5097; x_wconf 84' lang='grc' dir='ltr'>Ἐκείνου</span> <span class='ocrx_word' id='word_1_520' title='bbox 956 5042 1104 5097; x_wconf 73' lang='grc' dir='ltr'>ἐστὶν</span> <span class='ocrx_word' id='word_1_521' title='bbox 1157 5041 1220 5096; x_wconf 91' lang='lat'><strong>:6</strong></span> <span class='ocrx_word' id='word_1_522' title='bbox 1263 5042 1443 5112; x_wconf 88' lang='grc' dir='ltr'>λέγειν</span> <span class='ocrx_word' id='word_1_523' title='bbox 1477 5059 1491 5074; x_wconf 74' lang='grc' dir='ltr'><strong>ο</strong></span> <span class='ocrx_word' id='word_1_524' title='bbox 1537 5043 1906 5113; x_wconf 79' lang='grc' dir='ltr'>Ἐθερμάνθη</span> <span class='ocrx_word' id='word_1_525' title='bbox 1949 5042 1988 5111; x_wconf 81' lang='grc' dir='ltr'><strong><em>ἠ</em></strong></span> 
     </span>
    </p>
   </div>
   <div class='ocr_carea' id='block_1_81' title="bbox 396 5135 1991 5207">
    <p class='ocr_par' dir='ltr' id='par_1_81' title="bbox 396 5135 1991 5207">
     <span class='ocr_line' id='line_1_82' title="bbox 396 5135 1991 5207; baseline 0.001 -17"><span class='ocrx_word' id='word_1_526' title='bbox 396 5135 616 5205; x_wconf 80' lang='grc' dir='ltr'>καρδιά</span> <span class='ocrx_word' id='word_1_527' title='bbox 633 5153 754 5206; x_wconf 79' lang='grc' dir='ltr'><strong>μου</strong></span> <span class='ocrx_word' id='word_1_528' title='bbox 794 5135 967 5200; x_wconf 69' lang='grc' dir='ltr'>ἐντός</span> <span class='ocrx_word' id='word_1_529' title='bbox 1011 5154 1154 5201; x_wconf 86' lang='grc' dir='ltr'>μου,</span> <span class='ocrx_word' id='word_1_530' title='bbox 1203 5136 1302 5190; x_wconf 79' lang='grc' dir='ltr'>καὶ</span> <span class='ocrx_word' id='word_1_531' title='bbox 1349 5137 1421 5190; x_wconf 84' lang='grc' dir='ltr'><strong>ὲν</strong></span> <span class='ocrx_word' id='word_1_532' title='bbox 1463 5135 1542 5206; x_wconf 76' lang='grc' dir='ltr'>τῇ</span> <span class='ocrx_word' id='word_1_533' title='bbox 1591 5136 1825 5207; x_wconf 79' lang='grc' dir='ltr'>μελέτῃ</span> <span class='ocrx_word' id='word_1_534' title='bbox 1868 5155 1991 5206; x_wconf 87' lang='grc' dir='ltr'>μου</span> 
     </span>
    </p>
   </div>
   <div class='ocr_carea' id='block_1_82' title="bbox 470 5314 927 5379">
    <p class='ocr_par' dir='ltr' id='par_1_82' title="bbox 470 5314 927 5379">
     <span class='ocr_line' id='line_1_83' title="bbox 470 5314 927 5379; baseline -0.007 -9"><span class='ocrx_word' id='word_1_535' title='bbox 470 5315 514 5346; x_wconf 83' lang='grc'><strong>⁸⁷</strong></span> <span class='ocrx_word' id='word_1_536' title='bbox 551 5314 694 5370; x_wconf 87' lang='lat' dir='ltr'><strong>Psal.</strong></span> <span class='ocrx_word' id='word_1_537' title='bbox 731 5330 840 5379; x_wconf 78' lang='lat' dir='ltr'><strong>xu,</strong></span> <span class='ocrx_word' id='word_1_538' title='bbox 877 5315 927 5368; x_wconf 92' lang='grc'><strong>1.</strong></span> 
     </span>
    </p>
   </div>
   <div class='ocr_carea' id='block_1_83' title="bbox 474 5465 1990 5544">
    <p class='ocr_par' dir='ltr' id='par_1_83' title="bbox 474 5465 1990 5544">
     <span class='ocr_line' id='line_1_84' title="bbox 474 5465 1990 5544; baseline -0.003 -21"><span class='ocrx_word' id='word_1_539' title='bbox 474 5470 711 5544; x_wconf 63' lang='grc' dir='ltr'><strong>([λὙπὸ</strong></span> <span class='ocrx_word' id='word_1_540' title='bbox 751 5470 1054 5544; x_wconf 15' lang='grc' dir='ltr'>θῃρῷςᾲώς</span> <span class='ocrx_word' id='word_1_541' title='bbox 1090 5472 1123 5524; x_wconf 85' lang='grc' dir='ltr'><strong>ό</strong></span> <span class='ocrx_word' id='word_1_542' title='bbox 1153 5468 1440 5544; x_wconf 23' lang='grc' dir='ltr'>ῄόηχθείς.</span> <span class='ocrx_word' id='word_1_543' title='bbox 1480 5467 1674 5544; x_wconf 86' lang='lat' dir='ltr'><strong>__Quin_</strong></span> <span class='ocrx_word' id='word_1_544' title='bbox 1714 5465 1990 5544; x_wconf 68' lang='lat' dir='ltr'><strong>scriptum</strong></span> 
     </span>
    </p>
   </div>
   <div class='ocr_carea' id='block_1_84' title="bbox 396 5536 1988 5611">
    <p class='ocr_par' dir='ltr' id='par_1_84' title="bbox 396 5536 1988 5611">
     <span class='ocr_line' id='line_1_85' title="bbox 396 5536 1988 5611; baseline -0.006 -12"><span class='ocrx_word' id='word_1_545' title='bbox 396 5536 1098 5611; x_wconf 46' lang='grc' dir='ltr'>δίῑᾌίοκὶῐηοώπὸθηρδς</span> <span class='ocrx_word' id='word_1_546' title='bbox 1150 5536 1351 5608; x_wconf 77' lang='grc' dir='ltr'>ὄφεως,</span> <span class='ocrx_word' id='word_1_547' title='bbox 1400 5539 1589 5611; x_wconf 86' lang='lat' dir='ltr'><strong>nullus</strong></span> <span class='ocrx_word' id='word_1_548' title='bbox 1645 5537 1864 5611; x_wconf 72' lang='lat' dir='ltr'><strong>dubito.</strong></span> <span class='ocrx_word' id='word_1_549' title='bbox 1898 5536 1988 5590; x_wconf 91' lang='lat' dir='ltr'><strong>Sic</strong></span> 
     </span>
    </p>
   </div>
   <div class='ocr_carea' id='block_1_85' title="bbox 395 5607 1987 5682">
    <p class='ocr_par' dir='ltr' id='par_1_85' title="bbox 395 5607 1987 5682">
     <span class='ocr_line' id='line_1_86' title="bbox 395 5607 1987 5682; baseline -0.007 -12"><span class='ocrx_word' id='word_1_550' title='bbox 395 5614 546 5670; x_wconf 90' lang='lat' dir='ltr'><strong>enim</strong></span> <span class='ocrx_word' id='word_1_551' title='bbox 590 5613 757 5682; x_wconf 75' lang='grc' dir='ltr'>θῆρες</span> <span class='ocrx_word' id='word_1_552' title='bbox 815 5621 871 5666; x_wconf 86' lang='lat' dir='ltr'><strong>et</strong></span> <span class='ocrx_word' id='word_1_553' title='bbox 921 5607 1088 5682; x_wconf 75' lang='grc' dir='ltr'>θηρία</span> <span class='ocrx_word' id='word_1_554' title='bbox 1153 5607 1352 5682; x_wconf 73' lang='lat' dir='ltr'><strong>(bestia:</strong></span> <span class='ocrx_word' id='word_1_555' title='bbox 1403 5609 1640 5682; x_wconf 78' lang='lat' dir='ltr'><strong>scilicet)</strong></span> <span class='ocrx_word' id='word_1_556' title='bbox 1711 5607 1987 5682; x_wconf 82' lang='lat' dir='ltr'><strong>dicuntur</strong></span> 
     </span>
    </p>
   </div>
   <div class='ocr_carea' id='block_1_86' title="bbox 394 5678 1982 5754">
    <p class='ocr_par' dir='ltr' id='par_1_86' title="bbox 394 5678 1982 5754">
     <span class='ocr_line' id='line_1_87' title="bbox 394 5678 1982 5754; baseline -0.006 -13"><span class='ocrx_word' id='word_1_557' title='bbox 394 5678 698 5754; x_wconf 68' lang='lat' dir='ltr'><strong>Scriptura:</strong></span> <span class='ocrx_word' id='word_1_558' title='bbox 726 5683 935 5752; x_wconf 88' lang='lat' dir='ltr'><strong>phrasi,</strong></span> <span class='ocrx_word' id='word_1_559' title='bbox 955 5678 1298 5751; x_wconf 69' lang='lat' dir='ltr'><strong>quaecunque</strong></span> <span class='ocrx_word' id='word_1_560' title='bbox 1333 5680 1591 5754; x_wconf 81' lang='lat' dir='ltr'><strong>animalia</strong></span> <span class='ocrx_word' id='word_1_561' title='bbox 1607 5679 1802 5754; x_wconf 77' lang='lat' dir='ltr'><strong>noxia_._</strong></span> <span class='ocrx_word' id='word_1_562' title='bbox 1817 5678 1982 5732; x_wconf 90' lang='lat' dir='ltr'><strong>etiam</strong></span> 
     </span>
    </p>
   </div>
   <div class='ocr_carea' id='block_1_87' title="bbox 393 5750 1984 5824">
    <p class='ocr_par' dir='ltr' id='par_1_87' title="bbox 393 5750 1984 5824">
     <span class='ocr_line' id='line_1_88' title="bbox 393 5750 1984 5824; baseline -0.004 -15"><span class='ocrx_word' id='word_1_563' title='bbox 393 5771 481 5818; x_wconf 89' lang='lat' dir='ltr'><strong>ea,</strong></span> <span class='ocrx_word' id='word_1_564' title='bbox 512 5750 635 5824; x_wconf 68' lang='lat' dir='ltr'><strong>qua:</strong></span> <span class='ocrx_word' id='word_1_565' title='bbox 692 5750 857 5824; x_wconf 80' lang='lat' dir='ltr'><strong>vulgo</strong></span> <span class='ocrx_word' id='word_1_566' title='bbox 900 5750 1111 5824; x_wconf 72' lang='lat' dir='ltr'><strong>insecta</strong></span> <span class='ocrx_word' id='word_1_567' title='bbox 1160 5750 1450 5824; x_wconf 70' lang='lat' dir='ltr'><strong>vecamus2</strong></span> <span class='ocrx_word' id='word_1_568' title='bbox 1495 5750 1805 5824; x_wconf 71' lang='lat' dir='ltr'><strong>cuiusmodi</strong></span> <span class='ocrx_word' id='word_1_569' title='bbox 1852 5758 1984 5824; x_wconf 77' lang='lat' dir='ltr'><strong>sunt</strong></span> 
     </span>
    </p>
   </div>
   <div class='ocr_carea' id='block_1_88' title="bbox 393 5820 1983 5897">
    <p class='ocr_par' dir='ltr' id='par_1_88' title="bbox 393 5820 1983 5897">
     <span class='ocr_line' id='line_1_89' title="bbox 393 5820 1983 5897; baseline -0.006 -14"><span class='ocrx_word' id='word_1_570' title='bbox 393 5820 718 5897; x_wconf 79' lang='lat' dir='ltr'><strong>serpentes:</strong></span> <span class='ocrx_word' id='word_1_571' title='bbox 775 5820 856 5881; x_wconf 75' lang='lat' dir='ltr'><strong>uti</strong></span> <span class='ocrx_word' id='word_1_572' title='bbox 912 5823 1080 5881; x_wconf 88' lang='lat' dir='ltr'><strong>etiam</strong></span> <span class='ocrx_word' id='word_1_573' title='bbox 1144 5823 1359 5878; x_wconf 87' lang='lat' dir='ltr'><strong>notavit</strong></span> <span class='ocrx_word' id='word_1_574' title='bbox 1417 5820 1574 5892; x_wconf 61' lang='lat' dir='ltr'><strong>Orig.</strong></span> <span class='ocrx_word' id='word_1_575' title='bbox 1603 5822 1660 5876; x_wconf 91' lang='lat' dir='ltr'><strong>in</strong></span> <span class='ocrx_word' id='word_1_576' title='bbox 1703 5820 1983 5883; x_wconf 64' lang='lat' dir='ltr'><strong>excerptis</strong></span> 
     </span>
    </p>
   </div>
   <div class='ocr_carea' id='block_1_89' title="bbox 2096 3211 2754 3284">
    <p class='ocr_par' dir='ltr' id='par_1_89' title="bbox 2096 3211 2754 3284">
     <span class='ocr_line' id='line_1_90' title="bbox 2096 3211 2754 3284; baseline -0.003 -17"><span class='ocrx_word' id='word_1_577' title='bbox 2096 3220 2257 3284; x_wconf 86' lang='lat' dir='ltr'><strong>gente</strong></span> <span class='ocrx_word' id='word_1_578' title='bbox 2289 3213 2532 3268; x_wconf 91' lang='lat' dir='ltr'><strong>nudatus</strong></span> <span class='ocrx_word' id='word_1_579' title='bbox 2561 3211 2754 3267; x_wconf 87' lang='lat' dir='ltr'><strong>fuerit.</strong></span> 
     </span>
    </p>
   </div>
   <div class='ocr_carea' id='block_1_90' title="bbox 2162 3324 3683 3396">
    <p class='ocr_par' dir='ltr' id='par_1_90' title="bbox 2162 3324 3683 3396">
     <span class='ocr_line' id='line_1_91' title="bbox 2162 3324 3683 3396; baseline 0.001 -16"><span class='ocrx_word' id='word_1_580' title='bbox 2162 3325 2283 3380; x_wconf 75' lang='grc'><strong>195.</strong></span> <span class='ocrx_word' id='word_1_581' title='bbox 2315 3324 2694 3381; x_wconf 87' lang='lat' dir='ltr'><strong>Obnubuntur</strong></span> <span class='ocrx_word' id='word_1_582' title='bbox 2744 3324 2917 3380; x_wconf 62' lang='lat' dir='ltr'><strong>stellae</strong></span> <span class='ocrx_word' id='word_1_583' title='bbox 2971 3332 3098 3378; x_wconf 89' lang='lat' dir='ltr'><strong>ortu</strong></span> <span class='ocrx_word' id='word_1_584' title='bbox 3135 3325 3272 3380; x_wconf 92' lang='lat' dir='ltr'><strong>solis</strong></span> <span class='ocrx_word' id='word_1_585' title='bbox 3305 3342 3317 3378; x_wconf 91' lang='lat'><strong>:</strong></span> <span class='ocrx_word' id='word_1_586' title='bbox 3347 3334 3683 3396; x_wconf 86' lang='lat' dir='ltr'><strong>ccssantqne</strong></span> 
     </span>
    </p>
   </div>
   <div class='ocr_carea' id='block_1_91' title="bbox 2094 3416 3686 3488">
    <p class='ocr_par' dir='ltr' id='par_1_91' title="bbox 2094 3416 3686 3488">
     <span class='ocr_line' id='line_1_92' title="bbox 2094 3416 3686 3488; baseline 0 -16"><span class='ocrx_word' id='word_1_587' title='bbox 2094 3417 2462 3488; x_wconf 80' lang='lat' dir='ltr'><strong>cogitationes</strong></span> <span class='ocrx_word' id='word_1_588' title='bbox 2486 3456 2500 3481; x_wconf 90' lang='lat'><strong>,</strong></span> <span class='ocrx_word' id='word_1_589' title='bbox 2542 3426 2729 3471; x_wconf 91' lang='lat' dir='ltr'><strong>mente</strong></span> <span class='ocrx_word' id='word_1_590' title='bbox 2765 3416 2834 3471; x_wconf 89' lang='lat' dir='ltr'><strong>ad</strong></span> <span class='ocrx_word' id='word_1_591' title='bbox 2867 3432 3030 3471; x_wconf 92' lang='lat' dir='ltr'><strong>suum</strong></span> <span class='ocrx_word' id='word_1_592' title='bbox 3069 3433 3302 3488; x_wconf 86' lang='lat' dir='ltr'><strong>regnum</strong></span> <span class='ocrx_word' id='word_1_593' title='bbox 3345 3427 3686 3472; x_wconf 84' lang='lat' dir='ltr'><strong>revertente.</strong></span> 
     </span>
    </p>
   </div>
   <div class='ocr_carea' id='block_1_92' title="bbox 2165 3614 3690 3690">
    <p class='ocr_par' dir='ltr' id='par_1_92' title="bbox 2165 3614 3690 3690">
     <span class='ocr_line' id='line_1_93' title="bbox 2165 3614 3690 3690; baseline 0.002 -20"><span class='ocrx_word' id='word_1_594' title='bbox 2165 3615 2284 3672; x_wconf 82' lang='grc'><strong>196.</strong></span> <span class='ocrx_word' id='word_1_595' title='bbox 2308 3614 2614 3671; x_wconf 85' lang='lat' dir='ltr'><strong>Actionein</strong></span> <span class='ocrx_word' id='word_1_596' title='bbox 2641 3614 2806 3670; x_wconf 87' lang='lat' dir='ltr'><strong>ﬁnem</strong></span> <span class='ocrx_word' id='word_1_597' title='bbox 2836 3625 3120 3687; x_wconf 83' lang='lat' dir='ltr'><strong>provecta,</strong></span> <span class='ocrx_word' id='word_1_598' title='bbox 3147 3617 3497 3672; x_wconf 80' lang='lat' dir='ltr'><strong>circumfusae</strong></span> <span class='ocrx_word' id='word_1_599' title='bbox 3523 3619 3690 3690; x_wconf 61' lang='lat'><strong>664</strong></span> 
     </span>
    </p>
   </div>
   <div class='ocr_carea' id='block_1_93' title="bbox 2093 3707 3690 3782">
    <p class='ocr_par' dir='ltr' id='par_1_93' title="bbox 2093 3707 3690 3782">
     <span class='ocr_line' id='line_1_94' title="bbox 2093 3707 3690 3782; baseline 0.002 -19"><span class='ocrx_word' id='word_1_600' title='bbox 2093 3708 2264 3763; x_wconf 90' lang='lat' dir='ltr'><strong>menti</strong></span> <span class='ocrx_word' id='word_1_601' title='bbox 2295 3707 2575 3777; x_wconf 89' lang='lat' dir='ltr'><strong>spiritales</strong></span> <span class='ocrx_word' id='word_1_602' title='bbox 2591 3709 3121 3780; x_wconf 86' lang='lat' dir='ltr'><strong>contemplationes,</strong></span> <span class='ocrx_word' id='word_1_603' title='bbox 3148 3711 3300 3766; x_wconf 88' lang='lat' dir='ltr'><strong>velut</strong></span> <span class='ocrx_word' id='word_1_604' title='bbox 3330 3711 3538 3765; x_wconf 84' lang='lat' dir='ltr'><strong>solares</strong></span> <span class='ocrx_word' id='word_1_605' title='bbox 3565 3714 3690 3782; x_wconf 90' lang='lat' dir='ltr'><strong>qui-</strong></span> 
     </span>
    </p>
   </div>
   <div class='ocr_carea' id='block_1_94' title="bbox 2091 3799 3694 3871">
    <p class='ocr_par' dir='ltr' id='par_1_94' title="bbox 2091 3799 3694 3871">
     <span class='ocr_line' id='line_1_95' title="bbox 2091 3799 3694 3871; baseline 0.002 -15"><span class='ocrx_word' id='word_1_606' title='bbox 2091 3801 2217 3856; x_wconf 92' lang='lat' dir='ltr'><strong>dam</strong></span> <span class='ocrx_word' id='word_1_607' title='bbox 2253 3799 2392 3854; x_wconf 89' lang='lat' dir='ltr'><strong>radii</strong></span> <span class='ocrx_word' id='word_1_608' title='bbox 2420 3799 2488 3854; x_wconf 89' lang='lat' dir='ltr'><strong>ab</strong></span> <span class='ocrx_word' id='word_1_609' title='bbox 2523 3800 2814 3855; x_wconf 85' lang='lat' dir='ltr'><strong>horizonte</strong></span> <span class='ocrx_word' id='word_1_610' title='bbox 2869 3801 3250 3871; x_wconf 87' lang='lat' dir='ltr'><strong>promicantes</strong></span> <span class='ocrx_word' id='word_1_611' title='bbox 3272 3842 3286 3865; x_wconf 90' lang='lat'><strong>,</strong></span> <span class='ocrx_word' id='word_1_612' title='bbox 3334 3803 3694 3859; x_wconf 67' lang='lat' dir='ltr'><strong>extrinsecus</strong></span> 
     </span>
    </p>
   </div>
   <div class='ocr_carea' id='block_1_95' title="bbox 2090 3891 3687 3966">
    <p class='ocr_par' dir='ltr' id='par_1_95' title="bbox 2090 3891 3687 3966">
     <span class='ocr_line' id='line_1_96' title="bbox 2090 3891 3687 3966; baseline 0.002 -17"><span class='ocrx_word' id='word_1_613' title='bbox 2090 3894 2142 3950; x_wconf 94' lang='lat' dir='ltr'><strong>ei</strong></span> <span class='ocrx_word' id='word_1_614' title='bbox 2174 3892 2439 3948; x_wconf 86' lang='lat' dir='ltr'><strong>advenire</strong></span> <span class='ocrx_word' id='word_1_615' title='bbox 2470 3891 2734 3947; x_wconf 82' lang='lat' dir='ltr'><strong>videntur</strong></span> <span class='ocrx_word' id='word_1_616' title='bbox 2756 3934 2770 3959; x_wconf 96' lang='lat'><strong>,</strong></span> <span class='ocrx_word' id='word_1_617' title='bbox 2821 3909 2946 3948; x_wconf 89' lang='lat' dir='ltr'><strong>cum</strong></span> <span class='ocrx_word' id='word_1_618' title='bbox 2980 3895 3104 3962; x_wconf 89' lang='lat' dir='ltr'><strong>ejus</strong></span> <span class='ocrx_word' id='word_1_619' title='bbox 3149 3894 3407 3964; x_wconf 56' lang='lat' dir='ltr'><strong>propriae,</strong></span> <span class='ocrx_word' id='word_1_620' title='bbox 3444 3911 3529 3959; x_wconf 87' lang='lat' dir='ltr'><strong>ac,</strong></span> <span class='ocrx_word' id='word_1_621' title='bbox 3577 3914 3687 3966; x_wconf 88' lang='lat' dir='ltr'><strong>qua</strong></span> 
     </span>
    </p>
   </div>
   <div class='ocr_carea' id='block_1_96' title="bbox 2092 3982 3688 4056">
    <p class='ocr_par' dir='ltr' id='par_1_96' title="bbox 2092 3982 3688 4056">
     <span class='ocr_line' id='line_1_97' title="bbox 2092 3982 3688 4056; baseline 0.001 -16"><span class='ocrx_word' id='word_1_622' title='bbox 2092 3986 2266 4056; x_wconf 81' lang='lat' dir='ltr'><strong>fulget</strong></span> <span class='ocrx_word' id='word_1_623' title='bbox 2296 3982 2592 4048; x_wconf 89' lang='lat' dir='ltr'><strong>munditia,</strong></span> <span class='ocrx_word' id='word_1_624' title='bbox 2630 3982 3092 4053; x_wconf 62' lang='lat' dir='ltr'><strong>illigcohazrentes</strong></span> <span class='ocrx_word' id='word_1_625' title='bbox 3120 3984 3234 4040; x_wconf 90' lang='lat' dir='ltr'><strong>sint</strong></span> <span class='ocrx_word' id='word_1_626' title='bbox 3278 4001 3343 4040; x_wconf 92' lang='lat' dir='ltr'><strong>ac</strong></span> <span class='ocrx_word' id='word_1_627' title='bbox 3391 3987 3548 4041; x_wconf 85' lang='lat' dir='ltr'><strong>velut</strong></span> <span class='ocrx_word' id='word_1_628' title='bbox 3593 4003 3688 4042; x_wconf 81' lang='lat' dir='ltr'><strong>co-</strong></span> 
     </span>
    </p>
   </div>
   <div class='ocr_carea' id='block_1_97' title="bbox 2092 4080 2256 4136">
    <p class='ocr_par' dir='ltr' id='par_1_97' title="bbox 2092 4080 2256 4136">
     <span class='ocr_line' id='line_1_98' title="bbox 2092 4080 2256 4136; baseline -0.006 -2"><span class='ocrx_word' id='word_1_629' title='bbox 2092 4080 2256 4136; x_wconf 59' lang='lat' dir='ltr'><strong>alium.</strong></span> 
     </span>
    </p>
   </div>
   <div class='ocr_carea' id='block_1_98' title="bbox 2164 4193 3685 4267">
    <p class='ocr_par' dir='ltr' id='par_1_98' title="bbox 2164 4193 3685 4267">
     <span class='ocr_line' id='line_1_99' title="bbox 2164 4193 3685 4267; baseline -0.002 -15"><span class='ocrx_word' id='word_1_630' title='bbox 2164 4198 2286 4252; x_wconf 87' lang='grc'><strong>197.</strong></span> <span class='ocrx_word' id='word_1_631' title='bbox 2333 4196 2489 4251; x_wconf 87' lang='lat' dir='ltr'><strong>Talia</strong></span> <span class='ocrx_word' id='word_1_632' title='bbox 2550 4211 2775 4267; x_wconf 89' lang='lat' dir='ltr'><strong>quoque</strong></span> <span class='ocrx_word' id='word_1_633' title='bbox 2825 4210 2982 4250; x_wconf 90' lang='lat' dir='ltr'><strong>mens</strong></span> <span class='ocrx_word' id='word_1_634' title='bbox 3026 4193 3498 4263; x_wconf 89' lang='lat' dir='ltr'><strong>contemplatione</strong></span> <span class='ocrx_word' id='word_1_635' title='bbox 3556 4195 3685 4249; x_wconf 80' lang='lat' dir='ltr'><strong>nixa</strong></span> 
     </span>
    </p>
   </div>
   <div class='ocr_carea' id='block_1_99' title="bbox 2093 4282 3688 4358">
    <p class='ocr_par' dir='ltr' id='par_1_99' title="bbox 2093 4282 3688 4358">
     <span class='ocr_line' id='line_1_100' title="bbox 2093 4282 3688 4358; baseline -0.003 -15"><span class='ocrx_word' id='word_1_636' title='bbox 2093 4287 2280 4358; x_wconf 89' lang='lat' dir='ltr'><strong>eloqui</strong></span> <span class='ocrx_word' id='word_1_637' title='bbox 2314 4295 2514 4357; x_wconf 85' lang='lat' dir='ltr'><strong>potest,</strong></span> <span class='ocrx_word' id='word_1_638' title='bbox 2541 4301 2666 4340; x_wconf 90' lang='lat' dir='ltr'><strong>cum</strong></span> <span class='ocrx_word' id='word_1_639' title='bbox 2692 4294 2908 4340; x_wconf 61' lang='lat' dir='ltr'><strong>natura:</strong></span> <span class='ocrx_word' id='word_1_640' title='bbox 2933 4282 3171 4353; x_wconf 90' lang='lat' dir='ltr'><strong>quadam</strong></span> <span class='ocrx_word' id='word_1_641' title='bbox 3199 4283 3534 4338; x_wconf 89' lang='lat' dir='ltr'><strong>necessitate</strong></span> <span class='ocrx_word' id='word_1_642' title='bbox 3564 4300 3688 4339; x_wconf 86' lang='lat' dir='ltr'><strong>ver-</strong></span> 
     </span>
    </p>
   </div>
   <div class='ocr_carea' id='block_1_100' title="bbox 2095 4375 3687 4452">
    <p class='ocr_par' dir='ltr' id='par_1_100' title="bbox 2095 4375 3687 4452">
     <span class='ocr_line' id='line_1_101' title="bbox 2095 4375 3687 4452; baseline -0.003 -18"><span class='ocrx_word' id='word_1_643' title='bbox 2095 4396 2248 4452; x_wconf 86' lang='lat' dir='ltr'><strong>gens,</strong></span> <span class='ocrx_word' id='word_1_644' title='bbox 2278 4396 2308 4435; x_wconf 90' lang='lat' dir='ltr'><strong>e</strong></span> <span class='ocrx_word' id='word_1_645' title='bbox 2333 4378 2488 4434; x_wconf 79' lang='lat' dir='ltr'><strong>caelis</strong></span> <span class='ocrx_word' id='word_1_646' title='bbox 2523 4394 2767 4449; x_wconf 91' lang='lat' dir='ltr'><strong>superne</strong></span> <span class='ocrx_word' id='word_1_647' title='bbox 2793 4375 3170 4440; x_wconf 84' lang='lat' dir='ltr'><strong>descenderit,</strong></span> <span class='ocrx_word' id='word_1_648' title='bbox 3208 4375 3395 4445; x_wconf 89' lang='lat' dir='ltr'><strong>qualia</strong></span> <span class='ocrx_word' id='word_1_649' title='bbox 3435 4385 3491 4430; x_wconf 88' lang='lat' dir='ltr'><strong>et</strong></span> <span class='ocrx_word' id='word_1_650' title='bbox 3533 4378 3687 4432; x_wconf 85' lang='lat' dir='ltr'><strong>locu-</strong></span> 
     </span>
    </p>
   </div>
   <div class='ocr_carea' id='block_1_101' title="bbox 2097 4465 3686 4539">
    <p class='ocr_par' dir='ltr' id='par_1_101' title="bbox 2097 4465 3686 4539">
     <span class='ocr_line' id='line_1_102' title="bbox 2097 4465 3686 4539; baseline -0.004 -13"><span class='ocrx_word' id='word_1_651' title='bbox 2097 4482 2188 4526; x_wconf 90' lang='lat' dir='ltr'><strong>tus</strong></span> <span class='ocrx_word' id='word_1_652' title='bbox 2207 4479 2314 4534; x_wconf 89' lang='lat' dir='ltr'><strong>est,</strong></span> <span class='ocrx_word' id='word_1_653' title='bbox 2341 4469 2436 4539; x_wconf 92' lang='lat' dir='ltr'><strong>qui</strong></span> <span class='ocrx_word' id='word_1_654' title='bbox 2455 4469 2532 4523; x_wconf 89' lang='lat' dir='ltr'><strong>ait</strong></span> <span class='ocrx_word' id='word_1_655' title='bbox 2556 4486 2568 4522; x_wconf 90' lang='lat'><strong>:</strong></span> <span class='ocrx_word' id='word_1_656' title='bbox 2591 4467 2866 4535; x_wconf 87' lang='lat' dir='ltr'><strong>Quidnam</strong></span> <span class='ocrx_word' id='word_1_657' title='bbox 2894 4465 3085 4521; x_wconf 83' lang='lat' dir='ltr'><strong>divino</strong></span> <span class='ocrx_word' id='word_1_658' title='bbox 3114 4465 3427 4519; x_wconf 80' lang='lat' dir='ltr'><strong>mirabilius</strong></span> <span class='ocrx_word' id='word_1_659' title='bbox 3452 4465 3686 4520; x_wconf 83' lang='lat' dir='ltr'><strong>decore?</strong></span> 
     </span>
    </p>
   </div>
   <div class='ocr_carea' id='block_1_102' title="bbox 2097 4556 3686 4631">
    <p class='ocr_par' dir='ltr' id='par_1_102' title="bbox 2097 4556 3686 4631">
     <span class='ocr_line' id='line_1_103' title="bbox 2097 4556 3686 4631; baseline -0.004 -13"><span class='ocrx_word' id='word_1_660' title='bbox 2097 4563 2228 4631; x_wconf 73' lang='lat' dir='ltr'><strong>Quae</strong></span> <span class='ocrx_word' id='word_1_661' title='bbox 2285 4577 2419 4616; x_wconf 89' lang='lat' dir='ltr'><strong>vero</strong></span> <span class='ocrx_word' id='word_1_662' title='bbox 2466 4560 2748 4631; x_wconf 84' lang='lat' dir='ltr'><strong>cogitatio,</strong></span> <span class='ocrx_word' id='word_1_663' title='bbox 2802 4573 2968 4630; x_wconf 91' lang='lat' dir='ltr'><strong>quam</strong></span> <span class='ocrx_word' id='word_1_664' title='bbox 3011 4557 3214 4611; x_wconf 68' lang='lat' dir='ltr'><strong>divinae</strong></span> <span class='ocrx_word' id='word_1_665' title='bbox 3257 4556 3686 4626; x_wconf 73' lang='lat' dir='ltr'><strong>magnificentia:</strong></span> 
     </span>
    </p>
   </div>
   <div class='ocr_carea' id='block_1_103' title="bbox 2097 4649 3686 4728">
    <p class='ocr_par' dir='ltr' id='par_1_103' title="bbox 2097 4649 3686 4728">
     <span class='ocr_line' id='line_1_104' title="bbox 2097 4649 3686 4728; baseline -0.004 -17"><span class='ocrx_word' id='word_1_666' title='bbox 2097 4656 2355 4728; x_wconf 84' lang='lat' dir='ltr'><strong>gratior?</strong></span> <span class='ocrx_word' id='word_1_667' title='bbox 2403 4655 2540 4722; x_wconf 86' lang='lat' dir='ltr'><strong>Quis</strong></span> <span class='ocrx_word' id='word_1_668' title='bbox 2565 4654 2647 4708; x_wconf 88' lang='lat' dir='ltr'><strong>sic</strong></span> <span class='ocrx_word' id='word_1_669' title='bbox 2683 4652 2828 4708; x_wconf 89' lang='lat' dir='ltr'><strong>acris</strong></span> <span class='ocrx_word' id='word_1_670' title='bbox 2855 4667 2920 4706; x_wconf 90' lang='lat' dir='ltr'><strong>ac</strong></span> <span class='ocrx_word' id='word_1_671' title='bbox 2970 4649 3342 4718; x_wconf 89' lang='lat' dir='ltr'><strong>importabilis</strong></span> <span class='ocrx_word' id='word_1_672' title='bbox 3377 4665 3536 4702; x_wconf 88' lang='lat' dir='ltr'><strong>amor</strong></span> <span class='ocrx_word' id='word_1_673' title='bbox 3559 4691 3573 4710; x_wconf 90' lang='lat'><strong>,</strong></span> <span class='ocrx_word' id='word_1_674' title='bbox 3621 4666 3686 4705; x_wconf 89' lang='lat' dir='ltr'><strong>ac</strong></span> 
     </span>
    </p>
   </div>
   <div class='ocr_carea' id='block_1_104' title="bbox 2097 4740 3688 4820">
    <p class='ocr_par' dir='ltr' id='par_1_104' title="bbox 2097 4740 3688 4820">
     <span class='ocr_line' id='line_1_105' title="bbox 2097 4740 3688 4820; baseline -0.005 -16"><span class='ocrx_word' id='word_1_675' title='bbox 2097 4750 2193 4820; x_wconf 92' lang='lat' dir='ltr'><strong>qui</strong></span> <span class='ocrx_word' id='word_1_676' title='bbox 2225 4749 2282 4804; x_wconf 91' lang='lat' dir='ltr'><strong>in</strong></span> <span class='ocrx_word' id='word_1_677' title='bbox 2317 4747 2502 4802; x_wconf 91' lang='lat' dir='ltr'><strong>anima</strong></span> <span class='ocrx_word' id='word_1_678' title='bbox 2536 4745 2753 4801; x_wconf 91' lang='lat' dir='ltr'><strong>cunctis</strong></span> <span class='ocrx_word' id='word_1_679' title='bbox 2792 4743 2948 4798; x_wconf 88' lang='lat' dir='ltr'><strong>vitiis</strong></span> <span class='ocrx_word' id='word_1_680' title='bbox 2981 4741 3291 4811; x_wconf 86' lang='lat' dir='ltr'><strong>depurgata</strong></span> <span class='ocrx_word' id='word_1_681' title='bbox 3340 4756 3371 4794; x_wconf 89' lang='lat' dir='ltr'><strong>a</strong></span> <span class='ocrx_word' id='word_1_682' title='bbox 3414 4740 3528 4795; x_wconf 90' lang='lat' dir='ltr'><strong>Deo</strong></span> <span class='ocrx_word' id='word_1_683' title='bbox 3564 4741 3688 4812; x_wconf 84' lang='lat' dir='ltr'><strong>inji-</strong></span> 
     </span>
    </p>
   </div>
   <div class='ocr_carea' id='block_1_105' title="bbox 2096 4833 3688 4911">
    <p class='ocr_par' dir='ltr' id='par_1_105' title="bbox 2096 4833 3688 4911">
     <span class='ocr_line' id='line_1_106' title="bbox 2096 4833 3688 4911; baseline -0.006 -14"><span class='ocrx_word' id='word_1_684' title='bbox 2096 4841 2264 4905; x_wconf 88' lang='lat' dir='ltr'><strong>citur,</strong></span> <span class='ocrx_word' id='word_1_685' title='bbox 2295 4855 2528 4911; x_wconf 66' lang='lat' dir='ltr'><strong>quaeque</strong></span> <span class='ocrx_word' id='word_1_686' title='bbox 2550 4854 2618 4894; x_wconf 85' lang='lat' dir='ltr'><strong>ex</strong></span> <span class='ocrx_word' id='word_1_687' title='bbox 2642 4836 2844 4900; x_wconf 65' lang='lat' dir='ltr'><strong>affectu</strong></span> <span class='ocrx_word' id='word_1_688' title='bbox 2874 4836 3023 4892; x_wconf 86' lang='lat' dir='ltr'><strong>dicat</strong></span> <span class='ocrx_word' id='word_1_689' title='bbox 3054 4851 3067 4888; x_wconf 92' lang='lat'><strong>:</strong></span> <span class='ocrx_word' id='word_1_690' title='bbox 3107 4833 3401 4888; x_wconf 84' lang='lat' dir='ltr'><strong>Vulnerata</strong></span> <span class='ocrx_word' id='word_1_691' title='bbox 3423 4835 3688 4889; x_wconf 80' lang='lat' dir='ltr'><strong>charitate</strong></span> 
     </span>
    </p>
   </div>
   <div class='ocr_carea' id='block_1_106' title="bbox 2094 4931 2455 5004">
    <p class='ocr_par' dir='ltr' id='par_1_106' title="bbox 2094 4931 2455 5004">
     <span class='ocr_line' id='line_1_107' title="bbox 2094 4931 2455 5004; baseline -0.011 -17"><span class='ocrx_word' id='word_1_692' title='bbox 2094 4949 2189 5004; x_wconf 87' lang='lat' dir='ltr'><strong>ego</strong></span> <span class='ocrx_word' id='word_1_693' title='bbox 2217 4948 2335 4986; x_wconf 87' lang='lat' dir='ltr'><strong>sum</strong></span> <span class='ocrx_word' id='word_1_694' title='bbox 2365 4931 2455 4983; x_wconf 74' lang='lat' dir='ltr'><strong>“‘i</strong></span> 
     </span>
    </p>
   </div>
   <div class='ocr_carea' id='block_1_107' title="bbox 2167 5039 3684 5102">
    <p class='ocr_par' dir='ltr' id='par_1_107' title="bbox 2167 5039 3684 5102">
     <span class='ocr_line' id='line_1_108' title="bbox 2167 5039 3684 5102; baseline -0.005 -3"><span class='ocrx_word' id='word_1_695' title='bbox 2167 5045 2290 5102; x_wconf 89' lang='grc'><strong>198.</strong></span> <span class='ocrx_word' id='word_1_696' title='bbox 2317 5043 2469 5100; x_wconf 87' lang='lat' dir='ltr'><strong>Illius</strong></span> <span class='ocrx_word' id='word_1_697' title='bbox 2493 5051 2580 5098; x_wconf 83' lang='lat' dir='ltr'><strong>est</strong></span> <span class='ocrx_word' id='word_1_698' title='bbox 2605 5052 2665 5099; x_wconf 87' lang='lat' dir='ltr'><strong>ut</strong></span> <span class='ocrx_word' id='word_1_699' title='bbox 2693 5041 2844 5097; x_wconf 88' lang='lat' dir='ltr'><strong>dicat</strong></span> <span class='ocrx_word' id='word_1_700' title='bbox 2873 5059 2887 5096; x_wconf 88' lang='lat'><strong>:</strong></span> <span class='ocrx_word' id='word_1_701' title='bbox 2916 5039 3196 5097; x_wconf 81' lang='lat' dir='ltr'><strong>Concaluit</strong></span> <span class='ocrx_word' id='word_1_702' title='bbox 3231 5057 3322 5093; x_wconf 91' lang='lat' dir='ltr'><strong>cor</strong></span> <span class='ocrx_word' id='word_1_703' title='bbox 3346 5055 3519 5092; x_wconf 78' lang='lat' dir='ltr'><strong>meum</strong></span> <span class='ocrx_word' id='word_1_704' title='bbox 3539 5040 3684 5093; x_wconf 84' lang='lat' dir='ltr'><strong>intra</strong></span> 
     </span>
    </p>
   </div>
   <div class='ocr_carea' id='block_1_108' title="bbox 2095 5130 3687 5203">
    <p class='ocr_par' dir='ltr' id='par_1_108' title="bbox 2095 5130 3687 5203">
     <span class='ocr_line' id='line_1_109' title="bbox 2095 5130 3687 5203; baseline -0.006 -11"><span class='ocrx_word' id='word_1_705' title='bbox 2095 5153 2198 5203; x_wconf 84' lang='lat' dir='ltr'><strong>me,</strong></span> <span class='ocrx_word' id='word_1_706' title='bbox 2233 5145 2285 5191; x_wconf 86' lang='lat' dir='ltr'><strong>et</strong></span> <span class='ocrx_word' id='word_1_707' title='bbox 2313 5137 2369 5190; x_wconf 81' lang='lat' dir='ltr'><strong>in</strong></span> <span class='ocrx_word' id='word_1_708' title='bbox 2401 5134 2744 5190; x_wconf 80' lang='lat' dir='ltr'><strong>meditatione</strong></span> <span class='ocrx_word' id='word_1_709' title='bbox 2771 5149 2891 5188; x_wconf 87' lang='lat' dir='ltr'><strong>mea</strong></span> <span class='ocrx_word' id='word_1_710' title='bbox 2923 5131 3230 5186; x_wconf 75' lang='lat' dir='ltr'><strong>exardescet</strong></span> <span class='ocrx_word' id='word_1_711' title='bbox 3286 5131 3427 5202; x_wconf 81' lang='lat' dir='ltr'><strong>ignis</strong></span> <span class='ocrx_word' id='word_1_712' title='bbox 3465 5130 3509 5161; x_wconf 81' lang='grc'><strong>⁶⁹</strong></span> <span class='ocrx_word' id='word_1_713' title='bbox 3531 5170 3545 5193; x_wconf 89' lang='grc'><strong>,</strong></span> <span class='ocrx_word' id='word_1_714' title='bbox 3592 5130 3687 5200; x_wconf 91' lang='lat' dir='ltr'><strong>qui</strong></span> 
     </span>
    </p>
   </div>
   <div class='ocr_carea' id='block_1_109' title="bbox 1009 5309 2252 5380">
    <p class='ocr_par' dir='ltr' id='par_1_109' title="bbox 1009 5309 2252 5380">
     <span class='ocr_line' id='line_1_110' title="bbox 1009 5309 2252 5380; baseline -0.003 -12"><span class='ocrx_word' id='word_1_715' title='bbox 1009 5312 1054 5344; x_wconf 77' lang='grc'><strong>⁸⁸</strong></span> <span class='ocrx_word' id='word_1_716' title='bbox 1086 5310 1249 5368; x_wconf 89' lang='lat' dir='ltr'><strong>Cant.</strong></span> <span class='ocrx_word' id='word_1_717' title='bbox 1284 5329 1344 5379; x_wconf 83' lang='lat' dir='ltr'><strong>ll,</strong></span> <span class='ocrx_word' id='word_1_718' title='bbox 1374 5313 1442 5380; x_wconf 87' lang='lat'><strong>5;</strong></span> <span class='ocrx_word' id='word_1_719' title='bbox 1481 5329 1535 5378; x_wconf 91' lang='lat' dir='ltr'><strong>v,</strong></span> <span class='ocrx_word' id='word_1_720' title='bbox 1563 5312 1617 5368; x_wconf 92' lang='lat'><strong>8.</strong></span> <span class='ocrx_word' id='word_1_721' title='bbox 1694 5312 1740 5344; x_wconf 79' lang='grc'><strong>⁶⁹</strong></span> <span class='ocrx_word' id='word_1_722' title='bbox 1773 5311 1916 5367; x_wconf 91' lang='lat' dir='ltr'><strong>Psal.</strong></span> <span class='ocrx_word' id='word_1_723' title='bbox 1944 5327 2169 5376; x_wconf 71' lang='lat' dir='ltr'><strong>xxxvm,</strong></span> <span class='ocrx_word' id='word_1_724' title='bbox 2199 5309 2252 5364; x_wconf 73' lang='grc'><strong>4.</strong></span> 
     </span>
    </p>
   </div>
   <div class='ocr_carea' id='block_1_110' title="bbox 2137 5455 3683 5541">
    <p class='ocr_par' dir='ltr' id='par_1_110' title="bbox 2137 5455 3683 5541">
     <span class='ocr_line' id='line_1_111' title="bbox 2137 5455 3683 5541; baseline -0.004 -24"><span class='ocrx_word' id='word_1_725' title='bbox 2137 5467 2476 5541; x_wconf 66' lang='lat' dir='ltr'><strong>uzeexslant</strong></span> <span class='ocrx_word' id='word_1_726' title='bbox 2510 5459 2877 5541; x_wconf 78' lang='lat' dir='ltr'><strong>in_Genes_im,</strong></span> <span class='ocrx_word' id='word_1_727' title='bbox 2934 5468 3176 5541; x_wconf 71' lang='lat' dir='ltr'><strong>suntque</strong></span> <span class='ocrx_word' id='word_1_728' title='bbox 3225 5472 3252 5510; x_wconf 86' lang='lat' dir='ltr'><strong>a</strong></span> <span class='ocrx_word' id='word_1_729' title='bbox 3296 5455 3683 5541; x_wconf 60' lang='lat' dir='ltr'><strong>mencollccta.</strong></span> 
     </span>
    </p>
   </div>
   <div class='ocr_carea' id='block_1_111' title="bbox 2094 5479 3684 5599">
    <p class='ocr_par' dir='ltr' id='par_1_111' title="bbox 2094 5479 3684 5599">
     <span class='ocr_line' id='line_1_112' title="bbox 2137 5479 3683 5541; baseline -0.004 -24"><span class='ocrx_word' id='word_1_730' title='bbox 2137 5479 2219 5517; x_wconf 73' lang='lat' dir='ltr'><strong>me</strong></span> <span class='ocrx_word' id='word_1_731' title='bbox 2256 5479 2476 5516; x_wconf 75' lang='lat' dir='ltr'><strong>cxswnt</strong></span> <span class='ocrx_word' id='word_1_732' title='bbox 2510 5479 2565 5514; x_wconf 89' lang='lat' dir='ltr'><strong>In</strong></span> <span class='ocrx_word' id='word_1_733' title='bbox 2595 5479 2877 5524; x_wconf 71' lang='lat' dir='ltr'><strong>uenesnm,</strong></span> <span class='ocrx_word' id='word_1_734' title='bbox 2934 5479 3176 5541; x_wconf 67' lang='lat' dir='ltr'><strong>sumque</strong></span> <span class='ocrx_word' id='word_1_735' title='bbox 3225 5479 3252 5510; x_wconf 71' lang='grc' dir='ltr'>ξι</span> <span class='ocrx_word' id='word_1_736' title='bbox 3298 5479 3383 5538; x_wconf 54' lang='grc' dir='ltr'>ιιιιτ</span> <span class='ocrx_word' id='word_1_737' title='bbox 3431 5479 3683 5511; x_wconf 79' lang='lat' dir='ltr'><strong>cmwcut.</strong></span> 
     </span>
     <span class='ocr_line' id='line_1_113' title="bbox 2094 5479 3684 5599; baseline -0.006 -12"><span class='ocrx_word' id='word_1_738' title='bbox 2094 5479 2191 5588; x_wconf 63' lang='lat' dir='ltr'><strong>gic</strong></span> <span class='ocrx_word' id='word_1_739' title='bbox 2223 5533 2604 5596; x_wconf 38' lang='lat' dir='ltr'><strong>Acl.xxvm,‘l,</strong></span> <span class='ocrx_word' id='word_1_740' title='bbox 2634 5531 2703 5585; x_wconf 91' lang='lat' dir='ltr'><strong>de</strong></span> <span class='ocrx_word' id='word_1_741' title='bbox 2726 5531 2920 5599; x_wconf 88' lang='lat' dir='ltr'><strong>vipera</strong></span> <span class='ocrx_word' id='word_1_742' title='bbox 2944 5529 3096 5583; x_wconf 79' lang='lat' dir='ltr'><strong>Pauli</strong></span> <span class='ocrx_word' id='word_1_743' title='bbox 3131 5525 3684 5599; x_wconf 31' lang='lat' dir='ltr'><strong>manurad‘baarentn,</strong></span> 
     </span>
    </p>
   </div>
   <div class='ocr_carea' id='block_1_112' title="bbox 2106 5596 3684 5672">
    <p class='ocr_par' dir='ltr' id='par_1_112' title="bbox 2106 5596 3684 5672">
     <span class='ocr_line' id='line_1_114' title="bbox 2106 5596 3684 5672; baseline -0.005 -14"><span class='ocrx_word' id='word_1_744' title='bbox 2106 5603 2202 5666; x_wconf 77' lang='grc' dir='ltr'>Ὠς</span> <span class='ocrx_word' id='word_1_745' title='bbox 2234 5602 2291 5654; x_wconf 85' lang='grc' dir='ltr'><strong>δὲ</strong></span> <span class='ocrx_word' id='word_1_746' title='bbox 2323 5599 2460 5656; x_wconf 77' lang='grc' dir='ltr'>εἶδον</span> <span class='ocrx_word' id='word_1_747' title='bbox 2507 5604 2554 5655; x_wconf 76' lang='grc' dir='ltr'>οἱ</span> <span class='ocrx_word' id='word_1_748' title='bbox 2591 5596 2856 5672; x_wconf 77' lang='grc' dir='ltr'>βάρϐαροι</span> <span class='ocrx_word' id='word_1_749' title='bbox 2911 5601 3260 5672; x_wconf 83' lang='grc' dir='ltr'>κρεμάμενον</span> <span class='ocrx_word' id='word_1_750' title='bbox 3293 5598 3353 5651; x_wconf 87' lang='lat'><strong>:6</strong></span> <span class='ocrx_word' id='word_1_751' title='bbox 3387 5596 3591 5672; x_wconf 65' lang='grc' dir='ltr'><strong>⁸θηρίον</strong></span> <span class='ocrx_word' id='word_1_752' title='bbox 3623 5598 3684 5672; x_wconf 73' lang='grc' dir='ltr'>ἐκ</span> 
     </span>
    </p>
   </div>
   <div class='ocr_carea' id='block_1_113' title="bbox 2090 5668 3684 5746">
    <p class='ocr_par' dir='ltr' id='par_1_113' title="bbox 2090 5668 3684 5746">
     <span class='ocr_line' id='line_1_115' title="bbox 2090 5668 3684 5746; baseline -0.003 -18"><span class='ocrx_word' id='word_1_753' title='bbox 2090 5679 2190 5746; x_wconf 84' lang='grc' dir='ltr'>τῆς</span> <span class='ocrx_word' id='word_1_754' title='bbox 2214 5674 2394 5744; x_wconf 80' lang='grc' dir='ltr'>χειρὸς</span> <span class='ocrx_word' id='word_1_755' title='bbox 2425 5668 2613 5740; x_wconf 70' lang='grc' dir='ltr'>αὐτοῦ’,</span> <span class='ocrx_word' id='word_1_756' title='bbox 2652 5672 2716 5728; x_wconf 89' lang='lat' dir='ltr'><strong>Ut</strong></span> <span class='ocrx_word' id='word_1_757' title='bbox 2755 5668 2996 5726; x_wconf 67' lang='lat' dir='ltr'><strong>viderunt</strong></span> <span class='ocrx_word' id='word_1_758' title='bbox 3023 5668 3342 5742; x_wconf 72' lang='lat' dir='ltr'><strong>pendentem</strong></span> <span class='ocrx_word' id='word_1_759' title='bbox 3379 5669 3602 5723; x_wconf 81' lang='lat' dir='ltr'><strong>bestiam</strong></span> <span class='ocrx_word' id='word_1_760' title='bbox 3620 5668 3684 5723; x_wconf 77' lang='lat' dir='ltr'><strong>de</strong></span> 
     </span>
    </p>
   </div>
   <div class='ocr_carea' id='block_1_114' title="bbox 2092 5761 2422 5815">
    <p class='ocr_par' dir='ltr' id='par_1_114' title="bbox 2092 5761 2422 5815">
     <span class='ocr_line' id='line_1_116' title="bbox 2092 5761 2422 5815; baseline -0.006 -14"><span class='ocrx_word' id='word_1_761' title='bbox 2092 5763 2257 5802; x_wconf 85' lang='lat' dir='ltr'><strong>manu</strong></span> <span class='ocrx_word' id='word_1_762' title='bbox 2289 5761 2422 5815; x_wconf 64' lang='lat' dir='ltr'><strong>ejus.</strong></span> 
     </span>
    </p>
   </div>
  </div>
