4060 6406
346 287 484 354 “£9

1516 292 1691 352 ALlA
1735 290 1836 351 EX
1875 291 2115 351 VATIC.
2156 291 2444 350 CAPITA.

3490 289 3628 353 1450

343 395 643 468 παράδεισι
671 395 884 467 Πατρός
909 411 1025 448 σου.
1053 394 1247 458 ’Ἄνθος
1271 393 1365 448 τοῦ
1395 397 1603 462 πεδίου,
1632 397 1726 452 καὶ
1751 395 1933 467 κέδροι

2054 413 2126 451 ius
2166 397 2339 467 factus
2369 405 2446 450 est
2467 397 2536 457 ".
2580 396 2814 466 Sponse,
2859 396 3116 468 paradise
3151 398 3332 454 Patris
3371 401 3449 455 tui
3490 401 3630 457 τῆος

343 485 536 551 αὑτοῦ,
571 487 649 550 ὡς
697 486 880 555 κέδροι
923 486 1018 540 τοῦ
1071 486 1330 542 Λιϐάνου.
1389 487 1540 542 ’Υπύ
1582 488 1700 557 τὴν
1743 489 1932 541 σκιὰν

2054 490 2252 558 :ampi;
2281 497 2336 542 et
2363 487 2513 542 cedri
2540 489 2618 542 tui
2643 489 2786 542 sicut
2815 488 2966 542 cedri
2995 489 3191 543 Libani
3210 491 3276 543 ⁸ο.
3307 491 3411 545 Sub
3438 494 3629 547 umbra

343 579 534 634 αὑτοῦ
560 579 936 648 ἐπεθύμησα,
994 578 1095 631 καὶ
1161 578 1433 644 ἐκάθισα,
1481 579 1580 634 καὶ
1625 581 1660 633 ὁ
1703 579 1934 647 καρπὸς

2058 575 2182 628 llius
2226 575 2522 629 desideravi
2573 584 2624 628 et
2677 579 2825 643 sedi;
2871 587 2919 630 ct
2974 579 3178 648 [ructus
3203 581 3318 651 ejus
3363 583 3503 636 visus
3553 595 3630 637 est

344 673 513 742 ὤφθη
544 670 777 742 γλυκὺς
802 671 874 723 ἐν
909 667 991 735 τῷ
1024 669 1282 740 λάρυγγί
1329 689 1470 740 μου.

420 762 515 817 σδ’.
554 761 670 815 Είό
713 761 938 832 βασιλέα
992 761 1390 833 ὑποδεχόμενος
1427 763 1508 826 είς
1553 761 1615 815 τὸ
1661 762 1936 831 δωμάτιον

345 855 537 919 αὐτοῦ,
585 853 730 909 οὕτω
781 852 1089 924 περιφανὴς
1134 855 1454 925 εὑρίσκεται
1492 854 1587 908 καὶ
1633 852 1936 926 περίδοξος,

346 950 444 1003 καὶ
475 948 655 1018 πάσης
684 946 969 1018 ἀλλης.....
1001 944 1126 1018 [τσ.
1163 944 1455 1016 ἔμπλεως]
1494 946 1694 1018 χαρᾶς,
1728 944 1783 998 τί
1827 945 1937 999 πά-

347 1040 433 1093 θοι
463 1040 634 1112 ψυχὴ,
659 1043 692 1111 ἠ
721 1040 814 1094 τὸν
843 1040 1079 1094 Βασιλέα
1098 1039 1208 1093 τῶν
1241 1039 1510 1110 βασιλέων
1533 1041 1592 1094 ὲν
1616 1038 1697 1110 τῷ
1728 1039 1938 1111 καθαρο

348 1133 510 1202 θῆναι
543 1131 924 1203 ὑποδεξαμένη
956 1131 1096 1186 κατὰ
1139 1132 1240 1201 τὴν
1286 1131 1499 1201 ἀψευδῆ
1545 1131 1758 1184 ἐκείνου
1805 1131 1938 1185 ὑπό⁶

349 1229 585 1295 σχεσιν;
619 1223 732 1279 Καὶ
757 1225 812 1277 τί
850 1224 1026 1289 ἐάσει,
1070 1223 1176 1292 ἔξω
1205 1221 1306 1294 μὲν
1342 1222 1616 1293 βάλλουσα
1652 1221 1715 1275 τὸ
1740 1222 1818 1292 μὴ
1857 1223 1939 1285 είς

346 1315 660 1371 ἀνάπαυσιν
698 1314 898 1386 ἐκείνῳ
924 1313 1138 1370 δοκοῦν·
1189 1312 1399 1369 ἔνδοθεν
1453 1313 1508 1367 δὲ
1546 1313 1847 1382 εἰσάγουσα
1876 1313 1939 1368 τὸ

347 1405 433 1469 είς
465 1405 678 1460 ἐκείνου
710 1406 1008 1477 ἀρέσκειαν
1029 1424 1044 1473 ;

421 1497 521 1552 σε’.
571 1498 632 1552 '0
682 1497 954 1568 κληθῆναι
1005 1495 1325 1568 προσδοκῶν
1361 1496 1516 1567 παρά
1563 1494 1828 1568 βασιλέως
1868 1495 1936 1567 τῇ

349 1587 566 1661 αύριον,
602 1589 747 1653 τίνος
796 1589 855 1641 ὲν
898 1589 1144 1659 φροντίδι
1203 1589 1367 1642 ἄλλου
1411 1588 1617 1651 ἔσεται,
1677 1587 1709 1658 ἢ
1760 1586 1940 1656 λόγων

353 1682 586 1754 μελέτης
612 1682 722 1735 τῶν
745 1682 828 1745 είς
851 1681 1062 1735 ἐκείνου
1104 1678 1243 1734 εἶναι
1276 1680 1583 1752 μελλόντων
1608 1679 1935 1750 άρέσκειαν;

2036 667 2204 721 dulcis
2231 667 2469 737 faucibus
2507 671 2634 722 meis
2656 671 2721 722 ¹¹¹.

2108 759 2237 812 204.
2275 758 2330 812 Si
2363 759 2409 813 is
2435 760 2530 829 qui
2565 775 2750 830 regem
2800 761 3000 814 domus
3021 762 3266 832 hospitio
3293 767 3512 835 recipit,
3551 768 3633 822 sic

2039 850 2274 905 illustris
2341 851 2637 921 clarusque
2695 851 2998 914 invenitur.
3079 869 3143 908 ac
3205 857 3423 925 reliquo
3475 858 3631 912 omni

2038 939 2241 1010 gaudio
2304 939 2594 1010 magniﬁce
2645 941 2881 1010 plenus;
2935 941 3069 1011 quid
3119 943 3212 998 ﬁat
3259 946 3489 1012 animo,
3533 949 3631 1018 qui

2040 1032 2246 1102 Regem
2270 1047 2485 1102 regum,
2519 1047 2633 1101 pra:
2661 1047 2760 1086 sua
2787 1032 3082 1094 munditia,
3111 1034 3264 1104 juxta
3289 1051 3353 1090 ac
3384 1037 3475 1091 ille
3500 1053 3632 1093 vere

2039 1122 2324 1193 pollicitus
2369 1133 2455 1176 est
2479 1122 2546 1187 δε,
2574 1122 2926 1192 susceperit?
2959 1123 3101 1190 Quid
3145 1141 3280 1180 vero
3309 1125 3488 1191 sinet,
3535 1131 3630 1199 qui

2040 1215 2191 1271 foras‘
2222 1215 2434 1286 ejiciat,
2461 1215 2610 1286 quod
2645 1214 2714 1270 ad
2745 1217 2867 1288 ejus
2897 1217 3259 1275 refectionem
3307 1237 3418 1276 non
3449 1224 3636 1278 videa-

2040 1315 2167 1373 tur;
2221 1323 2286 1362 ac
2317 1323 2441 1377 quae
2471 1307 2549 1362 illi
2607 1317 2764 1379 grata
2812 1317 2946 1364 sunt
2993 1318 3051 1364 et
3093 1320 3352 1382 accepta,
3388 1314 3636 1382 proclive

2041 1399 2343 1455 admittat?

2110 1491 2238 1548 205.
2273 1492 2378 1560 Qui
2423 1508 2455 1548 a
2485 1509 2614 1564 rege
2648 1494 2703 1548 in
2734 1495 3042 1550 crastinum
3098 1496 3406 1562 vocandus,
3433 1514 3636 1569 exspe-

2041 1584 2284 1640 ctatione
2321 1600 2626 1654 suspensus
2668 1594 2773 1651 est,
2809 1587 2941 1656 quid
2983 1587 3132 1642 aliud
3165 1604 3426 1644 curarum
3452 1601 3641 1646 verset

2041 1674 2251 1739 animo,
2287 1690 2452 1744 quam
2503 1683 2566 1728 ut
2612 1675 2729 1745 ipse
2776 1687 2966 1730 secum
2996 1693 3284 1733 sermones
3333 1680 3537 1749 cogitet
3574 1697 3641 1735 ac

349 1775 523 1829 Τοῦτο
568 1774 814 1845 τηροῦσα
861 1775 1012 1830 πᾶσα
1054 1773 1220 1846 ψυχὴ,
1255 1774 1354 1827 οὐκ
1397 1772 1697 1844 ὀφθήσεται
1723 1772 1939 1841 ἀπαρα-

2054 1769 2391 1836 meditetur,-
2417 1770 2624 1840 quibus
2659 1772 2782 1840 ejus
2809 1771 3040 1842 gratiam
3077 1772 3322 1826 initurus
3363 1775 3494 1827 est?
3525 1773 3642 1830 Hoc

352 1867 657 1931 σκεύαστος
697 1868 837 1937 πρὸς
864 1865 926 1920 τὸ
959 1865 1173 1921 ἐκεῖθεν
1200 1867 1510 1939 κριτήριον.

426 2051 537 2111 σςν.
573 2043 840 2117 Μακαρία
859 2043 1029 2115 ψυχὴ,
1074 2044 1109 2115 ἠ
1151 2043 1244 2097 διὰ
1267 2043 1330 2097 τὸ
1353 2044 1600 2114 σήμερον
1629 2042 1941 2113 προσδοκᾷν
2013 2109 2023 2118 ⁸

351 2137 506 2208 ἥξειν
534 2136 626 2190 τὸν
652 2137 859 2208 Κύριον
900 2137 1123 2206 ἑαυτῆς,
1159 2136 1330 2207 μηδὲν
1359 2135 1640 2207 ἡγουμένη
1682 2135 1819 2198 ὅλως
1848 2135 1942 2187 τὸν

353 2229 522 2283 πόνον
561 2228 663 2300 τῆς
688 2229 902 2302 ἡμέρας
932 2230 1115 2300 πάσης
1136 2244 1150 2258 ⁸
1185 2229 1320 2300 μηδὲ
1342 2229 1436 2282 τὸν
1463 2228 1563 2298 τῆς
1592 2224 1806 2293 νυκτὸς,
1853 2226 1942 2281 διὰ

351 2318 417 2373 τὸ
446 2319 653 2385 εὐθέως
682 2321 777 2374 ἐπὶ
800 2321 861 2374 τὸ
895 2319 1042 2392 πρωῒ
1071 2320 1262 2375 τοῦτον
1291 2319 1513 2392 μέλλειν
1544 2321 1682 2392 αὐτῇ
1710 2320 1943 2390 ἐμφανί-

352 2409 565 2477 ζεσθαι.

428 2503 531 2568 σζ’.
565 2503 787 2568 Πάντας
825 2504 925 2576 μὲν
961 2504 1067 2577 δρᾷ
1103 2507 1132 2560 ὁ
1171 2503 1332 2568 Θεός·
1373 2503 1542 2575 δρῶσι
1575 2502 1634 2556 δὲ
1665 2503 1756 2557 τὸν
1784 2500 1938 2566 Θεὸν,

356 2596 411 2649 οἱ
451 2593 791 2667 Θεωροῦντες
829 2596 998 2667 μηδὲν
1035 2598 1091 2650 ἐν
1119 2595 1199 2665 τῷ
1231 2594 1510 2666 εύχεσθαι.
1545 2594 1808 2663 Καὶ-ὅσοι
1843 2593 1942 2664 μὲν

351 2688 524 2760 δρῶσι
553 2688 644 2743 τὸν
668 2687 822 2754 Θεὸν,
851 2689 950 2744 καὶ
998 2688 1387 2743 είσακούονται
1421 2686 1557 2758 παρ’
1584 2685 1750 2740 αὐτοῦ
1773 2703 1786 2716 ι
1825 2687 1942 2740 ὅσοι

353 2781 414 2837 δὲ
440 2782 543 2835 οὐκ
567 2781 969 2846 είσακούονται,
1005 2781 1128 2834 οὐδὲ
1171 2781 1373 2852 ὁρῶσιν
1409 2779 1594 2833 αὐτόν.
1654 2777 1942 2850 Μακάριος

351 2871 435 2939 δὲ,
515 2875 544 2927 ό
598 2874 873 2928 πιστεύων
915 2875 999 2928 ὅτι
1051 2873 1309 2945 βλέπεται
1346 2871 1452 2925 ὑπὸ
1501 2870 1598 2925 τοῦ
1646 2869 1815 2923 Θεοῦ·
1879 2869 1940 2922 οὐ

354 2965 756 3039 σαλευθήσεται
809 2968 920 3039 γάρ
977 2969 1006 3022 ό
1051 2968 1190 3031 ποὺς
1240 2965 1433 3030 αὐτοῦ,
1497 2964 1598 3036 τῆς
1648 2964 1944 3035 ἀρεσκείας

352 3059 568 3115 ἰκείνου
598 3060 780 3134 χάριν.

2044 1861 2298 1932 quisquis
2321 1863 2724 1928 obServaverit,
2761 1862 2910 1917 haud
2946 1863 3252 1933 imparatus
3287 1864 3357 1919 ad
3387 1864 3642 1924 futurum

2036 1952 2311 2024 judicium
2329 1953 2639 2023 apparebit.

2111 2045 2239 2100 206.
2297 2045 2499 2100 Beatus
2558 2045 2804 2110 animus,
2867 2044 3076 2100 idcirco
3133 2046 3284 2115 quod
3339 2047 3638 2105 Dominum

2043 2153 2205 2193 suum
2234 2137 2400 2193 hodie
2432 2146 2728 2193 venturum
2753 2146 3072 2208 exspectat,
3106 2140 3269 2194 nihili
3298 2141 3509 2196 ducens
3550 2153 3639 2197 to-

2029 2232 2156 2307 tius
2179 2232 2290 2286 diei
2321 2232 2599 2298 laborem;
2634 2247 2698 2286 ac
2724 2232 2892 2286 etiam
2924 2233 3125 2297 noctis,
3167 2233 3318 2304 quod
3345 2234 3436 2290 ille
3453 2236 3640 2292 statim

2044 2335 2206 2376 mane
2242 2321 2596 2392 praesentiam
2629 2320 2682 2376 ei
2713 2322 3070 2378 exhibiturns
3098 2323 3193 2378 sit.

2115 2506 2243 2562 207.
2295 2507 2445 2562 Deus
2498 2507 2723 2577 quidem
2774 2522 2970 2563 omnes
3021 2508 3220 2564 videt:
3263 2511 3456 2566 vident
3501 2527 3640 2569 vero

2045 2601 2221 2656 Deum
2249 2601 2345 2671 qui
2399 2601 2548 2656 inter
2579 2600 2850 2655 orandmn
2881 2601 3021 2655 nihil
3058 2602 3269 2657 vident.
3299 2605 3377 2660 Ac
3408 2606 3636 2675 quidem

2043 2708 2237 2749 omnes
2273 2693 2366 2763 qui
2398 2693 2586 2748 vident
2614 2694 2811 2758 Deum,
2851 2695 2923 2750 ab
2960 2695 3054 2750 illo
3084 2712 3305 2767 quoque
3328 2699 3640 2754 exaudiun-

2044 2793 2168 2839 tur:
2203 2785 2297 2854 qui
2331 2800 2465 2839 vero
2496 2800 2610 2838 non
2640 2785 3034 2848 exaudiuntur,
3066 2802 3248 2856 neque
3276 2787 3640 2845 videnteum.

2042 2877 2244 2933 Beatus
2281 2885 2468 2932 autem
2503 2877 2598 2947 qui
2655 2893 2714 2933 se
2764 2893 2794 2932 a
2828 2876 2940 2933 Deo
2977 2877 3156 2933 videri
3195 2879 3470 2947 credit”;
3529 2898 3642 2938 non

2043 2966 2192 3020 enim
2219 2966 2659 3021 commovebitur
2692 2981 2792 3070 pes
2828 2967 2969 3038 ejus,
3007 2983 3117 3038 qua
3144 2968 3362 3023 ratione
3396 2969 3478 3023 illi
3519 2971 3643 3040 pla-

2045 3067 2172 3108 cere
2211 3053 2418 3108 studet.

428 3152 534 3226 ση¹.
734 3151 886 3216 ὲντδς
929 3152 1088 3223 ἡμῶν
1120 3149 1288 3221 οὔσης
1324 3148 1604 3221 βασιλείας
1641 3148 1710 3203 τά
1737 3148 1940 3217 ἀγαθὰ,

2117 3146 2245 3200 208.
2294 3147 2468 3217 Regni
2526 3147 2834 3212 caelorum,
2897 3147 3045 3217 quod
3098 3149 3245 3204 intra
3309 3166 3410 3206 nos
3473 3153 3640 3219 est",

355 3251 387 3304 δ
412 3247 749 3318 φιλόκοσμος
780 3243 1061 3315 ὀφθαλμὸς
1090 3244 1190 3297 οὐκ
1210 3239 1341 3296 εἶδε*
1375 3242 1472 3296 καὶ
1496 3241 1633 3312 ἀκοὴ
1663 3241 1944 3312 φιλότιμος

351 3341 456 3395 οὐκ
481 3339 708 3412 ἢκουσε,
735 3339 832 3392 καὶ
867 3339 960 3392 ἐπὶ
985 3337 1214 3409 καρδίαν
1247 3335 1412 3406 κενὴν
1439 3333 1760 3404 Πνεύματος
1786 3333 1942 3402 ἁγίου

349 3433 455 3487 οὐκ
489 3432 690 3504 ἀνέϐη·
715 3430 1044 3503 ἀρῥαϐῶνές
1082 3434 1190 3484 εἰσι
1235 3430 1343 3482 τῶν
1376 3426 1681 3498 μελλόντων
1704 3425 1941 3480 δίδοσθαι

349 3528 470 3590 Ιιτοίς
495 3525 730 3590 δικαίοις
772 3523 994 3593 ἀγαθῶν
1025 3526 1081 3579 ἐν
1111 3525 1177 3594 τῇ
1217 3521 1490 3594 μελλούσῃ
1526 3520 1776 3592 βασιλείᾳ
1806 3511 1944 3590 Χρι-

352 3617 486 3673 στοῦ
507 3635 521 3650 ·
564 3618 662 3672 καὶ
701 3619 730 3670 ό
781 3617 858 3688 μὴ
895 3619 953 3670 ἐν
981 3616 1196 3680 τούτοις
1229 3615 1473 3685 τρυφῶν,
1503 3614 1701 3678 οἵτινές
1729 3615 1866 3666 εἰσιν
1891 3613 1941 3665 oi

351 3710 560 3780 καρποὶ
590 3708 938 3780 Πνεύματος,
984 3711 1044 3769 ἐν
1085 3707 1386 3761 ἀπολαύσει
1429 3706 1654 3760 ἐκείνων
1686 3703 1941 3775 γενέσθαι

348 3801 416 3853 οὐ
445 3799 686 3854 δύναται.

428 3892 528 3948 σθ’.
556 3893 617 3946 οἱ
639 3892 748 3945 τῶν
778 3891 1103 3962 πρακτικῶν
1135 3891 1390 3960 λογισμοὶ
1423 3889 1644 3960 ἐλάφοις
1675 3889 1940 3944 ἐοίκασιν.

359 3985 453 4048 Ὧς
490 3985 599 4056 γὰρ
629 3987 835 4039 ἐκεῖναι
881 3985 1014 4038 ποτὲ
1057 3985 1156 4056 μὲν
1209 3984 1322 4038 ἀνω
1360 3985 1498 4038 εἰσὶν
1535 3986 1595 4038 ὲν
1643 3987 1757 4050 τοῖς
1789 3985 1942 4058 ὄρεσι

347 4075 442 4131 διὰ
479 4078 570 4131 τὸν
603 4077 768 4146 φόϐον
797 4077 904 4130 τῶν
944 4076 1221 4148 θηρατῶν,
1263 4077 1395 4131 ποτὲ
1427 4077 1484 4131 δὲ
1531 4075 1685 4132 κάτω
1726 4081 1786 4132 ἐν
1824 4080 1942 4141 ταῖς

349 4165 572 4220 κοιλάσι
628 4163 717 4219 διὰ
769 4166 861 4219 τὸν
920 4165 1086 4219 πόθον
1130 4167 1240 4219 τῶν
1282 4167 1340 4220 ὲν
1374 4167 1568 4230 αύταῖς
1594 4183 1608 4198 °
1663 4165 1806 4221 οὕτω
1847 4168 1943 4221 καὶ

349 4252 501 4312 οὗτοι
527 4274 541 4288 ·
575 4255 702 4310 οὔτε
729 4258 964 4310 πάντοτε
1016 4259 1073 4310 ἐν
1108 4257 1314 4328 θεωρίᾳ
1355 4261 1701 4329 πνευματικῇ
1751 4257 1945 4311 δύναν-

349 4367 446 4402 ται
505 4345 682 4411 εῖναι,
731 4349 821 4403 διὰ
857 4349 918 4402 τὸ
957 4348 1138 4403 αὐτῶν
1190 4349 1438 4414 εὐτελέςο
1471 4349 1597 4404 οὗτε
1653 4352 1740 4404 ἀεὶ
1786 4353 1844 4404 ἐν
1873 4349 1938 4421 τῇ

2046 3237 2230 3294 seaculi
2255 3253 2446 3292 amans
2479 3238 2720 3304 animus,
2747 3238 2892 3292 bona
2932 3253 3040 3292 non
3072 3238 3235 3304 vidit,
3268 3248 3325 3296 et
3349 3241 3644 3297 ambitiosa

2043 3330 2194 3384 auris
2217 3345 2328 3384 non
2345 3328 2580 3396 audivit,
2611 3344 2714 3383 nec
2743 3329 2797 3382 in
2831 3343 2928 3383 cor
2957 3329 3173 3399 Spiritu
3189 3340 3382 3386 sancto
3405 3348 3641 3386 vacuum

2043 3422 2413 3477 ascenderunt
2435 3422 2502 3474 ⁸⁵.
2557 3421 2766 3491 Nempe
2830 3420 3177 3477 arrhabones
3236 3431 3368 3477 sunt
3420 3424 3640 3478 illorum

2043 3513 2340 3577 bonorum,
2397 3525 2520 3583 qua:
2552 3513 2719 3582 justis
2761 3512 2819 3566 in
2855 3513 3047 3567 futuro
3083 3511 3293 3568 Christi
3340 3531 3510 3584 regno
3541 3515 3642 3570 tri-

2043 3601 2308 3656 buentur.
2350 3600 2450 3664 Ac,
2486 3599 2582 3669 qui
2621 3599 2676 3653 in
2716 3599 2826 3653 illis
2869 3615 2981 3654 non
3010 3598 3320 3654 delectatur
3347 3601 3461 3672 (qui
3511 3612 3643 3656 sunt

2043 3691 2258 3747 fructus
2297 3690 2558 3763 Spiritus)
2586 3707 2690 3747 nec
2715 3700 2776 3745 ut
2802 3692 2913 3746 illis
2945 3691 3162 3746 fruatur
3185 3694 3404 3764 assequi
3431 3702 3638 3764 potest.

2112 3870 2239 3926 209.
2273 3869 2589 3927 Colentium
2619 3869 2894 3924 actionem
2945 3870 3312 3940 cogitationes
3357 3871 3640 3940 animique

2044 3967 2292 4022 rationes
2320 3959 2507 4019 cervis
2547 3963 2692 4017 haud
2736 3963 3020 4018 absimiles
3080 3971 3232 4018 sunt.
3265 3962 3636 4028 Quemadmo—

2043 4059 2176 4114 dum
2201 4058 2350 4113 enim
2381 4057 2554 4122 cervi,
2595 4056 2762 4111 modo
2797 4056 3072 4110 montium
3119 4056 3414 4124 superiora
3447 4066 3642 4112 tenent

2044 4149 2116 4204 ob
2162 4157 2492 4204 venatorum
2552 4157 2796 4212 metum;
2848 4145 3013 4200 modo
3062 4145 3325 4215 depressa
3370 4146 3638 4207 vallium,

2044 4259 2157 4314 quo
2202 4244 2421 4298 illarum
2462 4239 2684 4310 pascuis
2715 4237 2996 4293 desiderio
3044 4237 3396 4304 adiciuntur;
3452 4239 3532 4293 sic
3587 4248 3643 4295 et

2045 4338 2172 4401 illae,
2202 4350 2308 4390 nec
2331 4347 2548 4404 semper
2582 4331 2640 4385 in
2673 4329 2912 4401 spiritali
2942 4329 3408 4400 contemplatione
3431 4331 3640 4385 versari

353 4443 586 4511 φυσικῇ,
625 4439 714 4493 διὰ
741 4439 800 4492 τὸ
835 4438 911 4511 μὴ
939 4440 1039 4511 τὴν
1075 4440 1386 4494 ἀνάπαυσιν
1412 4440 1633 4495 διώκειν
1678 4441 1786 4495 ἀεί.
1820 4441 1941 4494 Τῶν

2054 4434 2302 4499 possunt.
2336 4425 2503 4496 666
2523 4422 2595 4478 ob
2625 4437 2780 4478 suam
2799 4422 3162 4488 tenuitatem;
3189 4437 3291 4478 nec
3319 4422 3373 4476 in
3405 4425 3642 4477 naturali

354 4531 544 4602 μέντοι
584 4531 960 4602 θεωρητικῶν,
995 4531 1336 4600 περιπεζίων
1391 4532 1700 4604 ὑπερόπται
1733 4532 1942 4602 θεωρη-

355 4623 546 4694 μάτων
576 4623 956 4677 καθίστανται.

426 4887 514 4938 σι’.
544 4883 699 4938 Βόλοι
738 4883 839 4954 μὲν
884 4884 1080 4955 δρόσου
1112 4887 1208 4960 (g),
1247 4889 1355 4960 γῆς
1384 4889 1753 4962 μεθύσκουσιν
1778 4889 1946 4944 αὔλα-

333 5015 390 5115 t“
426 5039 471 5115 ζ’
494 5040 652 5097 Cant.
687 5015 726 5108 ι,
757 5045 842 5099 15.
921 5043 968 5078 ⁸ο
997 5043 1156 5101 Cant.
1189 5064 1249 5112 ιι,
1285 5048 1350 5115 1;
1382 5047 1528 5101 Psal.
1558 5063 1670 5112 cm,
1703 5047 1790 5101 16.

427 5233 712 5304 (9)Βόλοι
761 5237 1010 5305 δρόσου.
1037 5223 1128 5295 Sic
1160 5241 1332 5296 etiam
1380 5251 1570 5297 vetera
1629 5240 1828 5298 Lexica
1879 5255 1947 5296 ex

347 5303 517 5374 Greg.
545 5306 740 5372 citant,
777 5303 1096 5380 habentque
1125 5309 1313 5380 Graeca
1347 5313 1545 5378 Biblia,
1583 5311 1746 5368 stium
1766 5314 1942 5379 roris;

349 5385 584 5458 ipsaque
637 5389 778 5445 adeo
831 5375 1021 5447 Hebr:
1052 5375 1259 5459 [redux
1306 5394 1364 5450 in
1418 5375 1540 5466 qua
1572 5411 1708 5466 voce
1754 5375 1935 5452 Ab‘en.

348 5471 498 5554 Esra‘
535 5473 656 5554 vult
685 5489 723 5534 ιιι
767 5491 890 5554 esse
940 5475 1330 5554 formativum.
1362 5464 1521 5554 quasi
1567 5496 1597 5534 a
1635 5464 1828 5554 553px
1878 5495 1946 5534 eo

348 5542 502 5620 quod
530 5543 691 5620 stillae
732 5547 1010 5620 ejusmodi
1052 5549 1304 5620 rotunda:
1343 5542 1456 5604 sint
1503 5567 1568 5605 ac
1597 5549 1754 5620 quasi
1806 5565 1944 5603 con-

345 5613 575 5693 voluttc.
635 5614 730 5670 Sic
765 5613 824 5671 et
879 5617 1022 5693 pexo;
1055 5619 1270 5693 δρόσου,
1320 5621 1490 5693 quod
1517 5613 1676 5691 quasi
1705 5692 1710 5693 γ
1735 5620 1946 5693 glebali

349 5683 830 5762 iaciantueroce
847 5683 982 5762 satis
1004 5683 1287 5762 ingeniose
1305 5683 1618 5762 excogitata
1639 5683 1941 5762 TO‘tELXX.

353 5754 426 5808 At
453 5754 602 5825 quod
636 5754 791 5827 Xyst.
817 5757 1024 5812 habent
1057 5754 1236 5829 βῶλοιη,
1279 5754 1639 5834 αἰωνίων-ἥδ,
1681 5761 1946 5831 nullaque

559 5847 836 5914 PATBOL.
891 5849 1013 5914 (in.
1054 5852 1188 5915 XC.

1893 5045 1938 5078 ⁸¹
1972 5044 2133 5101 Cant.
2165 5061 2226 5111 ιι,
2259 5045 2314 5099 5.

348 5107 401 5140 θ’*
434 5106 570 5166 Luc.
603 5106 734 5182 xvn,
762 5115 852 5169 2i.
932 5117 978 5148 ⁸⁵
1004 5117 1026 5172 Ι
1053 5115 1179 5172 Cor.
1209 5106 1248 5172 ii
1274 5106 1348 5174 9..
1405 5117 1452 5148 ⁸⁸
1476 5117 1602 5173 Job.
1641 5106 1866 5182 invni,
1899 5117 1990 5172 28.

2051 4534 2271 4588 semper
2297 4514 2698 4588 speculatione,
2723 4512 2872 4583 quod
2894 4529 3012 4567 non
3036 4528 3256 4582 semper
3285 4513 3644 4568 refectionem

2051 4619 2300 4682 quaerant
2331 4623 2396 4663 ac
2417 4607 2685 4677 quietem.
2716 4604 2924 4659 Eorum
2960 4618 3093 4657 vero
3124 4603 3219 4672 qui
3247 4603 3472 4658 student
3505 4619 3646 4659 con-

2054 4701 2401 4774 templationi
2447 4698 2647 4762 animi,
2682 4695 2914 4751 humilia
2955 4709 3120 4750 sensa
3167 4695 3412 4766 proclive
3448 4705 3644 4753 conte-

2053 4804 2274 4853 mnunt.

2123 4887 2250 4942 210.
2303 4885 2476 4942 Stille
2525 4880 2730 4939 roris"
2775 4889 2936 4936 terrae
2992 4878 3177 4934 sulcos
3229 4878 3528 4934 infundunt
3581 4894 3646 4936 ac

2423 5043 2469 5074 ⁸⁸
2514 5041 2674 5098 Joan.
2703 5056 2816 5106 xxv,
2857 5038 2951 5094 23.
3056 5036 3103 5068 ⁸³
3133 5036 3280 5092 Psal.
3311 5052 3515 5103 xxxvu,
3556 5037 3642 5092 17.

2056 5242 2210 5297 varia
2238 5242 2481 5297 lectione
2524 5240 2760 5309 interpr.
2807 5235 2988 5309 affert,
3041 5233 3250 5309 nullus_
3281 5231 3490 5309 probo;
3544 5248 3648 5309 nec

2055 5313 2219 5367 video
2245 5327 2498 5382 quaenam
2533 5303 3029 5382 apta-metaphora.
3057 5305 3278 5382 ut_rpris
3295 5303 3646 5382 ﬁduciaquod

2051 5372 2278 5453 optime'
2297 5383 2545 5438 reddidit
2565 5372 2753 5450 Vulg,
2787 5372 3050 5432 dicantur
3078 5374 3265 5445 gleba.
3288 5372 3445 5438 Quod
3477 5375 3646 5428 etiam

2053 5482 2234 5521 massa
2281 5466 2538 5521 redditur
2569 5481 2634 5520 ea
2672 5479 2798 5526 vox,
2836 5462 3008 5532 βῶλος
3040 5458 3261 5526 σιδήρου
3301 5456 3472 5511 Eccli.
3509 5473 3646 5524 xxu,

2053 5558 2110 5603 et
2149 5549 2317 5620 βῶλος
2351 5549 2578 5620 χρυσέα,
2606 5564 2709 5618 pro
2730 5548 2869 5620 sole,
2900 5543 3080 5620 Apoll.
3142 5540 3340 5595 Rhodii
3372 5539 3552 5620 schol.
3577 5558 3647 5620 ex

2053 5609 2512 5693 Eu_i'_ipide,:'niliil
2541 5609 3046 5693 congruit,__qtiod_
3073 5628 3291 5693 massa,
3327 5609 3510 5693 magni
3545 5613 3649 5692 ali-

2054 5681 2485 5760 quid'ponderis
2509 5691 2601 5755 sit,
2636 5681 2928 5760 nonexile
2953 5684 3136 5760 quid._
3156 5681 3645 5760 uti_sti.llm‘roris:

2055 5750 2292 5831 quarum
2328 5763 2561 5826 stillare,
2591 5750 2779 5830 spargi
2832 5766 2916 5812 est
2943 5750 2998 5810 et
3031 5757 3163 5827 jaci,
3218 5751 3278 5804 τὸ
3332 5750 3642 5822 βάλλεσθαι.

3128 5843 3206 5905 Ιιϐ
