4060 6420
388 311 526 378 1453

1562 319 1740 378 ALIA
1779 319 1883 377 EX
1919 312 2162 376 VATIC.
2205 316 2494 377 C.\PITA.

3535 311 3671 374 143i

460 425 584 480 σιθν.
636 425 710 479 Οὑ
755 426 952 480 ταυτόν
997 428 1144 480 ἐστιν
1191 420 1272 490 οἷς
1321 427 1645 498 ἐσταυρώθη
1691 430 1718 480 ὁ
1748 428 1970 496 κόσμος,

2149 425 2271 480 219.
2334 427 2452 480 Non
2515 425 2658 480 idem
2705 431 2812 487 est,
2859 423 3065 493 quibus
3095 421 3338 476 mundus
3374 419 3672 475 crucifixus

385 519 480 570 καὶ
512 520 710 580 οἵτινες
753 518 830 590 τῷ
865 520 1055 590 κόσμῳ
1093 519 1488 590 ὲσταύρωνται.
1541 520 1665 583 Τοῖς
1705 520 1804 590 μὲν
1841 518 1970 588 γὰρ,

383 605 507 682 ἧλοι
547 611 771 680 νηστεία
821 613 916 665 καὶ
961 612 1275 682 ἀγρυπνία·
1322 615 1434 676 τοῖς
1485 613 1564 674 δὲ,
1614 612 1973 682 ἀκτημοσύνη

385 703 480 755 καὶ
512 702 878 768 ἐξουδένωσις.
924 704 1045 756 Τῶν
1085 705 1142 758 δὲ
1176 705 1442 777 δευτέρων
1481 705 1670 777 χωρὶς,
1719 706 1768 757 οί
1823 705 1973 757 πόνοι

382 794 496 847 τῶν
531 795 822 868 προτέρων
851 797 1169 865 ἀνωφελεῖς.

467 892 568 937 σκ’.
618 887 693 938 Οὐ
735 886 992 956 καθαρῶς
1029 887 1251 942 δύναται
1293 887 1720 960 προσεύξασθαι,
1761 890 1788 941 ό
1824 888 1974 958 φιλο-

385 975 537 1047 κάλῳ
585 978 746 1032 πάθει
808 979 874 1050 (j)
925 983 1020 1034 καὶ
1077 981 1346 1051 φιλοτίμῳ
1397 982 1788 1052 κρατούμενος.
1842 981 1976 1053 Περὶ

382 1068 557 1123 ταῦτα
593 1071 700 1142 γὰρ
723 1073 778 1124 αί
812 1072 1048 1142 σχέσεις,
1077 1074 1170 1126 καὶ
1210 1073 1260 1125 οἱ
1290 1074 1390 1143 τῆς
1429 1073 1793 1143 ματαιότητος
1827 1071 1972 1140 λογι-

387 1161 515 1230 σμοὶ
542 1161 642 1232 τὴν
663 1161 973 1233 οἰκειότητα
998 1162 1232 1232 ἔχοντες,
1270 1165 1477 1234 σχοινία
1504 1163 1754 1234 καθάπερ
1779 1163 1976 1234 ἐκείνῳ

385 1252 844 1323 περιπλεκόμενοι
868 1253 1125 1321 γίνονται.
1158 1256 1550 1320 κατασπῶντες
1572 1256 1646 1319 ὡς
1666 1252 1755 1310 οἵα
1783 1274 1977 1323 στρου-

386 1342 500 1396 θίον
538 1344 822 1414 δεδεμένον
859 1346 1163 1418 ἀναπτῆναι
1210 1348 1552 1419 πειρώμενον
1593 1351 1650 1402 ὲν
1680 1348 1757 1420 τῷ
1797 1349 1978 1421 καιρῷ

384 1435 486 1505 τῆς
513 1436 699 1507 εὐχῆς.

461 1533 600 1579 σκαθ.
659 1527 950 1583 ’Λδὺνατον
995 1530 1276 1600 εἰρηνικὸν
1313 1528 1570 1600 γενέσθαι
1617 1531 1708 1584 τὸν
1746 1531 1870 1584 νοῦν
1921 1533 1977 1587 ὲν

386 1617 547 1688 εὑχῇ,
580 1619 910 1690 ἐγκράτειαν
939 1622 1034 1676 καὶ
1063 1625 1284 1692 ἀγάπην
1331 1623 1492 1696 φίλην
1523 1624 1612 1676 τὸν
1643 1624 1719 1694 μὴ
1768 1624 1979 1694 κτησά-

390 1725 572 1777 μενον.
601 1709 669 1762 'll
705 1711 804 1781 μὲν
828 1711 958 1783 γὰρ,
983 1709 1080 1784 τὴν
1115 1713 1258 1766 κατὰ
1286 1715 1386 1784 τῆς
1423 1714 1603 1785 ψυχῆς
1642 1717 1707 1768 ὲκ
1740 1714 1834 1767 τοῦ
1870 1713 1977 1768 σώ-

392 1818 563 1871 ματος
586 1779 787 1875 ἔχθραν
818 1779 1108 1860 καταλύειν
1130 1779 1609 1878 ἐπαγωνίζεται·νὴ
1627 1808 1704 1873 δὲ,
1724 1808 1824 1878 τὴν
1843 1809 1980 1880 πρὸς
2012 1779 2059 1842 Β

385 1891 480 1946 ’τὸν
519 1895 747 1965 πλησίον
787 1897 872 1950 διὰ
907 1899 997 1954 τὸν
1029 1901 1182 1955 Θεόν.
1221 1900 1594 1971 Κάεθτεῦθενή
1641 1902 1983 1972 ὑπερέχουσα

389 1986 569 2040 πάντα
597 1989 721 2042 νοὺν
745 1992 934 2062 είρήνη
959 1989 1321 2064 ὲπιδημοῦσα,
1341 1995 1510 2065 μονὴν
1544 1993 1818 2049 ποιεῖσθαι
1846 1995 1980 2066 πρὸς

388 2075 482 2130 τὸν
513 2079 714 2132 οὑτωσὶ
749 2083 1245 2154 κατειρηνεύσαντα
1275 2085 1659 2156 ἐπηγγείλατο.

468 2256 604 2327 σκβ’.
672 2258 912 2330 Ἀνάγκη
955 2259 1048 2314 τοῦ
1095 2262 1176 2324 είς
1224 2260 1504 2331 βασιλείαν
1543 2262 1676 2316 Θεοῦ
1720 2263 1982 2333 ἀγωνιζο-

395 2348 561 2419 μένου
586 2351 868 2419 εἰσελθεῖν,
901 2355 1251 2424 περισσεύειν
1271 2356 1329 2408 ὲν
1355 2355 1579 2423 ἀγαθοῖς
1607 2357 1668 2410 τὸ
1696 2357 1858 2428 ἔργον
1885 2359 1984 2429 τῆς

390 2440 740 2513 δικαιοσύνης
767 2444 964 2497 αὑτοῦ-
1009 2449 1064 2498 ἐν
1109 2445 1504 2518 ἐλεημοσύναις
1533 2449 1654 2519 μὲν,
1682 2448 1770 2502 διὰ
1793 2451 1891 2520 τῆς
1921 2451 1984 2504 ἐκ

388 2532 485 2586 τοῦ
525 2533 910 2606 ὑστερήματος
941 2538 1188 2610 παροχῆς
1212 2555 1227 2570 ο
1265 2540 1323 2592 ὲν
1366 2541 1549 2604 πόνοις
1574 2541 1652 2607 δὲ,
1688 2545 1800 2605 τοῖς
1842 2542 1983 2613 ὑπὲρ

389 2621 492 2694 τῆς
525 2625 774 2696 εἰρήνης,
811 2625 902 2682 διὰ
925 2627 1019 2682 τοῦ
1053 2631 1513 2701 ἀποστερήματος
1543 2629 1616 2703 (Ic)
1648 2631 1748 2701 τῆς
1779 2635 1836 2686 ὲν
1867 2635 1982 2688 Κυ-

392 2714 499 2787 ρίῳ
536 2716 837 2788 ὑπομονῆς.

462 2808 606 2876 σκγ’.
657 2809 794 2865 Οὑτε
830 2813 858 2866 ὀ
901 2812 1096 2878 ἐνδεῶς
1127 2815 1266 2887 πρὸς
1310 2815 1513 2886 ἀρετὴν
1547 2815 1686 2887 ἔχων
1743 2817 1830 2872 διὰ
1883 2819 1982 2890 τὴν

390 2901 675 2971 ἀμέλειαν,
731 2904 854 2958 οὔτε
901 2909 930 2959 ὁ
975 2908 1244 2978 περιττῶς
1297 2907 1388 2962 διὰ
1436 2907 1536 2979 τὴν
1583 2909 1782 2980 οἴησιν,
1849 2912 1983 2966 εἴσω

389 2991 612 3064 λιμένος
629 2995 724 3049 τοῦ
755 2998 894 3051 κατὰ
928 2998 1024 3069 τὴν
1063 2998 1332 3053 ἀπάθειαν
1381 2999 1786 3071 εὑρεθήσονται.
1819 3003 1983 3057 Οὑδέ-

388 3101 550 3156 τερος
575 3087 685 3159 γὰρ
713 3088 821 3141 τῶν
847 3093 910 3144 ὲκ
943 3091 1294 3164 δικαιοσύνης
1332 3097 1392 3148 ἐν
1421 3094 1720 3149 ἀπολαύσει
1754 3097 1982 3165 γέγονεν

389 3175 636 3244 ἀγαθῶν,
683 3181 955 3247 μεσέτιδος
994 3183 1390 3259 εὑρισκομένης
1429 3189 1632 3257 αὑτοῖς,
1693 3189 1982 3260 ἐλλείψεως

392 3266 488 3320 καλ⁴
509 3269 839 3341 ὑπερϐολῆς.

464 3359 596 3416 σκδν.
625 3361 764 3418 Οὒτε
799 3366 830 3435 ή
861 3367 931 3437 γῆ
968 3369 1017 3421 εί
1058 3367 1134 3439 μὴ
1168 3369 1576 3426 πολυπλασίονα
1628 3374 1707 3444 τῷ
1747 3376 1983 3448 γεωργῷ

387 3449 486 3504 τὸν
515 3453 679 3508 πόνον
710 3457 1026 3528 χαρίσηται,
1063 3459 1297 3533 εὔπορον
1343 3465 1438 3518 καί⁸
1472 3466 1693 3537 ἀνενδεῆ
1734 3470 1985 3540 ἀπεργά-

391 3558 546 3597 σεται
569 3547 754 3614 αὑτὸν,
787 3550 948 3619 μόνον
991 3551 1083 3604 τὸν
1139 3555 1342 3624 σπόρον
1389 3561 1767 3629 παρεχομένη,
1805 3559 1837 3632 ἢ
1889 3560 1983 3614 καὶ

392 3632 603 3702 μικράν
667 3653 788 3690 τινα
836 3638 1198 3711 προσθήκηνο
1265 3641 1389 3696 οὕτε
1448 3646 1527 3716 τῷ
1576 3647 1868 3718 πρακτικῷ
1921 3647 1984 3700 τὸ

390 3723 690 3795 ἀνυόμενον
720 3729 899 3800 ἔργον,
934 3733 981 3784 εί
1034 3733 1110 3804 μὴ
1165 3739 1414 3805 κρεῖττον
1459 3742 1555 3808 τῆς
1605 3741 1983 3812 προαιρέσεως

389 3814 626 3888 αὑτοῦή
669 3820 874 3892 σπουδὴ
921 3823 1199 3897 εὑρεθείη,
1255 3827 1393 3897 πρὸς
1448 3828 1541 3882 τὸν
1597 3829 1730 3884 Θεὸν
1771 3831 1983 3886 δίκαιον

390 3907 813 3977 ἀπεργάσασθαι
842 3914 1091 3973 δύναται.

461 4094 596 4144 σκε’.
629 4089 767 4144 Οὔτε
803 4093 1004 4158 πάντες
1052 4097 1102 4150 οἱ
1138 4097 1570 4173 μὴιάγαπῶντες
1618 4101 1710 4154 τὸν
1754 4101 1984 4175 πλησίον

394 4181 572 4250 μισεῖν
597 4181 886 4235 δύνανται·
938 4183 1064 4240 οὔτε
1104 4189 1154 4240 at
1196 4189 1270 4261 μὴ
1314 4191 1601 4260 μισοῦντες
1631 4193 1793 4246 αὑτὸν
1842 4195 1984 4263 ἀγα-

391 4268 500 4339 πᾷν
525 4283 538 4298 ο
568 4269 662 4324 καὶ
693 4271 822 4325 ἄλλο
857 4263 980 4343 μέν’
1008 4277 1147 4342 ἐστι,
1187 4277 1250 4330 τὸ
1290 4279 1604 4348 βασκαίνειν
1642 4282 1852 4335 ἐκείνου
1885 4284 1986 4354 τὴν

390 4360 598 4431 ἀρετήν
617 4376 631 4390 ·
659 4361 845 4433 ἕτερον
869 4365 928 4419 δὲ
960 4366 1022 4420 τὸ
1057 4368 1131 4438 μὴ
1163 4370 1413 4439 ἐμποδὼν
1434 4372 1582 4443 αὑτῷ
1631 4375 1986 4444 εὑρίσκεσθαι

2082 526 2188 582 est,
2224 527 2279 572 et
2318 520 2412 588 qui
2451 519 2659 573 mundo
2686 517 2937 572 crucifixi
2975 515 3188 572 sunt”.
3225 515 3362 570 Nam
3401 514 3510 568 illis
3543 512 3670 583 qni-

2084 607 2209 662 dem
2240 609 2381 662 clavi
2413 616 2563 672 sunt,
2597 608 2872 679 jejunium
2915 616 2972 661 ct
2999 607 3235 675 vigiliae;
3273 605 3362 657 his
3395 619 3546 669 vero,
3585 618 3672 655 re.-

2083 717 2203 755 rum
2243 701 2521 755 abdicatio
2575 715 2640 755 ac
2697 700 2782 753 sui
2824 705 3196 766 contemptus.
3247 697 3422 749 Porro
3462 694 3672 762 absque

2083 791 2362 853 secundis,
2387 791 2637 860 priorum
2671 788 2888 842 labores
2911 786 3118 840 nullius
3145 792 3274 839 sunt
3299 783 3490 853 frugis.

2151 883 2276 937 220.
2317 883 2434 936 Non
2481 890 2663 951 potest
2694 896 2834 951 pura
2873 887 3058 932 mente
3089 893 3272 941 orare,
3311 875 3406 945 qui
3450 875 3674 944 elegan-

2085 976 2242 1029 tioris
2300 975 2485 1029 cultus
2545 975 2883 1044 honorisque
2941 972 3148 1026 affectu
3205 979 3445 1024 tenetur.
3513 969 3675 1023 Circa

2084 1067 2200 1122 hzec
2229 1067 2376 1120 enim
2413 1067 2676 1121 libidines
2707 1081 2971 1136 vanzeque
3009 1063 3374 1133 cogitationes
3409 1078 3532 1115 cum
3578 1077 3679 1114 ne-

2084 1159 2478 1214 cessitudinem
2503 1159 2766 1221 habeant,
2794 1159 2946 1212 velut
2971 1155 3206 1210 funiculi
3234 1155 3282 1208 ei
3315 1151 3675 1222 circumplexi

2085 1246 2244 1310 ﬁunt,
2278 1249 2578 1317 passerculi
2636 1248 2692 1300 in
2751 1263 2964 1301 morem
3012 1246 3372 1300 detrahentes
3429 1253 3676 1313 tempore

2084 1339 2374 1403 orationis,
2409 1339 2538 1393 dum
2581 1341 2802 1394 evolare
2827 1338 3047 1393 nititur.

2153 1531 2280 1586 221.
2314 1528 2457 1584 Fieri
2489 1546 2597 1584 non
2628 1538 2810 1599 potest
2853 1538 2913 1582 ut
2947 1544 3103 1582 mens
3125 1528 3179 1582 in
3209 1526 3459 1581 oratione
3485 1531 3678 1595 pacata
3713 1511 3728 1544 ί

2085 1624 2177 1689 sit,
2203 1622 2308 1677 nisi
2344 1622 2742 1677 continentiam
2772 1637 2834 1676 ac
2861 1621 3216 1676 dilectionem
3253 1618 3484 1672 amicam
3529 1617 3678 1671 obti-

2087 1724 2231 1770 neat.
2295 1716 2373 1770 Ac
2418 1715 2644 1785 quidem
2704 1715 2796 1768 illa
2843 1730 2966 1783 quae
2997 1729 3064 1767 ex
3116 1727 3350 1782 corpore
3413 1711 3682 1765 adversus

2086 1807 2346 1871 animam,
2368 1806 2655 1861 inimicitia
2678 1814 2786 1871 est,
2804 1805 2992 1860 studet
3015 1805 3350 1868 dissolvere,
3386 1803 3501 1856 lucc
3519 1819 3677 1866 vero,

2087 1912 2209 1966 qua:
2232 1896 2497 1952 adversus
2519 1896 2828 1968 proximum
2860 1904 3183 1966 estpropter
3203 1893 3678 1962 Deum.lndeque,

2087 2004 2209 2058 qua:
2241 2005 2460 2045 omnem
2508 2005 2730 2044 sensum
2762 2001 3093 2058 exsuperat,
3130 2004 3237 2058 pax
3283 1987 3590 2042 adveniens
3609 1987 3677 2050 ⁸³,

2087 2079 2434 2134 mansionem
2473 2096 2532 2136 se
2562 2080 2832 2135 facturam
2865 2079 3111 2150 pollicita
3137 2087 3221 2134 est
3246 2079 3313 2144 ὀ,
3344 2077 3491 2148 apud
3524 2093 3676 2142 eum,

2089 2170 2181 2240 qui
2205 2187 2272 2224 eo
2297 2187 2354 2226 se
2388 2171 2572 2235 modo,
2607 2187 2814 2242 suaque
2855 2187 2988 2241 pace
3017 2171 3412 2240 composuerit.

2157 2263 2284 2318 222.
2331 2263 2570 2318 Necesse
2609 2271 2714 2329 est,
2745 2271 2806 2316 ut
2833 2265 2956 2332 ejus
2986 2261 3082 2332 qui
3136 2261 3419 2317 contendit
3469 2251 3680 2314 intrare

2087 2354 2143 2410 in
2178 2371 2408 2426 regnum
2460 2355 2646 2420 Dei“,
2699 2370 2841 2425 opus
2875 2354 2930 2408 in
2966 2353 3130 2408 bonis
3159 2353 3441 2418 abundet;
3480 2367 3682 2420 nempe

2087 2447 2141 2502 in
2175 2447 2563 2519 eleemosynis,
2593 2446 2891 2518 praabendo
2925 2462 2994 2502 ex
3018 2461 3085 2500 eo
3113 2445 3260 2516 quod
3310 2444 3390 2498 illi
3415 2445 3570 2499 deest
3589 2445 3633 2475 9’
3662 2459 3678 2496 :

2086 2541 2139 2594 in
2173 2539 2458 2594 laboribus
2484 2555 2637 2604 vero,
2684 2539 2836 2609 pacis
2864 2555 3052 2602 causa,
3106 2555 3206 2608 per
3232 2537 3353 2609 ejus
3393 2535 3681 2608 patientia:

2083 2631 2493 2688 fraudationem
2527 2649 2650 2703 quaa
2676 2633 2732 2687 in
2765 2632 3002 2688 Domino
3022 2641 3128 2688 est.

2154 2810 2278 2865 225.
2307 2810 2420 2865 Nec
2451 2809 2545 2880 qui
2575 2809 2642 2863 ad
2681 2808 2968 2873 virtutem,
2999 2823 3109 2878 qua
3145 2806 3400 2863 socordia
3434 2805 3675 2868 laborat,

2083 2904 2269 2957 minus
2297 2903 2485 2967 habet,
2511 2917 2614 2956 nec
2649 2902 2743 2972 qui
2781 2901 3058 2971 superflue
3084 2941 3098 2965 ,
3133 2917 3240 2970 qua
3288 2901 3479 2955 itidem
3531 2900 3682 2954 inani

2084 2995 2504 3048 existimatione
2555 3009 2619 3047 ac
2652 2993 2936 3062 jactantia,
2984 2993 3130 3046 intra
3164 2991 3685 3062 imperturbationis

2085 3096 2312 3155 portum
2363 3093 2640 3138 occurret.
2688 3084 2897 3138 Neuter
2940 3084 3089 3138 enim
3141 3083 3417 3138 bonorum
3453 3083 3685 3152 justitim

2087 3193 2314 3248 compos
2344 3177 2587 3241 exstitit,
2614 3176 2820 3246 quippe
2852 3191 2978 3230 cum
3013 3175 3177 3229 ambo
3214 3173 3464 3229 defectus
3489 3189 3683 3228 exces-

2087 3285 2292 3339 susque
2322 3271 2478 3339 juxta
2503 3267 2946 3322 mediocritatem
2983 3283 3094 3320 non
3129 3264 3466 3320 invenerint.

2155 3360 2280 3413 224.
2316 3359 2428 3413 Nec
2468 3366 2612 3412 terra
2639 3398 2653 3422 ,
2686 3358 2794 3412 nisi
2852 3357 3147 3426 multiplici
3200 3365 3386 3425 segete
3430 3353 3684 3425 agricola:

2084 3450 2330 3505 laborem
2363 3449 2764 3512 cumulaverit,
2801 3449 2922 3519 ejus
2947 3449 3082 3502 satis
3129 3446 3489 3517 indigentiam
3524 3445 3681 3499 leva-

2086 3543 2186 3608 bit,
2220 3559 2283 3597 ac
2310 3541 2544 3612 penuria
2563 3557 2691 3596 eum
2721 3541 2981 3596 liberabit
3018 3541 3160 3614 (quae
3195 3541 3409 3596 scilicet
3459 3555 3683 3594 semen-

2086 3644 2219 3700 tem,
2257 3651 2356 3690 seu
2379 3636 2547 3690 etiam
2587 3636 2849 3705 exiguum
2875 3635 3011 3705 quid
3067 3635 3218 3690 illius
3261 3641 3683 3688 auctoramento

2085 3728 2440 3800 pnebuerit),
2487 3729 2566 3782 sic
2619 3743 2722 3783 nec
2751 3728 2899 3797 quod
2945 3726 3158 3780 aclivus
3193 3742 3331 3795 opus
3356 3725 3682 3804 facinusque

2085 3821 2342 3885 ediderit,
2388 3822 2600 3892 justum
2645 3835 2774 3875 eum
2824 3820 2969 3890 apud
2999 3821 3169 3874 Deum
3203 3819 3435 3872 reddere
3475 3823 3680 3887 potest,

2085 3914 2194 3969 nisi
2232 3915 2351 3986 ejus
2379 3914 2663 3969 voluntate
2710 3928 2776 3969 ac
2825 3913 3115 3984 proposito
3163 3911 3452 3983 diligentia
3505 3909 3682 3981 major

2085 4007 2277 4063 fuerit.

2157 4099 2283 4153 225.
2321 4099 2435 4154 Nec
2469 4113 2662 4154 omnes
2689 4099 2786 4169 qui
2817 4113 2929 4152 non
2954 4096 3196 4169 diligunt
3233 4094 3572 4166 proximum,
3604 4092 3686 4162 ip-

2088 4207 2210 4248 sum
2243 4191 2426 4246 odisse
2458 4198 2718 4261 possunt;
2769 4205 2874 4244 nec
2905 4189 3001 4259 qui
3048 4205 3160 4244 non
3207 4189 3469 4249 oderunt,
3508 4187 3682 4255 ipsam

2089 4284 2338 4354 diligere.
2392 4281 2668 4350 Aliudque
2715 4281 2883 4352 668
2910 4289 2995 4334 est
3023 4278 3273 4333 invidere
3308 4278 3430 4348 ejus
3456 4274 3680 4339 virtuti,

2089 4375 2352 4445 aliudque
2403 4389 2513 4428 non
2570 4371 2648 4426 illi
2685 4371 2982 4426 obstaculo
3017 4385 3176 4435 esse,
3226 4369 3360 4439 quin
3411 4367 3680 4439 proﬁciat.

387 4450 531 4521 πρὸς
579 4457 885 4549 προκοπήν.
943 4457 1214 4531 Ἐσχάτης
1265 4461 1322 4514 δὲ
1375 4463 1572 4526 κακίας
1623 4465 1982 4536 εὑρεθήσεται

2094 4466 2365 4521 Extrema:
2415 4479 2549 4519 vero
2604 4463 2830 4518 malitiae
2882 4463 3085 4533 gradus
3136 4461 3472 4525 invenietur,
3537 4458 3686 4529 quod

396 4610 510 4734 ur
541 4610 726 4736 4Galat.
756 4630 833 4682 vt,
872 4615 959 4671 M.
1036 4615 1081 4650 ⁸⁸
1109 4617 1350 4690 Philipp'
1397 4635 1472 4685 tv,
1519 4623 1572 4676 7.

467 4837 563 4907 (Ϊ)
603 4837 664 4920 ’ρ
706 4841 1019 4920 φιβφζιάνζφ
1045 4841 1240 4898 πάθει.
1275 4843 1435 4910 QUOd
1493 4845 1769 4920 φιλοκάλῳ
1800 4848 1863 4901 τὸ
1892 4866 1980 4917 φιο

387 4905 810 4990 λότιμονῃξιιὴβῇι
833 4905 1124 4990 Maximus,
1155 4905 1486 4984 argumento
1505 4905 1626 4990 :est,
1655 4905 1819 4990 sie'in
1851 4905 1980 4988 par-

392 4986 503 5055 tetn
549 4980 679 5055 vitii
721 4980 868 5055 illud
890 4997 1180 5055 usurpare,
1219 4980 1280 5038 ut
1323 4980 1669 5055 superfluum
1713 4980 1983 5044 duntaxat

390 5046 604 5129 cultum
631 5046 1075 5131 elegantiamque
1106 5046 1409 5131 significet,
1435 5059 1597 5131 cujus
1639 5073 1794 5113 amor
1813 5059 1982 5131 etiam

391 5119 1300 5190 iis_quiiadpietatem’exerEent,
1332 5119 1622 5182 obstaculo
1670 5144 1794 5184 esse
1843 5130 1986 5184 solet

391 5187 736 5267 sublimioris
760 5192 979 5267 volatus
1002 5193 1058 5246 in
1094 5187 1381 5267 oratione;
1438 5199 1720 5267 quomodo
1761 5200 1831 5255 ab
1879 5200 1987 5254 He-

391 5258 598 5341 spcbio.
643 5259 725 5324 τὸ,
770 5262 1078 5328 φιλόκαλος,
1112 5258 1775 5341 φιλόκοσμοξοξροηίιιιι·
1815 5285 1982 5325 :cum

390 5327 600 5402 alioqui
645 5345 708 5383 ea
761 5327 868 5384 Vox
922 5327 1275 5389 communius
1327 5327 1488 5391 sonet
1533 5327 1588 5392 in
1632 5340 1862 5402 bonum,
1921 5355 1986 5395 ac

390 5412 497 5479 pro
529 5400 756 5479 honesti
789 5403 1043 5458 studioso
1076 5407 1410 5479 accipiatur:
1447 5409 1783 5478 quandoque
1812 5400 1982 5465 etiam

392 5467 615 5545 dicatur
647 5470 717 5525 de
741 5487 932 5545 arnore
956 5467 1275 5544 corporum.
1307 5475 1401 5533 Sic
1425 5467 1714 5545 φὶλοκαλίτῖι
1767 5480 1980 5535 Socrati

393 5537 635 5618 objecta,
676 5555 741 5596 ac
771 5537 1309 5618 si_dictum_fuisset
1372 5537 1758 5616 παιδεραστία.
1808 5549 1973 5618 Greg.

395 5607 708 5688 dcjpavone
730 5614 1161 5688 perinde_ambo
1188 5617 1304 5688 huic
1357 5607 1645 5688 conjunxit
1683 5607 1975 5687 φιλόκαλον

394 5678 513 5760 καὶ.⁸
547 5678 866 5752 φιλότιμον·
922 5684 992 5739 ad
1051 5687 1358 5760 notandum
1406 5678 1610 5743 animal
1657 5678 1974 5758 pulchritu-

395 5747 815 5821 dinis'amans,
849 5769 1027 5826 eaque
1065 5756 1173 5814 sibi
1210 5757 1434 5829 placens
1469 5774 1532 5815 ac
1584 5747 1973 5826 ambitiosum;

1676 4623 1724 4655 ⁹⁰
1773 4623 1932 4680 Joan.
1974 4640 2084 4691 xxv,
2115 4623 2205 4679 25.

2310 4625 2358 4657 ³³
2395 4623 2590 4678 Matth.
2637 4637 2694 4688 v,
2729 4621 2818 4676 20.
2924 4622 2970 4654 ⁸⁸
3027 4621 3195 4676 Marc.
3235 4637 3332 4686 xu,
3388 4621 3486 4687 44;
3546 4619 3682 4673 Luc.

2083 4864 2151 4904 ex
2195 4865 2306 4918 quo
2332 4849 2601 4904 Maximus
2621 4847 2924 4904 transferre
2947 4848 3132 4918 potuit
3162 4847 3218 4901 in
3258 4861 3444 4902 mores
3501 4846 3686 4902 homi-

2085 4935 2244 4973 num.

2159 4990 2233 5060 υς)
2282 4989 2402 5060 Διά
2447 4989 2556 5042 τοῦ
2601 4988 3120 5060 ἀποστερήματος.
3169 4989 3383 5046 Sensus
3433 4988 3680 5052 videtur,

2089 5059 2178 5114 sic
2207 5059 2497 5114 colendam
2541 5073 2729 5130 pacem
2773 5075 2899 5113 cum
2939 5059 3210 5128 proximo,
3256 5072 3317 5116 ut
3347 5061 3466 5130 ejus
3515 5075 3683 5114 causa

2091 5145 2312 5202 omnem
2346 5130 2549 5202 inﬂeu‘m
2575 5129 2901 5202 patientiam
2942 5129 3331 5202 exhibeamus,
3380 5129 3546 5199 cujus
3579 5131 3682 5199 ipsi

2091 5200 2256 5254 nobis
2294 5200 2349 5253 in
2379 5198 2605 5254 Christo
2640 5199 2720 5253 rei
2748 5215 2969 5264 sumus;
3017 5215 3292 5256 summam
3318 5198 3576 5266 scilicet,
3601 5198 3684 5254 fut

2091 5271 2248 5339 quasi
2275 5269 2552 5341 fraudatio
2586 5268 2918 5324 Christianae
2967 5270 3022 5323 in
3071 5272 3233 5326 nobis
3287 5272 3566 5341 patientiae
3590 5271 3681 5331 sit,

2091 5355 2189 5394 seu
2213 5355 2280 5393 ex
2312 5340 2404 5411 illa
2438 5340 2781 5411 subtractio,
2818 5341 2966 5410 quod
2992 5341 3074 5395 sic
3104 5341 3161 5394 in
3221 5340 3374 5396 illum
3407 5343 3684 5411 patientes

2091 5425 2304 5480 sumus.
2337 5409 2492 5464 Sicut
2533 5417 2589 5462 et
2621 5409 2898 5465 fraudatio
2929 5411 3111 5466 victus
3158 5413 3339 5467 viduae
3373 5409 3497 5475 fuit,
3536 5411 3682 5480 quod

2093 5479 2204 5534 duo
2235 5480 2447 5552 minuta
2469 5481 2535 5532 ad
2580 5481 2954 5552 necessarium
2983 5497 3142 5536 usum
3206 5483 3477 5552 reposita,
3510 5479 3594 5536 sic
3627 5483 3682 5535 in

2090 5550 2550 5623 gazophylacium
2591 5550 2850 5623 miserit;
2917 5567 3027 5606 non
3080 5550 3360 5623 superflua
3424 5553 3678 5616 mittens,

2084 5620 2413 5693 utidivites,
2457 5621 2552 5674 sed
2587 5621 2652 5674 ἐκ
2694 5620 2786 5693 τοὺ
2835 5620 3213 5692 ὑστερήματος
3257 5625 3426 5693 αὑτῆς
3481 5624 3682 5688 πάντα,

2085 5690 2345 5762 quidquid
2377 5691 2433 5745 in
2471 5707 2682 5746 summa
2721 5691 2821 5747 illa
2853 5690 3082 5764 egestate
3107 5693 3190 5749 illi
3245 5690 3577 5767 suppetebat.
