4060 6428
425 383 570 465 -ιιδή

1608 406 1786 465 ALIA
1825 406 1930 466 EX
1967 406 2206 468 VATIC.
2249 411 2540 472 CAPITA.

3576 412 3725 476 145%

505 512 636 582 σλβ¹.
675 513 786 576 Τὰς
847 511 1152 584 προσϐολὰς
1195 511 1242 564 οἱ
1291 511 1748 583 ἁποκρουόμενοι,
1779 515 1840 566 ού
1877 530 2013 581 συγ-

2187 515 2312 570 252.
2351 518 2453 582 Qui
2497 520 2880 588 suggestiones
2929 518 3249 590 primosque
3300 529 3483 577 motus
3532 525 3712 594 repel.

428 603 705 675 χωροῦσιν
736 603 948 657 ἔνδοθεν
980 603 1078 656 τοῦ
1121 603 1343 670 λογικοῦ
1379 604 1704 674 ἀμπελῶνος
1738 605 1814 668 ὡς
1853 605 2021 676 θηρία

427 698 558 758 τοὺς
593 696 890 765 λογισμοὺς
921 692 1270 763 είσὲρχεσθαι
1290 732 1306 756 ,
1336 694 1430 747 καὶ
1452 693 1563 747 τῶν
1590 695 1802 747 ἐκείνου
1839 696 1896 748 ὲν
1928 695 2024 748 λύ-

432 803 512 858 μῃ
541 785 900 839 καθίστασθαι
931 801 943 814 ⁸
973 785 1024 837 οἱ
1067 785 1127 837 δὲ
1161 783 1547 848 συνὼάζονται
1573 784 1649 855 (n)
1677 786 1797 854 μὲν,
1836 784 2022 849 ἁπλῶς

429 876 489 928 δὲ
526 875 872 948 εἰσέρχεσθαι
902 877 1100 939 αὐτοὺς
1133 876 1532 947 συγχωροῦσιν,
1563 877 1641 948 μὴ
1665 877 1936 931 ἅπτεσθαι
1965 878 2023 931 δὲ

435 967 662 1036 μηδενὸς
693 968 804 1020 τῶν
833 965 1015 1021 αὐτῶν
1051 984 1076 1048 ’-
1100 969 1148 1020 οἳ
1181 969 1278 1022 καὶ
1322 969 1499 1038 ἡδέως
1537 970 1637 1038 μὲν
1669 971 2023 1041 συνομιλοῦσι

432 1063 548 1123 τοῖς
576 1060 772 1113 πάθεσι
797 1061 885 1114 διὰ
917 1060 1030 1113 τῶν
1069 1059 1382 1131 λογισμῶν,
1416 1063 1496 1126 είς
1529 1062 1935 1130 συγκατάθεσιν
1965 1063 2023 1116 δὲ

439 1153 516 1222 μὴ
573 1153 884 1222 ἐρχόμενοι,
918 1152 1287 1222 ὡμοιώθησαν
1317 1156 1432 1215 τοῖς
1480 1154 1679 1208 ὲάσασι
1711 1155 1803 1207 τὸν
1838 1154 2024 1225 μονιὸν

431 1237 647 1292 ἔνδοθεν
674 1241 773 1309 μὲν
791 1240 886 1292 τοῦ
917 1240 1176 1310 φραγμοῦ
1209 1242 1496 1306 εἰσελθεῖν,
1523 1245 1580 1294 ἐν
1605 1244 1754 1314 κόρῳ
1781 1243 1838 1296 δὲ
1862 1244 2025 1299 αὑτὸν

435 1330 550 1385 τῶν
585 1330 679 1383 τοῦ
707 1331 1033 1401 ἀμπελῶνος
1065 1332 1322 1400 γενέσθαι
1357 1333 1602 1404 βοτρύων
1637 1335 1711 1404 μὴ
1741 1336 2026 1406 συγχωρή-

439 1440 597 1478 σασιν
627 1439 640 1452 ·
674 1419 792 1475 εἶτα
824 1418 982 1493 εὖρον
1010 1423 1170 1475 αὑτὸν
1203 1423 1301 1495 τῆς
1331 1423 1544 1476 ἑαυτῶν
1566 1424 1850 1492 δυνάμεως
1877 1427 2028 1494 ἰσχυ-

439 1517 682 1588 ρότερον,
709 1515 758 1568 οἱ
788 1516 846 1566 ὲν
876 1514 1277 1583 συγκαταθέσει
1319 1515 1582 1579 πολλάκις
1628 1515 1820 1569 παθῶν
1870 1516 2026 1587 εὐριο

437 1607 541 1663 σκό
548 1622 722 1677 μενοι.

511 1698 647 1768 σλγ⁹.
685 1699 853 1753 Ούπω
882 1699 1120 1769 ἔφθασεν
1150 1701 1229 1762 είς
1262 1699 1564 1768 ἁπλότητα,
1596 1702 1625 1753 ό
1663 1699 1742 1752 ἔτι
1770 1699 2026 1768 δεόμενος

439 1792 766 1862 ἐπιμελείας
818 1791 1076 1864 φραγμοῦ
1108 1791 1202 1844 τοῦ
1251 1793 1395 1845 κατὰ
1430 1791 1530 1861 τὴν
1576 1790 1926 1860 ἐγκράτειαν.
1965 1790 2024 1844 '0

435 1861 642 1946 τέλειος
685 1885 816 1954 γὰρ,
849 1861 1036 1954 ᾡησὶν,
1075 1884 1176 1936 οὐκ
1208 1882 1624 1954 ἐγκρατεύεται·
1655 1882 1799 1936 ἔοικε
1836 1882 1894 1934 δέ
1919 1900 2026 1936 τινι
2059 1861 2099 1914 Β

433 1976 616 2047 ἔχοντι
647 1975 912 2046 ἄμπελον,
945 1977 978 2048 ἢ
1009 1975 1272 2046 ἄρουραν,
1303 1977 1366 2028 οὐ
1390 1977 1554 2045 μέσον
1582 1975 1792 2028 πολλῶν
1852 1973 2029 2028 ἄλλων

435 2068 779 2140 ἀμπελώνων
796 2069 891 2122 ml.
908 2067 1120 2139 χώρων,
1139 2068 1254 2122 ἀλλ’
1271 2070 1328 2120 ἐν
1354 2070 1528 2140 γωνίᾳ
1546 2085 1668 2121 που·
1689 2068 1782 2120 καὶ
1799 2067 1886 2120 διὰ
1907 2064 2032 2122 τοῦ]

434 2179 502 2215 το
521 2161 760 2230 δεομένῳ
788 2160 992 2229 πολλῆς
1008 2159 1107 2230 τῆς
1132 2159 1380 2229 φυλακῆς
1412 2161 1510 2214 καὶ
1535 2160 1632 2230 τῆς
1665 2158 1903 2229 νήψεως.
1921 2157 2028 2211 Τοῦ

437 2255 549 2324 γὰρ
587 2256 668 2316 είς
710 2253 993 2322 ἁπλότητα
1031 2252 1363 2322 φθάσαντος.
1400 2255 1467 2306 ὲκ
1507 2251 1709 2316 παντὸς
1747 2251 2031 2318 άνέπαφος

437 2349 474 2418 ή
499 2345 745 2416 ἄμπελος
774 2344 1002 2414 γίνεται,
1032 2343 1296 2413 βασιλέως
1331 2344 1586 2416 καθάπερ
1619 2344 1654 2415 ἡ
1679 2361 1825 2406 τινος
1859 2342 2024 2396 ἄλλου

426 2437 1021 2511 -παραδυναστεύοντος
1057 2435 1316 2507 φοϐεροῦ,
1358 2437 1454 2489 καὶ
1503 2437 1674 2507 μόνης
1712 2435 1774 2500 ἐξ
1832 2433 2028 2504 άκοῆςρ

434 2533 568 2595 τούς
625 2549 688 2584 τε
742 2532 988 2593 κλέπτας
1030 2530 1124 2583 καὶ
1161 2529 1461 2600 παροδίτας
1507 2527 2032 2600 παρασκευάζοντος

437 2625 689 2696 φρίττειν
717 2625 818 2692 τὴν
852 2622 1224 2693 ἐπιχείρησιν.

512 2795 864 2858 σλδ’.,ῐΙολλοὶ
895 2793 996 2864 μὲν
1050 2793 1130 2856 είς
1167 2791 1258 2846 τὸν
1297 2793 1396 2863 τῆς
1446 2795 1816 2860 κακοπαθείας
1851 2815 2015 2853 σταυ-

431 2890 532 2961 ρὸν
551 2888 624 2956 (ο)
643 2887 986 2956 ἁνέρχονταιο
1017 2883 1186 2950 ὀλίγοι
1208 2881 1264 2934 δὲ
1298 2884 1424 2945 τοὺς
1452 2883 1617 2952 ἥλους
1659 2887 1827 2940 αὐτοῦ
1858 2906 2030 2944 κατα-

429 2978 688 3048 δέχονται
720 2993 735 3007 ·
779 2973 1173 3044 προαιρετικῆς
1207 2973 1305 3042 μὲν
1337 2974 1654 3039 εὐπειθείας
1673 2976 1851 3031 δοῦλοι
1886 2980 2032 3034 πολ-

435 3074 522 3126 λοί
560 3088 574 3102 °
608 3070 976 3142 άπροαιρέτου
1016 3067 1073 3119 δὲ
1097 3064 1385 3137 αἰσχύνης,
1427 3066 1580 3136 μόνοι
1615 3070 1666 3122 οἱ
1706 3071 1770 3124 τὸ
1819 3073 2029 3141 φιλότι-

435 3182 543 3237 μον
580 3161 990 3224 καταλύσαντες

515 3256 641 3311 σλε¹.
679 3255 894 3315 Πάντας
931 3253 1027 3322 μὲν
1064 3251 1194 3314 τοὺς
1221 3251 1585 3322 δερματίνους
1621 3253 1862 3322 χιτῶνας
1890 3256 2023 3308 πολ-

435 3349 524 3403 λοὶ
550 3345 889 3412 ὲξεδύσαντο·
907 3343 984 3406 ὡς
1005 3342 1232 3413 ἔσχατον
1251 3342 1307 3394 δὲ
1334 3341 1425 3396 τὸν
1443 3343 1542 3412 τῆς
1569 3342 1896 3407 κενοδοξίας,
1930 3345 2028 3416 μό-

509 3486 560 3520 ’³
587 3485 732 3540 Psal.
761 3498 941 3548 Lxxlx,
980 3482 1066 3536 M.

435 3602 731 3666 ἀπάθειαν,
758 3607 814 3654 et

437 3687 536 3732 tur
588 3671 939 3739 ἐπιθυμίαις,
993 3668 1401 3739 cupiditatibus,
1459 3668 1751 3725 desideriis.
1795 3668 2011 3727 'Portus

435 3745 613 3808 enim,
641 3743 697 3794 in
727 3738 838 3810 quo
866 3749 984 3794 tuta
1010 3738 1166 3792 sitae
1196 3739 1498 3810 tranquilla
1527 3741 1713 3804 statio,
1745 3741 2018 3805 ἀπαθείας

439 3814 620 3885 magis
637 3809 917 3885 videatur,
951 3810 1137 3885 inqua
1162 3824 1272 3863 non
1305 3809 1377 3885 sit
1401 3810 1554 3885 _ullis
1579 3812 1780 3885 jactari
1832 3814 2018 3885 fluctij

439 3878 569 3950 bus,
603 3879 948 3951 σαλεύεσθαι,
995 3878 1090 3951 sed
1133 3895 1266 3948 pace
1306 3879 1416 3932 frui
1452 3895 1516 3934 ac
1557 3878 1870 3951 quiescere.
1903 3882 2024 3938 Nisi

440 3955 587 4011 forte
621 3953 727 4006 hoc
751 3952 870 4005 vult
897 3950 1184 4014 Maximus,
1225 3963 1446 4004 omnem
1476 3950 1723 4005 noStram
1754 3952 1846 4007 hic
1878 3953 2024 4006 ἀπά-

438 4025 617 4087 θειαν,
656 4021 1117 4090 temperationem
1153 4019 1448 4088 quamdam
1483 4035 1605 4076 esse
1639 4022 1938 4076 affectuum
1971 4031 2028 4078 et

437 4092 888 4166 μετριοπάθειαν-⁸
929 4105 1167 4160 quorum
1204 4099 1518 4166 motusnec
1540 4091 1802 4166 perfectis
1823 4093 2025 4166 desint,

441 4160 916 4234 illisquejaetari.
943 4175 1071 4234 eum
1108 4169 1376 4234 tamense
1402 4160 1511 4234 illis
1542 4160 1750 4234 abduci
1793 4164 2026 4234 minime

443 4231 664 4297 sinant,
686 4231 914 4301 Vsintque
938 4231 1088 4285 velut
1116 4231 1270 4286 navis
1294 4232 1410 4300 ipsa
1437 4231 1492 4285 in
1537 4233 1778 4287 anchora
1805 4233 2028 4287 σαλευο-

447 4306 610 4374 μένη,
656 4312 774 4358 tum
806 4302 972 4374 etiam
995 4316 1122 4374 eum
1167 4310 1390 4374 portum
1429 4302 1652 4357 videtur
1697 4311 1888 4358 tenere
1911 4321 1935 4374 :7
1966 4311 2028 4357 ut

441 4371 552 4446 nec
576 4371 710 4430 tunc
733 4387 897 4446 omne
925 4371 1072 4426 absit
1118 4371 1490 4446 periculum,__
1501 4373 1600 4446 sed
1639 4389 1860 4444 semper
1888 4373 2024 4446 vigia

441 4445 558 4500 lare
589 4459 818 4499 necesse
841 4442 933 4507 sit,
964 4457 1196 4507 esseque
1220 4457 1356 4496 cura
1391 4442 1715 4498 sollicitum.

521 4515 597 4584 (η)
650 4519 713 4568 ot
862 4511 1332 4596 UUV§Ud§0.Vtat.'
1354 4513 1558 4596 Addidi
1584 4514 1916 4596 particulam
1942 4514 2020 4596 δὲ,
2058 4540 2102 4596 D

441 4595 500 4642 et
523 4581 886 4655 sequentibus
913 4582 1121 4635 mutavi
1158 4581 1214 4634 in
1239 4582 1372 4655 καί·
1417 4584 1467 4635 οἱ
1513 4583 1569 4636 δὲ
1584 4581 1777 4651 “ἠδέως
1804 4601 1818 4614 ο
1844 4587 1894 4638 οἱ
1927 4587 2023 4639 καὶ

441 4652 634 4724 ἡδέως·
692 4654 839 4726 quod
870 4661 1059 4726 aperte
1097 4659 1210 4706 tota
1237 4652 1346 4706 loci
1379 4661 1662 4726 structura
1713 4655 1790 4708 ita
1819 4656 2026 4726 exigat,

442 4723 637 4796 sicque
666 4724 850 4779 omnia
878 4723 1041 4796 plana
1074 4731 1204 4776 sunt
1257 4733 1314 4796 et
1361 4725 1660 4796 expedita:
1703 4734 1835 4796 sunt
1878 4723 2030 4780 enim

443 4793 564 4851 haec
594 4796 706 4849 duo
759 4793 1006 4847 membra
1034 4809 1149 4864 per
1188 4794 1451 4864 majorem
1477 4795 1909 4864 explicationem
1937 4812 2030 4850 se-

441 4866 694 4936 quentia.
722 4864 909 4936 Porro
970 4862 1345 4936 saluberrima
1380 4862 1636 4918 doctrina
1675 4866 1814 4929 haec,
1872 4868 2024 4920 serio

434 4933 690 4991 cavenda
717 4933 875 4988 initia
901 4949 915 4996 ;
958 4933 1222 5005 paulatim
1243 4934 1448 4986 malum
1477 4950 1796 5005 augescere,
1819 4951 1885 4990 ae
1907 4946 2027 4991 tan-

442 5007 575 5062 dem
609 5005 724 5060 ﬁeri
751 5003 1160 5075 insuperabile;
1204 5005 1518 5075 scitumque
1562 5003 1886 5075 exemplum
1917 5015 2026 5061 est.

441 5077 539 5129 τοῦ
571 5076 755 5146 μονιοῦ
798 5072 1340 5146 ᾁγρίουηεὶηθιιίαμνὶε
1369 5075 1491 5144 feri,
1531 5075 1584 5128 id
1607 5072 1896 5145 est,apri;
1927 5077 2027 5146 qui

442 5154 504 5203 et
548 5142 710 5200 nobis
737 5142 1409 5213 inde'sanglier’dieitur:
1442 5161 1642 5214 porcus
1691 5142 1906 5201 scilicet
1932 5142 2027 5201 sil-

439 5225 632 5272 vester
652 5227 708 5271 et
755 5214 1062 5286 solitarius;
1100 5229 1265 5282 quem
1302 5221 1488 5286 tenera
1541 5225 1700 5271 aetate
1758 5217 2028 5286 tantisper

442 5288 742 5353 cobibeas;
787 5284 1034 5340 adultum
1070 5301 1221 5345 vero,
1251 5285 1383 5353 quin
1427 5287 1644 5340 vineam
1671 5284 2023 5353 demoliat'ur,

448 5358 590 5412 intra
619 5373 782 5426 quem
816 5355 1139 5427 admiseris,
1164 5355 1316 5408 nulla
1371 5354 1646 5410 industria
1675 5373 2028 5427 compescere

443 5428 651 5482 valeas.
684 5427 776 5482 Sic
818 5433 1003 5478 autem
1029 5426 1167 5494 psal.
1199 5441 1378 5489 Lxxlx,
1415 5427 1503 5488 ili,
1542 5427 1686 5480 idem
1716 5426 1921 5481 animal
1951 5429 2025 5481 si-

444 5497 694 5568 gnificari
751 5507 983 5568 utraque
1019 5496 1285 5568 versiculi
1343 5505 1520 5568 parte,
1556 5513 1790 5568 esseque
1843 5498 2026 5566 μονιὸν

444 5566 638 5634 ἄγριον
668 5567 762 5636 qui
792 5566 888 5628 σῦς
920 5569 982 5619 ὲκ
1014 5566 1220 5636 δρυμοῦ
1247 5567 1436 5621 multis
1463 5566 1764 5621 ostendere
1791 5577 2027 5622 conatur

433 5638 707 5696 Bochart.
730 5637 830 5691 lib.
858 5652 935 5700 m,
968 5652 1088 5704 cap.
1115 5637 1206 5700 29,
1234 5646 1270 5690 ι.
1302 5637 1320 5689 1
1357 5637 1553 5690 Hister.
1594 5638 1912 5694 animalium
1935 5656 2026 5693 sa-

444 5725 552 5762 cra:
581 5705 891 5778 Scriptura).
924 5707 1014 5778 Sic
1041 5716 1192 5778 certe
1222 5709 1269 5759 οἱ
1305 5707 1448 5760 LXX
1482 5723 1770 5776 accepere,
1791 5710 1865 5762 ita
1891 5710 2022 5763 red-

445 5777 654 5840 dendo,
691 5776 1049 5848 etsiCyrillus
1081 5776 1200 5848 ὄνον
1262 5778 1455 5848 ἄγριον
1506 5779 1692 5848 habet.
1735 5779 1816 5832 uti
1856 5780 2024 5834 etiam

446 5848 663 5904 monuit
683 5847 962 5920 Hesyehi.,
978 5863 1087 5918 quo
1109 5847 1274 5902 etiam
1295 5846 1716 5916 modorcddidit
1731 5849 2020 5918 Arabicus,

2125 608 2265 670 lunt,
2303 609 2668 679 cogitationes
2695 611 2850 666 velut
2873 612 3079 667 bestias
3105 614 3246 668 intra
3277 613 3602 670 rationalem
3631 617 3715 670 vi-

2124 715 2285 754 neam
2317 701 2552 772 ingredi,
2578 703 2806 773 ejusque
2833 703 3074 773 diripere
3107 704 3320 760 fruetus
3348 721 3459 760 non
3483 706 3673 761 sinunt
3697 723 3710 759 :

2123 792 2219 861 qui
2259 801 2446 846 autem
2484 800 2746 863 tanquam
2780 793 3001 848 dextras
3029 795 3312 848 societatis
3337 795 3448 849 illis
3474 796 3715 866 jungen-

2125 893 2228 947 tes,
2257 887 2451 938 sinunt
2487 885 2723 956 ingredi,
2751 902 2815 942 ea
2859 886 3125 941 duntaxat
3154 887 3295 956 lege,
3323 903 3394 942 ne
3422 888 3557 958 quid
3587 889 3722 943 inde

2124 975 2230 1030 illze
2264 976 2622 1047 contingant;
2655 978 2751 1048 qui
2777 985 2836 1033 et
2861 979 3102 1033 libenter
3127 979 3401 1032 versando
3423 981 3714 1050 cogitatio-

2124 1079 2244 1128 nes,
2279 1064 2429 1119 vitiis
2461 1077 2782 1121 assuescant
2823 1081 2886 1120 ac
2930 1065 3247 1130 affectibus,
3287 1081 3393 1120 nec
3425 1067 3480 1119 in
3518 1082 3714 1122 eorum

2127 1165 2308 1210 tamen
2350 1171 2681 1211 consensum
2723 1158 2982 1224 veniant;
3027 1156 3234 1211 similes
3279 1157 3391 1210 illis
3436 1167 3586 1223 sunt,
3620 1159 3713 1227 qui

2124 1247 2367 1302 admisso
2407 1247 2550 1304 intra
2584 1251 2881 1305 maceriam
2917 1249 3186 1320 singulari
3227 1248 3348 1303 fero
3375 1249 3444 1313 9',
3479 1251 3714 1303 saturari

2125 1354 2252 1394 eum
2285 1340 2459 1394 botris
2483 1355 2596 1395 non
2626 1341 2978 1411 permittant;
3011 1349 3240 1412 tumque
3267 1340 3347 1394 illi
3369 1340 3588 1396 viribus
3610 1341 3716 1394 im-

2127 1447 2310 1502 pares,
2355 1433 2505 1488 vitiis
2537 1441 2595 1488 et
2637 1434 2927 1489 affectibus
2954 1449 3242 1490 assensum
3285 1433 3536 1504 praebere
3566 1433 3720 1487 inve-

2127 1527 2372 1581 niantur.

2196 1698 2320 1754 255.
2357 1699 2602 1756 Necdum
2635 1699 2704 1754 ad
2734 1698 3144 1771 simplicitatem
3177 1696 3376 1761 evasit,
3407 1694 3503 1765 qui
3535 1693 3720 1748 adhuc

2127 1795 2380 1848 maceria:
2431 1808 2566 1848 cura
2619 1791 2847 1860 indiget.
2885 1805 3010 1860 qua:
3050 1797 3136 1844 est
3179 1787 3544 1843 continentia.
3582 1785 3718 1840 Nam

2130 1883 2227 1954 qui
2255 1884 2536 1954 perfectus
2576 1892 2680 1948 est,
2713 1883 2912 1952 inquit,
2946 1883 2994 1936 is
3022 1897 3132 1935 non
3164 1880 3456 1935 continens
3484 1886 3590 1934 est.
3622 1878 3720 1931 Est

2129 1990 2263 2029 vero
2296 1973 2492 2028 similis
2517 1973 2741 2029 habenti
2771 1973 2988 2028 vineam
3016 1988 3113 2026 seu
3140 1987 3353 2042 agrum,
3377 1986 3488 2024 non
3514 1970 3568 2023 in
3599 1984 3718 2022 me-

2131 2065 2225 2123 dio
2249 2067 2488 2121 aliorum
2523 2065 2788 2135 plurium,
2821 2065 2916 2119 sed
2948 2063 3138 2134 procul
3173 2063 3227 2117 in
3257 2063 3487 2132 angulo;
3512 2061 3719 2130 quique

2131 2157 2270 2213 adeo
2300 2158 2471 2212 multa
2511 2157 2797 2228 diligentia
2840 2155 3206 2227 pervigilique
3239 2169 3374 2208 cura
3420 2151 3489 2206 ad
3530 2158 3720 2207 custo-

2129 2249 2276 2304 diam
2323 2265 2462 2319 opus
2507 2231 2727 2304 habeat.
2784 2249 2916 2319 Ejus
2966 2247 3114 2302 enim
3163 2245 3259 2315 qui
3307 2243 3720 2314 simplicitatem

2131 2352 2326 2396 nactus
2371 2349 2486 2400 est.
2523 2341 2702 2405 vinea,
2746 2339 3113 2409 undequaque
3162 2337 3442 2391 inaccessa
3488 2350 3554 2388 ac
3606 2341 3722 2387 tuta

2129 2443 2247 2500 est;
2267 2433 2418 2488 velut
2436 2432 2648 2488 scilicet
2669 2431 2814 2502 regis
2845 2439 2944 2485 aut
2965 2429 3252 2502 cujusdam
3279 2428 3506 2482 alterius
3521 2425 3720 2479 summi

2131 2523 2401 2594 principis
2425 2523 2810 2586 formidabilis,
2837 2521 3045 2592 quique
3069 2536 3138 2574 ex
3178 2519 3300 2589 ipso
3343 2516 3538 2572 auditu
3581 2515 3721 2569 furi-

2131 2617 2236 2671 bus
2261 2632 2325 2672 ae
2347 2615 2656 2670 viatoribus
2690 2624 2960 2669 terrorem
2991 2612 3223 2683 injiciat,
3253 2625 3323 2666 ne
3347 2609 3482 2680 quid
3508 2608 3564 2663 in
3596 2622 3721 2663 eam

2132 2716 2339 2762 temere
2367 2706 2689 2762 moliantur.

2202 2799 2328 2854 2⁷54.
2356 2798 2508 2852 Multi
2539 2805 2670 2852 sunt
2693 2797 2788 2866 qui
2814 2793 3182 2851 amictationis
3206 2807 3426 2849 erucem
3454 2803 3723 2845 conscen-

2130 2889 2296 2955 dant;
2330 2888 2491 2958 pauci
2529 2903 2662 2942 vero
2696 2887 2792 2956 qui
2820 2888 2944 2957 ejus
2986 2886 3171 2940 clavos
3198 2883 3536 2939 admittant:
3561 2879 3724 2934 multi

2130 2982 2226 3051 qui
2254 2988 2568 3051 spontanee:
2595 2978 2926 3033 obedientiaa
2952 2978 3100 3033 servi
3132 2975 3423 3038 exsistant,
3461 2973 3726 3028 involun-

2131 3073 2285 3127 tariaa
2321 3079 2506 3126 autem
2537 3069 2880 3124 confusionis
2909 3085 2973 3123 ac
3000 3068 3214 3138 probri,
3251 3067 3290 3121 ii
3313 3066 3600 3128 duntaxat,
3627 3064 3731 3133 qui

2131 3160 2411 3216 ambitiosi
2451 3159 2622 3213 animi
2654 3157 2914 3212 affectum
2947 3157 3239 3211 eliserunt.

2202 3253 2328 3310 255.
2361 3252 2516 3307 Multi
2544 3249 2769 3320 quidem
2801 3250 3066 3320 pelliceas
3089 3263 3283 3303 omnes
3314 3247 3531 3301 tunicas
3551 3260 3728 3298 exue-

2137 3355 2296 3412 runt;
2347 3352 2604 3414 tanquam
2651 3352 2952 3398 extremam
2989 3357 3124 3397 vero
3177 3340 3358 3396 inanis
3399 3339 3607 3410 gloriae,
3645 3335 3733 3396 illi

863 3613 1003 3668 quos
1035 3605 1197 3673 vocat
1219 3597 1529 3673 ἡδυπαθής·
1559 3599 1652 3673 qui
1693 3607 1751 3673 et
1795 3603 2012 3673 jacten-
2111 3599 2739 3673 habentquePolyglot.
2770 3599 2879 3654 Alii
2896 3601 3278 3673 communitis,
3303 3598 3479 3652 bestia:
3503 3597 3720 3673 deserti,

2117 3675 2197 3727 uti
2228 3667 2394 3727 etiam
2419 3667 2579 3742 Sym.’
2605 3667 2664 3742 ut
2697 3670 2770 3742 sit
2794 3670 2982 3740 potius
3029 3671 3596 3742 genericumnomen
3638 3667 3720 3730 τὸ,

2122 3754 2198 3804 'm
2242 3739 2563 3813 significans
2593 3739 2868 3813 pestium,
2901 3739 3065 3809 quam
3116 3750 3280 3797 certae
3315 3739 3554 3813 alicujus
3600 3749 3726 3813 5pc—

2127 3814 2251 3869 eiei.
2296 3808 2512 3868 'Chald.
2573 3809 2764 3868 Gallus
2801 3808 3060 3865 silvester.
3111 3813 3177 3866 Β.
3210 3810 3404 3871 David,
3462 3810 3600 3877 fere,
3652 3808 3724 3860 Β.

2131 3884 2339 3958 S_a_lom.
2372 3881 2804 3958 r_ep_tii‘e_._Aben1
2841 3882 2998 3945 Esra,
3033 3898 3178 3958 aues,
3219 3879 3492 3958 uolatilia.
3534 3878 3724 3958 Longe

2133 3954 2296 4008 aliter
2363 3951 2628 4017 ol’LXX,
2690 3951 2829 4022 psal.
2873 3967 3017 4022 tux,
3072 3953 3161 4017 Η,
3211 3952 3482 4022 ὡραιότης
3517 3951 3720 4022 Αάγροῦ,

2134 4024 2331 4094 species
2361 4025 2518 4093 agri;
2561 4019 2834 4094 eum—sint
2877 4021 3085 4077 eaedem
3121 4019 3288 4077 voces
3327 4019 3632 4094 Hebr-aiore2
3666 4029 3726 4072 et

2137 4088 2312 4148 series
2343 4088 2528 4148 omnis
2585 4093 2653 4147 de
2687 4092 2883 4147 bestiis
2913 4096 2968 4163 in
2999 4109 3204 4163 genere
3243 4107 3341 4147 seu
3375 4088 3730 4163 animalibus

2135 4165 2507 4228 silvestribus,
2541 4172 2734 4233 poscat
2759 4162 2982 4233 exponi.
3006 4160 3162 4219 'Haee
3191 4178 3326 4233 vero
3359 4160 3549 4233 dicere
3599 4174 3728 4227 spe-

2137 4235 2283 4289 ciem
2310 4251 2409 4289 scu
2435 4231 2694 4288 ornatum
2722 4231 2860 4303 agri,
2891 4248 2986 4303 seu
3013 4233 3241 4298 deserti,
3267 4232 3322 4286 id
3353 4231 3514 4303 valde
3540 4244 3726 4303 remo-

2137 4311 2278 4368 tum,
2321 4320 2386 4360 ac
2436 4305 2601 4374 plane
2653 4299 2998 4374 aanigmatiee
3051 4303 3262 4359 dictum
3298 4301 3491 4374 videri
3521 4299 3722 4370 possit.

2137 4321 2278 4368 tum,
2321 4321 2386 4360 ac
2436 4321 2601 4374 plane
2653 4321 2756 4358 azm
2801 4321 2998 4357 manee
3051 4321 3262 4359 metum
3298 4321 3475 4356 vmen
3521 4321 3722 4370 pUSSlt.

2135 4374 2326 4446 Schol.
2375 4391 2446 4446 ex
2482 4375 2632 4446 Sym.
2660 4321 2802 4446 psaF.
2837 4375 2931 4428 illo
2962 4389 3138 4446 pxxlx,
3170 4375 3306 4446 {diu
3325 4372 3582 4446 ἐρημίας,
3608 4385 3722 4446 no_n

2134 4445 2277 4500 bene
2324 4439 2570 4501 refertur
2616 4439 2676 4500 in
2702 4444 2856 4516 Syxt.
2914 4443 2982 4516 ad
3016 4439 3206 4516 vocem
3244 4439 3367 4508 σῦς’
3394 4439 3459 4495 ἐκ
3487 4439 3720 4516 δρυμοῦ,

2133 4531 2240 4584 qua
2280 4525 2431 4571 certa
2484 4516 2700 4585 species
2742 4513 2999 4585 animalis
3027 4515 3104 4585 in
3159 4515 3349 4570 Graeco
3396 4513 3615 4585 pariter
3656 4526 3723 4565 ac

2132 4585 2302 4640 llebr.
2338 4584 2655 4650 denotatur,
2694 4585 2813 4655 ipsa
2844 4584 3170 4650 notissima;
3207 4585 3302 4639 sed
3344 4584 3414 4638 ad
3461 4587 3722 4655 se_q_uen_t.

2136 4657 2318 4724 μονιὺς
2366 4657 2579 4724 ἄγριος,
2611 4651 3041 4724 cui-respondet
3075 4656 3128 4708 in
3171 4655 3343 4708 Hebr.
3373 4669 3479 4707 vox
3516 4651 3607 4724 illa
3641 4651 3723 4706 sic

2131 4723 2258 4782 lata:
2284 4723 2730 4796 signiﬁcationis,
2759 4733 2815 4780 et
2838 4723 2967 4796 qua:
2989 4740 3154 4778 omne
3180 4725 3385 4779 animal
3409 4723 3718 4794 significet;

2131 4795 2389 4866 idemque
2421 4796 2584 4866 sitae
2606 4795 2811 4851 Gnecis
2843 4795 3140 4866 κνώδαλον.
3260 4865 3268 4866 ί

2205 4867 2278 4938 (ο)
2299 4863 2419 4938 Τὸν
2445 4865 2555 4932 τῆς
2584 4865 2992 4938 κακοπαθείας
3041 4865 3328 4931 σταυρόν.
3357 4864 3472 4918 Vox
3511 4863 3716 4934 passim

2134 4935 2432 5006 Th‘eologis
2462 4945 2686 5004 recepta
2717 4951 2818 5006 pro
2848 4935 3036 4989 labore
3081 4944 3278 5006 sponte
3329 4943 3616 5006 assumpto
3662 4943 3721 4988 et

2132 5008 2320 5062 carnis
2344 5005 2738 5072 afﬂictatione;
2766 5007 2821 5060 in
2856 5021 2968 5075 quo
3014 5005 3172 5059 multi
3206 5021 3347 5076 pene
3393 5005 3564 5069 avidi,
3590 5020 3717 5058 cum

2133 5079 2188 5132 in
2226 5077 2490 5132 immissis
2519 5093 2549 5130 a
2581 5077 2689 5131 Deo
2722 5077 2903 5140 malis,
2937 5093 3078 5145 aegre
3111 5078 3434 5146 patientiam
3468 5083 3714 5146 teneant;

2132 5148 2301 5218 idque
2331 5148 2602 5218 Maximus
2639 5156 2833 5217 argute
2886 5143 3047 5218 vocat
3094 5143 3467 5209 κακοπαθείας
3499 5145 3683 5200 clavos
3701 5163 3725 5210 ;.

2130 5217 2226 5288 qui
2259 5219 2493 5278 scilicet,
2525 5217 2763 5288 velimus
2801 5217 3060 5281 nolimus,
3087 5233 3152 5270 ac
3199 5218 3473 5271 exteriore
3497 5224 3716 5286 agente,

2132 5287 2556 5357 eruciaﬂigunt.
2607 5287 2816 5341 Horum
2853 5288 3144 5341 tolerantia
3188 5287 3454 5358 probatur
3497 5288 3715 5358 virtus;

2129 5359 2447 5427 frustraque
2498 5359 2616 5426 ejus
2669 5359 2893 5412 nomine
2943 5359 3069 5427 quis
3104 5357 3374 5428 gloriatur
3397 5357 3553 5420 ἐκτὸς
3600 5357 3714 5407 θλί-

2128 5429 2294 5498 φεως,
2352 5429 2453 5482 nisi
2486 5444 2784 5499 (erumnam
2831 5428 3084 5499 malaque
3125 5445 3353 5497 passus;
3403 5429 3482 5482 uti
3525 5435 3722 5499 auctor

2129 5497 2216 5554 est
2245 5501 2460 5552 Marcus
2481 5498 2820 5569 eremita_De
2871 5497 3191 5569 lege’spirit.
3234 5515 3282 5553 c.
3335 5499 3425 5564 66,
3461 5497 3555 5552 ubi
3607 5499 3720 5566 jam

2129 5570 2365 5630 dixerat,
2389 5585 2438 5622 ρ.
2467 5568 2555 5641 56,
2591 5567 2864 5641 σύμϐασιν
2880 5567 3169 5641 ὀδυνηρὰν,
3201 5587 3384 5624 casum
3410 5569 3717 5641 molestum.

2127 5642 2223 5695 Dei
2264 5640 2584 5693 memoriam
2638 5639 2916 5708 prtebere;
2953 5639 3141 5704 et‘57,
3189 5657 3410 5696 omnem
3464 5639 3719 5708 ἀκούσιον

2128 5711 2310 5836 ἶτόνον.
2519 5707 2901 5786 abstergendae
2935 5711 3137 5782 Obsop.
3175 5711 3397 5776 sordes,
3427 5709 3471 5764 si
3522 5707 3716 5764 chatta

2150 5793 2378 5836 erret.e
2455 5795 2609 5834 oeus.

2150 5788 2320 5840 erret.
2349 5788 2401 5836 et
2434 5788 2609 5834 locus.
