4060 6416
503 384 642 452 1459
1651 385 1711 445 s.
1752 385 2042 446 MAXIMI
2080 386 2599 450 CONFESSORIS
3633 380 3763 468 tuo

493 497 784 557 duntaxat,
811 493 908 562 qui
953 491 1073 563 ejus
1118 490 1269 545 velut
1302 486 1588 561 parentem
1619 492 1789 548 animi
1821 492 1930 548 sibi
1967 492 2089 564 pla-

2161 509 2286 554 ,νον
2331 496 2380 549 οἱ
2436 494 2656 566 μητέρα
2711 492 2885 566 αὐτῆς
2922 493 3024 567 τὴν
3086 495 3492 570 αὐταρέσκειαν
3522 500 3764 573 βεδλυξά.

492 585 672 641 centis
698 582 893 637 vitium
919 595 984 635 ac
1010 579 1191 634 labem
1212 581 1482 635 exsecrati
1511 593 1659 636 sunt.
2196 601 2371 653 μενοι.

563 676 691 731 256.
718 674 823 742 Qui
870 673 1068 743 probat
1100 672 1348 742 quidem,
1380 681 1435 728 at
1479 688 1592 728 non
1642 674 1862 745 recipit,
1892 675 2091 730 huma-

2269 680 2413 743 σλς’.
2457 678 2724 733 Ἔπαινον
2757 677 3067 751 ἀνθρώπων
3096 680 3192 735 καὶ
3221 679 3410 736 άνεσιν
3435 683 3712 755 σώματος,
3739 687 3767 741 ὁ

492 784 620 824 nam
651 767 895 831 laudem,
927 773 984 821 et
1014 772 1077 819 ut
1115 779 1318 835 corpus
1351 764 1544 820 mitius
1573 766 1808 832 habeat;
1844 766 1955 833 hic,
1990 782 2088 821 ex-

2192 770 2595 840 ἀποδεχόμενος
2645 771 2765 841 μὲν,
2804 774 2864 825 ού
2905 772 3339 844 καταδεχόμενος
3373 774 3452 839 δὲ,
3492 770 3642 840 οὗτος
3681 779 3766 834 τοῦ

496 871 671 918 trema
692 861 876 916 inanis
895 859 1083 930 gloriae
1108 858 1351 914 nudatus
1378 859 1585 923 tunica,
1616 858 1916 913 habitaculi
1939 866 2088 929 quod

2192 863 2424 934 ἐσχάτου
2438 863 2538 933 τῆς
2560 864 2867 930 κενοδοξίας
2902 865 3131 936 χιτῶνος
3161 865 3369 936 γυμνὸς
3403 866 3658 935 γεγονώς,
3683 869 3767 924 τοῦ

493 954 561 1009 de
605 954 745 1010 ccelo
774 961 879 1017 est,
919 967 983 1006 ac
1016 951 1166 1021 quod
1215 952 1386 1006 multa
1415 952 1720 1023 gemituum
1763 950 1817 1003 vi
1853 951 2091 1021 inquiri-

2191 953 2250 1006 ὲν
2311 952 2530 1017 πολλοῖς
2589 958 2915 1026 στεναγμοῖς
2976 956 3409 1026 ὲπιζητουμένου
3464 958 3766 1030 οίκητηρίου

493 1058 638 1111 mus,
673 1043 1004 1109 claritatem,
1036 1042 1165 1097 inde
1187 1042 1300 1114 jam
1332 1042 1536 1097 meruit
1559 1042 1791 1097 induere
1821 1041 1915 1109 9"._

2189 1044 2287 1099 τοῦ
2324 1045 2382 1112 ἐξ
2425 1045 2658 1117 ούρανοῦ
2691 1046 2789 1118 τὴν
2811 1047 3147 1119 φαιδρότητα
3179 1049 3275 1102 ἀπ’
3303 1046 3558 1103 ἐντεῦθεν
3574 1049 3768 1123 ἠξιώθη

2191 1137 2538 1193 ἐνδύσασθαι.

558 1222 684 1277 237.
714 1222 880 1278 Aliud
922 1232 1007 1279 est
1049 1223 1215 1288 actio,
1260 1223 1410 1278 aliud
1458 1222 1692 1278 effectus
1731 1231 1789 1277 et
1816 1221 1965 1293 quod
1997 1223 2089 1278 illa

2270 1228 2405 1296 σλς.
2444 1230 2609 1286 ’Δλλο
2642 1230 2917 1302 ἐνέργεια,
2954 1231 3051 1284 καὶ
3092 1228 3222 1284 ἄλλο
3253 1230 3560 1303 ἐνέργημα.
3587 1231 3690 1285 Καὶ
3712 1230 3771 1287 τὸ

489 1315 689 1386 agitur.
738 1315 817 1370 Ac
859 1315 1085 1386 quidem
1134 1317 1408 1381 alterum,
1455 1315 1825 1371 consummati
1875 1316 2086 1386 peccati

2193 1321 2315 1393 μὲν,
2351 1322 2635 1395 ἁμαρτίας
2661 1323 3084 1393 ἀπηρτισμένης
3111 1321 3233 1375 ἐστὶ
3262 1322 3543 1376 δεικτικόν
3567 1339 3582 1353 ·
3612 1322 3674 1376 τὸ
3694 1322 3765 1388 δὲ’,

491 1407 804 1477 subjectum
851 1417 972 1474 est;
1022 1408 1258 1463 alterum
1293 1423 1445 1484 vero,
1486 1407 1789 1477 voluptatis
1821 1406 2089 1464 duntaxat

2191 1413 2530 1484 ἡδυπαθείας
2588 1413 2757 1484 μόνης
2802 1411 2906 1482 τῆς
2951 1411 3166 1466 ἔνδοθεν
3218 1414 3638 1484 ὲνηργημένης,
3665 1413 3769 1468 ἀλλ’

452 1553 457 1557 ,
490 1512 555 1552 ac
582 1497 854 1561 libidinis,
879 1498 1029 1553 intus
1062 1498 1250 1552 animo
1278 1479 1535 1568 vigentis,
1564 1514 1675 1552 non
1718 1506 1902 1552 tamen
1929 1506 2055 1554 extc

2189 1479 2292 1558 οὐκ
2320 1504 2502 1568 ἐκτός.
2545 1479 2637 1568 ’ἀς
2663 1479 2723 1557 οἱ.
2756 1479 2872 1574 τῆς*
2899 1503 3041 1567 ιδίας
3082 1503 3181 1575 μὲν
3218 1479 3770 1575 μὴ’κατακινούμενοι

489 1587 606 1641 rius
631 1586 951 1655 productae:
976 1586 1130 1642 velut
1159 1587 1421 1641 nimirum
1453 1587 1548 1657 qui
1578 1604 1688 1641 non
1711 1587 1889 1658 patria
1919 1604 2086 1643 exsu-

2190 1598 2316 1668 γῆς,
2343 1595 2819 1667 δασμοφοροῦντες
2849 1593 2908 1648 δὲ
2936 1595 3088 1666 ὅμως
3115 1596 3230 1659 τοῖς
3255 1593 3771 1650 καταδυναστεύουσι

486 1675 626 1742 lant,
663 1676 871 1747 quique
902 1676 1267 1732 nihilominus
1298 1678 1466 1748 670
1488 1693 1613 1749 qua:
1657 1693 1725 1733 ex
1770 1678 2086 1734 dominato-

1250 1692 1267 1732 5
1298 1678 1466 1748 670
1488 1693 1613 1749 qui!3
1657 1693 1725 1733 εἰ
1770 1678 2086 1734 (Ῐοηιίηηῑο-
2189 1691 2259 1744 τὰ
2292 1689 2478 1753 αὐτοῖς
2513 1686 2853 1759 καταθύμια.

486 1783 611 1823 rum
638 1776 768 1823 voto
796 1769 909 1824 sint
941 1769 1161 1840 illisque
1190 1770 1481 1841 imperata,
1511 1770 1721 1825 tributo
1745 1770 2012 1840 pendant.

554 1860 682 1915 258.
717 1859 855 1916 Cum
885 1872 1081 1932 gustus
1122 1840 1603 1932 interivoluptates
1641 1864 1848 1933 primas
1879 1872 2086 1930 teneat,
2123 1840 2157 1899 Β

2273 1861 2410 1937 σλη’.
2446 1865 2563 1935 Τῆς
2587 1863 2835 1934 γεύσεως
2864 1863 3176 1937 κρατούσης
3219 1864 3277 1918 ἐν
3301 1863 3523 1935 ἡδοναῖς
3541 1904 3558 1928 ,
3588 1863 3774 1918 ἀδύνα-

487 1950 607 2007 ﬁeri
635 1969 742 2009 non
770 1963 956 2025 potest
983 1955 1119 2026 quin
1143 1970 1339 2011 omnes
1363 1971 1560 2013 sensus
1585 1973 1693 2013 una
1718 1957 2090 2030 obsequentes

2189 1972 2284 2009 τον
2345 1956 2420 2026 μὴ
2453 1955 2551 2008 καὶ
2599 1955 2780 2018 πάσας
2837 1953 2938 2018 τὰς
2968 1953 3256 2026 αἰσθήσεις
3294 1951 3647 2016 συνέπεσθαι,
3675 1952 3772 2007 κᾶν

484 2045 687 2127 trahat,
724 2046 939 2101 tametsi
974 2046 1031 2101 in
1076 2047 1157 2102 eis
1197 2047 1292 2117 qui
1325 2046 1645 2119 frigidiores
1688 2058 1820 2104 sunt
1862 2050 1919 2105 in
1951 2065 2087 2122 pace

2189 2047 2299 2101 τῶν
2327 2046 2689 2119 ψυχροτέρων
2720 2045 3030 2119 είρηνεύειν
3065 2045 3268 2099 δοκῶσι
3300 2046 3371 2099 τὰ
3400 2046 3772 2117 ὑπογάστρια,

484 2137 759 2193 contineri
820 2154 1056 2194 venerea
1105 2138 1401 2210 videntur,
1452 2141 1763 2213 cujusmodi
1813 2142 2087 2199 exsistunt

2188 2138 2264 2203 ώς
2290 2140 2401 2194 τῶν
2429 2138 2824 2210 γεγηρακότων
2850 2137 3101 2210 πύρωσιν
3129 2139 3195 2191 ὲκ
3228 2137 3405 2209 πυρὸς
3451 2137 3592 2211 [μὴ]
3621 2136 3771 2204 δεξα-

482 2229 677 2295 vetuli,
709 2230 803 2301 qui
841 2214 1161 2287 incendium
1206 2247 1276 2287 ex
1330 2232 1456 2304 igne
1504 2248 1614 2288 non
1666 2233 1932 2289 sentiant.
1964 2234 2085 2291 Non

2194 2231 2396 2303 μένων.
2446 2231 2587 2285 Ἀλλ’
2615 2231 2678 2285 ού
2708 2231 2838 2304 περὶ
2896 2230 2959 2285 τὺ
3008 2231 3210 2302 γεννᾷν
3262 2229 3502 2303 σώφρων
3530 2236 3566 2303 ἡ
3600 2235 3776 2302 στεῖρα

484 2330 667 2376 tamen
705 2322 964 2394 gignendi
995 2323 1247 2393 partibus
1279 2302 1429 2378 casta
1456 2324 1824 2379 aestimabitur
1855 2325 2084 2393 sterilis,

2198 2302 2573 2394 μοιχευομένη
2623 2302 2971 2395 κριθήσεται.
3007 2322 3316 2391 Σωφρονεῖν
3360 2302 3421 2376 δὲ
3452 2302 3639 2378 πάντα
3692 2322 3776 2377 τὸν

483 2430 609 2484 quae
636 2414 972 2471 adulterium
1016 2415 1201 2472 faciat.
1232 2415 1458 2472 Castum
1496 2432 1630 2473 vero
1664 2418 1898 2474 dixerim
1935 2418 2086 2489 quis-

2198 2414 2275 2485 μὴ
2333 2412 2671 2485 πορνεύοντα
2711 2413 2925 2485 εἴποιμι
2968 2412 3056 2479 ἂν,
3104 2412 3245 2485 μηδὲ
3291 2413 3487 2487 ὁράσει
3539 2432 3777 2488 κατακη-

482 2507 608 2578 quis
639 2522 750 2562 non
784 2507 1113 2574 fornicetur,
1136 2524 1243 2564 nec
1255 2509 1533 2580 impudice
1560 2510 1738 2565 oculis
1755 2509 2083 2566 oblectetur.
2191 2504 2480 2576 λούμενον.

551 2599 678 2654 259.
717 2599 777 2654 ln
822 2600 963 2655 cibis
995 2599 1303 2671 formisque
1356 2616 1421 2656 ac
1468 2601 1734 2666 vocibus,
1785 2603 1957 2659 animi
2001 2604 2086 2659 vis

2261 2596 2407 2655 σλθ’.
2448 2599 2539 2654 Ἐν
2564 2600 2796 2672 τροφαῖς
2854 2597 2951 2653 καὶ
2992 2599 3232 2671 μορφαῖς
3277 2598 3375 2653 καὶ
3431 2601 3668 2669 φωναῖς,
3721 2600 3778 2653 τι

482 2690 926 2761 concupiscentis
945 2692 1283 2761 exploratur,
1306 2708 1558 2763 quaenam
1594 2693 1696 2760 sit;
1726 2701 1843 2749 tum
1871 2694 2085 2750 scilicet

2189 2691 2590 2764 ἐπιθυμητικὸν
2620 2693 2721 2762 τῆς
2755 2691 2939 2764 ψυχῆς
2973 2691 3292 2762 ἐλέγχεται,
3327 2684 3439 2746 οἷόν
3485 2692 3639 2747 ἐστιν
3665 2694 3778 2755 ταῖς

480 2781 703 2836 valendi
740 2790 856 2835 tum
892 2782 1192 2853 respuendi
1228 2784 1665 2854 appetitionihus
1710 2785 1767 2840 in
1799 2795 1961 2858 gustu
1996 2786 2083 2842 vi-

2194 2782 2513 2855 θελητικαῖς
2565 2801 2627 2838 τε
2668 2785 2762 2837 καὶ
2804 2786 2924 2848 ταῖς
2954 2782 3133 2846 ἄλλως
3161 2782 3420 2854 ἐχούσαις
3447 2782 3698 2857 [ὁρμαῖς]
3724 2784 3779 2839 ἐν

479 2888 658 2944 suque
705 2884 761 2929 et
800 2873 1027 2942 auditu;
1076 2890 1208 2929 num
1243 2875 1396 2930 velut
1430 2892 1553 2946 qua:
1608 2877 1717 2933 illis
1752 2886 1963 2945 utatur,
2011 2895 2082 2935 an

2189 2876 2402 2945 γεύσει,
2428 2875 2526 2929 καὶ
2544 2876 2689 2946 ὄψει,
2723 2875 2821 2930 καλ⁵
2848 2877 3026 2947 ἀκοῇ,
3065 2875 3179 2929 εἴτε
3228 2874 3308 2938 ὡς
3344 2875 3641 2947 χρώμενον
3686 2873 3777 2928 αύ-

477 2964 633 3021 velut
671 2982 796 3037 quae
846 2967 1132 3033 abutatur,
1167 2967 1254 3023 vel
1307 2983 1432 3039 quae
1483 2968 1671 3024 medio
1719 2970 1886 3026 modo
1933 2971 2080 3027 inter

2182 2969 2327 3034 ταῖς,
2364 2968 2479 3021 εἴτε
2504 2966 2583 3032 ώς
2616 2967 3083 3040 παραχρώμενον,
3114 2966 3226 3021 εἴτε
3249 2966 3419 3037 μέσον
3434 2969 3581 3041 πρὸς
3612 2968 3780 3041 ἀμφό-

480 3062 779 3124 utrumque
813 3069 871 3111 se
900 3055 1111 3112 habens
1143 3056 1484 3112 inveniatur.

2182 3075 2319 3131 τερα
2354 3058 2778 3129 εὑρισκόμενον.
3688 3104 3691 3106 .

549 3145 690 3248 240..
713 3146 1016 3248 [aquibus
1060 3162 1173 3248 non
1206 3149 1364 3219 praeit
1414 3149 1599 3214 timor,
1633 3151 1804 3207 animi
1839 3153 2081 3210 rationes
2107 3189 2150 3248 α

2255 3148 2366 3222 σμ’.
2415 3151 2506 3206 Ἐν
2548 3146 2632 3216 οἷς
2658 3153 2687 3205 ὁ
2722 3151 2888 3222 φόϐος
2920 3152 2981 3207 ού
3013 3156 3365 3225 προηγεῖται,
3397 3151 3477 3217 ὡς
3533 3149 3782 3224 πρόϐατα

478 3251 545 3291 ac
571 3237 935 3308 cogitationes
960 3237 1014 3293 in
1043 3239 1367 3297 confusione
1407 3242 1782 3311 invenientur,
1817 3254 2076 3317 tanquam

2188 3243 2263 3316 μὴ
2287 3245 2480 3315 ἔχοντα
2511 3244 2750 3315 ποιμένα
2777 3245 2835 3299 ἐν
2866 3244 3157 3317 συγχύσει,
3177 3246 3228 3300 oi
3252 3245 3514 3316 λογισμοὶ
3550 3241 3781 3314 εὑρεθή-

477 3343 611 3384 ovcs
632 3346 743 3385 non
768 3330 1036 3387 habentes
1066 3341 1353 3408 pastorem,
1376 3334 1424 3366 ”
1450 3351 1464 3388 :
1493 3334 1689 3390 ordine
1713 3345 1898 3392 autem
1928 3353 2079 3394 eom-

2186 3352 2406 3392 σονται·
2461 3337 2522 3388 ὲν
2577 3334 2804 3408 εὐταξίᾳ
2875 3336 2955 3401 δὲ,
3002 3337 3096 3390 καὶ
3158 3336 3405 3409 μάνδρας
3459 3335 3604 3389 εἵσω
3648 3332 3782 3388 κατὰ

477 3421 672 3492 positae
728 3422 983 3494 intraque
1043 3425 1256 3480 caulam
1304 3426 1551 3482 collectae
1607 3437 1759 3484 recte
1812 3430 2076 3500 pascendi

2182 3430 2282 3501 τὴν
2329 3427 2592 3500 εὐνομίαν
2651 3426 3041 3500 ὲφεπομένου,·
3085 3427 3122 3501 ἣ
3188 3426 3617 3500 προηγουμένου
3681 3423 3777 3480 αύ-

478 3513 713 3580 ratione,
749 3515 842 3569 illo
884 3516 1087 3572 comite
1127 3529 1222 3573 aut
1257 3529 1562 3589 praeeunte.
2181 3517 2297 3573 τοῦ.

544 3604 672 3658 2H.
724 3604 875 3660 Fidei
920 3608 1124 3676 proles,
1165 3609 1332 3665 timor
1364 3620 1481 3679 est;
1521 3612 1568 3667 is
1598 3627 1754 3677 vero,
1790 3613 2077 3669 mandato-

2257 3615 2406 3681 σμα’.
2431 3608 2545 3679 Τῆς
2574 3609 2836 3673 πίστεως,
2868 3609 2898 3662 ὁ
2932 3608 3098 3680 φόϐος
3126 3610 3240 3675 υἱός
3268 3627 3284 3644 °
3316 3612 3429 3668 τῶν
3459 3616 3704 3671 ἐντολῶν
3727 3615 3781 3672 δὲ

477 3711 603 3751 rum
632 3706 837 3767 pastor.
865 3698 962 3765 Ae,
994 3701 1090 3771 qui
1121 3701 1244 3773 ejus
1274 3713 1560 3773 parentem
1592 3713 1788 3767 nactus
1812 3722 1924 3761 non
1957 3707 2079 3761 fue-

2180 3696 2338 3766 οὗτος
2365 3700 2567 3771 νομεύς
2590 3716 2604 3731 ο
2644 3701 2740 3753 καὶ
2769 3701 2804 3753 ό
2831 3702 2909 3772 μὴ
2940 3701 3041 3774 τὴν
3071 3702 3288 3774 μητέρα
3337 3705 3540 3762 τούτου
3578 3706 3782 3780 κτησά-

476 3787 568 3851 rit,
606 3788 752 3844 haud
784 3791 985 3864 dignus
1011 3793 1292 3849 videbitur
1333 3795 1429 3866 qui
1464 3796 1684 3851 Domini
1710 3812 1929 3868 pascuae
1957 3798 2079 3854 ovis

2186 3811 2372 3867 μενος,
2413 3793 2693 3864 πρόϐατον
2738 3793 2976 3864 ὀφθῆναι
3015 3796 3119 3866 τῆς
3164 3796 3309 3851 κατὰ
3358 3798 3574 3871 Κύριον
3617 3801 3782 3872 νομῆς

475 3879 822 3938 admittatur.

2181 3886 2283 3942 ούκ
2312 3884 2694 3957 ἀξιωθήσεται.

543 3973 670 4028 242.
696 3974 803 4029 Alii
827 3975 1053 4053 quidem
1075 3978 1191 4034 sola
1216 3978 1425 4036 habent
1454 3982 1727 4039 honorent
1759 3983 1952 4049 initia;
1981 3982 2075 4038 alii

2255 3977 2405 4051 σμβ’.
2434 3980 2498 4032 Οί
2533 3978 2634 4048 μὲν
2675 3977 2774 4041 τὰς
2811 3977 2989 4050 ἀρχὰς
3024 3979 3194 4051 μόνας
3226 3979 3415 4052 ἔχουσι
3443 3983 3562 4038 τῶν
3583 3983 3778 4039 καλῶν·

473 4078 609 4120 vero
644 4066 810 4121 etiam
854 4067 1053 4124 horum
1089 4071 1304 4139 media;
1353 4075 1445 4129 alii
1474 4075 1715 4146 denique
1742 4075 1911 4131 etiam
1955 4074 2076 4129 illo-

2182 4072 2233 4127 οί
2259 4072 2343 4136 δὲ,
2372 4071 2472 4126 καὶ
2510 4070 2611 4135 τὰς
2639 4069 2849 4125 τούτων
2887 4072 3199 4145 μεσότητας
3225 4090 3239 4103 ·
3274 4076 3326 4129 οἱ
3354 4076 3434 4142 δὲ,
3477 4077 3581 4131 καὶ
3604 4076 3675 4132 τὰ
3700 4076 3782 4131 τὲ-

475 4170 599 4210 rum
636 4155 806 4225 fines;
843 4160 937 4229 qui
982 4161 1027 4215 si
1059 4161 1260 4231 desint,
1300 4165 1453 4221 velut
1496 4168 1728 4239 simplex
1776 4168 1937 4224 miles
1980 4178 2078 4224 aut

2183 4165 2250 4236 λη
2273 4163 2456 4219 αὐτῶν
2491 4180 2507 4197 ’
2534 4157 2611 4218 ὧν
2636 4163 2789 4230 ἄνευ,
2828 4164 2906 4229 ὠς
2948 4166 3294 4239 στρατιώτης
3333 4168 3497 4239 ψιλὸς
3551 4169 3782 4233 ἕκαστος

472 4247 832 4319 honorarius,
855 4254 1091 4325 quisque
1129 4256 1464 4327 invenietur,
1490 4260 1775 4333 congiario
1794 4263 2075 4333 justisque

2185 4256 2543 4328 εὑρεθήσεται
2577 4255 2610 4329 ἢ
2644 4255 3043 4328 άξιωματικὸς,
3076 4258 3186 4314 τῶν
3235 4262 3572 4334 σιτηρεσίων
3610 4262 3783 4326 ἐκτός.

474 4339 769 4409 stipendiis
812 4344 1041 4402 minime
1087 4346 1347 4404 donatus.
1396 4350 1649 4423 Hincque
1683 4352 1823 4408 adeo
1868 4360 1974 4419 est,
2015 4364 2077 4408 ut

2183 4349 2296 4403 Καὶ
2324 4348 2416 4402 διὰ
2443 4347 2628 4416 τοῦτο,
2651 4349 2682 4402 ὁ
2725 4348 2826 4420 μὲν
2861 4349 2963 4420 τὴν
3002 4350 3203 4405 ἑαυτοῦ
3255 4353 3419 4422 μόνον
3476 4355 3578 4408 καὶ
3634 4353 3784 4424 μόλις

473 4436 616 4492 alius
656 4438 882 4508 quidem
925 4458 1053 4498 suas
1103 4445 1371 4500 duntaxat
1417 4446 1584 4515 aedes,
1637 4464 1841 4517 easque
1872 4464 2016 4520 aegre
2045 4462 2076 4504 a

2183 4440 2365 4495 οὶκίαν
2420 4440 2533 4494 ἀπὸ
2599 4440 2709 4495 τῶν
2753 4441 3191 4515 ἐπιχειρούντων
3227 4443 3402 4515 αὐτὴν
3447 4444 3786 4518 ἐπηρεάζειν

473 4528 801 4587 violantium
834 4534 1037 4606 injuria
1083 4536 1280 4593 illmsas
1328 4549 1541 4606 servet;
1577 4540 1721 4595 alius
1767 4555 1898 4595 vero
1930 4540 2076 4596 haud

2187 4532 2507 4604 συντηρῶνο
2547 4532 2578 4586 ό
2629 4531 2688 4586 δὲ
2738 4533 2841 4587 οὐκ
2868 4537 2927 4588 ἐν
2963 4539 3103 4608 τιμῇ
3142 4538 3210 4609 τῇ
3245 4536 3610 4610 προσηκούσῃ
3639 4537 3785 4609 εὑρι-

474 4620 612 4674 satis
635 4623 987 4680 convenienti
1018 4626 1230 4683 honore
1258 4627 1598 4696 inveniatur,
1629 4630 1687 4685 in
1717 4631 1920 4702 quibus
1947 4646 2077 4687 eum

1537 4647 1598 4696 Ir,
1629 4630 1687 4685 in
1717 4631 1920 4702 quibus
1947 4646 2077 4687 eum
2187 4626 2473 4697 σχόμενος,
2499 4627 2559 4679 ὲν
2583 4618 2667 4689 οἷς
2695 4625 2764 4682 ἂν
2788 4627 3140 4698 συνέρχηται.

474 4714 683 4768 versari
733 4717 1047 4788 contigerit.

544 4804 670 4860 245.
704 4801 820 4875 ρυτ
849 4824 952 4864 nos
989 4811 1129 4881 gulae
1162 4811 1380 4868 deliciis
1423 4812 1712 4885 indulgere
1761 4815 2077 4883 hortantur,

2259 4813 2407 4879 σμγ’.
2443 4808 2508 4861 Οἱ
2539 4807 2663 4870 ταῖς
2696 4806 2916 4894 ἡδοναῖς
2943 4806 3307 4879 συνέρχεσθαι
3329 4809 3786 4882 παρακαλοῦντες

475 4897 686 4954 idcirco
737 4900 885 4969 quod
935 4904 1166 4973 perfecti
1209 4920 1422 4971 sumus,
1458 4907 1689 4977 perinde
1732 4907 1964 4973 faciunt,
2016 4922 2078 4963 ac

2184 4900 2281 4958 τοῦ
2313 4905 2598 4976 φάρυγγος
2631 4903 2870 4967 ἐντελεῖς
2895 4902 3059 4966 ὄντας
3085 4904 3200 4975 (ρ),
3228 4905 3420 4975 ὅμοιόν
3460 4922 3519 4958 τι
3568 4903 3785 4961 ποιοῦσι

473 4991 569 5061 qui
606 5000 796 5048 sanata
836 4994 943 5052 iam
974 4997 1205 5052 vulnera
1250 4998 1604 5069 obductaque
1646 4998 1757 5053 illis
1793 4999 2075 5065 cicatrice,

2184 4998 2302 5059 τοῖς
2345 4995 2692 5068 ἀναθερίζειν
2727 4995 3113 5067 κελευομένοις
3152 4997 3256 5062 τὰς
3280 4998 3362 5063 είς
3402 4998 3606 5068 ὑγείαν
3648 4998 3784 5070 πλη·

476 5080 737 5138 defodere
763 5084 962 5155 jubent
995 5102 1060 5142 ac
1106 5104 1382 5156 resecare,
1426 5089 1515 5145 vel
1560 5089 1826 5156 scabiem,
1859 5089 1932 5144 ob
1978 5105 2079 5144 vo-

2188 5090 2293 5159 γὰς
2345 5088 2449 5160 ἥδη
2498 5086 2763 5152 ἐλθούσας
2796 5104 2810 5119 ·
2841 5088 2875 5160 ἢ
2907 5088 3006 5153 τὰς
3029 5086 3223 5162 ψώρας
3266 5090 3356 5144 διὰ
3392 5090 3491 5163 τὴν
3543 5091 3784 5165 ἡδύτητα

475 5173 703 5244 luptatis
743 5176 870 5232 inde
904 5194 1149 5245 sensum,
1181 5180 1477 5246 defricare,
1507 5190 1604 5236 aut
1646 5181 1756 5238 illis
1783 5182 1930 5238 vesci
1956 5196 2078 5252 quae

2187 5179 2410 5253 κνήθειν
2442 5195 2456 5211 ο
2502 5177 2644 5251 ἣτὰ
2692 5179 2784 5233 τὸν
2837 5180 3074 5249 πυρετὸν
3126 5182 3439 5237 ἀνάπτοντα
3489 5179 3782 5252 ὲσθίειν,ἢ

551 5314 596 5345 ⁹⁴
624 5314 669 5368 lI
696 5314 826 5369 Cor.
859 5332 915 5381 v,
939 5316 995 5370 2.
1072 5319 1117 5351 ⁸⁵
1149 5319 1216 5373 lll
1261 5319 1399 5391 Reg.
1431 5337 1562 5386 xxu,
1596 5321 1679 5377 i7.

549 5425 628 5511 (ρ)
677 5427 972 5511 Ἐγτελεῖς
1001 5429 1204 5511 ὄντας.
1245 5431 1374 5511 Erat
1423 5433 1571 5511 Medo
1603 5447 1798 5511 errore
1842 5431 2065 5511 inamo-

2179 5427 2303 5510 riori
2337 5427 2636 5511 disciplina
2669 5429 2812 5511 ultra
2853 5445 2964 5485 non
2994 5428 3332 5511 indigeant;
3389 5427 3542 5511 quod
3575 5425 3782 5511 nedum

476 5497 954 5578 ypdcpqi,na‘rz_sl.si;,
1014 5502 1207 5556 nescio
1239 5518 1311 5557 an
1357 5503 1412 5557 in
1457 5503 1798 5578 αὐτογράφῳ
1839 5503 2066 5578 Δῐλίψιίξι

2179 5499 2383 5578 incauti
2412 5497 2695 5578 spiritales
2724 5499 2791 5555 ad
2813 5502 3063 5571 corporis
3091 5497 3782 5578 rémissione’mjtrahunt,

478 5575 631 5622 certe
652 5568 790 5622 nihil
840 5579 1052 5638 aptum,
1091 5588 1195 5626 nec
1220 5582 1428 5628 temere
1482 5568 1964 5628 mihi'indulsisse'
2002 5583 2063 5628 ut
2170 5570 2225 5641 in
2259 5570 2346 5641 iis,
2387 5568 2510 5641 quae
2541 5569 2725 5641 media
2754 5585 2875 5641 esse
2915 5568 3171 5641 possunt,
3199 5568 3614 5641 verumetiam
3663 5581 3789 5641 pro-

480 5646 778 5711 mutarern,
806 5636 971 5709 atque
1011 5642 1298 5708 mutando,
1338 5644 1634 5699 Maximum
1665 5644 1900 5699 Maximo
1934 5643 2063 5699 red-
2166 5639 2283 5694 fani
2316 5636 2558 5711 haeretici
2592 5640 2659 5695 ad
2697 5636 3310 5711 turpiafnefandasque
3334 5636 3790 5711 libidines;_qui-

481 5707 692 5790 «εει-ειη.
720 5709 796 5789 ne
828 5707 937 5790 illis
976 5711 1141 5790 plane
1185 5728 1372 5770 sermo
1399 5724 1505 5780 est,
1542 5715 1637 5785 qui
1670 5729 1801 5770 cum
1831 5715 1953 5790 sibi
1975 5715 2060 5790 vi-_
2176 5710 2281 5790 bus
2310 5710 2531 5781 egregie
2569 5721 2728 5766 cavet
2765 5707 3054 5776 Maximus,
3085 5719 3197 5765 tam
3221 5707 3424 5790 sancto
3466 5707 3783 5790 colgplltglt?

482 5776 723 5831 deantur
746 5778 858 5856 jam
887 5776 1112 5856 viriutis
1135 5800 1317 5856 arcem
1348 5776 1677 5855 arripuisse,
1712 5800 1777 5841 ac
1826 5784 2059 5856 perfecti
2172 5776 2370 5835 finiens
2411 5776 2579 5856 aurea
2630 5797 2729 5837 sua
2745 5822 2767 5856 ,_
2794 5797 3037 5856 vereque
3072 5782 3338 5856 ascetica,
3368 5788 3441 5856 et_
3466 5794 3535 5833 ex
3567 5776 3780 5835 Christi

479 5859 630 5912 esse,
656 5851 817 5920 genio
856 5851 960 5908 sibi
1005 5853 1403 5929 indulgendum
1446 5850 1664 5928 putant,
1709 5850 1867 5928 quasi
1901 5870 2065 5937 seve-
2172 5864 2367 5914 norma
2382 5850 2453 5907 ad
2472 5866 2698 5909 omnem
2718 5850 2983 5910 νίΐιιιιθῐῖλ
2999 5851 3300 5921 ﬁrmanti“:
3323 5851 3537 5923 capita-

2108 5942 2143 5952 ,-
