4060 6404
338 381 469 448 1461

1419 389 1528 450 EX
1557 390 1805 452 OPERE
1837 389 2035 448 LXIII
2073 390 2508 450 DUBIORUM.

3482 390 3616 458 1462

334 499 710 569 ἀποφράττειν
763 501 854 555 τὸν
898 500 1201 573 ἀμπελῶνα
1232 500 1423 570 αὐτοῦ,
1453 504 1551 557 καὶ
1615 505 1923 574 συγχωρεῖν

2033 503 2225 558 febrim
2271 503 2575 558 accendant
2621 522 2633 558 :
2672 504 2756 558 vel
2808 504 3021 558 vineam
3068 505 3305 557 macerie
3349 513 3620 575 septoque

337 593 682 663 εὶσέρχεσθαι
710 592 805 647 συν
829 597 949 658 ταῖς
966 594 1199 659 ἐννοίαις
1221 597 1343 659 ταῖς
1365 595 1616 663 ἀγαθαῖς,
1639 595 1714 657 ὡς
1743 595 1924 664 μονιδν

335 685 530 754 ἄγριον
587 686 649 738 τὸ
696 687 956 756 φρόνημα
992 688 1089 757 τῆς
1120 688 1346 757 σαρκὸς,
1386 687 1463 750 ὡς
1497 687 1776 756 σταφυλὰς
1806 687 1924 740 δια-

335 776 652 830 δόσκεσθαι.
694 773 788 842 Οἷς
824 779 885 831 οὑ
917 779 1198 832 πείθεσθαι
1246 779 1375 850 χρὴ,
1411 780 1530 833 οὐδὲ
1581 783 1703 843 ταῖς
1762 779 1925 832 ἀκαί-

296 881 300 885 “
339 886 451 940 ροις
473 870 823 940 κάμπτεσθαι
849 871 1162 933 κολακείαις
1181 870 1487 942 ἀνθρώπων
1511 887 1570 923 τε
1592 870 1686 924 καὶ
1713 869 1922 923 παθῶν·

335 962 677 1033 κατοχυροῦν
722 962 781 1015 δὲ
841 963 934 1015 τὸν
993 964 1247 1034 φραγμὸν
1296 965 1365 1018 δι’
1424 963 1778 1036 ἐγκρατείας,
1815 963 1922 1026 ἕως

335 1053 651 1107 παύσωνται
698 1055 752 1107 οἵ
797 1070 856 1106 τε
902 1054 1088 1126 θῆρες,
1124 1056 1192 1109 τά
1249 1057 1493 1127 σαρκικὰ
1541 1056 1711 1126 πάθη,
1743 1055 1920 1126 ὠρύε-

336 1145 479 1211 σθαι,
523 1148 618 1199 καὶ
647 1147 722 1209 ὼς
745 1150 971 1201 πετεινά
1003 1149 1052 1201 οί
1078 1150 1301 1219 μάταιοι
1328 1150 1604 1218 λογισμοὶ,
1639 1150 1714 1220 μὴ
1746 1165 1922 1202 κατα-

335 1239 542 1290 ϐαίνειν
573 1240 954 1309 λυμαίνεσθαι,
981 1240 1079 1311 τὴν
1109 1241 1184 1304 ὡς
1212 1242 1458 1312 ἄμπελον
1508 1242 1922 1313 εὑθηνουμένην

331 1330 512 1401 ψυχὴν
564 1331 822 1399 θεωρίαις
877 1335 1000 1398 ταῖς
1055 1336 1114 1386 ὲν
1144 1334 1366 1407 Χριστῷ
1405 1335 1585 1406 Ἰησοῦ
1624 1335 1702 1407 τῷ
1732 1334 1923 1407 Κυρίῳ

333 1420 514 1490 ἡμῶν.
563 1421 620 1473 Ἀ
629 1423 755 1492 μήν.

2025 596 2336 659 obstruere,
2373 610 2438 648 ac
2472 596 2675 659 sinere,
2708 605 2769 649 ut
2805 612 2911 649 una
2953 611 3078 649 cum
3127 594 3292 649 bonis
3322 596 3618 666 cogitatio—

2025 687 2211 752 nibus,
2243 688 2426 741 earnis
2453 687 2748 756 prudentia
2777 687 2843 740 ad
2873 703 3008 740 uvas
3037 686 3431 755 depascendas,
3471 686 3615 740 haud

2028 794 2188 832 secus
2236 794 2300 832 ac
2347 778 2639 848 singularis
2693 778 2846 833 ferus
2889 779 3247 848 ingrediatur.
3297 777 3615 832 Cavendum

2024 886 2158 924 vero
2199 885 2266 924 ne
2297 871 2384 924 his
2414 887 2622 924 morem
2659 887 2932 941 geramus,
2976 887 3114 926 neve
3145 872 3305 942 671
3346 871 3616 940 importu—

2027 964 2116 1017 nis
2165 963 2450 1017 hominum
2503 964 2710 1034 pariter
2765 963 3173 1033 atl'ectuumque
3224 963 3616 1018 blandimentis

2028 1055 2348 1120 ﬂectantur;
2376 1055 2469 1109 sed
2501 1071 2599 1124 per
2621 1053 3039 1119 continentiam,
3074 1053 3368 1108 maceriam
3399 1053 3615 1106 munia-

2029 1159 2175 1209 mus,
2210 1145 2387 1198 donec
2432 1145 2623 1199 bestiae
2671 1144 2943 1216 (carnales
2984 1145 3197 1200 scilicet
3229 1142 3481 1214 allectus)
3521 1159 3617 1196 ru-

2030 1235 2147 1304 gire
2173 1233 2461 1297 desierint,
2486 1249 2550 1287 ac
2579 1234 2731 1289 velut
2756 1235 3028 1299 volucres,
3057 1250 3209 1288 vanae
3238 1232 3617 1304 cogitationes,

2031 1326 2276 1380 animum
2327 1327 2457 1380 vitis
2503 1327 2677 1380 instar
2729 1328 3287 1398 contemplationibus
3334 1326 3621 1394 sensisquc

2032 1420 2360 1489 locupletem
2398 1427 2562 1488 atque
2597 1419 2824 1475 uberem
2879 1422 2934 1475 in
2974 1420 3194 1475 Christo
3226 1420 3352 1475 Jesu
3389 1417 3622 1472 Domino

1958 1505 2000 1564 Β
2029 1521 2238 1578 nostro,
2267 1519 2561 1566 vastaturze
2588 1528 2696 1566 non
2721 1513 3130 1568 descenderint.
3170 1512 3363 1567 Amen.

1149 1782 1453 1899 ΤΟΥ
1536 1783 2005 1900 ΑΓΙΟΥ
2077 1774 2809 1904 ΜΑΞΙΜΟΥ

870 1981 974 2036 Ἐκ
1008 1978 1123 2034 τῶν
1153 1979 1248 2050 εἴγ’
1281 1980 1544 2049 ἀπόρων,
1588 1979 1746 2048 Πρὸς
1779 1978 1886 2034 τὸν
1919 1981 2226 2035 θειότατον
2252 1981 2520 2047 βασιλέα
2564 1982 2672 2036 τὸν
2725 1983 3019 2053 Ἀχριὸήν.

1483 2226 1895 2315 SANCTI
2011 2224 2466 2315 MAXIMI

868 2399 955 2458 Ex
999 2413 1192 2474 Opere
1237 2413 1396 2456 Lxm
1443 2392 1826 2467 Dubiorum,
1875 2392 1951 2454 ad
1993 2391 2478 2456 divinissimum
2514 2395 2809 2457 Achridae
2855 2415 3072 2477 regem
3108 2401 3167 2461 ".

329 2544 506 2599 ’Πίσιὶ
548 2552 727 2616 postea
768 2541 1011 2617 Bulgafj,
1050 2559 1275 2617 quorum
1304 2547 1412 2617 [iure
1445 2539 1771 2617 metropolis,
1800 2542 1922 2617 ipsa
1949 2539 2260 2617 {ustiniana
2303 2542 2496 2611 prima.
2538 2541 2709 2617 Hujus
2733 2547 2920 2617 _operis
2955 2545 3126 2600 altum
3171 2547 3288 2602 aliis
3331 2548 3626 2617 silentium,

407 2609 668 2669 altissimo
708 2609 886 2665 tamen
931 2609 1152 2665 Maximi
1185 2613 1394 2734 ngenio
1437 2609 1802 2681 compositum,
1825 2609 1922 2663 vel
1957 2611 2051 2663 hoc
2088 2612 2263 2680 ipsum
2303 2609 2870 2680 excerptum'indiéot,
2900 2618 2974 2668 sic
3004 2617 3382 2687 theologicam;
3411 2637 3475 2673 ex.
3499 2609 3626 2677 ιίιτσξ

407 2687 523 2734 cod.
553 2686 753 2734 nridem
779 2685 1120 2734 rxscriotum.
1153 2681 1222 2734 Se
1279 2699 1348 2734 an
1383 2683 1493 2734 iam
1523 2690 1632 2734 tum
1662 2681 1898 2734 Βασιλεῖς
1924 2679 2194 2734 Βαιαανίίε
2221 2683 2479 2734 principes
2507 2691 2556 2734 et
2584 2683 2775 2734 reauli-
2805 2687 2944 2734 mmd
2965 2689 3037 2734 eis
3063 2691 3280 2734 tandem
3305 2690 3475 2734 (Ζηνί-ἱ
3497 2679 3626 2734 ιιιιῆ-

401 2687 523 2738 cod.
552 2686 753 2755 pridem
779 2685 1120 2752 ascriptum.
1153 2681 1222 2755 Se

424 2753 641 2819 cessere,
671 2755 885 2807 dubium
921 2769 1031 2808 esse
1059 2753 1239 2822 possit.

1279 2699 1348 2736 an
1371 2683 1493 2752 jam
1523 2679 1632 2734 tum
1660 2681 1898 2751 βασιλεῖς
1924 2679 2194 2752 Bulgaria
2220 2679 2479 2752 principes
2507 2691 2556 2736 et
2584 2683 2776 2752 reguli,
2805 2687 2944 2756 quod
2965 2689 3037 2740 eis
3063 2679 3280 2742 tandem
3305 2679 3475 2746 σέατί
3497 2679 3628 2746 cori-

405 2876 482 2928 Τὸ
535 2876 642 2947 γὰρ
696 2872 923 2944 Πνεῦμα
949 2874 1010 2926 τὸ
1040 2872 1217 2941 ἆγιον.
1255 2874 1448 2944 ὥσπερ
1478 2871 1641 2941 φύσει
1672 2872 1793 2926 κατ’
1823 2871 1916 2924 οὐ·
1946 2891 1952 2928 t

2092 2873 2310 2928 Etenim
2356 2873 2599 2944 Spiritus
2630 2885 2875 2941 sanctus,
2918 2877 3382 2946 quemadmodum
3431 2890 3631 2940 natura

331 2966 460 3021 σίαν
500 2966 620 3020 ἐστὶ
643 2965 736 3018 τοῦ
766 2963 901 3017 Θεοῦ
935 2964 1031 3016 καὶ
1062 2961 1298 3032 Πατρὸς,
1337 2960 1509 3024 οὕτως
1545 2959 1638 3012 καὶ
1671 2960 1768 3011 τοῦ
1797 2957 1926 3012 Υίοῦ

330 3057 498 3128 φύσει
521 3059 645 3110 κατ’
680 3056 868 3108 ουσίαν
898 3054 1172 3126 ὑπάρχει,
1203 3053 1280 3116 ὼς
1326 3056 1391 3106 ὲκ
1439 3052 1533 3106 τοῦ
1582 3052 1797 3122 Πατρὸς
1835 3051 1930 3104 οὑ-

333 3149 551 3212 σιωδῶς
576 3146 782 3201 διὙὶοῦ
809 3146 902 3199 τοῦ
933 3145 1289 3216 γεννηθέντος
1311 3145 1611 3216 ἀφράστως
1637 3145 1932 3215 ἐκπορευό-

342 3257 522 3308 μενον.
553 3239 668 3292 Οὐκ
704 3237 854 3290 ἔστιν
887 3231 978 3290 οὖν
1037 3235 1325 3305 ἐπινοῆσαι
1371 3234 1548 3306 τομὴν
1590 3233 1624 3305 ἢ
1664 3233 1932 3304 διαίρεσιν

335 3332 462 3385 κατ’
497 3329 690 3382 οὐδένα
748 3325 1079 3397 τρόπον,ὠς
1134 3324 1166 3394 ἢ
1227 3324 1319 3378 τὸν
1377 3325 1600 3394 Πατέρα
1637 3323 1808 3394 χωρὶς
1837 3323 1929 3376 τοῦ

339 3421 471 3476 Υἱοῦ
497 3419 879 3490 ἐπινοηθῆναι,
912 3418 944 3487 ἢ
974 3416 1065 3469 τὸν
1095 3417 1223 3469 Υίὺν
1252 3415 1424 3486 χωρὶς
1450 3415 1544 3467 τοῦ
1577 3415 1928 3485 Πνεῦματος,

329 3515 456 3570 ἀλλ’
495 3513 612 3566 ’ἐστι
675 3528 759 3574 τις
809 3511 1049 3581 ἄρρητος
1094 3508 1186 3561 καὶ
1224 3507 1598 3577 ἀκατανόητος
1633 3508 1689 3558 ὲν
1718 3506 1929 3569 τούτοις

328 3612 434 3662 καὶ
467 3608 663 3668 ἓνωσις
703 3604 801 3657 καὶ
823 3603 1114 3672 διαίρεσις,
1143 3599 1270 3654 οὔτε
1309 3601 1407 3670 τῆς
1437 3600 1546 3651 τῶν
1579 3600 1932 3652 ὑποστάσεων

328 3701 605 3772 διαφορᾶς
655 3699 717 3750 τὸ
779 3696 1006 3765 συνεχὲς
1058 3693 1170 3745 τῶν
1231 3691 1446 3760 φύσεων
1478 3689 1794 3762 [φυσικῶν]
1819 3691 1931 3743 δια-

334 3789 743 3862 σπώσης,οὖτε
807 3789 906 3858 τῆς
970 3785 1113 3839 κατὰ
1162 3783 1262 3855 τὴν
1322 3783 1513 3836 οὐσίαν
1545 3783 1843 3851 συναφείας
1871 3782 1932 3835 τὸ

333 3885 475 3939 ἴδιον
510 3882 619 3936 τῶν
655 3879 1062 3951 γνωρισμάτων
1114 3875 1487 3946 ἀναχεούσηςο
1524 3875 1619 3928 καὶ
1660 3873 1808 3927 ἔστιν
1840 3875 1933 3926 ἐπὶ

328 3974 612 4027 τούτων...
641 3974 735 4026 καὶ
766 3971 1038 4040 διάκρισις
1062 3967 1405 4038 συνημμένη,
1428 3965 1524 4019 xul.
1542 3965 1929 4035 διακεκριμένη

333 4068 630 4134 συνάφεια.
698 4064 1059 4133 Προκείσεται
1102 4062 1157 4114 δὲ
1217 4061 1309 4113 καί
1352 4078 1402 4113 τι
1449 4059 1586 4131 πρὸς
1637 4059 1932 4126 ἐπίγνωσιν

331 4160 594 4230 ἀμυδρὰν
622 4144 936 4226 ὑπὸδειγμα
967 4171 980 4184 '
1020 4153 1222 4225 μᾶλλον
1241 4153 1298 4206 δὲ
1329 4152 1458 4204 σκιὰ
1477 4152 1574 4221 τῆς
1593 4150 1875 4221 ἀληθείας,
1898 4151 1932 4220 ἡ

2032 2966 2403 3020 cssentialiter
2443 2967 2541 3021 Dei
2583 2975 2666 3021 est
2705 2977 2761 3021 et
2802 2969 2996 3033 Patris,
3044 2971 3117 3024 ita
3165 2979 3222 3025 et
3267 2972 3388 3026 Filii
3432 2981 3631 3030 natura

2033 3059 2400 3139 essentialiter
2429 3059 2667 3124 exsistit,
2711 3069 2772 3114 ut
2813 3062 2907 3129 qui
2960 3078 2990 3116 a
3042 3063 3224 3128 Patre,
3279 3080 3378 3134 per
3427 3067 3631 3123 Filium

2036 3149 2349 3229 (quinullis
2371 3151 2556 3206 verbis
2580 3153 2895 3221 explicabili
2926 3155 3140 3209 ratione
3170 3164 3335 3212 natus
3364 3158 3470 3229 est)
3503 3161 3637 3215 sub-

2033 3226 2365 3297 stantialiter
2394 3243 2678 3313 procedat.
2713 3245 2874 3298 Nullo
2908 3245 3077 3315 igitur
3121 3249 3285 3301 modo
3317 3226 3490 3304 sectio
3526 3253 3635 3306 ulla

2033 3341 2129 3386 aut
2175 3333 2374 3387 divisio
2422 3334 2777 3403 intelligenda
2819 3343 2923 3400 est,
2975 3334 3131 3403 quasi
3179 3344 3273 3388 aut
3313 3337 3475 3390 Pater
3513 3339 3636 3393 sine

2033 3424 2172 3479 Filio
2202 3424 2563 3495 intelligatur,
2591 3433 2686 3478 aut
2714 3425 2886 3479 Filius
2911 3424 3121 3494 absque
3147 3426 3356 3495 Spiritu
3386 3445 3398 3480 :
3426 3428 3522 3482 sed
3549 3439 3636 3483 est

2033 3513 2088 3568 in
2115 3513 2244 3579 illis,
2271 3529 2392 3584 quae
2428 3529 2531 3569 nec
2557 3514 2740 3569 verbis
2768 3515 3029 3584 explicari
3062 3532 3166 3571 nec
3188 3525 3372 3573 mente
3401 3518 3632 3590 intelligi

2032 3605 2227 3674 possit,
2259 3606 2390 3660 unio
2423 3605 2633 3676 pariter
2660 3615 2718 3660 et
2744 3605 3036 3672 discretio;
3075 3615 3134 3661 ut
3161 3623 3340 3678 neque
3372 3625 3638 3678 persona-

2034 3713 2156 3752 rum
2193 3697 2476 3753 distinctio
2499 3713 2692 3754 eorum
2723 3715 2846 3769 quae
2877 3709 3090 3756 natura:
3123 3708 3252 3756 sunt
3283 3704 3635 3772 conjunctio—

2033 3803 2159 3842 nem
2189 3787 2482 3855 distrahat,
2514 3805 2616 3844 nec
2642 3805 2766 3859 quae
2793 3806 2964 3860 penes
2993 3792 3290 3846 essentiam
3317 3795 3635 3864 eonjunetio

2033 3885 2137 3944 est,
2167 3893 2357 3932 eorum
2387 3893 2510 3948 quas
2532 3878 2834 3949 insigniant
2861 3881 3237 3950 etquasinota
3264 3883 3632 3952 distinguant,

2035 3971 2425 4040 proprietatem
2477 3971 2796 4026 confundat.
2855 3973 3062 4042 Estque
3112 3974 3168 4027 in
3227 3974 3448 4030 illis.....
3506 3991 3632 4032 cum

2036 4063 2296 4117 discretio
2326 4065 2639 4135 conjuncta,
2671 4073 2787 4119 tum
2814 4065 3060 4120 discreta
3081 4067 3418 4137 conjunctio.
3452 4069 3634 4123 Possit

2036 4172 2168 4212 vero
2197 4158 2361 4212 etiam
2396 4158 2465 4211 ad
2503 4159 2581 4212 rei
2611 4159 2777 4230 hujus
2807 4159 3082 4224 notitiam,
3116 4162 3428 4230 exemplum
3457 4162 3634 4231 quod-

330 4251 644 4323 πολύχροος
676 4251 802 4319 ἶρις.
835 4247 1063 4302 Πάντων
1101 4245 1213 4314 γὰρ
1238 4244 1348 4296 τῶν
1393 4245 1451 4297 ὲν
1488 4242 1662 4314 ταύτῃ
1705 4241 1932 4312 χρωμά-

2035 4249 2160 4303 dam
2211 4251 2546 4315 obscurum,
2598 4265 2698 4304 seu
2754 4251 2938 4320 potius
2992 4251 3187 4305 umbra
3229 4253 3507 4318 veritatis,
3558 4256 3635 4309 ob

329 4365 451 4401 των
487 4349 542 4400 αἱ
579 4344 767 4412 αὐγαὶ,
796 4342 889 4395 καὶ
913 4339 1329 4410 διακεκριμέναι
1359 4337 1663 4406 φαίνονται,
1695 4336 1775 4406 τῷ
1800 4335 1930 4407 τηλ-

331 4442 530 4508 αυγεῖς
574 4438 714 4491 εἶναι
743 4476 756 4495 .
786 4436 881 4490 καὶ
928 4432 1276 4504 συνηνῶσθαι
1325 4431 1565 4504 δοκοῦσι,
1597 4430 1675 4501 τῷ
1731 4429 1930 4483 λανθά-

333 4550 456 4587 νειν
499 4531 600 4593 τὰς
638 4529 792 4598 ὄψεις
843 4526 1002 4598 ἡμῶν
1033 4528 1164 4588 τοὺς
1208 4525 1370 4595 ὅρους
1415 4523 1525 4576 τῶν
1550 4522 1772 4592 μίξεων,
1802 4522 1929 4585 τοὺς

335 4622 728 4692 διακρίνοντας
777 4617 876 4680 τὰς
905 4615 1015 4669 τῶν
1047 4615 1226 4686 χροῶν
1267 4613 1596 4685 ἑτερότητας
1630 4630 1642 4643 ·
1670 4614 1746 4676 ὼς
1773 4613 1923 4684 ἁμή-

333 4731 508 4788 χανον
551 4711 827 4782 ἐξευρεῖν,
859 4709 1023 4780 μέχρι
1056 4708 1202 4770 τίνος
1241 4707 1444 4778 ἔστηκε
1467 4707 1528 4759 τὸ
1564 4706 1849 4775 πυραυγὲς
1887 4706 1922 4776 ἢ

337 4805 714 4878 σμαραγδίζον
738 4805 858 4864 ταῖς
891 4801 1130 4869 αῖγλαις,
1157 4800 1190 4869 ἦ
1223 4798 1452 4868 χλοάζον
1476 4801 1596 4862 ταῖς
1625 4799 1932 4870 λαμπηδόσι

340 4900 470 4973 [τὰς
489 4893 889 4967 λαμπηδόνας],
920 4894 1016 4946 καὶ
1048 4891 1142 4945 ἐπὶ
1174 4892 1321 4954 τίνος
1345 4891 1577 4963 ἄρχεται
1597 4907 1611 4922 ·
1649 4890 1933 4944 παιδεύον-

342 5009 463 5057 τος,
494 4986 671 5059 οἶμαι,
700 4986 816 5048 τοῦ,
844 4986 1004 5053 λόγου
1037 4986 1129 5038 καὶ
1155 4983 1242 5037 διὰ
1274 4984 1373 5054 τῆς
1401 4983 1633 5046 κτίσεως
1669 4985 1834 5054 ἡμᾶς,
1858 4984 1932 5054 μὴ

342 5080 709 5138 καινοπαθεῖν
758 5081 870 5142 τοῖς
918 5077 1046 5148 περὶ
1093 5076 1202 5128 τῶν
1244 5075 1537 5146 δογμάτων
1567 5075 1769 5143 λόγοις,
1800 5078 1930 5130 ὅταν

341 5169 428 5230 είς
462 5167 524 5221 τὸ
557 5164 939 5236 δυσθεώρητον
968 5161 1326 5234 ἐμπεσόντες,
1356 5161 1493 5231 πρὸς
1526 5162 1623 5232 την
1652 5165 1932 5227 συγκατά-

340 5261 499 5314 θεσιν
567 5259 678 5313 τῶν
734 5257 1047 5328 λεγομένων
1086 5255 1501 5325 ὶλιγγιάσωμεν.
1549 5256 1636 5318 Ὠς
1686 5256 1795 5327 γάρ
1838 5258 1934 5310 ἐπὶ

337 5349 456 5402 τῶν
518 5351 632 5411 τοῖς
679 5347 979 5418 ὀφθαλμοῖς
1012 5347 1356 5415 φαινομένων
1405 5344 1670 5414 κρείττων
1708 5345 1869 5413 λόγου
1904 5347 1936 5416 ἡ

359 5443 551 5514 πεῖρα,
578 5441 752 5503 οὕτως
815 5441 910 5492 καὶ
970 5439 1064 5490 ἐπὶ
1095 5438 1204 5490 τῶν
1247 5436 1816 5508 ὑπεραναὸεϐηκότων
1853 5439 1940 5491 δο-

339 5531 577 5603 γμάτων
607 5531 871 5601 κρείττων
901 5531 932 5600 ἡ
961 5529 1144 5592 πίστις
1168 5527 1310 5580 ἔστω
1362 5528 1458 5597 τῆς
1513 5527 1601 5581 διὰ
1637 5529 1744 5582 τῶν
1787 5529 1933 5596 λογι-

344 5625 503 5694 σμῶν
538 5623 919 5694 καταλήψεως.

2036 4342 2227 4397 oculos
2251 4343 2487 4408 versari;
2521 4359 2643 4412 qua:
2669 4344 2931 4400 videlicet
2956 4344 3250 4414 multiplici
3283 4345 3467 4400 colore
3493 4347 3633 4402 coelo
3701 4413 3704 4416 ί

2037 4433 2135 4488 iris
2163 4433 2518 4504 splendescit.
2551 4433 2812 4490 Omnium
2859 4435 3006 4490 enim
3044 4437 3098 4490 in
3143 4453 3207 4491 ea
3243 4437 3490 4492 colorum
3523 4439 3633 4492 ful-
3705 4498 3722 4514 ι,

2037 4539 2218 4594 gores,
2250 4525 2415 4596 672
2456 4533 2512 4580 et
2553 4525 2776 4582 discreti
2806 4537 3092 4596 apparent,
3123 4529 3269 4599 quod
3301 4530 3462 4599 longe
3495 4529 3634 4583 ruti-

2037 4613 2178 4676 lent,
2210 4623 2267 4668 et
2298 4616 2578 4685 conjuncti
2619 4631 2741 4670 esse
2781 4616 3060 4681 videntur,
3093 4618 3242 4687 quod
3292 4619 3494 4687 quibus
3537 4619 3632 4674 alii

2035 4705 2238 4774 aliique
2287 4706 2505 4761 colores
2550 4707 2963 4770 discernuntur,
3009 4710 3167 4774 lines,
3198 4709 3485 4763 oculorum
3529 4725 3634 4764 no~v

2034 4804 2275 4851 strorum
2298 4796 2473 4851 aciem
2495 4795 2734 4862 lateant;
2755 4805 2817 4851 ut
2840 4797 2993 4851 nullo
3014 4798 3176 4852 modo
3204 4799 3424 4868 assequi
3446 4799 3628 4865 liccat,

2033 4905 2322 4960 quousque
2360 4891 2554 4960 igneus
2595 4889 2775 4960 fulgor
2817 4898 2913 4943 aut
2962 4890 3314 4960 smargdinus
3340 4900 3433 4944 aut
3460 4891 3634 4945 vires-

2032 4997 2164 5036 ccns
2194 4983 2363 5036 rutilo
2408 4997 2508 5036 suo
2556 4982 2796 5047 desinat,
2830 4998 2893 5035 ac
2927 4983 3074 5036 unde
3111 4983 3339 5052 incipiat
3373 5002 3384 5036 ι
3423 4983 3636 5038 idcirco

2035 5073 2332 5139 nimirum,
2365 5083 2427 5128 ut
2475 5073 2766 5136 existimo,
2823 5082 2884 5126 ut
2931 5080 2989 5126 et
3035 5089 3134 5142 per
3174 5082 3483 5127 creaturam
3532 5088 3635 5129 nos

2034 5182 2215 5221 sermo
2235 5166 2474 5232 erudiat,
2501 5182 2570 5220 ne
2600 5165 2655 5218 in
2692 5165 2757 5219 iis
2781 5165 3136 5220 sermonibus
3159 5165 3256 5234 q-ui
3287 5177 3352 5219 ao
3377 5166 3635 5236 dogmata

2035 5266 2305 5329 spectant,
2339 5257 2495 5326 quasi
2526 5257 2652 5310 novi
2679 5256 2887 5325 aliquid
2915 5257 3062 5326 passi
3099 5257 3464 5324 oﬂ‘endamur,
3499 5258 3634 5326 dum

2037 5352 2092 5406 in
2123 5367 2186 5406 ea
2216 5365 2338 5420 qua:
2380 5349 2550 5404 ardua
2585 5355 2715 5403 sunt
2760 5364 2864 5403 nec
2911 5348 3142 5418 intelligi
3178 5348 3339 5403 facile
3378 5360 3631 5418 possunt,

2037 5439 2368 5504 incidentes,
2401 5440 2467 5494 ad
2503 5454 2695 5494 eorum
2726 5454 2849 5508 qua:
2885 5439 3148 5492 dicuntur
3179 5455 3460 5493 assensum
3497 5456 3636 5509 qua-

2041 5530 2166 5586 dam
2196 5531 2399 5586 mentis
2439 5530 2766 5585 titubatione
2799 5547 2862 5584 ac
2896 5531 3129 5599 caligine
3161 5529 3633 5599 obstupuerimus.

2044 5623 2517 5690 Quemadmodum
2560 5623 2709 5678 enim
2758 5623 2816 5676 in
2859 5623 2928 5676 iis
2971 5639 3092 5692 qum
3122 5621 3300 5675 oculis
3336 5622 3636 5689 conspicua

339 5726 501 5781 Sunt,
539 5717 892 5786 praestantius
942 5729 1199 5770 sermone
1242 5722 1328 5770 est
1383 5714 1562 5782 ipsum
1614 5713 1692 5768 rei
1735 5715 2220 5784 experimentum:
2265 5717 2345 5772 sic
2389 5716 2445 5770 in
2482 5715 2549 5770 iis
2581 5731 2703 5786 quae
2775 5715 2938 5785 longe
3008 5713 3210 5768 mentis
3275 5721 3494 5781 captum
3541 5729 3636 5767 ex-

349 5810 555 5866 cedunt
582 5825 646 5867 ac
673 5808 1039 5866 eminentiora
1068 5808 1370 5873 exsistunt,
1399 5805 1584 5875 potior
1626 5805 1696 5861 sit
1730 5807 1887 5873 ﬁdes,
1924 5825 2088 5880 quam
2121 5808 2268 5880 quod
2307 5807 2474 5863 animi
2512 5807 2822 5863 rationibus
2850 5823 2879 5861 a
2918 5806 3078 5861 nobis
3118 5805 3636 5876 comprehenditur.
