3932 6326
524 287 587 353 ῗί
1512 278 1515 279 ν
1678 290 1739 348 S.
1779 287 2067 349 MAXIMI
2104 286 2614 349 CONFESSORIS

3672 288 3781 351 772

487 405 577 462 lex
604 404 809 474 scripta
842 409 954 470 est,
990 410 1108 466 aut,
1139 400 1235 471 qui
1267 415 1337 457 ex
1360 401 1497 473 legis
1521 401 1740 471 scriptae
1761 400 2073 456 rationibus

2186 401 2359 470 μένων
2424 399 2720 469 ἀφίσταται
2776 398 2837 450 τὸ
2887 394 3108 468 πνεῦμα
3167 398 3400 468 Κυρίου,
3444 399 3476 451 ὅ
3536 399 3695 451 ἐστιν
3748 402 3817 469 ἡ,

488 495 659 551 vitam
686 491 946 559 instituit,
971 491 1238 547 Judaicus
1260 492 1520 561 populus.
1548 491 1632 546 Ab
1652 491 1903 561 utrisque
1924 491 2077 546 enim

489 588 572 644 sic
620 596 841 641 terrene
894 584 1002 640 sibi
1047 590 1243 638 mutuo
1286 584 1542 653 implexis
1577 599 1643 639 ac
1670 583 2080 639 cohaerentibus

489 676 739 733 abscedit
787 675 1020 746 spiritus
1065 675 1285 731 Domini
1341 675 1653 746 (spiritalis
1683 675 1899 732 scilicet
1947 690 2078 746 spe-

489 771 699 825 culatio
747 777 805 823 et
850 766 1175 840 scicntia),
1229 767 1553 838 invaditque
1586 767 1818 837 spiritus
1842 777 2080 838 nequam

493 862 714 934 (nempe
747 870 1003 916 terrenus
1028 856 1247 930 sensus)
1282 857 1497 913 crebris
1523 858 1812 940 nimirum,
1843 858 2081 928 aliisque

491 955 628 1008 alias
658 953 1069 1022 excipientibus
1088 992 1102 1017 ,
1162 965 1349 1006 rerum
1379 957 1508 1004 ortu
1541 950 1883 1020 interituque
1908 952 2079 1005 alter-

494 1047 745 1101 nantinm
773 1045 1186 1101 turbationibus
1200 1044 1429 1114 jugique
1449 1042 1742 1114 vertigine,
1765 1042 2084 1113 arreptitio—

496 1153 623 1192 rum
646 1152 799 1192 more
822 1178 837 1203 ,
891 1137 1064 1190 animi
1093 1137 1369 1190 rationum
1398 1136 1755 1190 instabilitate
1781 1134 2078 1190 suﬂoeans.

497 1229 638 1283 Tum
663 1228 810 1283 enim
855 1229 941 1282 lex
975 1237 1193 1281 terrene
1214 1267 1230 1291 ,
1283 1242 1351 1280 ex
1378 1227 1494 1280 sola
1522 1226 1723 1281 littera:
1748 1226 1965 1281 ratione
1991 1227 2080 1281 in-

2182 492 2531 563 πνευματικὴ
2584 489 2791 562 θεωρία
2841 490 2939 544 καὶ
2969 492 3003 559 ή
3049 489 3273 557 γνῶσις,
3333 492 3433 543 καὶ
3471 491 3779 560 ἐπέρχεται

2181 583 2402 654 πνεῦμα
2429 581 2664 654 πονηρὸν
2694 581 2984 650 (τουτέστι,
3018 581 3079 637 τὸ
3105 580 3289 635 ὑλικὸν
3318 581 3627 651 φρόνημα),
3660 584 3780 646 ταῖς

2183 674 2616 745 ἀλλεπαλλήλοις
2646 672 2757 727 τῶν
2817 673 2925 727 ὑπὸ
2968 672 3185 741 γένεσιν
3212 671 3312 724 καὶ
3351 670 3569 741 φθορὰν
3607 689 3782 743 ταρα-

2181 771 2306 839 χαῖς
2334 768 2429 822 καὶ
2467 766 2762 836 δινήσεσιν,
2787 764 2864 828 ὡς
2898 765 3235 835 ἐπιλήπτους
3275 767 3343 834 τῇ
3375 764 3641 835 ίὰσταιιίςρ⁵
3672 765 3782 815 τῶν

2181 859 2459 929 λογισμῶν
2494 856 2854 925 καταπνίγον.
2889 856 2957 909 ὐ
2981 872 3042 908 τε
3072 855 3182 924 γὰρ
3214 855 3382 924 νόμος
3405 855 3615 924 χοῐκῶς
3642 856 3782 924 πρὸς

2186 951 2348 1021 μόνον
2375 948 2436 1003 τὸ
2469 948 2707 1020 γράμμα
2733 947 3044 1017 νοούμενος,
3069 946 3371 1013 ὲπίληπτάς
3403 945 3526 998 ἐστι
3552 947 3781 1016 μυρίαις

2179 1038 2504 1110 δονούμενος
2547 1036 2924 1100 ὲναντιώσεσι,
2973 1035 3068 1090 καὶ
3115 1037 3389 1107 μηδεμίαν
3436 1035 3583 1106 ἔχων
3640 1036 3781 1106 πρὸς

2183 1131 2376 1186 ἑαυτὸν
2407 1131 2753 1202 συμφωνίαν·
2789 1130 2818 1184 ὅ
2837 1147 2898 1183 τε
2932 1130 3243 1195 Ἰουδαῖζων
3279 1129 3430 1193 νοῦς,
3452 1132 3524 1199 τῇ
3554 1131 3779 1197 ἀστὰτῳ

2183 1226 2461 1296 περιφορᾷ
2500 1223 2608 1277 τῶν
2649 1222 2850 1277 ὑλικῶν
2900 1221 3352 1292 ἐπιμαινόμενος,
3404 1223 3673 1284 ἀστάτως
3722 1222 3779 1285 ἐξ

499 1320 739 1383 tellecta,
764 1318 1114 1388 arreptitium
1138 1318 1327 1383 refert,
1353 1333 1418 1373 ac
1436 1316 1595 1374 sacro
1613 1318 1811 1373 morbo
1825 1317 2081 1373 laboran-

2186 1317 2429 1388 ἀνάγκης
2462 1316 2558 1371 καὶ
2578 1315 2742 1380 αὐτὸς
2772 1315 2873 1386 τὴν
2907 1315 3117 1368 οἰκείαν
3165 1314 3779 1384 συμμεταϐαλλομένην

499 1416 632 1473 tem,
676 1425 799 1478 quae
825 1409 1103 1463 sexcentis
1126 1410 1368 1478 jactetur
1392 1409 1689 1463 contrariis
1718 1409 1938 1478 sibique
1963 1408 2081 1480 ipsa

2186 1410 2298 1481 ἔχει
2331 1408 2592 1464 διάθεσιν.
2643 1407 2911 1476 Ὀπηνίκα
2969 1407 3025 1460 δὲ
3058 1406 3244 1468 Δαὸὶδ,
3277 1407 3306 1459 6
3351 1407 3477 1460 κατ’
3509 1405 3776 1475 ἀλήθειαν

498 1502 641 1557 nihil
672 1500 1026 1566 consentiat;
1092 1508 1206 1554 tum
1251 1514 1411 1555 mens
1459 1499 1727 1555 Iudaicos
1752 1508 2081 1556 consectans

2186 1503 2347 1572 φύσει
2386 1501 2666 1572 μουσικὸς,
2690 1501 2719 1553 6
2748 1498 2955 1570 Κύριος
2982 1498 3145 1569 ἡμῶν
3185 1497 3415 1568 Ἰησοῦς,
3460 1498 3667 1567 ὲπᾴσει
3700 1496 3777 1565 τῷ

498 1605 684 1645 mores
709 1626 728 1655 ,
794 1588 1043 1643 instabili
1090 1596 1443 1643 terrenarum
1476 1589 1887 1644 circumlationi
1921 1605 2066 1644 erro-

2186 1594 2458 1664 πνεύματι
2488 1593 2586 1663 τῆς
2620 1595 2890 1662 μυστικῆς
2922 1590 3180 1661 θεωρίας,
3213 1591 3308 1643 τόν
3341 1608 3401 1642 τε
3448 1591 3640 1660 νόμον,
3684 1591 3777 1644 καὶ

498 1683 659 1753 rique
708 1697 911 1737 vesane
957 1682 1201 1747 inhians,
1257 1682 1440 1736 eidem
1480 1697 1700 1752 quoque
1749 1682 2081 1739 instabiliter

2186 1684 2275 1739 τὸν
2313 1684 2595 1737 Ἰουδαῖον
2648 1682 2741 1735 τὸν
2772 1682 2870 1752 μὲν
2902 1680 3026 1733 ἀντὶ
3062 1679 3247 1751 χοϊκοῦ
3280 1682 3429 1733 ποιεῖ
3464 1696 3777 1749 πνευματι-

497 1775 813 1829 necessario
843 1774 1103 1829 comitem
1135 1774 1546 1829 circumlationi
1570 1775 1886 1844 errorique,
1908 1774 2080 1828 animi

2186 1775 2310 1829 κὸνο
2341 1776 2436 1829 τὸν
2466 1775 2523 1828 δὲ
2546 1745 2786 1845 μετάγειξ
2808 1773 2945 1843 πρὸς
2975 1745 3159 1826 πίστιν
3199 1772 3261 1836 ἐξ
3288 1745 3776 1835 ἀπιστίας.”ίίστιν

499 1863 848 1919 all'ectionem
878 1864 1066 1919 habet.
1126 1863 1217 1929 At,
1254 1864 1349 1917 ubi
1378 1865 1574 1929 David,
1609 1880 1737 1919 vere
1765 1865 1857 1919 ille
1884 1874 2081 1920 natura

2186 1863 2279 1921 οὖν
2310 1866 2455 1922 κατὰ
2476 1866 2568 1919 τὸν
2590 1865 2785 1931 Σαοὺλ,
2820 1865 2849 1918 ὅ
2872 1881 2933 1918 τε
2962 1863 3147 1934 νόμος,
3171 1862 3267 1915 καὶ
3292 1865 3320 1916 6
3344 1863 3457 1916 τῶν
3498 1863 3778 1915 Ἰουδαίων

502 1955 772 2021 musicus,
815 1956 1086 2010 Dominus
1119 1964 1310 2009 noster
1351 1956 1514 2011 Jesus
1536 1956 1793 2010 Christus
1817 1997 1830 2019 ,
1883 1956 2081 2026 spiritu

2186 1960 2335 2023 λαὸς,
2369 1959 2458 2012 καὶ
2492 1958 2783 2027 ἐπίληπτος
2836 1956 2932 2009 καὶ
2972 1954 3226 2025 σώφρων.
3289 1954 3635 2024 Ἐπίληπτος
3670 1953 3778 2024 γὰρ

501 2045 749 2116 mysticae
774 2045 1262 2115 contemplationis
1290 2045 1467 2116 legem
1492 2047 1700 2116 pariter
1722 2045 2081 2115 Judaeumque

2186 2051 2214 2103 6
2241 2053 2403 2120 νόμος
2424 2049 2593 2110 ἐστὶν,
2625 2049 2703 2110 ὼς
2746 2046 2905 2117 ἔφην,
2936 2047 3140 2116 χοῖκῶς
3186 2046 3617 2115 λαμϐανόμενος
3640 2065 3654 2075 ·
3686 2045 3777 2098 καὶ

502 2135 913 2201 incantaverit;
954 2145 1068 2190 tum
1102 2135 1249 2189 illam
1281 2152 1347 2190 ex
1372 2145 1593 2191 terrena
1626 2136 1926 2205 spiritalem
1951 2135 2080 2190 red-

2186 2143 2485 2213 ὲπίληπτος
2514 2144 2541 2195 6
2581 2141 2833 2203 Ἰουδαῖός
2859 2142 2994 2203 ἐστι,
3019 2138 3219 2209 χοῖκῶς
3242 2139 3319 2208 τῷ
3338 2138 3462 2208 Θεῷ
3487 2137 3777 2208 λατρεύειν

501 2226 600 2290 dit,
659 2235 776 2281 tum
810 2226 961 2281 hunc
996 2242 1027 2280 a
1054 2225 1359 2281 difﬁdentia
1384 2243 1450 2281 ac
1473 2227 1862 2282 incredulitate
1917 2227 1985 2282 ad
2016 2227 2080 2282 {i-

2189 2231 2511 2302 βουλόμενος
2538 2248 2551 2259 ·
2601 2230 2698 2282 καὶ
2727 2228 2889 2282 πάλιν
2919 2228 3155 2299 σώφρων
3178 2230 3205 2281 6
3239 2229 3405 2298 νόμος
3437 2229 3586 2292 ἐστὶ,
3619 2244 3778 2279 πνευ-

500 2319 623 2375 dem
662 2319 922 2373 traducit.
991 2317 1155 2388 295
1215 2316 1435 2375 Saulem
1470 2319 1657 2389 itaque
1710 2319 1958 2374 moribus
1992 2335 2082 2374 re-

501 2412 687 2465 ferunt
731 2410 821 2465 lex
863 2408 1071 2479 pariter
1123 2424 1190 2463 ac
1231 2409 1497 2464 Judaicus
1537 2411 1813 2480 pepulus,
1866 2420 2079 2466 etcum

501 2504 741 2559 fanatico
793 2510 1033 2573 aguntur
1075 2501 1316 2571 spiritu,
1380 2512 1429 2557 et
1481 2519 1607 2558 cum
1659 2512 1847 2558 mente
1894 2504 2080 2559 sobria

2190 2322 2434 2392 ματικῶς
2463 2320 2753 2392 νοούμενος
2768 2338 2780 2351 ·
2806 2322 2902 2375 καὶ
2920 2323 2947 2373 ὁ
2976 2320 3227 2385 Ἰουδαῖος
3248 2320 3518 2383 ὡσαύτως
3541 2319 3776 2391 σώφρων

2187 2415 2357 2476 ἐστίν,
2385 2415 2449 2467 ἐκ
2476 2414 2574 2484 τῆς
2594 2413 2936 2483 -σωματικῆς
2969 2411 3223 2481 λατρείας
3258 2411 3352 2464 ἐπὶ
3381 2401 3490 2482 τὴν
3534 2428 3778 2481 πνευμαρ

2186 2505 2346 2574 τικὴν
2373 2503 2465 2557 τοῦ
2490 2503 2624 2557 Θεοῦ
2662 2503 2959 2574 θεραπείαν
2996 2502 3465 2572 μεταφερόμενος.

502 2603 650 2649 sunt.
676 2594 937 2648 Fanatico
970 2593 1117 2647 enim
1140 2593 1229 2647 lex
1249 2593 1438 2648 furore
1471 2595 1674 2666 agitur,
1696 2595 1777 2649 uti
1807 2595 2083 2661 dicebam,
2124 2612 2249 2652 cum
2323 2606 2542 2651 terreno
2567 2612 2733 2651 sensu
2792 2596 3100 2665 accipitur;
3159 2594 3501 2663 Judasusqne
3532 2593 3775 2664 arrepti-

504 2683 615 2740 tius
654 2693 739 2738 est
793 2694 849 2739 et
890 2682 1165 2738 fanaticus
1190 2724 1205 2749 ,
1270 2684 1365 2754 qui
1403 2684 1572 2740 Deum
1642 2694 1867 2741 terreno
1921 2702 2090 2741 sensu
2132 2688 2314 2743 colere
2347 2690 2401 2742 in
2428 2687 2674 2744 animum
2704 2686 2937 2741 inducit.
2970 2684 3048 2740 Ac
3068 2699 3264 2739 rursus
3297 2685 3386 2738 lex
3426 2684 3623 2737 sobria
3667 2692 3770 2742 est.

502 2792 625 2847 quae
663 2776 990 2846 spiritaliter
1023 2775 1416 2847 intelligatur;
1478 2788 1643 2848 atque
1706 2776 1931 2835 Iudaeus
1993 2778 2252 2835 similiter
2291 2781 2516 2836 sobrius
2555 2817 2571 2843 ,
2609 2780 2704 2847 qui
2773 2794 2805 2834 a
2840 2777 3113 2848 corporali
3141 2776 3292 2831 cultu
3326 2774 3398 2829 ad
3458 2775 3773 2845 spiritalem

503 2864 600 2921 Dei
626 2867 836 2921 cultum
864 2865 1212 2944 traducatur.

572 2958 749 3011 Porro
782 2966 840 3013 et
866 2957 1014 3012 istud
1040 2957 1449 3013 observandum
1471 3000 1486 3025 ,
1523 2959 1840 3015 interﬁcere
1866 2958 2081 3015 Saulem

2263 2958 2609 3028 Σημειωτέον
2628 2958 2704 3023 δὲ,
2722 2957 2803 3011 ὅτι
2821 2956 2947 3018 τοὺς
2971 2953 3075 3008 ὑπὸ
3108 2952 3283 3024 Ἰησοῦ
3304 2952 3772 3024 διασωζομένους,

503 3063 643 3118 quos
679 3048 841 3103 Jesus
878 3058 1066 3103 servet
1107 3050 1351 3119 velitque
1379 3051 1705 3106 incolumes.
1763 3050 1913 3117 Quos
1936 3052 2084 3106 enim

504 3138 807 3209 Scriptura?
845 3140 1077 3209 spiritus
1113 3141 1393 3206 vindicat,
1443 3143 1644 3198 litterae
1685 3151 2084 3212 comparatum,

506 3239 568 3284 ut
598 3231 902 3285 interimat.
937 3231 1150 3287 Idcirco
1184 3232 1328 3287 hanc
1357 3233 1577 3303 (nempe
1600 3235 1777 3304 legem
1797 3233 2082 3305 scriptam)

506 3322 739 3392 poenitet
802 3322 973 3377 Deum
1025 3323 1083 3377 in
1128 3322 1348 3379 Israelis
1388 3341 1572 3396 regem
1614 3327 1928 3392 inunxisse,
1965 3344 2086 3398 quae

505 3420 535 3468 a
586 3413 792 3468 Iudaeis
842 3414 1142 3469 carnaliter
1184 3415 1534 3485 accipiatur;
1600 3414 1804 3486 datque
1852 3417 2084 3488 Spiritui

508 3502 663 3573 regni
694 3510 1055 3572 potestatem,
1092 3503 1189 3572 qui
1221 3503 1421 3558 littera:
1447 3506 1733 3574 proximus
1764 3522 1939 3576 eaque
1973 3524 2087 3562 me-

507 3595 617 3648 lior
640 3594 733 3648 sit.
771 3594 842 3649 Et
864 3594 1019 3659 dabo,
1050 3594 1255 3665 inquit,
1286 3613 1502 3667 regnum
1528 3598 1766 3667 proximo
1791 3607 1901 3662 tuo,
1927 3601 2014 3669 qui
2038 3609 2086 3653 te

509 3685 696 3741 melior
716 3683 862 3740 sit”.
900 3684 1375 3751 Quemadmodum
1399 3687 1546 3743 enim
1572 3688 1740 3743 David
1764 3689 1944 3745 Saulis
1960 3706 2085 3760 pro-

506 3776 686 3831 ximus
708 3785 865 3843 erat,
924 3776 1004 3831 sic
1027 3793 1252 3848 quoque
1275 3778 1412 3833 scite
1443 3778 1687 3848 Spiritus
1720 3779 1922 3835 litterae
1947 3780 2085 3851 legis

504 3869 795 3941 adjunctus
814 3881 938 3936 est;
1001 3870 1207 3940 quippe
1240 3870 1329 3925 cui
1366 3877 1428 3926 ut
1456 3879 1585 3941 post
1611 3880 1846 3927 mortem
1883 3873 2084 3929 litterae

502 3960 831 4016 inclarescat
859 3975 927 4014 ex
953 3960 1116 4031 genio
1139 3969 1246 4017 est.

572 4149 745 4221 Igitur
801 4165 902 4204 nos
933 4164 1153 4221 quoque
1194 4149 1499 4222 spiritalem
1520 4143 1785 4209 Davidem
1816 4153 2078 4209 obsecre-

502 4256 625 4296 mus
648 4281 663 4307 ,
726 4249 785 4295 ut
827 4239 1096 4311 spiritalis
1119 4240 1600 4313 contemplationis
1642 4260 1707 4300 ac
1732 4243 1979 4299 scientiae
1999 4242 2080 4299 ci-

2188 3050 2479 3106 ἁποκτένει
2511 3049 2707 3103 Σαούλ.
2742 3048 2853 3111 Οὓς
2903 3047 3012 3117 γὰρ
3052 3047 3428 3115 περιποιεῖται
3458 3044 3522 3097 τὸ
3548 3045 3772 3114 πνεῦμα

2185 3140 2286 3210 τῆς
2340 3139 2587 3210 Γραφῆς,
2625 3137 2943 3192 ὰποκτὲνειν
2991 3136 3051 3189 τὸ
3095 3135 3329 3207 γράμμα
3380 3134 3602 3203 πέφυκε
3632 3176 3648 3190 .
3681 3136 3774 3189 Διὸ

2184 3230 2393 3296 τοῦτον,
2440 3229 2582 3298 λέγω
2629 3229 2692 3300 δὴ
2737 3228 2827 3282 τὸν
2856 3227 3103 3300 γραπτὸν
3145 3226 3330 3297 νόμον,
3375 3227 3773 3297 μεταμελεῖται

2186 3322 2381 3392 χρίσας
2411 3319 2715 3390 βασιλεύειν
2741 3318 2835 3372 τοῦ
2873 3317 3088 3390 Ἰσραὴλ
3116 3322 3145 3372 6
3173 3317 3327 3383 Θεὸς,
3352 3319 3459 3371 ὑπὸ
3500 3318 3772 3371 Ἰουδαίων

2189 3412 2467 3484 σαρκικῶς
2518 3410 2950 3481 λαμὸανόμενον,
3003 3411 3098 3462 καὶ
3137 3409 3321 3462 δίδωσι
3361 3409 3442 3481 τῷ
3493 3409 3769 3480 πνεύματι

2185 3508 2245 3559 τὺ
2270 3507 2469 3577 κράτος
2492 3505 2593 3573 τῆς
2612 3504 2909 3574 βασιλείας,
2939 3503 3016 3574 τῷ
3035 3502 3260 3572 πλησίον
3283 3502 3379 3555 τοῦ
3411 3503 3768 3573 γράμματος,

2186 3600 2282 3652 καὶ
2318 3597 2509 3668 ἀγαθῷ
2539 3598 2678 3666 ὑπὲρ
2708 3596 2769 3650 τὸ
2807 3597 3062 3666 γράμμα.
3098 3594 3207 3648 Καὶ
3235 3593 3429 3657 δώάω,
3459 3597 3617 3664 φησὶ,
3657 3597 3769 3663 τὴν

2179 3690 2512 3753 ,βασιλείαν
2542 3684 2623 3753 τῷ
2665 3688 2936 3754 πλησίον
2971 3700 3088 3739 σου
3130 3684 3210 3750 τῷ
3250 3684 3453 3754 ἀγαθῷ
3484 3686 3639 3753 ὑπὲρ
3672 3686 3764 3740 σέ.

2184 3779 2385 3844 Καθὼς
2437 3781 2550 3851 γὰρ
2601 3782 2630 3833 ὁ
2665 3779 2831 3832 Δαϐὶδ
2880 3774 2949 3851 ἦν
2979 3778 3210 3846 πλησίον
3249 3776 3345 3830 τοῦ
3401 3778 3598 3842 Σαοὺλ,
3622 3777 3765 3831 οὕτω

2182 3871 2260 3941 τῷ
2288 3873 2578 3942 γράμματι
2601 3869 2696 3924 τοῦ
2720 3870 2888 3941 νόμου
2930 3869 2988 3923 τὸ
3028 3869 3253 3937 πνεῦμα
3301 3869 3483 3938 σοφῶς
3515 3870 3767 3940 παραέ-

2184 3976 2361 4029 πηγεν
2388 3973 2401 3986 ’
2446 3959 2585 4028 ὅπερ
2615 3959 2755 4029 μετὰ
2784 3959 2874 4011 τὸν
2906 3959 3134 4013 θάνατον
3169 3958 3262 4011 τοῦ
3302 3959 3637 4029 γράμματος
3670 3959 3768 4014 πέ-

2185 4062 2326 4114 φυκε
2350 4044 2725 4113 διαφαίνεσθαι
2754 4043 2866 4116 (66)
2879 4086 2892 4100 .

2256 4136 2737 4207 Παρακαλέσωμεν
2786 4130 2879 4188 οὖν
2937 4136 3034 4189 καὶ
3075 4136 3239 4206 ἡμεῖς
3305 4134 3402 4188 τὸν
3431 4137 3624 4206 νοητὸν
3658 4141 3765 4191 Aa-

2182 4227 2268 4281 διδ
2291 4228 2425 4299 (67),
2458 4228 2728 4298 ὲπηχῆσαι
2756 4230 2821 4299 τῇ
2840 4226 3045 4299 κιθάρᾳ
3069 4227 3171 4294 τῆς
3205 4230 3597 4298 πνευματικῆς
3624 4228 3759 4281 θεω-

504 4333 660 4387 thara
694 4340 1043 4387 terrenorum
1084 4331 1286 4388 all‘cctu
1340 4334 1589 4390 fanaticaa
1631 4336 1838 4391 mentis
1882 4343 2081 4390 nostra:

2190 4320 2312 4391 ρίας
2338 4319 2429 4373 καὶ
2456 4318 2713 4387 γνώσεως
2759 4319 3259 4390 ἐπιληπτευόμενον
3285 4322 3401 4381 τοῖς
3434 4320 3645 4383 ὑλικοῖς
3674 4321 3765 4373 τὸν

500 4423 730 4476 auribus
752 4422 989 4489 occinat,
1019 4438 1084 4477 ac
1111 4424 1370 4491 spiritum
1396 4440 1633 4495 nequam
1661 4434 1895 4481 terrena:
1917 4441 2079 4480 sensu

502 4527 624 4567 sese
651 4512 1032 4567 collidentium
1065 4529 1294 4567 casuum
1321 4515 1606 4571 varietatis
1640 4517 1861 4586 abigat;
1922 4526 1982 4570 ut
2007 4518 2083 4572 ita

503 4602 830 4672 spiritaliter
880 4604 1058 4673 legem
1106 4603 1415 4676 intelligere
1444 4647 1459 4672 ,
1516 4607 1685 4677 inque
1718 4622 1784 4663 ea
1819 4610 2083 4665 latentem

502 4693 790 4765 mysticam
842 4695 1110 4749 rationem
1164 4695 1449 4753 offendere
1478 4739 1493 4765 ,
1544 4709 1608 4753 ac
1641 4698 1790 4769 quod
1833 4701 1967 4754 satis
2008 4700 2081 4755 sit

501 4785 556 4839 in
593 4784 721 4839 vitae
746 4793 968 4841 aeterna:
988 4786 1253 4843 viaticum
1283 4804 1606 4859 comparare
1634 4791 1949 4857 valeamus;
2007 4806 2079 4847 ne

502 4883 696 4930 mutuo
722 4882 1001 4945 acceptam
1024 4879 1081 4930 in
1101 4877 1286 4933 littera
1310 4879 1666 4950 symbolicam
1685 4880 1861 4951 legem
1879 4880 2082 4935 habea—

501 4980 644 5029 mus,
673 4966 767 5034 qui
796 4965 1029 5021 scientia
1052 4969 1244 5037 gratia:
1271 4968 1327 5023 in
1350 4969 1549 5039 spiritu
1573 4957 1737 5042 egeni
1756 4985 2076 5036 careamus;

500 5054 811 5123 solamque,
868 5064 929 5109 ut
958 5057 1135 5111 oculis
1155 5059 1332 5128 capti,
1385 5059 1452 5114 de
1477 5061 1682 5117 divinis
1709 5062 2084 5132 percontatio-

503 5159 626 5199 nem
651 5145 898 5200 colamus
918 5186 933 5210 ,
989 5146 1097 5202 hoc
1121 5148 1335 5203 scilicet
1360 5150 1613 5206 destituti
1647 5160 1708 5207 ut
1736 5150 2080 5206 lucidissime

501 5251 629 5290 vere
668 5247 895 5306 aspectu
955 5240 1175 5309 eloquia
1219 5241 1404 5296 divina
1446 5258 1632 5297 coram
1668 5244 2076 5298 nanciscamur.

503 5327 677 5380 Ambo
717 5328 866 5381 enim
914 5329 1044 5384 Sani
1089 5331 1332 5399 dicitur,
1394 5334 1439 5387 si
1476 5335 1534 5386 in
1562 5341 1806 5388 nostram
1834 5334 2075 5404 linguam

506 5414 869 5469 transferatur
899 5433 910 5469 :
938 5432 1085 5483 nam,
1122 5429 1319 5488 przeter
1341 5437 1406 5476 ea
1433 5438 1554 5491 qua:
1577 5422 1723 5477 dicta
1742 5430 1891 5486 sunt,
1918 5421 1964 5475 si
1983 5437 2081 5475 no-

504 5518 627 5558 men
682 5505 1099 5575 interpreteris,
1153 5509 1426 5579 [oneratus
1473 5520 1560 5567 est
1607 5528 1672 5567 ac
1718 5511 2080 5584 percontatio;

570 5678 616 5710 “
640 5680 661 5733 l
686 5681 822 5750 Reg.
850 5697 937 5746 xv,
967 5682 1061 5739 28.

2185 4410 2452 4481 ἡμέτερον
2475 4408 2618 4472 νοῦν,
2651 4410 2745 4462 καὶ
2773 4408 3047 4463 ἀπελάσαι
3079 4407 3138 4460 τὸ
3165 4408 3404 4478 πονηρὸν
3427 4409 3653 4479 πνεῦμα
3668 4410 3762 4477 τῆς

2186 4503 2324 4572 πρὸς
2380 4500 2634 4571 αἴσθησιν
2681 4500 2876 4571 ὑλικῆς
2919 4500 3299 4573 περιπετείας,
3329 4501 3419 4553 ἵνα
3445 4501 3763 4572 δυνηθῶμεν

2185 4595 2376 4664 νοῆσαι
2405 4594 2494 4648 τὸν
2525 4594 2688 4665 νόμον
2720 4595 3136 4664 πνευματικῶς,
3168 4596 3263 4648 καὶ
3290 4593 3384 4647 τὸν
3417 4597 3477 4648 ἐν
3510 4594 3657 4664 αὐτῷ
3677 4610 3764 4646 κε-

2188 4685 2502 4757 κρυμμένον
2531 4686 2793 4757 μυστικὸν
2832 4686 2991 4755 λόγον
3021 4686 3224 4757 εὑρεῖν,
3261 4686 3358 4738 καὶ
3388 4686 3585 4755 κτῆμα
3614 4686 3763 4754 ποιή-

2188 4778 2382 4833 σασθαι
2407 4777 2626 4850 διαρκὲς
2660 4776 2797 4848 πρὸς
2826 4777 3040 4845 ἐφόδιον
3071 4777 3247 4832 ἀϊδίου
3282 4775 3431 4845 ζωῆς
3459 4793 3474 4806 ·
3512 4778 3663 4841 ὅπως
3690 4776 3761 4846 μὴ

2186 4867 2277 4921 τὸν
2295 4868 2704 4939 δεδανεισμένον
2735 4869 2792 4920 ὲν
2838 4867 3133 4939 γράμματι
3171 4866 3505 4938 συμϐολικὸν
3549 4868 3759 4937 ἔχωμεν

2188 4958 2353 5026 νόμον
2379 4955 2512 5026 (68),
2539 4957 2875 5027 ἀποροῦντες
2899 4957 2999 5026 τῆς
3032 4958 3177 5011 κατὰ
3207 4958 3367 5028 χάριν
3398 4958 3459 5009 ἐν
3494 4957 3756 5024 πνεύματι

2186 5048 2442 5117 γνώσεως
2464 5066 2477 5079 ·
2514 5050 2608 5103 καὶ
2643 5049 2813 5119 μόνην
2851 5049 3194 5119 στέργωμεν,
3226 5049 3304 5112 ὡς
3345 5049 3422 5119 μὴ
3448 5048 3757 5118 βλέποντες,

2185 5142 2284 5211 τὴν
2316 5142 2444 5213 περὶ
2476 5141 2584 5194 τῶν
2614 5141 2774 5193 θείων
2813 5139 3107 5211 ἐρώτησιν,
3139 5139 3503 5209 ἐστερημένοι
3528 5141 3635 5209 τῆς
3656 5140 3759 5191 τῶν

2190 5236 2468 5307 μυστικῶν
2502 5236 2697 5304 λογίων
2723 5236 2844 5290 κατ’
2870 5235 3127 5306 ἀλήθειαν
3146 5235 3443 5305 παμφαοῦς
3481 5234 3756 5302 αὑτονέαίας.

2188 5331 2391 5399 ’Ἄμφω
2419 5330 2530 5400 γὰρ
2567 5329 2784 5398 λέγεται
2832 5327 3027 5394 Σαοὺλ,
3072 5330 3209 5399 πρὸς
3243 5329 3345 5397 τὴν
3388 5327 3621 5381 Ἐλλάδα
3650 5345 3759 5396 φω-

2186 5419 2283 5489 νὴν
2338 5420 2796 5490 μεταφερόμενος.
2841 5416 3234 5489 Ἐρμηνεύεται
3294 5417 3405 5488 γὰρ
3454 5417 3594 5488 πρὸς
3652 5418 3757 5477 τοῖς

2189 5510 2519 5581 εἰρημένοις,
2545 5512 2638 5564 καὶ
2655 5508 3136 5577 δεδανεισμένος,
3157 5508 3251 5563 καὶ
3267 5508 3559 5577 ἐρώτησις
3582 5524 3597 5539 ο
3622 5507 3757 5576 άπερ
