3932 6326
260 329 367 393 ’Π3

1319 313 1808 387 QUIESTIONES
1848 313 1944 371 AD
1982 313 2492 375 TIIALASSIUM.

3417 321 3524 386 775

266 442 332 512 δὴ
381 438 475 492 καὶ
509 438 539 490 ό
581 433 830 506 γραπτδς
877 434 1137 502 ὑπάρχων
1185 431 1492 500 καθέστηκε
1538 429 1702 500 νόμος
1728 445 1741 458 ·
1773 427 1834 479 τὸ

1951 443 2061 496 quae
2081 442 2211 482 sane
2234 429 2400 482 etiam
2421 428 2507 482 lex
2529 429 2732 499 scripta
2753 430 2990 485 exsistit.
3014 430 3260 486 Alterum
3275 430 3522 504 quidem,

270 535 390 604 μὲν,
437 530 513 592 ώς
543 528 618 599 μὴ
656 527 988 580 οἰκειότατον
1015 525 1082 594 (Ῑ)
1127 524 1316 594 κτῆμα
1354 523 1451 591 τῆς
1485 521 1722 590 φύσεως,
1750 519 1846 572 καὶ

265 626 332 692 τῇ
357 621 475 674 κατ’
497 619 669 689 αὑτὴν
694 616 924 686 ὑπάρξει
946 613 1223 677 παντελῶς
1247 629 1436 682 συμπα
1446 611 1841 680 ρατεινόμενος’

265 715 328 765 τὸ
369 713 447 776 δὲ,
485 711 561 774 ὡς
592 710 723 778 περὶ
755 707 960 776 γνῶσιν
991 705 1166 776 ἁληθῆ
1208 704 1373 758 κινῶν
1399 704 1544 774 ἡμᾶς
1575 704 1668 755 καὶ
1693 719 1844 772 πρω-

265 804 496 856 τότυπον
527 801 740 868 σοφίαν,
760 799 887 862 τοὺς
906 799 980 869 μὴ
1001 797 1318 867 νομίζοντας
1339 795 1436 865 τὴν
1460 793 1728 864 ἐρώτησιν
1751 810 1845 845 κα-

265 891 501 960 τάληψιν
518 887 657 943 εἶναι
673 891 771 960 τῆς
795 888 1132 959 ζητουμένης
1158 887 1267 940 τῶν
1289 886 1446 940 θείων
1461 883 1801 956 ἁρχετυπίας
1822 901 1838 913 ·

266 985 402 1038 ἀλλὰ
434 984 594 1054 μόνον
613 983 701 1036 διὰ
734 981 844 1034 τῶν
872 984 928 1034 ἐν
954 983 1106 1051 νόμῳ
1157 977 1490 1048 σωματικῶν
1536 975 1840 1045 συμϐόλων,

267 1077 343 1139 ώς
368 1076 434 1128 δι’
463 1073 787 1144 ἐρωτήσεώς
819 1090 964 1135 τινος
995 1073 1130 1142 πρὸς
1169 1069 1266 1140 τὴν
1290 1069 1396 1123 τῶν
1423 1069 1582 1121 θείων
1612 1067 1836 1136 ἀγαθῶν

268 1167 661 1236 ἐπειγομένους
692 1164 1002 1234 κατάληψιν
1027 1181 1041 1194 ·
1073 1163 1163 1216 ἵνα
1191 1159 1530 1230 παυσώμεθα
1569 1159 1668 1228 τῆς
1701 1161 1842 1215 κατὰ

267 1257 367 1328 τὴν
413 1255 681 1328 ἐρώτησιν
722 1256 1001 1326 φροντίδος
1036 1254 1116 1326 (ἐν
1211 1255 1374 1324 τυχόν
1409 1255 1526 1306 ἐστι
1583 1252 1843 1316 πολλάκις

267 1349 361 1401 καὶ
390 1349 654 1417 πλάνησις
687 1347 824 1420 [67],
857 1349 915 1400 ὲν
961 1350 1028 1418 τῇ
1077 1347 1185 1400 τῶν
1232 1345 1580 1416 ζητουμένων
1612 1343 1843 1415 ἀληθείᾳ.

265 1439 570 1510 γενόμενοι,
599 1439 694 1490 καὶ
722 1438 823 1507 τῆς
858 1436 1038 1490 αὐτῶν
1079 1437 1540 1508 μεταποιηθῶμεν
1571 1435 1840 1505 μακαριό-

264 1545 446 1598 τητος,
487 1527 820 1596 φαινομένης
853 1529 910 1579 ἐν
961 1527 1096 1596 ἡμῖν
1142 1525 1516 1587 ἁναλλοιώτως
1563 1523 1705 1576 κατὰ
1740 1523 1840 1593 τὴν

269 1621 488 1692 μέθεξιν
518 1619 650 1690 (70),
684 1619 776 1672 καὶ
801 1618 861 1671 τὸ
894 1616 1011 1670 κατ’
1032 1617 1200 1686 αὑτὴν
1229 1612 1366 1680 εἶδος
1397 1618 1493 1686 τῆς
1516 1613 1674 1685 ἡμῶν
1699 1613 1838 1682 γνώ-

267 1731 442 1782 ρισμα
474 1712 802 1781 ποιουμένης
837 1708 1124 1780 ὑπάρξεως
1151 1725 1165 1737 ·
1199 1707 1258 1759 ὲν
1288 1705 1512 1776 Χριστῷ
1562 1706 1733 1776 Ἰησοῦ
1764 1702 1840 1774 τῷ

265 1780 390 1874 Θεῷ
432 1804 526 1856 καὶ
567 1780 784 1874 Σωτῆρι
819 1799 998 1871 ἡμῶν,
1035 1793 1140 1870 ᾧή
1183 1798 1310 1864 δόξα
1354 1799 1432 1861 εἰς
1455 1799 1580 1861 τοὺς
1613 1795 1835 1858 αἰῶνας.
1871 1780 1913 1834 Β

283 1896 477 1967 Ἀμήν.

935 2087 1207 2143 ΣΧΟΛΙΛ.

341 2192 412 2239 α’.
452 2183 596 2248 Νοῦς
636 2184 715 2245 εἰς
743 2183 911 2253 ἄκρον
953 2180 1042 2233 διὰ
1085 2181 1196 2232 τῶν
1252 2179 1463 2250 ἀρετῶν
1511 2177 1843 2247 καθαιρόμε-

264 2294 379 2341 νος,
399 2276 522 2338 τοὺς
549 2274 657 2327 τῶν
695 2273 904 2341 ἀρετῶν
957 2271 1202 2339 πέφυκεν
1249 2271 1475 2332 εἰκότως
1522 2268 1842 2322 ἐκδιδάσκε-

265 2368 394 2421 σθαι
416 2367 606 2435 λόγους
633 2384 646 2397 ο
678 2366 776 2434 τὴν
806 2363 863 2428 ἐξ
898 2362 1080 2415 αὑτῶν
1114 2362 1349 2424 θειωδῶς
1387 2359 1843 2431 χαρακτηρισθεῖ-

266 2477 370 2512 σαν
427 2459 650 2525 γνῶσιν,
703 2458 903 2508 οἰκεῖον
970 2453 1295 2522 ποιούμενος
1340 2453 1655 2522 πρόσωπον.
1699 2449 1839 2504 Καθ’

263 2551 459 2605 ἑαυτὸν
511 2549 621 2620 γάρ
667 2547 906 2609 ἀνείδεός
953 2563 1012 2596 τε
1070 2546 1166 2598 καὶ
1211 2545 1687 2616 ἀχαρακτήριστος
1733 2544 1842 2607 πᾶς

265 2643 574 2711 καθέστηκε
605 2639 750 2704 νοῦς,
790 2637 1002 2710 μορφὴν
1047 2637 1185 2706 ἔχων
1242 2635 1556 2704 ἐπίκτητον,
1583 2635 1614 2704 ἦ
1647 2635 1746 2703 τὴν
1777 2639 1840 2687 ὲκ

261 2734 378 2787 τῶν
404 2731 613 2802 ἀρετῶν
663 2731 976 2782 ὑποστᾶσαν
1017 2730 1073 2780 ἐν
1128 2726 1401 2796 πνεύματι
1429 2725 1652 2794 γνῶσιν,
1687 2726 1841 2797 ῆτὴν

265 2829 338 2879 ἐκ
363 2825 469 2878 τῶν
498 2821 687 2875 παθῶν
727 2818 1228 2888 ὲπισυμϐαίνουσαν
1275 2817 1518 2884 ἄγνοιαν.

353 2916 415 2986 β’.
458 2915 514 2968 Ὀ
539 2913 636 2985 τὴν
661 2913 754 2967 νοῦ
792 2913 1004 2985 μορφὴν
1026 2909 1122 2978 τὴν
1151 2909 1207 2972 ἐξ
1233 2908 1442 2978 ἀρετῶν
1471 2911 1530 2962 ὲν
1565 2909 1838 2980 πνεύματι

266 3008 422 3063 θείαν
469 3006 761 3076 δεξάμενος
806 3004 1029 3071 γνῶσιν,
1066 3003 1136 3056 τὰ
1176 3001 1296 3054 θεῖα
1336 3001 1556 3069 λέγεται
1611 3001 1829 3068 παθεῖν,

265 3101 352 3154 ὅτι
395 3098 467 3170 μὴ
502 3096 658 3166 φύσει
687 3096 827 3149 κατὰ
853 3094 953 3164 τὴν
985 3092 1238 3162 ὓπαρξιν,
1276 3091 1409 3145 ἀλλᾶ
1475 3092 1656 3163 χάριτι
1701 3093 1841 3146 κατὰ

264 3196 370 3263 τὴν
408 3190 624 3262 μέθεξιν
689 3187 894 3254 ταύτην
927 3185 1282 3258 προσέλαϐεν.
1340 3185 1396 3238 '0
1431 3183 1488 3236 δὲ
1527 3186 1622 3255 τὴν
1661 3186 1726 3236 ὲκ
1747 3184 1844 3254 χά-

271 3300 420 3356 ριτος
450 3282 523 3352 μὴ
551 3281 842 3350 δεξάμενος
874 3279 1094 3347 γνῶσιν,
1126 3277 1230 3330 κᾶν
1276 3277 1411 3347 λέγῃ
1435 3294 1485 3330 τι
1521 3277 1839 3345 γνωστικὸν,

265 3375 371 3427 οὑκ
396 3373 502 3426 οἶδε
536 3371 676 3424 κατὰ
711 3371 810 3440 τὴν
859 3371 1054 3438 πεῖραν
1095 3367 1186 3420 τοῦ
1227 3367 1521 3437 λεγομένου
1556 3367 1654 3437 τὴν
1682 3367 1841 3420 δύνα-

272 3482 390 3535 μιν.
433 3463 582 3534 Ψιλὴ
629 3454 739 3532 γὰρ
785 3460 1043 3531 μάθησις,
1077 3460 1176 3528 τὴν
1217 3459 1340 3513 καθ’
1379 3459 1492 3526 ἕξιν
1536 3458 1740 3526 γνῶσιν
1777 3459 1838 3512 οὑ

263 3554 508 3609 δίδωσιν.

341 3743 412 3808 γ’.
445 3734 641 3798 Καλῶς
682 3732 826 3788 κατὰ
865 3731 1014 3785 τόνδε
1057 3729 1160 3800 τῆς
1203 3730 1426 3801 Γραφῆς
1473 3728 1594 3783 εἷπε
1631 3731 1724 3783 τὸν
1752 3729 1842 3782 τό.

272 3849 376 3886 πον
408 3826 780 3900 λαμϐάνεσθαι
818 3824 908 3877 τὸν
947 3822 1126 3876 Σαούλ
1150 3839 1164 3852 ·
1191 3821 1280 3874 διὰ
1324 3821 1386 3873 τὸ
1419 3821 1561 3874 κατὰ
1613 3821 1843 3883 πολλοὺς

267 3926 333 3978 ἐν
362 3922 540 3982 ἄλλοις
574 3919 760 3980 τόποις
788 3914 1164 3984 λαμϐάνεσθαι
1202 3913 1460 3984 τρόπους,
1492 3911 1631 3983 πρὸς
1658 3912 1754 3981 τὴν
1780 3914 1843 3964 ἐκ

265 4015 374 4085 τῆς
402 4012 641 4083 ἱστορίας
667 4007 1133 4078 ἀναδεικνυμένην
1162 4005 1398 4076 θεωρίαν
1428 4005 1724 4076 προσφυῶς
1743 4006 1844 4076 ἁρ-

269 4106 594 4184 μοςόμενον.

343 4197 406 4251 δ’.
445 4197 678 4265 Ὠσπερ,
717 4193 902 4264 φησιν,
937 4192 965 4244 ό
1000 4188 1253 4260 παλλακῇ
1308 4187 1739 4257 συναπτόμενος,
1763 4185 1844 4240 νό-

272 4306 445 4362 μιμον
482 4288 543 4340 οὑ
567 4287 830 4355 κέκτηται
857 4286 948 4337 τὸν
983 4285 1160 4354 γάμον
1180 4300 1194 4315 ο
1229 4281 1403 4345 οὑτως
1431 4283 1460 4334 ὁ
1513 4278 1844 4348 σωματικῶς

263 4381 372 4450 τὴν
431 4378 660 4447 νομικὴν
717 4374 1117 4444 ὲξασκούμενος
1167 4372 1424 4442 μάθησιν,
1465 4369 1697 4440 νόμιμον
1744 4369 1840 4435 τὴν

1950 525 2010 570 ut
2049 533 2160 571 non
2206 533 2418 573 summe
2467 520 2688 590 propria
2718 521 3141 592 necessariaque
3164 532 3375 579 natura:
3399 541 3528 595 pos-

1947 608 2143 674 sessio,
2164 611 2392 680 ejusque
2415 626 2644 679 prorsus
2669 613 3006 668 exsistentiae
3024 629 3239 681 comes;
3269 616 3525 684 alterum,

1947 705 2008 751 ut
2059 714 2180 767 qua:
2221 715 2322 753 nos
2371 699 2438 754 ad
2481 715 2668 756 veram
2705 703 2992 758 scientiam
3018 714 3239 759 moveat
3268 705 3530 776 primige-

1947 788 2206 858 niamque
2243 791 2568 860 sapientiam
2609 811 2620 846 :
2661 794 2756 863 qui
2791 795 3005 849 scilicet
3051 798 3526 864 percontationem

1947 880 2095 936 haud
2127 882 2533 948 existimemus,
2569 886 2688 955 ejus
2717 902 2882 955 quam
2910 889 3229 956 quaerimus,
3265 890 3527 960 primige—

1945 972 2050 1026 nia:
2081 988 2145 1026 ac
2171 975 2505 1043 exemplaris
2555 976 2870 1031 divinorum
2898 979 3130 1033 rationis
3161 979 3326 1050 296
3379 996 3530 1034 com-

1947 1066 2378 1134 prehensionem
2407 1085 2420 1133 ;
2488 1069 2586 1122 sed
2614 1070 2706 1138 qui
2737 1070 2914 1124 solum
2947 1087 3044 1140 per
3064 1074 3371 1141 corporalia
3391 1075 3529 1145 legis

1945 1156 2214 1227 symbola,
2242 1159 2395 1212 velut
2418 1161 2814 1228 percontando,
2847 1163 2914 1214 ad
2937 1162 3251 1216 divinorum
3275 1180 3527 1235 compre-

1943 1248 2270 1304 hensionem
2327 1251 2598 1306 bonorum
2636 1253 2914 1307 enitamur
2940 1293 2956 1318 ,
3014 1271 3126 1324 quo
3156 1255 3375 1309 demum
3402 1273 3526 1326 per-

1943 1341 2205 1395 contandi
2230 1359 2362 1397 cura
2395 1344 2532 1414 (qua
2557 1345 2700 1399 forte
2733 1347 2901 1399 etiam
2939 1362 3048 1399 non
3083 1363 3210 1401 raro
3241 1365 3401 1402 error
3425 1350 3523 1403 ob-

1943 1433 2118 1500 repat)
2149 1433 2472 1501 liberemur,
2504 1435 2685 1505 adepti
2712 1451 2908 1490 eorum
2929 1437 3220 1493 veritatem
3240 1438 3306 1493 de
3321 1440 3523 1508 quibus

1942 1525 2297 1581 incumbebat
2321 1537 2381 1583 ut
2401 1529 2834 1594 sciscitaremur,
2869 1541 3223 1601 nostramque
3242 1535 3522 1589 nancisca-

1941 1633 2067 1672 mur
2092 1619 2491 1676 beatitudinem
2511 1663 2525 1687 ,
2583 1623 2891 1677 invariabili
2925 1626 2978 1677 in
3006 1625 3166 1679 nobis
3190 1625 3524 1679 commercio

1940 1713 2278 1777 elucentem,
2313 1708 2377 1768 ac
2401 1723 2606 1769 nostrae
2639 1717 2961 1771 substantia:
2991 1717 3199 1787 insigne
3227 1726 3523 1790 notamque

1942 1803 2243 1872 propriam,
2261 1804 2430 1874 ipsam
2459 1821 2614 1860 suam
2633 1807 2862 1862 formam
2889 1817 3238 1877 praestantem
3261 1825 3274 1861 :
3297 1811 3350 1861 in
3363 1809 3524 1863 Chri-

1943 1903 2032 1947 sto
2051 1894 2181 1948 Jesu
2204 1895 2316 1949 Deo
2345 1904 2402 1950 et
2432 1896 2727 1954 Servatore
2751 1907 2942 1953 nostro
2961 1940 2975 1964 ,
3029 1900 3117 1954 cui
3147 1899 3320 1970 gloria
3345 1901 3399 1954 in
3425 1915 3524 1954 sae-

1943 1983 2084 2039 cula.
2122 1983 2318 2040 Amen.

2580 2100 2892 2156 SCHOLIA.

2014 2187 2065 2240 1.
2096 2188 2269 2254 Mens,
2302 2190 2570 2245 virtutum
2589 2194 2740 2247 cultu
2765 2209 2977 2248 summe
2997 2205 3246 2266 purgata,
3276 2196 3524 2250 utvirtu-

1943 2284 2057 2332 tum
2088 2280 2332 2335 rationes
2362 2282 2667 2347 condiscat,
2703 2285 2902 2338 merito
2927 2295 3238 2354 comparata
3265 2295 3370 2351 est,
3401 2302 3523 2355 qua:

1942 2369 2010 2422 iis
2040 2370 2227 2426 divine
2257 2373 2572 2442 insignitam
2596 2375 2883 2429 scientiam
2908 2376 3013 2430 sibi
3035 2376 3231 2430 faciem
3255 2376 3519 2431 vindicet.

1941 2459 2022 2514 Ex
2045 2477 2102 2515 se
2123 2477 2359 2531 namque
2390 2463 2614 2532 suisque
2639 2465 2854 2518 meritis
2879 2506 2892 2528 ,
2945 2481 3101 2519 mens
3129 2467 3307 2519 omnis
3333 2466 3521 2521 forma:

1941 2567 2006 2606 ac
2048 2553 2389 2607 cliaracteris
2426 2570 2624 2622 expers
2660 2556 2921 2623 exsistit;
2980 2557 3272 2612 ascititiam
3312 2558 3520 2613 habens

1939 2645 2171 2700 formam
2191 2687 2206 2709 ,
2263 2648 2348 2701 vel
2379 2663 2501 2717 qua:
2529 2647 2796 2700 virtutum
2821 2648 2942 2703 luce
2969 2649 3204 2703 scientia
3234 2650 3287 2702 in
3316 2650 3515 2718 spiritu

1941 2739 2236 2808 clarescit,
2288 2740 2374 2794 vel
2407 2756 2528 2810 qua:
2561 2740 2859 2795 all'ectuum
2886 2741 3008 2796 labe
3045 2757 3112 2796 ex
3135 2742 3440 2812 ignorantia
3467 2741 3517 2796 ei

1941 2827 2162 2882 accidit.

2013 2919 2066 2974 2.
2105 2919 2207 2986 Qui
2239 2919 2508 2974 virtutum
2535 2919 2766 2974 formam
2795 2921 3028 2991 adeptus
3051 2931 3169 2988 est,
3211 2937 3318 2991 qua
3344 2921 3519 2975 virtu-

1943 3022 2059 3068 tum
2093 3013 2217 3068 luce
2271 3013 2323 3066 in
2363 3013 2565 3082 spiritu
2597 3014 2784 3066 divina
2809 3011 3038 3068 scicntia
3067 3014 3310 3078 nitescit,
3357 3012 3405 3067 is
3431 3013 3518 3067 di-

1867 3114 1909 3170 c
1948 3106 2074 3160 vina
2093 3105 2204 3175 pati
2227 3105 2455 3171 dicitur,
2485 3105 2631 3174 quod
2659 3121 2769 3159 non
2791 3116 2987 3160 natura
3012 3122 3110 3176 per
3127 3107 3515 3172 substantiam,

1942 3197 2041 3250 sed
2073 3197 2270 3267 gratia,
2308 3196 2635 3266 participato
2671 3212 2792 3250 eam
2831 3212 3060 3250 munere
3090 3197 3233 3251 iniit.
3288 3197 3393 3264 Qui
3421 3212 3519 3251 au-

1945 3296 2054 3340 tem
2106 3303 2216 3341 non
2263 3303 2329 3341 ex
2351 3288 2526 3357 gratia
2574 3295 2772 3342 nactus
2804 3296 2888 3341 est
2913 3285 3224 3351 scientiam,
3277 3287 3381 3340 etsi
3406 3286 3518 3354 spi-

1942 3378 2101 3432 ritale
2120 3378 2328 3447 aliquid
2353 3378 2440 3450 (ad
2460 3377 2748 3434 scientiam
2767 3377 2980 3431 scilicet
2997 3376 3274 3446 spectans)
3293 3377 3512 3443 dixerit,

1942 3472 2090 3527 haud
2143 3483 2324 3526 tamen
2385 3473 2502 3540 ipsa
2546 3469 2889 3540 experientia
2939 3470 3060 3539 ejus
3097 3468 3242 3537 quod
3273 3468 3518 3537 loquitur

1940 3565 2052 3618 vim
2079 3565 2254 3618 novit.
2291 3563 2446 3618 Nuda
2468 3563 2616 3617 enim
2646 3561 2938 3630 disciplina
2970 3559 3257 3614 scientiam
3287 3575 3408 3628 quae
3432 3566 3517 3614 est

1943 3657 2134 3712 habitu
2173 3657 2486 3725 etfeetuque
2520 3671 2630 3709 non
2663 3654 2880 3708 tribuit.

2013 3747 2068 3800 5.
2123 3746 2268 3802 Bene
2313 3747 2453 3800 dixit
2505 3745 2684 3815 accipi
2725 3745 2979 3810 Saulem,
3037 3744 3183 3814 quod
3223 3744 3420 3799 attinet
3447 3745 3515 3798 ad

1945 3837 2094 3890 hunc
2141 3835 2444 3905 Scriptura:
2479 3835 2660 3889 locum
2689 3853 2704 3900 ;
2761 3834 2908 3904 quod
2948 3835 3070 3887 aliis
3092 3835 3229 3889 locis
3255 3837 3404 3889 varie
3426 3851 3518 3889 ac-

1944 3925 2182 3994 cipiatur
2201 3965 2214 3988 ,
2260 3939 2361 3994 pro
2393 3939 2460 3977 eo
2493 3939 2556 3977 ac
2589 3938 2783 3979 sensus
2811 3923 3072 3994 spiritalis
3101 3930 3227 3993 apte
3253 3939 3322 3978 ex
3344 3924 3517 3979 histo-

1947 4017 2029 4070 ria
2058 4017 2422 4071 concinnatus
2440 4015 2681 4070 elicitur.

2014 4190 2066 4243 4.
2126 4189 2602 4256 Quemadmodum
2624 4231 2639 4254 ,
2678 4189 2891 4260 inquit,
2927 4189 3020 4259 qui
3055 4189 3237 4259 pellici
3268 4191 3519 4261 jungitur

1944 4280 2250 4349 legitimum
2277 4281 2695 4334 matrimonium
2724 4297 2835 4335 non
2859 4281 3026 4337 habet
3062 4297 3076 4333 :
3113 4281 3193 4333 sic
3218 4295 3399 4350 neque
3423 4283 3518 4350 qui

1947 4370 2220 4439 corporali
2266 4371 2483 4425 ratione
2532 4370 2761 4440 legalem
2795 4370 3142 4440 disciplinam
3174 4371 3306 4426 colit
3343 4373 3520 4442 legiti-

266 4449 410 4543 πρὸς
458 4470 626 4540 αὑτὴν
669 4469 768 4521 οὑκ
808 4467 922 4537 ἔχει
972 4465 1307 4536 συμϐίωσιν·
1351 4462 1481 4515 νόθα
1528 4461 1732 4530 γεννῶν
1780 4460 1838 4527 ἐξ

1951 4478 2092 4515 mam
2140 4477 2266 4516 cum
2308 4477 2373 4516 ea
2415 4462 2541 4517 vita:
2569 4462 2890 4518 societatem
2915 4463 3053 4529 init;
3117 4465 3302 4533 spuria
3334 4480 3401 4519 ex
3427 4466 3519 4520 illa

266 4564 441 4633 αὐτῆς
461 4563 727 4632 δόγματα,
759 4560 854 4614 καὶ
881 4562 945 4629 τῇ
987 4560 1086 4628 τῆς
1117 4555 1317 4629 σαρκὸς
1357 4553 1469 4624 ζωῇ
1519 4553 1844 4624 συμφθειρό-

317 4669 433 4705 ενα.

317 4673 433 4705 5-1.

269 4673 314 4726 μ
343 4674 406 4796 ζ’.
452 4742 510 4794 ὐ
545 4742 678 4812 πρὸς
713 4741 894 4810 σῶμα,
931 4739 1118 4809 φησὶν,
1162 4735 1262 4805 τὴν
1315 4731 1596 4804 Γραφικὴν
1626 4733 1844 4802 ἐκδεχό-

271 4848 436 4902 μενος
467 4831 720 4901 μάθησιν,
755 4831 854 4900 τὴν
886 4829 1005 4882 κατ’
1053 4827 1338 4898 ἐνέργειαν
1371 4825 1429 4888 ἐξ
1474 4825 1645 4893 αὐτῆς
1673 4826 1846 4896 ἀμαρ-

265 4921 394 4976 τίαν
436 4919 772 4981 διδάσκεται,
813 4919 906 4971 καὶ
941 4917 1040 4988 τὴν
1076 4916 1218 4968 κατὰ
1268 4914 1392 4967 νοῦν
1432 4913 1530 4982 τῆς
1573 4914 1846 4984 ἁμαρτίας

271 5011 506 5083 μελέτην
533 5029 546 5042 ο
577 5011 812 5083 τρυφὴν,
845 5016 939 5064 καὶ
979 5006 1272 5069 συνουσίας
1298 5007 1583 5077 ἀκρατεῖς,
1615 5006 1709 5057 καὶ
1747 5006 1844 5074 φό-

347 5167 435 5238 (Ῑ)
470 5168 569 5232 Ὠς
595 5166 677 5235 μὴ
714 5165 1097 5238 οἰκειότατονἶ
1121 5161 1441 5238 Necessario
1464 5159 1635 5238 adjeei
1665 5174 1832 5238 nega-

269 5230 464 5302 tiva'm,
498 5230 618 5306 qua}
645 5230 729 5289 vel
768 5234 1100 5306 exscribenti
1135 5232 1425 5294 exciderit,
1457 5230 1542 5282 vel
1570 5230 1834 5306 An_tiqua-

270 5313 379 5374 rio,
412 5301 477 5363 ex
508 5301 664 5376 cujus
683 5304 982 5376 exemplari
1007 5304 1110 5356 alia
1143 5307 1438 5371 propagata
1467 5315 1483 5376 ξ
1514 5301 1660 5376 quod
1719 5301 1836 5376 llaec

267 5369 594 5435 sit'natura
643 5369 987 5443 mutuifjam
1041 5369 1260 5441 quoque
1300 5369 1556 5448 superius
1603 5369 1836 5448 Maximo

267 5452 568 5520 explicata,
610 5455 671 5500 ut
709 5439 981 5506 mutuum,
1010 5439 1265 5520 nonnr’ata
1303 5439 1582 5520 possessio
1619 5439 1710 5519 sit,
1733 5439 1835 5519 sed

269 5507 364 5574 as'l.
385 5507 603 5586 tempus
619 5532 730 5570 non
772 5529 999 5586 prorsus
1033 5507 1406 5586 abdicato’rei
1436 5507 1682 5586 dominio
1732 5508 1835 5576 ipsi

269 5577 593 5651 l'cneran'ti,
635 5594 731 5640 aut
772 5577 854 5636 'in
914 5598 1041 5636 eum
1091 5581 1374 5640 translato,
1424 5577 1519 5645 qui
1583 5588 1838 5651 mutuum

269 5659 501 5727 accipit,
535 5647 630 5710 sed
664 5655 1170 5727 adusummutnper
1206 5657 1442 5727 tempus;
1473 5661 1582 5726 quo
1607 5663 1704 5715 per
1719 5647 1838 5714 ejus

270 5719 678 5798 indulgentiam
707 5723 785 5779 illi
816 5722 998 5785 durat,
1032 5720 1121 5774 illa
1137 5719 1294 5788 quasi
1335 5719 1580 5785 precaria
1621 5731 1838 5786 posses-

1948 4552 2176 4622 gignens
2213 4552 2486 4622 dogmata,
2531 4561 2588 4608 et
2635 4569 2757 4624 quae
2782 4569 2893 4609 una
2923 4569 3049 4609 cum
3078 4557 3262 4610 carnis
3294 4557 3406 4611 vita
3438 4557 3522 4611 in-

1951 4649 2182 4696 tereant.

2013 4735 2065 4787 5.
2103 4734 2207 4799 Qui
2229 4750 2295 4787 ex
2315 4737 2582 4805 corporis,
2610 4735 2810 4806 inquit,
2839 4737 3053 4792 ratione
3111 4737 3518 4808 Scripturarum

1943 4825 2254 4879 doctrinam
2285 4827 2490 4896 accipit
2525 4836 2690 4896 atque
2716 4829 2978 4896 exponit,
3034 4839 3321 4898 peccatum
3354 4847 3518 4900 opere

1945 4915 2176 4971 docetur
2201 4958 2215 4980 ,
2277 4925 2334 4972 et
2363 4926 2424 4970 ut
2448 4917 2582 4970 illud
2615 4928 2802 4972 mente
2827 4919 3146 4984 meditetur,
3181 4921 3518 4989 voluptatem

1945 5008 2178 5073 scilicet,
2211 5009 2519 5078 impudicos
2543 5009 2745 5075 coitus,
2777 5010 2954 5065 caedes
2987 5027 3002 5065 :
3035 5025 3256 5065 omnem
3280 5011 3518 5081 denique

1939 5162 2043 5226 sio,
2101 5178 2199 5216 seu
2238 5163 2412 5232 magis
2437 5177 2592 5218 usus.
2622 5161 2714 5216 Sic
2754 5162 2939 5231 itaque
2965 5161 3058 5232 lex,
3077 5162 3235 5232 quasi
3265 5162 3518 5231 paadago-

1977 5247 2038 5311 us
2070 5233 2312 5316 parvulis
2342 5231 2625 5316 dataﬂest,
2675 5247 2738 5286 ac
2769 5233 2949 5286 donec
2995 5231 3168 5316 adulti
3234 5233 3343 5301 jam
3393 5232 3517 5316 legi

1942 5301 2184 5370 Spiritus
2203 5303 2504 5370 comparati
2529 5317 2812 5357 essemus:
2847 5316 2958 5370 quo
2990 5301 3154 5354 etiam
3188 5301 3516 5370 percontatio

1943 5380 2046 5434 est,
2074 5379 2130 5424 et
2161 5379 2221 5424 ut
2252 5373 2596 5440 percontatio
2633 5370 3210 5435 habenda,desiderio
3246 5378 3517 5440 praestans

1945 5455 2232 5508 assurgere
2254 5439 2335 5510 ad
2387 5441 2541 5510 bona
2597 5457 2719 5510 qua:
2759 5441 2988 5502 indicat,
3019 5455 3134 5510 non
3182 5439 3340 5509 quasi
3379 5440 3517 5510 Aipsa

1943 5507 2161 5563 illorum
2215 5509 2454 5580 adeptio.
2498 5507 2805 5565 Sic—brevi
2853 5507 3216 5580 medicamine
3262 5507 3517 5580 restituta

1940 5580 2156 5634 Maximi
2182 5581 2383 5645 littera,
2419 5589 2530 5634 tota
2563 5580 2631 5634 ad
2664 5582 2868 5634 calcem
2907 5579 2984 5631 sic
3017 5579 3194 5645 spisso
3237 5579 3507 5647 varioque

1943 5666 2110 5720 opere
2145 5652 2443 5712 ἄπταιστος
2484 5650 2740 5719 labisque
2769 5665 2906 5720 pura
2937 5649 3204 5704 decurrit.
