3932 6326
467 303 571 367 775

1652 283 1711 340 S.
1747 277 2034 340 MAXIMI
2074 277 2580 339 CONFESSORIS
3627 303 3732 364 πε

464 405 562 462 Dei
627 412 936 459 creaturam
993 416 1059 456 ex
1125 399 1260 472 legis
1317 400 1503 453 littera
1554 396 1861 452 abominati
1913 411 2049 450 conv

2187 411 2298 458 ους,
2333 397 2428 450 καὶ
2460 397 2639 449 πᾶσαν
2665 395 2758 448 τοῦ
2807 395 2940 448 Θεοῦ
2977 387 3412 464 βεδελώττεσθαῖ
3426 396 3530 465 τὴν
3561 398 3742 450 κτίσιν

467 500 652 555 discit.

537 593 592 645 6.
639 588 918 660 Spiritalis
951 588 1064 642 alio
1091 601 1253 641 sensu
1288 583 1683 639 consideratio.
1721 581 2042 646 Anathema,

467 685 558 738 hic
593 695 813 752 quoque
853 680 1096 735 mundus
1145 679 1352 734 dicitur
1377 718 1392 743 ,
1433 687 1492 731 ut
1517 677 1612 746 qui
1641 673 2048 729 maledictionis

467 778 626 832 locus
647 776 738 830 sit.
776 774 936 830 Hunc
963 773 1198 829 libidine
1231 779 1292 826 ut
1322 771 1507 841 gignat
1536 775 1921 838 comparatum
1954 769 2049 819 ha-

467 869 582 935 bet,
619 868 715 938 qui
749 877 934 922 mente
968 866 1036 920 ad
1069 865 1208 936 legis
1238 863 1498 934 spiritum
1530 876 1643 915 non
1666 863 1883 917 transit.

535 963 587 1015 7.
656 961 716 1014 In
748 975 880 1029 quo,
930 958 1133 1028 inquit,
1183 955 1477 1010 affectione
1504 953 1814 1018 trahimur,
1853 953 1922 1008 de
1955 954 2051 1009 illo

468 1067 692 1123 quoque
729 1059 914 1105 mente
943 1051 1270 1120 cogitamus.

540 1145 594 1198 8.
646 1145 768 1198 Alio
805 1145 934 1197 item
985 1141 1221 1212 spiritali
1256 1155 1424 1196 sensu
1457 1140 1750 1194 anathema
1771 1146 1890 1203 est,
1926 1137 2056 1193 libi-

472 1236 664 1290 dinum
695 1243 878 1290 motus
910 1234 1222 1308 simulacris
1241 1249 1445 1288 vacans
1497 1251 1510 1286 :
1553 1231 1681 1286 Oris
1701 1232 1904 1302 pudor,
1938 1247 2056 1285 mo—

473 1336 564 1381 tus
610 1326 809 1381 mentis
863 1341 930 1379 ex
965 1340 1161 1380 sensus
1197 1325 1410 1379 ratione
1455 1323 1747 1378 libidinem
1787 1322 2052 1386 formans,

476 1419 781 1488 subtilique
823 1417 1063 1488 cogitatu
1115 1433 1180 1472 ac
1209 1415 1518 1470 rationibus
1551 1414 1971 1469 convenientem
2003 1413 2055 1468 ei

474 1512 762 1567 materiam
789 1511 1133 1565 ministrans.

548 1605 602 1658 9.
655 1604 760 1658 Per
789 1602 1109 1674 synaeresin,
1145 1615 1308 1671 quam
1339 1607 1571 1665 vocant,
1607 1607 1721 1654 tres
1743 1605 1924 1653 textus
1947 1597 2057 1667 spi-

476 1696 663 1750 ritales
692 1711 887 1751 sensus
918 1710 984 1751 ac
1008 1693 1488 1750 considerationes
1517 1693 1794 1762 exposuit.

547 1788 632 1842 10.
668 1788 773 1854 Qui
802 1789 859 1842 in
886 1789 1131 1842 animum
1159 1787 1376 1841 induxit
1403 1795 1698 1856 ratumque
1727 1785 1897 1839 habet
1919 1781 2058 1838 divi-

476 1896 602 1934 nam
639 1895 762 1936 esse
795 1880 1250 1935 constitutionem
1304 1893 1538 1947 corpore
1573 1891 1645 1931 ex
1676 1876 1810 1946 legis
1845 1874 2059 1928 ratione

477 1973 724 2026 deliciari
757 1973 963 2041 gulam.
992 1973 1150 2042 quasi
1181 1971 1275 2024 Dei
1301 1970 1506 2023 donum
1539 1984 1664 2023 cum
1685 1967 1884 2038 gaudio
1904 1966 1958 2019 in
1978 1965 2060 2020 vi-

481 2071 546 2117 tae
573 2063 894 2117 societatem
926 2062 1155 2130 recipit,
1214 2061 1518 2128 modosque
1548 2073 1814 2112 sensuum
1848 2057 1961 2111 vim
1995 2070 2060 2109 ac

477 2157 856 2226 operationem
883 2156 1058 2210 abusu
1081 2155 1392 2224 poli-nentes
1421 2169 1489 2209 ex
1512 2169 1576 2208 ea
1602 2152 1852 2221 suscipit.

550 2248 638 2301 11.
701 2247 997 2303 Succincta
1040 2262 1231 2301 eorum
1267 2261 1388 2315 qua:
1421 2243 1678 2315 superius
1719 2243 1776 2296 in
1807 2242 2062 2298 conside-

479 2339 748 2394 rationem
773 2348 1050 2394 venerunt
1075 2339 1402 2408 resumptio,
1432 2353 1540 2407 qua
1557 2336 1924 2405 ostendit,qui
1941 2351 2062 2389 cor-

479 2431 653 2501 porali
699 2431 912 2485 ratione
968 2432 1144 2499 legem
1193 2436 1472 2497 exponat,
1541 2427 1662 2497 ejus
1713 2424 2059 2493 disciplinam

481 2521 693 2592 pellicis
720 2520 843 2575 loco
866 2520 1104 2585 habere;
1143 2518 1550 2586 libidinumque
1573 2515 1823 2569 habitum
1855 2515 2063 2584 pariter

479 2622 772 2682 actumque
801 2613 1026 2683 gignere
1053 2653 1068 2679 ,
1135 2626 1220 2677 ac,
1255 2611 1414 2680 quasi
1446 2608 1712 2670 divinam,
1751 2608 1806 2660 in
1835 2607 2061 2661 domum

478 2704 660 2775 gulam
717 2704 981 2760 inducere
1004 2745 1018 2769 ,
1089 2719 1157 2757 ex
1195 2719 1302 2773 qua
1349 2701 1496 2756 modi
1531 2716 1631 2770 per
1658 2699 1893 2753 abusum
1925 2713 2062 2753 con-

479 2795 805 2865 Spurcandis
830 2796 1088 2850 sensibus
1111 2795 1384 2859 oriantur,
1407 2792 1799 2862 naturalesque
1821 2789 1878 2843 in
1895 2791 2062 2845 rebus

479 2892 723 2947 rationes
756 2906 821 2946 ac
849 2890 1061 2946 semina
1086 2890 1449 2958 perimantur.

553 2983 640 3038 12.
680 2983 786 3048 Qui
823 2983 877 3036 in
911 2983 1050 3052 legis
1073 2981 1337 3052 symbolis
1365 2989 1632 3046 moratur,
1670 2997 1858 3036 rerum
1883 2997 1953 3036 ex
1977 2994 2063 3032 ra-

2150 488 2215 540 ὲκ
2239 485 2332 539 τοῦ
2363 489 2691 558 γράμματος
2718 488 2812 540 τοῦ
2856 490 3024 558 νόμου
3065 488 3418 557 μινθάνεται.

2224 587 2298 644 ς’.
2329 580 2550 652 Θεωρία
2578 583 2699 636 κατ’
2733 581 2901 650 ἄλλην
2933 582 3219 651 ἐπιϐολήν.
3263 582 3546 652 Ἀνάθεμα
3583 583 3745 651 λέγε-

2150 687 2241 723 ται
2291 671 2384 724 καὶ
2417 673 2445 723 ὀ
2478 673 2686 741 κόσμος
2735 669 2912 735 οὗτος,
2961 677 2988 727 ὁ
3044 675 3348 744 καταδίκης
3399 676 3642 745 χωρίον’
3687 676 3747 727 δν

2151 763 2349 833 γεννᾷν
2372 765 2437 833 τῇ
2462 764 2810 835 προσπαθείᾳ
2834 766 3099 834 πέφυκεν,
3125 768 3152 818 ὁ
3179 767 3256 836 μὴ
3277 767 3414 838 πρὸς
3436 768 3502 820 τὸ
3521 767 3746 838 πνεῦμα

2153 851 2248 908 τοῦ
2284 857 2451 925 νόμου
2491 856 2631 908 κατὰ
2658 857 2786 909 νοῦν
2814 857 3129 914 διαόαίνων.

2225 949 2289 1012 ζ’.
2323 948 2446 1000 Ὅτι
2473 949 2610 1019 πρὸς
2637 949 2664 1001 ὂ
2691 950 2978 1018 σχετικῶς,
3015 953 3170 1021 φησλ,
3202 951 3554 1022 διακείμεθα,
3597 953 3738 1023 πρὸς

2154 1039 2332 1093 ἐκεῖνο
2357 1041 2452 1093 καὶ
2481 1040 2581 1111 τὴν
2615 1040 2756 1094 κατὰ
2782 1041 2906 1095 νοῦν
2957 1042 3187 1112 μελέτην
3215 1043 3561 1113 κεκτήμεθα.

2227 1139 2298 1202 η’.
2339 1133 2476 1185 Κατ’
2518 1131 2687 1203 ἄλλην
2729 1133 2986 1203 θεωρίαν,
3039 1135 3125 1188 ὅτι
3171 1136 3429 1203 ἀνάθεμα
3461 1137 3611 1196 ἐστι,
3651 1137 3745 1188 καὶ

2154 1227 2187 1294 ἡ
2227 1225 2336 1278 τῶν
2366 1225 2557 1279 παθῶν
2603 1225 2892 1290 ἁνείδωλος
2941 1227 3194 1297 κίνησις·
3229 1229 3462 1298 αἰσχύνη
3514 1229 3576 1282 δὲ
3622 1229 3743 1280 στί-

2161 1318 2406 1386 ματος,ὴ
2441 1315 2501 1370 τὸ
2535 1315 2706 1381 πάθος
2758 1315 3101 1370 είδοποιοῦσα
3149 1318 3284 1388 πρὸς
3338 1318 3604 1388 αἴσθησιν
3653 1319 3747 1370 τοῦ

2158 1409 2250 1462 νοῦ
2281 1410 2516 1481 κίνησις,
2554 1411 2650 1463 καὶ
2698 1413 2821 1473 ταῖς
2867 1411 3133 1473 ἐπινοίαις
3182 1411 3317 1481 ὓλην
3352 1413 3625 1482 ἁρμόδιον
3671 1411 3748 1480 τῷ

2159 1503 2324 1556 πάθει
2359 1503 2681 1575 πορίζουσα.

2231 1595 2296 1648 θ’.
2325 1595 2484 1648 Κατὰ
2522 1594 2834 1666 συναίρεσιν
2878 1594 2977 1659 τὰς
3006 1597 3154 1665 τρεῖς
3197 1594 3438 1665 Θεωρίας
3473 1593 3574 1649 τοῦ
3628 1614 3748 1648 κει-

2163 1688 2324 1759 μένου
2349 1687 2635 1752 ἐξέδωκεν.

2234 1784 2286 1831 ι’.
2337 1778 2394 1830 '0
2426 1777 2671 1841 πεισθεὶς
2710 1777 2861 1832 θείαν
2902 1771 3040 1830 εἶναι
3079 1778 3347 1848 διαταγὴν
3393 1779 3460 1831 τὸ
3511 1797 3752 1849 acestae-.-

2161 1868 2274 1932 κῶς
2319 1870 2459 1922 κατὰ
2504 1870 2667 1937 νόμον
2727 1871 2965 1941 τρυφᾷν,
3013 1870 3112 1938 τὴν
3173 1871 3632 1939 γαστριμαργίαν
3676 1872 3750 1934 ὡς

2161 1961 2296 2014 Θεοῦ
2329 1961 2501 2031 δῶρον
2534 1961 2803 2030 λαμϐάνει
2833 1961 2971 2030 μετὰ
2999 1963 3178 2032 χαρᾶς
3228 1963 3364 2032 πρὸς
3395 1962 3710 2032 συμϐίωσιν
3731 1980 3744 1990 ⁸

2161 2051 2220 2116 ἐξ
2252 2047 2320 2125 ἦς
2352 2052 2513 2120 γεννᾷ
2569 2054 2694 2114 τοὺς
2755 2051 3087 2121 μολύνοντας
3133 2055 3198 2122 τῇ
3241 2055 3608 2124 παραχρήσει
3655 2055 3750 2125 τὴν

2161 2145 2445 2214 ἐνέργειαν
2473 2144 2581 2195 τῶν
2620 2143 2927 2213 αἰσθήσεων
2958 2145 3209 2214 τρόπους.

2245 2243 2331 2290 ια’.
2378 2236 2668 2305 Ἐπίτομος
2697 2236 2805 2288 τῶν
2837 2236 3335 2308 προθεωρηθὲντων
3374 2239 3746 2310 ἐπανάληψις,

2161 2331 2226 2384 δι’
2257 2326 2326 2404 ἦς
2355 2330 2630 2383 δείκνυσιν
2679 2331 2810 2382 ὃτιὸ
2857 2329 3188 2399 σωματικῶς
3237 2332 3617 2401 ἐκλαμϐάνων
3661 2335 3750 2386 τὸν

2161 2422 2345 2490 νόμον,
2377 2423 2474 2492 τὴν
2499 2421 2665 2473 αὑτοῦ
2698 2420 3103 2475 παλλακεύεται
3130 2423 3376 2492 μάθησιν
3400 2441 3413 2453 ο
3451 2424 3551 2476 καὶ
3587 2429 3751 2494 γεννᾷ

2163 2515 2264 2583 τήν
2288 2529 2347 2566 τε
2377 2513 2483 2565 τῶν
2509 2513 2696 2567 παθῶν
2736 2513 2850 2576 ἕξιν
2878 2504 2987 2566 ’καὶ
3024 2515 3123 2584 τὴν
3163 2515 3453 2585 ἐνέργειαν
3479 2532 3493 2546 ο
3533 2519 3635 2569 καὶ
3678 2518 3751 2581 ὡς

2164 2603 2315 2657 θείαν
2338 2603 2690 2668 είσοικίζεται
2721 2606 2818 2675 τὴν
2849 2607 3321 2676 γαστριμαργίαν,
3358 2609 3500 2678 πρὸς
3529 2609 3749 2676 γένεσιν

2161 2696 2270 2748 τῶν
2303 2696 2674 2763 ῥυπαινόντων
2705 2699 2770 2767 τῇ
2811 2699 3160 2768 παραχρήσει
3185 2698 3281 2761 τὰς
3309 2699 3602 2770 αἰσθήσεις
3627 2703 3750 2771 τρο-

2165 2803 2281 2838 πων
2301 2801 2312 2814 ·
2348 2786 2428 2848 είς
2457 2786 2740 2856 ἀναίρεσιν
2769 2787 2879 2842 τῶν
2909 2789 2966 2840 ἐν
2998 2790 3110 2851 τοῖς
3134 2783 3254 2840 οὖσι
3285 2791 3538 2857 φυσικῶν
3573 2790 3750 2859 λόγων

2163 2895 2222 2931 τε
2257 2880 2352 2932 καὶ
2384 2879 2742 2950 σπερμάτων.

2239 2968 2329 3039 ιβ’.
2387 2971 2446 3022 '0
2465 2972 2578 3032 τοῖς
2609 2969 2902 3039 συμϐόλοις
2932 2970 3028 3022 τοῦ
3073 2970 3264 3041 νόμου,
3294 2990 3369 3041 φη
3382 2972 3491 3037 σιν,
3547 2974 3748 3027 ἐναπο-

483 3075 632 3128 tione
665 3073 825 3142 297
861 3081 1114 3126 naturam
1150 3071 1358 3135 videre,
1395 3072 1708 3140 inditasque
1727 3069 2061 3126 substantia-

2187 3061 2368 3126 ιένων,
2399 3059 2462 3113 οὐ
2492 3059 2717 3114 δύναται
2744 3059 2886 3114 κατὰ
2914 3059 3074 3128 λόγον
3096 3061 3196 3131 τὴν
3233 3062 3344 3115 τῶν
3377 3063 3550 3116 ὄντων
3582 3065 3749 3133 φύσιν

481 3163 610 3218 liter
637 3179 667 3216 a
687 3161 946 3216 Creatore
973 3161 1140 3215 rebus
1172 3161 1415 3214 rationes
1445 3161 1688 3216 nancisci
1716 3176 1827 3216 non
1852 3166 2058 3232 potest,

481 3252 556 3308 ob
575 3253 858 3324 signorum
887 3267 920 3305 a
946 3266 1134 3306 rerum
1166 3259 1364 3306 natura
1393 3251 1712 3306 discrimen.

557 3430 643 3484 15.
667 3427 962 3483 Naturales
984 3427 1230 3481 rationes
1275 3427 1421 3497 ligna
1449 3435 1815 3495 comportant,
1844 3443 1966 3497 qua:
1993 3427 2061 3483 ad

485 3521 800 3576 divinorum
870 3517 1157 3572 scientiam
1220 3532 1495 3587 propense
1577 3518 1806 3571 materia
1872 3517 2059 3572 ﬁant:

488 3625 684 3679 aquam
740 3623 872 3663 vero
924 3607 1166 3664 aﬂ‘erunt
1213 3607 1454 3662 eluendo
1499 3606 1731 3661 allectus
1759 3649 1774 3674 ,
1821 3618 1884 3663 ut
1941 3624 2064 3678 qua:

487 3699 672 3755 vitalis
726 3698 785 3753 in
853 3698 1052 3770 spiritu
1120 3700 1462 3769 operationis
1509 3711 1864 3770 augmentum
1926 3715 2066 3771 prai-

487 3793 674 3848 beant.

561 3888 650 3943 M.
701 3888 820 3942 Alia
851 3885 1176 3942 eorumdem
1219 3883 1489 3956 spiritalis
1541 3883 1931 3954 consideratio,
1955 3899 2063 3954 qua

488 3995 587 4050 per
603 3979 934 4035 Gabaonitas
954 3978 1201 4050 gentium
1224 3977 1441 4032 vocatio
1457 3984 1782 4046 exponalur.

562 4072 648 4126 15.
676 4071 960 4126 Materiam
986 4078 1042 4124 et
1066 4068 1300 4124 formam
1319 4067 1552 4137 spiritali
1580 4082 1746 4122 sensu
1774 4066 2065 4121 Ermouthi

487 4167 548 4214 et
568 4157 1048 4228 Mempbibosthe;
1092 4158 1339 4228 quinque
1381 4171 1519 4211 vero
1545 4171 1806 4210 sensuum
1841 4157 2065 4212 abusio-

490 4266 640 4317 nem,
683 4252 936 4307 Merobes
985 4250 1232 4319 quinque
1277 4248 1422 4304 ﬁlios
1471 4249 1726 4314 vocavit;
1762 4262 1902 4317 quos
1929 4249 2065 4302 alios

490 4343 616 4398 aliis
664 4345 1005 4414 coniungens
1035 4343 1320 4413 “sensum
1370 4341 1582 4395 scilicet
1637 4354 1760 4393 cum
1837 4339 2063 4393 materia

2165 3153 2319 3222 ὁρᾷν,
2351 3153 2446 3206 καὶ
2492 3153 2619 3214 τοὺς
2647 3152 2904 3216 τεθέντας
2947 3153 3223 3216 οὐσιωδῶς
3272 3155 3379 3207 ὑπὸ
3404 3156 3750 3228 δημιουργοῦ

2167 3245 2278 3305 τοῖς
2304 3238 2421 3296 οὖσι
2455 3242 2650 3310 λόγους
2692 3243 3120 3314 περιποιεῖσθαι,
3156 3243 3247 3297 διὰ
3286 3245 3348 3298 τὸ
3398 3247 3511 3298 τῶν
3544 3248 3752 3317 συμῶ

2169 3334 2274 3387 λων
2303 3333 2436 3401 πρὸς
2460 3334 2558 3402 τὴν
2583 3333 2691 3386 τῶν
2723 3335 2893 3388 ὀντων
2938 3334 3100 3402 φύσιν
3127 3334 3411 3404 διάφορον.

2243 3431 2330 3492 ιγ’.
2371 3421 2734 3496 Ξυλοφοροῦσι
2771 3424 2870 3494 μὲν
2925 3427 2972 3478 oi
3025 3425 3171 3492 λόγοι
3220 3427 3321 3494 τῆς
3359 3427 3614 3494 φύσεως,
3648 3427 3749 3496 ὕλη

2170 3517 2304 3586 πρὸς
2323 3516 2420 3586 τὴν
2446 3516 2647 3584 γνῶσιν
2691 3515 2798 3568 τῶν
2846 3516 3006 3568 θείων
3044 3516 3322 3582 γινόμενοι
3343 3534 3358 3547 ·
3385 3517 3748 3586 ὑδροφοροῦσι

2167 3610 2225 3663 δὲ
2259 3609 2418 3680 ρύψιν
2449 3607 2731 3671 ποιοῦντες
2756 3607 2968 3675 παθῶν,
2992 3607 3086 3662 καὶ
3109 3607 3347 3661 διάδοσιν
3370 3609 3470 3678 τῆς
3494 3611 3552 3663 ἐν
3584 3610 3750 3662 πνεύ-

2172 3717 2303 3771 ματι
2333 3699 2568 3770 ζωτικῆς
2595 3700 2898 3770 ἐνεργείας.

2243 3871 2322 3926 ιδ’.
2363 3871 2532 3944 Ι’Δλλη
2560 3872 2765 3945 θεωρία
2792 3873 2900 3927 τῶν
2921 3873 3506 3946 αὐτῶν,είσηγουμένη
3526 3875 3617 3929 διὰ
3642 3877 3746 3931 τῶν

2169 3963 2533 4018 Γαδαωνιτῶν
2560 3966 2661 4036 τὴν
2688 3965 2883 4035 κλῆσιν
2913 3966 3022 4020 τῶν
3059 3966 3250 4020 ἐθνῶν.

2245 4055 2325 4107 ιε’.
2363 4053 2538 4124 ’Υλην
2558 4049 2679 4107 εἷπε
2721 4056 2814 4108 καὶ
2861 4051 2999 4120 εἶδος
3041 4056 3184 4110 κατὰ
3222 4057 3456 4128 θεωρίαν
3493 4058 3586 4114 τὸν
3623 4059 3743 4131 Ἐρ-

2173 4143 2331 4214 μονθὶι
2379 4143 2471 4198 καὶ
2503 4143 2595 4196 τὸν
2632 4145 3020 4216 Μεμφισοσθὲ,
3054 4149 3150 4202 καὶ
3208 4149 3528 4217 πενταπλῆν
3572 4152 3745 4221 παρά-

2170 4253 2366 4308 χρησιν
2388 4237 2496 4291 τῶν
2527 4239 2992 4310 αἰσθήσεων,τοὺς
3025 4240 3184 4294 πέντε
3214 4241 3313 4310 τῆς
3341 4240 3551 4312 Μερὼὸ
3578 4243 3740 4306 υἱούς

2170 4329 2264 4393 οὒς
2309 4331 2563 4400 ἀλλήλοις
2599 4334 2862 4402 συνάψας,
2916 4335 3084 4404 ἤγουν
3125 4333 3224 4405 ὕλῃ
3260 4335 3355 4387 καὶΙ
3392 4335 3526 4388 είδει
3581 4353 3738 4405 προσ-

489 4443 546 4490 et
593 4434 769 4488 forma
811 4434 882 4488 ad
929 4432 1066 4502 legis
1101 4447 1225 4487 cum
1271 4447 1438 4486 carne
1482 4430 1828 4486 conﬂandam
1875 4445 2061 4485 neces-

2187 4423 2375 4487 πλέξας
2418 4423 2516 4494 τὴν
2548 4422 2800 4495 αἴσθησιν
2833 4425 2918 4478 διὰ
2939 4427 3038 4495 τὴν
3076 4425 3210 4498 πρὸς
3237 4425 3416 4495 σάρκα
3454 4424 3550 4478 τοῦ
3583 4426 3739 4494 νόμου

493 4524 798 4580 situdinem
858 4522 1189 4594 innectens)
1251 4522 1347 4591 qui
1423 4521 1539 4576 sola
1601 4521 1788 4575 littera
1846 4535 2068 4575 sensum

493 4615 941 4677 circumscribit,
997 4613 1273 4668 carnalem
1332 4613 1379 4667 is
1431 4611 1655 4682 quidem
1705 4612 1962 4666 allectum
2007 4629 2071 4668 ac

493 4708 782 4763 libidinem
839 4705 1038 4771 ellicit;
1085 4713 1141 4760 at
1178 4704 1462 4758 naturales
1517 4702 1762 4757 rationes
1813 4717 2068 4759 corrum-

492 4797 592 4868 pit.

567 4890 653 4944 16.
709 4889 914 4945 Vitium
968 4886 1084 4958 (seu
1148 4883 1354 4956 passio)
1410 4893 1468 4939 et
1524 4892 1724 4939 natura
1762 4887 2067 4942 secundum

492 4982 744 5038 eamdem
791 4980 1011 5037 essendi
1053 4978 1325 5032 rationem
1370 4977 1515 5032 inter
1557 4991 1617 5031 se
1661 4977 1806 5033 haud
1855 4982 2070 5035 coexsi-

493 5062 666 5110 stunt.

566 5143 654 5196 17.
693 5141 795 5197 Cui
825 5157 938 5195 non
981 5140 1165 5194 animo
1219 5153 1545 5208 persuasum
1602 5153 1686 5198 est
1726 5145 2071 5216 Scripturam

493 5237 799 5308 spiritalem
843 5249 988 5301 esse,
1023 5248 1130 5303 qua
1182 5231 1416 5299 laborat,
1469 5251 1579 5290 non
1610 5240 1779 5293 sentit
1825 5239 2071 5295 scientiae

492 5339 812 5402 egestatem.

566 5420 651 5473 18.
675 5419 813 5474 Cum
837 5419 1030 5482 David,
1063 5419 1381 5476 Judmorum
1413 5438 1577 5477 sensu
1603 5431 1665 5476 ut
1691 5423 1866 5493 legem
1906 5425 2070 5495 signi-

498 5510 642 5575 ficet,
671 5511 932 5576 sumitur,
965 5513 1160 5580 sprcn'o
1197 5514 1442 5566 nominis
1485 5524 1668 5584 ctymo
1715 5516 1939 5578 dicitur,
2000 5517 2070 5569 ob
2124 5503 2130 5508 ’

500 5602 774 5654 carnalem
797 5600 1109 5654 divinorum
1125 5601 1497 5672 legitimorum
1523 5604 1908 5660 traditionem:
1945 5621 2070 5661 cum

491 5697 630 5752 ,νει-υ
652 5689 974 5744 Christiano
996 5690 1108 5743 ritu
1140 5692 1402 5760 spiritum
1424 5694 1714 5763 significat,
1751 5697 1905 5765 fortis
1955 5700 2071 5752 visu

2174 4514 2451 4582 σύστασιν,
2469 4517 2497 4568 ὁ
2515 4521 2672 4587 μόνον
2693 4517 2784 4570 τὸν
2807 4516 2931 4570 νοῦν
2952 4517 3310 4588 περιγράφων
3335 4515 3415 4587 τῷ
3437 4517 3739 4587 γράμματι,

2170 4606 2231 4658 τὸ
2263 4607 2361 4676 μὲν
2394 4609 2655 4679 σαρκικὺν
2689 4608 2858 4672 πάθος
2896 4610 3152 4662 ἀποτελεῖ
3189 4625 3202 4637 ·
3234 4610 3363 4672 τοὺς
3398 4609 3456 4661 δὲ
3487 4609 3739 4677 (pus-.105;

2170 4696 2473 4770 διαφθείρει
2503 4698 2708 4768 λόγους.

2247 4885 2342 4942 ις’.
2383 4879 2504 4932 Ὅτι
2539 4877 2707 4943 πάθος
2734 4881 2828 4934 καὶ
2880 4881 3043 4948 φύσις
3075 4879 3219 4934 κατὰ
3249 4880 3338 4935 τὸν
3368 4880 3466 4935 τοῦ
3493 4878 3633 4934 εἶναι
3656 4879 3739 4933 ὶδ-

2173 4986 2291 5038 γον,
2319 4971 2571 5042 οὐδαμῶς
2595 4969 2848 5044 ἀλλήλοις
2876 4974 3305 5044 συνυπάρχουσι.
3373 4975 3378 4978 ’

2187 5153 2194 5159 “
2247 5143 2332 5209 ιζ’.
2381 5144 2441 5198 '0
2487 5143 2560 5215 μὴ
2612 5145 2918 5210 πιστεύων,
2972 5148 3144 5217 φησὶ,
3179 5147 3278 5218 τὴν
3330 5148 3556 5220 Γραφὴν
3612 5144 3742 5200 εἶναι

2174 5238 2576 5309 πνευματικὴν,
2615 5239 2716 5310 τὴν
2762 5240 2970 5294 οἰκείαν
3005 5240 3148 5294 κατὰ
3177 5241 3276 5311 τὴν
3319 5241 3523 5311 γνῶσιν
3563 5241 3737 5292 πενίαν

2170 5333 2272 5386 οὐκ
2298 5333 2632 5386 αἰσθάνεται.

2254 5432 2342 5495 ιη’.
2376 5426 2568 5489 Ὅταν,
2599 5427 2785 5498 φησιν,
2826 5429 2854 5479 ὁ
2893 5426 3059 5479 Δαδὶδ
3089 5429 3168 5490 εἰς
3201 5427 3293 5478 τὸν
3332 5428 3499 5496 νόμον
3536 5424 3734 5496 λαμίέ-

2172 5533 2346 5581 νεται,
2372 5518 2492 5569 κατ’
2535 5517 2842 5582 Ἰουδαίους,
2873 5520 2933 5570 τὸ
2968 5519 3202 5590 γράμμα
3231 5518 3427 5589 δηλῶν,
3454 5517 3735 5589 ἑρμηνεὺεο

2171 5626 2262 5663 ται
2294 5610 2714 5677 ἐξουδένωσις,
2732 5610 2824 5664 διὰ
2843 5611 2938 5681 τὴν
2966 5612 3102 5682 πρὸς
3128 5614 3306 5681 σάρκα
3334 5611 3444 5664 τῶν
3469 5610 3630 5665 θείων
3659 5626 3737 5659 νου

2175 5701 2356 5772 μίμων
2386 5703 2683 5773 παράδοσιν
2714 5719 2726 5732 ο
2762 5704 2899 5757 κατὰ
2938 5705 2992 5756 δὲ
3032 5705 3393 5773 Χριστιανοὺς
3430 5704 3494 5755 τὸ
3535 5703 3739 5772 πνεῦμα
