3932 6326
195 326 308 392 ΤΠ

1236 306 1726 389 ΟΗῘΕΞΤΙΟΝΕΞ
1765 317 1866 376 AD
1901 319 2406 383 THA‘LA’SSIUM.

3343 318 3450 380 778

201 430 508 503 σημαίνων,
525 425 892 497 ’ἑρμηνεύεται
927 423 1143 495 ίσχυρδς
1159 424 1376 495 ἠράσει,
1394 425 1484 478 διὰ
1510 425 1610 492 τὴν
1637 421 1779 478 κατὰ

1901 425 2070 481 eodem
2101 429 2371 495 reddi-tur,
2405 429 2476 483 ob
2500 428 2806 499 spiritalem
2831 436 3015 483 mente
3039 429 3281 483 scientiae
3311 442 3448 482 con-

201 522 332 575 νοῦν
358 518 594 587 θεωρίαν
637 515 736 585 τῆς
763 514 1043 582 γνώσεως.

268 611 368 665 νιθ¹.
402 595 594 678 Ψυχὴν
621 610 721 678 τῆς
745 607 967 677 Γραφῆς
993 603 1210 669 εἷπε,τὸ
1239 605 1456 676 πνεῦμα
1477 621 1492 637 ο
1511 604 1670 675 σῶμα
1701 605 1778 668 δὲ,

202 707 270 760 τὺ
299 706 554 776 γράμμα.

278 804 347 851 κ’.
386 797 525 858 Τοὺς
553 795 701 864 τρεῖς
725 793 1005 854 ἐνιαυτοὺς
1027 790 1200 858 λέγει,
1227 789 1354 852 τοὺς
1387 791 1534 858 τρεῖς
1558 787 1777 856 νόμους,

198 887 298 938 τόν
326 902 385 938 τε
411 884 658 954 γραπτὸν
679 922 693 946 ,
725 881 818 933 καὶ
845 880 938 931 τὸν
982 879 1231 947 φυσικὸν,
1267 877 1360 930 καὶ
1405 877 1496 929 τὸν
1536 875 1778 947 χάριτος,

205 978 506 1047 ἐχομένους
542 973 812 1043 ἀλλήλων.
857 973 918 1024 'U
964 971 1142 1023 τοίνυν
1192 971 1283 1022 τὸν
1325 969 1568 1039 γραπτὸν
1619 967 1782 1036 νόμον

195 1067 498 1138 λαμϐάνων
525 1064 874 1134 σωματικῶς,
899 1065 1120 1133 ἀρεταῖς
1144 1062 1243 1131 τὴν
1257 1060 1446 1130 ’ψυχὴν
1475 1061 1535 1112 οὐ
1569 1057 1781 1128 διατρέ-

191 1176 301 1228 -φει
326 1174 340 1189 ·
376 1161 470 1211 καὶ⁵
500 1158 529 1209 ὁ
559 1159 672 1219 τοῖς
692 1155 869 1222 λόγοις
889 1153 998 1206 τῶν
1031 1153 1201 1206 ὄντων
1227 1152 1334 1204 οὐκ
1365 1149 1689 1214 ἐπιϐάλλων,
1711 1150 1778 1219 τῇ

204 1250 431 1321 ποικίλῃ
462 1248 555 1302 τοῦ
592 1247 729 1300 Θεοῦ
765 1245 926 1316 σοφίᾳ
969 1246 1063 1298 τὸν
1096 1245 1228 1298 -νοῦν
1261 1245 1361 1313 οὐχ
1389 1243 1543 1312 ἑστιᾷ
1575 1239 1780 1310 φιλοτί-

198 1357 364 1412 μμως·
398 1339 620 1393 και-ὀτδ
657 1338 798 1408 μέγα
851 1336 951 1408 τῆς
1004 1335 1202 1404 καινῆς
1254 1337 1473 1404 χάριτος
1513 1334 1588 1402 μὴ
1621 1335 1782 1400 γινὼ-

1880 516 2287 573 siderationem.

1954 606 2044 660 19.
2070 607 2324 662 Animam
2355 609 2650 679 Scriptura:
2678 610 2927 680 spiritum
2963 610 3253 679 appellavit
3278 627 3292 676 ;
3335 623 3450 664 cor-

1870 711 1984 764 pus
2011 711 2165 762 vero,
2195 699 2413 752 vocavit
2447 699 2706 754 litteram.

1948 786 2038 840 20.
2065 787 2253 842 Annos
2290 798 2419 853 tres,
2455 799 2568 844 tres
2583 799 2745 844 vocat
2771 792 2936 860 leges,
2982 790 3263 858 scriptam,
3291 797 3454 842 natu-

1873 875 2054 930 ralem
2083 884 2141 931 et
2163 879 2373 946 gratiae,
2405 878 2512 932 sibi
2544 879 2679 934 alias
2719 880 2842 934 aliis
2889 880 3199 934 continuas.
3229 879 3448 947 Itaque,

1879 966 1929 1020 is
1950 968 2044 1034 qui
2066 967 2242 1038 legem
2271 970 2530 1038 scriptam
2559 970 2831 1039 corporali
2858 972 3068 1024 ratione
3085 971 3304 1039 accipit,
3333 971 3453 1023 ani-

1870 1071 2022 1111 mam
2055 1058 2354 1114 virtutibus
2385 1076 2495 1114 non
2518 1061 2632 1116 alit.
2657 1061 2760 1127 Qui
2777 1062 2906 1117 item
2929 1062 3240 1117 rationibus
3265 1078 3448 1117 rerum

1881 1150 2126 1203 animum
2162 1166 2274 1206 non
2292 1152 2550 1218 attendit,
2572 1153 2728 1207 varia
2747 1153 2844 1207 Dei
2879 1155 3162 1224 sapientiae
3210 1167 3452 1211 mentem

1871 1241 2175 1297 ambitiose
2201 1258 2311 1297 non
2337 1245 2556 1313 accipit.
2590 1244 2693 1311 Qui
2719 1245 2956 1314 denique
2990 1261 3244 1316 magnum
3295 1264 3452 1302 novae

1874 1332 2071 1401 gratia:
2099 1347 2210 1386 non
2243 1336 2399 1389 novit
2427 1338 2770 1406 mysterium,
2821 1352 2929 1391 non
2967 1338 3179 1391 exsulat
3213 1353 3276 1393 ea
3330 1354 3448 1408 spe.

194 1450 360 1486 ισκων
390 1431 688 1501 μυστήριον
710 1469 726 1494 ,
756 1431 823 1499 τῇ
857 1427 1035 1480 ἐλπίδι
1073 1427 1171 1496 τῆς
1204 1425 1503 1496 μελλούσης
1532 1422 1780 1486 θεῶσεως

1901 1424 2028 1491 ιιιοά
2052 1424 2385 1481 imbuendus
2411 1427 2616 1481 deitate
2645 1428 2926 1499 si'thitur
2951 1429 3215 1498 spiritalis
3252 1447 3450 1500 specu-

195 1522 313 1576 οὐκ
332 1521 644 1590 ἀγάλλεται.
677 1517 884 1572 Ούκοῦν
908 1519 948 1588 ,ὴ
977 1516 1209 1585 ἔλλειψις
1235 1517 1332 1585 τῆς
1362 1514 1502 1568 κατὰ
1527 1513 1616 1566 τὸν
1647 1528 1783 1581 γρα-

209 1613 349 1665 πτὸν
370 1612 531 1680 νόμον
558 1609 935 1680 πνευματικῆς
955 1608 1188 1679 Θεωρίας
1233 1606 1348 1676 ἔχει
1388 1604 1780 1674 παρεπομένην

194 1703 352 1774 ταύτῇ
382 1702 482 1772 τὴν
503 1701 707 1755 ἔνδειαν
734 1701 832 1772 τῆς
862 1699 1004 1754 κατὰ
1051 1699 1141 1752 τὸν
1175 1698 1402 1768 φυσικὸν
1436 1698 1599 1766 νόμον
1629 1711 1781 1748 νοου-

1882 1512 2103 1568 lationis
2132 1530 2234 1584 pro
2280 1515 2417 1586 legis
2455 1518 2674 1586 scripta
2712 1517 2925 1572 ratione
2975 1518 3216 1574 defectui
3267 1535 3454 1575 comes

1873 1611 1987 1669 est,
2020 1605 2182 1660 variae
2206 1607 2302 1660 Dei
2326 1608 2628 1676 sapientiae,
2655 1624 2756 1677 pro
2771 1609 2907 1680 legis
2942 1611 3209 1665 naturalis
3241 1611 3453 1666 ratione

1885 1695 2198 1760 intellectae,
2229 1698 2489 1766 penuria;
2536 1714 2699 1767 quam
2726 1700 2953 1754 omnino
3002 1710 3266 1770 sequatur
3314 1718 3455 1772 pra:-

201 1769 382 1864 μένης
405 1769 653 1863 ποικίλης
675 1769 864 1862 σοφίας
891 1790 985 1844 τοῦ
1009 1791 1166 1856 Θεοῦ,
1188 1790 1530 1862 ὲφεπομὲνην
1554 1787 1782 1857 ἔχουσαν

1901 1794 2066 1841 stante
2099 1787 2464 1843 deiﬂeationis
2488 1788 2819 1858 ignorantia,
2866 1805 2970 1859 pro
3020 1769 3146 1845 nevi
3203 1769 3451 1862 mystcrii

196 1884 314 1954 -τῆς
344 1885 483 1938 κατὰ
516 1884 578 1938 τδ
625 1883 808 1938 καινὸν
857 1885 1155 1952 μυστήριον
1195 1881 1378 1953 χάριτι
1418 1879 1783 1949 δοθησομένης

195 1974 463 2036 ’θεώσεως
494 1975 710 2038 πάντως
731 1974 831 2042 τὴν
869 1967 1115 2041 ἄγνοιαν.

284 2073 392 2120 κα’.
432 2067 492 2119 '0
524 2063 908 2136 πνευματικῶς
943 2063 1016 2134 μὴ
1041 2062 1176 2116 νοῶν
1199 2062 1289 2116 τὸν
1309 2061 1491 2132 νόμον,
1516 2060 1620 2114 κᾶν
1645 2063 1784 2114 ἀπο-

197 2153 446 2209 ιθανόντα
471 2153 570 2225 ἔχῃ
601 2154 694 2206 τὸν
726 2153 892 2222 νόμον
925 2151 1012 2204 διὰ
1042 2149 1102 2203 τὸ
1153 2149 1230 2221 μὴ
1275 2150 1556 2220 λατρεύειν
1598 2164 1785 2219 σωμα-

208 2243 402 2309 τικῶς,
421 2243 556 2296 ἀλλὰ
579 2243 648 2297 τὰ
679 2240 994 2312 χαμαίζηλα
1029 2241 1144 2310 ἔχει
1177 2239 1273 2292 τοῦ
1298 2239 1464 2309 νόμου
1497 2240 1743 2309 νοήματα
1766 2254 1782 2270 '

206 2335 285 2388 τὰ
307 2335 480 2389 ,τέκνα
501 2334 595 2386 τοῦ
621 2333 799 2387 Σαοὺλ
829 2332 1082 2403 περιέπει
1108 2331 1202 2385 καὶ
1231 2329 1300 2384 τὰ
1339 2329 1538 2399 ἔκγονα
1555 2345 1570 2361 ⁸
1597 2329 1678 2383 διὸ
1707 2329 1784 2402 τῷ

204 2427 359 2497 λιμῷ
380 2426 475 2496 τῆς
496 2424 750 2494 γνώσεως
779 2424 1148 2495 βασανίζεται.

282 2517 396 2588 κβ’.
439 2517 648 2587 Ὥσπερ
693 2514 753 2568 τὸ
805 2515 1101 2586 πρόσωπον
1140 2513 1639 2586 χαρακηριστικόν
1667 2513 1784 2566 ἐστι

204 2605 309 2660 τοῦ
359 2605 479 2660 καθ’
518 2606 748 2660 ἕκαστον
781 2620 796 2637 ο
821 2602 965 2657 οὓτω
1007 2602 1102 2657 καὶ
1138 2605 1170 2674 η
1204 2602 1553 2674 πνευματικὴ
1585 2602 1786 2670 γνῶσις

203 2693 534 2765 ἑμφατικῶς
559 2694 954 2766 χαρακτηρίζει
995 2691 1056 2746 τό
1086 2693 1243 2745 Θεῖον
1263 2707 1277 2722 ·
1307 2695 1373 2763 ἢν
1399 2694 1426 2744 ὁ
1447 2692 1634 2761 «ζητῶν
1652 2729 1669 2756 ,
1699 2691 1786 2744 λέ-

206 2801 374 2854 γεται
399 2787 582 2856 ζητεῖν
607 2785 670 2837 τὸ
691 2785 984 2856 πρόσωπον
1013 2785 1240 2854 Κυρίου.

285 2966 392 3034 κγ’.
437 2967 526 3030 Ὡς
563 2965 813 3035 ἰσχυρὸς
839 2965 1068 3034 ὁράσει,
1095 2964 1190 3018 καὶ
1217 2967 1367 3029 νοῦς
1385 2962 1733 3031 -ὃτορατικύς
1757 2969 1785 3021 ὁ

201 3057 380 3112 Δαϐὶδ
409 3055 788 3128 ἑρμηνεύεται.

286 3147 384 3202 κδ’.
433 3149 491 3200 '0
519 3147 1035 3218 κατασαρκούμενος
1061 3146 1203 3200 κατὰ
1229 3147 1291 3200 τὸ
1313 3147 1548 3218 γράμμα
1575 3145 1671 3200 τοῦ
1701 3144 1786 3199 νό-

207 3257 322 3311 μου
346 3233 468 3303 ταῖς
494 3240 740 3310 ὲναίμοις
761 3240 994 3306 θυσίαις,
1020 3239 1362 3312 ποθουμένην
1396 3241 1619 3311 ἄγνοιαν
1648 3240 1783 3311 ἔχει,

211 3333 353 3402 πρὸς
382 3333 551 3403 μόνην
600 3333 798 3403 σαρκὸς
843 3334 1037 3405 ἡδονὴν
1077 3333 1177 3406 τὴν
1231 3333 1452 3406 ἐντολὴν
1494 3335 1784 3406 ἐκδεχόμε-

201 3441 324 3487 νος·
903 3459 906 3462 λ

286 3520 387 3569 κε’.
429 3513 486 3568 '0
534 3515 632 3584 μὲν
689 3514 1035 3584 σωματικῶς,
1075 3515 1245 3585 φησὶ,
1279 3514 1422 3567 κατὰ
1477 3515 1642 3585 νόμον
1686 3514 1784 3566 λα·

209 3607 470 3678 τρεύων,
506 3606 754 3675 καθάπερ
800 3606 930 3676 ὃλην
981 3607 1148 3676 γεννᾷ
1195 3604 1294 3675 τὴν
1349 3608 1470 3658 κατ’
1505 3605 1784 3677 ἐνέργειαν

201 3694 534 3766 ἁμαρτίαν
563 3693 658 3748 καὶ
697 3693 780 3756 ὼς
829 3689 992 3756 εἶδος,
1029 3692 1130 3764 τὴν
1172 3694 1260 3746 ἐπ’
1289 3695 1427 3764 αὐτῇ
1473 3694 1614 3746 κατὰ
1660 3694 1784 3746 νοῦ-ν

215 3783 612 3854 συγκατάθεσιν
651 3785 770 3847 ταῖς
828 3783 1159 3855 προσφόροις
1187 3784 1406 3855 ἡδοναῖς
1450 3784 1559 3836 τῶν
1592 3785 1786 3855 αἰσθήο

215 3891 356 3928 σεων
407 3873 603 3935 ὑλικῶς
632 3872 1036 3926 διαπλάττεται.
1077 3873 1136 3949 ’ρ
1159 3873 1215 3925 δὲ
1261 3873 1650 3942 πνευματικῶς
1681 3875 1783 3945 τὴν

206 3963 438 4036 Γραψὴν
486 3963 853 4034 ἐκδεχόμενος,
885 3962 962 4026 ὡς
1006 3963 1105 4033 μὲν
1147 3962 1300 4032 ὓλην,
1325 3965 1423 4032 τὴν
1455 3963 1737 4035 ἐνέργειαν
1765 3979 1780 3996 ο

202 4057 292 4118 ὡς
342 4051 479 4117 εἶδος
505 4055 582 4121 δὲ,
613 4055 711 4123 τῆς
758 4053 1032 4126 ἁμαρτίας
1065 4054 1164 4126 τὴν
1206 4055 1601 4123 συγκατάθεσιν
1645 4055 1782 4125 μετὰ

208 4147 324 4202 τῶν
371 4147 511 4200 κατὰ
553 4147 900 4217 παράχρησιν
933 4147 1069 4219 πρὸς
1111 4148 1305 4217 ἡδονὴν
1349 4147 1448 4218 τῆς
1477 4146 1783 4217 αἰσθήσεως

209 4239 432 4311 τρόπων
455 4278 468 4303 ,
499 4238 574 4300 ὡς
613 4239 764 4300 -υίοὺς
805 4239 898 4290 καὶ
943 4238 1165 4301 υἱωνοὺς
1202 4238 1296 4292 τοῦ
1345 4237 1568 4308 νομικοῦ
1605 4237 1783 4308 γράμ-

214 4344 387 4398 ματος
427 4326 646 4379 θανατοί
695 4326 780 4379 διὰ
823 4327 932 4380 τῶν
975 4327 1219 4395 φυσικῶν
1271 4328 1546 4399 λογισμῶν
1593 4329 1651 4382 ὲν
1704 4325 1782 4396 τῷ

209 4423 342 4492 ὕψει
364 4424 462 4494 τῆς
488 4421 744 4493 θεωρίας.

284 4522 400 4580 κς¹.
436 4517 557 4570 Ὀτι
582 4517 748 4590 χωρὶς
776 4514 1010 4584 φυσικῆς
1040 4511 1293 4584 θεωρίας,
1315 4509 1489 4573 οὐδεὶς
1516 4510 1612 4579 τὴν
1645 4508 1779 4577 πρὸς

209 4611 281 4670 τὰ
311 4610 429 4665 θεῖα
459 4610 566 4663 τῶν
596 4610 835 4681 νομικῶν
867 4606 1150 4678 συμϐόλων
1181 4604 1500 4673 ἀπέμφασιν
1528 4601 1781 4672 διαγινώσ-

214 4720 359 4757 σκει.

283 4793 388 4858 κζ’.
422 4795 494 4846 Τὸ
533 4792 815 4863 ὲξηλιάσαι
856 4791 1130 4860 νενόηκεν,
1165 4788 1284 4842 ἀντὶ¹
1338 4786 1432 4840 τοῦ
1467 4783 1780 4856 φανερῶσαι

207 4885 356 4941 κατὰ
383 4885 443 4938 τδ
467 4884 597 4954 ὕψος
635 4885 734 4954 τῆς
764 4883 996 4952 θεωρίας
1031 4882 1092 4934 τὸ
1118 4882 1354 4952 γράμμα
1377 4877 1471 4932 τοῦ
1501 4875 1664 4946 νόμου
1690 4893 1779 4929 νε-

206 4980 368 5051 κρὸν,
397 4977 483 5031 διὰ
503 4977 603 5048 τῆς
631 4979 688 5030 ὲν
721 4975 993 5046 πνεύματι
1037 4972 1310 5042 γνώσεως.
1641 4975 1644 4978 ’

282 5163 392 5228 κη’.
425 5155 612 5228 Ὅριον
649 5153 865 5225 Ἰσραὴλ
895 5152 1140 5222 νενόηκε,
1177 5149 1353 5203 πάντα
1395 5149 1553 5217 λόγον
1595 5165 1654 5200 τε
1689 5147 1783 5200 καὶ

205 5249 412 5321 τρόπον
437 5238 813 5316 πνευματικῆς
839 5243 1066 5315 θεωρίας
1100 5260 1115 5274 ·
1150 5245 1205 5295 εν
1230 5235 1274 5309 ᾧ
1308 5241 1501 5311 στῆναι
1535 5241 1596 5293 ού
1621 5239 1783 5293 δύνα-

205 5360 300 5398 ται
333 5339 614 5404 παντελῶς
644 5340 677 5410 ή
701 5337 985 5409 σωματικὴ
1015 5337 1107 5392 τοῦ
1139 5337 1303 5405 νόμου
1352 5333 1672 5408 παράδοσις.

283 5515 389 5571 κθ’.
422 5517 496 5569 Τὸ
549 5517 646 5586 μὲν
680 5516 934 5584 πνεῦμα,
963 5515 1129 5584 φησὶ,
1179 5513 1324 5583 ζωῆς
1371 5512 1606 5582 ὑπάρχει
1649 5529 1788 5584 παρ-

207 5609 466 5666 ικτικὸν⁹
507 5609 568 5660 τὸ
607 5608 662 5660 δὲ
712 5608 946 5676 γράμμα
970 5605 1157 5675 ,ζωῆς
1206 5605 1355 5656 ἐστιν
1411 5601 1783 5672 ἁφαιρετικόν.

209 5698 428 5764 οὐκοῦν
453 5697 515 5751 οὐ
544 5697 768 5749 δύναται
797 5696 891 5748 καὶ
916 5697 974 5749 τὸ
1005 5695 1239 5765 γράμμα
1273 5693 1537 5764 πράττειν
1566 5693 1708 5749 κατὰ
1727 5695 1790 5749 τὸ

547 5790 818 5850 Panos.
850 5787 966 5846 (is.
1010 5786 1131 5848 XC.

1883 1879 2070 1948 gratiae
2095 1894 2349 1934 munere.

1949 2059 2175 2125 2t.Qui
2214 2073 2325 2114 non
2374 2058 2700 2129 spiritaliter
2725 2059 2898 2128 legem
2948 2058 3227 2130 intelligit,
3281 2076 3455 2130 quan-

1882 2166 2045 2222 quam
2063 2160 2336 2206 mortuam
2366 2151 2542 2221 legem
2592 2151 2814 2217 habeat,
2859 2166 2926 2205 ea
2975 2152 3190 2206 scilicet
3238 2155 3454 2208 ratione

1882 2241 2029 2312 quod
2052 2242 2412 2311 corporaliter
2443 2257 2553 2297 non
2588 2242 2800 2306 servit;
2855 2243 3083 2297 humilia
3107 2250 3286 2298 tamen
3319 2245 3456 2314 legis

1884 2333 2088 2404 uensa(
2119 2332 2304 2388 Saulis
2330 2333 2473 2387 ﬁlios
2505 2341 2562 2386 et
2602 2331 2849 2403 nepotes)
2876 2333 3036 2398 colit;
3070 2349 3136 2386 ex
3169 2349 3278 2402 quo
3325 2348 3454 2388 eum

1883 2426 2026 2480 fame
2050 2425 2294 2479 scientiae
2329 2424 2577 2493 torqueri
2603 2424 2892 2494 contingit.

1952 2517 2042 2571 22.
2068 2515 2542 2582 Quemadmodum
2579 2515 2746 2570 facies
2769 2516 3014 2586 singulos
3029 2531 3277 2586 quosque
3307 2516 3458 2570 velut

1883 2615 2014 2660 nota
2036 2607 2262 2676 propria
2293 2605 2582 2674 distinguit
2606 2611 2770 2673 atque
2801 2604 3063 2674 insignit;
3094 2605 3174 2658 sic
3205 2613 3261 2658 et
3290 2603 3421 2674 spiri
3441 2635 3456 2646 -

1886 2697 2014 2751 talis
2039 2697 2292 2753 scientia.
2327 2695 2472 2765 quod
2503 2695 2748 2749 divinum
2771 2704 2858 2749 est
2892 2711 3149 2764 expresse
3205 2696 3458 2766 obsignat

1892 2803 1954 2844 ac
1981 2797 2365 2858 repraesentat;
2401 2804 2563 2857 quam
2602 2787 2693 2856 qui
2743 2786 2959 2856 qumrit,
3006 2787 3220 2840 Domini
3259 2786 3455 2841 faciem

1887 2895 2134 2949 qurerere
2160 2879 2381 2933 dicitur.
3486 2860 3492 2867 ’

1962 2970 2053 3024 25.
2096 2971 2283 3034 David,
2308 2971 2352 3025 si
2386 2986 2583 3024 nomen
2620 2969 3018 3037 interpreteris,
3050 2976 3261 3040 aspectu
3287 2969 3458 3038 fortis,

1891 3077 1954 3117 ac
1975 3079 2118 3116 mens
2134 3063 2406 3133 perspicax
2429 3059 2651 3116 dicitur.

1962 3155 2051 3208 ει.
2078 3153 2181 3220 Qui
2204 3170 2270 3208 ex
2293 3154 2518 3223 scriptae
2543 3153 2677 3222 legis
2699 3152 2912 3206 ratione
2963 3152 3211 3205 cruentis
3262 3151 3459 3205 hostiis

1889 3246 2124 3300 carnalis
2148 3245 2384 3308 exsistit,
2411 3232 2773 3315 ignorantiam
2810 3252 2958 3296 amat
3007 3258 3070 3296 ac
3097 3243 3324 3312 expetit,
3363 3242 3458 3311 qui

1888 3347 2221 3410 praeceptum
2247 3350 2306 3394 ut
2331 3339 2397 3391 ad
2417 3339 2585 3392 solam
2618 3344 2831 3408 spectet
2861 3337 3046 3393 carnis
3096 3336 3458 3406 voluptatem,

1886 3434 2127 3502 exponit.

1956 3524 2046 3578 25.
2070 3522 2172 3591 Qui
2203 3521 2566 3592 corporaliter
2594 3538 2657 3576 ex
2686 3521 2823 3592 legis
2866 3523 3079 3577 ratione
3113 3525 3301 3588 servit,
3342 3532 3458 3578 latt-

1885 3631 2048 3688 quam
2087 3616 2393 3674 materiam,
2426 3623 2712 3684 peccatum
2736 3629 2904 3684 opere
2938 3615 3112 3685 gignit
3139 3633 3151 3668 :
3183 3626 3244 3670 ut
3269 3625 3458 3670 autem

1885 3709 2081 3772 forma,
2119 3708 2320 3762 mentis
2355 3708 2410 3760 in
2441 3707 2620 3776 ipsum
2647 3721 2940 3779 consensu,
3001 3707 3459 3762 convenientibus

1886 3814 2148 3854 sensuum
2197 3797 2472 3851 illecebris
2520 3797 2809 3851 formatur.
2851 3798 2941 3860 At,
2991 3798 3083 3865 qui
3132 3798 3457 3866 spiritaliter

1883 3891 2059 3960 legem
2095 3889 2281 3952 sumit,
2333 3895 2392 3940 ut
2423 3887 2644 3956 quidem
2693 3887 3000 3950 materiam,
3037 3889 3452 3957 Operationem;

1884 3988 1945 4032 ut
1979 3986 2162 4032 autem
2222 3976 2476 4041 formam,
2519 3975 2731 4044 peccati
2767 3990 3122 4040 consensum,
3187 3991 3291 4030 una
3328 3993 3454 4030 cum

1883 4086 2079 4126 sensus
2103 4068 2416 4122 libidinosis
2460 4083 2559 4137 per
2599 4067 2832 4120 abusum
2876 4066 3076 4130 modis,
3133 4067 3284 4122 velut
3317 4068 3455 4139 legis

1881 4157 2080 4211 litterae
2111 4156 2251 4210 ﬁlios
2278 4171 2344 4210 ac
2379 4165 2630 4227 nepotes,
2661 4171 2759 4225 per
2797 4156 3078 4211 naturales
3103 4157 3346 4212 rationes
3398 4159 3454 4212 in

1883 4247 2272 4318 speculationis
2291 4247 2400 4302 alto
2431 4248 2637 4303 vertice
2672 4247 2890 4305 occidit.

1949 4515 2039 4570 26.
2072 4508 2297 4582 Absque
2328 4511 2565 4567 naturali
2592 4512 2971 4582 speculatione
2999 4511 3269 4568 dissidere
3313 4529 3341 4566 a
3367 4513 3452 4569 tli-

1881 4601 2026 4656 vinis
2049 4600 2242 4671 legalia
2261 4599 2527 4672 symbola,
2560 4615 2722 4652 nemo
2753 4598 3046 4669 dignoscit.

1951 4779 2042 4834 27.
2128 4777 2210 4832 Ad
2273 4779 2445 4832 solem
2520 4777 2861 4847 suspendere
2899 4819 2914 4844 ,
2971 4777 3078 4831 hoc
3150 4778 3452 4847 intellexit;

1881 4879 2188 4925 emortuam
2249 4871 2462 4925 scilicet
2509 4869 2648 4939 legis
2704 4869 2947 4922 litteram
3007 4885 3106 4938 per
3166 4870 3452 4926 scientiam

1883 4964 1938 5016 in
1994 4964 2194 5033 spiritu
2249 4962 2600 5017 manifestare
2669 4962 2726 5015 in
2791 4960 3128 5016 sublimitate
3203 4963 3455 5030 specula-

1882 5054 2066 5109 tionis.

1977 5146 2065 5199 28.
2146 5146 2367 5200 lsraclis
2444 5144 2741 5199 terminum
2805 5145 3125 5210 intellexit,
3184 5147 3454 5202 rationem

1885 5253 2103 5292 onmem
2132 5239 2462 5308 modumque
2490 5237 2752 5307 spiritalis
2802 5237 3214 5306 speculationis,
3251 5240 3303 5293 in
3347 5256 3459 5309 quo

1885 5329 2186 5399 Corporalis
2222 5329 2376 5400 'lcgis
2429 5329 2655 5384 traditio
2715 5321 2940 5384 omnino
3001 5329 3303 5385 consistere
3361 5346 3459 5385 ne-

1887 5421 2028 5490 quit.
2065 5491 2067 5493 ι

1959 5513 2048 5568 29.
2089 5510 2324 5581 Spiritui
2351 5512 2574 5581 quidem
2607 5527 2674 5567 ex
2721 5511 2906 5566 indole
2937 5519 3111 5566 estut
3153 5511 3318 5565 vitam
3358 5511 3460 5564 tri-

1888 5607 2059 5668 buat;
2102 5604 2298 5658 litterae
2321 5619 2478 5668 vero,
2525 5612 2586 5658 ut
2642 5619 2761 5659 eam
2798 5604 3021 5658 adimat.
3051 5603 3169 5658 Non
3199 5618 3329 5673 ergo
3370 5617 3460 5656 se-

1888 5697 2130 5754 cundum
2164 5694 2309 5750 idem
2345 5697 2527 5752 littera
2555 5705 2610 5751 et
2630 5696 2856 5766 spiritus
2891 5693 3108 5766 operari
3145 5695 3364 5760 valent;
3401 5702 3462 5750 ut

3055 5787 3136 5856 25
