3932 6326
513 265 622 334 779

1685 264 1744 322 s.
1785 244 2084 323 MAXtMI‘
2107 264 2612 326 conressoms

3651 270 3775 336 ’τεο

517 396 696 452 neque
725 379 872 451 quod
906 379 1074 434 vitam
1116 375 1313 432 tribuit
1334 385 1388 431 et
1412 374 1558 446 quod
1587 375 1810 446 perimit
1834 392 1942 431 una
1961 391 2087 448 pos-

2201 379 2346 442 ιὺτσ,
2380 379 2565 433 καὶτὸ
2598 376 2817 450 πνεῦμα
2851 395 2864 410 ο
2902 379 3092 451 ῶσπερ
3119 379 3243 434 οὐδὲ
3285 381 3347 435 τὸ
3382 379 3657 447 {man
3695 381 3774 452 τῷ

517 481 646 528 sunt
669 472 950 527 exsistere.

579 564 674 619 30.
707 560 1062 632 Praaputium,
1095 559 1228 630 quid
1263 559 1514 614 naturale
1547 569 1650 616 est.
1691 561 1966 632 Quidquid
1991 578 2090 616 au-

516 665 625 710 tem
650 665 736 709 est
766 656 1035 718 naturale,
1066 652 1266 707 divinae
1301 651 1602 720 crcationis
1641 667 1783 722 opus
1809 662 1913 707 est.
1937 653 2089 724 Opus

518 744 947 798 autem'divinaa
975 741 1293 807 creationis,
1345 743 1511 796 etiam
1571 742 1730 798 valde
1769 742 1976 797 bonum
2023 759 2088 798 ac

515 834 807 903 pulchrum
841 843 944 898 est,
972 835 1127 904 juxta
1170 849 1385 898 vocem,
1431 850 1554 903 quae
1592 834 1672 888 ait
1704 851 1719 886 :
1775 833 1910 888 Vidit
1947 833 2088 888 Deus

515 934 706 980 cuncta
738 942 856 996 qua:
894 925 1060 996 298
1084 926 1307 994 fecerat,
1351 934 1400 978 et
1438 941 1554 978 ecce
1607 925 1744 979 bona
1779 924 1952 991 valde,
1983 940 2084 981 seu

515 1019 738 1090 pulchra
760 1017 828 1071 ’°.
853 1018 965 1074 Lex
985 1025 1190 1082 autem,
1223 1033 1348 1073 cum
1371 1018 1525 1071 velut
1576 1016 1942 1081 immundum,
1987 1030 2087 1086 per

516 1109 1020 1173 circumcisionem,
1076 1108 1404 1179 praeputium
1448 1107 1843 1178 amputandum
1874 1108 2086 1179 iubeat,

462 1197 482 1207 '
515 1203 687 1255 Deum
725 1216 865 1271 opus
894 1215 1054 1255 suum
1085 1207 1202 1254 arte
1225 1199 1606 1254 emendantem
1655 1198 1902 1265 inducit;
1940 1199 2089 1268 quod

516 1293 603 1347 vel
640 1292 880 1362 cogitatu
912 1291 1298 1361 impiissimum
1325 1298 1430 1346 est.
1486 1291 1661 1360 igitur
1693 1290 1788 1359 qui
1821 1290 2089 1360 legalibus

517 1385 688 1457 signis
717 1393 908 1438 natura
929 1385 1170 1439 animum
1185 1382 1430 1442 adhibet,
1452 1381 1557 1436 hoc
1577 1381 1749 1445 novit,
1767 1381 1960 1444 Deum,
1977 1395 2089 1435 non

481 1471 489 1479 ’
517 1485 634 1531 arte
666 1477 958 1531 emendare
988 1485 1258 1540 naturam,
1284 1475 1381 1530 sed
1414 1473 1605 1545 iubere
1635 1480 1695 1527 ut
1719 1481 1928 1542 partem
1951 1471 2086 1528 ασθ-

519 1569 700 1624 etibus
715 1569 1027 1632 obnoxiam,
1045 1583 1168 1638 qua:
1190 1567 1386 1623 rationi
1404 1572 1579 1636 paret,
1593 1565 2084 1630 circumcidamns;

521 1661 680 1730 cujus
716 1660 769 1714 id
795 1647 1105 1714 membrum
1160 1658 1332 1728 ﬁgura
1380 1665 1485 1712 est.
1523 1656 1676 1710 llanc
1730 1655 1996 1721 scientiae,
2027 1661 2089 1708 ut

2190 468 2500 540 φθοροποιῷ
2539 470 2894 542 συνυπάρχει.

2260 562 2325 615 λ’.
2361 563 2594 616 Φυσικὸν
2635 563 2668 631 ἡ
2691 562 3049 634 ἀκροϐυστία,
3085 563 3241 634 φησι·
3267 565 3376 616 πᾶν
3397 563 3459 615 δὲ
3505 564 3771 631 φυσικὸν,

2191 651 2341 715 Θείας
2369 651 2531 723 ἔργον
2557 652 2921 723 δημιουργίας
2947 653 3116 707 ἐστίν.
3142 654 3300 706 Ἐστι
3335 654 3392 706 δὲ
3420 653 3578 717 θείας
3599 654 3774 724 ιργον

2189 742 2551 814 δημιουργίας
2605 743 2702 798 καὶ
2747 743 2865 797 λίαν
2915 744 3102 808 καλὸν,
3135 744 3278 798 κατὰ
3318 746 3420 816 τὴν
3451 746 3775 815 φάσκουσαν

2191 836 2374 906 φωνήν
2399 851 2412 864 ·
2451 831 2630 889 EBG?
2661 838 2695 890 ὁ
2726 836 2870 901 Θεὸς
2911 835 3112 890 πάντα
3169 836 3289 890 ὅσα
3344 837 3638 905 ἐποίησε,
3673 840 3770 890 καί

2191 924 2321 980 ίδοὺ
2352 925 2510 980 καλὰ
2533 926 2694 980 λίαν.
2755 927 2899 980 Ὀ-δὲ
2942 927 3140 996 νόμος,
3163 929 3240 991 ὡς
3269 928 3585 997 ἀκάθαρτον
3621 945 3774 998 περι-

2177 1016 2464 1087 αιρεῖσθαι
2493 1016 2732 1070 κελεύων
2768 1017 3272 1088 τὴν-ἀκροϐυστίαν
3307 1017 3400 1071 διὰ
3436 1019 3771 1087 περιτομῆς,

2187 1106 2280 1160 τὸν
2305 1107 2439 1160 Θεὸν
2465 1108 2677 1174 είσάγει
2705 1106 2798 1162 διὰ
2823 1108 3018 1178 τέχνης
3047 1108 3113 1162 τὸ
3150 1109 3351 1162 οἰκεῖον
3382 1108 3774 1179 διορθούμενον

2189 1197 2351 1268 ἔργον
2373 1214 2387 1228 ·
2413 1199 2551 1270 ὅπερ
2588 1199 2682 1252 καὶ
2708 1200 2908 1255 ἐννοεῖν
2939 1200 3324 1256 ἀσεϐέστατον.
3345 1199 3572 1253 ῡὺκοῦν
3605 1203 3636 1254 ό
3661 1204 3772 1264 τοῖς

2191 1289 2477 1359 συμϐόλοις
2507 1288 2602 1342 τοῦ
2651 1289 2818 1360 νόμου
2857 1290 3105 1360 φυσικῶς
3147 1291 3482 1355 ὲπιὸἀλλων,
3518 1287 3668 1345 οἶδεν
3699 1293 3775 1355 ὡς

2189 1378 2251 1432 οὐ
2278 1379 2376 1449 τὴν
2411 1379 2572 1446 φύσιν
2597 1381 2626 1434 ὁ
2652 1379 2784 1443 Θεὸς
2808 1381 3112 1452 διορθοῦται
3137 1382 3226 1436 διὰ
3245 1383 3354 1457 ,τῆς
3382 1383 3608 1452 τέχνης,
3637 1384 3774 1436 ἀλλᾶ

2191 1471 2251 1525 τὸ
2277 1472 2557 1534 ὲπιπειθὲς
2581 1473 2724 1543 λόγῳ
2745 1474 2848 1544 τῆς
2894 1474 3073 1545 ψυχῆς
3102 1475 3406 1545 παθητικὸν
3445 1478 3774 1546 περιτέμνεο

2193 1561 2317 1616 σθαι
2339 1561 2570 1629 κελεύει,
2603 1564 2663 1617 τὸ
2691 1564 2778 1619 διὰ
2808 1568 2904 1618 τοῦ
2929 1567 3246 1635 σωματικοῦ
3279 1567 3476 1636 μορίου
3516 1569 3771 1631 τυπικῶς

2191 1651 2516 1723 δηλούμενον
2537 1669 2551 1684 ⁸
2579 1654 2716 1726 ὅπερ
2767 1654 2969 1722 γνῶσις
2997 1652 3087 1711 διὰ
3115 1659 3214 1726 τῆς
3257 1658 3401 1712 κατὰ
3438 1659 3543 1729 τὴν
3571 1661 3773 1729 πρᾶξιν

515 1749 678 1805 fortis
737 1748 908 1803 animi
948 1749 1166 1802 actione
1211 1748 1482 1816 deponat,
1541 1753 1919 1814 comparatum
1976 1751 2084 1799 est.

2201 1744 2442 1814 ὶνδρείας
2489 1745 2589 1816 τῆς
2618 1745 2844 1816 γνώμης
2870 1747 3228 1802 ἀποτίθεσθαι
3258 1749 3530 1815 πέφυκεν.
3579 1749 3638 1803 Ὀ
3664 1751 3774 1819 γὰρ

516 1839 785 1893 Sacerdos
817 1838 965 1892 enim
994 1836 1416 1900 circumcidens,
1467 1836 1754 1891 scientiam
1793 1832 2084 1905 signiﬁcat,

516 1930 670 1983 velut
710 1928 879 1992 ferro,
916 1927 1071 1982 verbi
1108 1927 1342 1981 actionis
1389 1926 1586 1980 robore
1637 1925 1929 1980 adversum
1959 1939 2088 1994 pas-

519 2019 730 2075 sionem
791 2035 856 2074 ac
908 2018 1197 2073 libidinem
1247 2017 1566 2072 accinctam.
1620 2015 1889 2070 Aboletur
1941 2015 2090 2070 enim

2185 1833 2532 1904 περιτέμνων
2563 1836 2774 1906 ἱερεὺς,
2816 1837 3072 1908 σημαίνει
3099 1840 3198 1908 τὴν
3233 1839 3459 1907 γνῶσιν,
3481 1840 3592 1909 τὴν
3620 1841 3776 1908 ἔχου.

2189 1940 2290 1977 σαν
2324 1924 2577 1994 καθάπερ
2601 1925 2716 1995 σίδη
2727 1943 2816 1996 ρον
2839 1925 2980 1980 κατὰ
3001 1926 3097 1980 τοῦ
3126 1929 3334 1991 πάθους
3353 1928 3452 1998 τὴν
3484 1928 3584 1982 τοῦ
3613 1929 3773 1996 λόγου

2185 2014 2332 2068 κατὰ
2361 2015 2460 2083 τὴν
2499 2015 2698 2084 πρᾶξιν
2730 2016 3001 2086 ἀνδρείαν.
3046 2017 3395 2085 Ἀφανίζεται
3429 2019 3566 2088 γοῦν
3601 2022 3636 2089 ἠ
3668 2037 3770 2072 σω-

517 2111 821 2180 corporalis
849 2110 985 2180 legis
1017 2109 1260 2174 traditio,
1289 2110 1420 2163 dum
1442 2108 1675 2178 spiritus
1713 2107 1912 2162 litterae
1952 2122 2087 2177 prte-

2201 2106 2395 2176 ματικὴ
2449 2105 2544 2159 τοῦ
2598 2105 2762 2177 νόμον
2815 2108 3114 2178 παράδοσις
3135 2149 3153 2174 ,
3197 2110 3660 2175 πλεονεκτοῦντας
3711 2114 3772 2165 τὸ

516 2202 682 2256 valet.

585 2293 675 2347 51.
702 2292 958 2348 Definitio
987 2292 1228 2364 mysticae
1268 2289 1712 2346 circumcisionis
1762 2288 2093 2360 speculatio—

515 2398 678 2530 “183.2.
713 2475 971 2530 Deﬁnitio
1010 2474 1254 2546 mysticae
1316 2472 1540 2528 Sabbati
1597 2471 1991 2543 legislationis;
2035 2471 2092 2526 in

2190 2195 2424 2267 γράμμα
2459 2195 2554 2250 τοῦ
2592 2199 2924 2266 πνεύματος.

2233 2283 2364 2425 (kd.
2397 2286 2562 2357 Ὄρος
2615 2285 2716 2357 τῆς
2754 2287 2894 2344 κατὰ
2942 2289 3250 2360 περιτομὴν
3311 2292 3591 2362 μυστικῆς
3636 2292 3769 2346 θεω-

2251 2392 2338 2425 ας.

2251 2393 2338 2428 ας.

2233 2391 2286 2428 ια
2322 2413 2338 2428 .

2196 2391 2230 2446 ρ
2263 2392 2364 2536 lcﬂ'.
2401 2467 2565 2538 Ὅρος
2593 2468 2692 2539 τῆς
2740 2469 2884 2524 κατὰ
2919 2469 3197 2524 Σάϐϐατον
3240 2473 3517 2543 μυστικῆς
3556 2477 3772 2545 νομοθε-

516 2581 625 2637 qua
649 2567 780 2635 quid
805 2566 1106 2621 Sabbatum
1155 2565 1228 2620 sit
1276 2563 1506 2636 mystice
1539 2563 1804 2629 ostendit,
1864 2570 1922 2618 et
1972 2578 2087 2632 quae

2201 2558 2343 2624 σίας,
2375 2560 2434 2612 tv
2462 2553 2528 2629 ᾧ,
2552 2560 2605 2614 τί
2643 2561 2704 2614 τὸ
2736 2561 3010 2616 Σάὸὗατόν
3073 2563 3210 2626 ἔστι,
3243 2563 3547 2634 παρίστησι
3579 2583 3771 2636 μυστι-

517 2656 640 2726 ejus
665 2656 935 2726 spiritalis
963 2656 1143 2721 ratio;
1172 2669 1370 2724 nempe
1391 2653 1637 2723 requiem
1677 2668 1800 2708 esse
1857 2653 1927 2708 ab
1956 2651 2087 2707 alie-

2201 2648 2328 2714 κῶς,
2361 2649 2456 2702 καὶ
2486 2649 2568 2712 τίς
2596 2651 2625 2702 ὁ
2663 2651 2785 2702 κατ’
2808 2650 2940 2704 αὐτὸ
2995 2650 3370 2719 πνευματικὸς
3408 2651 3570 2718 λόγος
3606 2654 3770 2716 ἐστὶν,

517 2745 723 2811 ctibus,
759 2746 1070 2816 mentisque
1105 2745 1251 2800 circa
1269 2760 1455 2799 rerum
1480 2753 1734 2798 naturam
1761 2743 2093 2814 agitationis,

459 2844 468 2851 '
516 2836 704 2892 tradit.

591 2926 679 2982 35.
713 2926 919 2995 Nempe
951 2925 1145 2980 Deum.

586 3019 675 3073 '54.
705 3017 847 3084 Quid
869 3015 1179 3086 signiﬁcent
1209 3011 1534 3068 neomeniae.

589 3108 680 3164 35.
709 3107 966 3162 Deﬁnitio
983 3121 1201 3161 corona:
1223 3102 1597 3174 benignitatis.

587 3199 677 3254 56.
702 3198 959 3254 Deﬁnitio
982 3198 1091 3252 alia
1105 3197 1354 3268 ejusdem
1367 3197 1640 3252 'subtilior
1662 3212 1727 3252 ac
1757 3197 1932 3267 magis
1977 3195 2090 3266 Spi-

519 3289 718 3347 ritalis.

589 3361 677 3416 57.
715 3358 817 3414 llic
876 3356 982 3412 loci
1045 3356 1435 3412 abstinentiam
1505 3355 1874 3411 Providentia:
1950 3370 2093 3423 opus

519 3465 641 3504 esse
684 3448 856 3511 dicit,
889 3447 1092 3516 quippe
1155 3445 1244 3500 cui
1292 3451 1670 3514 comparatum
1720 3454 1782 3498 ut
1827 3442 2092 3498 emundet

519 3539 686 3594 animi
751 3538 904 3592 vitia.
959 3535 1285 3591 Patientiam
1337 3549 1470 3588 vero
1506 3532 1700 3604 judicii
1765 3548 1904 3602 opus
1945 3548 2088 3598 esse,

517 3629 668 3699 quod
746 3627 958 3683 scilicet
1012 3624 1398 3680 involuntariis
1470 3622 1867 3679 tentationibus
1941 3623 2093 3677 obsi-

517 3728 643 3778 stat.

585 3815 674 3869 58.
739 3812 981 3867 Primum
1024 3811 1224 3866 festum
1269 3826 1334 3865 ac
1393 3809 1835 3872 solemnitatem,
1880 3808 2091 3863 Pascha

517 3903 669 3960 dicit.

583 3994 672 4049 59.
728 3995 1043 4050 Secundum
1078 3991 1277 4047 festum
1351 4007 1416 4046 ac
1470 3991 1917 4054 solemnitatem,
1955 3987 2092 4042 dicit

513 4085 910 4141 Pentecostem.

583 4177 672 4230 40.
701 4177 945 4230 Tertium
961 4184 1141 4240 vocat,
1182 4177 1305 4245 quae
1338 4189 1523 4230 mense
1559 4173 1792 4244 septimo
1825 4173 2091 4242 propitia-

512 4269 678 4323 tionis
711 4269 1005 4323 celebritas
1037 4269 1320 4338 agebatur.

581 4357 672 4409 [ιι.
707 4355 953 4410 Observa
975 4357 1438 4424 quemadmodum
1473 4355 1562 4411 lex
1587 4370 1704 4420 eos,
1765 4354 1860 4424 qui
1895 4369 2089 4423 corpo-

2194 2739 2274 2792 ὅτι
2296 2739 2483 2794 παθῶν
2513 2741 2606 2793 καὶ
2635 2741 2886 2812 τῆςπερὶ
2915 2741 3013 2812 τὴν
3039 2740 3206 2810 φύσιν
3229 2742 3339 2796 τῶν
3359 2743 3536 2796 δντων
3561 2744 3664 2799 τοῦ
3684 2745 3770 2798 νώ

2195 2828 2462 2900 κινήσεώς
2495 2832 2640 2882 ἐστιν
2678 2831 3002 2894 ἀνάπαυσις.

2259 2921 2359 2989 >γ’.
2376 2928 2380 2931 ’
2395 2920 2528 2974 Θεὸν
2549 2922 2709 2993 δῆλον
2733 2923 2838 2977 ὅτι.

2269 3009 2360 3063 λό’.
2399 3010 2463 3063 Τί
2499 3013 2855 3082 σημαίνουσιν
2890 3015 2946 3067 ai
2970 3017 3276 3086 νεομηνίαι,
3311 3017 3321 3025 ’

2109 3087 2158 3186 β
2257 3099 2352 3156 λε’.
2395 3102 2560 3174 Ὅρος
2581 3103 2676 3156 τοῦ
2717 3104 2984 3171 στεφάνου
3009 3107 3110 3172 τῆς
3133 3109 3525 3178 χρηστότητος.

2257 3191 2370 3256 λς’.
2412 3193 2604 3258 Ἄλλος
2629 3195 2754 3264 ὅρος
2780 3195 2874 3250 τοῦ
2903 3195 3070 3252 αὑτοῦ
3097 3197 3526 3270 μυστικώτερος.

2260 3367 2360 3432 λζ’.
2413 3369 2678 3423 Ἐνταῦθα
2731 3370 2830 3441 τὴν
2864 3371 3190 3441 ἐγκράτειαν
3231 3371 3393 3444 ἔργον
3444 3369 3590 3428 εἶναι
3623 3377 3772 3445 λέγει

2191 3459 2290 3530 τῆς
2319 3461 2603 3530 Προνοίας,
2621 3461 2696 3525 ὡς
2718 3463 2825 3515 τῶν
2855 3465 3149 3533 γνωμικῶν
3175 3466 3514 3537 καθαρτικὴν
3546 3468 3765 3523 παθῶν·

2190 3548 2288 3628 τὴν
2319 3550 2676 3621 ὑπομονὴνδὲ
2709 3552 2807 3622 τῆς
2848 3555 3082 3623 κρίσεως
3131 3551 3270 3610 εἶναι
3300 3558 3641 3630 κατόρθωμά
3670 3576 3768 3630 φη-

2193 3657 2276 3696 σιν
2301 3683 2316 3707 ,
2346 3643 2422 3708 ὡς
2467 3645 2579 3706 τοῖς
2608 3644 2882 3709 ἁκουσίοις
2915 3647 3379 3717 ἁντιτασσομένην
3416 3655 3764 3722 πειρασμοῖς.

2259 3819 2362 3874 λη’.
2399 3818 2628 3890 Πρὼτην
2660 3820 2873 3891 ἑορτὴν,
2902 3821 2962 3874 τὸ
2989 3821 3183 3891 Πάσχα
3205 3823 3373 3890 λέγει.

2261 3989 2357 4044 λθ’.
2390 3992 2658 4063 Δευτέραν
2680 3994 2872 4066 ἑορτὴν
2895 3995 3040 4065 λέγει
3067 3997 3163 4069 τὴν
3186 3999 3588 4070 Πεντηκοστήν.

2264 4168 2337 4239 μ’.
2371 4168 2574 4240 Τρίτην
2611 4169 2802 4238 λέγει,
2844 4170 2944 4242 τὴν
2991 4173 3049 4224 tv
3082 4171 3295 4244 ἑϐδόμῳ
3347 4174 3500 4244 μηνὶ,
3536 4174 3633 4245 τὴν
3667 4176 3755 4230 τοῦ

2202 4261 2478 4315 Ἰλασιιοῦ.

2265 4279 2346 4314 ιασ
2395 4279 2478 4315 ου.

2265 4279 2391 4422 μα’ξι
2415 4352 2634 4417 Σκόπει,
2662 4352 2778 4416 πῶς
2806 4352 2835 4404 ὁ
2871 4353 3034 4424 νόμος
3064 4355 3327 4409 ἀπόλλυσι
3359 4359 3486 4421 τοὺς
3507 4357 3754 4420 νοοῦντας

513 4446 703 4499 raliter
740 4461 858 4500 eam
882 4445 1216 4516 intelligunt,
1251 4447 1476 4500 interitu
1507 4455 1738 4516 mergat,
1782 4461 1903 4515 quae
1930 4445 2087 4498 vide-

2201 4443 2351 4496 κῦτδν
2411 4444 2760 4512 σωματικῶς,
2791 4447 2858 4515 τῇ
2916 4445 3090 4498 κτίσει
3133 4445 3420 4516 λατρεύειν
3483 4449 3635 4516 παρὰ
3665 4449 3748 4501 τίον

514 4535 641 4590 licet
669 4544 862 4589 auctor
885 4537 1134 4600 exsistat,
1163 4545 1221 4590 ut
1240 4537 1408 4607 magis
1429 4548 1890 4606 creaturae,quam
1921 4537 2086 4591 Crea-

514 4629 620 4681 tori
667 4629 971 4694 serviatur;
1007 4637 1058 4682 cl
1104 4638 1164 4682 ut
1211 4627 1566 4682 veneratione
1617 4629 1874 4698 cultuque
1921 4627 2084 4698 digna

513 4717 851 4783 existiment,
912 4733 1037 4788 quae
1096 4726 1320 4788 propter
1359 4717 1485 4772 illos
1539 4727 1723 4772 creata
1751 4725 1898 4781 sunt,
1929 4716 2082 4769 illum

516 4807 854 4877 ignoranles,
898 4817 1124 4877 propter
1147 4824 1312 4878 quem
1357 4807 1458 4878 ipsi
1491 4808 1839 4862 exstiterunt.

585 4898 676 4953 4‘2.
705 4899 994 4964 Quomodo
1025 4900 1168 4954 Deus
1204 4899 1503 4954 Sabbatum
1535 4908 1638 4953 cst.

595 4986 685 5039 4'5.
763 4986 1046 5051 Quomodo
1117 4986 1262 5042 Deus
1309 4987 1475 5042 etiam
1532 4985 1737 5042 Pascha
1793 4985 2083 5056 mysticum

508 5085 616 5129 εει.

582 5165 669 5218 44.
697 5164 844 5220 Festi
872 5166 1227 5222 Pentecostes
1254 5168 1598 5238 mysterium,
1633 5168 1686 5221 in
1714 5183 1825 5237 quo
1857 5169 2086 5239 mystice

508 5270 698 5310 eorum
720 5272 841 5324 qua:
877 5257 1258 5327 signiﬁcantur
1290 5258 1606 5328 spiritalem
1627 5259 1736 5312 vim
1763 5259 2077 5316 abstrusius

507 5344 714 5410 docuit,
740 5346 870 5400 dum
906 5347 1284 5403 Pcntecostem
1325 5350 1494 5404 Deum
1522 5351 1832 5420 appellavit.
1870 5350 2076 5416 Quem—

507 5437 800 5492 admodum
872 5439 1021 5493 euim
1072 5455 1286 5506 monas,
1352 5457 1472 5510 qua:
1561 5443 1776 5497 stabilis
1833 5452 2071 5509 maneat,

565 5606 607 5635 "'
647 5608 782 5664 Gcn.
811 5627 850 5675 ι,
885 5612 974 5667 Si.

2189 4533 2450 4588 κτίσαντα
2491 4534 2692 4588 πείθων
2717 4551 2730 4566 ⁸
2761 4536 2855 4588 καὶ
2898 4535 3147 4606 ἡγεῖσθαι
3185 4536 3346 4605 φύσει
3387 4541 3566 4594 σεπτὰ
3594 4540 3661 4593 τὰ
3686 4540 3747 4592 δι’

2187 4625 2382 4688 αὐτοὺς
2416 4626 2698 4693 γεγονότα,
2723 4626 2810 4679 τὸν
2835 4626 2903 4679 δι’
2937 4626 2997 4679 ὃν
3045 4627 3198 4680 αὐτοὶ
3243 4629 3538 4697 γεγόνασιν
3567 4632 3748 4698 ἀγνοή-

2190 4735 2403 4782 σαντας.

2261 4893 2370 4964 μβ’.
2407 4895 2532 4958 Πῶς
2566 4895 2680 4947 ἐστι
2711 4894 2990 4948 Σάὗθατον
3020 4897 3047 4949 ὁ
3084 4895 3234 4961 Θεός.

2262 4994 2372 5056 μγ’.
2411 4987 2534 5050 Πῶς
2559 4989 2586 5040 ὁ
2613 4987 2742 5049 Θεὸς
2785 4987 2877 5039 καὶ
2902 4988 3091 5058 Πάσχα
3115 4991 3230 5042 ἐστὶ
3260 4993 3549 5060 μυστικόν,

2260 5168 2363 5238 μδ’.
2397 5169 2710 5239 Μυστήριον
2736 5168 2835 5239 τῆς
2860 5170 3002 5224 κατὰ
3025 5170 3124 5242 τὴν
3138 5173 3522 5248 Πεντηκοστήν
3543 5175 3743 5248 ἑορτῆς,

2187 5260 2244 5312 tv
2273 5251 2316 5325 ᾧ
2367 5259 2644 5328 μυστικῶς
2678 5257 2776 5332 τὴν
2822 5259 2931 5312 τῶν
2972 5261 3319 5334 δηλουμένων
3382 5267 3744 5339 πνευματικὴν

2183 5350 2611 5422 ὲμυσταγώγησε
2637 5349 2994 5422 δύναμιν,τὸν
3024 5355 3154 5407 Θεὸν
3183 5357 3563 5429 Πεντηκοστὴν
3591 5373 3741 5427 xpos—

2180 5445 2507 5516 αγορεῦσας.
2539 5445 2628 5508 Ὠς
2655 5446 2762 5517 γὰρ
2791 5448 2822 5518 ἡ
2858 5448 3029 5516 μονὰς
3063 5451 3328 5521 στάσιμος
3353 5451 3592 5522 μένουσα
3615 5448 3742 5522 μετὰ
