3932 6326
218 307 325 375 ηδε

1281 300 1769 375 ΟΠίΕΞΤΙΟΝΕΞ
1806 303 1906 363 ΑΙ)
1941 302 2448 367 THALASSIUM.

3278 342 3285 345 τ
3367 304 3475 369 782

227 417 332 490 τὴν
359 415 440 480 είς
471 411 672 484 ἑαυτὴν
710 410 1072 483 ὲὸδοματικὴν
1126 410 1225 480 τῆς
1273 409 1566 480 ἑϐδομάδος
1600 408 1805 463 συνέλι-

1917 422 2033 481 post
2066 413 2427 483 septimanam
2455 413 2769 483 septenario
2789 413 3160 479 convolutam,
3209 414 3476 470 Penteco-

230 510 338 573 ξιν,
371 505 713 560 ἀποτελοῦσα
754 503 853 573 τὴν
899 502 1277 574 Πεντηκοστήν
1300 517 1313 532 ’
1356 502 1454 554 ικαὶ
1484 502 1644 555 πάλιν
1685 502 1805 563 ταῖς

232 602 317 663 είς
374 598 547 668 αὐτὴν
593 595 878 666 προσόδοις
928 594 1188 664 γινομένη
1242 592 1402 657 δεκάς
1428 593 1515 646 διὰ
1548 593 1807 655 πεντάδος

232 687 756 758 ίσοπ).ασιασθείσης
804 686 942 755 αὐτῇ
1002 685 1230 737 ποιοῦσα
1263 684 1362 753 τὴν
1401 682 1802 754 Πεντηκοστὴν,

232 779 380 851 ἁρχὴ
406 779 501 832 καὶ
540 776 691 843 τέλος
739 775 857 827 ἐστὶ
909 772 1015 826 τῶν
1062 772 1260 842 ἑαυτῆς
1291 788 1303 799 ·
1333 771 1391 825 τὸ
1428 768 1556 839 μὲν,
1585 771 1659 833 ὡς
1701 770 1806 837 πρὸ

236 870 440 932 παντὸς
484 866 688 921 ποσοῦ·
726 865 786 917 τὸ
825 863 903 927 δὲ,
930 863 1005 927 ὡς
1040 862 1181 933 ὑπὲρ
1230 861 1394 914 ποσόν
1421 877 1433 890 ·
1468 860 1609 913 οὕτω
1647 860 1741 914 καὶ
1777 859 1806 912 ὀ

222 961 391 1025 Θεὸς,
412 955 456 1028 ᾧ
478 958 573 1029 τὴν
598 956 799 1028 μονάδα
829 952 1215 1010 κατέίκασίαν
1244 950 1474 1021 τυπικὴν
1524 951 1807 1020 ἀναλογεῖν

237 1053 461 1121 ἔφησεν,
496 1048 639 1120 ἀρχὴ
672 1049 766 1099 καὶ
819 1045 972 1109 τέλος
1006 1044 1123 1097 ἐστὶ
1152 1042 1259 1097 τῶν
1280 1042 1482 1106 όντων,
1512 1043 1605 1096 καὶ
1627 1042 1804 1116 λόγος,

233 1137 281 1212 ᾧ
309 1143 377 1197 τά
410 1140 585 1195 πάντα
636 1137 964 1207 συνέστηκεν
986 1152 998 1165 ·
1033 1135 1179 1207 ἀρχὴ
1216 1134 1337 1205 μὲν,
1373 1135 1455 1189 ὃτι
1491 1134 1596 1205 πρὸ
1626 1132 1807 1201 πάσης

235 1235 427 1297 οὐσίας
461 1232 577 1284 ἐστὶ
608 1231 702 1284 καὶ
728 1231 1027 1301 κινήσεωςο
1052 1226 1205 1290 τέλος
1232 1226 1307 1294 δὲ,
1339 1226 1420 1279 ὅτι
1449 1225 1587 1295 ὑπὲρ
1626 1226 1807 1278 πᾶσαν

226 1326 425 1380 οὐσίαν
457 1324 549 1377 καὶ
578 1325 817 1392 κίνησιν·
839 1320 994 1388 λόγος
1022 1319 1101 1387 δὲ,
1124 1319 1205 1371 ὅτι
1235 1317 1450 1386 πάντων
1477 1315 1594 1369 κατ’
1625 1315 1808 1368 αἰτίαν

237 1415 594 1487 προνοητικός
638 1416 805 1475 ἐστιν,
848 1411 923 1475 ὡς
968 1410 1103 1480 πρὸς
1134 1410 1493 1478 ὑποκείμενον
1524 1404 1660 1471 είδος
1688 1424 1810 1459 συν-

226 1509 360 1579 οχὴ,
393 1506 516 1559 καθ’
556 1506 623 1575 ἢν
652 1504 760 1555 τῶν
784 1503 949 1557 όντων
973 1502 1200 1556 ἕκαστον
1224 1499 1338 1571 ἔχει
1369 1499 1464 1573 τὴν
1493 1500 1552 1552 ἐν
1581 1496 1656 1568 τῷ
1684 1500 1812 1551 ἐαυ-

230 1603 334 1657 τοῦ
394 1600 537 1670 λόγῳ
593 1594 871 1668 διαμονήν.
909 1596 1077 1648 Ὀταν
1126 1588 1221 1646 οὖν
1271 1591 1479 1645 λάϐωσι
1534 1590 1710 1659 πέρας
1758 1591 1807 1642 οί

239 1693 422 1765 χρόνοι
467 1688 560 1745 καὶ
595 1689 645 1742 οἱ
681 1686 910 1749 αίῶνες,
949 1678 1029 1748 οἷς
1081 1683 1364 1750 ἀναλογεῖν
1406 1680 1504 1751 τὴν
1536 1679 1809 1750 ὲδδομάδα

240 1782 409 1851 φησιν
436 1820 450 1845 ,
482 1779 643 1841 αὐτὸς
696 1776 851 1829 ἔσται
899 1774 1021 1827 τότε
1084 1772 1391 1845 μονώτατος
1432 1774 1460 1825 ὁ
1499 1772 1651 1836 Θεὸς,
1685 1771 1807 1841 δίχα

237 1870 340 1941 τῆς
359 1869 467 1921 τῶν
494 1869 594 1921 οὐκ
622 1867 772 1929 ἄνευ,
804 1864 1068 1929 τουτέστι,
1094 1863 1273 1916 τόπων
1299 1864 1395 1919 καὶ
1426 1863 1631 1933 χρόνων
1656 1877 1810 1929 μεσι--

239 1962 415 2025 τείας,
441 1958 764 2028 συγκροτῶν
797 1957 865 2009 δι’
896 1960 993 2012 ἒαυ
1007 1952 1091 2009 τοῦ
1116 1953 1240 2007 καθ’
1273 1954 1466 2007 ἕνωσιν
1500 1951 1677 2023 άληθῆ
1700 1951 1809 2004 τῶν

232 2053 409 2106 ὖντων
436 2052 493 2104 ὲν
528 2052 637 2114 τοῖς
674 2047 999 2118 σωζομένοις
1030 2045 1293 2117 ὕπαρξινο
1324 2046 1490 2115 ἤγουν
1523 2044 1620 2115 τὴν
1650 2043 1809 2112 φύσιν

237 2148 344 2218 τὴν
396 2145 649 2215 γενητὴν,
673 2144 737 2213 ἢν
772 2145 836 2212 τῇ
870 2140 1089 2203 πεντάδι
1135 2139 1499 2210 παρείκασεν,
1536 2138 1596 2190 οὐ
1650 2137 1811 2207 μόνον

232 2236 330 2289 ’διὰ
359 2237 454 2298 τὰς
484 2233 784 2303 αἰσθήσεις,
802 2225 889 2295 αἷς
924 2230 1254 2284 ὑποπίπτειν
1280 2229 1542 2297 πέφυκεν,
1561 2228 1695 2281 ἀλλὰ
1724 2227 1811 2285 διὰ

239 2328 345 2398 τὴν
364 2325 656 2394 καθολικὴν
686 2324 1015 2393 ἐπιστήμην,
1046 2322 1168 2392 ἥτις
1214 2322 1272 2375 ὲν
1296 2323 1363 2390 τῇ
1392 2318 1679 2391 περιλήψει
1712 2322 1811 2389 τῆς

240 2419 353 2471 τῶν
372 2417 571 2488 νοερῶν
604 2434 661 2468 τε
688 2416 783 2469 καὶ
814 2414 1066 2482 λογικῶν,
1108 2410 1440 2482 αἰσθητικῶν
1470 2428 1529 2469 τε
1555 2412 1649 2465 καὶ
1684 2410 1813 2473 ζών-

240 2528 374 2575 των,
404 2512 494 2563 καὶ
516 2509 683 2562 ὅντων
712 2508 1012 2560 ἀπταίστου
1039 2505 1345 2574 καθέστηκε
1371 2502 1646 2571 γνώσεως.
1670 2503 1812 2556 Οὐκ-

239 2602 340 2655 οῦν
370 2600 635 2654 παύσεταί
663 2615 815 2661 ποτε,
845 2598 944 2667 τῆς
979 2614 1037 2650 τε
1070 2596 1208 2650 κατά
1236 2598 1397 2650 τόπον
1427 2595 1693 2659 στάσεως,
1722 2593 1813 2648 καὶ

240 2694 347 2763 τῆς
372 2693 509 2745 κατὰ
538 2690 726 2762 χρόνον
757 2688 1040 2757 κινήσεως,
1069 2685 1142 2747 ὡς
1170 2687 1307 2756 ὑπὲρ
1332 2685 1401 2741 τά
1424 2686 1491 2740 δι’
1523 2685 1693 2754 αὐτὴν
1718 2701 1811 2752 γε-

242 2783 441 2850 γονότα
465 2768 748 2852 (τουτέστι,
776 2779 939 2831 τόπον
968 2778 1063 2832 καὶ
1096 2776 1307 2848 χρόνον)
1331 2777 1420 2832 διὰ
1445 2777 1541 2846 τῆς
1563 2774 1698 2845 πρὸς
1721 2774 1812 2829 τὸν

236 2875 400 2937 Θεὸν,
428 2872 494 2925 δι’
527 2872 586 2924 ὃν
610 2871 702 2923 καὶ
730 2870 972 2937 γέγονεν,
999 2866 1232 2937 ἀληθοῦς
1273 2865 1569 2933 συναφείας
1604 2866 1662 2917 ὲν
1701 2866 1813 2926 τοῖς

244 2961 575 3031 σωζομένοις
602 2959 867 3027 γενομένη
895 2957 1001 3009 τῶν
1029 2955 1195 3010 ὄντων
1228 2957 1260 3027 ἡ
1295 2953 1474 3024 φύσις.
1504 2952 1677 3005 Αὑτὸν
1706 2951 1813 3022 γάρ

1906 514 2044 560 stem
2080 505 2354 572 eﬁiciens;
2397 521 2461 560 ac
2505 522 2717 571 rursus,
2776 507 2892 561 suis
2942 504 3060 575 ipsa
3119 498 3357 563 cumulis
3406 508 3478 562 ad

1904 613 2135 667 eamque
2152 598 2567 654 accessionibus
2602 598 2766 653 decas
2802 598 3016 664 eﬁ'ecta,
3036 614 3135 669 per
3162 598 3478 668 quinarium

1904 687 2079 757 sequis
2105 687 2183 741 illi
2216 687 2467 756 partibus
2494 688 2945 758 multiplicatum,
2978 689 3357 745 Pentecostem
3390 689 3481 743 iti-

1906 780 2032 834 dem
2072 779 2332 845 reddens,
2359 795 2586 834 suorum
2620 780 2956 849 principium
2989 795 3053 835 ac
3075 780 3200 835 ﬁnis
3219 781 3433 835 exsistit
3461 799 3477 847 ;
3515 829 3519 832 .

1902 871 2166 937 alterum,
2197 879 2261 924 ut
2293 880 2504 940 quanto
2552 872 2701 925 omni
2737 873 3016 939 anterior;
3046 873 3278 927 alterum
3323 888 3479 937 vero,

1906 970 1967 1017 ut
1994 976 2064 1016 eo
2086 962 2358 1032 superior.
2390 963 2469 1017 lta
2513 970 2571 1017 et
2611 963 2777 1029 Deus,
2814 963 2903 1017 cui
2931 962 3102 1033 ﬁgura
3135 962 3373 1032 quadam
3418 979 3484 1017 ac

1906 1053 2272 1123 similitudine
2295 1054 2585 1109 monadem
2629 1053 2988 1124 proportione
3032 1054 3366 1123 respondere
3396 1054 3482 1108 di-

1907 1143 2008 1208 xit,
2038 1158 2225 1198 rerum
2254 1143 2587 1213 principium
2615 1158 2680 1198 ac
2710 1142 2838 1197 ﬁnis
2866 1142 3105 1207 exsistit,
3129 1158 3195 1198 ac
3219 1144 3482 1208 Verbum,

1904 1246 2018 1301 quo
2043 1238 2241 1287 cuncta
2260 1233 2574 1288 consistunt
2600 1248 2668 1287 ac
2693 1232 2918 1287 condita
2951 1241 3103 1287 sunt.
3145 1232 3484 1301 Principium

1908 1324 2150 1394 quidem,
2183 1325 2331 1394 quod
2358 1334 2487 1380 ante
2520 1340 2741 1381 omnem
2778 1325 3140 1380 substantiam
3166 1335 3485 1395 motumque

1906 1425 2023 1483 est;
2054 1416 2180 1472 linis
2206 1425 2415 1481 autem,
2442 1418 2591 1487 quod
2651 1419 2966 1473 substantia
3018 1419 3170 1472 omni
3220 1428 3487 1487 motuque

1910 1508 2165 1576 superior
2186 1516 2289 1563 est.
2327 1509 2566 1563 Verbum
2620 1516 2805 1564 autem
2852 1524 2918 1564 ac
2967 1510 3128 1573 ratio,
3168 1510 3314 1579 quod
3361 1511 3487 1563 uni-

1909 1599 2087 1653 versis
2120 1608 2181 1653 ut
2216 1608 2418 1655 auctor
2468 1602 2778 1670 provideat,
2837 1601 3097 1671 quodque
3143 1602 3197 1655 in
3238 1601 3485 1671 subjecta

1909 1690 2095 1760 specie
2122 1690 2410 1761 formaque
2443 1694 2725 1748 contineat
2748 1708 2816 1747 ac
2845 1678 3130 1747 conservet
3155 1706 3168 1755 ;
3202 1706 3312 1761 quo
3337 1692 3487 1745 illius

1910 1795 2141 1835 munere
2164 1797 2255 1836 res
2285 1782 2513 1852 singulae
2559 1782 2613 1837 in
2658 1798 2756 1837 sua
2818 1783 3031 1836 ratione
3087 1782 3485 1851 perennitatem

1913 1871 2135 1925 habent.
2160 1872 2267 1927 Ubi
2299 1872 2468 1943 igitur
2497 1881 2744 1943 tempora
2773 1888 2838 1928 ac
2865 1873 3061 1927 saecula
3111 1874 3275 1927 ﬁnem
3325 1887 3488 1926 acce-

1909 1962 2112 2033 perint,
2137 1964 2341 2033 quibus
2364 1973 2512 2019 certa
2562 1964 2797 2033 quadam
2854 1963 3066 2017 ratione
3124 1964 3485 2033 septimanam

1908 2053 2246 2122 respondere
2265 2054 2420 2119 dicit,
2445 2054 2562 2124 ipse
2584 2063 2697 2108 tum
2724 2055 2867 2108 Deus
2890 2053 3360 2124 singularissimus
3382 2054 3490 2108 erit

1904 2142 2119 2212 absque
2142 2144 2232 2211 iis,
2268 2146 2387 2201 sine
2429 2145 2634 2215 quibus
2681 2161 2791 2199 non
2824 2145 3033 2216 (nullis
3084 2145 3295 2200 scilicet
3326 2144 3485 2208 locis,

1910 2235 2191 2304 nullisque
2210 2236 2519 2307 interjectis
2560 2235 2947 2308 temporibus)
2996 2253 3026 2291 a
3078 2252 3139 2291 se
3189 2236 3335 2306 ipse,
3389 2250 3490 2305 per

1910 2342 2099 2380 veram
2140 2343 2325 2383 rerum
2354 2330 2636 2393 unionem,
2662 2329 2717 2381 in
2764 2328 2831 2381 iis
2860 2328 2953 2397 qui
2984 2328 3162 2381 salute
3190 2328 3487 2388 donantur,

1913 2416 1967 2470 id
1990 2418 2138 2486 quod
2187 2419 2462 2474 exsistunt
2514 2433 2848 2473 conservans
2890 2432 2955 2470 ac
3007 2426 3203 2472 tuens:
3235 2425 3489 2470 naturam

1913 2507 2123 2561 scilicet
2148 2518 2407 2572 creatam,
2444 2524 2610 2577 quam
2633 2507 2894 2576 quinario
2925 2522 3157 2561 numero
3204 2522 3491 2577 compara-

1912 2598 2015 2659 vit,
2041 2614 2149 2651 non
2172 2599 2349 2652 solum
2382 2607 2607 2668 propter
2633 2614 2848 2661 sensus,
2878 2598 2932 2652 in
2989 2614 3128 2668 quos
3157 2598 3235 2652 illi
3266 2614 3489 2669 compa-

1913 2696 2090 2742 ratum
2119 2696 2179 2743 ut
2232 2689 2427 2754 cadat,
2479 2688 2574 2744 sed
2616 2689 2783 2742 etiam
2842 2697 3068 2758 propter
3121 2690 3491 2744 universalem

1914 2777 2223 2842 scientiam,
2257 2779 2448 2848 quaein
2481 2778 2747 2833 inoffensa
2775 2788 3033 2848 certaque
3059 2780 3276 2844 notitia,
3325 2779 3489 2834 intel-

1914 2869 2336 2934 lectu,ratione,
2370 2885 2530 2925 sensu
2591 2869 2815 2938 vitaque
2860 2870 3111 2939 praedita,
3141 2869 3211 2925 'ac
3258 2885 3322 2925 ea
3369 2885 3491 2939 qua:

1916 2962 2093 3015 solum
2152 2961 2439 3023 exsistant,
2480 2961 2898 3029 complectente,
2950 2968 3035 3014 est
3081 2960 3279 3030 posita.
3313 2961 3492 3016 Futu-

242 3053 337 3107 τὸν
365 3050 515 3112 Θεὸν,
536 3047 680 3102 κατὰ
713 3048 802 3099 τὸν
846 3047 946 3116 τῆς
988 3045 1245 3116 Προνοίας
1298 3043 1491 3111 λόγον,
1524 3045 1590 3112 τῇ
1633 3042 1811 3095 δεκάδι

1919 3065 2041 3103 rum
2108 3049 2276 3119 igitur
2301 3058 2385 3103 est
2430 3058 2492 3103 ut
2532 3049 2863 3119 quandoque
2892 3058 3073 3103 cesset
3124 3066 3153 3104 a
3211 3051 3398 3121 quiete
3433 3051 3492 3105 in

242 3148 353 3201 τῶν
405 3145 631 3198 ἐντολῶν
664 3144 792 3196 ἴδιον
827 3140 1170 3211 ποιησαμένη
1210 3138 1360 3192 ποιὸν
1394 3135 1695 3209 (τουτέστι,
1720 3135 1818 3205 τῆς

237 3243 310 3293 ὲκ
338 3238 557 3307 χάριτος
610 3236 751 3288 κατά
780 3233 876 3304 τὴν
936 3232 1129 3284 θέωσιν
1177 3229 1433 3299 ἰδιότητος
1486 3225 1815 3298 γνώρισμα),

241 3330 343 3400 τῆς
374 3346 434 3382 τε
471 3326 613 3387 κατὰ
646 3324 744 3396 τὴν
799 3325 985 3379 στάσιν
1026 3324 1083 3376 ὲν
1128 3322 1278 3389 τόπῳ
1324 3317 1698 3391 περιγραφῆς,
1722 3315 1818 3369 και⁹

241 3421 343 3493 τῆς
373 3422 430 3474 ἐν
463 3419 640 3490 χρόνῳ
678 3417 819 3471 κατὰ
870 3415 969 3484 τὴν
1001 3414 1215 3484 κίνησιν
1265 3410 1763 3480 ἐλευθερωθήσεται
1798 3422 1813 3441 ο

243 3513 436 3568 στάσιν
458 3510 767 3579 ἀεικίνητον
787 3507 1043 3570 λαϐοῦσα,
1068 3506 1165 3577 τὴν
1191 3504 1494 3576 ἀπέραντον
1520 3502 1628 3554 τῶν
1651 3499 1812 3580 θείων

243 3602 582 3667 ἀπόλαυσιν,
613 3602 706 3654 καὶ
756 3599 969 3669 κίνησιν
1016 3598 1311 3667 στάσιμον,
1347 3596 1443 3665 τὴν
1498 3595 1584 3647 ἐπ’
1630 3594 1812 3655 αὐτοῖς

240 3694 542 3764 ἀκόρεστον
570 3691 769 3764 ὄρεξιν.

1918 3142 2062 3205 loco,
2090 3155 2153 3194 ac
2187 3148 2338 3194 motu
2370 3140 2423 3193 in
2461 3149 2726 3209 tempore,
2762 3150 3020 3209 tanquam
3067 3141 3176 3196 illis
3218 3142 3490 3212 superior,
3576 3154 3579 3155 '

1915 3247 2035 3301 quae
2058 3240 2281 3301 propter
2300 3230 2471 3300 ipsam
2506 3240 2689 3285 creata
2712 3240 2840 3286 sunt
2865 3232 3003 3301 (loca
3027 3232 3237 3287 scilicet
3265 3247 3330 3287 ac
3358 3240 3498 3288 tem-

1915 3321 2071 3391 pora)
2119 3337 2219 3390 per
2251 3337 2434 3376 veram
2464 3337 2591 3377 cum
2622 3322 2734 3376 Deo
2780 3323 3040 3377 unionem
3083 3337 3147 3377 ac
3187 3323 3494 3393 copulatio-

1915 3426 2066 3475 nem,
2100 3422 2326 3481 propter
2348 3429 2514 3483 quem
2546 3424 2604 3468 et
2631 3413 2853 3468 condita
2896 3424 3000 3477 est,
3035 3415 3089 3468 in
3125 3414 3193 3468 iis
3220 3414 3494 3469 exsistens

1916 3518 2103 3558 rerum
2130 3503 2461 3571 natura,qui
2487 3503 2662 3557 salute
2695 3502 2936 3557 donandi
2969 3510 3155 3558 erunt.
3186 3500 3316 3569 Quae
3344 3503 3493 3576 enim

1918 3596 2098 3665 ipsum
2128 3596 2298 3649 Deum
2320 3595 2625 3649 secundum
2658 3595 3024 3650 Providentia:
3045 3595 3313 3649 rationem
3337 3610 3493 3647 mar.-

1918 3685 2175 3739 datorum
2203 3684 2409 3738 decade
2437 3685 2716 3753 propriam
2744 3684 2850 3738 sibi
2879 3684 3196 3753 qualitatem
3231 3681 3495 3735 indiderit

240 3787 389 3860 (ejus
413 3784 622 3841 scilicet
641 3797 762 3853 qua:
811 3795 879 3834 ex
919 3776 1091 3849 gratia
1127 3791 1226 3846 per
1265 3770 1669 3829 deiﬁcationem
1712 3780 1819 3837 est,
1859 3773 2214 3842 proprietatis
2272 3780 2457 3825 notam
2482 3780 2648 3839 atque
2685 3771 2922 3840 insigne)
2972 3781 3084 3824 tum
3116 3786 3147 3823 a
3175 3770 3378 3839 quietis
3437 3771 3491 3823 in

243 3875 369 3939 loco
401 3870 929 3941 circumscriptione,
956 3878 1072 3923 tum
1094 3883 1123 3922 a
1142 3875 1295 3920 motu
1330 3866 1385 3918 in
1411 3874 1656 3933 tempore
1684 3862 1965 3917 liberanda
1990 3872 2094 3927 est,
2123 3862 2270 3933 iugis
2328 3870 2512 3916 motus
2539 3861 2783 3929 quietem
2846 3871 3004 3917 nacta
3024 3901 3038 3923 ,
3106 3860 3494 3921 interminabi-

238 3969 355 4024 lem
407 3964 721 4019 divinorum
774 3960 1090 4015 fruitionem
1116 3997 1133 4023 ,
1188 3964 1508 4024 motumque
1532 3953 1808 4016 stabilem,
1850 3953 2219 4007 insatiabilem
2257 3952 2368 4005 illis
2399 3950 2650 4004 fruendis
2675 3951 3015 4006 aviditatem.

318 4101 387 4156 με
407 4122 422 4136 .
455 4082 545 4151 Τῷ
580 4080 787 4150 ὲὸδόμῳ
824 4079 954 4147 μηνὶ
988 4078 1135 4147 τρεῖς
1172 4075 1307 4126 είσιν
1338 4070 1555 4141 ἑορταίο
1578 4070 1818 4138 σαλπίγέ

243 4193 361 4245 γων
390 4174 485 4227 και
523 4170 748 4241 ἱλασμοῦ
784 4170 877 4223 καὶ
934 4165 1337 4237 σκηνοπηγίας·
1368 4158 1443 4217 ὧν
1468 4165 1501 4233 ἡ
1552 4162 1649 4232 μὲν
1686 4161 1812 4215 σάλ-

242 4265 402 4334 πιγξ,
432 4264 597 4333 νόμου
631 4262 725 4319 καὶ
780 4259 1094 4331 προφητῶν,
1128 4257 1220 4310 καὶ
1249 4257 1348 4326 τῆς
1390 4254 1450 4319 ἐξ
1479 4253 1660 4307 αὐτῶν
1710 4270 1812 4324 κη-

1988 4068 2151 4139 299
2183 4070 2269 4123 d5.
2311 4068 2494 4122 Mense
2539 4068 2776 4136 septimo
2800 4077 2911 4122 tres
2933 4074 3061 4121 sunt
3090 4068 3488 4127 solemnitatcs.

1919 4162 2196 4225 tubarum,
2244 4160 2653 4230 propitiationis
2697 4169 2753 4214 et
2799 4158 3138 4229 scenopegiae
3172 4177 3184 4212 :
3215 4174 3246 4213 e
3288 4160 3490 4229 quibus

1917 4254 2071 4317 tuba,
2105 4252 2241 4323 legis
2266 4268 2329 4307 ac
2343 4250 2948 4322 prophetarum,iisque
2981 4250 3286 4320 prmdicata:
3309 4250 3490 4306 scien-

230 4346 582 4432 γρυττομένης
602 4352 851 4421 γνώσεως
877 4350 1045 4413 τύπος
1071 4348 1238 4416 ἐστίν,
1277 4350 1305 4400 ὁ
1348 4347 1405 4400 δὲ
1444 4345 1689 4416 ἱλασμὸς,
1717 4346 1811 4415 τῆς

1922 4346 2028 4409 tiae,
2045 4353 2203 4416 typus
2224 4352 2326 4398 est.
2347 4341 2670 4412 Propitiatio
2694 4349 2895 4402 autem,
2918 4340 3010 4395 Dei
3032 4357 3155 4395 cum
3173 4341 3491 4395 hominibus

241 4448 342 4503 τοῦ
372 4445 507 4501 Θεοῦ
538 4445 673 4517 πρὸς
691 4444 781 4497 τὸν
809 4440 1092 4513 ἄνθρωπον
1124 4439 1215 4493 διὰ
1256 4436 1580 4509 σαρκώσεως
1609 4434 1808 4505 σύμϐο-

242 4540 337 4592 λον
368 4538 601 4608 ὑπάρχει
647 4532 1014 4602 καταλλαγῆς.
1058 4531 1115 4584 '0
1157 4529 1267 4598 γὰρ
1317 4527 1513 4590 ὑποδὺς
1558 4525 1817 4588 ἑκουσίως

242 4631 347 4699 τὴν
391 4628 485 4681 τοῦ
522 4625 940 4699 κατακριθέντος
996 4620 1343 4689 κατάκρισιν,
1392 4616 1671 4669 διελύσατο
1717 4616 1817 4685 τήν

246 4738 384 4775 ποτε
416 4721 553 4791 πρὸς
581 4718 763 4773 αὑτὸν
789 4715 1132 4786 κυρωθεῖσαν
1178 4711 1396 4781 ἔχθραν.
1442 4708 1506 4763 Ἡ
1549 4708 1605 4759 δὲ
1636 4724 1821 4776 σκηνο-

247 4814 444 4884 πηγία,
466 4811 809 4882 προτύπωσίς
845 4811 989 4862 ἐστιν
1016 4803 1364 4862 ἀναστάσεως
1383 4839 1398 4863 ,
1423 4799 1518 4852 καὶ
1552 4799 1648 4869 τῆς
1680 4798 1819 4853 πάν-

243 4925 358 4960 των
394 4905 528 4975 πρὸς
558 4901 825 4972 άτρεψίαν
874 4897 1303 4968 μεταποιήσεως.

326 5016 445 5087 μς·’.
481 5016 539 5067 '0
553 5014 731 5082 ψιλαῖς
758 5013 877 5072 ταῖς
906 5008 1149 5076 ὲναίμοις
1179 5006 1384 5075 χαίρων
1411 5003 1643 5066 θυσίαις,
1663 5001 1815 5070 φησὶ,

245 5111 380 5180 περὶ
405 5108 470 5160 τὰ
500 5105 646 5174 πάθη
689 5099 1005 5163 σπουδάζειν
1029 5099 1103 5161 ὡς
1136 5094 1389 5167 ἐμπαθὴς
1411 5091 1818 5165 παρασκευάζει

246 5202 375 5262 τοὺς
404 5198 661 5258 θύοντας*
697 5196 841 5263 φιλεί
885 5193 993 5260 γάρ
1022 5189 1234 5260 χαίρειν
1263 5186 1324 5240 τὸ
1364 5186 1601 5256 γνησίως
1640 5183 1815 5245 σέϐον,

247 5288 330 5355 οἷς
355 5289 533 5361 χαίρει
560 5288 619 5340 τὸ
655 5281 1145 5355 προσκυνούμενον.

327 5490 436 5560 μζ.
474 5488 598 5540 ’Ότι
633 5485 820 5546 θυσίας
846 5478 982 5535 οἶδεν
1008 5483 1035 5533 ὁ
1063 5479 1234 5548 λόγος,
1282 5470 1433 5548 φησι,
1458 5478 1556 5548 τὴν
1583 5478 1689 5530 τῶν
1713 5496 1818 5530 πα-

252 5581 360 5635 θῶν
386 5579 616 5648 σφαγὴν,
646 5576 739 5627 καὶ
766 5575 863 5642 τὴν
897 5571 1005 5623 τῶν
1055 5571 1298 5640 φυσικῶν
1337 5570 1618 5639 δυνάμεων
1652 5586 1819 5636 προσ-

245 5672 502 5744 αγωγὴν·
534 5662 609 5721 ὧν
641 5666 731 5719 τοῦ
765 5667 859 5735 μὲν
895 5665 1053 5729 λόγου
1084 5662 1249 5724 τύπος
1289 5663 1433 5716 ἐστὶν
1464 5661 1659 5731 ὀκριός
1690 5679 1700 5690 ,
1725 5661 1817 5713 τοῦ

1923 4453 2022 4508 per
2048 4435 2484 4491 incarnationem
2510 4432 2981 4488 reconciliationis
3006 4433 3333 4504 symbolum.
3382 4432 3487 4499 Qui

1920 4527 2070 4581 enim
2098 4536 2314 4595 sponte,
2341 4526 2460 4594 ejus
2484 4525 2577 4593 qui
2617 4540 2746 4579 reus
2785 4524 3035 4580 criminis
3077 4533 3216 4587 erat,
3266 4525 3494 4579 damna-

1921 4619 2125 4673 tionem
2148 4617 2339 4683 subiit,
2360 4616 2505 4685 quod
2535 4616 2588 4669 in
2618 4631 2742 4670 eum
2770 4616 2982 4685 pridem
3005 4616 3278 4671 ﬁrmatum
3301 4617 3490 4671 odium

1918 4718 2055 4774 erat,
2088 4708 2359 4762 dissolvit.
2393 4706 2728 4777 Scenepegia
2760 4722 2912 4769 vero,
2952 4707 3147 4762 futura:
3188 4708 3492 4777 designatio

1920 4799 2364 4862 resurrectionis,
2393 4798 2750 4867 omniumque
2776 4798 2829 4850 in
2861 4798 3258 4853 immutabilem
3288 4808 3489 4852 statum

1920 4888 2410 4944 transmutationis.

1990 5009 2078 5065 46.
2125 5008 2229 5073 Qui
2269 5006 2432 5061 nudis
2473 5006 2719 5062 cruentis
2759 5005 2956 5060 hostiis
3009 5005 3335 5069 delectatur,
3388 5006 3493 5061 hoc

1920 5108 2143 5171 praestat
2173 5107 2431 5167 tanquam
2476 5097 2846 5160 libidinosus',
2879 5106 2941 5150 ut
2985 5098 3079 5165 qui
3126 5096 3352 5162 faciunt,
3388 5098 3492 5166 ipsi

1921 5203 2140 5258 quoque
2170 5186 2385 5240 libidini
2412 5187 2689 5239 studeant.
2734 5184 2836 5250 Qui
2861 5185 3006 5238 enim
3055 5184 3268 5239 sincere
3316 5201 3493 5255 exque

1921 5281 2104 5334 animo
2127 5280 2278 5343 colit,
2311 5279 2377 5331 iis
2402 5277 2583 5331 libens
2615 5278 2836 5348 gaudet,
2863 5278 3065 5346 quibus
3111 5276 3247 5345 ipse,
3281 5278 3369 5331 cui
3403 5294 3494 5331 vc-

1921 5373 2263 5425 nerationem
2299 5386 2362 5424 ac
2382 5371 2588 5423 cultum
2619 5369 2830 5423 tribuit.

1990 5485 2080 5538 47.
2112 5482 2329 5536 Hostias
2349 5482 2655 5551 Scriptura,
2695 5482 2993 5537 aﬂ‘cctuum
3045 5480 3492 5543 immolationem,

1921 5571 2364 5639 naturaliumque
2402 5571 2722 5625 facultatum
2764 5571 3121 5635 oblationem,
3143 5587 3340 5626 vocare
3366 5584 3494 5627 con-

1923 5662 2137 5725 suevit;
2166 5676 2194 5712 e
2224 5660 2426 5727 quibus
2474 5660 2637 5720 aries,
2685 5659 2916 5712 rationis
2976 5659 3142 5729 ﬁgura
3204 5668 3317 5725 est;
3377 5671 3493 5717 tatt-
