3932 6326
188 342 300 407 785

1371 345 1865 420 QUJESTIONES
1902 347 2000 410 ET
2037 348 2294 410 DUBIA‘.

3360 317 3468 414 786

266 455 359 520 ξεν.
397 451 523 519 Πῶς
577 453 736 521 Δόξα
793 455 1015 527 λέγεται
1070 457 1261 514 πάλιν·
1293 461 1401 515 τοῦ
1457 461 1708 530 Ἰσραὴλ
1748 463 1822 524 61

1953 463 2042 518 65.
2070 462 2360 530 Quomodo
2406 479 2602 523 rursus
2655 463 2850 521 Sermo
2905 463 3123 520 dicatur
3156 463 3338 522 Gloria
3387 465 3471 524 Is-

193 549 393 616 Λόγος.

148 624 155 631 Ι
265 641 374 707 ξςό
407 640 584 710 Ἀμα,
609 639 796 712 φησιν,
827 641 1142 698 ἀποκτείνει
1178 659 1263 707 τις
1291 642 1382 697 τὸν
1411 646 1467 698 ὲν
1493 645 1572 714 τῷ
1600 646 1781 716 γράμ.

193 749 328 801 ματι
373 730 468 784 τοῦ
505 731 673 801 νόμου
718 733 1030 804 σωματικὸν
1059 734 1206 801 νοῦν,
1247 735 1598 807 βασιλεύοντα
1632 737 1784 807 δέχεο

188 841 284 877 ται
323 825 417 877 τὸν
449 824 507 877 ὲν
529 823 605 896 τῷ
634 824 909 897 πνεύματι
934 827 1116 896 λόγον.

268 916 367 981 ξζν.
397 916 504 970 Τὸν
539 917 702 970 Δασὶδ
732 918 892 972 ἔλαϐε
940 919 1038 974 καὶ
1075 921 1156 983 εἰς
1189 918 1282 974 τὸν
1314 919 1544 992 Κύριον,
1573 921 1668 975 καὶ
1702 923 1780 985 είς

191 1014 256 1066 τὸ
282 1011 634 1082 Εὐαγγέλιον,
674 1013 770 1066 καὶ
808 1015 888 1078 εἰς
921 1012 1014 1068 τὸν
1057 1015 1424 1084 πνευματικὸν
1466 1014 1661 1084 νόμον-³
1691 1016 1784 1068 καὶ

193 1109 277 1168 είς
311 1105 408 1176 τὴν
435 1105 662 1174 γνῶσιν,
701 1106 795 1158 καὶ
848 1106 930 1169 είς
975 1106 1074 1177 τὴν
1128 1107 1382 1178 θεωρίαν,
1425 1107 1518 1160 καὶ
1570 1109 1651 1172 είς
1685 1107 1784 1177 τὴν

191 1198 504 1266 λεγομένην
530 1195 754 1267 πρᾶξιν,
791 1197 887 1250 καὶ
919 1198 1000 1260 εἰς
1045 1196 1137 1250 τὸν
1175 1197 1294 1250 νέον
1325 1197 1478 1250 λαόν·
1515 1199 1607 1251 καὶ
1643 1198 1785 1252 κατὰ

193 1288 432 1351 ⁸πολλοὺς
477 1287 711 1358 θεωρίας
765 1287 1024 1358 τρόπους,
1072 1288 1402 1360 προσφόρως
1435 1291 1549 1353 τοῖς
1599 1289 1785 1352 τόποις

193 1381 337 1449 πρὸς
374 1379 472 1451 τὴν
504 1377 878 1449 ὑποκειμένην
905 1380 1117 1450 ἥρμοσε
1151 1381 1361 1451 χρείαν.

271 1470 376 1542 ξη’.
419 1471 479 1524 Ὀ
497 1471 624 1535 τοὺς
647 1469 851 1534 τύπους
885 1471 1021 1525 ἀλλὰ
1049 1471 1123 1543 μὴ
1148 1472 1215 1526 τὰ
1241 1473 1526 1544 ἀρχέτυπα
1548 1474 1658 1528 τῶν
1687 1493 1789 1546 μυ-

195 1559 445 1632 στηρίων
477 1559 638 1632 ἔχων,
672 1563 768 1616 καὶ
796 1561 899 1633 τὴν
930 1562 1223 1635 ἐρώτησιν,
1251 1565 1389 1618 ἀλλὰ
1415 1565 1488 1637 μὴ
1519 1565 1616 1638 τὴν
1648 1567 1790 1637 γνῶ⁹

195 1665 283 1704 σίν
315 1651 424 1703 τῶν
459 1652 516 1703 ὲν
555 1651 827 1722 πνεύματι
863 1653 1184 1723 φωτισμῶν,
1215 1648 1454 1726 εἰληφὼς
1475 1657 1706 1723 δάνειον,
1728 1657 1788 1711 τὸ

191 1741 634 1812 ὁμολογούμενον
677 1743 790 1806 τοῖς
826 1733 1281 1815 προειρημένοις,
1307 1747 1405 1818 τὴν
1437 1749 1556 1801 κατ’
1595 1747 1787 1818 αἴσθη-

193 1852 284 1887 σιν
316 1835 375 1887 ὲν
406 1836 516 1897 τοῖς
546 1834 838 1905 συμϐόλοις
861 1833 956 1888 τοῦ
979 1837 1146 1906 νόμου
1168 1839 1395 1908 πεῖρανο
1425 1839 1570 1894 κατὰ
1607 1839 1787 1911 ψυχὴν

189 1921 487 1994 ὶιμὼττων
523 1923 619 1977 τοῦ
670 1924 982 1994 πνεύματος
1003 1967 1017 1992 ,
1052 1926 1148 1981 καὶ
1182 1928 1280 1998 τὴν
1331 1927 1520 2000 ὥσπερ
1563 1930 1785 2000 ὁδηγίαν

189 2013 470 2086 ἐρώτησιν
498 2015 596 2086 τῆς
643 2018 784 2072 κατὰ
834 2017 1094 2091 ἀλήθειαν
1143 2020 1396 2090 γνώσεως
1442 2022 1779 2092 μυωπάζων.

267 2179 372 2246 ξθν.
405 2179 792 2252 Μεταξυλογία
818 2183 958 2250 ἐστὶ,
989 2184 1052 2238 τὸ
1083 2186 1141 2240 ἐν
1232 2188 1395 2258 τυχόν
1431 2189 1549 2243 ἐστι
1582 2189 1784 2244 πολλὰ·

191 2291 287 2337 m;
320 2275 419 2328 καὶ
446 2271 735 2347 πλάνησις.

256 2373 328 2422 o’.’
363 2369 784 2442 Μακαριότητος
832 2371 990 2444 δῆλον
1047 2373 1170 2438 ὅτι,
1200 2375 1330 2439 τοὺς
1375 2375 1516 2430 κατὰ
1565 2375 1787 2446 μέθεξιν

190 2461 375 2531 αὐτῆς
416 2461 750 2528 ἀξιωθέντας
797 2449 1312 2538 χᾶρακτηριζούσης
1334 2508 1350 2534 ,
1381 2468 1476 2522 καὶ
1518 2468 1579 2534 ἐξ
1614 2468 1786 2540 αὐτῆς

191 2552 520 2624 γνωρίμους
553 2554 752 2620 αὐτοὺς
779 2556 1117 2612 καθιστῶσα.

1882 552 2060 610 raeli's.

1953 646 2172 702 66.Mox
2198 663 2262 703 ac
2282 647 2481 719 aliquis
2504 649 2858 706 exsistentcm
2888 651 2942 705 in
2970 651 3106 721 legis
3136 651 3320 707 littera
3343 666 3466 707 cor-

1881 740 2130 809 poralem
2153 756 2376 796 sensum
2400 741 2622 807 occidit,
2657 752 2979 813 regnantem
3010 745 3065 798 in
3117 743 3314 814 spiritu
3343 745 3470 802 Ser-

1883 847 2104 887 monem
2127 833 2346 903 recipit.

1955 923 2044 980 67.
2083 921 2691 989 Davidem,et'Domini
2719 934 2778 980 et
2814 925 3095 997 Evangelii
3131 937 3188 983 et
3225 929 3471 984 scientia:

1885 1022 1946 1071 et
1972 1013 2480 1083 contemplationis,
2507 1023 2564 1069 et
2595 1014 2831 1069 actionis
2860 1013 3045 1086 (quam
3065 1014 3284 1087 vocant)
3313 1016 3473 1073 novi.

1888 1123 1996 1178 que
2031 1106 2220 1177 populi
2269 1114 2399 1177 typo
2423 1105 2673 1174 accepit;
2728 1106 2994 1176 juxtaque
3045 1107 3229 1160 varios
3277 1121 3472 1162 sensus

1890 1195 2164 1266 spiritalis
2189 1196 2404 1261 modos,
2443 1210 2546 1265 pro
2577 1193 2828 1251 locorum
2868 1196 3109 1260 ratione,
3172 1196 3305 1266 quid
3356 1197 3473 1252 cui-

1886 1303 1996 1359 que
2033 1303 2100 1343 ex
2127 1287 2389 1359 subjectae
2413 1288 2660 1343 materiae
2689 1303 2792 1344 usu
2824 1289 2918 1354 sit,
2951 1288 3348 1345 convenienter
3373 1305 3472 1359 ap-

1890 1380 2042 1434 tavit.

1959 1471 2049 1525 68.
2087 1469 2190 1536 Qui
2215 1469 2437 1541 ﬁguras,
2472 1487 2582 1527 non
2611 1471 2756 1542 ipsas
2779 1471 3060 1543 principes
3083 1472 3474 1544 mysteriorum

1892 1561 2058 1633 300
2086 1560 2314 1629 formas,
2373 1578 2438 1618 ac
2472 1565 2970 1634 percontationem,
3009 1581 3120 1620 non
3155 1565 3474 1620 illustration

1891 1667 2023 1705 num
2050 1651 2106 1704 in
2131 1651 2326 1722 spiritu
2365 1652 2652 1707 scientiam
2693 1663 2890 1709 nactus
2910 1663 3032 1721 est;
3078 1663 3304 1726 accepto
3348 1670 3475 1710 mu~

1892 1750 2011 1809 tuo,
2044 1758 2146 1812 pro
2167 1759 2234 1798 eo
2263 1745 2746 1814 ac.supcrioribus
2778 1746 3060 1817 explorate
3107 1747 3356 1801 habitum
3392 1753 3476 1802 est

1895 1835 2055 1909 (legis
2094 1837 2307 1892 scilicet
2324 1853 2392 1892 ex
2436 1852 2631 1893 sensus
2675 1836 2890 1893 ratione
2939 1837 2993 1891 in
3023 1838 3286 1910 symbolis
3313 1853 3478 1907 expe-

1891 1926 2167 2000 rimento)
2203 1927 2433 1998 spiritus
2478 1926 2621 1983 fame
2662 1929 2848 1983 animo
2911 1928 3277 1992 contabescit,
3323 1926 3477 1982 velut

1887 2017 1992 2071 viae
2013 2016 2233 2082 ducem,
2270 2033 2415 2073 verae
2450 2016 2697 2073 scientia:
2720 2018 3197 2088 percontationem
3235 2017 3476 2073 lusciose

1887 2105 2198 2162 attendens.

1963 2197 2052 2254 69.
2077 2197 2440 2254 Interlocutio
2465 2206 2571 2268 est,
2590 2199 2736 2272 quod
2759 2201 2832 2255 ita
2863 2200 3088 2267 dicitur,
3124 2201 3180 2256 in
3203 2216 3312 2272 qua
3335 2200 3476 2258 forte

1888 2305 2036 2360 saepe
2072 2289 2241 2345 etiam
2280 2306 2438 2346 crror
2469 2301 2553 2348 est
2581 2309 2646 2348 ac
2668 2293 2942 2365 deceptio.

1960 2378 2050 2433 70.
2092 2379 2505 2435 Beatitudinem
2533 2382 2768 2448 scilicet,
2800 2399 2923 2452 quae
2946 2398 3043 2437 cos
3071 2382 3165 2453 qui
3199 2383 3319 2454 ejus
3349 2399 3476 2456 par-

1887 2469 2084 2541 ticipes
2113 2471 2252 2526 ellici
2280 2481 2606 2528 meruerunt
2625 2473 2779 2529 velut
2802 2473 3233 2544 notainsigniat,
3267 2483 3324 2530 et
3353 2490 3386 2530 a
3413 2479 3473 2532 se

1885 2571 2053 2618 notos
2076 2562 2204 2619 illos
2230 2562 2456 2620 cﬂiciat.

201 2741 3398 2786 ww

2975 2763 3430 2790 Ἢ

623 3110 1131 3258 ΠΕΥΣΕΙΣ.
1193 3163 1389 3249 ΚΑΙ
1459 3161 2130 3251 ΑΠΟΚΡΙΣΕΙΣ
2189 3167 2385 3251 ΚΑΙ
2435 3165 3047 3254 ΕΡΩΤΗΣΕΙΣ

1609 3341 1730 3398 ΚΑΙ
1763 3344 2064 3401 ΕΚΛΟΓΑΙ

1248 3497 1552 3567 Διαφόρων
1577 3499 1922 3567 uasculath
1948 3499 2376 3570 ἀπορουμένων
2390 3503 2427 3564 ⁶,

1857 3636 1895 3650 “

1523 3788 1674 3902 EJ
1688 3786 2171 3902 USDEM‘

835 4010 1351 4087 QUESTIONES,
1392 4007 2117 4073 INTERROGATIONES
2155 4013 2251 4074 ET
2290 3969 2859 4075 REéPONSIONES

1065 4167 1591 4246 Diversorumque
1628 4163 2048 4230 diiiiciliorum
2082 4167 2354 4247 capitum
2401 4166 2622 4228 electa-

776 4466 1113 4521 ΕΡΩΤΗΣΙΣ
1142 4467 1221 4520 A'.

280 4563 458 4627 τίνες
487 4557 691 4628 ἀρεταὶ
720 4557 952 4628 ψυχῆς,
979 4557 1079 4612 καὶ.
1105 4559 1266 4625 τινες
1291 4559 1564 4628 σώματος
1588 4580 1606 4628 ;

834 4759 1200 4828 Ἀπόκρισις.

278 4850 506 4922 Ἀρεταὶ⁵
545 4849 726 4921 ψυχῆς
777 4851 914 4904 εἰσιν
964 4846 1157 4905 αὗται·
1191 4851 1414 4920 ἀγάπη,
1441 4851 1792 4920 ταπείνωσις,

203 4942 488 5014 πραΰτης,
545 4943 916 5015 μακροθυμία,
981 4941 1340 5008 ἀνεξικακία,
1394 4944 1792 5015 ἁμνησικακία,

204 5035 510 5106 ἀοργησία,
538 5035 606 5089 τὸ
645 5034 883 5106 ἄθυμον.
915 5036 975 5090 τὸ
1027 5035 1280 5106 ἄφθονον,
1332 5035 1394 5090 τὸ
1442 5036 1700 5108 ἄκριτον,
1736 5040 1798 5094 τὸ

209 5125 543 5192 ἀκενόδοξον
563 5167 579 5192 ,
613 5127 979 5197 ἐλεημοσύνη,
1020 5124 1370 5196 σωφροσύνη,
1397 5127 1792 5199 ἀφιλαργυρίω,

209 5217 554 5288 συμπάθεια,
605 5219 846 5288 ἄτυφον,
888 5219 1324 5289 ἀνυπερήφανον,
1379 5223 1794 5276 κατανυκτικύν.

219 5309 448 5380 Ἀρεταὶ
479 5310 536 5364 δὲ
576 5309 828 5381 σώματός
881 5312 1017 5365 εἰσιν
1071 5306 1267 5366 αὗται·
1304 5312 1554 5382 νηστεία,
1589 5329 1796 5382 χαμευο

211 5401 323 5463 νία,
373 5402 1048 5474 ἀγρυπνία,.ὲγκράτεια,
1083 5403 1460 5475 ἀκτημοσύνης
1499 5404 1561 5458 τὸ
1599 5404 1796 5476 ἀπερί-

209 5508 326 5545 σπα
333 5509 477 5549 στον.

2365 4461 2887 4520 INTERROGATIO
2937 4463 2980 4518 l.

1973 4558 2231 4623 Quaenam
2283 4558 2486 4623 animi,
2527 4574 2589 4612 ac
2648 4573 2896 4627 quanam
2937 4557 3043 4612 sint
3099 4558 3330 4626 corporis
3377 4559 3480 4614 vir-

1901 4659 2037 4703 tutes
2059 4650 2084 4703 ?

2535 4759 2836 4832 Responsio.

1969 4856 2150 4912 Animi
2178 4855 2413 4909 virtutes
2437 4863 2568 4907 sunt
2602 4853 2730 4908 hae:
2792 4853 3033 4909 cbaritas
3080 4867 3179 4909 seu
3231 4853 3476 4924 dilectio,

1897 4948 2206 5011 humilitas,
2258 4944 2664 5011 mansuetudo,
2706 4944 3093 5015 longanimitas
3123 4986 3138 5010 ,
3189 4945 3476 5017 patientia,

1900 5037 2224 5108 injuriarum
2290 5035 2522 5101 oblivio,
2557 5034 2626 5089 ab
2657 5033 2760 5100 ira,
2785 5034 2996 5101 furore,
3039 5034 3244 5090 invidia
3282 5036 3482 5091 immu-

1901 5147 2029 5187 nem
2063 5146 2208 5195 esse,
2243 5145 2356 5186 non
2373 5128 2648 5200 judicare,
2676 5128 2828 5183 inani
2855 5129 3045 5200 gloriae
3065 5144 3178 5183 non
3231 5129 3478 5197 studere,

1901 5226 2275 5297 elcemosyna,
2306 5224 2534 5279 castitas
2559 5222 2839 5292 animique
2865 5223 3155 5288 sobrietas,
3183 5236 3294 5278 non
3325 5221 3478 5278 avari

1903 5330 2110 5380 mores,
2145 5313 2316 5368 animi
2359 5311 2677 5368 miserantis
2705 5312 2948 5380 all‘ectio,
2983 5329 3182 5370 sensus
3216 5313 3286 5369 ab
3329 5311 3477 5369 omni

1903 5405 2216 5476 arrogantia
2250 5420 2316 5460 ac
2347 5405 2607 5475 superbia
2629 5407 2865 5473 alienus,
2915 5406 3289 5478 compunctio.
3344 5405 3480 5461 Cor-

1901 5499 2054 5569 poris
2075 5503 2258 5551 autem
2282 5495 2520 5551 virtutes
2550 5505 2679 5553 sunt
2708 5516 2721 5551 :
2759 5497 3052 5570 jejunium,
3080 5497 3210 5555 lct’ti
3246 5495 3483 5556 duritiae

206 5581 472 5655 nudaque
503 5588 658 5645 humi
693 5589 938 5656 cubatio,
964 5589 1184 5660 vigilize,
1219 5591 1581 5658 continentia,
1612 5609 1798 5649 rerum
1837 5577 2134 5656 abdicatio,
2158 5606 2270 5644 non
2301 5589 2574 5661 divagatio
2608 5608 2704 5648 seu
2734 5591 3040 5648 distractio.

278 5741 417 5798 ’Ἐς
470 5745 640 5817 Regio
685 5748 808 5802 cod.
841 5748 1120 5820 alteroque
1167 5752 1342 5808 exccl.
1382 5752 1445 5808 ν.
1485 5737 1633 5810 Petri
1681 5753 1928 5826 Seguier,
1953 5754 2197 5812 Francia!
2223 5753 2556 5811 cancellarii.
