3932 6326
263 305 372 372 817

254 511 386 564 πὶαν
419 513 477 563 ὲν
501 514 566 582 τῇ
590 511 684 564 τοῦ
713 513 838 583 ᾅδου
866 513 1088 586 γένηται
1113 518 1282 589 χώρα,
1302 521 1415 573 ὅσοι
1438 523 1824 588 πιστεύσωσιν,

253 600 428 672 ἀφεθῇ
458 602 640 666 αὐτοῖς
674 605 707 673 ή
758 604 859 672 τῆς
892 606 1146 671 ἀσεϐείας
1174 611 1415 680 ἁμαρτία
1440 630 1451 641 ·
1484 613 1580 666 καὶ
1619 614 1828 685 ζήσωσι

253 693 394 746 κατὰ
452 693 582 747 Θεὸν
643 695 948 765 πνεύματι,
1003 701 1284 770 κριθέντες
1339 703 1580 772 δηλονότι
1641 706 1825 776 σαρκὶ,

251 782 436 847 καθὼς
470 785 706 855 εἴρηται,
739 787 876 861 ὑπὲρ
927 790 1036 846 τῶν
1080 794 1160 854 εἰς
1204 794 1524 862 ἀνθρώπους
1573 794 1828 868 πλημμε-

251 872 428 931 λειῶν.

851 993 1048 1048 ΕΡΩΤ.
1089 995 1220 1049 AH'.

327 1077 391 1132 Τί
439 1079 720 1148 σημαίνει
765 1080 942 1134 Δαϐὶδ
988 1081 1262 1150 ψάλλων,
1306 1085 1404 1155 καὶ
1447 1085 1514 1140 τὸ
1559 1089 1826 1158 πονηρὸν

248 1167 487 1237 πνεῦμα
521 1170 626 1224 τοῦ
659 1170 859 1226 Σαοὺλ
884 1172 1361 1229 ἀποκαταπαύων
1385 1194 1401 1240 ,'

923 1284 1162 1354 Ἀπόκρ.

325 1373 440 1435 Πᾶς
479 1372 674 1426 δκατὰ
722 1373 815 1428 τὸν
868 1376 1135 1447 μακάριον
1187 1379 1351 1432 Δαϐὶδ
1400 1382 1703 1451 ποιμαίνων
1754 1383 1822 1436 τὰ

244 1462 522 1533 πρόϐατα,
549 1463 849 1528 τουτέστιν,
891 1466 952 1517 τὸ
993 1466 1297 1534 λογιστικὸν
1327 1471 1427 1538 τῆς
1459 1471 1634 1541 ψυχῆς
1660 1489 1676 1504 ο
1730 1475 1823 1526 καὶ

245 1553 458 1605 κτένων
491 1551 659 1622 Θυμὺν
707 1555 804 1607 καὶ
851 1555 1146 1624 ἐπιθυμίαν
1180 1559 1428 1630 καθάπερ
1483 1563 1687 1624 ἐκεῖνος
1729 1563 1822 1617 τὸν

244 1643 440 1696 λέοντα
469 1646 561 1697 καὶ
587 1643 685 1714 τὴν
716 1646 883 1718 ἄρκον
902 1665 914 1680 ·
947 1641 1099 1711 οὗτος
1129 1649 1207 1718 τῷ
1248 1650 1391 1721 λόγῳ
1427 1653 1526 1720 τῆς
1569 1653 1821 1706 διῖασκα-

1421 322 1910 395 ΟΗΑΕΞΤΙΟΝΕΒ
1950 331 2046 391 ET
2086 335 2338 396 DUBIA.

257 421 344 473 Ira
373 419 458 470 διὰ
487 419 583 488 τῆς
619 419 699 483 εἰς
731 423 896 477 αὐτ-δν
927 423 1186 490 πίστεως,
1223 428 1384 499 ἡνίκα
1413 431 1500 484 διὰ
1533 433 1816 506 φιλανθρω-

1938 437 2087 494 misit
2121 459 2134 494 :
2167 450 2228 497 ut
2271 445 2482 500 scilicet
2514 461 2613 516 per
2653 448 2813 504 tidem
2852 453 2904 506 in
2947 454 3146 524 ipsum,
3188 472 3310 512 eum
3353 463 3515 518 beni-

3405 349 3518 418 818--

1937 530 2197 598 gnissima
2220 533 2512 590 clementia
2529 537 2595 591 ad
2616 537 2830 596 inferna
2852 543 3250 613 descendisset,
3265 549 3508 606 universi

1936 619 1993 672 in
2029 635 2154 676 eum
2184 623 2473 688 credituri,
2519 627 2820 697 impietatis
2851 642 3002 687 reatu
3032 637 3399 700 solverentur,
3424 638 3507 690 νῑτ

1935 722 2238 781 verentque
2282 716 2483 784 spiritu
2523 721 2826 775 secundum
2857 724 3065 792 Deum;
3099 742 3264 781 carne
3298 729 3509 784 scilicet

1927 800 2184 871 judicati,
2216 820 2410 861 eorum
2435 810 2676 876 nomine,
2713 827 2833 882 qua:
2870 815 2925 869 in
2956 817 3205 873 homines
3239 818 3507 889 deliquis-
3565 831 3578 844 ‘

1931 902 2075 948 sent.

2419 1006 2702 1063 IN‘TERR.
2740 1009 3027 1066 XXXVIII.

2003 1086 2142 1178 Quid
2154 1092 2252 1146 sibi
2273 1093 2396 1147 velit
2423 1094 2594 1151 David
2617 1099 2913 1170 psallendo,
2935 1105 3278 1178 spiritumque
3303 1122 3501 1168 malum

1931 1196 1964 1232 a
1988 1177 2154 1235 Saule
2176 1184 2406 1240 sedando
2445 1205 2506 1242 ac
2530 1190 2816 1260 mitigando
2847 1193 2886 1224 "'
2914 1193 2936 1246 ?

2635 1301 2791 1374 Resp.

2000 1384 2259 1457 Quisquis
2310 1391 2366 1444 in
2419 1390 2563 1447 beati
2611 1393 2830 1450 Davidis
2869 1412 3097 1468 morem,
3146 1416 3278 1458 oves
3328 1407 3502 1474 pascit

1932 1473 2120 1544 (animi
2140 1478 2654 1549 sciliceteogitantis
2677 1485 2784 1537 vim
2807 1501 2869 1540 ac
2888 1489 3134 1562 rationis)
3151 1507 3214 1547 ac
3236 1473 3387 1549 velut
3412 1497 3501 1551 ille

1927 1565 2142 1620 leonem
2165 1578 2422 1624 etursun.
2449 1572 2608 1642 (iram
2626 1577 3073 1652 ctcupiditatcm)
3093 1583 3383 1651 occidit“;
3411 1587 3500 1641 hic

1929 1656 2192 1712 doctrina:
2230 1675 2539 1717 sermonem
2575 1680 2699 1718 cum
2733 1668 2954 1722 sublimi
2983 1672 3216 1739 quadam
3250 1683 3498 1729 eontem-

241 1735 370 1798 λξας
398 1733 676 1806 χρώμενος
727 1737 865 1807 μετᾶ
905 1755 1049 1802 τινος
1101 1739 1310 1810 ὑψηλῆς
1363 1742 1613 1813 θεωρίας,
1640 1745 1816 1815 ἡδύνει

1932 1746 2168 1815 plationc
2201 1765 2493 1820 usurpans,
2533 1754 2846 1809 audientem
2877 1758 3134 1826 delectat,
3162 1761 3497 1834 vitiososqne

241 1825 344 1879 τὸν
371 1825 654 1891 ἀκούοντα,
681 1829 774 1882 καὶ
799 1830 867 1884 τὰ
897 1833 956 1884 ἐν
982 1830 1132 1902 αὐτῷ
1175 1831 1319 1905 πάθη
1349 1835 1447 1906 τῆς
1472 1837 1670 1900 κακίας
1696 1855 1816 1891 κατ-

1932 1835 1982 1889 in
2011 1852 2076 1892 eo
2107 1837 2338 1896 atl'ectus
2361 1853 2424 1904 ac
2451 1841 2710 1898 libidines
2729 1845 2916 1903 sedat.

238 1916 485 1982 ευνὰζει.

540 2075 546 2080 .
846 2033 1044 2090 ΕΡΩΤ.
1077 2034 1184 2089 Λθ¹

540 2075 546 2080 .
846 2035 1044 2090 ΕΡΩΤ.
1125 2035 1184 2088 8'

333 2119 570 2189 Ἐπειδὴ
596 2122 634 2190 ἡ
664 2121 873 2192 Γραφὴ
913 2035 1141 2192 triarii:
1167 2125 1345 2196 λέγει,
1377 2128 1463 2182 ὅτι
1490 2128 1709 2184 δέδωκε
1728 2129 1824 2183 δερ

146 2206 151 2210 ’
239 2207 432 2275 mlta;-
463 2214 496 2264 ό
549 2212 791 2283 Ἀϐραὰμ
826 2215 904 2280 τῷ
931 2217 1300 2284 Μελχισεδέκ
1324 2235 1340 2250 ⁶
1387 2220 1586 2286 ἄλλως
1622 2238 1686 2275 τε
1727 2220 1824 2274 καὶ

239 2300 304 2353 el
357 2300 551 2354 πάντα
575 2301 840 2356 ἀπέδωκε
864 2341 878 2366 ,
917 2304 1109 2372 καθὼς
1140 2308 1322 2374 αὐτὸς
1346 2309 1506 2377 λέγει
1532 2354 1543 2370 .
1583 2310 1671 2364 ὅτι
1716 2311 1824 2378 ἕως

239 2389 659 2459 σφαιρωτῆρος
691 2393 1072 2462 ὑποδήματος
1103 2397 1212 2450 οὐκ
1245 2397 1443 2461 ἔλαϐε,
1477 2402 1664 2454 πόθεν
1727 2400 1820 2454 δέ-

238 2479 401 2533 δωκε
429 2481 679 2548 δεκάτας
701 2500 719 2547 ;
744 2484 895 2538 Οὐδὲ
927 2485 1036 2554 γὰρ
1065 2487 1241 2552 αὐτὸς
1258 2488 1413 2542 ἴδιόν
1432 2507 1484 2545 τι
1505 2491 1822 2560 ἐπεφέρετο

237 2572 335 2638 εὶς
363 2572 630 2642 πόλεμον
652 2574 992 2645 ἕκπληκτος
1022 2577 1430 2648 ἀπερχόμενος

911 2689 1142 2759 Ἀπόκρ.
1685 2745 1688 2748 «

330 2778 548 2851 Ἐπειδὴ
579 2780 613 2850 ἡ
644 2780 761 2834 θεία
798 2782 988 2853 Γραφὴ
1021 2782 1170 2848 ἱερέα
1201 2782 1295 2836 τοῦ
1341 2784 1477 2837 Θεοῦ
1535 2784 1626 2837 τὸν
1675 2787 1820 2840 Μελ-

236 2872 462 2942 χισεδὲκ
495 2871 644 2939 λέγει
677 2868 836 2936 εἷναι,
866 2874 1252 2944 προσηκόντως
1309 2874 1416 2946 ἄρα
1475 2875 1502 2927 ὁ
1567 2877 1818 2949 Ἀϐραὰμ

235 2962 324 3024 ὡς
353 2961 538 3016 λαῖκοῦ
567 2963 718 3028 τάξιν
750 2963 962 3034 ἐπέχων
1001 2963 1288 3018 δεδωκέναι
1318 2965 1394 3036 τῷ
1427 2967 1562 3036 ἱερεί
1584 2968 1682 3031 τὰς
1736 2969 1820 3021 δε-

233 3053 418 3117 κάτας
471 3056 912 3126 πιστευθήσεται.
948 3057 1070 3108 Ὅτι
1101 3055 1157 3108 δὲ
1189 3059 1283 3110 καὶ
1308 3052 1423 3127 εἷχε
1490 3059 1654 3112 πόθεν
1710 3078 1816 3114 πα-

236 3147 490 3216 ρασχεῖν,
527 3145 736 3198 ἐκεῖθεν
770 3145 948 3215 δῆλον.
1012 3146 1075 3199 Οἱ
1127 3146 1236 3217 γὰρ
1288 3148 1819 3217 ἐπιστρατεύσαντες

236 3235 480 3307 βασιλεῖς
509 3235 602 3287 ἐπὶ
638 3236 864 3306 Σόδομα,
897 3235 960 3290 οὗ
1019 3237 1182 3306 μόνον
1245 3237 1313 3290 τὰ
1369 3239 1614 3309 Σοδόμων
1671 3237 1817 3312 εἶχον

232 3326 517 3389 λαϐόντες,
553 3327 686 3381 ἀλλὰ.
715 3327 808 3380 καὶ
841 3327 1017 3382 ἄλλων
1044 3327 1237 3398 χωρῶν
1263 3322 1410 3398 εἶχον
1446 3330 1563 3400 μεθ’
1607 3331 1816 3385 ἑαυτῶν

232 3416 494 3487 λάφυρα,
536 3416 680 3487 ἅπερ
715 3412 856 3487 ἦσαν
907 3417 1580 3488 προαλγμαλωτεύσαντες“
1638 3422 1817 3492 "Ana?

241 3509 432 3560 πάντα
485 3506 801 3573 κατακόψας
829 3507 1031 3570 αὐτοὺς
1060 3508 1089 3559 ὁ
1144 3507 1412 3579 Ἀϐραὰμ,
1465 3510 1561 3563 καὶ
1616 3509 1812 3575 λαϐὼν,

234 3596 312 3648 τὰ
351 3595 450 3663 μὲν
477 3595 585 3648 τῶν
627 3596 930 3666 Σοδομιτῶν
962 3597 1248 3650 ἀπέδωκε’
1277 3599 1346 3652 τὰ
1385 3598 1441 3650 δὲ
1493 3599 1628 3653 ἄλλα
1683 3601 1814 3671 παρ’

239 3683 424 3755 ἑαυτῷ
461 3684 746 3754 κατέσχεν,
799 3683 858 3750 ἐξ
883 3678 958 3738 ὧν
990 3685 1087 3738 καὶ
1119 3684 1216 3748 τὰς
1241 3685 1474 3746 δεκάτας
1535 3685 1613 3753 τῷ
1668 3687 1812 3740 Μελ-

238 3794 299 3848 χι
309 3775 460 3827 σεδὲκ
507 3775 833 3847 παρέσχετο.

869 3889 1061 3942 ΕΡΩΤ.
1095 3889 1186 3943 Μ’.
1213 3939 1224 3948 .

315 3977 483 4042 Τίνος
544 3977 740 4046 χάριν,
793 3981 847 4033 οι
891 3977 1010 4047 μὲν
1061 3979 1213 4031 κατὰ
1275 3978 1463 4047 νόμον
1519 3976 1691 4044 ἱερεῖς
1713 3997 1816 4048 τυ·-

235 4067 454 4133 ναῖκας
494 4069 651 4137 ἔχειν
682 4070 792 4122 οὐκ
819 4068 1156 4122 ἐκωλύοντο
1180 4085 1194 4099 ·
1257 4071 1312 4122 ol
1371 4068 1439 4122 δὲ
1487 4069 1638 4123 κατὰ
1675 4063 1816 4138 ’Χρι-

234 4159 395 4214 στὸν
418 4159 590 4227 ἱερεῖς
616 4160 965 4225 κωλύονται,
993 4159 1144 4214 ὅσον
1172 4161 1288 4214 ἀπὸ
1319 4160 1430 4230 τῆς
1453 4163 1779 4230 συνηθείας
1795 4179 1815 4228 ;

912 4270 1153 4324 Ἀπόκο.

917 4288 1093 4323 Ἀποκ
1141 4312 1153 4324 .

324 4360 540 4431 Ἐπειδὴ
587 4362 621 4432 ή
665 4361 760 4414 τοῦ
822 4288 1155 4430 Εὐαγγελίέυ
1194 4361 1464 4434 ἱερωσύνη
1531 4365 1673 4425 κατὰ
1715 4367 1814 4437 τὴν

236 4450 393 4516 τάξιν
413 4464 416 4465 ⁷
435 4452 768 4522 Μελχισεδὲκ
799 4452 1048 4520 γενέσθαι
1077 4453 1413 4520 πιστεύεται,
1450 4457 1544 4508 καὶ
1574 4457 1635 4509 οὐ
1669 4457 1809 4512 κατά

234 4541 340 4611 τὴν
372 4541 525 4607 τάξιν
565 4541 774 4613 Ἀαρών
800 4558 814 4572 ⁸
846 4542 1182 4612 Μελχισεδὲκ
1210 4543 1288 4606 δὲ,
1346 4549 1580 4612 γυναῖκα
1643 4549 1807 4620 ἐσχη-

2347 2036 2506 2108 315
2529 2040 2808 2098 INTERR.
2833 2043 3077 2102 XXXIX.

1994 2123 2126 2180 Cum
2155 2123 2432 2197 Scriptura
2466 2129 2610 2184 clare
2657 2134 2866 2200 habeat,
2904 2137 3103 2191 dedisse
3138 2138 3495 2195 Abrahamum

1925 2213 2149 2268 decimas
2173 2214 2575 2273 Melchisedeco:
2603 2220 2800 2293 alioqui
2836 2241 2955 2278 vero
2989 2225 3269 2280 reddiderit
3295 2231 3524 2294 omnia,‘

1924 2307 2000 2359 uti
2024 2308 2131 2376 ipse
2163 2307 2257 2370 ait,
2288 2323 2379 2360 nec
2401 2308 2470 2360 ad
2491 2309 2650 2365 calcei
2668 2329 2829 2382 usque
2856 2312 3073 2383 ligulam
3099 2317 3382 2385 quidquam
3409 2335 3496 2371 ac—

1921 2399 2135 2466 ceperit,
2157 2399 2416 2468 quomodo
2451 2399 2678 2454 decimas
2704 2403 2862 2457 dedit.
2898 2403 3072 2472 Neque
3104 2405 3240 2456 enim
3269 2406 3378 2473 ipse
3403 2415 3490 2458 tu-

1924 2486 2210 2542 multuarie
2248 2493 2530 2562 profectus,
2573 2492 2642 2546 ad
2681 2492 2804 2547 belli
2845 2504 3165 2564 apparatum
3206 2496 3491 2566 quidquam

1923 2577 2178 2634 attulerat
2205 2581 2270 2636 ”.

2637 2696 2790 2767 Resp.

1990 2779 2130 2836 Cum
2158 2781 2343 2837 divina
2374 2782 2658 2854 Scriptura
2693 2785 3149 2841 Melebisedecnm
3183 2788 3277 2842 Dei
3309 2804 3491 2843 sacer-

1921 2869 2104 2926 dotem
2152 2887 2271 2928 esse
2323 2874 2489 2941 dicat,
2540 2886 2665 2946 apte
2717 2878 2906 2948 utique
2959 2879 3321 2943 Abrahamus,
3367 2881 3491 2935 laici

1921 2963 2162 3020 hominis
2209 2965 2326 3035 ipse
2368 2975 2562 3022 tenens
2604 2969 2886 3036 ordinem,
2932 2973 3202 3027 sacerdoti
3253 2975 3492 3028 decimas

1919 3055 2281 3111 :estimabitur
2306 3058 2541 3114 dedisse.
2580 3059 2738 3126 Quod
2767 3077 2897 3116 vero
2935 3078 3045 3116 non
3087 3065 3304 3119 deesset
3346 3065 3491 3120 Unde

1918 3147 2211 3217 praeberet,
2251 3150 2377 3204 inde
2409 3150 2604 3221 liquet.
2636 3152 2673 3206 li
2705 3168 2939 3222 namque
2969 3169 3145 3224 reges,
3172 3155 3265 3224 qui
3292 3155 3490 3209 adver-

1917 3254 2011 3293 sus
2034 3240 2326 3294 Sodomam
2347 3243 2753 3311 expeditionem
2781 3254 3158 3314 susceperant,
3176 3260 3286 3299 non
3314 3247 3488 3300 solum

1919 3330 2303 3399 Sodomorum,
2339 3349 2531 3387 verum
2563 3333 2725 3387 etiam
2757 3335 2986 3388 aliarum
3025 3336 3330 3406 regionum,
3353 3352 3489 3406 quas

1917 3430 2044 3477 ante
2093 3423 2460 3493 diripuerant,
2518 3425 2804 3479 manubias
2856 3426 3137 3496 spoliaque
3194 3427 3485 3482 habebant.

1915 3512 2123 3569 Cuncta
2170 3515 2306 3580 haec,
2343 3515 2452 3570 illis
2492 3516 2814 3586 proﬂigatis,
2863 3532 2988 3570 eum
3021 3517 3363 3570 Abrahamus
3396 3524 3486 3570 tu-

1916 3601 2090 3667 lisset,
2115 3619 2237 3672 qua:
2273 3613 2431 3658 erant
2461 3605 2848 3660 Sodomorum.
2884 3606 3180 3661 Sodomilis
3213 3607 3484 3673 reddidit;

1915 3695 2126 3762 reliqua
2154 3710 2287 3749 vero
2313 3712 2482 3766 penes
2511 3712 2569 3752 se
2595 3696 2843 3761 retinuit,
2875 3711 2942 3752 ex
2974 3699 3174 3768 quibus
3207 3697 3490 3753 Melchise-

1915 3785 2050 3841 dceo
2074 3786 2315 3841 decimas
2347 3789 2600 3858 prmbuit.

2491 3903 2773 3958 INTERR.
2801 3903 2914 3958 XL.

1987 3987 2124 4054 Quid
2140 4007 2312 4045 causae
2337 3985 2418 4045 est
2451 4009 2544 4045 cur
2567 3993 2761 4063 legales
2777 3992 3072 4048 sacerdotes
3094 4007 3279 4045 uxores
3299 3991 3486 4046 habere

1917 4096 2018 4133 non
2048 4081 2476 4150 prohiberentur;
2505 4082 2791 4138 Christiani
2824 4092 3001 4136 autent
3038 4083 3333 4137 sacerdotes
3358 4100 3482 4153 pro-

1915 4170 2178 4236 hibentur,
2195 4172 2333 4245 quod
2369 4173 2437 4227 ad
2460 4175 2881 4228 consuetudinem
2909 4175 3136 4231 attinet?

2548 4289 2550 4291 ’
2621 4288 2778 4342 Resp.

2621 4306 2778 4358 nesp.

1989 4375 2202 4432 Idcirco
2235 4377 2499 4432 nimirum
2531 4378 2677 4447 quod
2713 4379 3091 4434 sacerdotium
3111 4380 3489 4449 evangelicum

1915 4467 2219 4524 secundum
2249 4467 2498 4524 ordinem
2526 4468 2890 4526 Melchisedec
2915 4472 3189 4526 exstitisse
3215 4471 3482 4536 creditur,

1908 4573 2017 4612 non
2033 4559 2333 4612 secundum
2349 4559 2595 4614 ordinem
2612 4561 2843 4616 Aaronis
2856 4604 2871 4627 ,
2893 4579 3000 4615 non
3017 4571 3200 4616 autem
3215 4561 3485 4630 scriptum

235 4631 395 4684 κέναι
426 4632 528 4684 οὐκ
591 4632 1025 4702 ἀναγέγραπται.
1094 4631 1433 4700 Ἀναγκαίως
1466 4633 1574 4705 ἄρα
1611 4637 1704 4689 καὶ
1762 4637 1810 4690 οῑ

1932 4655 1993 4704 :st
2037 4647 2496 4705 Melchisedecum
2548 4651 2804 4708 habuisse
2865 4668 3110 4707 uxorem.
3162 4651 3482 4707 Necessario

237 4722 382 4778 κατὰ
411 4723 512 4793 τὴν
561 4723 724 4776 αὑτοῦ
783 4723 936 4788 τάξιν
969 4720 1037 4794 (e)
1093 4721 1460 4792 ἱερατεύοντες
1521 4726 1811 4784 ἐπίσκοποι

240 4817 508 4884 γυναῖκας
537 4815 597 4867 οὐ
633 4815 964 4885 προσίενται.

1912 4735 2096 4806 itaque
2126 4737 2314 4802 etiam,
2349 4738 2446 4807 qui
2471 4741 2774 4795 secundum
2802 4742 2921 4811 ejus
2949 4741 3482 4796 ordinem‘sacerdo-

1915 4827 1996 4882 tio
2027 4826 2336 4899 funguntur
2359 4830 2620 4902 episcopi,
2646 4845 2758 4884 non
2787 4830 3083 4885 admittunt
3111 4845 3362 4886 uxorem.

315 4951 362 4984 ⁸⁷
385 4951 405 5006 1
431 4953 566 5023 Reg.
592 4969 702 5021 xvr,
734 4956 820 5013 16.
899 4957 942 4990 ³⁸
967 4956 989 5012 Ι
1023 4957 1159 5028 Reg.
1187 4974 1317 5025 xvn,
1348 4960 1438 5015 56.
1514 4962 1558 4994 ³³
1582 4961 1718 5020 Gen.
1750 4983 1816 5022 xu

1932 4971 1955 5025 3
1982 4987 2136 5044 seqq.

313 5068 332 5089 '
365 5063 641 5122 Hactenus
675 5066 880 5136 Regius
919 5069 1040 5124 cod.
1071 5068 1202 5136 Qua:
1239 5081 1546 5140 sequuntur
1583 5091 1650 5129 ex
1693 5077 1811 5132 solo
1849 5079 2226 5152 Seguieriauo.

315 5197 385 5270 (e)
413 5203 481 5270 Ol
503 5200 652 5253 κατὰ
680 5201 795 5268 τὴν
819 5203 1006 5258 αὐτοῦ
1038 5204 1227 5268 τάξιν.
1259 5204 1414 5270 Quod
1438 5208 1516 5263 sic
1544 5209 1810 5268 Maximus

241 5267 310 5323 ad
327 5267 622 5346 episcopos
661 5267 962 5346 restringit,
986 5267 1144 5346 usum
1167 5267 1392 5346 resp—icit
1417 5294 1512 5330 sua
1531 5267 1807 5346 Ecclesiae,

242 5339 710 5418 quosimplicibus
733 5339 1109 5418 sacerdotibus
1132 5339 1486 5418 indulgentur
1516 5350 1766 5418 conjugia
1792 5339 1804 5405 ξ

245 5409 326 5462 sic
355 5423 551 5476 neinpe
588 5409 678 5463 ille
708 5412 973 5474 modeste,
1002 5423 1058 5466 et
1094 5430 1160 5467 ne
1197 5409 1484 5470 vidérctur
1513 5417 1568 5470 in
1585 5409 1804 5475 caelum

243 5492 307 5531 os
361 5492 586 5550 ponere,
644 5496 708 5550 ac
769 5482 997 5550 simplex
1060 5485 1382 5548 monachus,
1431 5487 1810 5544 sacerdotibus

245 5545 628 5618 praescribere.
657 5545 928 5603 Caeterum
955 5553 1074 5618 ejus
1110 5553 1250 5606 ratio
1287 5554 1354 5607 ad
1371 5545 1574 5611 clunes
1601 5558 1806 5613 Christi

247 5615 556 5688 sacerdotio
581 5617 870 5688 fungentes
896 5615 1142 5688 spectat;
1176 5631 1306 5676 sunt
1327 5627 1474 5678 enim
1510 5627 1584 5679 illi
1616 5644 1807 5682 omnes

245 5683 715 5742 Mclchiscdeciaiii
749 5683 981 5754 ordinis,
1040 5683 1145 5744 non
1180 5693 1459 5757 Aaronici,
1514 5697 1808 5753 eticrcntcs

1916 5227 1974 5274 et
2005 5220 2109 5292 ipsi
2135 5235 2330 5292 panem
2361 5219 2634 5292 etAvinum
2668 5218 2898 5292 (corpus
2929 5218 3137 5292 scilicet
3160 5233 3238 5292 _ac
3261 5221 3485 5290 sangui-

1916 5305 2042 5342 nem
2075 5289 2688 5368 Christiconticientcs)
2713 5305 2956 5368 aequos,
2984 5289 3208 5368 perinde
3247 5305 3315 5368 ac_
3364 5289 3485 5368 epi-

1913 5373 2129 5427 scopos,
2163 5360 2394 5412 maxima
2424 5360 2549 5413 inde
2595 5361 2855 5412 sanctitas
2915 5375 2977 5412 ac
3033 5359 3352 5412 castimonia
3385 5363 3484 5413 de-

1914 5439 2035 5482 ceat
2063 5445 2076 5480 :
2108 5445 2271 5497 quam
2296 5438 2352 5482 et
2379 5439 2588 5482 statuto
2623 5445 2724 5481 suo
2773 5429 2841 5481 ab
2867 5429 2950 5481 eis
2990 5429 3234 5481 Ecclesia
3286 5437 3476 5484 sancte

1912 5497 2114 5566 exigat.
2149 5514 2259 5551 non
2292 5507 2351 5551 ut
2385 5500 2643 5566 templum
2670 5498 2882 5550 Domini
2916 5497 3212 5565 majoribus
3249 5499 3484 5566 impudi-

1912 5567 2060 5622 eitiis
2092 5567 2146 5620 in
2183 5582 2240 5620 se
2269 5569 2512 5636 polluant
2541 5608 2556 5630 ,
2591 5583 2719 5620 vere
2744 5569 3046 5637 maiestatis
3083 5568 3182 5633 rei,
3211 5583 3372 5637 quam
3401 5569 3485 5625 sic

1912 5638 2132 5702 adeant,
2159 5637 2460 5707 quidquam
2496 5637 2795 5706 indulgeat.
