3932 6326
460 266 568 329 823

1629 262 1692 322 S.
1724 261 2014 321 MAXIMI
2051 259 2556 321 CONFESSORIS

3615 249 3721 318 824

459 377 636 431 minor
674 381 752 427 est
801 373 857 426 in
893 381 1054 443 regno
1105 369 1386 436 actorum,
1436 369 1612 440 Major
1655 379 1732 425 est
1771 371 1865 426 ιιιο
1891 371 1977 424 ⁵τῖ
2001 390 2019 423 ι

2149 370 2470 439 ιικρότερος
2527 370 2597 422 ἐν
2619 367 2694 436 τῇ
2728 366 3016 432 βασιλείᾳ
3053 361 3168 418 τῶν
3225 360 3526 430 οὐρανῶν,
3595 368 3726 434 pei-

1167 563 1323 643 Resp”.

525 663 785 734 Quisquis
813 679 921 733 pra.
949 656 1157 720 Joanne
1183 679 1302 720 sese
1327 660 1702 720 humiliaverit
1727 660 1855 736 (hoc
1880 664 2026 721 enim

455 744 559 811 sibi
586 756 722 822 vult,
748 755 915 826 318
945 755 1091 824 quod
1123 755 1333 810 dictum
1367 764 1474 820 est,
1503 757 1716 828 minor),
1741 758 1834 812 ille
1855 759 2030 828 major

451 855 538 901 est
577 845 807 900 Joanne.
841 845 939 900 Vel
979 845 1146 900 etiam
1191 847 1356 901 aliter
1399 863 1411 899 :
1459 845 1588 916 quia
1628 847 1868 902 Joannes
1908 863 2027 902 eam

455 935 940 1007 contemplationis
981 938 1124 1001 vim,
1161 953 1324 1007 quam
1366 953 1468 1007 pro
1507 939 1610 993 hoc
1651 954 1767 993 aevo
1812 940 2029 1008 assequi

454 1027 606 1090 licet,
635 1025 1120 1096 comprehendisse
1145 1026 1514 1090 existimatur,
1542 1027 1735 1096 exigua
1762 1037 2034 1082 extrema-

453 1129 564 1186 que
606 1131 673 1170 eo
713 1124 859 1170 statu
901 1115 995 1184 qui
1035 1117 1257 1170 futurus
1293 1124 1398 1182 est,
1431 1117 1739 1172 exhibenda
1780 1118 2030 1183 scientia,

457 1207 630 1276 major
667 1214 772 1272 est,
805 1221 966 1276 quam
1010 1206 1274 1277 quidquid
1319 1209 1576 1276 praesenti
1613 1224 1728 1264 aevo
1767 1209 2030 1265 scientia-

457 1313 581 1352 rum
613 1297 867 1354 habetur.
899 1298 994 1354 Vel
1027 1299 1122 1368 qui
1155 1298 1298 1354 inter
1322 1299 1575 1354 homines
1598 1315 1845 1356 summus
1875 1302 2031 1356 theo-

455 1387 614 1459 logus
649 1389 920 1459 longeque
959 1384 1270 1444 divinorum
1311 1391 1540 1446 scientia
1577 1393 2030 1461 provecti-ssimus

456 1489 558 1541 est,
585 1488 860 1549 postremo
891 1479 1035 1532 inter
1057 1479 1278 1548 angelos
1307 1480 1487 1534 minor
1510 1489 1617 1536 est.
1637 1480 1745 1535 Aut
1769 1481 2025 1550 denique,

455 1573 549 1642 qui
596 1571 899 1627 secundUm
945 1570 1316 1639 evangelicam
1360 1571 1764 1627 institutionem
1811 1581 2028 1641 postre-

2144 459 2255 521 ζων
2279 462 2357 515 αὐ
2365 459 2470 514 τοῦ
2520 459 2714 523 ἐστιν;

2805 570 3049 624 Ἀπόκο.

2809 585 3049 636 Ἀποκρ.

2209 665 2398 727 Ὅστις
2466 663 2606 734 ὑπὲρ
2657 663 2750 716 τὸν
2811 662 3061 730 Ἰωάννην
3119 656 3456 711 ταπεινώσει
3527 659 3734 726 ,ἑαυτὸν

2137 754 2318 828 (τοῦτο
2349 755 2458 826 γάρ
2502 757 2618 809 ἐστι
2653 753 2735 821 τδ,
2775 749 3180 822 μικρότερος),
3232 749 3446 814 ἐκεῖνος
3524 750 3733 821 μείζων

2109 846 2374 912 ’ἐστὶὲτοῦ
2438 847 2707 902 Ἰωάννου.
2764 847 2834 898 Ἢ
2863 843 2958 898 καὶ
2989 843 3186 906 ἄλλως,
3237 843 3431 913 ἐπειδὴ
3475 845 3505 897 ό
3545 843 3732 895 Ἰωάνο

2137 959 2234 1012 νης
2267 943 2365 1012 τὴν
2391 940 2622 995 ἐνταῦθα
2655 937 2881 1008 ὲφικτὴν
2925 931 3013 989 διὰ
3055 935 3291 1006 Θεωρίας
3337 935 3545 1003 γνῶσιν
3596 953 3730 988 κατ-

2134 1034 2858 1106 ειληερέναιπιστεύεται,ή
2919 1032 3094 1103 μικρὰ
3147 1031 3242 1084 καὶ
3295 1032 3596 1085 τελευταία
3634 1049 3736 1084 κα-

2136 1126 2204 1178 τὰ
2245 1125 2342 1196 τὴν
2405 1125 2700 1196 μέλλουσαν
2751 1123 3085 1193 φανήσεσθαι
3126 1121 3470 1175 κατάστασιν
3502 1121 3731 1188 γνῶσις,

2138 1213 2339 1282 μείζων
2372 1213 2605 1284 ὑπάρχει
2653 1214 2752 1283 τῆς
2796 1211 3056 1266 ἐνταῦθα.
3104 1213 3176 1264 Ἤ
3209 1212 3304 1264 καὶ
3341 1213 3370 1263 ό
3404 1212 3466 1262 ὲν
3514 1211 3733 1280 ἀνθρὼ-

2141 1321 2266 1366 ποις
2320 1304 2488 1374 ἄκρος
2529 1303 2779 1371 θεολόγος
2824 1301 2917 1354 τοῦ
2969 1303 3028 1354 ὲν
3055 1301 3304 1370 ἀγγέλοις
3344 1302 3587 1371 ἐσχάτου
3617 1302 3735 1354 ἐστὶ

2139 1393 2480 1463 μικρότερος.
2532 1394 2611 1445 Ἧι
2635 1394 2728 1446 καὶ
2777 1391 2970 1446 όκατὰ
2995 1391 3091 1461 τὴν
3129 1389 3734 1465 ἀγγελικὴνμύαγγείοηῖ

2134 1485 2413 1538 πολιτείαν
2460 1485 2562 1554 τὴν
2585 1484 2824 1555 ἐσχάτην
2854 1484 2992 1554 ἔχων
3011 1483 3182 1547 τάξιν,
3207 1482 3302 1536 τοῦ
3324 1485 3469 1537 κατὰ
3503 1484 3605 1554 τὴν
3645 1501 3731 1537 νο·

2138 1573 2304 1644 μικὴν
2347 1573 2690 1645 δικαιοσύνην
2721 1574 2914 1646 ἄκρου,
2948 1574 3154 1645 μείζων
3179 1573 3320 1628 ἐστι.

455 1680 605 1719 mum
620 1657 833 1720 obtinet
872 1657 1100 1733 gradum
1120 1706 1134 1730 ,
1170 1681 1427 1736 supremo
1445 1710 1460 1734 ,
1491 1670 1638 1741 quod
1667 1672 1736 1727 ad
1764 1668 1992 1741 legalem
2011 1664 2281 1736 justitiam
2305 1666 2525 1734 attinet,
2550 1669 2725 1739 major
2749 1677 2856 1724 est.

978 1775 1261 1831 INTERR.
1297 1777 1528 1833 XLVIII.

527 1863 666 1930 Quid
693 1865 791 1919 sibi
817 1865 929 1919 vult
952 1865 1086 1920 illud
1110 1867 1516 1922 Preverbiorum
1542 1886 1559 1922 :
1591 1889 1609 1922 ‹
1638 1869 1825 1924 Hanui
1849 1887 2038 1925 manu:

453 1955 762 2022 imminens,
788 1973 893 2011 non
918 1959 1015 2011 erit
1038 1959 1284 2013 innocens
1301 1959 1380 2012 ‘3?
1412 1979 1432 2011 ι

1174 2073 1331 2146 Resp.

529 2161 750 2217 Actioni
794 2163 1059 2220 studiosae
1091 2165 1286 2219 malam
1325 2167 1598 2223 actionem
1636 2168 1894 2236 miscens,
1926 2179 2038 2225 neu

454 2251 566 2308 erit
591 2253 878 2308 innocens.

998 2363 1276 2422 INTERR.
1311 2368 1499 2424 XLIX.

527 2458 666 2526 Quid
707 2463 807 2518 sibi
844 2461 957 2517 uult
993 2480 1012 2518 :
1055 2481 1076 2516 ι
1114 2461 1316 2535 Septies
1353 2463 1502 2517 cadet
1526 2462 1738 2534 justus,
1771 2469 1822 2516 et
1856 2477 2036 2519 resur-

454 2562 539 2620 get
560 2551 639 2608 "3
667 2571 690 2604 1

1168 2656 1324 2736 Resp.

523 2749 746 2813 Justum
787 2753 894 2810 hoc
930 2753 1075 2820 loco,
1107 2755 1286 2810 solum
1324 2769 1456 2810 vere
1493 2755 1702 2826 justum
1742 2749 2035 2810 Dominum

453 2850 710 2897 nostrum
733 2844 920 2900 Jesum
950 2843 1230 2901 Christum
1264 2845 1662 2912 existimemus,
1689 2861 1873 2916 operte
1905 2859 2033 2916 pre-

457 2935 594 2989 tium
620 2942 726 2991 εει.
748 2935 884 3002 Quia
914 2935 1083 3007 igitur
1108 2936 1224 3007 ipse
1253 2937 1311 2992 in
1335 2938 1498 2994 nobis
1526 2947 1642 2992 tum
1671 2939 1868 2993 cadere
1893 2938 2034 2992 dici-

465 3034 579 3090 tur,
614 3035 735 3081 tum
766 3040 1075 3098 resurgere,
1104 3029 1256 3084 velut
1285 3031 1380 3100 qui
1412 3039 1601 3085 nostra
1619 3030 1822 3096 omnia,
1842 3030 2036 3084 huma-

2739 1781 2937 1835 ΕΡΩΤ.
3004 1783 3145 1838 MH'.

2216 1871 2280 1924 Τί
2317 1870 2470 1935 ἐστι,
2513 1871 2580 1924 τό
2643 1871 2763 1924 τῶν
2807 1873 3162 1941 Παροιμιῶν,
3229 1890 3249 1926 ι
3277 1870 3437 1942 Χειρι

2138 1959 2434 2029 ἐμϐαλὼν,
2466 1963 2578 2015 οὐκ
2603 1962 3016 2028 ἀθωωθήσεται
3042 1981 3063 2028 ;
3101 1983 3121 2016 ι

3524 1872 3738 1944 κεῦθος

2806 2079 2866 2132 Ἀ
2874 2079 3044 2132 πόκο.

2216 2164 2419 2239 Πράξει
2468 2166 2709 2241 ὲναρέτῳ
2737 2168 2768 2222 ό
3066 2167 3279 2240 μίσγων
3332 2169 3569 2241 φαύλην,
3621 2165 3735 2223 οὒκ

2139 2256 2552 2328 ἀθωωθήσεται.

2752 2369 2955 2427 ΕΡΩΤ.
2983 2371 3117 2427 ΜΘ¹.

2215 2461 2278 2515 Τί
2304 2459 2436 2516 ἐστι
2468 2459 2556 2527 τὸ,
2595 2479 2617 2514 ι
2636 2460 2918 2529 Ἑπτὰκις
2964 2461 3236 2517 πεσεῖται
3258 2463 3293 2518 δ
3313 2462 3570 2532 δίκαιος,
3614 2462 3734 2518 εισι

2137 2548 2545 2623 ἀναστήσεται
2567 2569 2589 2618 ;
2625 2572 2648 2608 ι

2807 2665 2868 2721 Ἀ
2879 2666 3055 2735 πόκρ.

2224 2749 2444 2806 Δίκαιον
2481 2748 2741 2819 ἐνταῦθα,
2772 2752 2868 2806 τὸν
2901 2750 3061 2822 μόνον
3113 2751 3328 2824 ἀληθῶς
3356 2755 3572 2810 δίκαιον
3630 2756 3738 2812 τόν

2137 2839 2341 2910 Κύριον
2370 2839 2528 2910 ἡμῶν
2583 2841 2790 2907 Ἰησοῦν
2819 2841 3054 2914 Χριστὸν
3083 2840 3492 2914 ὑπολαμϐάνειν
3515 2845 3728 2916 χρεών.

2149 2930 2302 2983 Ἐπεὶ
2328 2925 2422 2984 οὖν
2471 2931 2635 2995 αὐτὸς
2664 2933 2721 2984 ὲν
2767 2933 2900 3002 ἡμῖν
2946 2931 3161 3001 λέγεται
3211 2933 3304 2988 καὶ
3359 2935 3589 2990 πίπτειν
3633 2937 3730 2990 καὶ

2137 3018 2478 3082 ἀνίστασθαι,
2505 3021 2582 3084 ὡς
2629 3020 2700 3074 τὰ
2749 3021 2991 3092 ἡμέτερα
3047 3023 3228 3076 πάντα
3280 3023 3369 3076 διὰ
3415 3024 3730 3096 φιλανθρω-

459 3117 690 3172 nissime
743 3118 946 3187 pietate
999 3119 1324 3189 susceperit.
1376 3120 1591 3176 Cecidit
1639 3136 1770 3176 vero
1825 3121 2031 3190 septies

2149 3111 2266 3165 πὶαν
2317 3112 2745 3182 καταδεξάμενος
2778 3129 2794 3146 ο
2816 3112 2979 3166 ἔπεσε
3007 3114 3062 3166 δὲ
3109 3117 3141 3185 ὴ
3169 3114 3330 3183 φύσις
3373 3114 3533 3186 ήμῶν
3557 3119 3732 3172 ἑπτά-

460 3205 700 3260 humana
731 3213 958 3272 natura,
985 3209 1225 3279 primum
1257 3210 1422 3279 primi
1455 3211 1700 3280 parentis
1734 3219 2037 3280 transgres-

458 3296 646 3362 sione,
679 3311 800 3366 qua:
843 3298 1020 3367 prima
1063 3299 1370 3367 exstiterit;
1415 3309 1532 3354 tum
1573 3307 1840 3355 attentato
1879 3301 2034 3355 Caini

459 3385 760 3442 homicidio
780 3388 847 3452 ⁸ο,
883 3388 979 3459 qui
1021 3389 1226 3444 eadem
1267 3390 1421 3460 prior
1462 3389 1794 3461 designavit;
1837 3392 2032 3456 tertio,

439 3475 652 3532 “Noemi
680 3485 863 3544 aetate,
889 3493 989 3549 per
1013 3493 1176 3550 quam
1203 3495 1313 3536 non
1343 3482 1643 3551 permansit
1673 3481 1911 3553 Spiritus
1938 3483 2035 3539 Dei

461 3567 516 3622 in
545 3568 882 3634 hominibus,
913 3585 980 3625 eo
1007 3572 1158 3641 quod
1188 3587 1384 3628 carnes
1411 3583 1623 3641 essent;
1656 3583 1871 3645 quarto,
1901 3585 2038 3630 tem-

460 3672 597 3728 pore
625 3667 918 3716 exstructa:
947 3661 1146 3729 turris;
1177 3658 1393 3733 quinto,
1415 3663 1709 3720 Abrahaml
1737 3675 1916 3731 aetate,
1939 3667 2033 3736 qui

459 3749 613 3804 solus
653 3749 861 3820 placuit
893 3751 1005 3807 Deo
1025 3751 1102 3819 ";
1147 3761 1321 3820 sexto,
1356 3755 1459 3810 sub
1499 3754 1701 3827 Moyse,
1735 3757 1816 3812 sic
1850 3757 2034 3814 adulta

453 3826 728 3910 auctaque
755 3842 874 3912 ejus
901 3843 1077 3898 atatis
1105 3843 1393 3900 hominum
1427 3826 1730 3916 impietate,
1760 3858 1822 3904 ut
1843 3849 2036 3904 adver-

460 3945 556 3985 sus
579 3945 699 3986 eam
724 3933 942 4004 adjutor
964 3935 1082 4005 ipse
1105 3951 1135 3990 a
1160 3937 1272 3992 Deo
1296 3937 1440 3992 mitti
1468 3938 1749 4007 debuerit;
1778 3941 2032 4010 septimo,

459 4023 854 4092 prophetarum
888 4034 1079 4093 aetate,
1107 4043 1228 4097 quae
1261 4030 1578 4100 superiores
1608 4039 1797 4085 mtates
1831 4031 2035 4102 majore

461 4113 763 4183 impietatis
805 4120 1028 4174 cumulo
1073 4122 1376 4190 superavit.
1405 4121 1562 4188 Quod
1609 4122 1796 4193 igitur,
1827 4124 1908 4177 uti
1947 4123 2035 4177 di-

462 4215 613 4260 ctum
654 4218 770 4276 est,
799 4219 996 4265 natura
1034 4211 1273 4267 humana
1313 4213 1516 4283 septies
1556 4212 1858 4278 ceciderat,
1895 4212 2038 4268 hanc

461 4293 727 4353 Dominus
757 4298 1019 4354 ineffabili
1048 4302 1252 4371 pietate
1276 4313 1457 4358 motus
1481 4304 1759 4369 excitavit,
1787 4304 1891 4359 sibi
1921 4304 2037 4374 ipse

459 4387 711 4442 eamdem
747 4398 1000 4445 naturam
1038 4393 1242 4448 unione
1279 4409 1400 4464 quae
1433 4403 1518 4450 est
1546 4410 1646 4466 per
1677 4395 2033 4467 liypostasim,

463 4478 746 4546 copulans‘.

960 4771 1124 4848 319
1160 4772 1439 4834 manu.
1477 4777 1539 4837 L.

536 4858 674 4931 Quid
708 4861 808 4922 sibi
846 4867 956 4923 vult
987 4869 1124 4924 illud
1158 4859 1518 4942 evangelicum
1552 4887 1572 4928 :
1613 4891 1632 4926 ι
1670 4871 1814 4928 Lava
1845 4877 2037 4949 {aciem

462 4961 636 5024 tuam,
660 4967 710 5012 et
735 4975 870 5030 unge
898 4970 1055 5030 caput
1083 4969 1234 5016 tuum
1248 4963 1292 4995 "
1323 4962 1347 5016 ?
1374 4982 1393 5015 ι

1174 5155 1332 5218 Resp.

1174 5181 1273 5218 ms
1317 5201 1332 5216 .

534 5240 724 5304 Facies
756 5257 968 5317 nostra,
994 5251 1107 5306 vita
1139 5261 1244 5317 est,
1270 5181 1390 5322 gms
1424 5255 1580 5323 quasi
1615 5254 1818 5322 vultus,
1849 5255 2007 5326 quale

460 5337 636 5394 simus
667 5339 970 5393 secundum
1002 5339 1318 5396 interiorem
1346 5343 1625 5398 hominem
1657 5345 1828 5399 certis
1857 5345 2039 5400 ducti-

462 5427 566 5491 bus
588 5439 964 5500 repraesentet.
989 5429 1139 5486 IIanc
1164 5432 1329 5502 igitur
1353 5433 1633 5503 Scriptura
1660 5436 1842 5490 lavare
1860 5436 2038 5507 jubet,

533 5579 578 5617 ’δ”
606 5584 793 5640 Matth.
828 5604 899 5650 ιι,
934 5587 990 5640 ll
1018 5603 1033 5650 ;
1063 5587 1196 5641 an.
1234 5605 1326 5650 vn,
1359 5589 1446 5643 28.

455 5657 654 5728 Bseqq.
743 5672 817 5722 xx,
851 5659 886 5711 εὶ
913 5671 1066 5726 seqq.
1098 5675 1191 5724 xu,
1221 5659 1243 5710 1
1302 5674 1464 5729 seqq.
1516 5661 1560 5692 τ’
1589 5661 1778 5715 Matth.
1812 5678 1881 5728 vr,
1917 5664 1994 5718 17.

1548 5591 1591 5621 ⁸⁸
1631 5591 1792 5645 Prov.
1825 5608 1931 5654 xw,
1969 5592 2019 5645 Pi.
2096 5593 2139 5625 ‘9
2172 5596 2331 5649 Prov.
2360 5611 2504 5661 xxn‘,
2537 5595 2616 5650 I6.
2695 5596 2740 5627 ‘°
2765 5594 2899 5650 Gen.
2933 5610 3008 5659 ιιι,
3039 5594 3098 5661 6;
3128 5610 3198 5660 ιν,
3229 5593 3282 5648 8.

2136 3219 2242 3267 κις,
2324 3204 2465 3257 κατά
2518 3221 2578 3257 τε
2640 3205 2740 3276 τὴν
2819 3204 2913 3258 τοῦ
2985 3208 3328 3278 προπάτορος
3361 3205 3364 3207 “
3403 3209 3723 3279 παράϐασιν

2135 3292 2357 3364 πρώτην
2401 3294 2805 3364 γεγενημένην·
2847 3293 3108 3364 δευτέραν
3143 3295 3220 3359 δὲ,
3279 3291 3379 3364 τὴν
3430 3296 3725 3366 τολμηθεῖ-

2137 3400 2235 3438 σαν
2262 3383 2356 3437 τοῦ
2407 3385 2547 3438 Κάῖν
2580 3385 2917 3456 μιαιφονίαν,
2956 3387 3174 3452 πρῶτον
3218 3388 3721 3456 καινοτομήσαντος

2136 3474 2334 3542 φόνονο
2383 3474 2574 3545 τρίτην
2604 3474 2697 3527 ἐπὶ
2743 3475 2840 3544 τῆς
2880 3477 3020 3528 κατὰ
3043 3475 3134 3527 τὸν
3181 3473 3304 3528 Νῶε
3355 3479 3573 3544 γενεᾶς,
3637 3478 3723 3545 ἐφ’

2133 3559 2202 3636 ἧς
2259 3564 2320 3619 οὐ
2395 3567 2682 3636 κατέμεινε
2737 3568 2799 3620 τὸ
2875 3566 3096 3638 Πνεῦμα
3146 3567 3239 3619 τοῦ
3293 3567 3452 3630 Θεοῦ,
3506 3566 3596 3618 διὰ
3665 3569 3722 3619 τὸ

2135 3655 2271 3711 εἶναι
2321 3657 2517 3720 αὐτοὺς
2560 3657 2808 3726 σάρκας·
2874 3658 3156 3727 τέταρτον,
3209 3657 3299 3709 ἐπὶ
3360 3657 3721 3726 τῆς-,πυργο-

2135 3749 2357 3810 ποιίας·
2403 3748 2672 3818 πέμπτον,
2723 3749 2816 3800 ἐπὶ
2868 3748 2967 3818 τῆς
3018 3748 3110 3801 τοῦ
3207 3747 3456 3818 Ἀϐραὰμ
3508 3750 3717 3816 γενεᾶς,

2138 3839 2196 3905 ἐξ
2257 3833 2324 3910 ἦς
2381 3839 2540 3908 μόνος
2613 3838 2774 3902 αὐτὸς
2811 3838 2887 3909 τῷ
2935 3838 3055 3908 Θεῷ
3080 3839 3468 3910 εὐηρέστησεο
3531 3840 3715 3909 ἕκτην,

2136 3929 2226 3981 ἐπὶ
2257 3928 2350 3981 τοῦ
2385 3928 2682 3990 Μωῦσέως,
2722 3930 2800 3991 εἰς
2827 3929 3081 3981 τοσοῦτον
3115 3928 3215 3997 τῆς
3266 3928 3353 3981 ἐπ’
3393 3927 3562 4002 αὐτοῦ
3623 3945 3718 3995 ys-

2135 4022 2262 4082 νεᾶς
2297 4019 2484 4081 ὰοεῖας
2510 4019 2877 4087 ἐξοκειὶάσης,
2896 4019 2971 4082 ὡς
2990 4019 3148 4073 αὐτὸν
3169 4021 3246 4083 εἰς
3275 4019 3596 4088 ἐπικουρίαν
3621 4019 3718 4086 τῆς

2136 4111 2405 4180 τοσαύτης
2437 4111 2692 4174 ἀσεϐείας
2742 4111 2850 4164 ἀπὸ
2879 4111 3014 4163 Θεοῦ
3048 4111 3367 4180 πεμφθῆναι
3397 4127 3413 4140 ο
3465 4109 3712 4178 ἕϐδομον,

2137 4202 2227 4254 ἐπὶ
2274 4201 2374 4272 τῆς
2411 4202 2518 4254 τῶν
2567 4201 2861 4272 προφητῶν
2913 4204 3126 4270 γενεᾶς,
3181 4202 3301 4271 ἦτις
3357 4203 3457 4264 τὰς
3520 4200 3716 4270 προλα-

2095 4286 2099 4291 ’
2138 4293 2337 4356 ϐούσας
2363 4291 2557 4360 γενεὰς
2594 4294 2673 4356 εἰς
2725 4293 2926 4356 κακίας
3003 4293 3199 4364 μέτρον
3263 4292 3710 4362 ὑπερηκόντισεν.

2152 4383 2304 4436 Ἐπεὶ
2355 4379 2466 4447 οὖν,
2529 4381 2603 4445 ὡς
2642 4384 2876 4454 εἴρηται,
2940 4384 3167 4446 ἑπτάκις
3212 4383 3406 4436 ἔπεσεν
3460 4385 3492 4453 ἡ
3549 4383 3711 4452 φύσις

2069 4446 2111 4499 D
2141 4474 2318 4544 ἡμῶν,
2360 4473 2564 4545 ταύτην
2632 4446 2824 4545 ago-dtu)
2866 4446 3271 4545 *φιλανθρωπίᾳ
3327 4446 3574 4544 νικηθεὶς
3615 4475 3705 4526 ἀν-

2055 4559 2066 4569 ’
2142 4565 2370 4634 έστησεν
2407 4565 2436 4615 ό
2492 4563 2718 4633 Κύριος,
2771 4564 2938 4634 αὐτὴν
2966 4564 3064 4635 τὴν
3103 4566 3262 4632 φύσιν
3311 4564 3518 4626 ὲνώσας
3544 4562 3712 4631 ἐαυτῷ

2141 4655 2266 4712 καθ’
2322 4657 2629 4710 ὓπόστασιν.

2772 4771 2968 4824 ΕΡΩΤ.
2999 4772 3059 4824 N'
3073 4807 3090 4824 .
3639 4821 3648 4826 .

2217 4864 2279 4917 Τί
2325 4864 2604 4932 σημαίνει
2659 4861 2727 4915 τὸ
2783 4860 3173 4930 Εὑαγγέλιον,
3211 4861 3432 4929 λέγον,
3474 4880 3492 4911 ι
3533 4860 3708 4928 Nigaea:

2141 4968 2259 5010 σου
2315 4955 2383 5009 τὸ
2431 4956 2777 5023 πρόσωπον,
2836 4953 2938 5008 καὶ
2982 4953 3228 5022 ἄλειψαί
3285 4970 3403 5008 σου
3453 4952 3569 5022 τὴν
3616 4968 3706 5006 κει

2136 5046 2343 5121 βαλήν
2361 5063 2411 5113 ;›

2820 5159 3048 5225 Ἆπόκρ.

2213 5250 2285 5303 Τὸ
2339 5251 2629 5320 πρόσωπον
2669 5250 2825 5320 ἡμῶν
2875 5250 3022 5302 ἐστιν
3063 5252 3091 5303 ό
3131 5249 3266 5317 βίος,
3298 5247 3707 5321 χαρακτηρίζων

2143 5343 2393 5416 καθάπερ
2419 5346 2451 5414 ἡ
2474 5344 2596 5413 ὄψις
2625 5345 2798 5397 ὁποῖοί
2823 5343 2967 5406 τινές
2991 5345 3158 5414 ἐσμεν
3186 5344 3327 5396 κατὰ
3358 5343 3453 5396 τὸν
3484 5344 3591 5396 ἔσω
3621 5342 3707 5395 ἇν-

2143 5437 2377 5510 Ορωπον.
2403 5437 2573 5489 Τοῦτο
2604 5433 2697 5490 οὖν
2743 5437 2772 5488 ό
2816 5435 2972 5504 λόγος
3007 5434 3444 5505 παρακελεύεται
3484 5435 3704 5491 νίπτειν,

3395 5593 3438 5625 ⁵¹
3472 5591 3605 5648 Gen.
3632 5604 3698 5652 τι.
