3932 6326
160 323 274 398 825
1353 302 1846 414 QU/ESTIONES
1885 349 1977 407 ET
2017 350 2271 411 DUBIA.
3314 311 3429 424 .896

164 443 415 496 τουτέστι
473 444 758 514 καθαίρειν
799 446 888 500 τὸν
911 448 1061 518 βίον,
1098 451 1311 522 κηλῖδος
1341 454 1523 524 πάσης
1557 455 1742 526 ἁμαρο

1863 474 1952 513 ιοε
1986 467 2088 522 est,
2117 461 2185 515 ab
2221 463 2372 516 omni
2406 463 2667 519 vitiorum
2706 465 2869 521 sorde
2905 467 3070 520 vitam
3105 468 3426 526 emundare.

163 534 322 606 ttioy'
364 533 574 603 κεφαλὴ
606 534 664 588 δέ
704 537 852 591 ἐστιν
899 540 928 592 ὁ
955 540 1223 610 ἡμέτερος
1255 541 1400 605 νοῦς,
1434 542 1492 595 ὃν
1530 545 1557 595 ὁ
1590 542 1745 611 λόγος

1861 547 2024 618 Caput
2047 567 2202 617 vero,
2232 569 2389 607 mens
2419 565 2607 609 nostra
2636 563 2740 621 est,
2768 573 2931 626 quam
2964 557 3248 628 Scriptum
3272 562 3432 632 jubet

162 624 413 692 ἀλείφειν
451 625 685 693 κελεύει,
711 629 959 683 τουτέστι
1005 633 1074 703 τῇ
1119 631 1239 705 θείᾳ
1288 632 1747 706 καταφαιδρύνειν

164 714 389 784 γνώσει.

775 831 975 891 ΕΡΩΤ.
1016 835 1146 890 NA’.

244 921 308 975 Τί
348 921 479 975 ἐστι
512 921 602 987 τὸ,
634 941 652 975 ι
685 923 1024 993 Συνέεοερεν
1054 922 1236 991 αὐτῷ,
1262 923 1364 980 ἵνα
1399 924 1598 994 μύλος
1629 925 1752 980 ὀνι-

163 1014 276 1081 κὸς
325 1015 603 1086 περίτι·θῇ
641 1017 711 1070 ἐν
739 1017 819 1082 τῷ
843 1002 1120 1086 τραχήλῳ
1147 1018 1356 1081 αὐτοῦ,
1384 1019 1483 1072 καὶ
1507 1015 1657 1088 ῥιφῇ
1683 1018 1751 1073 ἐν

161 1105 242 1174 τῇ
293 1107 600 1178 θαλάσσῃ,
647 1107 686 1178 ἢ
743 1109 846 1164 ἵνα
901 1109 1289 1178 σκανδαλίσῃ
1335 1106 1445 1165 ἕνα
1484 1106 1604 1164 τῶν
1654 1127 1751 1180 μιι

163 1197 353 1268 κρῶν;
390 1219 408 1252 ι

848 1314 1090 1383 Ἀπόκρ.

240 1401 504 1472 Μικροὺς,
541 1397 714 1474 οἶμαι,
745 1403 894 1474 λέγει
923 1409 1050 1468 τοὺς
1085 1405 1225 1460 κατὰ
1247 1402 1480 1460 διάνοιαν
1508 1404 1746 1474 ἀφελεῖς,

155 1495 262 1548 καὶ
289 1495 376 1549 διὰ
408 1497 749 1568 σμικρότητα
791 1497 929 1562 νοὸς,
964 1500 1038 1570 μὴ
1076 1498 1408 1569 δυναμένους
1453 1496 1750 1567 διακρίνειν

151 1587 236 1642 τὰ
293 1588 391 1660 τῆς
446 1589 709 1659 Προνοίας
761 1591 1023 1660 κρίματα.
1081 1591 1268 1653 Ὅστις
1310 1588 1376 1644 ἂν
1421 1589 1750 1661 σκανδαλίσῃ

151 1681 294 1745 τοὺς
343 1681 636 1748 τοιούτους,
691 1685 988 1756 συνέφερεν
1033 1682 1182 1754 αὐτῷ
1235 1681 1553 1754 Ἑλληνικῆς
1608 1677 1748 1734 εἶναι

1846 657 1949 695 nos
1977 658 2204 714 ungere,
2233 644 2420 700 divina
2449 648 2661 703 scilicet
2688 650 2921 705 scicntia
2947 651 3226 708 illustrare
3256 663 3313 709 et
3336 671 3430 710 ex-

1849 732 2107 789 hilarare.

2441 849 2723 906 INTERR.
2759 851 2847 906 LI.

1923 935 2060 1000 Quid
2091 939 2188 992 sibi
2213 939 2345 1006 vult,
2370 942 2508 1011 quod
2537 945 2614 996 ita
2646 944 2841 996 dictum
2876 951 2950 996 est
2981 961 2999 999 :
3045 966 3062 997 ι
3103 946 3432 1002 Conducebat

1849 1027 1919 1091 ei,
1945 1034 2001 1079 ut
2029 1026 2168 1082 mola
2194 1029 2431 1085 asinaria
2460 1033 2845 1103 appenderetur
2868 1033 3002 1087 collo
3033 1037 3166 1106 ejus,
3189 1047 3234 1090 et
3251 1041 3433 1108 jacta-

1851 1125 1996 1170 retur
2021 1120 2076 1172 in
2106 1137 2272 1187 mare,
2296 1138 2455 1192 quam
2483 1132 2539 1176 ut
2565 1123 2959 1178 scandalizaret
2988 1142 3151 1181 unum
3174 1144 3237 1181 ex
3267 1128 3432 1197 pusil-

1853 1204 2030 1262 lis”?
2065 1227 2084 1259 ι
2663 1261 2667 1262 ν
2872 1212 2874 1214 ’

2564 1322 2720 1397 Resp.

1919 1410 2189 1467 Existimo
2215 1414 2446 1484 pusillos
2474 1419 2773 1487 appellare,
2803 1419 2896 1488 qui
2929 1427 3057 1474 sunt
3083 1420 3265 1474 animo
3294 1421 3430 1475 sim-

1847 1501 2041 1572 plices,
2065 1519 2128 1558 ac
2153 1519 2265 1573 prae
2294 1506 2492 1566 mentis
2519 1507 2818 1576 pusillitate
2841 1509 3205 1564 Providentiae
3222 1511 3431 1581 judicia

1847 1610 1958 1649 non
1999 1595 2184 1650 valent
2226 1597 2566 1654 discernere.
2605 1599 2660 1654 Si
2709 1602 2834 1670 quis
2876 1617 2993 1665 eos,
3024 1603 3116 1671 qui
3159 1602 3429 1673 ejusmodi
3473 1603 3479 1614 “

1847 1694 1998 1752 ευιιι,
2021 1688 2496 1754 scandalizaverit,
2521 1689 2710 1746 utilius
2733 1701 2854 1747 erat
2877 1693 2952 1757 ei,
2979 1702 3037 1748 ut
3062 1694 3116 1747 in
3142 1695 3428 1764 gentilium

156 1772 384 1843 μοίρας,
416 1773 465 1826 οἳ
493 1774 650 1845 δίκην
679 1773 802 1827 ὄνου
828 1776 886 1828 ὲν
910 1775 1113 1845 μύλωνι
1151 1774 1287 1845 μόνῃ
1318 1776 1382 1844 τῇ
1412 1774 1622 1843 κινήσει
1653 1771 1745 1826 τοῦ

1861 1779 2048 1834 castris
2077 1796 2316 1846 merens,
2344 1783 2499 1836 velut
2530 1784 2743 1848 asinus,
2773 1785 2830 1840 in
2864 1786 3181 1842 molendino
3215 1787 3429 1844 (mundi

153 1865 373 1934 κόσμου
405 1864 735 1936 ὲνίσχηνταιο
771 1869 866 1920 καὶ
897 1867 982 1919 ἵνα
1022 1868 1156 1938 pupil
1193 1867 1250 1918 ὲν
1283 1865 1360 1934 τῷ
1394 1864 1618 1932 πελάγει
1643 1863 1744 1934 τῆς

150 1957 459 2026 θαλάσσηςο
496 1957 778 2011 τουτέστιν
806 1960 863 2013 ὲν
891 1961 955 2030 τῇ
989 1957 1248 2028 συγχύσει
1273 1957 1368 2010 τοῦ
1398 1956 1533 2026 βίου.
1575 1955 1744 2010 Τοῦτο

147 2049 221 2102 δὲ
251 2048 343 2102 καὶ
365 2050 393 2100 ὁ
422 2049 740 2113 Ἀπόστολος
764 2049 966 2120 Πέτρος
990 2049 1202 2119 βεϐαιοῖ
1226 2048 1417 2116 λέγων·
1444 2047 1744 2116 Ῑιρεῑσσον

144 2142 248 2212 μὴ
277 2140 603 2211 ἐπιγνῶναι
641 2140 756 2208 τὴν
786 2141 932 2196 ὁδὸν
962 2141 1072 2210 τῆς
1099 2140 1521 2208 δικαιοσύνης,
1549 2138 1587 2208 ἢ
1617 2139 1745 2194 ἐπι-

155 2233 444 2308 τ-νόντας,
472 2235 561 2300 εἰς
579 2231 652 2286 τὰ
679 2233 874 2288 ὀπίσω
906 2231 1279 2303 ἀνακάμψαι.

770 2343 966 2396 ΕΡΩΤ.
1014 2343 1062 2396 Ν
1069 2343 1142 2398 B'.

237 2432 344 2495 Είς
371 2430 431 2485 τί
451 2431 817 2502 λαμϐάνεται
854 2436 888 2488 ό
914 2433 1083 2499 Κάιν,
1109 2433 1206 2489 καὶ
1230 2437 1264 2489 ό
1299 2435 1517 2504 Ἀϐελ;

849 2545 1090 2604 Ἀπόκο.

853 2563 1031 2601 -Αποκ
1074 2589 1090 2604 .

252 2632 312 2687 ὐ
340 2634 479 2688 Κάῖν
507 2634 570 2707 (i)
596 2633 932 2705 λαμϐάνεται
977 2563 1070 2690 ἕως.
1121 2637 1213 2692 τοῦ
1261 2642 1610 2713 φρονήματος
1643 2643 1743 2714 τῆς

160 2726 392 2799 σαρκός·
436 2729 466 2782 ὀ
517 2728 576 2783 δὲ
608 2729 795 2796 Ἀϐελ,
846 2730 940 2784 ἐπὶ
993 2730 1088 2786 τοῦ
1140 2731 1390 2802 πένθους,
1435 2735 1603 2806 ἤγουν
1645 2736 1746 2809 τῆς

162 2819 488 2892 μετανοίας.

776 2932 971 2992 ΕΡΩΤ.
1009 2937 1134 2992 Nl".

243 3023 307 3078 Ti
333 3023 464 3078 ἐστι
491 3023 580 3092 τὸ,
616 3043 636 3078 ι
663 3023 760 3096 Μὴ
780 3029 1129 3097 ammplam
1153 3028 1342 3098 ἄνδρα
1383 3030 1499 3100 πρὸ
1541 3036 1747 3087 τελευ-

158 3135 276 3185 της
309 3131 528 3179 αυτου;
556 3134 576 3169 ι
1189 3164 1193 3168 ,
1309 3153 1314 3164 .

843 3231 1076 3300 Ἆπόκρ.

235 3322 346 3374 Καὶ
369 3322 507 3376 κατὰ
535 3322 596 3376 τὸ
625 3323 917 3395 πρόχειρον
950 3325 1028 3397 τῷ
1057 3326 1268 3381 πολλῶν
1292 3327 1369 3400 νῷ
1405 3328 1494 3383 διὰ
1533 3329 1594 3383 τὸ
1619 3331 1745 3402 ἄδη-

156 3415 276 3478 λον,
320 3416 414 3468 καὶ
451 3415 552 3485 τῆς
588 3417 937 3487 ἀνθρωπίνης
968 3419 1341 3489 προαιρέσεως
1366 3421 1660 3487 εὐόλισοον,
1682 3423 1744 3476 οὐ

157 3508 270 3578 χρὴ
301 3509 622 3579 μακαρίζειν
643 3509 781 3572 τινὰ,
806 3509 933 3580 ἄχρι
957 3511 1044 3564 διὰ
1070 3512 1250 3583 πάσης
1273 3513 1474 3584 ἀρετῆς
1499 3514 1742 3578 διελθὼν,

155 3601 546 3678 ᾴναντιρῤήτῳ
569 3601 713 3654 τέλει
742 3601 839 3672 τὴν
870 3600 1015 3672 ζωὴν
1037 3603 1403 3659 κατακλείσει.
1421 3603 1562 3678 Πρὸς
1581 3605 1636 3658 δὲ
1652 3606 1745 3660 τὸν

154 3691 498 3762 ὑψηλότερον
527 3691 675 3756 νοῦν,
702 3692 732 3744 ὁ
766 3691 1072 3763 ἀρξάμενος
1096 3693 1184 3746 διὰ
1204 3694 1304 3763 τῆς
1338 3696 1625 3764 μετανοίας
1654 3696 1747 3750 καὶ

156 3783 471 3851 ἀσκήσεως,
499 3781 560 3835 τὸ
590 3781 698 3846 ζῶν
721 3783 778 3835 ὲν
801 3783 949 3854 αὐτῷ
970 3785 1156 3855 γήϊνον
1181 3786 1436 3857 φρόνημα
1459 3787 1746 3841 ταπεινοῦν

155 3875 262 3928 καὶ
299 3873 496 3944 ἀσθενῆ
527 3876 720 3938 ποιεῖν,
752 3872 904 3929 οὔπω
941 3877 1299 3949 μακαριστὸς,
1332 3877 1524 3948 μέχρις
1563 3877 1630 3931 ἂν
1659 3877 1748 3931 διὰ.

154 3966 260 4021 τοῦ
287 3967 540 4019 συντόνου
582 3966 682 4035 τῆς
710 3967 998 4036 ἀσκήσεως
1022 3967 1188 4021 πόνου
1215 3968 1464 4039 νεκρωθῇ
1494 3969 1587 4022 καὶ
1619 3985 1746 4022 συν-

153 4059 376 4113 τέλειαν
403 4057 561 4129 λάϐῃ.
603 4056 660 4112 Ὀ
680 4057 788 4129 γὰρ
815 4057 1054 4122 τοιοῦτος
1091 4059 1378 4131 μακάριος,
1401 4059 1478 4125 ὡς
1505 4060 1582 4132 τῷ
1609 4061 1747 4131 Χρι-

155 4147 280 4218 στῷ
304 4148 688 4202 συναποθανὼν
712 4149 800 4203 διὰ
830 4149 928 4220 τῆς
962 4149 1145 4204 κακῶν
1174 4149 1463 4221 ἀπραξίας.
1496 4152 1589 4204 καὶ
1625 4167 1750 4204 συν·

156 4239 523 4309 ανιστάμενος
556 4237 716 4293 πάλιν
762 4238 850 4293 διὰ
883 4240 942 4293 τὸ
967 4239 1100 4311 ὕψος
1153 4240 1260 4294 τῶν
1305 4241 1534 4312 ἀρετῶν.
1576 4242 1748 4294 Τοῦτο

155 4332 275 4401 γὰρ
304 4332 396 4384 καὶ
441 4332 469 4383 ὁ
505 4330 808 4401 Ψαλμῳδὺς
858 4315 1109 4401 σημαίνει
1141 4333 1332 4401 λέγων’
1370 4333 1662 4402 Μακάριοι
1693 4333 1748 4385 ol

155 4425 411 4492 ἄμωμοι,
436 4423 484 4474 οἱ
514 4420 746 4490 καθαροὶ
766 4420 923 4492 δῆλον
957 4424 1038 4475 ὄτι
1066 4424 1283 4486 κακίας·
1306 4425 1354 4476 oi
1390 4426 1746 4496 πορευόμενοι

1849 1876 2062 1930 scilicet
2091 1872 2266 1945 motu)
2296 1874 2660 1930 distineretur
2685 1884 2742 1931 et
2771 1877 3138 1947 projiceretur
3166 1878 3221 1931 in
3256 1894 3428 1940 mare,

1847 1963 1903 2018 in
1949 1964 2130 2019 saculi
2179 1965 2442 2018 nimirum
2489 1963 2892 2018 confusionem.
2931 1964 3047 2020 lloc
3088 1966 3429 2022 vero._.ctiam

1845 2054 2138 2111 conﬁrmat
2176 2055 2459 2124 apostolus
2499 2054 2728 2118 Petrus,
2764 2053 2896 2108 dum
2929 2055 3008 2108 ait
3044 2072 3058 2107 :
3094 2055 3282 2108 Melius
3317 2066 3432 2109 erat

1845 2163 1950 2200 non
1990 2162 2272 2216 agnoscere
2303 2147 2442 2200 viam
2466 2146 2714 2216 justitiaz,
2743 2162 2903 2217 quam
2937 2154 3052 2217 post
3087 2148 3427 2217 agnitionem,

1847 2246 2138 2291 retrorsum
2166 2236 2398 2290 converti
2418 2236 2486 2292 5‘.

2421 2341 2707 2404 INTERR.
2745 2348 2855 2404 Lll.

1915 2441 2206 2514 Cujusnam
2237 2441 2411 2514 figura
2435 2451 2679 2496 sumatur
2699 2440 2853 2510 Cain,
2870 2459 2932 2497 ac
2955 2444 3232 2515 cujusnam
3261 2444 3384 2500 Abel
3404 2446 3430 2501 ἒ)

2564 2553 2723 2608 Rcso.

2564 2571 2667 2608 ms
2711 2596 2723 2608 .

1916 2645 2167 2699 Sumitur
2215 2644 2350 2700 Cain
2393 2653 2454 2699 ut
2497 2571 2770 2714 signiticet
2814 2661 2997 2702 carnis
3046 2647 3424 2715 prudentiam;

1843 2734 1979 2790 Abel
2011 2745 2196 2791 autem
2222 2743 2285 2791 ut
2304 2735 2536 2801 luctum,
2566 2733 2621 2790 id
2648 2741 2754 2802 est,
2780 2735 3180 2806 paenitentiam.

2404 2939 2862 3016 1NTEnn.LnL

1917 3036 2054 3103 Quid
2076 3038 2174 3092 sibi
2201 3036 2351 3092 vult:
2384 3055 2402 3088 ι
2431 3035 2509 3090 Ne
2536 3035 2915 3105 beatiﬁcaveris
2941 3037 3113 3092 virum
3137 3045 3258 3092 ante
3281 3043 3426 3093 mor-

1850 3137 1952 3184 tem
1982 3147 2136 3184 suam
2157 3130 2238 3183 5‘?
2269 3149 2287 3181 ι

2563 3240 2720 3312 Resp.

1916 3334 2154 3389 Proclivi
2190 3333 2355 3388 etiam
2391 3332 2650 3404 vulgique
2688 3345 2886 3396 sensu,
2918 3329 2989 3386 ob
3034 3332 3304 3387 incertum
3347 3331 3425 3384 rei

1845 3431 2105 3480 eventum
2150 3423 2516 3492 humanaeque
2565 3423 2729 3493 320
2771 3422 3074 3477 voluntatis
3119 3421 3424 3486 lubricum,

1847 3530 2008 3570 nemo
2033 3515 2230 3569 beatus
2253 3514 2638 3584 praedicandus
2666 3522 2770 3579 est,
2791 3514 2967 3568 donec
2997 3514 3144 3567 omni
3171 3521 3427 3582 superata

1845 3605 2082 3669 virtute,
2116 3605 2254 3659 nihil
2289 3605 2460 3660 dubio
2499 3603 2604 3657 ﬁne
2637 3604 2806 3657 vitam
2842 3603 3121 3657 clauserit.
3151 3601 3426 3668 Quantum

1845 3710 1978 3750 vero
2005 3696 2072 3750 ad
2105 3697 2358 3751 altiorem
2392 3696 2759 3759 intellectum,
2789 3695 2883 3764 qui
2917 3711 3017 3763 per
3046 3694 3426 3764 pmnitentiam

1847 3803 1912 3842 ac
1931 3788 2154 3841 virtutis
2180 3787 2410 3852 cultum,
2431 3789 2703 3856 vigentem
2732 3787 2785 3839 in
2814 3801 2871 3840 sc
2899 3795 3176 3839 terrenum
3204 3800 3427 3838 sensum

1847 3895 1912 3934 ac
1934 3878 2282 3948 prudentiam
2306 3878 2612 3947 deprimere
2635 3877 2802 3945 coepit
2823 3893 2886 3930 ac
2908 3885 3167 3942 atterere,
3192 3877 3426 3930 necdum

1848 3968 2245 4024 beatiﬁcandus
2276 3977 2380 4034 est,
2410 3968 2588 4022 donec
2625 3975 2884 4022 contenta
2916 3967 3120 4022 laboris
3157 3969 3426 4022 exercita-

1849 4060 1999 4113 tione
2032 4057 2415 4122 mortilicatus,
2449 4057 2981 4114 consummationem
3015 4064 3208 4111 nactus
3240 4057 3429 4112 fuerit.

1849 4150 1953 4216 Qui
1983 4150 2130 4205 enim
2159 4149 2434 4219 ejusmodi
2464 4157 2569 4214 est,
2597 4148 2791 4203 beatus
2818 4139 2923 4211 est,
2947 4147 3099 4202 velut
3122 4163 3246 4202 cum
3273 4148 3432 4203 Chri-

1849 4253 1936 4298 sto
1963 4250 2239 4303 mortuus,
2266 4242 2472 4296 indicta
2505 4257 2534 4295 a
2571 4240 2730 4294 malis
2759 4239 3094 4306 cessatione;
3129 4256 3429 4309 rursusque

1849 4351 1974 4390 cum
2009 4350 2098 4400 eo,
2129 4334 2200 4388 ob
2227 4334 2496 4387 virtutum
2533 4330 2916 4387 celsitudinem
2951 4331 3266 4386 suscitatus.
3294 4332 3427 4385 Nam

1850 4427 1957 4480 hoc
2001 4424 2166 4480 etiam
2212 4423 2556 4478 Psalmorum
2605 4419 2922 4476 modulator
2968 4419 3269 4490 signiﬁcat,
3303 4434 3428 4472 cum

154 4517 220 4569 ὲν
253 4514 402 4585 νόμῳ
424 4513 650 4587 Κυρίου’
682 4514 732 4567 oi
761 4513 851 4567 διὰ
878 4514 986 4569 τῶν
1011 4515 1226 4586 ἀγαθῶν
1258 4516 1508 4588 πράξεων
1532 4518 1744 4572 ὁδεύον-

1861 4517 1920 4572 iit
1947 4533 1958 4569 :
1986 4515 2138 4570 Beati
2163 4512 2494 4568 immaculati
2510 4529 2528 4577 ;
2558 4511 2681 4581 puri
2711 4511 2921 4566 scilicet
2944 4528 2972 4566 a
2995 4511 3244 4582 nequitia
3267 4519 3430 4581 atque

155 4622 278 4670 τες.
374 4664 376 4667 ,

775 4805 969 4860 ΕΡΩΤ.
1019 4805 1144 4858 ΝΔ⁹.

240 4896 304 4952 Τί
329 4895 506 4965 δηλοῖ
531 4897 618 4964 τὸ,
651 4917 669 4950 ι
705 4897 846 4951 Ἐὰν
885 4897 1183 4951 διώκωσιν
1217 4893 1372 4966 ὑμᾶς
1398 4896 1466 4950 ἐκ
1492 4895 1602 4965 τῆς
1643 4897 1746 4949 πό-

157 4993 319 5056 λεως
341 4989 564 5057 ταύτης
606 4987 771 5061 [υιιίθ.
809 4989 878 5042 ἐν
904 4987 980 5058 τῇ
1015 4990 1192 5043 πόλει
1223 4985 1455 5059 suum],
1495 4988 1745 5057 φεύγετε

157 5083 256 5151 εὶς
286 5081 402 5150 τὴν
425 5082 665 5150 amur;
700 5101 719 5134 ι

235 5223 287 5256 ⁸³
315 5208 450 5278 Luc:
479 5238 606 5287 xvn,
633 5222 686 5277 Ξ.
764 5222 811 5255 ⁵³
837 5216 887 5277 ll
920 5223 1066 5276 Petr.
1102 5238 1159 5287 Il,
1201 5221 1292 5275 2!.

237 5361 306 5432 (ί)
339 5363 400 5418 Ὀ
425 5363 590 5418 Κάιν.
645 5364 807 5418 Vocis
840 5363 994 5427 Cain,
1045 5380 1155 5429 non
1200 5363 1346 5417 aliud
1388 5362 1747 5432 quaerendum

160 5431 412 5515 etymum
441 5449 604 5515 quam
618 5434 772 5515 quod
807 5435 924 5504 ipsa
940 5433 1050 5515 Eva
1083 5431 1504 5515 ass.i_guavit,:co
1529 5431 1608 5485 illi
1645 5447 1739 5515 no-

163 5503 319 5560 mine
366 5503 564 5567 indito,
613 5503 750 5558 Gen.
793 5503 865 5567 ιν,
904 5503 1052 5573 quod
1104 5503 1314 5558 scilicet
1363 5503 1544 5556 virum
1587 5511 1743 5573 nacta

163 5581 351 5638 esset;
383 5574 496 5627 ﬁlio
530 5574 741 5628 scilicet
772 5571 936 5629 aucta
963 5574 1114 5626 velut
1156 5573 1535 5641 possessione;
1597 5571 1744 5640 quod

164 5643 466 5707 nihilJ‘acit
497 5644 564 5697 ad
590 5644 939 5712 prudentiam
965 5643 1143 5697 carnis
1170 5661 1183 5695 :
1209 5659 1375 5712 quam
1427 5642 1601 5712 ipsam
1627 5641 1742 5712 Ma:

165 5717 354 5769 ximus
381 5730 490 5772 non
511 5713 565 5767 in
590 5710 713 5783 ejus
739 5714 978 5776 nominis
1026 5722 1207 5782 etymo
1228 5710 1599 5780 _speet‘ivcrit,
1649 5710 1743 5764 sed

169 5786 227 5841 in
266 5784 441 5857 ipsius
461 5783 712 5838 moribus
766 5794 928 5853 atque
957 5783 1160 5848 indole,
1202 5793 1255 5838 et
1308 5783 1456 5852 quod
1492 5783 1742 5846 fratrem,

1373 5221 1416 5252 ⁵⁸
1449 5219 1620 5275 Eccli.
1651 5235 1724 5285 χι,
1750 5219 1838 5274 50.

1847 4606 2012 4672 vitio;
2040 4606 2128 4676 qui
2158 4603 2432 4658 ambulant
2459 4605 2512 4657 in
2541 4602 2650 4673 lege
2673 4600 2887 4656 Domini
2906 4602 2982 4669 ll°;
3011 4602 3106 4672 qui
3135 4618 3236 4672 per
3259 4603 3432 4659 bonas

1848 4698 2093 4755 actiones
2117 4696 2224 4752 iter
2249 4693 2614 4751 contendunt.

2413 4807 2695 4863 INTERR.
2732 4808 2863 4863 LlV.

1921 4902 2057 4969 Quid
2081 4903 2178 4957 sibi
2211 4901 2316 4956 vult
2348 4918 2366 4956 :
2401 4920 2419 4951 ι
2450 4899 2508 4954 Si
2533 4915 2622 4954 vos
2652 4899 2948 4970 fugaverint
2979 4916 3041 4953 ex
3073 4901 3279 4954 civitate
3305 4900 3427 4966 ista,

1850 4994 2013 5066 fugite
2038 4995 2090 5048 in
2121 4991 2286 5046 aliam
2307 4989 2392 5043 '7?
2419 5007 2439 5042 ι

1942 5219 1963 5249 ⁸
1993 5218 2136 5273 Psal.
2168 5233 2349 5283 cxvm,
2383 5217 2432 5270 Ι.
2512 5214 2555 5250 ⁵⁷
2592 5214 2786 5269 Matth.
2821 5230 2876 5281 κ,
2911 5213 3002 5267 27.

1849 5360 2058 5430 justum
2085 5358 2308 5412 Abelem
2334 5355 2694 5430 oppresserit,
2720 5356 2798 5410 uti
2825 5353 3118 5430 prudentia
3141 5354 3321 5409 carnis
3334 5368 3431 5430 op:

1846 5425 2037 5498 primit
2065 5441 2289 5498 sensum
2315 5425 2536 5481 mentis.
2559 5426 2710 5490 Abel,
2746 5425 3034 5498 vanitatem
3063 5430 3243 5498 sonat,
3271 5425 3427 5498 quasi

1852 5492 1966 5552 rem
2027 5497 2223 5562 nihili;
2273 5499 2430 5567 cujus
2496 5512 2693 5550 sensus
2731 5494 2982 5567 maxime
3029 5492 3094 5546 ad
3157 5493 3430 5567 pteniten-

1848 5570 1980 5623 tiam
2008 5567 2302 5631 conducit;
2335 5565 2482 5636 quod
2513 5581 2571 5620 se
2607 5566 2868 5620 nimirum
2898 5579 3055 5636 _vere
3092 5565 3231 5636 quis
3261 5579 3429 5636 agno-

1848 5647 1984 5701 scat,
2045 5653 2110 5692 ac
2150 5636 2297 5706 quod
2344 5632 2501 5690 nihili
2565 5645 2671 5700 est,
2726 5637 2840 5705 ipsa
2898 5632 3140 5706 hominis
3192 5632 3425 5706 ratione,

1847 5710 2115 5787 longeque
2143 5703 2210 5763 eo
2232 5706 2440 5777 aliquid
2468 5706 2672 5770 minus,
2700 5703 3005 5775 peccatoris
3035 5704 3202 5758 ascita
3230 5703 3424 5760 condi-

1851 5788 2022 5834 tione.
