3932 6326
109 346 224 411 833

1294 349 1784 420 QU/ESTIONES
1821 351 1916 412 ET
1956 353 2210 414 DUBIA.

3259 361 3366 427 834

107 457 489 528 ἐδδομήκοντα
525 453 618 524 ἔτη
655 454 814 526 ἔχων,
852 457 962 510 οὐδ’
989 457 1122 520 ὅλως
1158 459 1409 529 περὶτῆς
1435 460 1673 532 τοιαύτης

1792 462 2021 518 libidine
2051 473 2581 519 avocatum-omncm
2610 465 2874 531 animum,
2908 467 2962 522 in
2997 467 3163 524 Deum
3190 481 3369 530 trans-

104 551 381 612 ἀπαοείας
418 550 760 620 μεριμνήσας
787 549 1154 618 ἐτελεύτησεν⁸
1177 551 1205 603 6
1235 551 1289 604 δὲ
1316 553 1444 621 μίαν
1474 552 1687 623 ἡμέραν

106 646 276 718 ἔχων,
313 647 490 698 πᾶσαν
517 644 682 696 αὐτοῦ
711 645 806 716 τὴν
853 645 987 714 πρὸς
1024 647 1092 700 τὰ
1124 646 1283 698 ὑλικὰ
1317 646 1538 716 ἐμπαθῆ
1573 647 1688 701 διά..

104 756 261 792 νοιαν
287 737 626 801 ἀνασπάσας,
662 737 788 806 ὃλην
829 754 886 788 τε
919 737 995 808 τῷ
1031 736 1150 807 Θεῷ
1185 737 1537 806 ἐγκολπώσας
1571 741 1688 791 ἐτε-

102 829 330 900 λειώθη.
374 829 461 881 Ἐν
497 831 564 898 τῇ
609 823 702 880 οὖν
731 829 987 899 γινομένῃ
1015 831 1073 881 ἐν
1117 833 1182 900 τῇ
1215 830 1393 899 κρίσει
1432 830 1683 900 διανομῇ,

101 920 131 972 6
193 921 296 988 μὲν
346 919 511 985 ἀξίως
554 919 646 971 τὸν
707 920 895 988 μισθὸν
947 920 1235 990 λαμϐάνει,
1263 919 1339 983 ὡς
1385 921 1464 983 εἰς
1512 921 1686 991 πέρας

101 1009 194 1061 τὸν
227 1009 430 1061 σκοπὸν
452 1007 542 1060 τοῦ
571 1010 985 1080 ἐπαγγέλματος
1005 1009 1248 1078 ἀγαγών·
1275 1013 1304 1063 6
1329 1010 1383 1063 δὲ
1414 1011 1554 1064 κατὰ
1587 1012 1684 1081 χά-

105 1117 213 1170 ριν,
251 1099 348 1152 καὶ
383 1098 542 1168 μόνον
577 1099 715 1169 ὑπὲρ
751 1095 809 1154 οὗ
846 1101 936 1154 τὸν
965 1101 1064 1170 τῆς
1101 1101 1386 1171 ἀσκήσεως
1419 1101 1680 1172 ὑπέμεινε

101 1190 300 1245 κόπον.

1792 554 1962 621 ferat;
2010 555 2168 624 isque
2212 555 2384 620 adeo,
2435 557 2528 624 qui
2580 572 2755 612 annos
2797 562 3138 630 septuaginta
3178 564 3362 629 habet,

1793 644 1938 698 diem
1968 646 2125 709 obiit,
2161 661 2284 700 cum
2311 661 2431 700 eam
2464 648 2705 702 nancisci
2746 652 3198 719 tranquillitatem
3228 657 3366 712 nihil

1791 736 1953 790 anxie
1997 737 2306 801 curaverit;
2349 736 2395 790 is
2435 753 2588 803 vero,
2634 740 2728 807 qui
2774 756 2941 795 unum
2992 743 3157 797 habet
3197 746 3364 810 diem,

1791 843 2011 882 omnem
2054 828 2222 882 animi
2267 830 2561 898 cogitatum
2610 846 2640 884 a
2686 838 2902 886 terrena
2943 835 3266 892 abstrahens
3296 839 3366 892 li-

1789 923 1999 989 bidine,
2042 924 2207 1001 inque
2242 925 2355 978 Deo
2398 925 2696 992 collocans,
2744 928 2814 981 ita
2854 929 3078 985 demum
3111 948 3368 986 consum-

1789 1025 1972 1070 matus
2009 1015 2081 1069 sit
2109 1033 2122 1068 :
2151 1015 2209 1068 ﬁt
2249 1017 2408 1084 plane
2451 1025 2512 1070 ut
2545 1017 2599 1070 in
2629 1018 2859 1087 judicio,
2895 1019 3078 1075 futura
3111 1025 3364 1091 praemio-

1787 1123 1911 1161 rum
1957 1108 2379 1172 distributione,
2433 1109 2522 1164 hic
2570 1110 2790 1178 quidem
2841 1111 3002 1180 digne
3052 1115 3364 1167 mercedem

1787 1197 2022 1268 accipiat
2053 1198 2332 1269 (tanquam
2371 1199 2582 1253 scilicet
2610 1201 2704 1268 qui
2737 1201 2803 1254 ad
2841 1201 3175 1256 destinatum
3204 1203 3366 1256 iusti-

100 1283 205 1336 tuti
255 1282 419 1336 ﬁnem
453 1281 556 1335 rite
597 1289 893 1350 provectus
921 1280 1037 1352 sit),
1082 1282 1173 1337 ille
1213 1298 1344 1337 vero
1389 1283 1690 1338 secundum
1732 1285 2150 1358 indulgentiam,
2191 1303 2254 1344 ac
2295 1303 2362 1342 eo
2394 1289 2658 1344 duntaxat
2709 1291 2952 1357 nomine,
2982 1292 3130 1362 quod
3199 1307 3363 1348 exer-

108 1372 393 1426 citationis
411 1371 658 1426 laborem
685 1371 981 1426 sanctioris
1003 1372 1240 1428 instituti
1259 1376 1512 1444 palwstra
1529 1375 1876 1433 sustinuerit.

716 1463 914 1516 ΕΡΩΤ.
946 1463 1068 1517 ΞΑἎ

175 1554 352 1618 Τίνος
377 1551 553 1622 χάριν
572 1553 722 1621 μετὰ
753 1552 898 1608 δέκα
929 1555 1151 1624 ἡμέρας
1177 1557 1287 1624 τῆς
1311 1541 1682 1628 ¹ἀναλήισοαςως

99 1643 208 1698 τοῦ
232 1645 482 1713 Κυρίου,
516 1645 582 1698 τὸ
613 1645 858 1715 Πνεῦμα
885 1647 1206 1723 σέατῆλθεν.

781 1760 1008 1830 Ἆπόκρ.

169 1871 308 1924 «Paul
331 1888 478 1936 τινες
500 1873 608 1927 τῶν
635 1873 700 1928 τά
724 1873 843 1928 θεῖα
877 1875 1348 1948 πεπαιδευμένων,
1375 1877 1456 1931 ὅτι
1492 1876 1680 1950 ἐπειδὴ

103 1963 261 2017 ἐννέα
287 1963 475 2029 τάξεις
501 1966 642 2020 κατὰ
664 1965 756 2019 τὸν
781 1967 1056 2021 Διονύσιον
1082 1968 1172 2022 τὸν
1209 1969 1601 2041 Ἀρεοπαγίτην
1623 1971 1680 2025 αἱ

101 2054 398 2124 ἀγγελικαὶ
417 2057 676 2127 δυνάμεις
705 2059 862 2123 εἰσὶν,
895 2058 1060 2112 ἀνιὼν
1090 2059 1229 2114 κατὰ
1258 2061 1318 2114 τὸ
1341 2061 1679 2132 ἀνθρώπινον

101 2147 130 2199 6
151 2145 359 2216 Κύριος
394 2146 557 2217 (κατὰ
585 2147 693 2217 γὰρ
729 2147 788 2200 τὸ
818 2148 958 2201 θεῖον
986 2149 1162 2203 πάντα
1194 2151 1430 2221 πληροῖ),
1464 2152 1679 2221 ἑκάστῳ

101 2235 344 2306 τάγματι
395 2236 523 2306 μίαν
560 2237 774 2308 ἡμέραν
811 2239 1124 2309 ἀπένειμεν,
1166 2243 1273 2294 ἀπὸ
1311 2241 1411 2310 τῆς
1444 2241 1678 2311 ἐσχάτης

103 2324 207 2390 ἓως
231 2329 333 2393 τῆς
367 2327 701 2390 τελευταίας.
747 2327 982 2382 Ἐδέοντο
1014 2330 1122 2398 γὰρ
1146 2331 1238 2383 καὶ⁵
1263 2324 1420 2384 αὗται
1451 2332 1550 2402 τῆς
1583 2332 1675 2384 τοῦ

104 2418 306 2488 Κυρίου
334 2417 472 2488 πρὸς
483 2417 650 2482 αὐτὰς
666 2419 818 2489 ὲπιδη
828 2420 972 2488 μίας.
993 2423 1086 2474 Ἑν
1105 2419 1263 2486 αὐτῷ
1279 2423 1406 2491 γάρ,
1426 2422 1565 2476 κατὰ
1585 2422 1678 2476 τὸν

116 2509 461 2571 ’Δπόστολον,
499 2510 1007 2579 ἀνεκεεραλαιώθη,
1038 2513 1109 2565 οὐ
1132 2515 1323 2580 μόνον
1352 2513 1424 2566 τὰ
1441 2513 1536 2567 ἐπὶ
1566 2512 1675 2585 τῆς

102 2595 230 2665 τῆς,
260 2598 429 2652 ἀλλὰ
457 2598 554 2651 καὶ
595 2599 666 2652 τὰ
693 2599 762 2652 ἐν
792 2599 1044 2668 οὐρανῷο
1079 2603 1171 2654 καὶ
1210 2603 1347 2672 μετὰ
1394 2603 1550 2656 τοῦτο
1592 2607 1676 2659 ἐν·

103 2691 364 2762 εφανίσοη
395 2690 473 2760 τῷ
498 2691 616 2762 Θεῴ
657 2692 750 2746 καὶ
775 2694 968 2764 Πατρί·
1005 2694 1099 2746 καὶ
1136 2694 1308 2758 οὕτως
1345 2694 1404 2748 τὸ
1451 2695 1677 2766 Πνεῦμα

103 2784 330 2840 κάτεισι.
401 2786 556 2838 Ἐστι
610 2785 665 2838 δὲ
720 2785 990 2857 Θεωρῆσαι
1044 2786 1106 2839 τὸ
1170 2788 1526 2859 προκείμενον
1583 2791 1676 2844 καὶ

104 2881 218 2932 κατ’
243 2879 409 2933 ἄλλον
437 2878 668 2950 Θεωρίας
699 2879 920 2950 τρόπον.
964 2880 1182 2951 Ἐπειδὴ
1210 2883 1318 2950 γάρ
1358 2885 1385 2935 6
1414 2883 1505 2936 τοῦ
1539 2883 1674 2937 Θεοῦ

102 2970 287 3039 Λόγος,
312 2973 378 3024 ἐν
405 2974 525 3035 ταῖς
551 2971 712 3026 αὑτοῦ
740 2973 868 3025 δέκα
894 2972 1130 3036 ἐντολαῖς
1154 2975 1545 3043 ἐγκέκρυπται’
1579 2993 1676 3029 σω·

2341 1433 2802 1525 ιΝτΕπηξιΧι

1858 1555 1997 1622 Quid
2038 1574 2210 1612 causa:
2244 1568 2317 1612 est
2379 1576 2473 1612 cur
2505 1567 2619 1626 post
2661 1560 2833 1612 decem
2865 1559 2974 1613 dies
3014 1577 3045 1613 a
3076 1569 3277 1632 recepto
3304 1561 3361 1616 in

1714 1687 1755 1740 Β
1784 1649 1936 1704 caelos
1963 1649 2450 1720 Domino,Spiritus
2480 1652 2680 1704 venerit
2704 1651 2728 1703 ?

2493 1758 2651 1830 Resp.

1848 1873 2018 1928 Aiunt
2059 1873 2281 1944 quidam
2338 1875 2589 1929 divinoru
2620 1891 2649 1928 ,ι
2698 1874 2927 1929 scientia
2979 1875 3185 1930 eruditi
3230 1876 3357 1945 viri,

1779 1963 1948 2033 quod,
1987 1980 2110 2019 cum
2161 1973 2386 2018 auctore
2427 1965 2688 2033 Dionysio
2714 1963 3058 2034 AreOpagita,
3101 1966 3360 2036 angelicas

1777 2061 2078 2122 potestates
2103 2055 2154 2107 in
2177 2069 2372 2108 novem
2404 2053 2714 2108 distributze
2743 2053 2852 2106 sint
2880 2053 3129 2120 ordines,
3165 2071 3360 2109 ascen-

1779 2144 1915 2198 dens
1955 2144 2220 2197 Dominus
2263 2142 2570 2197 secundum
2617 2143 2913 2196 humanam
2954 2153 3206 2198 naturam
3252 2145 3359 2214 (di-

1777 2235 1904 2289 vina
1942 2234 2090 2289 enim
2137 2233 2401 2302 implebat
2445 2233 2660 2302 omnia)
2693 2235 2894 2302 cuique
2943 2234 3125 2287 ordini
3162 2235 3230 2288 ab
3260 2250 3361 2288 ex-

1778 2334 1952 2381 tremo
1985 2326 2052 2380 ad
2091 2341 2409 2396 supremum
2439 2325 2583 2379 diem
2621 2339 2790 2378 unum
2827 2323 3176 2391 impenderit.
3219 2324 3356 2378 Nam

1775 2421 1834 2466 et
1884 2411 2059 2482 angeli
2131 2412 2350 2466 Domini
2390 2413 2454 2466 ad
2511 2413 2657 2481 ipsos
2709 2411 2946 2465 adventu
3016 2412 3355 2482 indigebant.

1775 2503 1847 2558 Ut
1903 2503 2049 2557 enim
2107 2503 2281 2557 sentit
2330 2501 2494 2572 324
2549 2502 2842 2571 Apostolus
2887 2519 2900 2554 :
2941 2501 3248 2556 Instaurata
3300 2504 3356 2556 in

1776 2605 1834 2642 eo
1891 2597 2012 2642 sunt
2064 2591 2278 2651 omnia,
2329 2606 2430 2642 non
2490 2605 2552 2642 ea
2626 2589 2797 2641 solum
2850 2605 2966 2659 qua:
3020 2599 3141 2642 sunt
3199 2605 3357 2660 super

1776 2687 1994 2743 terram,
2023 2682 2115 2731 sed
2153 2685 2200 2731 et
2240 2695 2358 2748 qua:
2394 2685 2518 2732 sunt
2561 2679 2615 2730 in
2661 2680 2787 2731 caelo
2820 2677 2865 2710 “
2901 2697 2915 2743 ;
2961 2688 3184 2748 tumque
3241 2681 3354 2735 Deo

1775 2782 1839 2821 ac
1880 2768 2026 2821 Patri
2073 2767 2418 2836 apparuerit,
2469 2774 2633 2836 atque
2676 2767 2732 2820 in
2777 2768 2924 2822 hunc
2971 2753 3190 2822 modum
3233 2769 3357 2839 Spi-

1776 2858 1916 2913 ritus
1987 2860 2223 2913 venerit.
2289 2859 2475 2912 Potest
2537 2875 2670 2913 vero
2733 2861 2900 2914 etiam
2945 2860 3054 2914 alio
3119 2861 3354 2930 spiritali

1775 2965 1940 3004 sensu
1987 2950 2356 3016 considerari,
2401 2951 2548 3020 quod
2588 2949 2678 3004 hic
2722 2951 3025 3020 argumenti
3069 2967 3350 3008 vexamus.

107 3035 366 3130 ματοῦται
411 3063 467 3115 δὲ
496 3064 554 3115 ἐν
585 3065 732 3134 ἡμῖν,
771 3035 1218 3132 συγκαταϐαίνων
1257 3035 1385 3136 ἡμῖν
1429 3067 1516 3120 διὰ
1570 3068 1669 3136 τῆς

1787 3039 1926 3106 Quod
1951 3043 2100 3096 enim
2133 3043 2227 3097 Dei
2265 3041 2457 3096 Sermo
2491 3043 2546 3096 in
2571 3041 2760 3096 decem
2803 3044 2919 3098 suis
2952 3043 3223 3098 mandatis
3253 3059 3352 3100 oc-

104 3155 376 3227 πράξεως’
411 3153 564 3221 αὖθίς
611 3175 668 3212 τε
709 3159 898 3227 ἀνάγει
951 3161 1096 3231 ἡμᾶς
1135 3160 1221 3214 διὰ
1259 3164 1358 3231 τῆς
1395 3159 1669 3229 γνώσεως,

105 3249 247 3318 ὑψῶν
286 3251 442 3321 ἡμᾶς
475 3249 665 3320 μέχρις
698 3251 1009 3321 ἀνέλθωμεν
1049 3254 1128 3318 εἰς
1156 3252 1254 3322 τὴν
1281 3253 1498 3308 πάντων
1531 3254 1671 3323 ὑψη-

103 3339 316 3410 λοτέραν
343 3342 464 3396 τῶν
491 3343 741 3406 ἐντολῶν,
773 3343 872 3415 τὴν
896 3344 1178 3412 λέγουσαν,
1223 3347 1436 3413 Κύριος
1463 3349 1496 3399 δ
1528 3348 1672 3412 Θεός

103 3445 236 3499 σου,
287 3436 512 3502 Κύριος
553 3430 640 3501 εἷς
674 3436 864 3489 ἐστιν’
912 3437 999 3490 ὅτε
1043 3437 1172 3506 γοῦν
1223 3439 1286 3492 ἐκ
1316 3439 1528 3492 πάντων
1563 3441 1669 3507 ἀφ-

106 3525 260 3592 εθεὶς,
289 3527 494 3597 μᾶλλον
524 3528 600 3593 δὲ,
632 3529 810 3581 πάντα
855 3529 1012 3598 ἀφεὶς
1055 3531 1083 3582 6
1113 3530 1380 3601 ἡμέτερος
1415 3530 1562 3596 νοῦς,
1591 3533 1671 3595 εἰς

108 3619 263 3672 αὑτὸν
285 3619 375 3673 τὸν
405 3619 541 3673 Θεὸν
569 3619 870 3692 καταλήξῃ,
895 3620 1017 3673 τότε
1041 3622 1138 3684 τὰς
1166 3623 1397 3694 πυρίνας
1419 3623 1668 3692 γλώσσας

108 3709 332 3781 δέχεται,
358 3711 495 3775 Θεὸς
527 3711 668 3765 κατὰ
696 3711 855 3782 χάριν
881 3712 1177 3784 γινόμενος.

716 3886 910 3940 ΕΡΩΤ.
935 3887 1051 3940 EB’.
1144 3885 1149 3891 ’

183 3974 241 4026 Tl
257 3973 451 4041 δηλοῖ,
481 3992 500 4024 ι
513 3974 779 4030 Σπὰνιοιν
794 3977 1074 4045 εἰσάγαγε
1097 3977 1204 4029 τὸν
1223 3977 1378 4030 πόδα
1393 3978 1543 4046 πρὸς
1563 3980 1669 4033 τὸν

109 4063 362 4117 σεαυτοῦ
376 4064 582 4133 φίλον,
595 4063 826 4132 μήποτε
843 4063 1138 4133 πλησθείς
1154 4081 1270 4120 σου
1282 4065 1516 4137 μισήσῃ
1536 4081 1631 4133 σε;
1643 4087 1660 4120 ι

665 4153 668 4156 ’
770 4157 1007 4225 Ἀπόκρ.

174 4270 325 4323 Φίλον
351 4268 586 4323 ἐνταῦθα
621 4269 681 4321 τὸ
708 4269 865 4340 σῶμα
892 4271 1046 4340 ἡμῶν
1077 4271 1244 4340 λέγει,
1271 4272 1356 4325 διὰ
1390 4272 1488 4343 τὴν
1529 4275 1667 4344 πρὸς

1773 3131 1977 3197 cultus,
2022 3133 2077 3186 in
2116 3139 2365 3186 nostrum
2401 3148 2459 3187 se
2507 3133 2728 3187 modum
2775 3150 2838 3188 ac
2876 3134 3038 3190 nobis
3077 3134 3353 3190 inclinans

1773 3221 2006 3275 actionis
2055 3222 2206 3275 cultu
2259 3229 2612 3291 corporatur;
2666 3237 2970 3291 rursusque
3021 3239 3123 3277 nos
3174 3225 3350 3278 subli-

1773 3327 1888 3366 mes
1913 3312 2130 3377 tollens,
2153 3329 2250 3382 per
2275 3313 2556 3367 scientiam
2587 3312 2860 3382 provehit,
2891 3313 3064 3370 donec
3095 3315 3162 3370 ad
3192 3332 3348 3372 man-

1771 3403 1960 3458 datum
2013 3405 2290 3458 universis
2342 3404 2680 3460 sublimius:
2716 3405 2972 3459 Dominus
3021 3406 3161 3460 Deus
3205 3415 3345 3473 tuus,

1769 3493 2026 3548 Dominus
2056 3512 2194 3549 unus
2232 3505 2308 3548 est
2327 3495 2770 3559 “,ascendamus
2795 3513 2808 3548 :
2833 3511 2956 3550 cum
2983 3497 3167 3566 itaque
3191 3513 3349 3553 mens

1770 3593 1954 3640 nostra
1983 3586 2199 3640 cunctis
2222 3585 2422 3649 soluta,
2453 3601 2548 3639 seu
2583 3586 2765 3657 potius
2793 3587 3050 3643 omnibus
3079 3587 3342 3647 dimissis.

1770 3675 1947 3746 ipsum
1983 3686 2260 3746 postremo
2295 3677 2465 3731 Deum
2517 3685 2674 3733 nacta
2719 3676 2909 3740 fuerit,
2956 3687 3088 3734 tunc
3131 3679 3348 3750 linguas

1769 3766 1978 3836 igneas,
2009 3783 2108 3836 per
2129 3768 2359 3837 gratiam
2390 3766 2528 3822 deus
2552 3767 2768 3832 eﬂccta,
2800 3769 3016 3838 recipit.

2315 3879 2598 3934 INTERR.
2640 3879 2800 3934 LXII.

1839 3967 1975 4032 Quid
2015 3967 2112 4021 sibi
2157 3966 2267 4020 vult
2303 3982 2321 4020 :
2359 3985 2375 4016 ι
2413 3966 2617 4020 Rarum
2665 3967 2800 4035 infer
2851 3967 3033 4037 pedem
3084 3976 3231 4022 tuum
3273 3971 3343 4024 ad

1768 4059 1992 4112 amicum
2019 4066 2184 4123 tuum,
2211 4073 2275 4111 ne
2301 4057 2436 4128 forte
2459 4064 2506 4108 te
2531 4058 2778 4121 satiatus,
2803 4059 2971 4111 oderit
2997 4066 3046 4110 te
3068 4059 3153 4111 “?
3178 4078 3195 4110 ι

2525 4147 2679 4217 Resp.

1836 4259 2085 4316 Amicum
2121 4258 2212 4313 hic
2238 4258 2366 4321 loci,
2397 4273 2599 4326 corpus
2631 4265 2876 4311 nostrum
2907 4258 3060 4322 dicit,
3089 4259 3159 4312 ob
3185 4266 3342 4314 natu.

105 4364 229 4417 αὐτὸ
259 4365 493 4434 φυσικὴν
523 4365 712 4418 ἕνωσίν
736 4382 794 4416 τε
824 4364 918 4418 καὶ
949 4367 1205 4436 στοργήν.
1239 4369 1502 4438 Παραινεῖ
1528 4364 1619 4423 οὖν
1640 4373 1668 4424 6

1787 4351 1940 4404 'alem
1968 4366 2091 4405 cum
2121 4366 2186 4403 eo
2218 4349 2474 4402 unionem
2504 4349 2814 4418 amorisque
2852 4350 3336 4406 necessitudinem.

105 4456 288 4524 Λόγος,
325 4459 422 4527 τὴν
457 4457 581 4527 περὶ
617 4458 677 4510 τὸ
712 4457 868 4526 σῶμα
902 4457 1156 4526 πρόνοιαν
1193 4457 1266 4526 μὴ
1297 4459 1666 4530 πεφορτισμέ-

105 4561 196 4614 νην
244 4545 532 4606 ποιεῖσθαι,
557 4545 689 4597 ἀλλὰ
725 4545 868 4613 μόνῳ
913 4543 988 4612 τῷ
1032 4546 1131 4612 τῆς
1173 4543 1348 4611 ψυχῆς
1397 4544 1532 4613 ἴχνει
1565 4545 1663 4614 τὴν

106 4635 262 4688 αὐτοῦ
293 4637 550 4708 πρόνοιαν
587 4637 877 4688 ποιεῖσθαιο
938 4635 1032 4686 καὶ
1082 4633 1238 4687 τοῦτο
1280 4634 1334 4686 δὲ
1392 4635 1653 4703 σπανίως,

109 4726 307 4794 μήποτε
369 4728 469 4798 τὴν
521 4727 826 4780 ἀνάπαυσιν
874 4725 1036 4779 αὑτοῦ
1077 4725 1203 4796 περὶ
1242 4723 1437 4778 πολλοῦ
1477 4743 1662 4780 ποιου-

1768 4441 1950 4495 Monet
1978 4441 2144 4511 igitur
2171 4440 2475 4509 Scriptura,
2511 4456 2577 4494 ne
2614 4441 2887 4497 morosius
2921 4442 3170 4514 corporis
3195 4459 3340 4499 cura:

1767 4530 2122 4600 impendaris,
2154 4530 2246 4584 sed
2279 4529 2447 4583 animi
2482 4531 2659 4582 solum
2703 4531 2935 4599 vestigio
2972 4531 3049 4587 illi
3085 4532 3336 4599 studeas;

1763 4621 1861 4676 sed
1899 4629 1954 4675 et
1994 4620 2098 4674 hoc
2136 4617 2312 4689 ipsum
2358 4636 2502 4683 raro,
2540 4635 2608 4673 ne
2649 4619 2789 4675 forte
2829 4621 2958 4674 dum
3004 4623 3122 4693 ejus
3166 4625 3340 4693 pluris

1764 4713 2118 4768 refectionem
2159 4727 2222 4765 ac
2266 4712 2505 4780 quietem
2559 4711 2714 4776 facis,
2752 4711 3070 4782 diligentius
3117 4731 3337 4780 curans,

108 4815 260 4882 μένου
289 4835 405 4884 σου,
439 4817 509 4871 τὰ
539 4817 646 4870 τῶν
675 4817 886 4888 ἐχθρῶν
912 4817 1005 4870 καὶ
1030 4817 1329 4887 μισούντων
1361 4818 1420 4870 ἐν
1449 4818 1530 4871 σοὶ
1569 4819 1658 4873 ἐν-

1787 4821 1884 4874 [ua-
1913 4805 2021 4859 sint
2051 4804 2292 4859 hostium
2331 4811 2493 4872 atque
2530 4803 2833 4859 odientium
2866 4805 2920 4860 in
2949 4814 3001 4861 te
3030 4807 3162 4861 illud
3187 4808 3340 4862 exhi-

103 4901 353 4974 δείξηται.

709 4999 900 5051 ΕΡΩΤ.
933 4996 1048 5050 El".

175 5086 236 5138 Τι’
253 5089 528 5156 σημαίνει
560 5090 591 5156 ἡ
615 5088 764 5142 κατὰ
796 5089 1109 5158 τὸννόμον
1128 5089 1261 5157 περὶ
1284 5088 1530 5157 ἀγνοίας
1551 5087 1656 5143 τοῦ

101 5175 282 5241 φόνου
298 5182 815 5248 νευροκοπουμένη
835 5177 911 5250 (n)
925 5180 994 5232 ἐν
1013 5179 1087 5249 τῇ
1101 5180 1350 5251 φάραγγι
1371 5180 1663 5251 (Mysum;

797 5291 1024 5360 Ἀπόκρ.

167 5394 426 5468 Σημαίνει
459 5400 545 5454 διὰ
569 5400 774 5454 τούτων
796 5400 856 5455 τὸ
886 5402 1255 5473 πνευματικὸν
1282 5403 1530 5476 βοῦλημα
1557 5403 1662 5478 τῆς

161 5566 205 5600 “
229 5570 428 5641 Ephes.
453 5591 493 5643 ι,
528 5576 610 5631 10.
685 5578 728 5610 ⁸⁸
754 5579 912 5633 Deut.
942 5594 1013 5644 vr,
1041 5580 1092 5632 4.
1171 5581 1215 5612 ⁸⁸
1242 5581 1404 5635 Prov.
1447 5597 1572 5646 xxv,
1602 5581 1687 5634 17.

1697 4951 1702 4954 .
1766 4897 1913 4952 beat.

2293 5003 2800 5073 INTEnn.anL
2862 4987 2869 4992 ’

1839 5095 1974 5162 Quid
2030 5096 2126 5150 sibi
2173 5095 2283 5149 vult
2339 5095 2522 5165 legalis
2576 5094 2741 5149 vitula
2791 5112 2885 5165 pro
2931 5097 3208 5150 homicidio
3244 5113 3338 5168 per

1769 5190 2124 5259 ignorantiam
2153 5189 2425 5242 commisso
2453 5188 2509 5239 in
2537 5187 2676 5239 valle
2704 5186 3018 5240 subuervata
3049 5187 3092 5218 ⁸⁷
3121 5179 3146 5231 Ῡ

2022 5359 2026 5364 η
2464 5297 2621 5364 Resp.

1835 5405 2041 5463 llorum
2083 5407 2330 5477 symbolo
2373 5405 2428 5459 id
2473 5405 2731 5460 videlicet
2769 5403 3038 5476 signiﬁcat
3073 5405 3336 5477 spiritalis

1765 5581 1810 5613 ⁸⁷
1839 5581 1998 5635 Deut.
2025 5598 2133 5646 χχι,
2173 5582 2290 5637 4-6.

167 5743 921 5822 (η)Νευροκοπουμένη.8ἰο
939 5761 1085 5808 certe
1137 5755 1344 5810 lLXX.
1387 5757 1544 5811 Deut.
1593 5771 1673 5809 xxx

1787 5755 1875 5809 (αὶ
1906 5756 2363 5825 νευροκοπήσουσι
2394 5757 2488 5826 τὴν
2517 5757 2745 5828 δάμαλιν
2793 5759 2851 5810 ἐν
2883 5759 2948 5829 τῇ
2974 5757 3240 5830 φάραγγι,
3275 5769 3333 5816 et
