3932 6326
116 351 218 415 £37

1313 349 1806 424 QU/ESTIONES
1842 350 1939 410 ET
1971 350 2227 411 DUBIA.

3277 348 3391 411 838

118 462 236 519 ὑπὸ
273 459 585 529 τεσσάρων
624 459 993 530 χαλώμενος,
1020 462 1118 516 καὶ
1154 464 1206 517 εἰ
1246 462 1510 519 δυνατὸν
1549 465 1700 518 κατὰ

1816 465 2120 530 :ubmissus;
2176 480 2238 517 ac
2291 478 2392 515 non
2460 460 2660 532 reipsa,
2716 459 2899 515 domus
2951 468 3080 515 tecto
3122 461 3385 520 denudari

117 555 231 622 ε’ἱεν
260 554 529 621 ἱστορίαν
552 552 1084 623 ἀποστεγασθῆναι
1120 556 1227 609 τὸν
1267 557 1437 611 οἷκον
1463 575 1485 622 ;

802 663 1043 733 Ἀπόκρ.

190 755 346 810 Κατά
385 756 482 826 μὲν
529 754 627 825 τὴν
671 754 937 825 ἱστορίαν,
990 756 1209 821 πάντως
1259 758 1642 828 ἀπεστεγάσθη
1672 758 1700 811 ὁ

117 846 293 912 οἶκος·
320 848 507 917 ἐπειδὴ
549 850 596 899 οί
640 847 747 900 τῶν
793 849 972 900 τόπων
1012 849 1235 903 ἐκείνων
1287 851 1550 902 αὐτόπται
1604 866 1699 917 γε-

118 942 354 1010 νόμενοι,
386 942 520 1008 φασὶ
538 941 636 1003 τὰς
661 941 860 1009 στέγας
883 940 989 992 τῶν
1017 939 1205 1005 οἴκων,
1238 942 1347 994 ἀπὸ
1368 941 1518 994 λίθου
1542 942 1697 1010 κισή-

122 1049 214 1101 pou
242 1025 381 1084 εῖναι
406 1030 834 1101 ἐλαφροτάτους,
871 1032 1011 1085 ὥστε
1049 1034 1140 1087 τὸν
1170 1034 1542 1102 ἀποστεγάσαι
1576 1033 1701 1103 βου-

120 1124 365 1191 λόμενον,
432 1122 671 1187 εὐκόλως
723 1124 817 1177 καὶ
879 1126 1164 1195 συντόμως
1220 1124 1484 1179 δύνασθαι
1542 1124 1702 1178 τοῦτο

123 1216 313 1267 ποιεῖν.
362 1214 519 1267 Κατὰ
554 1213 609 1266 δὲ
642 1214 734 1266 τὸν
787 1215 887 1285 τῆς
934 1217 1229 1286 ἀναγωγῆς
1269 1217 1490 1288 τρόπον,
1525 1235 1702 1289 παρα-

124 1304 331 1367 λυτικός
365 1306 501 1371 ἐστι,
530 1306 637 1368 πᾶς
675 1305 799 1369 νοῦς
825 1309 882 1360 ἐν
914 1309 1214 1380 ἁμαρτίαις
1252 1310 1447 1375 νοσῶν,
1483 1310 1577 1362 καὶ
1627 1310 1700 1380 μὴ

127 1394 518 1463 δυνάμενος,δά
539 1396 637 1465 τῆς
660 1397 892 1466 φυσικῆς
913 1397 1147 1473 θεωρίας
1173 1398 1332 1469 (αὕτη
1355 1400 1465 1468 γὰρ
1537 1398 1699 1469 θύρα)

129 1485 252 1539 ἰδεῖν
303 1484 398 1538 τὸν
437 1484 629 1553 λόγον·
664 1485 752 1539 διὰ
796 1486 853 1540 δὲ
892 1488 990 1559 τῆς
1039 1490 1287 1551 πίστεως·
1320 1490 1701 1559 ἀποστεγάσας

122 1577 183 1630 τὸ
214 1577 475 1648 κάλυμμα
501 1580 598 1649 τῆς
624 1577 935 1649 παχύτητος
960 1580 1056 1634 τοῦ
1091 1582 1318 1652 νομικοῦ
1349 1583 1701 1653 γράμματος,

120 1667 210 1725 διὰ.
239 1667 345 1720 τῶν
385 1669 670 1741 τεσσάρων
720 1670 954 1741 χαλᾶται
993 1674 1057 1725 ἐκ
1106 1671 1201 1726 τοῦ
1248 1674 1478 1744 ματαίου
1512 1673 1701 1743 ὕψους,

124 1760 260 1829 πρὸς
306 1759 398 1813 τὸν
453 1760 643 1813 ἑαυτὸν
689 1762 1007 1817 κενώσαντα
1055 1764 1250 1832 Λόγον,
1280 1764 1375 1817 καὶ
1402 1766 1470 1841 τῇ
1520 1765 1701 1825 πίστει

122 1854 217 1905 καί
252 1855 318 1925 τῇ
350 1852 548 1923 πράξει
570 1853 841 1924 λαμϐάνει
868 1854 967 1924 τὴν
1002 1851 1183 1925 βάσιν.

738 1994 936 2048 ΕΡΩΤ.
979 1994 1096 2048 ΞΕ’.

200 2086 364 2152 Τίνος
417 2086 595 2157 χάριν
642 2089 1133 2157 καταγελωμένου
1183 2088 1539 2145 Ἐλισσαίου
1600 2091 1706 2145 τοῦ

123 2176 433 2244 προφήτου
466 2177 534 2230 ἐκ
582 2175 700 2229 τῶν
738 2178 988 2241 παίδων,
1024 2179 1273 2246 ηὔξατο,
1299 2180 1394 2233 καί
1440 2181 1707 2248 ἐξῆλθον

124 2267 312 2335 ἇρκοι,
346 2268 444 2323 καί
464 2267 782 2337 ἀνώρυξαν
814 2269 1195 2343 [ἀνέρρηξαν]
1223 2272 1327 2340 μβ¹
1366 2271 1622 2338 παῖδαςὶ

786 2383 1024 2452 Ἀπόκρ,

191 2472 324 2529 1ιἀσί
353 2478 496 2538 τινες
533 2464 779 2548 μὴέἷναι
815 2475 1152 2545 Ἰσραηλίτας
1181 2476 1308 2542 τοὺς
1344 2477 1559 2542 παῖδας,
1588 2476 1705 2531 ἀλλ’

124 2570 189 2622 ὲκ
216 2567 321 2624 τῶν
349 2568 696 2636 ἀλλοφύλωνθ
731 2568 826 2622 καὶ
853 2568 973 2638 οὐχ).
1006 2569 1204 2632 παῖδας
1233 2572 1300 2641 τῇ
1336 2571 1546 2642 ἡλικίᾳ,
1568 2571 1705 2625 ἀλλά

122 2662 190 2731 τῇ
228 2660 504 2731 φρονήσει.
550 2659 701 2712 Ἐπεὶ
739 2654 833 2713 οῦν
860 2660 1059 2731 ἤκουον
1088 2660 1179 2714 τὸν
1212 2662 1500 2733 προφήτην
1534 2662 1706 2715 πολλά

126 2754 328 2824 σημεῖα
361 2751 646 2818 ποιοῦντα,
684 2746 779 2805 καὶ
814 2753 914 2805 οὐκ
959 2753 1270 2813 ἐπίστευον,
1307 2753 1444 2805 ἀλλά
1475 2753 1707 2821 κατεγέ-

121 2842 231 2896 λων
252 2841 416 2895 αὐτοῦ
442 2857 455 2871 ’
495 2841 746 2911 παρῆσαν
778 2840 836 2894 δέ
872 2858 1017 2904 τινες
1061 2841 1136 2912 μὴ
1176 2841 1562 2904 κοινωνοῦντες
1608 2846 1707 2915 τῆς

128 2933 362 3004 ματαίας
392 2932 573 2985 αὐτῶν
601 2931 828 3002 γνώμης
864 2947 879 2963 ο
927 2932 1012 2985 ἴνα
1039 2928 1130 2985 οῦν
1162 2931 1236 3002 μὴ
1262 2926 1405 2985 οῦτοι
1428 2933 1709 3003 βλάπτων-

123 3042 238 3089 ται,
280 3025 373 3077 καὶ
408 3024 466 3077 τὸ
509 3023 832 3095 βλάσφημον
862 3024 941 3087 είς
970 3024 1102 3077 Θεὸν
1130 3023 1428 3096 ἀνατρέχῃ,
1469 3025 1707 3096 ἐπεξῆλ-

125 3117 220 3169 θεν
250 3114 436 3178 αὐτοῖς
468 3117 495 3167 ὁ
527 3114 678 3178 Θεὸς.
716 3114 874 3171 Κατὰ
897 3114 953 3167 δὲ
987 3113 1084 3186 τὴν
1137 3115 1392 3186 θεωρίαν,
1426 3117 1534 3179 πᾶς
1572 3116 1698 3180 νοῦς

1802 558 1963 628 possit
1994 557 2059 611 ⁸³⁸.

2506 673 2666 746 Resp.

1871 766 2027 835 Quod
2076 767 2298 838 quidem
2353 767 2421 822 ad
2473 769 2551 822 rei
2605 777 2771 838 gestae
2823 768 3110 821 veritatem
3165 764 3381 829 attinet,

1801 862 2027 916 omnino
2056 862 2269 916 detecta
2296 870 2379 916 est
2408 862 2622 916 domus.
2658 862 2827 915 Aiunt
2850 861 2997 914 enim
3023 859 3117 929 qui
3143 856 3387 911 Palaesti-

1802 969 1887 1007 nae
1923 953 2043 1007 loca
2087 953 2190 1021 ipsi
2237 954 2567 1019 lustrarunt,
2605 953 2895 1007 domorum
2931 961 3072 1007 tecta
3110 952 3388 1006 levissima

1802 1059 1923 1099 esse
1954 1059 2019 1097 ex
2068 1043 2249 1113 lapide
2301 1045 2537 1114 pumice,
2567 1053 2627 1098 ut
2669 1044 2763 1113 qui
2808 1043 2924 1098 hzec
2963 1058 3221 1097 amovere
3254 1043 3388 1098 velit
3450 1098 3453 1101 .

1801 1150 1867 1189 ac
1920 1135 2201 1205 detegere,
2243 1134 2296 1189 id
2347 1135 2507 1190 facile
2562 1136 2828 1206 brevique
2883 1136 3058 1206 possit
3104 1143 3385 1204 praestare.

1804 1224 2049 1295 Spiritali
2074 1241 2207 1280 vero
2233 1242 2295 1280 ac
2324 1226 2505 1281 altiori
2533 1211 2720 1292 sensu,
2746 1226 3079 1298 paralyticus
3102 1235 3187 1280 est
3210 1225 3390 1279 omnis

1804 1318 2023 1373 animus
2047 1320 2289 1388 peccatis
2318 1319 2597 1384 laborans,
2629 1334 2734 1375 nec
2759 1320 2947 1374 valens
2972 1317 3238 1373 naturalis
3260 1332 3391 1371 con-

1805 1408 2179 1477 templationis
2215 1409 2265 1463 vi
2305 1410 2445 1479 (hazc
2487 1409 2634 1464 enim
2673 1419 2845 1479 μοι-ιω
2884 1408 3153 1463 rationem
3198 1405 3389 1476 habet)

1802 1516 2117 1556 sermonem
2162 1502 2353 1559 videre
2402 1520 2415 1556 ι
2465 1503 2562 1573 qui
2602 1506 2799 1558 “tamen
2849 1501 2976 1557 ﬁdei
3019 1517 3125 1571 ope
3173 1500 3387 1557 detecto

1805 1594 2006 1650 littera:
2051 1594 2188 1665 legis
2223 1595 2534 1666 obtegentis
2564 1594 2807 1660 crasitie,
2846 1610 2877 1651 a
2904 1601 3141 1664 quatuor
3171 1593 3393 1647 laxatus

1804 1686 1876 1741 ab
1912 1687 2063 1742 inani
2100 1688 2348 1743 celsitate
2391 1689 2459 1743 ad
2488 1688 2831 1754 Sermonem,
2872 1686 2965 1758 qui
3000 1686 3240 1756 seipsum
3270 1682 3391 1739 exi-

1807 1778 2020 1836 nanivit
2042 1781 2109 1845 ‘9,
2139 1795 2239 1855 per
2262 1779 2424 1835 iidem
2454 1796 2517 1835 ac
2541 1780 2812 1835 actionem
2838 1794 3086 1850 gressum
3124 1777 3345 1847 recipit.

2354 1997 2636 2051 INTERR.
2680 1996 2837 2050 LXV.

1876 2089 2016 2155 Quid
2054 2104 2230 2144 causa:
2260 2098 2332 2142 est
2390 2105 2485 2142 cur
2516 2088 2742 2141 Eliswus
2780 2087 3033 2158 propheta
3065 2086 3243 2156 pueris
3269 2084 3396 2137 irri-

1803 2181 2041 2235 dentibus
2077 2190 2317 2252 precatus
2343 2182 2430 2244 sit,
2453 2180 2775 2251 exierintque
2802 2179 2932 2244 ursi,
2965 2195 3026 2231 ac
3055 2192 3239 2247 pueros
3263 2192 3396 2246 qua-

1805 2274 2056 2344 draginta
2090 2274 2218 2328 duos
2254 2272 2626 2343 discerpserint
2650 2271 2718 2325 ⁷⁸.

2515 2382 2672 2454 Resp.

1876 2477 2017 2532 Sunt
2044 2477 2135 2546 qui
2168 2477 2357 2531 dicant
2378 2491 2496 2529 non
2539 2474 2709 2529 fuisse
2741 2490 2946 2546 pueros
2972 2475 3268 2539 Israelitas,
3295 2475 3393 2530 sed

1805 2584 1872 2623 ex
1902 2569 2226 2640 alienigenis
2261 2588 2272 2622 :
2308 2584 2373 2625 ac
2410 2583 2591 2637 neque
2632 2575 2791 2622 aetate
2830 2581 3053 2637 pueros,
3090 2567 3185 2622 sed
3224 2567 3393 2621 animi

1807 2676 1972 2716 sensu
2000 2676 2063 2715 ac
2091 2660 2405 2731 prudentia.
2445 2659 2583 2725 Quia
2620 2658 2786 2728 igitur
2825 2657 3122 2713 audiebant
3157 2657 3396 2727 prophe-

1810 2758 1917 2804 tam
1947 2751 2117 2803 multa
2140 2750 2294 2821 signa
2320 2760 2605 2818 praestare,
2628 2764 2731 2802 nec
2755 2758 2815 2803 ut
2838 2748 3128 2804 crederent
3150 2749 3394 2802 animum

1809 2841 2166 2904 indueebant,
2201 2842 2296 2896 sed
2339 2841 2493 2895 illum
2541 2840 2878 2905 irridebant;
2916 2850 3072 2895 erant
3114 2857 3246 2895 vero
3275 2841 3401 2910 quia

1808 2934 1933 2989 dam
1963 2942 2281 3005 prmsentes,
2324 2934 2417 3004 qui
2448 2950 2475 2987 a
2510 2942 2676 3004 prava
2721 2933 2943 2986 illorum
2979 2940 3160 2986 mente
3194 2933 3399 2986 abhor-

1809 3027 2023 3081 rebant.
2050 3025 2130 3081 Ne
2155 3025 2324 3095 igitur
2347 3025 2380 3078 ii
2406 3025 2585 3079 labem
2614 3024 2948 3093 acciperent,
2974 3040 3038 3077 ac
3058 3023 3396 3093 blasphemia

1811 3118 1866 3172 in
1890 3119 2064 3173 Deum
2094 3126 2428 3183 recurreret,
2462 3119 2582 3188 ipso
2614 3119 2793 3172 ultore
2822 3117 2877 3170 in
2904 3117 3028 3170 illos
3054 3116 3401 3171 animadver-

126 3207 271 3261 κατὰ
327 3208 418 3260 τὸν
456 3207 757 3260 Ἐλισσαῖον
794 3206 1106 3278 φαλακρὸς,
1159 3207 1409 3260 τουτέστι
1456 3206 1698 3277 καθαρὸς

1816 3219 1928 3260 sum
1957 3215 2061 3261 est.
2106 3206 2354 3277 Spiritali
2396 3217 2577 3263 autem
2609 3222 2795 3273 sensu,
2822 3221 2978 3261 mens
3006 3206 3187 3260 omnis
3221 3206 3398 3261 Eliszei

124 3296 331 3350 ὑλικῶν
390 3296 702 3367 νοημάτων,
761 3297 820 3349 ἐν
858 3298 925 3367 τῇ
979 3295 1242 3350 ἀναϐάσει
1279 3296 1378 3368 τῆς
1430 3296 1705 3366 γνώσεως,

125 3388 301 3442 πολλὰ
328 3387 434 3441 ὑπὸ
462 3387 572 3440 τῶν
602 3386 878 3458 λογισμῶν
911 3387 1021 3440 τῶν
1053 3388 1183 3458 περὶ
1216 3386 1285 3441 τὰ
1335 3388 1588 3460 αἰσθητὰ,
1618 3389 1709 3441 καὶ¹

122 3481 227 3551 τὴν
254 3480 386 3551 ὓλην
416 3480 510 3535 καὶ
549 3480 611 3533 τὸ
640 3475 802 3543 εἶδος,
850 3480 1221 3548 καταγελᾶται
1248 3496 1260 3511 ο
1294 3480 1703 3551 τεσσαράκοντα

118 3571 413 3643 δηλοῦντος
440 3571 509 3624 τά
531 3571 765 3642 αἰσθητά
788 3569 862 3641 (ο)
892 3586 903 3599 ⁸
942 3570 1042 3642 ὕλη
1062 3571 1118 3624 δὲ
1153 3569 1249 3624 καὶ⁸
1277 3571 1337 3625 τὸ
1371 3567 1509 3635 εἶδος
1538 3589 1707 3644 προσ-

117 3662 409 3735 τιθέμενα,
446 3662 702 3717 ἀποτελεῖ
748 3662 840 3723 τὺν
872 3662 1283 3734 τεσσαράκοντα
1328 3661 1421 3716 δύο
1453 3664 1705 3735 ἀριθμόν.

119 3756 448 3811 Σκώπτεται
497 3750 592 3809 οῦν
625 3757 689 3809 ὲκ
715 3757 825 3809 τῶν
874 3755 1131 3809 τοιούτων
1176 3754 1451 3826 λογισμῶν
1492 3758 1521 3809 ὁ
1558 3756 1704 3823 νοῦς,

119 3849 268 3922 πρὸς
320 3850 382 3902 τὸ
421 3850 499 3911 είς
531 3848 689 3903 ὄκνον
722 3848 886 3904 αὑτὸν
917 3849 1255 3921 ἐμϐληθῆναι
1303 3851 1438 3920 πρὸς
1465 3851 1562 3922 τὴν
1588 3853 1711 3923 ἀρε-

114 3945 248 4015 τήν.
283 3941 520 4005 Τούτους
552 3936 644 3995 οῦν
676 3941 746 3995 δι’
768 3941 940 4012 εύχῆς
966 3943 1203 4011 ἀναιρεῖ,
1237 3942 1332 3996 καὶ
1363 3942 1449 3995 διὰ
1474 3943 1581 3997 τῶν
1608 3945 1708 4015 ἄρ-

114 4052 261 4098 κων,
294 4032 544 4087 τουτέστι
578 4034 646 4086 δι’
675 4034 871 4105 ἡδονῆς
915 4033 1008 4088 καὶ
1058 4033 1383 4104 ἐπιθυμίας
1418 4036 1536 4087 κατ’
1558 4036 1707 4089 ἀντι-

115 4127 365 4200 στροφὴν
391 4127 499 4199 γάρ
530 4126 623 4179 ἐπὶ
644 4126 705 4178 τὸ
734 4127 981 4196 κρεῖττον
1007 4125 1492 4196 μεταχειριζόμενοι
1508 4126 1575 4179 τά
1598 4143 1707 4179 τοι-

110 4222 267 4277 αῦτα
303 4221 468 4290 πάθη,
523 4218 883 4274 ἀποκτένουσι
932 4219 1058 4282 τοὺς
1112 4218 1407 4288 λογισμοὺς
1449 4221 1575 4283 τοὺς
1608 4221 1707 4291 ὲμ-

111 4310 416 4372 παίκτους.

732 4504 929 4558 ΕΡΩΤ.
970 4505 1103 4571 Ξζῖα

192 4594 328 4662 Πῶς
361 4596 684 4665 ὀφείλομεν
715 4593 884 4648 νοεῖν
914 4595 1028 4664 τὴν
1055 4596 1192 4664 περὶ
1222 4598 1580 4664 συντελείας
1594 4597 1702 4653 τοῦ

112 4688 261 4743 Υίοῦ
294 4687 576 4760 ἀγνοιαν;

816 4802 1041 4870 Ἀπόκρ.
1118 4838 1119 4841 η

200 4894 373 4963 Διπλῆ
419 4895 503 4958 τίς
555 4894 705 4948 ἐστιν
759 4896 984 4964 ἄγνοιαο
1027 4893 1059 4964 ἡ
1099 4892 1197 4962 μὲν
1220 4891 1704 4965 διαϐαλλομένη,ἡ

108 4989 199 5051 δὲ,
244 4986 567 5058 ἀδιάϐλητος
589 5004 603 5018 ο
634 4988 726 5041 καὶ
755 4990 787 5059 ἡ
823 4986 919 5058 μὲν
950 4985 1035 5055 ἐφ’
1064 4986 1195 5056 ἡμῖν
1226 4986 1394 5047 ἐστιν,
1421 4987 1452 5055 ἡ
1486 4985 1564 5050 δὲ,
1601 4986 1702 5038 οὐκ

109 5081 208 5149 ἐφ’
241 5081 398 5150 ἡμῖν.
435 5079 547 5135 Καὶ
579 5080 614 5153 ἡ
653 5078 753 5150 μὲν
793 5075 1192 5147 διαϐαλλομένη
1240 5074 1336 5128 καὶ
1368 5076 1454 5145 ἐφ’
1483 5077 1637 5147 ἡμῖν,
1666 5078 1700 5148 ἡ

191 5237 241 5269 ⁸⁸
270 5236 404 5291 Luc.
433 5253 486 5304 ν,
520 5235 606 5292 19.
685 5236 729 5268 ⁶⁹
753 5234 990 5306 Philipp.
1025 5251 1083 5303 ιι,
1115 5236 1166 5289 7.

190 5375 278 5448 (0)
336 5379 799 5448 Τεσσαρακονταί
827 5375 1163 5448 δηλοῦντος
1205 5374 1278 5428 τὰ
1322 5370 1607 5448 αἰσθητά..
1626 5371 1719 5425 Vi-

114 5442 371 5504 deantur
414 5442 544 5502 hazc'
577 5442 961 5518 περιττότερον
986 5446 1161 5518 dicta,
1203 5443 1465 5518 nec_satis
1485 5458 1553 5496 ex
1594 5442 1714 5512 lege

107 5525 333 5573 exactae
359 5515 664 5592 allegorias;
688 5515 756 5572 Ut
786 5515 934 5592 enim
967 5516 1200 5592 August.
1223 5516 1284 5592 in_
1302 5515 1460 5592 Joan.
1492 5527 1706 5592 “qua:

108 5583 496 5657 dragcnarius
516 5602 781 5640 numerus
806 5587 862 5639 in
893 5583 1127 5655 quadam
1160 5584 1500 5654 perfectione
1527 5583 1703 5650 accipi

108 5660 290 5721 solet,
317 5672 498 5726 eaque
526 5657 739 5711 ratione
769 5657 823 5710 in
845 5657 1057 5726 jejunio
1080 5662 1437 5726 consecratus
1455 5662 1568 5726 est:
1600 5668 1702 5726 nec

111 5728 361 5782 materia
392 5721 448 5780 et
481 5725 657 5780 forma
683 5721 993 5781 aliud-sunt
1019 5739 1186 5793 quam
1214 5723 1332 5793 ipsa
1361 5721 1618 5793 sensilia,
1643 5721 1700 5775 in

112 5798 333 5867 quibus
363 5796 599 5866 proinde
629 5811 739 5849 non
759 5796 978 5851 videtur
1003 5790 1263 5850 debuisse
1297 5793 1563 5848 Maximus
1588 5790 1701 5872 duo

1714 4528 1781 4624 ἰ)

1808 3315 1962 3354 more
1988 3298 2140 3353 calva
2171 3315 2184 3353 :
2216 3300 2323 3354 hoc
2351 3307 2455 3365 est,
2489 3315 2517 3354 a
2557 3299 2794 3354 terrenis
2829 3297 3004 3353 sensis
3040 3313 3103 3352 ac
3144 3299 3397 3368 cogitati-

1808 3390 1914 3445 bus
1946 3406 2105 3460 pura,
2137 3391 2193 3445 iu
2221 3406 2450 3445 ascensu
2494 3391 2759 3453 scientiae,
2791 3390 3092 3460 plurimum
3132 3389 3399 3445 irridetur

1808 3482 1879 3537 ab
1915 3482 1982 3538 iis
2023 3483 2353 3548 rationibus,
2381 3498 2504 3553 quae
2541 3483 2686 3557 circa
2718 3483 2963 3547 sensilia,
2999 3483 3398 3552 materiamque

1808 3589 1873 3629 ac
1906 3573 2161 3639 formam,
2200 3585 2513 3630 versantur.
2545 3575 2625 3630 Ita
2659 3574 2890 3640 scilicet,
2926 3580 2986 3628 ut
3020 3574 3400 3645 quadragena-

1809 3667 1926 3721 rius
1970 3679 2255 3735 numerus,
2294 3684 2383 3723 res
2425 3668 2479 3722 in
2517 3683 2739 3722 sensum
2785 3667 3048 3721 cadentes
3089 3666 3397 3751 signiticet,

1808 3758 2080 3827 adiunctae
2107 3774 2241 3813 vero
2264 3760 2493 3813 materia
2517 3767 2574 3813 et
2605 3758 2800 3823 forma,
2826 3758 2937 3811 duo
2962 3774 3125 3827 supra
3158 3759 3395 3828 quadra-3

1808 3845 1959 3915 ginta
1987 3845 2244 3899 eﬁlciant.
2277 3846 2631 3901 Subsannant
2662 3847 2829 3916 igitur
2855 3846 3098 3918 rationes
3125 3848 3397 3924 ejusmodi

1809 3936 2077 3998 animum,
2113 3942 2174 3987 ut
2229 3932 2285 3987 in
2329 3933 2667 4001 socordiam,
2721 3948 2832 4005 quo
2879 3932 3061 4000 minus
3102 3933 3194 3988 ille
3233 3933 3397 4007 obeat

1808 4028 2103 4091 virtutem,
2130 4026 2471 4097 .conjiciant.
2516 4025 2626 4093 llas
2674 4027 2842 4097 igitur
2892 4025 3150 4095 precibus
3194 4033 3407 4096 necat,-

1809 4119 1973 4189 idque
2020 4133 2277 4172 ursorum
2319 4133 2520 4188 opera;
2556 4119 2855 4190 voluptatis
2897 4118 3108 4173 scilicet
3140 4133 3203 4171 ac
3240 4104 3396 4186 cupi;

1809 4210 1998 4264 ditatis
2029 4210 2192 4281 326
2224 4227 2347 4281 ope.
2382 4212 2604 4267 Alterna
2642 4212 2788 4267 enim
2830 4211 3189 4266 conversione
3220 4211 3393 4281 virtu:

1812 4302 1880 4355 tis
1927 4301 2175 4356 subsidio
2224 4304 2470 4373 usurpati
2519 4303 2748 4360 allectus
2789 4302 3079 4373 ejusmodi,
3121 4301 3394 4358 derisores

1810 4392 2078 4461 cogitatus
2108 4392 2459 4462 rationesque
2493 4393 2896 4465 contrucidant.

2342 4508 2625 4563 INTERR.
2667 4507 2849 4561 LXVI.

1877 4604 2146 4671 Quomodo
2202 4603 2349 4656 nobis
2402 4599 2842 4670 intelligendam,
2900 4601 3150 4671 ignorare
3202 4599 3395 4655 Filium

1800 4692 1981 4748 swculi
2018 4692 2523 4756 consummationem
2550 4689 2628 4746 7'?

2521 4800 2674 4870 Resp.

1883 4895 2095 4969 Duplex
2120 4894 2426 4965 ignorantia
2456 4901 2577 4960 est;
2613 4894 2804 4956 altera,
2834 4908 2955 4962 qua:
2983 4893 3217 4951 obnoxia
3248 4892 3394 4976 vitu-

1813 4988 1970 5057 perio
2024 4986 2123 5051 sit,
2177 4986 2345 5041 altera
2405 5002 2524 5054 qua:
2584 4985 2733 5039 omni
2782 4985 2903 5039 labe
2954 4992 3169 5049 careat,
3220 4985 3397 5053 sitque

1814 5079 2033 5133 innoxia
2062 5095 2074 5131 :
2108 5088 2271 5148 atque
2297 5079 2465 5155 altera
2488 5077 2729 5147 quidem,
2751 5092 2920 5147 penes
2946 5092 3049 5143 nos
3087 5085 3397 5145 nostraeque

1253 5236 1298 5267 "°
1333 5236 1400 5291 IV
1425 5235 1557 5305 Reg.
1589 5250 1648 5300 ιι,
1675 5234 1766 5289 25.
1840 5234 1883 5265 τί
1912 5233 2076 5288 Marc.
2108 5251 2221 5309 xm,
2252 5234 2339 5311 52.

1827 5384 2077 5440 qumrere
2140 5384 2302 5439 supra
2351 5368 2718 5440 quadraginta
2748 5408 2763 5433 ,
2811 5367 3087 5438 siquidem
3152 5365 3396 5440 quadra:

1822 5437 1972 5510 ginta
2018 5439 2131 5562 30b
2159 5437 2395 5508 quatuor
2435 5437 2991 5510 scilieetelementa)
3043 5437 3271 5506 exponit
3329 5438 3397 5491 τὰ

1822 5510 2013 5562 αισθητ
2059 5554 2071 5562 .
2097 5510 2253 5562 uuasi
2281 5525 2347 5562 ex
2377 5510 2485 5562 illis
2513 5510 2710 5562 coalita
2738 5526 2751 5561 :
2796 5510 2899 5562 nisi
2935 5509 3075 5561 forte
3109 5509 3213 5561 hoc
3233 5506 3397 5561 libuit

1821 5506 2072 5580 αἰσθητά,
2097 5506 2253 5579 quasi
2281 5525 2347 5563 ex
2377 5510 2485 5563 illis
2513 5510 2710 5567 coalita
2738 5526 2751 5561 :
2796 5510 2899 5563 nisi
2935 5506 3213 5580 [ὁμοίως
3233 5506 3399 5561 libuit

1811 5576 2006 5634 ludere
2042 5580 2098 5633 in
2116 5576 2413 5649 allegoria:
2439 5580 2826 5649 campo,'quod
2881 5578 2984 5632 alia
3024 5578 3146 5632 aliis
3196 5576 3395 5649 imme-

1810 5651 1991 5705 diatus
2023 5650 2088 5704 ad
2121 5650 2237 5718 ipsa
2250 5646 2325 5703 'se
2356 5646 2616 5712 habeant,
2641 5646 2925 5719 possitque
2952 5649 3173 5703 animus
3191 5646 3394 5703 distin-

1760 5724 1765 5728 ’
1809 5720 2012 5776 ctionis
2040 5719 2253 5791 aliquid
2280 5720 2520 5790 cogitare
2550 5720 2695 5773 inter
2724 5718 2840 5775 illa.
