3932 6326
182 326 272 395 841

1373 320 1861 391 ΟὕιΕΞΤΙΟΝΕΞ
1900 320 1994 380 ΕΤ
2036 321 2288 382 ΒΗΒΙΑ.

3321 323 3425 389 842

183 434 363 505 ἐπειδὴ
394 431 454 485 τὸ
493 430 593 503 μὲν
621 430 740 483 ὅλον
765 429 925 501 σῶμα
956 428 1169 483 σκέπει.
1212 430 1376 498 μόνας
1409 429 1465 482 δὲ
1491 430 1595 494 τὰς
1637 433 1748 500 χεῖ-

1855 446 2075 500 corpus,
2105 431 2236 486 solis
2258 432 2512 488 manibus
2535 432 2698 488 nudis
2719 432 2946 498 relictis,
2971 438 3137 503 tegat,
3162 436 3419 490 moralem:

189 545 285 599 ρας
318 527 536 596 γυμνοῖ,
569 521 826 593 σημαίνει
850 520 925 585 ὡς
954 520 1059 592 χρὴ
1089 521 1187 589 τὴν
1216 519 1412 591 ἠθικὴν
1436 521 1753 591 φιλοσοφίαν

182 616 511 679 ἐνδεδύσθαι,
544 614 912 686 ἀφῃρημένην
943 612 1043 674 τὰς
1085 611 1396 679 πρακτικὰς
1437 612 1537 680 τῆς
1572 613 1753 683 ἁμαρ-

179 712 293 774 τίας
332 705 638 779 ἐνεργείας·
690 705 783 759 καὶ
827 704 902 767 ὠς
949 703 1055 773 χρὴ
1086 702 1288 770 ταύτην
1331 702 1640 755 ἐπικεῖσθαι
1667 705 1754 755 ἀεὶ

183 797 269 851 ἐπί
290 813 348 849 τε
368 796 594 865 δυνάμει
619 793 713 847 καὶ
743 792 1009 862 ἐνεργείᾳ.
1045 790 1105 843 'H
1129 793 1236 861 γὰρ
1252 787 1475 859 δύναμις
1491 791 1586 860 τῆς
1606 790 1754 843 ἀντι-

181 889 436 959 κειμένης
492 885 586 939 τοῦ
638 883 875 955 πονηροῦ
927 881 1242 942 δυναστείας
1277 880 1412 945 ἐστὶ,
1466 880 1606 934 κατά
1663 880 1753 934 τὸν

197 978 332 1041 Ἰὼϐ,
360 977 464 1030 ὑπὸ
492 974 739 1046 ὀμφαλοῦ
778 973 1014 1043 γαστρός
1035 989 1049 1003 ’
1083 974 1179 1026 καὶ
1211 974 1270 1025 αί
1299 971 1467 1040 ψυχαὶ
1495 970 1638 1023 κατά
1662 970 1753 1024 τὸν

186 1070 453 1140 μακάριον
503 1067 692 1130 Δαϐὶδ,
744 1066 1081 1136 πληροῦνται
1125 1063 1235 1117 τῶν
1279 1063 1611 1132 δαιμονικῶν
1652 1065 1753 1134 ἐμ-

183 1160 530 1230 παιγμάτων.
572 1156 966 1227 Ἐμπαίγματα
1000 1155 1057 1209 δέ
1106 1156 1265 1217 εἰσιν,
1300 1156 1353 1206 αἱ
1381 1154 1627 1224 διάφοροι
1655 1155 1753 1226 τῆς

184 1252 434 1323 πορνείας
464 1249 753 1317 ἐνέργειαι.
803 1246 863 1301 '0
892 1248 948 1300 δὲ
978 1246 1269 1311 ἀνάλαὸος,
1296 1245 1483 1316 ἐπειδὴ
1521 1246 1614 1298 καὶ
1652 1247 1751 1314 έμ-

183 1344 318 1413 πρὸς
363 1343 454 1395 καὶ
480 1342 655 1394 ὀπίσω
680 1340 768 1393 τὸν
796 1339 1026 1411 σταυρὸν
1061 1339 1192 1408 ἔχει,
1226 1338 1481 1407 σημαίνει
1509 1338 1591 1389 ὅτι
1622 1335 1749 1406 χρὴ,

183 1435 321 1487 κατά
351 1434 441 1487 τὸν
477 1429 822 1491 Ἀπόστολον,
865 1431 939 1500 μὴ
981 1429 1141 1499 μόνον
1192 1426 1573 1498 σταυρωθῆναι
1605 1428 1753 1496 ἡμᾶς

180 1526 255 1596 τῷ
288 1526 501 1594 κόσμῳ,
531 1523 668 1577 ἀλλὰ
705 1522 797 1576 καὶ
829 1521 921 1574 τὸν
953 1522 1158 1589 κόσμον
1201 1521 1330 1589 ἡμῖν
1353 1535 1365 1548 ο
1401 1519 1489 1571 ἵνα
1523 1516 1752 1586 φευγόν-

179 1635 284 1670 των
316 1615 474 1686 ἡμῶν
500 1614 591 1667 τὸν
618 1614 845 1684 κόσμον,
881 1612 1046 1682 μηδὲν
1070 1607 1324 1680 ἐμπόδιον
1357 1609 1589 1680 ἔχωμεν,
1616 1609 1751 1679 μηδὲ

180 1711 243 1779 τῇ
277 1707 414 1776 πρὸς
446 1706 604 1758 αὑτὸν
634 1705 813 1775 σχέσει
843 1703 929 1756 διὰ
959 1706 1056 1771 τῆς
1084 1700 1509 1770 ὲπιφαινομὲνης
1534 1700 1751 1770 ἀπάτης

1854 536 1955 576 nos
1978 521 2378 591 philosophiam
2407 521 2629 577 indutos
2649 538 2769 577 esse
2795 522 2996 578 debere
3019 523 3306 594 signiﬁcat,
3337 523 3425 578 cui

1855 612 2065 681 peccati
2120 613 2469 681 operationes
2501 621 2764 683 actusque
2793 614 2971 669 ablata
3004 615 3141 679 sint;
3178 632 3424 686 semper-

1853 718 1962 771 que
2008 718 2135 756 cum
2182 702 2427 757 facultati
2476 712 2589 757 tum
2640 704 2947 773 Operationi
2998 714 3250 774 oportere
3302 723 3422 763 esse

1854 789 2185 858 impositam.
2241 790 2497 846 Adversa:
2540 791 2686 845 enim
2742 793 3063 862 nequissimi
3115 794 3276 864 327
3329 811 3429 864 po.

1856 880 2068 935 testatis
2101 881 2204 945 vis,
2235 890 2297 935 ut
2323 889 2516 935 auctor
2544 891 2627 935 est
2650 882 2844 936 beatus
2867 883 2969 937 Job
2998 886 3062 950 ⁷³,
3091 885 3193 937 sub
3220 886 3428 939 ventris

1853 972 2117 1026 umbilico
2155 980 2268 1038 est;
2310 973 2611 1041 animique,
2649 983 2787 1028 teste
2822 974 2983 1028 beato
3020 976 3218 1031 Davide
3241 978 3308 1042 ⁷³,
3341 993 3427 1032 rc-

1852 1061 2075 1130 plentur
2113 1060 2422 1115 daemonum
2467 1061 2837 1116 illusionibus.
2877 1063 3016 1118 Sunt
3048 1080 3180 1118 vero
3218 1066 3429 1120 illusio-

1853 1167 1983 1217 nes,
2026 1152 2257 1207 diversae
2298 1151 2677 1206 fornicationis
2724 1154 3090 1222 operationes.
3138 1155 3427 1220 Ἀνάλαὸος

1851 1253 2034 1301 autem
2080 1244 2200 1316 (nos
2234 1244 2389 1313 quasi
2414 1244 2673 1313 replicam
2703 1247 2767 1311 θ’,
2809 1246 3169 1300 monasticum
3216 1247 3427 1301 scilicet

1851 1336 2157 1405 scapulare,
2183 1334 2447 1406 dicamus)
2479 1352 2603 1390 cum
2631 1345 2757 1390 ante
2789 1347 3044 1411 retroque
3074 1339 3273 1393 habeat
3297 1355 3427 1394 cru-

1851 1441 2005 1491 cem,
2061 1426 2167 1480 hoc
2214 1424 2485 1495 signiﬁcat
2520 1444 2532 1479 :
2567 1425 2773 1481 debere
2820 1444 2951 1493 nos,
2997 1430 3150 1499 juxta
3196 1432 3430 1501 Aposto-

1849 1517 1963 1571 lum
1988 1516 2055 1582 7‘,
2095 1531 2205 1569 non
2258 1515 2436 1571 solum
2484 1515 2691 1569 mundo
2736 1517 3028 1571 cruciﬁxos
3065 1533 3207 1585 esse,
3241 1519 3337 1574 sed
3373 1527 3428 1573 et

1851 1607 2115 1660 mundum
2150 1606 2205 1658 in
2237 1605 2401 1659 nobis
2441 1604 2761 1659 crucifixum
2808 1604 3039 1689 habere;
3075 1623 3186 1676 quo
3219 1608 3428 1664 scilicet

1849 1697 2012 1752 nobis
2054 1697 2320 1751 mundum
2363 1696 2719 1767 fugientibus,
2750 1697 2886 1750 nihil
2936 1698 3311 1767 impedimenti
3346 1700 3431 1755 in-

180 1770 607 1870 ἐγκρατηθῷμεν
633 1814 647 1829 ·
669 1770 831 1865 γμήτε
884 1794 940 1846 δὲ
986 1770 1147 1847 πάλιν
1174 1792 1282 1846 τῶν
1312 1790 1534 1844 ὄπισθεν
1557 1790 1748 1843 διωκό-

1853 1800 2061 1857 currat,
2095 1807 2199 1847 nec
2247 1791 2446 1845 affectu
2493 1791 2551 1845 in
2592 1806 2720 1849 eum
2754 1806 2818 1847 ac
2846 1792 3098 1860 libidine,
3132 1796 3429 1865 conspicua

184 1906 335 1959 μενοι
370 1888 434 1939 ὲκ
474 1886 570 1939 τοῦ
619 1886 825 1955 κόσμου
856 1884 919 1935 ὲκ
965 1883 1071 1936 τῶν
1104 1881 1374 1935 ἀκουσίων
1403 1878 1748 1950 πειρασμῶν,

181 1979 578 2049 ὑπενδώσωμεν
606 1977 699 2030 τοῦ
726 1977 880 2029 τόνου
901 1976 999 2045 τῆς
1025 1973 1303 2036 εὐσεϐείας
1321 1991 1334 2004 ο
1358 1972 1472 2025 ἀλλ’
1497 1970 1753 2039 ἀναίσθη-

180 2090 258 2127 τοι
291 2072 390 2125 καὶ
411 2072 593 2142 νεκροὶ
632 2071 893 2140 διαμείνω
903 2086 1024 2139 μεν,
1056 2069 1193 2137 πρός
1219 2084 1279 2119 τε
1304 2065 1373 2119 τὰ
1398 2064 1628 2118 ἀκούσια
1656 2063 1751 2117 καὶ

179 2166 245 2219 τὰ
270 2164 496 2219 ἑκούσια
526 2164 692 2232 πάθη.
726 2162 798 2215 Τὸ
826 2161 883 2213 δὲ
916 2159 1230 2213 κουκούλιον
1264 2158 1435 2227 δηλοῖ,
1458 2156 1554 2227 τὴν
1586 2173 1751 2226 φρου-

180 2260 381 2332 ροῦσαν
402 2258 496 2313 καὶ
529 2259 832 2311 σκέπουσαν
856 2255 945 2310 τὸν
962 2254 1084 2309 νοῦν
1109 2255 1266 2325 ἡμῶν
1290 2254 1450 2324 χάριν
1474 2251 1567 2304 τοῦ
1592 2250 1746 2305 Θεοῦ.

192 2352 247 2405 ’0
277 2351 393 2422 γὰρ
429 2350 864 2420 ἀποκειράμενος
897 2347 964 2400 τὰ
995 2346 1087 2400 τοῦ
1123 2347 1328 2416 κόσμου
1362 2345 1628 2414 νοήματα,
1652 2342 1748 2412 τὴν

180 2441 614 2514 περικεφαλαίαν
661 2440 875 2511 δέχεται
910 2438 1002 2492 τοῦ
1030 2438 1321 2507 σωτηρίου.
1349 2436 1429 2489 Τὰ
1465 2435 1522 2487 δὲ
1556 2433 1749 2486 σανδά-

178 2535 285 2599 λια,
310 2533 503 2588 τοῦτον
529 2531 641 2603 ἔχει
662 2530 752 2583 τὸν
778 2530 953 2598 λόγον.
992 2528 1207 2597 Ἐπειδὴ
1228 2530 1292 2580 ὲκ
1316 2526 1522 2597 νεκρῶν
1551 2525 1640 2595 δερ
1649 2523 1751 2594 μά-

181 2643 285 2677 των
315 2624 449 2683 εἰσὶ,
479 2621 661 2692 μικρῷ
700 2620 756 2673 δὲ
791 2620 949 2690 μέρει
996 2618 1089 2671 τοῦ
1127 2618 1379 2689 σώματος
1414 2614 1747 2677 ὑπόκεινται,

179 2718 269 2769 τὸν
297 2714 467 2769 αὐτὸν
496 2713 719 2783 τρόπον,
749 2706 894 2787 ᾗπερ
920 2710 982 2764 τὸ
1018 2710 1136 2764 ὅλον
1175 2709 1331 2779 σῶμα
1362 2707 1497 2777 πρὸς
1530 2705 1599 2759 τὰ
1630 2705 1751 2775 ῐχνη

180 2805 271 2858 τοῦ
299 2805 589 2860 σανδαλίου
614 2803 747 2874 ἔχει,
779 2803 926 2856 οὕτω
955 2801 1061 2873 χρὴ
1091 2803 1187 2873 τὴν
1212 2799 1391 2871 ψυχὴν
1427 2797 1506 2869 τῷ
1537 2796 1751 2867 σώματι

180 2896 511 2969 κεχρῆσθαι,
540 2895 633 2949 καὶ
664 2895 823 2948 τοῦτο
850 2891 1078 2964 νεκροῦν
1111 2892 1221 2946 τῶν
1268 2890 1421 2961 παρά
1451 2888 1613 2960 φύσιν
1645 2905 1752 2941 πα-

180 2986 305 3043 θῶν.
338 2987 417 3040 Τὸ
464 2986 522 3040 δὲ
576 2986 942 3056 περιϐόλαιον,
977 2983 1163 3055 ἐπειδὴ
1189 2982 1532 3053 τετράγωνόν
1559 2982 1749 3049 ἐστιν,

178 3080 240 3133 ὲκ
266 3080 550 3150 τεσσάρων
593 3077 649 3131 δὲ
700 3076 977 3148 στοιχείων
1021 3077 1113 3131 καὶ
1148 3078 1176 3129 ὁ
1220 3075 1447 3143 κόσμος,
1494 3072 1750 3143 σημαίνει
1775 3106 1818 3161 c

180 3170 259 3223 ὅτι
288 3169 399 3241 χρὴ
449 3168 879 3240 περιϐεὸλῆσθαι
925 3170 1072 3239 ήμᾶς
1100 3168 1199 3238 τὴν
1224 3166 1461 3237 φυσικὴν
1492 3164 1745 3234 θεωρίαν,

177 3257 314 3312 ὥστε
353 3259 433 3330 μὴ
481 3258 617 3328 πρὸς
660 3260 914 3328 αῐσθησιν
944 3259 1037 3312 καὶ
1077 3258 1222 3328 πάθη
1250 3257 1319 3310 τὰ
1345 3255 1598 3326 ὁρώμενα
1627 3253 1749 3325 βλέ-

178 3368 319 3417 πειν,
349 3352 489 3406 ἀλλά
522 3351 609 3405 διὰ
641 3349 735 3405 τοῦ
768 3351 825 3403 ὲν
861 3350 1048 3413 αὐτοῖς
1092 3348 1273 3417 λόγου,
1311 3348 1449 3418 πρὸς
1496 3346 1589 3399 τὸν
1627 3345 1749 3398 τού-

176 3456 284 3494 των
323 3440 658 3512 δημιουργὸν
708 3438 1025 3508 ἀνάγεσθαι.
1072 3438 1147 3491 Τὸ
1199 3436 1382 3505 δὲτὴν
1408 3436 1707 3509 ἀριστερὰν
1730 3437 1750 3457 ⁶

177 3532 331 3601 χεῖρα
375 3528 891 3600 παραγυμνοῦσθαι,
929 3527 1182 3598 σημαίνει
1220 3526 1304 3580 ὅτι
1335 3526 1439 3597 χρή
1478 3526 1576 3589 τὰς
1614 3527 1751 3593 ἀγαο

178 3620 275 3684 θὰς
297 3620 530 3693 πράξεις
557 3622 615 3674 ὲν
637 3622 768 3691 ἡμῖν
792 3619 1204 3693 προφαίνεσθαι,
1238 3619 1381 3672 κατὰ
1408 3620 1498 3671 τὸν
1519 3617 1612 3670 τοῦ
1638 3618 1751 3670 Σω-

175 3714 339 3783 τῆρος
391 3712 570 3780 λόγον,
631 3714 780 3774 ὅπως
831 3711 1015 3764 ἴδωσιν
1051 3712 1099 3764 οἱ
1163 3709 1439 3781 ἄνθρωποι
1491 3709 1559 3762 τὰ
1607 3708 1751 3762 καλά

174 3800 331 3868 ἡμῶν
363 3800 527 3870 ἔργα,
566 3801 659 3855 καὶ
702 3800 970 3864 δοξάσωσι
1004 3800 1097 3854 τὸν
1129 3800 1350 3871 Πατέρα
1381 3797 1540 3868 ἡμῶν
1573 3799 1663 3850 τὸν
1693 3799 1750 3850 ἐν

170 3895 282 3954 τοῖς
312 3893 589 3963 οὐρανοῖς.
619 3893 691 3946 Τὸ
723 3892 780 3945 δὲ
816 3892 1002 3963 μαῦρα
1029 3891 1100 3945 τὰ
1139 3890 1409 3962 ἐνδύματα
1454 3886 1614 3950 εἶναι,
1649 3906 1747 3959 ση-

175 3983 359 4050 μαίνει
384 3985 469 4037 ὄτι
492 3984 597 4055 χρὴ
627 3986 777 4055 ἡμᾶς
816 3986 1041 4054 ἀφανεῖς
1069 3979 1206 4037 εἶναι
1237 3983 1316 4054 τῷ
1347 3983 1557 4052 κόσμῳ,
1582 3982 1657 4045 ὡς
1685 3980 1745 4034 τὸ

168 4073 478 4145 πολίτευμα
520 4075 745 4146 ἔχοντας
774 4077 834 4129 ἐν
861 4076 1094 4147 οὐρανῷ.
1124 4076 1186 4129 Et
1213 4075 1269 4129 δέ
1309 4092 1393 4138 τις
1433 4075 1493 4127 τὸ
1524 4074 1744 4127 παλλίον

167 4166 516 4234 τετράγωνον
540 4165 620 4233 δν,
653 4168 745 4220 καὶ
781 4168 861 4230 είς
884 4167 982 4230 τὰς
1005 4166 1226 4236 γενικὰς
1254 4168 1524 4237 τέσσαρας
1543 4165 1745 4237 ἀρετάς

166 4252 415 4317 ἐκλάϐοι,
446 4253 601 4308 τοῦτο
622 4255 845 4319 εἰκότως
870 4255 967 4325 οὐχ
991 4257 1390 4326 ἁμαρτήσεται.

1852 1879 2065 1949 decepti
2098 1879 2301 1950 specie,
2336 1888 2648 1945 teneamur;
2684 1894 2861 1949 neque
2899 1896 3089 1937 rursus
3120 1898 3185 1937 eo
3217 1899 3249 1937 a
3277 1891 3429 1955 tergo

1851 1980 2246 2040 persequente,
2295 1971 2364 2025 iis
2412 1969 2811 2026 tentationibus
2856 1987 2977 2040 qua:
3023 1972 3211 2027 invitis
3258 1973 3427 2029 obve-

1850 2059 2032 2124 niunt,
2059 2067 2375 2115 contentum
2402 2059 2624 2129 pietatis
2650 2061 2895 2116 studium
2923 2060 3220 2130 quidquam
3244 2066 3431 2117 remit-

1852 2159 2031 2205 tamus
2054 2168 2068 2217 ;
2101 2150 2198 2205 sed
2222 2151 2374 2205 velut
2399 2166 2596 2207 sensus
2618 2161 2871 2223 expertes
2896 2159 2952 2206 et
2974 2153 3130 2223 quasi
3167 2158 3426 2222 emortui,

1851 2239 2121 2294 adversus
2168 2247 2281 2293 tum
2327 2239 2671 2295 voluntarios
2714 2240 2943 2294 aﬁ‘ectus
2988 2240 3267 2310 malaque,
3313 2250 3428 2295 tum

1852 2327 2253 2382 involuntarios
2298 2329 2685 2384 consistamus.
2737 2329 2999 2384 Cucullus
3061 2330 3158 2383 Dei
3196 2332 3426 2400 gratiam

1851 2418 2149 2488 significat,
2194 2427 2571 2489 protegentem
2616 2431 2854 2476 mentem
2897 2437 3129 2493 eamque
3167 2422 3430 2493 obtegen-

1853 2519 1983 2566 tem.
2026 2509 2196 2581 Cujus
2237 2513 2386 2566 enim
2430 2512 2673 2567 detonsae
2717 2522 2844 2567 sunt
2884 2514 3174 2569 saeculares
3219 2516 3428 2584 cogita-

1852 2599 2050 2665 tiones,
2084 2600 2291 2669 galeam
2331 2602 2561 2656 assumit
2588 2603 2841 2656 salutaris
2868 2603 2934 2655 ⁷⁵.
2976 2603 3146 2657 Porro
3184 2605 3428 2660 sandalia

1851 2689 1995 2744 hanc
2019 2690 2225 2745 habent
2248 2693 2537 2747 rationem.
2570 2692 2707 2748 Cum
2732 2694 2879 2747 enim
2910 2710 2975 2749 ex
3007 2693 3242 2750 mortuis
3269 2696 3427 2765 pelli-

1851 2784 1956 2840 bus
2001 2787 2270 2854 confecta,
2313 2804 2377 2844 ac
2424 2791 2672 2860 corporis
2715 2791 2925 2859 exiguae
2966 2794 3107 2862 parti
3151 2794 3426 2849 substrata

1852 2879 1982 2944 sint,
2024 2880 2129 2934 hoc
2168 2880 2467 2937 denotant:
2503 2899 2610 2952 qua
2655 2884 2867 2938 ratione
2911 2894 3085 2939 totum
3130 2902 3333 2958 corpus
3360 2888 3427 2942 ad

1852 2970 2083 3025 sandalii
2132 2972 2358 3043 vestigia
2392 2989 2448 3027 se
2497 2973 2679 3041 habet,
2718 2976 2798 3030 sic
2842 2991 3070 3031 necesse
3106 2987 3170 3032 ut
3214 2979 3428 3034 animus

1852 3075 2085 3130 corpore
2133 3069 2339 3127 utatur,
2382 3062 2669 3133 ipsumque
2704 3064 2993 3120 affectibus
3026 3066 3427 3123 innaturalibus

1853 3152 1981 3226 (qui
2023 3155 2231 3208 scilicet
2276 3155 2411 3209 vitio
2460 3156 2734 3227 haereant)
2783 3157 2864 3212 sic
2912 3158 3071 3228 quasi
3114 3169 3425 3215 emortuum

1851 3243 2066 3299 reddat.
2104 3245 2349 3314 Denique
2386 3247 2632 3316 pallium,
2662 3247 2810 3318 quod
2845 3248 3046 3303 habeat
3070 3259 3304 3320 quatuor
3326 3269 3427 3305 an-

1850 3348 2006 3418 gulos
2026 3389 2040 3412 ,
2089 3364 2152 3403 ac
2174 3349 2413 3404 mundus
2437 3350 2603 3405 etiam
2625 3362 2863 3421 quatuor
2884 3353 3171 3410 elementis
3190 3364 3423 3421 constet,

1850 3439 1956 3494 hoc
1982 3439 2188 3494 indicat
2217 3459 2229 3493 :
2259 3441 2462 3497 debere
2500 3445 2779 3499 nosetiam
2813 3445 2865 3500 id
2900 3460 3073 3516 genus
3102 3446 3429 3517 speculatio-

1849 3530 1936 3585 nis
1966 3531 2214 3596 induere,
2248 3533 2396 3602 quod
2441 3536 2678 3590 naturali
2722 3551 2826 3590 usu
2873 3545 3184 3606 praestatur,
3219 3552 3289 3591 ne
3338 3552 3428 3592 res

1851 3623 2027 3679 oculis
2062 3624 2339 3696 subjectas
2397 3644 2464 3682 ex
2510 3643 2705 3683 sensus
2748 3628 3156 3699 affectuumque
3196 3628 3426 3683 libidine

1851 3724 2171 3777 cernamus,
2208 3715 2304 3767 sed
2354 3730 2451 3783 per
2496 3716 2766 3770 rationem
2811 3731 2935 3785 quae
2988 3717 3096 3771 illis
3146 3718 3318 3781 inest,
3357 3716 3427 3771 ad

1850 3802 2071 3856 illorum
2126 3814 2408 3858 auctorem
2466 3806 2855 3874 provehamur.
2906 3805 3063 3871 Quod
3115 3818 3297 3862 autem
3354 3810 3430 3864 si-

1850 3890 2025 3945 nistra
2071 3908 2263 3946 manus
2311 3893 2524 3947 detecta
2575 3894 2667 3959 sit,
2715 3894 2823 3947 hoc
2867 3895 3174 3964 signiﬁcat,
3224 3898 3428 3953 debere

1852 3979 2025 4035 bonas
2083 3981 2329 4036 actiones
2381 3982 2438 4036 in
2483 3980 2645 4037 nobis
2687 3982 3021 4052 pratlucere,
3072 3986 3225 4055 juxta
3280 3988 3425 4056 quod

1849 4071 2099 4141 praecipit
2120 4072 2405 4137 Dominus,
2437 4082 2496 4127 ut
2519 4073 2742 4127 videant
2772 4072 3024 4128 homines
3051 4089 3218 4143 opera
3240 4084 3426 4131 nostra

1851 4163 2015 4229 bona,
2041 4173 2098 4219 et
2138 4164 2445 4234 gloriﬁcent
2479 4165 2697 4220 Patrem
2733 4174 2986 4220 nostrum
3032 4167 3127 4237 qui
3168 4168 3225 4222 in
3273 4169 3425 4224 emlis

1851 4264 1935 4309 est
1960 4256 2024 4310 ⁷⁸.
2059 4256 2214 4323 Quod
2250 4257 2381 4326 pulli
2412 4257 2613 4313 coloris
2646 4259 2757 4312 sint
2790 4256 3132 4325 indumenta,
3159 4260 3265 4317 hoc
3299 4261 3428 4316 insi-

164 4355 322 4410 nuat,
352 4346 561 4402 debere
602 4363 704 4403 nos
737 4363 858 4403 esse
886 4350 1086 4404 saeculo
1125 4351 1412 4417 obscuros,
1479 4357 1541 4404 ut
1576 4349 1670 4419 qui
1701 4347 1866 4402 vitam
1892 4365 1968 4405 ac
1996 4351 2392 4421 municipatum
2461 4354 2517 4406 in
2546 4353 2684 4407 coelo
2750 4352 3051 4409 habeamus
3076 4356 3143 4408 '".
3180 4354 3277 4410 Sin
3329 4373 3424 4411 au-

164 4451 274 4494 tem
303 4438 512 4510 aliquis
563 4440 809 4509 pallium,
836 4440 981 4509 quod
1016 4451 1254 4510 quatuor
1288 4441 1518 4513 angulus
1555 4440 1776 4505 habeat,
1817 4442 1984 4497 etiam
2029 4444 2097 4499 ad
2140 4444 2427 4515 generales
2468 4452 2704 4515 quatuor
2766 4443 3001 4501 virtutes
3044 4446 3316 4514 retulerit,
3356 4466 3426 4503 ne

162 4530 244 4584 sic
274 4531 502 4601 quidem
531 4546 560 4584 a
586 4545 719 4585 vero
746 4530 1111 4586 aberraverit.

768 4641 965 4697 ΕΡΩΤ.
1005 4644 1129 4698 ΞΗ⁹.

835 4846 1066 4916 Ἆπόκρ.

226 4934 474 5006 Εἰρήνην
498 4937 527 4989 ό
554 4936 735 5008 ἱερεὺς
764 4936 871 4990 ἀπὸ
894 4935 989 4990 τοῦ
1019 4935 1189 5007 ὕψους
1230 4934 1330 5006 τῆς
1372 4934 1646 5007 καθέδρας
1668 4940 1736 5010 τῇ

166 5026 475 5099 Ἐκκλησία
514 5027 929 5097 ἐπιφθέγγεται,
961 5028 1054 5083 τὸν
1097 5028 1302 5100 Κύριον
1346 5028 1445 5097 τῆς
1470 5027 1740 5097 καθέδρας

155 5119 520 5189 μιμούμενος,
548 5120 1062 5191 ἀναλαμδανόμενον
1098 5122 1323 5193 εἰρήνην
1364 5121 1464 5193 τὴν
1508 5122 1736 5186 οἰκείαν,

150 5212 247 5267 καὶ
275 5214 512 5283 ἀφιέντα
541 5215 636 5268 καὶ
683 5214 914 5268 διδόντα.
946 5215 1013 5267 Τὸ
1065 5214 1139 5281 δὲ,
1170 5214 1281 5269 Καὶ
1327 5214 1406 5280 τῷ
1442 5214 1736 5285 πνεύματι

1777 4530 1825 4587 1)

2251 4649 2415 4719 328
2451 4647 2729 4703 INTER“.
2782 4646 3012 4702 LXVIII.

2548 4849 2704 4921 Resp.

1907 4944 2176 5001 Sacerdos
2201 4962 2231 5000 e
2258 4944 2478 5000 sublimi
2523 4944 2796 5000 cathedra:
2819 4944 2991 5015 gradu
3016 4961 3205 5015 pacem
3231 4946 3419 5003 Eccle-

1838 5034 1931 5090 sia:
1952 5038 2235 5102 acclamat,
2264 5037 2505 5092 imitatus
2529 5036 2801 5092 cathedrae
2828 5037 3141 5102 Dominum,
3165 5037 3280 5108 qui,
3304 5055 3414 5109 quo

1838 5133 2082 5195 tempore
2113 5127 2515 5192 assumebatur,
2544 5127 2659 5181 suis
2687 5141 2875 5195 pacem
2903 5126 3127 5197 reliquit
3153 5143 3215 5181 ac
3240 5128 3410 5183 dedit.

1837 5214 1992 5282 Quod
2020 5226 2200 5273 autem
2224 5219 2458 5289 populus
2484 5218 2830 5289 respondeat,
2850 5220 2919 5274 Et
2944 5237 3061 5275 cum
3085 5222 3273 5293 spiritu
3300 5233 3406 5285 tuo,

217 5368 268 5401 τ’
293 5366 404 5423 Job
429 5383 515 5433 XL,
542 5368 629 5423 11.
704 5367 749 5401 ⁷³
771 5369 913 5424 Psal.
944 5385 1148 5429 xxxv".
1168 5369 1222 5425 8.
1279 5369 1325 5402 7"
1346 5368 1522 5425 Galat.
1546 5386 1622 5433 v1,
1655 5371 1744 5426 M.

1850 5371 1865 5401 '
1889 5371 2029 5441 Eph.
2063 5388 2135 5438 vr,
2168 5372 2254 5425 17.
2323 5373 2366 5405 ⁷³
2392 5372 2583 5427 Matth.
2613 5389 2665 5440 ν,
2700 5371 2785 5427 10.
2863 5373 2909 5405 ⁷⁷
2931 5374 3168 5447 Philipp.
3205 5392 3282 5441 ιιι,
3309 5376 3407 5433 20.

225 5506 244 5526 ⁶
269 5503 421 5570 Quid
452 5506 496 5561 si
522 5506 719 5573 δεξιάν,
749 5508 818 5563 ad
846 5508 1054 5563 laboris
1092 5508 1304 5563 scilicet
1330 5509 1530 5564 usum?

146 5622 338 5691 gentis
436 5631 694 5675 mentem.
788 5622 1143 5685 Dorotheus,
1220 5621 1369 5691 quod
1434 5637 1731 5691 puerorum

149 5699 541 5764 tegumentum
601 5692 795 5761 capitis
868 5692 971 5754 sit,
1036 5692 1248 5761 signum
1310 5692 1473 5747 docet
1534 5711 1724 5747 ταπει-

451 5782 716 5845 ΡΑτιιοι..
765 5784 881 5844 Gn.
930 5783 1057 5843 XC.

1882 5513 1918 5534 “
1953 5510 2090 5566 Vide
2119 5509 2271 5566 Cass.
2304 5511 2340 5566 l.
2373 5510 2406 5565 9
2434 5512 2498 5566 de
2520 5513 2701 5567 habitu
2727 5513 3122 5567 monachorum.

1812 5622 2073 5699 νὼσεως,
2105 5624 2436 5694 humilitatis,
2466 5626 2623 5699 cujus
2643 5624 3206 5683 sanctiusinstitutum
3238 5633 3410 5684 totum

1828 5694 2096 5764 professio
2131 5704 2233 5749 est.

3013 5786 3091 5847 27
