3932 6326
285 196 398 268 853
1450 216 1837 286 QUIESTION

1939 253 1944 275 ι
1981 225 2078 289 ΕΤ
2117 229 2370 297 DUBIA.
2449 228 2455 235 ’
3433 252 3541 317 ὅδὲ

286 310 579 419 πρέϐαῖῗν.
610 314 699 418 τὸν
718 317 912 393 μαλὸν,
941 320 1000 379 τὸ
1022 323 1189 395 γάλα,Δ
1212 326 1301 381 τὸν
1321 329 1512 399 ἀμνόν.
1551 332 1614 387 Ἦ
1640 332 1698 393 δὲ
1722 334 1837 405 κόρη

1966 336 2070 403 lac,
2102 356 2431 412 agnumque.
2476 345 2608 417 Ejus
2635 349 2896 418 pupillam
2938 353 3082 411 oculi
3131 371 3256 413 cmn
3282 360 3399 419 sole
3428 364 3538 418 cir-

286 403 383 467 τοῦ
418 404 700 479 ὀφθαλμοῦ
755 412 943 478 αὑτοῦ,
998 420 1398 489 συμπεριπολεῖ
1445 423 1522 494 τῷ
1569 423 1724 496 ἡλίῳ,

1960 432 2209 503 cumagi,
2262 434 2421 507 333
2470 452 2535 490 ac
2582 439 2829 508 quotidie
2873 441 3093 511 pillulas
3135 446 3238 502 565
3287 464 3532 520 egerere.

282 497 523 609 éxd‘arq;
797 504 1050 573 ἀφοδεύει
1084 512 1395 582 σπυράθους
1421 515 1548 580 τξεό
1592 518 1664 570 Τὸ
1688 518 1747 575 δὲ
1771 519 1837 579 λβ

2126 497 2202 503 _.
2268 497 2415 507 __-
2600 497 2616 508 .
2748 497 2753 499 .
2873 497 2893 511 ,
2986 497 2994 501 -
3071 497 3089 499 -
3143 497 3231 502 ---
3290 497 3532 520 ww-.."

1960 524 2194 586 Ratione
2225 536 2406 589 autem
2434 530 2698 597 praeditus
2725 535 2863 599 ovis,
2900 536 3085 603 homo,
3132 539 3402 609 siquidem
3432 545 3536 603 hoc

282 588 438 659 γικὸν
468 591 741 661 πρόϐατον
782 597 810 648 ὁ
857 597 1164 669 ἄνθρωπος,
1209 604 1366 679 εἴπερ
1390 607 1586 667 ἑαυτὸν
1616 611 1857 681 προσφέ-

280 698 399 779 ρελιν
426 681 617 736 Θυσίαν
640 685 717 758 τῷ
735 692 1065 767 κτησαμένῳ
1094 694 1212 765 Θεῷ
1236 690 1560 766 ἐσπούδακε,
1592 706 1855 779 χρεωστεί

279 772 481 827 διδόναι
526 775 715 850 ὥσπερ
748 782 943 859 Ιμαλδν,
994 787 1093 853 τὴν
1130 787 1324 859 ἠθικὴν
1372 772 1631 860 πρᾶξιν(
1662 794 1742 856 ὡς
1795 794 1852 854 δὲ

280 869 441 935 γάλα,
480 870 579 940 τὴν
604 872 841 943 φυσικὴν
875 873 1107 945 θεωρίαν
1139 878 1425 951 (θρεπτικὴ
1450 883 1559 953 γάρ
1586 884 1724 953 αὕτη
1755 885 1849 943 τοῦ

276 954 419 1030 νοῦ)·
456 958 530 1031 ὡς
584 960 641 1017 δὲ
696 963 888 1033 ἀμνὸν,
944 966 1035 1019 τὸν
1064 969 1505 1043 μαθητευόμενον
1539 975 1851 1045 ἀπογεννῶν

274 1048 369 1107 διὰ
400 1050 499 1127 τῆς
531 1051 897 1123 διδασκαλίας,
948 1060 1041 1121 καὶ
1090 1061 1265 1121 πάντα
1305 1064 1488 1134 ὅμοιον
1537 1068 1712 1139 ἑαυτῷ
1756 1070 1850 1129 καὶ

277 1141 481 1195 τέλειον
544 1147 857 1211 σπουδάζων
912 1153 1207 1223 προσάγειν
1252 1155 1331 1225 τῷ
1369 1156 1507 1227 Θεῷ.
1540 1158 1699 1219 Ἀλλά
1755 1161 1849 1213 καὶ

276 1233 378 1304 τὴν
410 1234 578 1304 κόρην
605 1236 700 1289 τοῦ
753 1237 1054 1309 ὀφθαλμοῦ,
1109 1244 1137 1295 ὁ
1187 1245 1424 1309 τοιοῦτος
1458 1248 1568 1316 ἔχει
1608 1249 1682 1319 τῷ
1713 1251 1848 1321 ἡλίῳ

278 1326 789 1395 συμπεριπολοῦσαν
811 1345 825 1360 ο
880 1331 1124 1385 τουτέστι
1151 1334 1240 1387 τὸν
1264 1335 1409 1402 νοῦν,
1451 1338 1528 1407 τῷ
1558 1340 1722 1410 Ἡλίῳ
1749 1342 1848 1411 τῆς

272 1414 643 1488 δικαιοσύνης,
680 1419 771 1483 διά
820 1421 921 1491 τῆς
955 1427 1320 1497 προνοητικῆς
1361 1429 1471 1489 τῶν
1514 1429 1687 1488 ὄντων
1714 1432 1848 1486 διοι-

276 1507 490 1576 κήσεως
522 1508 740 1576 φέροντι
774 1512 844 1571 τὰ
892 1513 1156 1587 ἡμέτερα,
1208 1520 1640 1590 συμπεριπολεῖ·
1691 1540 1846 1581 τουτ-

274 1598 444 1663 έστιν,
474 1600 830 1657 ἐπακολουθεῖ
865 1621 878 1645 ι
915 1605 973 1661 ἔν
996 1624 1059 1669 τε
1094 1609 1200 1680 γὰρ
1249 1610 1490 1681 θλίψεσιν
1514 1654 1529 1678 ,
1576 1613 1633 1669 ἐν
1664 1631 1725 1667 τε
1754 1617 1837 1676 εὖ·

1956 616 2152 679 sedulo
2176 628 2318 689 agat,
2355 627 2415 679 ut
2454 636 2512 676 se
2544 623 2676 691 Deo,
2717 628 2872 697 cuius
2902 628 3132 695 dominii
3160 638 3265 696 est.
3300 632 3533 697 hostiam

1956 708 2175 777 offerat,
2221 712 2463 781 praebeat
2496 730 2722 781 necesse
2746 727 2857 785 est,
2907 728 3163 790 tanquam
3205 725 3399 790 vellus,
3446 744 3536 787 ac-

1960 798 2165 859 tionem
2194 803 2439 865 moribus
2475 804 2818 875 institutam;
2857 816 3113 882 tanquam
3147 830 3277 875 vero
3304 815 3409 881 lac,
3440 834 3533 872 na-

1958 890 2189 951 turalem
2219 893 2649 960 speculationem
2676 899 2820 975 (ejus
2861 902 3008 955 enim
3042 902 3318 967 facultatis
3350 916 3433 967 est
3475 918 3534 963 ut
3609 934 3623 953 -

1954 988 2197 1041 mentem
2216 983 2372 1055 alat),
2392 995 2453 1043 ut
2476 997 2661 1050 autem
2682 1005 2907 1059 agnum,
2930 991 3260 1061 discipulum
3285 997 3533 1057 doctrina

1955 1070 2233 1137 adultum,
2278 1088 2376 1145 per
2421 1079 2606 1135 omnia
2658 1080 2892 1145 similem
2936 1084 3387 1156 perfectumque,
3420 1090 3532 1145 Deo

1954 1161 2155 1219 oﬂ‘erre
2177 1164 2415 1225 studeat.
2448 1166 2555 1227 Sed
2578 1178 2637 1226 et
2658 1172 2923 1244 pupillam
2953 1177 3122 1243 oculi,
3151 1179 3243 1247 qui
3270 1179 3399 1235 talis
3420 1192 3527 1246 est,

1955 1267 2063 1314 una
2105 1267 2231 1311 cum
2269 1257 2385 1313 sole
2428 1260 2580 1314 velut
2622 1273 2898 1333 gyrantetn
2945 1266 3143 1333 habet;
3182 1270 3278 1337 qui
3322 1271 3531 1327 scilicet

1954 1356 2063 1395 una
2086 1358 2211 1397 cum
2235 1344 2360 1401 Sole
2380 1348 2628 1417 justitize,
2660 1367 2758 1421 per
2786 1356 3188 1422 providentiam
3211 1374 3299 1413 res
3328 1360 3528 1428 guber-

1952 1441 2116 1493 nantc
2150 1449 2213 1497 ac
2247 1452 2368 1513 quae
2397 1448 2582 1499 nostra
2607 1452 2737 1499 sunt
2766 1444 2997 1518 ferente,
3023 1457 3263 1508 mentem
3286 1442 3529 1513 circum;

1950 1534 2107 1597 agat;
2170 1542 2369 1599 nempe
2424 1546 2555 1587 eum
2602 1537 2905 1604 sequendo,
2936 1538 2991 1597 in
3020 1541 3283 1601 aerumnis
3318 1544 3529 1611 pariter

1947 1624 2114 1685 atque
2146 1621 2405 1675 secundis
2438 1622 2605 1679 rebus
2632 1625 2836 1695 gratias
2873 1638 3030 1699 agat;
3072 1641 3381 1701 cunctaque
3422 1633 3527 1695 rite

272 1690 533 1759 ημερίαις
567 1693 928 1765 εὐχαριστῶν·
962 1697 1058 1750 sui
1089 1716 1147 1757 τε
1173 1703 1241 1771 τῇ
1294 1702 1475 1767 καλῶς
1520 1705 1726 1777 ἀγούσῃ
1776 1706 1837 1761 τὰ

1948 1710 2131 1777 agenti
2180 1726 2244 1767 ac
2283 1712 2542 1783 dirigenti
2591 1690 2983 1787 providentiae,
3017 1690 3308 1792 'propense-
3339 1724 3525 1785 animo

276 1779 453 1833 πάντα
485 1783 730 1853 προνοίᾳ.
768 1784 1090 1849 Ἀποὸἁλλει
1129 1790 1186 1844 δὲ
1234 1792 1266 1844 ὁ
1322 1793 1563 1857 τοιοῦτος
1609 1796 1846 1867 ἑκάστης

273 1869 486 1941 ἡμέρας
540 1875 850 1945 σπυράθους
898 1877 1037 1944 τξε’⁶
1095 1883 1363 1948 τουτέστι,
1392 1884 1460 1938 τὰ
1511 1884 1617 1943 ὑπὸ
1646 1887 1844 1956 χρόνον

271 1964 368 2016 καὶ
403 1965 617 2035 γένεσιν
652 1968 873 2039 φθαρτὰ
901 1973 996 2032 καὶ.
1042 1975 1277 2045 περισσά
1316 1978 1576 2039 ἑκάστοτε
1609 1981 1841 2057 ἀπορρί-

272 2073 416 2109 πτει.

342 2149 477 2220 Περὶ
498 2150 561 2205 δὲ
582 2151 678 2207 τοῦ
710 2152 831 2223 βοός
862 2173 1052 2224 φασιν,
1085 2158 1165 2211 ὅτι
1192 2159 1291 2229 τὴν
1320 2162 1544 2232 καρδίαν
1578 2164 1842 2233 τρίγωνον

271 2238 571 2310 κέκτηται⁹
624 2241 715 2296 τὸν
758 2244 820 2301 δὲ
858 2246 1058 2317 νεφρδν
1108 2249 1467 2306 πεντάϐολον·
1518 2253 1631 2324 ἔχει
1660 2254 1719 2308 δὲ
1747 2256 1842 2313 καὶ

267 2330 419 2401 τρεῖς
449 2332 753 2402 στομάχους
776 2349 794 2366 ⁶
844 2338 941 2393 καὶ
985 2336 1086 2409 τὴν
1124 2339 1227 2413 μὲν
1262 2342 1499 2413 ἡμέραν,
1534 2348 1843 2414 φωτοειδεῖς

269 2418 381 2487 ἔχει
412 2420 534 2485 τοὺς
560 2421 903 2493 ὀφθαλμούς·
936 2429 1000 2497 τῇ
1035 2427 1092 2481 δὲ
1141 2430 1316 2496 νυκτὶ,
1354 2434 1658 2502 πυροειδεῖς
1682 2454 1694 2466 ·
1746 2440 1841 2493 καὶ

264 2510 451 2579 τρίτον
482 2511 579 2580 τῆς
608 2513 821 2585 ἡμέρας
854 2517 949 2571 καὶ
968 2518 1149 2588 τρίτον
1169 2522 1268 2591 τῆς
1296 2524 1487 2587 νυκτὸς
1508 2527 1627 2585 κατ’
1652 2528 1842 2589 ἀνατο-

266 2598 365 2663 λὰς
394 2600 535 2669 ὁρῶν
560 2603 709 2657 πνέει
737 2606 948 2679 φυσῶν.
987 2607 1044 2661 '0
1072 2609 1245 2681 δεξιὸς
1280 2612 1446 2673 αὐτοῦ
1477 2615 1582 2685 ῥὶς,
1613 2618 1840 2674 εὐωδιά-

262 2690 353 2754 ζει
402 2693 648 2766 μόσχονο
699 2696 759 2750 τὸ
807 2697 866 2751 δὲ
912 2694 1051 2770 αἷμα
1100 2703 1286 2771 αὑτοῦ,
1335 2706 1680 2780 ἀναιρετικόν
1722 2712 1840 2769 ἐστι

266 2782 488 2841 πάντων
531 2786 638 2839 τῶν
668 2788 890 2859 ἡμέρων
939 2788 1114 2857 ζώων,
1166 2793 1336 2863 χωρὶς
1375 2796 1469 2849 τοῦ
1524 2800 1704 2863 κυνός.
1748 2802 1843 2863 Δεῖ

268 2871 367 2928 οὖν
398 2876 492 2929 καὶ
522 2877 668 2947 ἡμᾶς
699 2877 889 2950 ὥσπερ
924 2880 1050 2950 βοῦν
1079 2882 1366 2953 φέροντας,
1402 2885 1496 2940 τὸν
1543 2887 1708 2957 ζυγὸν
1743 2889 1838 2949 τοῦ

264 2967 505 3037 Χριστοῦ
538 2973 1101 3043 μεταχειριζομένους,
1139 2977 1238 3039 τὰς
1277 2976 1486 3045 λιθίνας
1514 2980 1837 3052 άνατέμνειν

266 3066 532 3137 καρδίας·
588 3068 680 3121 καὶ
716 3069 812 3133 τὰς
848 3073 947 3139 μὲν
982 3073 1223 3136 ἀκάνθας
1260 3072 1370 3127 τῶν
1418 3075 1606 3129 παθῶν
1682 3078 1836 3149 ἐκρι-

261 3158 394 3223 ζοῦν
418 3177 434 3192 ·
468 3160 757 3214 πλατύνειν
794 3161 850 3215 δὲ
872 3163 973 3234 τὴν
1000 3164 1104 3234 γῆν
1135 3164 1234 3236 τῆς
1273 3166 1501 3237 καρδίας
1529 3168 1668 3240 πρὸς
1699 3170 1835 3223 ὑπο,

262 3249 424 3319 δοχὴν
446 3249 540 3303 τοῦ
578 3249 722 3303 θείου
771 3250 950 3320 λόγου.
974 3254 1160 3323 Ἔχειν
1207 3255 1263 3308 δὲ
1317 3258 1411 3309 καὶ
1453 3258 1555 3328 τὴν
1610 3260 1835 3330 καρδίαν

262 3339 551 3409 τρίγωνον,
610 3342 858 3395 τουτέστι
910 3342 1001 3395 τὸν
1059 3346 1184 3415 περὶ
1232 3348 1462 3417 Τριάδος
1518 3349 1675 3419 λόγον
1706 3352 1832 3427 ὑγιῆ

260 3431 407 3501 ἔχειν
437 3434 495 3485 ὲν
520 3436 585 3502 τῇ
632 3434 830 3504 καρδίᾳ
850 3452 862 3466 ·
923 3436 1010 3489 ἵνα
1055 3435 1299 3509 ὥσπερὴ
1334 3440 1529 3509 καρδία
1558 3442 1833 3495 διαδίδωσι

262 3524 510 3590 φυσικῶς
538 3524 635 3595 τὴν
662 3526 806 3596 ζωὴν
841 3527 916 3598 τῷ
951 3526 1183 3599 σώματι,
1214 3530 1388 3595 οὕτως
1414 3533 1508 3586 καὶ
1531 3535 1565 3604 ἡ
1597 3536 1676 3597 είς
1700 3535 1835 3589 Θεὸν

259 3616 531 3685 εὐσέϐεια,
564 3617 633 3671 τὰ
668 3618 804 3689 μέλη
830 3622 930 3690 τῆς
964 3620 1142 3690 ψυχῆς
1173 3622 1472 3693 συνίστησι.
1512 3625 1614 3685 Τὸν
1646 3626 1706 3681 δὲ
1742 3645 1832 3685 νε..

252 3705 397 3776 φρδν
418 3706 561 3776 ἔχειν
591 3709 940 3775 πεντάὸολον,
978 3712 1227 3763 τουτέστι
1252 3712 1314 3767 τὸ
1337 3714 1732 3784 ἐπιθυμητικὸν
1757 3718 1832 3788 μὴ

259 3797 398 3864 πρὸς
427 3796 497 3849 τὰ
515 3798 661 3867 πάθη
693 3800 1009 3870 τετράφθαι,
1044 3800 1181 3854 ἀλλὰ
1204 3802 1293 3854 διὰ
1316 3802 1425 3856 τῶν
1452 3811 1491 3856 ε’
1529 3806 1833 3876 αίσθήσεων

256 3891 361 3958 τὴν
386 3888 561 3942 κτίσιν
588 3892 943 3945 κατοπτεύειν
968 3894 1049 3957 είς
1073 3894 1240 3964 μόνην
1257 3895 1549 3966 ἐπιθυμίαν
1577 3897 1669 3951 καὶ
1697 3898 1833 3966 ἀγά-

260 3998 371 4050 πην
394 3980 486 4034 τοῦ
519 3982 836 4048 Κτίσαντος.
864 3985 1026 4053 Τρεῖς
1055 3987 1111 4039 δὲ
1142 3989 1447 4058 στομάχους
1497 3985 1796 4061 κεκτῆσθαι
1817 4009 1829 4021 ·

235 4076 288 4154 ..ὁ
325 4074 595 4145 στόμαχος
630 4076 844 4146 πρῶτον
877 4078 945 4132 τὰ
981 4080 1125 4131 σιτία
1153 4080 1457 4150 δεχόμενος,
1492 4082 1584 4135 καὶ
1609 4082 1699 4140 διὰ
1732 4084 1833 4154 τῆς

246 4150 534 4236 ¹τιιειιττικῆς
560 4166 843 4237 δυνάμεως
874 4169 934 4222 τὸ
964 4169 1253 4242 εἰλικρινὲς
1275 4173 1699 4245 αὐτῶν,ὲκάστῳ
1724 4150 1832 4231 τῶν

262 4257 444 4327 μελῶν
496 4260 893 4331 παραπέμψας,
926 4262 986 4315 τὸ
1034 4263 1218 4318 λοιπὸν
1266 4268 1331 4337 τῇ
1383 4267 1561 4338 κοιλίᾳ
1594 4268 1824 4324 δίδωσιν.

1942 1801 2274 1877 acquiescat.
2328 1806 2512 1877 Egerit
2564 1817 2751 1869 autem
2799 1812 3047 1880 quotidie
3096 1815 3368 1883 ejusmodi
3420 1815 3524 1871 565

1944 1886 2193 1957 pillulas;
2242 1890 2295 1951 id
2329 1903 2436 1958 est,
2485 1896 2719 1970 tempori
2758 1900 3014 1968 ortuique
3055 1901 3313 1969 obnoxia,
3347 1918 3522 1973 eoque
3594 1947 3598 1951 .

1944 1978 2235 2037 interitura
2259 1999 2322 2038 ac
2350 1985 2647 2054 superﬂua,
2674 1988 2921 2058 quotidie
2948 1991 3186 2051 abdicat.

2010 2168 2095 2223 Ad
2124 2169 2323 2226 bovem
2357 2182 2542 2253 autem
2569 2177 2718 2246 quod
2752 2179 2973 2245 attinet,
3007 2181 3166 2241 aiunt
3196 2182 3401 2243 habere
3422 2199 3521 2240 cor

1944 2260 2314 2332 triangulum;
2348 2282 2558 2332 renem,
2596 2270 2842 2340 quinque
2886 2273 3046 2341 quasi
3080 2275 3521 2343 projectionibus

1938 2362 2280 2423 exstantem;
2333 2361 2677 2419 stomachum
2712 2363 3022 2433 triplicem;
3056 2366 3237 2420 oculis
3275 2367 3518 2422 interdiu

1940 2443 2162 2511 lucidis,
2196 2459 2364 2502 noctu
2419 2450 2594 2521 igneis
2631 2468 2784 2518 esse;
2830 2462 3021 2513 ternas
3054 2455 3333 2523 interdiu,
3390 2458 3518 2512 toti-

1941 2536 2177 2607 demque
2210 2552 2377 2601 noctu
2406 2544 2555 2599 vices
2583 2583 2598 2609 ,
2648 2561 2975 2607 conversum
3008 2547 3078 2603 'ad
3110 2550 3385 2605 orientem
3431 2561 3509 2605 tu—

1938 2639 2180 2691 mentem
2209 2632 2569 2705 inﬂatumque
2587 2637 2821 2705 spirare.
2845 2638 3135 2701 Dexteram
3157 2642 3278 2711 ejus
3300 2644 3303 2649 ’
3326 2656 3517 2696 narem

1940 2720 2153 2779 moechi
2207 2723 2416 2792 Spirare
2470 2725 2877 2796 fragrantiam;
2953 2731 3277 2800 sanguinem
3330 2732 3517 2791 cicura

1934 2826 2171 2881 quaeque
2213 2815 2512 2879 animalia,
2566 2828 2796 2888 excepto
2828 2835 2987 2885 cane,
3050 2837 3270 2879 necare.
3320 2822 3516 2893 Operm

1939 2905 2178 2971 pretium
2208 2905 2416 2975 itaque,
2464 2924 2566 2961 nos
2609 2924 2833 2978 quoque
2884 2911 3044 2966 bovis
3095 2911 3271 2967 instar
3311 2912 3515 2969 Christi

1938 3004 2220 3065 assumpto
2244 2996 2397 3067 jugo.
2433 2998 2646 3069 lapidea
2692 3000 2863 3055 corda
2895 3003 3283 3071 proscindere;
3315 3020 3381 3059 ac
3430 3006 3514 3059 vi-

1941 3081 2142 3137 tiorum
2165 3086 2386 3155 quidem
2411 3089 2598 3157 spinas
2626 3091 2886 3155 evellere,
2918 3092 3103 3147 cordis
3132 3109 3265 3147 vero
3307 3103 3513 3148 terram

1936 3175 2005 3229 ad
2040 3177 2452 3246 suscipiendum
2485 3180 2733 3235 divinum
2762 3197 3075 3237 sermonem
3118 3184 3369 3239 dilatare.
3406 3186 3516 3241 Cor

1935 3266 2068 3320 item
2108 3267 2315 3322 habere
2345 3270 2641 3340 trigonum,
2673 3289 2859 3327 sanam
2893 3274 3106 3329 scilicet
3150 3278 3317 3330 corde
3354 3288 3515 3333 tenus

1933 3356 2004 3417 de
2036 3356 2305 3412 Trinitate
2330 3359 2668 3428 doctrinam;
2700 3371 2760 3416 ut
2792 3364 2936 3419 sicut
2978 3380 3075 3419 cor
3109 3374 3305 3420 natura
3344 3367 3510 3420 vitam

1935 3449 2156 3518 corpori
2192 3450 2496 3516 distribuit,
2531 3453 2613 3507 sic
2648 3460 2705 3507 et
2738 3454 2914 3523 pietas
2958 3456 3014 3510 in
3045 3457 3217 3511 Deum
3264 3459 3513 3514 membra

1932 3541 2180 3595 stabiliat
2228 3552 2392 3612 atque
2423 3554 2659 3615 vegetet.
2688 3547 2895 3603 Renem
2946 3555 3159 3618 septem
3193 3550 3349 3619 quasi
3380 3566 3511 3620 pro-

1927 3632 2266 3702 jectionibus
2308 3644 2646 3703 exstantem;
2694 3638 2770 3694 ita
2833 3640 3099 3700 nimirum
3149 3650 3210 3701 ut
3248 3643 3509 3712 cupiendi

1932 3724 2016 3778 vis
2046 3741 2156 3779 non
2210 3728 2281 3780 ad
2304 3727 2434 3781 vitia
2470 3744 2535 3783 ac
2557 3728 2821 3784 libidines
2844 3746 3111 3789 conversa
3136 3732 3230 3796 sit,
3263 3733 3358 3787 sed
3383 3749 3512 3788 sen-

1933 3831 2097 3870 suum
2130 3832 2297 3885 opera
2350 3818 2455 3872 hoc
2506 3820 2684 3873 solum
2724 3820 2833 3873 ﬁne
2875 3830 3129 3875 naturam
3167 3827 3511 3895 contemple-

1933 3922 2078 3971 mur,
2132 3915 2194 3961 ιιι
2241 3908 2361 3978 ejus
2411 3909 2507 3979 qui
2567 3909 2816 3963 condidit
2866 3910 3143 3965 desiderio
3184 3913 3509 3980 aﬂiciamur,

1930 4012 2168 4066 eumque
2199 3998 2513 4069 diligamus.
2544 3999 2839 4069 Triplieem
2868 4000 3107 4071 denique
3137 4005 3504 4063 stomachum.

1931 4087 2263 4150 Stomachus
2306 4091 2546 4165 primum
2594 4092 2791 4165 recipit
2845 4093 3020 4157 cibos,
3076 4102 3308 4171 tumque
3360 4098 3507 4165 quod

1931 4195 2134 4251 purum
2160 4189 2246 4237 est
2274 4198 2372 4257 per
2429 4184 2540 4237 vim
2572 4183 2862 4253 digerendi
2911 4184 2966 4240 in
2999 4185 3212 4255 singula
3258 4188 3507 4242 membra

1932 4274 2352 4337 transmittens,
2411 4285 2596 4344 partes
2648 4274 2893 4344 reliquas
2925 4277 3107 4330 ventri
3160 4276 3375 4332 tribuit.
3413 4278 3507 4333 Sic

258 4347 447 4413 Οὕτως
486 4347 581 4404 οὖν
608 4353 754 4422 ἡμᾶς
787 4354 1054 4424 προσήκει
1090 4355 1179 4409 διὰ
1211 4361 1521 4429 πρακτικῆς
1554 4360 1646 4411 καὶ
1676 4377 1825 4426 φυσι-

1939 4362 2107 4432 igitur
2132 4372 2186 4417 et
2210 4380 2333 4428 nos,
2369 4381 2468 4433 per
2501 4365 2783 4428 moralem,
2822 4367 3126 4421 naturalem
3171 4376 3333 4436 atque
3363 4367 3508 4422 divi-

254 4445 364 4515 κῆς
385 4448 481 4499 καὶ
507 4448 821 4518 θεολπικῆς
841 4447 1072 4519 Θεωρίας
1098 4451 1419 4521 ἀγομένους,
1445 4453 1537 4505 καὶ
1564 4454 1632 4507 τὰ
1661 4454 1830 4524 πρόσ-

257 4553 401 4605 φορα
435 4538 568 4590 πᾶσι
596 4540 712 4601 τοῖς
745 4539 933 4608 μέλεσι
968 4542 1069 4611 τῆς
1110 4541 1284 4612 ψυχῆς
1313 4543 1701 4615 ἀπονέμοντας,
1735 4546 1829 4598 καὶ

254 4624 348 4677 τοῦ
382 4626 603 4695 ἥττονος
636 4628 979 4697 προνοεῖσθαι
1011 4628 1209 4698 μέρους
1231 4644 1244 4658 ⁸
1276 4633 1542 4697 τουτέστι,
1591 4634 1686 4693 τοῦ
1717 4634 1827 4687 σώσ-

259 4734 433 4786 ματος
454 4733 469 4747 ·
510 4718 669 4772 τοῦτο
694 4719 805 4790 γὰρ
852 4722 885 4788 ὴ
937 4721 1135 4775 κοιλία.
1174 4722 1369 4792 Τρίτον
1399 4724 1455 4775 δὲ
1489 4725 1586 4795 τῆς
1618 4726 1829 4797 ἡμέρας

255 4810 353 4863 καὶ
383 4810 567 4880 τρίτον
611 4813 709 4882 τῆς
764 4812 957 4875 νυκτὸς
1005 4812 1325 4882 ἀφορῶντας
1375 4814 1513 4885 πρὸς
1566 4815 1828 4883 ἀνατολὰς

255 4902 466 4969 πνέειν,
520 4903 770 4956 τουτέστι
798 4903 898 4976 τὴν
941 4905 1171 4975 τρισσὴν
1214 4905 1309 4959 τοῦ
1356 4906 1496 4959 Θεοῦ
1546 4909 1825 4977 πρόνοιαν,

256 4994 657 5067 συντηρητικὴν
704 4997 797 5050 καὶ
848 4996 1276 5069 ὲπιστρεπτικὴν
1336 4998 1430 5051 καὶ
1480 4999 1828 5072 παιδευτικὴν

252 5086 600 5156 ἀφορῶντας,
630 5087 687 5142 ἐν
715 5105 773 5141 τε
798 5089 956 5142 νυκτὶ
988 5089 1097 5143 τῶν
1131 5089 1473 5160 πειρασμῶν,
1512 5090 1568 5144 ἕν
1608 5109 1663 5144 τε
1695 5093 1829 5163 ὴμέ-

255 5192 328 5248 pq.
358 5177 683 5248 εὐημερίας,
702 5178 1043 5250 εὐχαριστεῖν
1061 5195 1073 5209 ·
1104 5180 1247 5251 ἔχειν
1270 5180 1327 5233 δὲ
1345 5181 1471 5243 τοὺς
1498 5181 1826 5251 ὀφθαλμοὺς,

250 5271 313 5322 ἐν
338 5268 436 5339 μὲν
451 5272 604 5323 νυκτὶ
625 5273 946 5341 πυροειδεῖς,
969 5274 1027 5326 ὲν
1041 5273 1095 5326 δὲ
1122 5273 1303 5343 ἡμέρᾳ
1321 5274 1649 5341 φωτοειδεῖς,
1675 5292 1828 5328 τουτ-

251 5358 391 5422 ἐστι,
437 5359 775 5432 θεωρητικὴν
827 5362 1077 5430 δύναμιν,
1123 5364 1181 5415 ὲν
1218 5362 1317 5432 μὲν
1376 5364 1441 5433 τῇ
1482 5364 1667 5435 ἡμέρᾳ
1716 5366 1828 5419 τῶν

250 5447 483 5517 ἀρετῶν,
519 5451 616 5513 τὰς
648 5451 709 5502 ἐκ
749 5449 844 5503 τοῦ
887 5451 1065 5503 Ἠλίου
1094 5451 1190 5520 τῆς
1214 5451 1554 5523 δικαιοσύνης
1605 5455 1828 5518 ἀκτῖνας

250 5537 349 5606 τῆς
374 5536 625 5606 γνώσεως
652 5539 1051 5609 ὑποδεχομένην
1072 5558 1083 5569 ·
1114 5542 1169 5591 ἐν
1197 5540 1251 5592 δὲ
1284 5544 1347 5610 τῇ
1374 5542 1526 5594 νυκτὶ
1554 5541 1660 5594 τῶν
1689 5542 1828 5613 ὑπὲρ

252 5632 457 5703 ἀρετῆς
485 5631 837 5702 ἐπαγομένων
873 5630 1289 5701 ἀλλεπαλλήλων
1320 5632 1641 5703 πειρασμῶν
1661 5673 1674 5699 ,
1702 5635 1826 5699 τοὺς

1931 4464 2060 4503 nam
2092 4450 2617 4520 contemplationem
2646 4459 2956 4519 provectos,
2988 4454 3315 4524 cunctisque
3336 4456 3503 4509 animi

1930 4540 2214 4604 membris,
2244 4540 2405 4612 334
2441 4541 2587 4611 quod
2620 4549 2809 4610 aptum
2865 4543 2935 4597 sit
2974 4543 3150 4613 iisque
3192 4545 3504 4609 conducat,

1931 4632 2258 4702 impartitos,
2284 4633 2449 4687 etiam
2472 4632 2767 4687 deterioris
2800 4634 2971 4702 partis
2999 4634 3075 4703 (id
3094 4645 3198 4701 est,
3223 4638 3503 4707 corporis;

1930 4725 1986 4780 id
2005 4725 2153 4780 enim
2181 4734 2375 4779 venter
2401 4724 2778 4793 intelligatur)
2809 4741 2997 4779 curam
3035 4742 3195 4796 agere
3223 4730 3503 4785 convenit.

1930 4816 2037 4879 Ter
2066 4831 2200 4873 vero
2230 4815 2494 4883 interdiu,
2528 4831 2592 4875 ac
2622 4825 2708 4877 ter
2745 4826 2915 4879 noctu
2954 4817 3023 4870 ad
3058 4820 3332 4874 orientem
3357 4823 3506 4891 aSpi-

1929 4908 2142 4964 cientes
2169 4908 2401 4977 spirare,
2438 4905 2638 4960 trinam
2672 4907 2767 4961 Dei
2804 4906 3353 4977 providentiam,qua
3375 4925 3509 4964 con-

1930 5007 2155 5064 servat,
2217 4998 2490 5054 convertit
2538 5012 2603 5053 ac
2653 4997 2904 5068 castigat,
2961 4998 3163 5052 animis
3214 4998 3506 5053 attenden-

1928 5100 2033 5157 tes,
2068 5092 2185 5147 sive
2202 5092 2257 5145 in
2284 5091 2651 5146 tentationum
2683 5100 2866 5155 nocte,
2902 5092 3016 5146 sive
3048 5092 3105 5145 in
3147 5107 3329 5146 rerum
3375 5107 3507 5162 pro-

1927 5192 2213 5247 Sperarum
2268 5178 2378 5241 die,
2430 5179 2634 5248 gratias
2688 5195 2877 5249 agerc;
2918 5180 3109 5249 sicque
3179 5180 3319 5236 adeo
3370 5198 3501 5236 ocu-

1928 5270 1996 5324 lis
2029 5278 2373 5338 comparatos
2401 5285 2543 5333 esse,
2574 5280 2634 5323 ut
2664 5269 2701 5325 ii
2738 5280 2903 5324 noctu
2942 5270 3117 5340 ignei,
3146 5268 3385 5324 interdiu
3416 5270 3505 5324 lu-

1928 5358 2037 5413 cidi
2066 5358 2379 5412 exsistant:
2410 5374 2477 5411 ea
2513 5358 2725 5412 scilicet
2750 5359 2959 5427 praediti
2990 5358 3399 5426 contemplandi
3425 5359 3502 5421 vi,

1929 5458 1991 5504 ut
2024 5450 2079 5502 in
2106 5449 2371 5503 virtutum
2415 5449 2526 5511 die,
2580 5447 2721 5503 Solis
2747 5449 2977 5517 justiti-.e
3024 5449 3268 5503 scientiae
3322 5448 3507 5505 radios

1929 5540 2253 5612 suscipiant,
2290 5548 2565 5607 noctuque
2600 5540 2919 5593 crebrarum
2949 5549 3005 5594 et
3028 5556 3149 5609 quie
3198 5538 3332 5593 alias
3357 5540 3506 5595 exei~

1928 5634 2103 5705 piant,
2144 5631 2509 5686 tentationum
2549 5630 2766 5685 virtutis
2816 5646 2978 5685 causa
3012 5631 3307 5692 illatarum,
3342 5632 3502 5687 dere-
