3932 6326
344 276 447 339 857

1425 282 1827 346 EXPOSITIO
1864 282 1948 345 IN
1987 283 2349 349 PSALMUM
2389 291 2541 351 LIX.

3482 269 3596 334 858

339 408 479 463 ρισε
512 395 626 461 τὴν
655 397 1138 468 Μεσοποταμίαν,
1171 399 1269 453 καὶ
1318 399 1433 468 τὴν
1481 400 1703 470 Συρίαν
1751 398 1917 456 Σωϐᾶ

2041 401 2471 473 Mesopotamiam,
2489 417 2537 459 et
2556 404 2768 476 Syriam
2793 405 2928 461 Seba
2950 422 2968 460 :
2990 414 3038 459 et
3074 421 3310 460 reversus
3340 416 3418 460 est
3434 406 3595 475 Joab,

352 485 495 558 [erat
526 484 758 557 Σωόἀλ]·
789 487 886 541 καί
909 488 1285 558 ἐπέστρεψεν
1318 489 1494 555 Ἰωὰϐ,
1525 491 1625 544 καί
1658 490 1921 555 ἐπάταξε

347 576 462 645 τὴν
486 577 761 648 φάραγγα
792 578 910 633 τῶν
938 579 1121 635 Ἁλῶν
1144 580 1373 637 δώδεκα
1394 581 1692 652 χιλιάδας.

322 730 329 745 θ
421 673 527 734 Είς
570 671 635 723 τὸ
662 670 855 736 τέλος,
894 671 1018 738 τοῖς
1046 672 1632 742 ἀλλοιωθησομένοις
1669 673 1697 724 ὁ
1726 669 1921 742 παρὼν

350 758 715 829 ἐπιγράφεται
765 757 1222 832 [ἐπιγέγραπται]
1266 760 1478 832 ψαλμός
1508 776 1522 791 °
1577 760 1666 814 διά
1709 776 1770 812 τε
1817 760 1919 831 τὴν

351 851 445 905 επὶ
488 850 631 904 τέλει
658 850 768 906 τῶν
821 852 1031 923 χρόνων
1047 853 1135 907 διά
1183 853 1283 924 τῆς
1321 852 1616 924 ἐπιδημίας
1662 850 1756 905 τοῦ
1796 851 1925 922 Χριο

356 940 481 995 στοῦ
513 940 813 1013 γενομένην
841 945 951 1007 τοϊς
982 943 1290 1014 ἀνθρώποις
1326 942 1386 1007 ἐξ
1412 942 1669 1005 ἀπιστίας
1721 941 1926 1005 είςδπί-

360 1048 495 1095 στιν,
526 1032 622 1085 καὶ
658 1032 766 1086 ἀπὸ
795 1033 994 1098 κακίας
1041 1036 1122 1098 εἱς
1165 1034 1389 1106 ἀρετὴν,
1433 1036 1527 1089 καὶ
1572 1032 1795 1103 ἀγνοίας
1844 1033 1925 1094 είς

356 1122 559 1192 γνῶσιν
594 1122 729 1178 Θεοῦ
753 1127 1038 1196 γνωμικήν
1068 1141 1128 1178 τε
1172 1125 1267 1179 καὶ
1318 1125 1709 1197 προαιρετικὴν
1762 1140 1928 1196 μετα·

361 1215 522 1286 εολὴν
548 1216 643 1270 καὶ
670 1216 956 1270 ἀλλοίωσιν
986 1232 1000 1247 ·
1033 1216 1133 1271 Διά
1150 1235 1210 1270 τε
1226 1217 1325 1288 τὴν
1352 1218 1433 1282 είς
1457 1216 1684 1289 ὕστερον
1716 1216 1810 1270 ἐπὶ
1836 1214 1927 1270 τέ-

361 1305 444 1361 λει
475 1309 583 1365 τῶν
616 1308 829 1363 αἰώνων
859 1312 1232 1381 γενησομένην
1259 1311 1327 1364 δι’
1359 1310 1523 1364 αὐτοῦ
1554 1309 1648 1367 τοῦ
1679 1308 1928 1381 Σωτῆρος

363 1400 522 1471 ἡμῶν
552 1398 688 1454 Θεοῦ
714 1400 1009 1472 καθολικὴν
1025 1401 1119 1454 τοῦ
1147 1401 1347 1466 παντὸς
1378 1403 1567 1472 γένους
1590 1402 1698 1456 τῶν
1721 1400 1930 1471 ἀνθρώ-

361 1505 481 1543 πων
535 1490 592 1542 ὲν
649 1490 830 1560 χάριτι
877 1490 1110 1563 φυσικὴν
1144 1494 1209 1545 ὲκ
1243 1491 1471 1546 θανάτου
1502 1492 1595 1545 καὶ
1623 1491 1827 1563 φθορᾶς
1850 1491 1927 1553 είς

361 1581 505 1652 ζωὴν
533 1581 799 1635 ἀθάνατον
832 1583 927 1635 καὶ
955 1582 1285 1654 ἀφθαρσίαν,
1310 1582 1398 1637 διὰ
1422 1586 1521 1655 τῆς
1550 1582 1931 1653 προσδοκωμέ-

360 1689 459 1742 νης
496 1671 865 1737 ἀναστάσεως,
892 1672 1173 1727 ἀλλοίωσίν
1223 1691 1285 1727 τε
1332 1674 1428 1727 καὶ
1478 1674 1794 1728 ἀνανέωσιν.
1824 1674 1929 1738 El;-

364 1763 819 1832 στηλογραςρίαν
853 1763 929 1834 (a)
968 1763 1027 1816 δὲ
1078 1764 1158 1829 τῷ
1207 1765 1386 1817 Δαὸίδ
1410 1778 1425 1792 ·
1456 1763 1748 1828 τουτέστιν,
1779 1761 1928 1833 αύτῷ

361 1850 441 1921 τῷ
474 1851 695 1921 Χριστῷ
730 1868 745 1882 ·
783 1852 869 1905 διά
902 1868 961 1904 τε
993 1850 1092 1923 τὴν
1134 1853 1432 1925 γενομένην
1468 1854 1569 1924 ήδη
1629 1853 1771 1906 κατὰ
1829 1851 1929 1923 τὴν

364 1942 515 2015 θείαν
554 1940 718 1995 αὐτοῦ
766 1941 1039 2011 σάρκωσιν
1091 1943 1295 2014 στήλης
1323 1943 1500 2014 δίκην,
1532 1945 1591 1996 ὲν
1634 1940 1784 2012 αύτῷ
1832 1941 1931 2012 μὲν

365 2033 441 2095 ὡς
471 2031 699 2104 ἀρχηγῷ
727 2033 822 2086 καὶ⁴
850 2033 1085 2105 Σωτῆρι,
1111 2035 1207 2088 καὶ
1241 2034 1358 2105 μετ’
1383 2034 1547 2089 αὐτὸν
1577 2035 1635 2088 έν
1672 2035 1786 2097 τοῖς
1810 2033 1931 2086 κατ’

365 2122 527 2178 αὐτὸν
557 2121 793 2186 εὐσεϐῶς
826 2121 1025 2192 βιοῦσι,
1056 2127 1157 2193 τῆς
1186 2124 1381 2191 κακίας
1402 2124 1679 2197 ἀναίρεσιν
1700 2140 1716 2157 ο
1748 2123 1839 2179 διά
1870 2139 1931 2176 τε

364 2210 457 2263 τὸν
490 2210 571 2265 ῐτι
597 2210 664 2264 δι’
696 2210 861 2265 αὑτοῦ
896 2212 1261 2283 γενησόμενον
1283 2212 1518 2284 παντελῆ
1550 2210 1645 2266 τοῦ
1675 2230 1735 2266 τε
1765 2210 1933 2267 θανά-

365 2319 458 2357 του
487 2302 699 2372 καὶτῆς
726 2300 931 2375 φθορᾶς
956 2303 1283 2373 ἀφανισμόν.
1316 2306 1418 2369 Είς
1442 2302 1699 2373 διδαχὴν
1731 2303 1788 2356 δὲ
1828 2305 1935 2358 ὁπ-

366 2393 514 2449 όταν
523 2393 968 2462 ἐνεπύρισετὴν
986 2394 1468 2463 Μεσοποταμίαν,
1485 2393 1582 2448 καὶ
1601 2394 1671 2464 (b)
1690 2394 1805 2461 τὴν
1822 2396 1936 2448 Συ·

362 2483 506 2553 ρίαν
540 2481 707 2539 Σωσᾶ
749 2481 871 2554 [Fr.
925 2482 1159 2554 Σωόάλ].
1194 2482 1284 2551 Et;
1340 2483 1560 2554 διδαχὴν
1603 2485 1766 2552 ἡμῖν,
1810 2486 1924 2547 τοῖς

371 2572 771 2643 ἀλλοιουμένοις
827 2572 921 2625 καὶ
970 2573 1511 2644 ἀλλοιωθησομένοις,
1557 2574 1802 2645 δηλονότι
1836 2574 1935 2643 τὴν

373 2661 661 2732 ιπαινετὴν
712 2662 829 2715 καὶ
863 2660 1013 2715 θείαν
1070 2661 1373 2727 ἀλλοίωσιν,
1425 2664 1451 2716 ὁ
1487 2661 1702 2732 ψαλμδς
1749 2662 1935 2729 ἐπιγέ-

370 2770 620 2825 γραπται
650 2754 801 2825 παρά
830 2753 923 2807 τοῦ
962 2753 1125 2807 Δαδὶδ
1150 2753 1244 2807 τοῦ
1273 2754 1465 2822 νοητοῦ
1500 2770 1515 2785 ·
1548 2753 1693 2821 λέγω
1712 2752 1767 2805 δὲ
1796 2753 1840 2805 Χ
1851 2770 1936 2823 ρι-

372 2844 501 2899 στοῦ
530 2844 623 2900 τοῦ
663 2844 821 2901 Θεοῦ.
852 2845 1030 2909 Μόνος
1067 2844 1176 2915 γὰρ
1210 2845 1373 2907 αὐτὸς
1407 2843 1660 2916 ἀληθινὸς
1686 2843 1937 2915 βασιλεὺς

371 2937 636 3009 ὑπάρχων
664 2936 759 2991 τοῦ
804 2936 1023 3008 Ἰσραὴλ
1048 2938 1145 2989 καὶ
1193 2936 1428 3003 ὁρῶντος
1457 2936 1610 2998 Θεὸν,
1641 2936 1716 2999 ὡς
1754 2935 1936 3004 πάσης

2022 500 2072 545 et
2099 495 2353 563 percussit
2380 493 2573 548 vallem
2604 494 2915 550 Salinarum
2948 494 3217 549 duodecim
3247 494 3417 550 millia
3444 497 3485 550 ί.

2091 671 2291 727 Psalmi
2320 671 2483 742 hujus
2507 671 2796 741 inscriptio
2819 678 2903 725 est
2931 688 2943 723 :
2974 670 3037 725 In
3060 670 3242 739 ﬁnem,
3278 671 3356 724 his
3378 670 3466 740 qui
3487 672 3559 724 im

2023 764 2389 829 mutabuntur;
2412 750 2533 817 tum
2562 772 2789 831 propter
2830 760 3071 815 futuram
3129 760 3185 815 in
3233 760 3339 815 ﬁne
3378 770 3593 831 tempo-

2023 869 2168 919 rum,
2191 869 2290 923 per
2320 852 2617 908 adventum
2635 851 2863 918 Christi,
2887 866 2954 905 ex
2980 850 3304 907 inﬁdelitate
3320 851 3387 907 ad
3406 850 3593 917 ﬁdem,

2023 958 2199 1014 exque
2224 943 2359 997 vitio
2388 942 2457 997 ad
2484 942 2765 1008 virtutem,
2789 957 2853 996 ac
2881 957 2949 995 ex
2976 941 3288 1011 ignorantia
3320 940 3389 995 ad
3414 941 3596 1001 scien-

2026 1035 2178 1101 tiam,
2208 1032 2376 1089 animi
2412 1032 2699 1105 proposito
2731 1048 2796 1088 ac
2820 1032 3124 1097 voluntate,
3159 1032 3443 1088 hominum
3476 1048 3597 1087 mu-

2027 1127 2323 1193 tationem;
2363 1134 2477 1181 tum
2526 1133 2754 1195 propter
2787 1123 3155 1179 exhibendam
3197 1132 3481 1193 postremo
3537 1124 3593 1177 in

2027 1217 2135 1272 ﬁne
2178 1216 2499 1271 saeculorum
2551 1229 2651 1285 per
2704 1213 2886 1284 ipsum
2944 1212 3285 1268 Salvatorem
3346 1221 3596 1267 nostrum

2026 1308 2221 1370 Deum,
2258 1306 2500 1361 universi
2530 1304 2749 1375 generis
2782 1304 3009 1359 humani
3042 1304 3357 1359 universam
3384 1288 3597 1373 in‘gra-

2028 1400 2105 1455 tia
2130 1399 2434 1454 naturalem
2471 1413 2503 1452 a
2535 1405 2711 1451 morte
2734 1396 3182 1466 etcorruptione,
3214 1394 3282 1449 ad
3305 1394 3471 1448 vitam
3494 1395 3565 1447 im
3596 1426 3599 1428 -

2028 1488 2312 1543 mortalem
2343 1501 2407 1542 ac
2457 1485 2953 1555 incorruptionem,
2993 1490 3306 1554 exspectata
3348 1498 3599 1539 resurre-

2028 1580 2245 1643 ctione,
2275 1576 2714 1633 immutationem
2756 1591 2822 1631 ac
2863 1575 3299 1630 renovationem.
3344 1574 3409 1629 In
3458 1572 3598 1628 tituli

2030 1679 2212 1725 autem
2237 1668 2631 1739 inscriptionem
2649 1668 2748 1737 ipsi
2761 1666 2961 1732 David,
2988 1665 3096 1720 hoc
3122 1676 3208 1721 est
3221 1665 3461 1729 Christo,
3486 1675 3598 1720 tum

2027 1770 2253 1832 propter
2286 1759 2482 1815 factam
2512 1758 2746 1828 pridem,
2779 1757 2965 1812 divina
2989 1758 3165 1828 ipsius
3197 1756 3597 1817 incarnatione,

2029 1850 2173 1906 tituli
2197 1850 2386 1913 instar,
2422 1848 2477 1903 in
2498 1849 2617 1917 ipso
2641 1847 2885 1917 quidem,
2912 1855 2974 1901 ut
3012 1846 3132 1916 ipso
3166 1846 3305 1909 duce
3330 1862 3393 1902 ac
3417 1847 3603 1901 Salva-

2029 1952 2168 2006 tore,
2194 1940 2264 1996 ab
2310 1956 2485 2011 eoque
2523 1940 2784 2009 deinceps
2816 1941 2874 1993 in
2915 1939 3004 1993 his
3037 1940 3133 2009 qui
3169 1954 3237 1994 ex
3283 1941 3403 2009 ejus
3457 1955 3600 2008 prae-

2028 2034 2235 2104 scripto
2260 2033 2348 2103 pie
2378 2032 2546 2086 vitam
2586 2031 2903 2095 instituunt,
2942 2029 3226 2099 pravitatis
3255 2044 3318 2084 ac
3343 2028 3603 2098 nequitite

2030 2125 2412 2191 eversionem;
2465 2133 2578 2178 tum
2638 2130 2864 2193 pr0pter
2916 2120 3161 2175 futuram
3216 2120 3431 2187 adhuc,
3485 2120 3605 2191 ipso

2031 2224 2348 2289 praestante,
2393 2216 2660 2284 integram
2697 2213 2893 2269 mortis
2921 2228 2987 2268 ac
3015 2212 3392 2282 corruptionis
3427 2212 3604 2266 aboli-

2032 2308 2259 2363 tionem.
2288 2306 2351 2361 In
2375 2307 2667 2360 doctrinam
2697 2313 2901 2369 autem,
2926 2320 3047 2358 cum
3081 2302 3349 2357 succendit
3368 2301 3605 2372 Mesopo-

2034 2401 2254 2454 tamiam
2302 2406 2353 2452 et
2392 2396 2605 2469 Syriam
2653 2394 2790 2451 Soba
2814 2411 2833 2449 :
2866 2396 2922 2449 in
2951 2393 3257 2449 doctrinam
3288 2393 3469 2457 nobis,
3508 2393 3604 2463 qui

2034 2493 2392 2547 immutamur
2411 2497 2467 2543 et
2496 2502 2687 2542 sumus
2712 2484 3042 2541 immutandi
3077 2483 3361 2557 (laudabili
3393 2483 3606 2539 scilicet

2035 2597 2099 2637 ac
2118 2581 2306 2635 divina
2350 2575 2750 2647 immutatione)
2778 2576 2847 2631 ab
2880 2576 3112 2646 spiritali
3139 2574 3343 2630 Davide
3367 2574 3602 2644 (Christo

2035 2673 2249 2727 scilicet
2291 2667 2424 2735 Deo)
2485 2667 2785 2736 inscriptus
2825 2674 2910 2721 est
2958 2666 3225 2736 psalmus.
3280 2663 3417 2719 Cum
3455 2662 3605 2718 enim

2037 2779 2184 2817 unus
2219 2762 2336 2832 ipse
2358 2775 2524 2814 verus
2546 2758 2764 2813 Israelis
2806 2773 2871 2812 ac
2900 2757 3072 2811 Deum
3103 2755 3344 2810 videntis
3381 2770 3477 2809 rex
3507 2769 3603 2809 ex—

2038 2856 2215 2919 sistat,
2253 2862 2509 2921 tanquam
2541 2850 2762 2904 malitia:
2789 2850 2967 2904 omnis
2990 2863 3054 2903 ac
3093 2847 3415 2918 ignorantia:
3443 2862 3605 2901 ever-

2038 2960 2148 3009 sor,
2183 2942 2471 3011 omnisque
2528 2942 2793 3008 temporis
2836 2953 2902 2992 ac
2933 2944 3145 2991 natura;
3174 2936 3373 3001 victor;
3402 2934 3607 3004 quibus

375 3028 669 3098 ἀναιρέτης
689 3028 887 3090 κακίας
918 3029 1011 3081 καὶ
1037 3028 1334 3097 ἀγνωσίας,
1361 3028 1456 3080 καὶ
1478 3029 1703 3097 νικητὴς
1734 3027 1936 3088 παντὸς

2041 3037 2279 3109 proclive
2312 3034 2473 3105 336
2493 3033 2550 3087 in
2567 3032 2728 3087 nobis
2747 3031 2943 3085 vitium
2966 3030 3317 3100 pravitasque
3343 3026 3609 3083 conﬂatur

372 3120 566 3190 χρόνου
615 3120 708 3172 καὶ
764 3119 998 3187 φύσεως,
1024 3119 1092 3172 δι’
1123 3111 1198 3173 ὧν
1219 3119 1277 3173 ὲν
1314 3119 1443 3189 ἡμῖν
1469 3120 1639 3173 κακία
1685 3118 1937 3172 συνίστα-

371 3209 497 3264 σθαι
545 3210 825 3277 πέφυκενο
862 3208 1149 3281 ἐνεπύρισε
1198 3208 1296 3280 τὴν
1342 3210 1786 3281 Μεσοποταμίαν,
1848 3209 1937 3286 διὰ

372 3301 577 3372 σαρκὸς
623 3302 757 3371 ἡμῖν
797 3300 1064 3372 ὁμιλήσας
1092 3317 1107 3331 ο
1140 3301 1405 3367 τουτέστι,
1433 3301 1532 3375 τὴν
1580 3301 1940 3373 ὲπικλυζομέ·

370 3410 471 3464 νην
517 3394 630 3456 τοῖς
660 3392 810 3463 παρά
863 3390 1024 3461 φύσιν
1049 3393 1247 3447 πάθεσι
1282 3392 1383 3462 τῆς
1442 3393 1642 3464 σαρκὸς
1678 3393 1791 3460 ἕξιν
1839 3394 1940 3463 τῆς

373 3486 589 3548 κακίας.
635 3484 745 3538 Kal
798 3482 912 3551 τὴν
939 3484 1164 3552 Συρίαν
1193 3470 1359 3539 Σαλσά
1388 3482 1571 3556 [etiam
1603 3484 1692 3540 Fr.
1732 3485 1890 3540 Σωύᾶ
1922 3502 1937 3517 ·

375 3586 425 3632 et
454 3575 738 3648 deinceps],
770 3575 1017 3629 τουτέστι
1061 3574 1163 3646 τὴν
1209 3575 1617 3647 δεδουλωμένην
1640 3576 1717 3647 τῷ
1742 3577 1938 3648 χρόνῳ,

374 3667 543 3738 ἤγουν
572 3664 935 3735 ὴπατημένην
963 3663 1041 3735 τῷ
1070 3665 1225 3718 αίῶνι
1255 3664 1430 3735 τούτῳ
1455 3665 1717 3720 διάθεσιν.
1764 3668 1941 3721 Ἑπτὰ

375 3760 485 3830 γὰρ
520 3760 555 3830 ἡ
591 3756 759 3813 Σωὸᾶ
786 3757 1149 3829 ἑρμηνεύεται
1182 3774 1197 3789 ⁶
1254 3758 1443 3827 σαφῶς
1488 3759 1544 3812 δὲ
1596 3760 1754 3813 τοῦτο
1795 3760 1946 3829 δηλοί

378 3852 479 3921 τὴν
512 3849 769 3921 χρονικὴν
814 3848 1077 3921 ίδιότητα.
1113 3848 1501 3919 Ἐὁδοματικὺς
1538 3851 1693 3922 γάρό
1730 3851 1941 3922 χρόνος.

377 3942 547 3995 Φύσιν
578 3942 689 4014 γὰρ
718 3943 812 3996 καὶ
862 3942 1055 4013 χρόνον
1086 3941 1277 3995 εἴωθεν
1306 3944 1334 3995 ὁ
1366 3942 1609 4007 διάϐολος
1675 3961 1947 3997 συνεπικι-

377 4034 491 4089 νεῖν
524 4034 703 4105 ἑαυτῷ
730 4036 871 4088 κατὰ
896 4035 997 4105 τῆς
1024 4034 1229 4105 ἀρετῆς
1255 4034 1349 4088 καὶ
1381 4036 1477 4104 τῆς
1516 4036 1788 4105 γνώσεως,
1819 4038 1946 4100 τοὺς

379 4129 607 4196 ἀφανεῖς
639 4126 970 4198 συμπλέκων
1016 4126 1309 4195 πολέμους,
1337 4128 1412 4190 ὼς
1457 4129 1557 4192 τὰς
1603 4129 1699 4181 δύο
1748 4129 1945 4201 Συρίας

382 4218 525 4271 κατά
580 4217 674 4270 τοῦ
720 4216 936 4270 Δαόὶδὸ
978 4216 1304 4288 Ἀδρααζάρ.
1355 4217 1662 4290 Ἀδρααζάρ
1709 4218 1818 4289 γὰρ
1868 4219 1949 4283 είς

377 4310 477 4382 τὴν
504 4309 725 4364 Ἑλλάδα
755 4309 938 4380 φωνὴν
957 4308 1453 4380 μεταφραζόμενος,
1508 4314 1861 4383 λύωνῑσχὺν
1875 4312 1943 4384 (c)

2037 3145 2102 3184 ac
2136 3126 2413 3191 inolescit;
2445 3124 2891 3195 Mesopotamiam
2913 3112 3222 3186 succendit,
3259 3135 3357 3191 per
3386 3135 3606 3174 carnem

2037 3219 2327 3273 nobiscum
2367 3224 2658 3278 versatus;
2689 3228 2886 3282 nempe
2929 3219 3271 3281 stagnantem
3300 3210 3611 3279 prolutum-

2039 3326 2145 3383 que
2176 3306 2580 3363 innaturalibus
2605 3303 2788 3358 carnis
2813 3301 3100 3357 aﬂ‘ectibus
3151 3308 3313 3368 atque
3340 3297 3488 3352 vitiis
3516 3297 3614 3349 ha-

2040 3402 2238 3457 bitum.
2266 3399 2336 3454 Et
2372 3397 2585 3469 Syriam
2614 3393 2792 3460 Soba;
2826 3393 3063 3463 tempori
3089 3392 3303 3447 scilicet
3329 3389 3611 3459 mancipa—

2042 3504 2172 3557 tam,
2199 3492 2252 3546 id
2273 3498 2378 3556 est,
2416 3487 2601 3544 satculi
2642 3487 2806 3557 hujus
2831 3499 3019 3540 errore
3052 3482 3295 3537 delusam
3325 3481 3491 3535 animi
3527 3479 3611 3533 af-

2042 3585 2357 3641 fectionem.
2390 3581 2525 3635 Saba
2559 3579 2729 3643 enim,
2756 3577 2802 3631 si
2826 3591 3027 3630 nomen
3076 3571 3481 3641 interpreteris,
3518 3568 3611 3624 Se-

1982 3731 1989 3739 ,
2044 3683 2185 3747 ptem
2212 3672 2482 3744 signiﬁcat
2504 3669 2659 3742 [imo,
2691 3666 2899 3737 Syriam
2923 3664 3077 3735 quasi
3110 3659 3438 3731 militarem],
3467 3659 3613 3729 quod

2047 3766 2103 3821 in
2161 3762 2423 3833 temporis
2472 3760 2649 3830 palam
2712 3756 3101 3827 proprietatem
3150 3761 3327 3808 sonat.
3377 3751 3616 3818 Tempus

2047 3856 2194 3913 enim
2212 3851 2523 3924 septenario
2547 3849 2803 3903 vertitur.
2832 3846 2981 3899 Solet
2999 3844 3146 3898 enim
3182 3842 3453 3904 diabolus,
3486 3841 3615 3893 dum

2046 3945 2308 4001 adversus
2368 3940 2629 3994 virtutem
2672 3952 2735 3990 ac
2768 3932 3053 3990 scientiam
3092 3931 3387 3986 invisibilia
3425 3930 3615 3999 proelia

2049 4032 2448 4089 commissurus
2479 4038 2586 4092 est,
2635 4042 2743 4081 una
2786 4038 2972 4079 secum
3004 4030 3258 4076 naturam
3293 4030 3618 4088 tempusque

2050 4139 2296 4189 movere,
2324 4121 2471 4175 baud
2501 4136 2660 4176 secus
2682 4134 2746 4172 ac
2783 4117 3059 4171 Adraazar
3085 4112 3276 4167 ambas
3304 4112 3489 4181 Syrias
3520 4112 3618 4163 ad-

2049 4232 2245 4274 versus
2285 4213 2545 4270 Davidem
2568 4214 2610 4265 ¹.
2646 4210 2922 4264 Adraazar
2976 4205 3148 4269 enim,
3195 4204 3241 4258 si
3294 4204 3348 4256 in
3377 4202 3618 4271 linguam

2051 4317 2297 4366 nostram
2322 4314 2509 4361 vertas
2553 4318 2618 4358 ac
2642 4298 3047 4372 interpreteris,
3082 4294 3366 4349 dissolvens
3408 4294 3619 4364 fortitu-

452 4468 470 4498 ¹
502 4467 546 4522 ll
579 4469 712 4540 Reg.
740 4484 853 4534 vm,
885 4468 946 4533 l;
985 4483 1036 4533 x,
1067 4468 1128 4534 7;
1161 4467 1182 4521 Ι
1212 4466 1386 4522 Paral.
1420 4483 1567 4535 xvm,
1601 4469 1651 4522 l.
1700 4471 1721 4501 '
1742 4468 1908 4540 lReg.
1942 4485 1998 4536 x,
2026 4469 2113 4523 19.

455 4624 531 4695 (a)
558 4626 682 4695 ῨΕίς
732 4625 1211 4693 στηλογιραφίαν.
1246 4624 1489 4695 Assumit
1516 4623 1781 4695 Maximus
1812 4639 1943 4695 pro-

384 4694 511 4752 clivi
538 4694 850 4749 Grazcorum
883 4710 1008 4759 usu,
1043 4704 1102 4748 ut
1125 4694 1280 4763 quasi
1310 4708 1376 4747 ex
1406 4694 1566 4748 titulo
1589 4694 1948 4763 proscriptio-

383 4780 511 4820 nem
548 4764 847 4834 signiﬁeet,
900 4779 997 4819 seu
1039 4764 1445 4834 damnationem
1476 4764 1693 4834 (nempe
1728 4764 1949 4818 malitiae

384 4781 511 4820 nem
548 4781 594 4819 sn
673 4781 847 4827 meet,
900 4781 997 4819 seu
1039 4781 1445 4818 damnationem
1476 4781 1693 4834 rnempe
1728 4781 1949 4818 manus:

384 4781 668 4904 vitiiquegn
692 4834 889 4889 factam
928 4834 1108 4903 primo
1158 4834 1215 4904 in
1261 4832 1705 4904 Christo,rexque
1734 4833 1847 4904 illo,
1885 4847 1951 4904 ac

386 4920 486 4974 per
513 4902 666 4959 illum
706 4904 761 4958 in
801 4902 1023 4974 sanctis.
1043 4903 1252 4974 Potius
1279 4912 1458 4958 tamen
1510 4902 1631 4972 (hic
1654 4902 1949 4974 praecipue)

387 4972 607 5029 titulum
635 4974 881 5029 victoria:
922 4972 1129 5028 Christi
1164 4972 1418 5027 videatur
1461 4972 1676 5027 sonare.
1709 4973 1953 5026 Hahetur

386 5044 579 5099 eadem
604 5059 709 5100 vox
754 5044 897 5099 Psal.
919 5059 1009 5106 xv,
1042 5058 1127 5106 LV,
1161 5058 1263 5105 va,
1311 5058 1452 5107 LVIII,
1485 5042 1577 5097 ubi
1606 5044 1654 5093 οί
1688 5040 1831 5095 LXX
1870 5041 1952 5095 sic

389 5114 704 5178 reddentes,
736 5113 885 5168 aliud
935 5111 1198 5166 videntur
1229 5112 1423 5181 legisse
1463 5126 1626 5183 quam
1656 5111 1826 5183 modo
1845 5109 1951 5166 He-

390 5184 534 5239 braca
578 5184 857 5239 habeant:
888 5196 1086 5251 nempe
1120 5180 1303 5245 anan,
1335 5197 1446 5235 non
1482 5180 1552 5235 'ut
1573 5181 1683 5251 jam
1725 5180 1956 5251 legimus

389 5264 580 5317 unm,
609 5253 756 5323 quod
789 5250 1183 5323 Arabicaivoce
1223 5267 1333 5323 rem
1348 5250 1720 5323 absconditam
1752 5250 1959 5323 signiti-

391 5332 497 5387 cat,
528 5324 584 5378 id
618 5318 722 5387 est,
747 5330 958 5376 servata
989 5322 1224 5391 dignam.
1255 5320 1359 5374 nisi
1390 5323 1555 5375 etiam
1586 5318 1958 5391 sicreddendo

392 5392 644 5448 servandi
668 5392 889 5447 modum
911 5389 1183 5460 explicare
1197 5391 1508 5456 voluerunt,
1528 5400 1587 5445 ut
1609 5389 1821 5460 scilicet
1839 5403 1959 5457 per-

392 5462 519 5515 enni
581 5463 740 5518 titulo
787 5462 855 5516 ad
894 5458 1213 5515 memoriam
1263 5470 1531 5523 servetur,
1586 5458 1825 5514 acvelut
1861 5472 1957 5512 co-

395 5531 597 5601 lumnae
626 5532 970 5601 inscriptum.
1011 5529 1102 5584 Sic
1124 5544 1274 5601 saepe
1312 5529 1412 5593 illi,
1438 5529 1600 5601 paulo
1644 5528 1805 5601 aliter
1835 5527 1959 5581 red-

397 5599 598 5667 dendo,
631 5616 740 5655 non
773 5598 907 5655 alias
934 5614 1096 5669 voces
1124 5599 1406 5669 legerunt,
1446 5598 1540 5669 sed
1568 5606 1629 5653 ut
1658 5598 1955 5669 easnipsas,

402 5685 535 5737 quas
560 5670 811 5744 legimus,
843 5667 1338 5727 clarioribus'aliis
1378 5668 1689 5735 redderent,
1729 5667 1835 5723 sibi
1869 5667 1954 5721 in-

2050 4621 2355 4676 dulserunt.
2373 4618 2605 4685 Quidam
2635 4616 3060 4685 instrumentum
3089 4609 3357 4685 musicum
3387 4606 3575 4660 volunt
3603 4624 3616 4659 :

2055 4692 2146 4745 alii
2181 4679 2692 4759 insigne'militare;
2723 4699 2848 4759 cum
2884 4683 3004 4759 ejus
3040 4680 3195 4759 radix
3328 4688 3465 4740 om,
3501 4693 3621 4759 qua:

2054 4778 2174 4816 auri
2227 4747 2411 4829 Optimi
2466 4747 2700 4829 massam
2759 4747 3046 4829 significat.
3101 4750 3293 4829 Chald.
3333 4747 3623 4829 exemplar,

2054 4830 2201 4900 quod
2225 4820 2403 4899 ipsum
2426 4843 2457 4881 a
2474 4828 2619 4900 tituli
2646 4820 3002 4900 inscriptione
3013 4835 3136 4900 _non_
3154 4820 3310 4900 valde
3331 4826 3621 4900 remotum,

2055 4888 2313 4971 adjuncta
2340 4897 2641 4969 praesertim
2670 4888 2931 4955 νοεεέἰς
2958 4890 3198 4959 διδαχὴν,
3240 4890 3295 4942 in
3340 4888 3624 4939 documen-

2057 4980 2187 5024 tum.

2130 5023 2202 5109 (b)
2260 5038 2379 5103 Τὴν
2416 5036 2639 5109 Συρίαν
2694 5029 2882 5109 ξωϐᾶ.
2914 5029 3008 5109 Sic
3045 5026 3310 5109 eme‘nqo,‘
3348 5023 3517 5109 quod.
3548 5024 3625 5109 ita

2059 5093 2423 5179 sequentibus
2444 5093 2671 5179 codices
2701 5101 2991 5179 habeant;
3008 5112 3117 5179 non
3146 5093 3545 5179 Eo6a}.‘quod‘
3564 5095 3628 5147 li-

2058 5163 2190 5247 quct
2209 5163 2336 5233 non
2365 5175 2669 5231 reddidisse
2696 5163 2819 5247 τοὺς
2854 5167 3017 5247 liii},
3056 5174 3115 5219 ut
3138 5181 3240 5247 nec
3262 5163 3511 5247 ﬁebr'aea
3532 5163 3625 5216 ha-

2061 5232 2213 5314 bent,
2241 5232 2337 5303 sed
2376 5247 2616 5314 idipsum
2654 5239 2810 5314 Aquod
2853 5239 2897 5292 ll
2926 5239 3058 5314 Reg.
3099 5244 3155 5288 et
3191 5235 3212 5289 l
3262 5232 3627 5314 P_ar._l]bique

2059 5301 2386 5380 έιὶίιῆτῇπιτ,
2427 5301 2551 5370 οἱιιη
2579 5301 2740 5367 δοιίειι
2766 5310 2926 5377 longe
2965 5301 3076 5380 alia
3107 5304 3335 5380 νοις-εἰ),
3369 5301 3627 5380 aliudque

2062 5371 2358 5456 significa,
2372 5371 2535 5456 atque
2567 5382 2690 5435 aliis
2720 5371 3164 5456 prorsuslitteris
3198 5371 3625 5456 Hebraic‘escr‘i-

2062 5438 2467 5527 B‘a‘iﬁﬁ'ﬁeiﬁpé
2490 5438 2656 5514 53w,
2702 5438 2781 5527 uti
2815 5456 2872 5527 et
2901 5462 3008 5515 qua
3047 5439 3624 5527 septem-signiﬁcant,

2060 5535 2207 5589 γεω,
2232 5512 2567 5593 ’ωἰιθιιὶηίιιιε
2598 5512 3188 5593 venissem—mentem
3223 5512 3473 5591 Maximo,
3514 5512 3628 5565 sive

2062 5579 2263 5664 ὃίἲίυῑ
2308 5595 2385 5649 illi
2419 5579 2802 5664 au'ctor_ety_mi
2824 5585 2947 5649 fuit,
2975 5593 3045 5664 ut
3073 5582 3435 5664 Sobaseptem
3461 5579 3628 5664 inter-

2063 5653 2409 5735 pretaretur;
2444 5678 2567 5718 cum
2592 5661 2663 5716 sit
2684 5653 2828 5713 clare
2858 5655 3132 5721 exercitus,
3162 5653 3417 5716 militans,
3450 5658 3559 5704 etc.
