3932 6326
400 197 506 261 863

1559 191 1619 248 S.
1658 185 1945 247 ΜΛΧΙΜΙ
1983 183 2003 242 (

2114 181 2489 244 lFESSt)RlS
3556 172 3628 233 85
3643 170 3666 230 ί

402 318 587 367 arcus,
645 301 852 372 absque
907 299 1064 366 facie,
1094 315 1199 357 nec
1232 299 1406 355 ullum
1429 298 1572 354 forte
1596 297 1858 352 damnum
1905 295 1976 350 iis

2114 312 2228 347 mou
2261 295 2416 360 τόξου
2450 295 2612 364 φησὶν
2647 295 2676 347 6
2709 292 2880 361 Λόγος
2911 289 3205 361 φεύξεσθαι
3232 289 3362 349 τοὺς
3390 286 3668 356 φοϐουμὲ-

404 393 673 451 attulerit.

481 682 544 738 Ut
588 679 870 735 liberentur
916 678 1096 734 dilecti
1149 677 1260 732 Dei.
1299 677 1493 732 Dilecti
1535 677 1632 731 Dei
1679 684 1830 740 sunt,
1861 693 1982 746 qua:

401 788 505 843 per
533 771 1047 840 contemplationem
1075 770 1316 824 divinam
1359 769 1645 823 scientiam
1675 769 1981 834 continent,

405 865 687 918 rationes:
716 877 854 931 quas
880 861 1138 926 liberant,
1165 862 1258 930 qui
1292 877 1391 931 per
1423 861 1697 916 actionem
1740 859 1984 914 conflan-

414 963 507 1006 tur
543 953 814 1006 virtutum
868 952 1038 1016 modi,
1081 953 1150 1006 ab
1205 953 1354 1006 omni
1396 967 1606 1015 errore,
1662 952 1987 1021 cunctisque

410 1042 600 1096 animo
647 1041 1088 1098 obtundentibus
1138 1058 1236 1112 per
1269 1051 1591 1111 occupatam
1646 1042 1986 1111 opinionem,

407 1133 688 1188 memoria:
723 1149 870 1203 penu
901 1133 1159 1202 repositis
1188 1134 1398 1203 peccati
1429 1133 1740 1188 simulacris
1772 1149 1836 1187 ac
1873 1133 1988 1188 for-

411 1224 544 1280 mis.

481 1336 646 1408 339
697 1336 861 1391 Vens.
889 1336 941 1391 8.
968 1335 1188 1391 Salvum
1215 1339 1298 1400 (ac
1326 1337 1546 1390 dextera
1580 1346 1694 1399 tua,
1715 1346 1762 1390 et
1794 1337 1988 1390 exaudi

411 1444 513 1482 me.
547 1428 683 1482 Deus
715 1427 918 1482 locutus
953 1435 1029 1481 est
1066 1430 1124 1482 in
1151 1427 1346 1482 Sancto
1388 1445 1482 1482 suo
1520 1445 1538 1482 :
1585 1427 1880 1482 Exsullabo
1940 1434 1990 1479 et

413 1518 653 1586 partilmr
701 1514 1033 1582 Sic/rimam,
1085 1527 1134 1571 et
1172 1516 1468 1571 convallem
1517 1515 1996 1571 Tabernaculorum

415 1607 686 1661 dimetiar.

493 1719 678 1774 Salvat
702 1721 846 1774 Deus
866 1719 1088 1774 dextera
1151 1735 1270 1783 sua,
1305 1719 1484 1774 dando
1510 1722 1852 1792 unigenitum
1903 1722 1994 1777 Fi-

417 1810 553 1864 lium
588 1826 748 1866 suum
781 1811 888 1881 (est
909 1811 1055 1865 enim
1082 1811 1252 1864 Filius
1283 1811 1461 1866 Patris
1487 1811 1732 1884 dextera)
1777 1813 1994 1868 redem-

419 1903 665 1972 ptionem
696 1916 798 1971 pro
852 1902 1045 1955 mundi
1101 1903 1298 1956 salute.
1355 1902 1590 1958 Exaudit
1629 1919 1761 1958 vero
1817 1903 1998 1958 dando

416 1995 591 2065 justo,
624 2001 822 2062 praeter
842 1993 1226 2048 remissionem
1257 2003 1628 2063 peccatorum,
1663 1995 1831 2050 etiam
1883 1996 1997 2064 spi-

425 2085 609 2139 ritalia
638 2083 800 2138 dona.
821 2083 956 2138 Nam
986 2084 1140 2138 audit
1172 2085 1317 2139 Deus
1338 2101 1500 2139 suum
1527 2087 1850 2156 supplicem,
1885 2089 2001 2157 pri-

424 2189 574 2230 mum
596 2189 695 2244 per
729 2172 1110 2242 ptenitentiam
1164 2171 1456 2227 tribuendo
1486 2174 1702 2228 veniam
1745 2183 1999 2243 peccato-

427 2280 586 2331 rum;
617 2262 842 2318 exaudit
867 2277 1001 2316 vero
1045 2276 1112 2316 ac
1161 2262 1318 2331 quasi
1352 2264 1626 2316 cumulate
1668 2263 1842 2326 audit,
1872 2263 2001 2317 dum

427 2370 629 2430 praeter
659 2361 1038 2416 remissionem
1069 2369 1443 2430 peccatorum,
1489 2360 1655 2416 etiam
1699 2361 1910 2416 afllatus
1939 2377 2004 2416 ac

429 2453 574 2506 dona
608 2468 706 2522 per
731 2453 963 2524 gratiam
1019 2451 1324 2521 spiritalem
1384 2451 1657 2507 concedit.
1706 2453 1767 2506 ln
1804 2451 2003 2507 Sancto

431 2553 615 2598 autem
638 2558 739 2598 suo
770 2542 1040 2612 loquitur,
1067 2541 1175 2597 hoc
1211 2549 1314 2607 est,
1371 2542 1429 2596 in
1460 2541 1652 2596 'Verbo
1683 2557 1784 2597 suo
1822 2542 2005 2596 incar-

431 2644 600 2700 nato,
659 2634 909 2690 divinum
958 2649 1119 2690 suum
1179 2635 1471 2689 consilium
1523 2650 1588 2690 ac
1640 2636 2001 2704 propositum,

433 2727 580 2796 quod
607 2741 638 2780 a
673 2726 890 2781 saeculis
921 2739 986 2779 ac
1008 2725 1460 2795 generationibus
1489 2725 1670 2780 fuerat
1717 2725 2007 2782 abscondi-

439 2828 582 2882 tum;
617 2831 716 2886 per
733 2815 938 2870 Christi
962 2817 1224 2872 nimirum
1250 2817 1306 2871 in
1325 2833 1490 2872 carne
1515 2817 2002 2887 dispensationem,

433 2908 555 2978 ejus
608 2908 847 2962 humana
907 2909 1197 2965 nobiscum
1249 2909 1663 2964 conversatione
1693 2949 1708 2974 ,
1769 2909 2005 2979 quodam

2082 404 2204 448 νους
2229 388 2320 441 τὸν
2359 390 2583 458 Κύριον,
2620 386 2735 439 ἀλλ’
2765 385 2865 438 οὐκ
2910 384 3018 437 ἀπὸ
3066 381 3246 448 τόξου·
3275 381 3350 432 Τδ
3381 379 3493 449 γὰρ
3515 378 3669 443 τόξον

2082 480 2181 550 τῆς
2211 481 2499 550 ἁμαρτίας,
2533 480 2661 533 ἄνευ
2689 477 2980 548 προσώπου
3009 475 3193 544 τυχὸν,
3217 473 3338 526 οὐδὲ
3368 489 3422 524 τι
3446 471 3667 540 δράσειε

2084 572 2225 625 κατά
2246 572 2354 624 τῶν
2385 571 2549 638 φοϐου
2559 570 2737 640 μένων
2760 571 2848 621 τὸν
2880 566 3106 638 Κύριον.

2171 681 2294 750 Ἐφ’
2321 675 2369 748 ᾧ
2393 679 2696 748 ρυσθῆναι
2755 677 2898 744 τοὺς
2951 677 3302 746 ἀγαπητοὺς
3348 675 3456 729 τοῦ
3496 675 3668 727 Θεοῦ.

2100 772 2397 841 Ἀγαπητοὶ
2416 771 2472 823 δὲ
2506 769 2640 822 Θεοῦ
2667 776 2822 831 εἰσιν,
2844 770 2892 821 οἱ
2922 769 3064 821 κατὰ
3097 767 3326 838 θεωρίαν
3359 767 3672 819 συνεκτικοὶ

2089 865 2182 934 τῆς
2227 863 2379 927 θείας
2425 862 2679 932 γνώσεως
2709 862 2960 932 λογισμοί
2985 879 2999 893 ο
3032 861 3128 924 οὓς
3171 861 3415 932 ῥύονται,
3442 863 3492 914 οἱ
3529 860 3672 913 κατὰ

2090 954 2189 1022 τὴν
2243 952 2551 1023 πρακτικὴν
2611 952 2994 1021 συνιστάμενοι
3028 951 3217 1021 τρόποι
3266 950 3377 1002 τῶν
3431 949 3669 1021 ἀρετῶν,

2092 1047 2199 1100 ἀπὸ
2257 1047 2438 1114 πάσης
2502 1045 2712 1116 πλάνης
2773 1044 2867 1097 καὶ
2929 1043 3118 1096 πασῶν
3165 1043 3274 1096 τῶν
3329 1042 3666 1111 διοχλουσῶν

2093 1135 2336 1207 meum
2373 1136 2516 1188 κατά
2548 1133 2819 1207 πρόληψιν
2866 1132 2967 1203 τῆς
3016 1134 3294 1204 ἁμαρτίας
3327 1131 3452 1204 [Ἐν.
3488 1134 3674 1204 ἁμαρ-

2091 1229 2242 1301 τιῶν]
2279 1247 2383 1299 μνη
2393 1229 2529 1300 μῶν.

2165 1345 2374 1398 Σῶσον
2414 1342 2490 1411 τῇ
2522 1341 2692 1409 δεξιᾷ
2723 1357 2839 1396 σου
2863 1382 2879 1407 ,
2909 1340 3008 1395 καὶ
3039 1339 3392 1394 ἐπάκουσόν
3425 1354 3571 1406 μου.
3611 1337 3675 1389 '0

2097 1437 2239 1503 Θεὸς
2266 1435 2571 1500 ἐλάλησεν
2595 1436 2662 1488 ἐν
2693 1433 2775 1498 τῷ
2811 1433 2977 1503 ’Λγίῳ
2995 1433 3181 1488 αὑτοῦ
3213 1449 3227 1462 ·
3262 1429 3667 1500 Ἀταλλιὰσο-

2091 1539 2198 1592 μαι
2253 1524 2348 1576 καὶ
2386 1520 2661 1591 διαμεριῶ
2701 1521 2952 1590 Σίκτιμα,
2979 1521 3076 1574 καί
3114 1520 3230 1589 τὴν
3268 1518 3524 1574 κοιλάδα
3559 1518 3678 1572 τῶν

2019 1641 2062 1700 Β
2098 1612 2349 1680 Σκηνῶν
2374 1611 2765 1682 διαμετρήσω.

2171 1718 2339 1784 Σώζει
2367 1723 2394 1773 6
2419 1720 2547 1784 Θεὸς
2577 1724 2643 1790 τῇ
2674 1720 2826 1791 δεξιᾷ
2859 1718 3056 1786 αὐτοῦ,
3075 1719 3252 1782 διδοὺς
3277 1719 3368 1771 τὸν
3402 1719 3672 1789 μονογενῆ

2101 1811 2267 1866 αὐτοῦ
2322 1811 2449 1864 Υίόν
2473 1827 2486 1840 ·
2523 1811 2674 1876 δεξιὰ
2697 1811 2804 1882 γὰρ
2848 1810 2942 1864 τοῦ
2973 1810 3185 1881 Πατρὸς
3209 1811 3238 1862 ὁ
3268 1811 3394 1872 Υἱός
3427 1826 3442 1838 ο
3474 1810 3676 1878 λύτρον

2103 1905 2242 1975 ὑπὲρ
2262 1903 2362 1973 τῆς
2413 1903 2507 1956 τοῦ
2549 1903 2756 1972 κόσμου
2806 1902 3102 1972 σωτηρίας.
3158 1902 3457 1956 Ἐπακούει
3484 1902 3564 1965 δὲ,
3595 1903 3674 1954 δι-

2101 1996 2224 2059 δοὺς
2252 1996 2330 2066 τῷ
2361 1994 2574 2064 δικαίῳ,
2599 1995 2736 2065 πρὸς
2760 1997 2828 2064 τῇ
2868 1994 3059 2062 ἀφέσει
3079 1993 3187 2046 τῶν
3229 1993 3674 2063 ἁμαρτημάτων,

2103 2085 2200 2137 καὶ
2255 2083 2603 2154 πνευματικά
2661 2084 2995 2154 χαρίσματα.
3041 2081 3254 2134 ’Δκούει
3306 2083 3405 2152 μὲν
3447 2084 3560 2150 γὰρ
3583 2083 3674 2135 τοῦ

2107 2177 2440 2239 ἱκετεύοντος
2497 2175 2660 2229 αὑτὸν
2706 2177 2736 2229 6
2781 2175 2934 2241 Θεὸς,
2963 2175 3178 2244 πρῶτον
3224 2174 3310 2227 διὰ
3364 2174 3468 2241 τῆς
3507 2191 3675 2243 μεταο

2106 2267 2253 2328 νοίας
2277 2265 2468 2334 ἄφεσιν
2493 2265 2668 2326 διδοὺς
2691 2264 3123 2336 ἁμαρτημάτων,
3155 2265 3416 2317 ἐπακούει
3440 2264 3521 2326 δὲ,
3544 2264 3676 2333 πρὺς

2105 2360 2174 2428 τῇ
2204 2357 2398 2426 ἀφέσει
2440 2357 2546 2411 τῶν
2591 2356 3026 2428 ἁμαρτημάτων,
3048 2358 3144 2409 καὶ
3185 2357 3256 2408 τὰ
3307 2355 3400 2407 διὰ
3455 2355 3678 2424 χάριτος

2107 2449 2479 2519 πνευματικῆς
2528 2448 2703 2511 διδοὺς
2760 2447 3130 2517 ἐνεργήματα.
3161 2446 3329 2500 Λαλεί
3379 2445 3440 2498 δὲ
3504 2448 3562 2498 ἐν
3600 2445 3676 2514 τῷ

2119 2541 2285 2611 Ἀγίῳ
2331 2539 2495 2595 αὑτοῦ
2521 2555 2534 2568 ·
2568 2540 2862 2604 τουτέστιν,
2898 2541 2958 2592 ὲν
2982 2537 3061 2608 τῷ
3113 2538 3449 2608 σαρκωθὲντι
3506 2536 3673 2590 αὑτοῦ

2107 2633 2270 2704 λόγῳ,
2302 2633 2393 2686 τὸν
2446 2632 2587 2686 θεῖον
2629 2629 2794 2685 αὐτοῦ
2839 2629 3039 2683 σκοπὸν
3059 2629 3149 2682 τὸν
3179 2630 3677 2699 ἀποκεκρυμμένον

2109 2724 2217 2778 ἀπὸ
2245 2723 2353 2776 τῶν
2378 2721 2589 2775 αἰώνων
2613 2722 2708 2774 καὶ
2736 2720 2844 2774 ἀπὸ
2873 2719 2980 2772 τῶν
3010 2719 3231 2787 γενεῶν,
3258 2718 3401 2772 κατὰ
3449 2719 3552 2788 τὴν
3593 2720 3677 2771 ἐν·

2112 2830 2314 2885 σαρκον
2347 2813 2512 2866 αὑτοῦ
2535 2811 2626 2864 τοῦ
2649 2811 2885 2882 Χριστοῦ
2918 2813 3249 2880 οἰκονομίαν.
3294 2811 3395 2863 Διὰ
3422 2811 3526 2880 τῆς
3559 2810 3678 2863 καθ’

2111 2905 2261 2975 ἡμᾶς
2321 2902 2823 2972 ἀνθρωποπρεποῦς
2885 2903 3048 2956 αὐτοῦ
3095 2903 3464 2973 ἀναστροφῆς,
3518 2904 3682 2955 οἱονεὶ

437 2996 603 3050 modo
628 2996 834 3052 diserte
864 2997 1127 3064 clamans,
1155 2999 1472 3067 mundoque
1511 2998 1580 3053 ad
1606 3006 1826 3054 aeternae.
1882 2999 2003 3054 vitae

2114 2997 2404 3076 διαρρήδην
2436 2995 2595 3066 βοῶν,
2627 2995 2720 3048 καὶ
2744 2994 2821 3065 τῷ
2863 2994 2964 3065 βίῳ
2997 2994 3173 3057 διδοὺς
3215 2996 3294 3056 εἰς
3327 2993 3681 3047 ὑποτύπωσιν

437 3085 910 3154 informationem,
946 3090 1098 3143 omni
1121 3104 1255 3144 voce
1278 3090 1483 3145 clarius
1515 3091 1882 3154 insonantem,
1908 3090 2010 3146 bo-

436 3194 635 3233 norum
683 3195 911 3249 operum
971 3180 1370 3236 exbibitionem
1417 3182 1689 3251 praebens.
1743 3182 2013 3252 Loquitur

436 3284 572 3323 vero
593 3269 757 3323 etiam
787 3271 845 3325 in
869 3270 1066 3340 quovis
1093 3279 1308 3337 sancto,
1337 3273 1456 3343 ejus
1475 3280 1728 3328 servante
1756 3273 2010 3328 mandata

438 3359 596 3430 quasi
629 3360 878 3416 viventes
909 3377 1008 3431 per
1038 3376 1208 3433 Opera
1235 3377 1538 3430 sermones,
1572 3363 1833 3435 omnique
1875 3380 2012 3422 voce

437 3451 746 3508 vocaliores
767 3460 1074 3508 ostentans.

509 3565 759 3620 Exsultat
783 3574 965 3621 autem
997 3566 1343 3638 tuncjustus,
1375 3582 1501 3623 cum
1531 3567 1811 3639 Unigeniti
1838 3570 2012 3641 gratia

437 3655 724 3726 perfectus
751 3672 817 3712 ac
847 3665 1280 3722 consummatus,
1339 3658 1569 3714 idoneus
1600 3657 1780 3715 factus
1823 3659 2009 3725 fuerit,

440 3751 503 3796 ut
527 3742 739 3798 dividat
786 3744 1062 3812 Sichima;
1098 3761 1296 3816 nempe
1332 3755 1394 3802 ut
1425 3762 1524 3817 pro
1557 3750 1822 3819 cujusque
1851 3759 2011 3819 captu

441 3849 507 3890 ac
529 3835 742 3890 ratione
797 3852 862 3890 ex
917 3836 1078 3892 docta
1133 3839 1491 3908 experientia,
1530 3841 1798 3895 virtutum
1827 3843 2015 3898 viriles

441 3925 657 3992 modos,
681 3926 913 3983 colendo
935 3928 1232 3994 actionem,
1266 3931 1494 4000 reliquis
1523 3931 1858 3988 documento
1897 3941 2012 3988 tra-

441 4016 556 4072 dat.
579 4017 679 4071 Est
707 4018 853 4072 enim
888 4017 1149 4084 Sichima,
1183 4020 1230 4075 si
1258 4036 1460 4076 nomen
1485 4022 1883 4091 interpreteris,
1911 4025 2013 4077 Itu-

441 4126 708 4170 merorum
750 4108 1012 4177 latitudo;
1041 4112 1310 4183 ejusmodi
1364 4114 1575 4169 scilicet
1629 4115 1870 4180 habitus,
1917 4118 2014 4186 qui

441 4205 497 4252 et
507 4213 699 4253 omnes
727 4199 1169 4268 perturbationes
1185 4203 1425 4272 vitiaque
1441 4211 1713 4268 coerceat,
1735 4204 2013 4259 omnium-

2115 3088 2340 3144 αἰωνίου
2376 3087 2544 3159 ζωῆς,
2589 3087 2774 3140 εἰκόνα
2817 3086 3000 3154 πάσης
3053 3087 3429 3156 γεγωνοτέραν
3475 3087 3679 3154 φωνῆς,

2110 3180 2210 3252 τὴν
2263 3180 2372 3235 τῶν
2426 3179 2646 3248 ἀγαθῶν
2692 3178 2868 3250 ἔργων
2910 3177 3186 3244 ἐπίδειξιν.
3223 3179 3391 3231 Λαλεῖ
3415 3177 3473 3231 δὲ
3503 3179 3594 3230 καὶ
3626 3180 3682 3228 ἑν

2111 3273 2327 3344 ἑκάστῳ
2369 3272 2508 3342 ἁγίῳ
2567 3271 2890 3340 φυλάττοντι
2943 3269 3107 3323 αὑτοῦ
3141 3270 3238 3332 τάς
3275 3269 3498 3332 ἐντολάς
3526 3285 3538 3296 ·
3572 3264 3683 3320 οἷον

2111 3365 2320 3430 ζῶντας
2346 3365 2558 3428 δεικνὺς
2586 3363 2676 3418 διὰ
2699 3363 2809 3418 τῶν
2837 3363 3015 3434 ἔργων
3048 3363 3172 3426 τοὺς
3200 3360 3394 3428 λόγους
3413 3400 3429 3425 ,
3455 3363 3552 3414 καὶ
3581 3361 3682 3413 πά-

2113 3472 2214 3526 σης
2238 3453 2422 3524 φωνῆς
2454 3453 2716 3522 γεγωνοτέ
2725 3469 2869 3524 ρους.

2192 3567 2538 3637 Ἀγαλλιᾶται
2573 3566 2631 3619 δὲ
2658 3570 2686 3620 ὁ
2706 3567 2936 3629 δίκαιος,
2969 3566 3130 3637 ἡνίκα
3155 3564 3462 3627 τελειωθεὶς
3490 3567 3560 3634 τῇ
3580 3563 3678 3632 χάο

2117 3676 2224 3730 ριτι
2255 3659 2350 3712 τοῦ
2373 3657 2733 3726 Μονογενοῢς,
2764 3649 2948 3720 ἱκανὸς
2972 3657 3198 3726 γένηται
3228 3655 3546 3725 διαμερίσαι
3586 3655 3681 3723 τὴν

2112 3751 2329 3820 Σίκημα
2361 3766 2376 3782 ο
2422 3749 2721 3815 τουτέστιν,
2752 3748 2930 3810 ἄλλοις
2955 3748 3229 3816 ἀναλόγως
3250 3749 3314 3800 ὲκ
3336 3748 3536 3816 πείρκ
3563 3748 3679 3798 ἑπι-

2114 3840 2378 3908 στήμονος
2413 3837 2731 3899 ὑποθέσθαι,
2763 3837 2891 3900 τοὺς
2937 3835 3079 3888 κατά
3117 3837 3214 3905 τὴν
3240 3834 3555 3904 πρακτικὴν
3587 3836 3680 3887 ἀν·-

2111 3931 2328 4000 δρικοὺς
2388 3928 2497 3981 τῶν
2552 3927 2760 3997 ἀρετῶν
2806 3928 3060 3998 τρόπους.
3110 3927 3373 3995 Ὠμίασις
3404 3925 3481 3994 (d)
3513 3924 3679 3992 γὰρὴ

2112 4022 2329 4092 Σίκημα
2383 4019 2738 4090 ἑρμηνεύεται
2767 4034 2780 4046 °
2821 4019 2958 4088 ὅπερ
3012 4018 3158 4071 ἐστὶν
3207 4019 3240 4086 ἡ
3315 4017 3534 4069 πάντων
3588 4015 3681 4084 μὲν

2113 4113 2375 4183 ἐφεκτικὴ
2425 4112 2532 4165 τῶν
2588 4111 2813 4177 παθῶν,
2863 4109 3051 4163 πασῶν
3103 4109 3160 4162 δὲ
3207 4108 3538 4179 ὲνεργητικὴ
3579 4106 3682 4159 τῶν

2115 4209 2326 4279 ἀρετῶν
2390 4205 2522 4271 ἕξις.
2574 4206 2834 4278 Πράξεως
2887 4184 2998 4275 γὰρ
3057 4202 3326 4274 σύμϐολον
3375 4202 3470 4256 τδν
3537 4195 3684 4272 ὦμον

442 4300 551 4353 que
580 4301 779 4355 parens
806 4302 872 4341 ac
894 4303 1058 4344 causa
1086 4290 1352 4344 virtutum
1380 4292 1626 4348 exsistat.
1670 4293 1841 4348 Aiunt
1863 4294 2003 4350 enim

2114 4294 2252 4371 εἶναί
2280 4316 2432 4368 φασι.

440 4375 734 4429 humerum
763 4377 985 4432 virtutis
1015 4379 1274 4448 praeferre
1308 4382 1638 4452 symbolum.

512 4497 581 4551 Et
603 4498 904 4552 convallem
953 4499 1457 4558 Tabernaculorum
1513 4506 1830 4576 dimetitur;
1884 4525 2016 4565 con-

2183 4502 2294 4555 Ka‘t
2318 4501 2415 4570 τὴν
2449 4498 2671 4553 κοιλάδα
2697 4497 2806 4550 τῶν
2845 4495 3068 4566 Σκηνῶν
3094 4494 3162 4566 (e)
3190 4495 3480 4564 διαμετρεῖ
3505 4509 3520 4523 ·
3555 4493 3676 4554 τοὺς

441 4587 728 4642 venientes
753 4588 1172 4660 scilicet'cuique
1202 4595 1280 4648 rei
1316 4595 1555 4651 rationes
1583 4613 1679 4667 per
1707 4602 2003 4656 naturalem

2114 4592 2452 4663 προσφόρους
2501 4591 2714 4660 ἑκάστῳ
2744 4589 2853 4642 τῶν
2901 4589 3071 4641 ὅντων
3117 4586 3261 4639 κατά
3300 4585 3401 4655 τὴν
3453 4584 3681 4652 φυσικὴν

445 4679 970 4748 contemplationem
1012 4683 1286 4738 tribuens.
1315 4685 1589 4742 Convallis
1622 4691 1768 4743 enim
1813 4691 2003 4747 Taber-

2114 4685 2341 4758 θεωρίαν
2375 4684 2566 4751 λόγους
2596 4682 2909 4750 ἀπονέμων.
2959 4680 3024 4732 'lI
3062 4677 3169 4748 γὰρ
3199 4676 3388 4738 κοιλὰς
3406 4676 3515 4727 τῶν
3544 4676 3678 4741 Σκη-

444 4770 768 4825 naculorum
798 4773 1038 4829 mundus
1073 4760 1176 4830 iste
1217 4786 1323 4841 est,
1374 4778 1430 4832 in
1486 4795 1595 4848 quo
1639 4782 1865 4848 scilicet,
1913 4801 2003 4854 prc

2114 4776 2286 4844 νῶν,ὁ
2316 4773 2506 4844 παρών
2529 4775 2644 4826 ἐστι
2680 4772 2904 4840 κόσμος,
2939 4770 2997 4822 ὲν
3022 4761 3066 4836 ᾧ
3118 4768 3337 4822 πάντων
3396 4767 3537 4820 κατὰ
3590 4766 3681 4834 τὴν

445 4858 664 4914 diversa
713 4862 980 4933 cujusque
1045 4864 1328 4920 voluntate
1370 4866 1650 4938 animique
1705 4872 2011 4941 proposito,

519 5013 593 5086 (ά)
637 5015 921 5098 ’ρμίασιρ
949 5027 1086 5098 patr
1105 5020 1362 5098 humerus
1382 5031 1485 5086 est,
1518 5023 1714 5098 ᾠμίας·
1749 5028 1842 5098 qui
1883 5029 2010 5084 latis

447 5083 707 5141 humeris
731 5097 834 5152 est,
869 5089 1007 5143 Poll.
1040 5089 1077 5142 l.
1105 5106 1180 5152 Ill,
1218 5106 1267 5144 c.
1301 5091 1387 5156 50,
1429 5083 1579 5148 unde
1602 5083 1702 5149 sibi
1747 5083 2010 5154 Maximus

445 5168 568 5208 eam
621 5172 808 5211 vocem
856 5158 1068 5212 habuit.
1118 5160 1214 5214 Est
1256 5170 1437 5216 autem
1487 5164 1752 5220 humerus
1791 5167 2010 5222 virtutis

447 5225 775 5297 symbolum,
807 5229 954 5297 quod
995 5229 1213 5284 athletae
1251 5246 1441 5285 eorum
1477 5233 1708 5288 maxime
1759 5235 2010 5292 firmitate

450 5295 698 5383 victima~
703 5295 1007 5383 potiuntur,
1021 5308 1085 5383 Et
1112 5299 1258 5377 qu-od
1293 5302 1406 5383 sint
1429 5302 1658 5383 ferendo
1676 5319 1868 5383 onera.

522 5362 590 5448 ςς)
656 5362 773 5430 Τὴν
797 5437 809 5448 _
833 5362 1246 5448 κοιλάδαητῶν
1269 5371 1573 5448 {xm-(31;.
1591 5374 1852 5448 Videatur
1881 5377 1934 5448 in
1959 5376 2011 5430 vi

450 5437 901 5510 potius_nominis
924 5437 1132 5510 proprii
1150 5440 1363 5510 accipi,
1391 5443 1535 5510 quod
1561 5444 1634 5496 ita
1667 5445 2014 5510 singulariter

451 5484 1363 5582 ἰταιιεξτῇιὲἕῇἦὲἱὶαἳῲῖᾶᾖ’ἀίξῇὶῖἐ’
1384 5484 1537 5578 ἐξ)ὶῖ
1562 5484 1898 5582 manu:
1913 5484 2014 5570 Τὸἰ

457 5580 554 5624 cus
588 5571 643 5626 in
674 5571 824 5643 Syria
863 5576 1028 5646 paulo
1053 5571 1317 5634 humilior
1354 5590 1410 5636 ct
1444 5571 1915 5652 populosissimus,
1956 5594 2014 5640 ut

2114 4870 2345 4926 ἑκάστου
2379 4864 2633 4937 διάφορον
2668 4861 2898 4933 γνώμην
2925 4878 2986 4913 τε
3030 4858 3128 4914 καὶ⁵
3167 4858 3427 4924 διάθεσιν,
3471 4857 3681 4919 ἀπαγὴς

2117 5027 2272 5098 Syria
2303 5021 2690 5098 projvastitate
2720 5020 2982 5098 regionis,
3031 5018 3142 5098 alia
3179 5018 3395 5098 aliaque
3427 5016 3683 5098 induebat

2115 5087 2356 5152 nomina.
2393 5095 2485 5148 Sic
2516 5092 2715 5162 passim
2751 5087 2806 5144 in
2837 5089 3154 5162 regionibus
3195 5089 3301 5141 alta
3345 5096 3402 5140 et
3428 5087 3682 5162 depressa

2116 5167 2442 5228 dividimus;
2486 5155 2742 5232 montana
2775 5168 2830 5232 et
2851 5155 3146 5232 convalles,
3179 5172 3412 5232 quarum
3438 5155 3552 5232 fere
3573 5171 3683 5232 ma-

2110 5238 2199 5306 jor
2225 5225 2498 5306 fertilitas,
2533 5247 2597 5285 ac
2621 5229 2849 5306 proinde
2883 5225 3682 5306 incolarumfrequentia;ﬁt:

2116 5293 2257 5360 forte
2297 5305 2400 5359 alia
2443 5293 2512 5356 sit
2550 5293 2704 5354 vallis
2733 5298 2947 5361 Sucrot,
2991 5313 3152 5366 quam
3183 5295 3338 5349 vallis
3371 5293 3680 5366 ipsaSalis.

2117 5391 2278 5443 quam
2308 5373 2506 5427 notiori
2534 5370 2754 5443 nomine
2778 5365 3086 5443 significare
3130 5366 3390 5443 voluerit,
3418 5365 3529 5443 qui
3563 5365 3677 5443 titu-

2118 5430 2228 5498 lum
2268 5444 2475 5513 psalmo
2505 5441 2779 5513 apposuit,
2821 5430 2903 5492 vel
2928 5437 3187 5513 _Es_dr_as,
3233 5435 3320 5513 vel
3354 5430 3468 5501 ipse
3495 5430 3679 5513 David.

2117 5503 2517 5583 Campestrium
2540 5503 2738 5564 crebra
2772 5508 2980 5583 mentio
3009 5507 3062 5559 in
3084 5505 3261 5583 veteri
3295 5503 3679 5562 Instrumenta,

2120 5583 2213 5639 ubi
2237 5575 2318 5638 vel
2353 5581 2551 5636 itinera
2585 5589 2880 5633 narrantur
2903 5577 2983 5632 vel
3006 5575 3215 5646 prwlia.
