3932 6326
249 339 365 402 885

1323 331 1726 393 EXPOSITIO
1768 332 1846 392 IN
1885 332 2242 396 PSAIMUM
2280 334 2431 394 LIX.

3436 339 3541 403 866

252 448 500 518 ὑπάρχει
571 445 666 500 καὶ
727 443 1065 517 πρόσκαιρος
1095 442 1319 515 σκηνῶν
1341 441 1501 513 δίκην
1537 443 1569 512 ἡ
1605 441 1852 512 παροῦσα

1970 442 2102 496 nihil
2129 451 2392 497 constans
2419 457 2482 497 ac
2517 441 2618 496 lixa
2645 449 3110 514 tcmporaneaquc
3144 459 3388 515 prtesens
3431 445 3540 501 vita

253 540 396 609 ζωή.

336 632 406 683 "ll
435 629 599 683 πάλιν
636 630 844 700 Σκηναὶ
865 629 1231 699 τυγχάνουσιν
1264 627 1364 698 τῆς
1413 625 1696 697 παρούσης
1735 643 1852 679 κοι-

251 723 438 788 λάδος,
493 725 542 775 οἱ
567 722 675 775 τῶν
705 721 920 794 ἀρετῶν
944 722 1158 793 τρόποι,
1182 719 1276 784 οὒς
1306 720 1504 789 διαιρεῖ
1536 717 1853 787 γνωστικῶς

252 819 373 877 τοῖς
399 807 834 884 διδασκομένοις,
866 813 1002 883 πρὸς
1035 812 1134 883 τὴν
1164 812 1396 864 ἑκάστου
1437 809 1549 877 ἕξιν
1583 807 1852 878 κατάλλη-

254 909 354 962 λον
407 907 580 970 διδοὺς
631 905 854 976 ἀγωγὴν
889 906 985 958 καὶ
1017 902 1410 976 προσφυλακὴν
1446 899 1850 973 [προφυλακὴν]

253 1002 371 1055 τῶν
402 999 625 1072 τιμίων,
663 1001 692 1053 6
723 999 1008 1069 διανέμειν
1032 997 1189 1060 εἰδὼς
1210 997 1427 1066 ἑκάστῳ
1448 993 1538 1048 διὰ
1559 997 1658 1065 τῆς
1678 991 1853 1062 καλῆς

256 1093 615 1154 διδασκαλίας
644 1091 743 1163 τὴν
773 1091 1128 1163 ἁρμόζουσαν
1161 1090 1299 1161 πρὸς
1335 1087 1610 1159 σωτηρίαν
1639 1086 1779 1140 ὁδόν.

350 1268 422 1320 Ἤ
465 1268 672 1339 Σκηναὶ
729 1265 975 1329 κοιλάδας
1019 1265 1382 1335 ὑπάρχουσιν,
1422 1262 1591 1318 αίδιὰ
1615 1261 1850 1332 Χριστοῦ

263 1361 362 1416 τοῦ
396 1361 650 1428 Σωτῆρος
677 1359 835 1430 ἡμῶν
872 1358 1009 1412 Θεοῦ
1046 1361 1305 1426 παγεῖσαι
1342 1356 1486 1414 κατὰ
1535 1357 1716 1409 πᾶσαν
1757 1355 1854 1425 τὴν

262 1455 593 1525 οἰκουμένην
651 1451 760 1507 τῶν
812 1452 1224 1506 πιστευσάντων
1262 1449 1432 1506 ἑθνῶν
1501 1448 1851 1518 Ἐκκλησίαν

263 1546 292 1600 ὂ
351 1545 447 1598 καὶ
513 1541 715 1613 μᾶλλον
742 1584 758 1610 ,
811 1542 888 1606 ὡς
931 1537 1108 1611 οἶμαι,
1160 1540 1270 1594 τῶν
1325 1539 1501 1594 ἄλλων
1551 1539 1698 1592 ἐστὶν
1736 1538 1854 1589 ἑπι-

267 1636 625 1706 φανέστερον.

349 1729 421 1781 ’Ἠ
451 1727 640 1792 πάλιν,
665 1726 887 1781 κοιλάδα
937 1725 1162 1797 Σκηνῶν
1216 1725 1517 1794 διαμετρεῖ,
1545 1723 1574 1776 6
1630 1722 1721 1777 τὸν
1764 1721 1857 1774 κό-

1959 534 2442 589 tabernaculorum
2479 551 2630 590 more
2653 535 2856 603 agitur.

2024 625 2370 688 Autrursus,
2400 627 2667 681 convallis
2730 628 2894 696 hujus
2953 627 3329 682 Tabernacula
3389 634 3539 692 sunt,

1955 715 2224 787 virtutum
2259 718 2429 782 modi,
2475 734 2616 787 quos
2646 720 2924 788 sapienter
2953 735 3016 772 ac
3066 720 3202 774 scite
3254 721 3540 790 discipulis

1955 809 2175 873 dividit,
2209 811 2326 880 qui,
2355 826 2544 880 proco
2590 825 2654 864 ac
2710 810 2946 880 quisque
2996 811 3188 866 habitu
3239 811 3540 882 dispositus

1953 910 2058 962 est,
2089 901 2253 973 3&0
2284 902 2706 963 convenientem
2735 901 3083 970 disciplinam
3129 902 3400 970 prmbcns,
3436 903 3538 959 do-

1953 992 2151 1060 nisque
2203 1008 2266 1046 ac
2321 992 2619 1047 virtutibus
2671 1007 2892 1052 cavens,
2963 991 3102 1044 bene
3153 1001 3388 1061 apteque
3445 993 3541 1047 do-

1954 1082 2152 1145 cendo,
2175 1098 2298 1152 quae
2317 1083 2516 1152 cuique
2548 1091 2816 1152 congruat
2836 1081 2905 1135 ad
2934 1083 3186 1143 salutem.
3213 1083 3357 1136 viam
3389 1086 3542 1139 novit

1953 1176 2257 1245 assignare.

2025 1267 2134 1320 Aut
2173 1265 2445 1320 convallis
2472 1265 2852 1321 Tabernacula
2884 1277 3046 1328 sunt,
3083 1283 3204 1336 quae
3236 1277 3349 1321 toto
3373 1276 3541 1321 terra-

1956 1361 2078 1412 rum
2109 1358 2243 1412 orbe
2272 1374 2370 1428 per
2390 1357 2671 1412 Christum
2701 1358 3041 1412 Salvatorem
3080 1368 3330 1412 nostrum
3368 1360 3540 1414 Deum

1955 1458 2157 1504 erectae
2214 1458 2343 1503 sunt
2396 1449 2637 1504 ﬁdelium
2712 1451 2957 1518 gentium
3024 1451 3334 1515 Ecclesiae:
3393 1451 3540 1521 quod

1957 1537 2126 1591 etiam
2157 1578 2170 1603 ,
2222 1549 2356 1607 puto
2394 1581 2408 1606 ,
2465 1538 2696 1608 reliquis
2740 1539 3093 1594 manifestius
3146 1556 3212 1594 ac
3267 1541 3543 1597 illustrius

1955 1639 2053 1684 85L

2027 1721 2136 1776 Aut
2163 1737 2356 1776 rursus
2385 1722 2689 1777 cnnvallem
2731 1723 3238 1779 Tabernaculorum
3290 1725 3538 1792 metitur,

268 1835 405 1888 σμον
435 1817 544 1869 τῶν
586 1817 858 1888 σωμάτων
882 1816 1136 1887 καθάπερ
1161 1815 1380 1868 κοιλάδα
1411 1811 1632 1884 Σκηνῶν
1653 1810 1850 1882 γνώσει

1970 1816 2052 1885 ῃιί
2089 1815 2355 1869 mundum
2387 1830 2682 1885 corporum
2713 1816 2864 1870 velut
2902 1816 3206 1870 convallem
3263 1816 3544 1870 Taberna-

267 1909 719 1981 περιλαμϐάνων.
759 1908 995 1977 Σκῆνος
1023 1909 1131 1981 γὰρ
1163 1907 1432 1980 πολλαχοῦ
1478 1907 1576 1978 τῆς
1602 1905 1846 1978 Γραφῆς,

269 2003 332 2056 τὺ
361 2002 523 2073 σῶμα
549 2000 992 2074 προσηγορεύθη.

353 2174 522 2244 Ἐμός
580 2172 712 2227 ἐστι
770 2170 1039 2235 Γαλαὰδ,
1070 2169 1170 2224 καὶ
1222 2169 1366 2240 ἐμός
1420 2168 1550 2222 ἐστι
1605 2171 1853 2222 Μανασ-

267 2265 412 2336 σῆς,
465 2265 565 2320 καὶ
628 2264 874 2335 Ἐφραῒμ
930 2263 1289 2334 κραταίωσις
1321 2262 1383 2332 (f)
1416 2259 1529 2330 τῆς
1580 2258 1853 2330 κεφαλῆς

265 2377 404 2427 μου.

341 2449 557 2504 Γαλαὰδ
584 2449 722 2504 κατὰ
741 2448 870 2520 μίαν
883 2449 974 2502 ἐπὶ
990 2447 1066 2518 τῷ
1081 2449 1306 2518 ὀνόματι
1327 2449 1497 2514 τούτῳ
1520 2444 1850 2517 ἑρμηνειῶν,

274 2543 422 2596 ἐστὶν
439 2541 848 2609 ἀποκάλυψις.
877 2540 1174 2610 Μανασσῆς
1187 2539 1265 2605 δὲ,
1286 2537 1649 2609 ἑρμηνεύεται
1670 2537 1848 2605 λήθη.

283 2632 652 2706 ’Λποκάλυψις
674 2633 731 2684 δὲ
777 2632 872 2686 καὶ
905 2631 1042 2702 λήθη
1079 2631 1303 2694 εἰκότως
1348 2631 1735 2701 προσγίνονται
1777 2629 1853 2682 δι-

270 2725 414 2795 καίῳ
441 2742 456 2756 ο
499 2725 832 2794 λαμϐάνοντι
867 2723 966 2794 μὲν
997 2723 1085 2776 διὰ
1118 2722 1354 2793 θεωρίας
1387 2721 1496 2774 τῶν
1521 2723 1852 2791 ἀπορρήτων

269 2821 370 2890 τὴν
397 2819 598 2888 μύησιν
615 2835 630 2850 ο
661 2819 769 2871 τῶν
789 2817 845 2872 δὲ
862 2818 984 2872 κατ’
1004 2816 1204 2888 ἀρετὴν
1226 2817 1400 2869 πόνων
1419 2815 1517 2886 τὴν
1547 2813 1736 2885 λήθην,
1767 2813 1854 2867 διὰ

267 2910 368 2979 τὴν
399 2909 788 2979 διαδεχομένην
821 2909 948 2970 τοὺς
970 2907 1166 2969 πόνους
1204 2905 1313 2958 τῶν
1339 2904 1551 2976 ἀρετῶν
1588 2901 1854 2973 εὐφροσύ-

269 3019 366 3071 νην
389 3001 486 3070 τῆς
516 2999 898 3069 πνευματικῆς
928 2999 1180 3070 Θεωρίας.
1218 2995 1457 3065 Ἐφραῒμ
1476 2996 1531 3048 δὲ
1554 2993 1852 3066 ἑρμηνεύε-

271 3111 362 3147 ται
413 3092 770 3162 πλατυσμός
799 3107 814 3124 ⁸
849 3092 986 3163 ὅπερ
1018 3092 1165 3144 ἐστὶν
1192 3091 1224 3160 ἠ
1256 3089 1395 3142 κατὰ
1428 3088 1608 3142 πίστιν
1630 3088 1722 3139 ἐπὶ
1736 3088 1849 3151 τοῖς

270 3186 560 3256 μέλλουσιν
589 3186 812 3254 ἀγαθοῖς
835 3184 1084 3248 ἄπτωτος
1110 3183 1265 3246 ἐλπίς
1298 3197 1312 3209 ·
1343 3183 1465 3253 ἥτις
1499 3180 1646 3234 ἐστὶν
1687 3178 1850 3234 ἀντί-

269 3281 462 3346 ληψις
501 3278 599 3347 τῆς
625 3275 864 3345 κεφαλῆς
897 3274 991 3328 τοῦ
1025 3275 1269 3327 δικαίου“
1303 3273 1586 3337 τουτέστι,
1612 3272 1708 3342 τῆς
1764 3270 1854 3322 πί-

274 3387 464 3429 στεως.
505 3367 712 3430 Παντὸς
786 3367 883 3438 γὰρ
953 3366 1165 3420 δικαίου
1201 3363 1410 3436 κεφαλὴ
1439 3364 1472 3434 ἡ
1507 3362 1689 3426 πίστις
1713 3362 1850 3426 ἐστὶ,

275 3465 367 3514 καὶ
423 3461 623 3523 παντὸς
662 3459 825 3530 ἔργου
868 3457 1096 3527 ἀγαθοῦ.
1135 3458 1487 3529 Κραταίωσις
1543 3455 1599 3508 δὲ
1650 3454 1854 3526 ταύτης

277 3555 617 3624 καθέστηκεν
671 3551 942 3622 ἀσφαλὴς,
993 3553 1026 3620 ἠ
1079 3551 1187 3604 τῶν
1257 3551 1559 3622 μελλόντων
1635 3548 1854 3618 ἀγαθῶν

271 3645 614 3706 ἀδιάπτωτος
640 3642 796 3705 ἐλπίς
829 3656 843 3670 ⁸
877 3640 996 3693 καθ’
1026 3642 1092 3712 ἢν
1118 3641 1194 3704 ὼς
1219 3640 1462 3710 παρόντα
1500 3640 1568 3693 τά
1593 3639 1854 3710 μέλλοντα

274 3733 605 3806 θεωροῦντες
625 3776 639 3797 ,
677 3731 1138 3803 ὲμπλατυνόμεθα
1164 3734 1283 3794 ταῖς
1314 3731 1556 3800 θλίψεσιν
1580 3767 1597 3796 ,
1655 3731 1857 3786 ἀκατά-

279 3844 477 3882 πτωτοι
510 3827 569 3879 ἑν
599 3828 712 3889 τοῖς
737 3827 1068 3896 πειρασμοῖς
1093 3823 1458 3894 διαμένοντες.

361 4007 583 4073 Ἰούδας
606 4006 907 4072 ,ϐασιλεύς
939 4021 1080 4074 μου,
1115 4003 1297 4057 Μωὰό
1325 4001 1509 4070 λέϐης
1538 4000 1650 4070 τῆς
1681 4001 1856 4056 ἐλπι-

275 4100 381 4166 ϐος
413 4117 554 4168 μου.

358 4189 560 4252 Ἰούδας
601 4190 1040 4260 ἐξομολόγησις
1080 4186 1462 4259 ἑρμηνεύεται.
1521 4187 1713 4257 Ἀρχει
1747 4186 1857 4257 γὰρ

278 4284 312 4353 ἡ
343 4283 411 4336 δι’
443 4281 618 4350 εὐχῶν
645 4281 1034 4352 ἐξομολόγησις
1067 4282 1125 4333 ἑν
1147 4283 1261 4341 τοῖς
1286 4279 1463 4348 ἁγίοις
1497 4278 1698 4340 παντὸς
1717 4279 1858 4345 ἀγα-

279 4374 394 4430 θοῦ.
423 4373 656 4427 Δύναται
693 4373 751 4426 δὲ
780 4373 1037 4444 νοηθῆναι
1068 4373 1162 4426 καὶ
1187 4375 1268 4436 είς
1292 4372 1384 4425 τὸν
1425 4370 1632 4441 Κύριον
1657 4371 1686 4422 ὁ
1721 4371 1856 4424 Ἰού·

1957 1909 2213 1964 culorum
2239 1907 2549 1978 cognitione
2572 1908 2915 1977 scientiaque
2936 1909 3345 1977 complectitur.
3405 1907 3536 1962 Cor-

1955 2016 2060 2070 pus
2091 2000 2238 2054 enim
2267 2015 2377 2052 non
2411 2013 2520 2053 uno
2567 1999 2690 2053 loco
2742 1999 3062 2069 Scriptum,
3119 1997 3542 2052 Tabernaculum

1953 2098 2039 2144 est
2063 2089 2420 2159 appellatum.

2024 2182 2188 2236 Vens.
2223 2182 2274 2234 9.
2313 2180 2457 2235 Meus
2481 2188 2558 2234 est
2583 2179 2816 2246 Calaad,
2849 2190 2898 2234 et
2928 2198 3072 2235 meus
3105 2191 3182 2236 est
3222 2182 3496 2237 Manassae
3519 2197 3542 2238 :

1955 2281 2003 2325 et
2030 2272 2288 2342 Ephraim
2310 2272 2568 2341 fortitudo
2600 2273 2789 2342 capitis
2817 2272 2938 2325 mei.

2023 2448 2248 2515 Galaad,
2269 2451 2424 2520 juxta
2449 2464 2612 2503 unam
2643 2449 2809 2520 hujus
2839 2449 3080 2504 nominis
3127 2449 3543 2520 interpretatio-

1953 2559 2102 2605 nem,
2133 2541 2390 2595 revelatio
2413 2550 2498 2595 cst
2529 2557 2541 2594 :
2567 2541 2814 2594 Manasse
2848 2549 3054 2605 autem,
3078 2541 3123 2594 si
3150 2557 3349 2596 nomen
3375 2542 3543 2597 inter-

1945 2633 2212 2710 preteris,
2239 2632 2550 2686 obliuionem
2573 2639 2754 2687 sonat.
2796 2631 2992 2686 Merito
3027 2640 3211 2686 autem
3275 2633 3542 2690 revelatio

1953 2738 2019 2778 ac
2051 2723 2256 2777 oblivio
2282 2723 2435 2793 justo
2467 2722 2816 2792 contingunt,
2873 2723 2966 2792 qui
3021 2737 3217 2792 nempe
3261 2739 3360 2792 per
3412 2740 3576 2779 con.-

1956 2813 2367 2884 templationem
2389 2828 2587 2867 arcana
2619 2813 2905 2880 doceatur,
2927 2814 3259 2883 virtutisque
3289 2814 3540 2868 laborum

1953 2906 2330 2970 obliviscatur,
2358 2921 2456 2976 per
2485 2922 2606 2960 eam
2629 2921 2751 2975 quae
2779 2907 3047 2960 virtutum
3081 2906 3389 2971 laboribus,
3423 2906 3542 2977 spi-

1953 2998 2128 3051 ritalis
2144 2997 2626 3066 contemplationis
2644 2997 2964 3068 jucundilas
2991 2997 3258 3052 succedit.
3279 2997 3542 3068 Ephraim

1954 3090 2214 3160 denique,
2249 3089 2295 3144 si
2325 3074 2527 3144 nOmen
2552 3089 2954 3159 interpreteris,
2979 3088 3348 3142 dilatationem
3375 3089 3546 3156 signi-

1960 3179 2106 3243 ﬁcat,
2143 3179 2289 3250 quod
2321 3188 2408 3234 est
2431 3186 2583 3233 certa
2612 3179 2900 3248 ﬁrmaque,
2931 3194 3030 3248 pro
3060 3177 3183 3233 ﬁdei
3213 3177 3421 3232 ratione
3446 3176 3546 3233 δοι-

1957 3287 2155 3326 norum
2191 3271 2508 3324 futurorum
2559 3284 2716 3339 spes;
2755 3284 2877 3337 qua:
2929 3267 3066 3338 ipsa,
3127 3269 3392 3339 susceptio
3444 3282 3543 3321 seu

1955 3363 2188 3432 defensio
2209 3363 2406 3432 capitis
2420 3360 2558 3432 justi
2588 3371 2694 3425 est,
2723 3359 2777 3414 id
2819 3370 2923 3421 est,
2958 3359 3105 3414 ﬁdei.
3166 3358 3360 3414 Omnis
3393 3358 3544 3413 enim

1953 3455 2085 3527 justi
2114 3462 2298 3523 caput,
2339 3453 2474 3508 ﬁdes
2507 3461 2612 3517 est,
2648 3452 2940 3521 omnisque
2967 3451 3097 3506 boni
3127 3450 3333 3520 operis.
3369 3437 3542 3520 Hujus

1956 3553 2140 3600 autem
2171 3543 2400 3598 lirmitas
2465 3559 2531 3598 ac
2586 3541 2855 3597 fortitudo
2889 3541 3197 3611 roburque,
3225 3539 3540 3595 futurorum

1956 3637 2232 3691 bonorum
2259 3651 2388 3706 spes
2411 3644 2674 3690 constans
2700 3649 2766 3688 ac
2816 3633 3032 3689 stabilis
3078 3642 3196 3699 est;
3230 3648 3339 3703 qua
3378 3631 3544 3687 nimi-

1957 3741 2080 3780 rum
2102 3764 2116 3790 ,
2156 3725 2362 3789 futura,
2395 3740 2460 3780 ac
2486 3724 2531 3779 si
2558 3725 2670 3794 jam
2695 3723 2985 3793 praesentia
3025 3732 3232 3789 essent,
3273 3731 3543 3778 contuen-

1961 3823 2062 3878 tes,
2095 3813 2388 3868 dilalamur
2421 3813 2474 3866 in
2506 3812 2959 3867 tribulationibus
2978 3814 3020 3878 ',
3046 3813 3275 3868 stabiles
3304 3829 3371 3869 ac
3396 3812 3540 3868 ﬁrmi

1959 3913 2380 3976 perseverantes
2407 3902 2464 3956 in
2493 3902 2913 3956 tentatiouibus.

2031 3997 2192 4050 Vens.
2232 3995 2316 4051 ιο.
2354 3994 2526 4050 ludas
2551 4033 2567 4060 ,
2617 4009 2714 4048 rea:
2742 4010 2887 4047 meus
2923 4009 2942 4048 :
3014 3992 3204 4059 Moab,
3266 3991 3377 4048 olla
3429 3995 3545 4066 spei

1960 4101 2109 4141 mete.

2028 4193 2055 4249 J
2063 4191 2218 4256 udas,
2242 4192 2288 4248 si
2313 4205 2514 4246 nomen
2538 4189 2944 4259 interpreteris,
2964 4188 3343 4258 confessionem
3361 4195 3540 4244 sonat.

1959 4286 2091 4353 Quae
2119 4286 2267 4340 enim
2295 4285 2350 4339 in
2376 4283 2635 4354 precibus
2657 4281 2929 4338 confessio
2943 4289 3050 4347 est,
3076 4295 3239 4335 omne
3263 4280 3317 4333 in
3338 4281 3545 4334 sanctis

1962 4378 2170 4433 bonum
2218 4377 2556 4448 auspicatur.
2593 4375 2780 4430 Potest
2816 4385 3000 4429 autem
3039 4372 3205 4428 etiam
3255 4371 3426 4428 ludas
3481 4380 3546 4426 ut

277 4466 372 4530 δας
403 4483 420 4498 ·
456 4467 515 4529 ὃς
563 4468 711 4519 ἑστιν
766 4465 1018 4536 ἀληθινὸς
1073 4464 1328 4534 βασιλεὺς
1355 4463 1448 4516 τοῦ
1479 4463 1852 4534 πνευματικοῦ

1970 4469 2184 4526 Domini
2210 4469 2379 4539 ﬁgura
2413 4465 2668 4538 intelligi,
2703 4466 2800 4536 qui
2834 4474 2920 4520 est
2947 4479 3114 4520 verus
3155 4479 3251 4520 rex
3273 4461 3542 4533 spiritalis

291 4557 509 4630 Ἰσραὴλ
535 4559 629 4611 καὶ
659 4557 891 4627 ὁρῶντος
914 4557 1046 4609 Θεόν
1079 4573 1093 4588 ο
1127 4557 1155 4609 ὁ
1185 4555 1323 4625 ὑπὲρ
1367 4556 1525 4625 ἡμῶν
1559 4555 1723 4626 ἡνίκα
1761 4555 1853 4623 γέ-

279 4666 435 4718 γονεν
469 4648 773 4718 ἄνθρωπος.
809 4645 1300 4717 ἐξομολογούμενος
1320 4647 1457 4717 πρὸς
1488 4646 1578 4699 τὸν
1609 4647 1854 4716 Πατέρα,

284 4743 376 4794 καὶ
439 4740 646 4809 λέγων.
699 4738 1210 4808 Ἐξομολογοῦμαί
1280 4753 1402 4804 σοι,
1443 4738 1632 4807 Πάτερ
1704 4738 1854 4807 ἅγιε.

282 4831 456 4887 Μωόιὸ
493 4831 569 4892 δὲ,
592 4830 838 4900 ἔντερον
866 4830 1091 4899 πατρὸς
1123 4830 1198 4902 (g)
1233 4831 1620 4901 ἑρμηνεύεται,
1656 4833 1858 4883 νοεῖται

283 4925 338 4977 δὲ
376 4925 436 4976 τὸ
495 4924 761 4996 ἡμέτερον
809 4925 988 4994 σῶμα,
1019 4924 1087 4976 δι’
1113 4916 1176 4977 οὗ
1219 4924 1358 4978 κατὰ
1414 4924 1513 4994 τὴν
1553 4923 1859 4996 πρακτικὴν

284 5019 602 5089 φιλοσοφίαν
623 5019 850 5092 λουτροῦ
872 5020 1048 5090 δίκην,
1073 5020 1210 5090 ὅπερ
1237 5019 1388 5090 δηλοῖ
1407 5019 1590 5088 σαφῶς
1618 5019 1648 5070 ὁ
1672 5018 1857 5091 λέϐης,

286 5113 317 5180 ἡ
373 5109 637 5181 κάθαρσις
685 5112 896 5180 πέφυκε
952 5111 1199 5180 γίνεσθαι
1256 5111 1365 5164 τῶν
1418 5112 1852 5180 ἁμαρτημάτων.

286 5201 568 5271 Κάθαρσις
591 5203 700 5274 γάρ
732 5205 881 5256 ἐστιν
901 5205 928 5255 ὁ
949 5203 1132 5273 λέϐης,
1155 5202 1255 5272 τῆς
1281 5200 1492 5265 ἐλπίδος
1515 5215 1529 5230 ⁸
1556 5201 1855 5267 τουτέστιν,

356 5359 378 5390 ⁸
409 5359 552 5415 Psal.
587 5377 659 5423 Iv,
689 5358 743 5412 2.
821 5357 841 5389 ⁸
870 5357 1061 5411 Matth.
1093 5371 1167 5419 ιι,
1196 5357 1286 5414 25.

356 5490 420 5562 (f)
457 5491 841 5561 Κραταὶωονις.
866 5489 1010 5562 Ρεοί.
1046 5505 1173 5562 cvn,
1194 5488 1249 5550 9,
1277 5489 1368 5544 ubi
1393 5487 1586 5562 eadem
1614 5502 1716 5562 vox
1746 5485 1865 5562 He-

291 5556 810 5629 braicafiidemque
842 5559 1060 5628 repetiti
1088 5574 1300 5621 versus,
1341 5569 1425 5612 est
1453 5556 1864 5629 ἀντίληψιςαιι-

288 5631 498 5692 πίίιιιηι,
536 5626 813 5700 susceptio,
851 5626 1013 5698 quam
1049 5636 1338 5700 utramque
1370 5643 1559 5700 vocem
1595 5626 1863 5700 h_la_xim_us

291 5703 516 5770 exponit
537 5717 553 5764 ;
577 5696 700 5755 cum
725 5700 797 5770 sit
823 5696 1193 5770 solajvariatio
1227 5696 1568 5770 interpretis.
1602 5696 1861 5770 Ephraim

292 5767 438 5842 quod
489 5768 806 5838 πλατυσμὸς
860 5767 1128 5835 redditur,
1164 5767 1501 5838 intelligatur
1528 5767 1706 5837 ampla
1730 5781 1860 5837 pro-

1967 4563 2189 4618 lsraelis
2230 4577 2292 4616 ac
2327 4559 2569 4615 videntis
2594 4561 2788 4614 Deum.
2827 4558 2934 4612 Pro
2978 4557 3140 4612 nobis
3187 4556 3332 4610 enim
3372 4553 3548 4609 factus

1963 4655 2130 4710 homo
2155 4653 2222 4707 ad
2262 4653 2482 4707 Patrem
2524 4649 2839 4715 conﬁtetur,
2885 4648 3095 4718 aitque,
3130 4645 3394 4719 Conﬁteor
3431 4645 3545 4711 tibi,

1963 4744 2129 4800 Pater
2151 4752 2330 4797 sancte
2347 4743 2386 4796 ⁸.
2423 4741 2580 4795 Moab
2602 4750 2807 4804 autem,
2835 4740 2881 4794 si
2911 4753 3114 4793 nomen
3140 4735 3546 4806 interpreteris,

1965 4843 2049 4891 est
2077 4835 2388 4889 intestinum
2409 4835 2597 4904 patris.
2624 4833 2958 4902 lntelligitur
2980 4840 3163 4886 autem
3204 4845 3407 4900 corpus
3450 4843 3552 4882 no-

1966 4934 2139 4981 strum
2164 4942 2331 4996 ;quo,
2359 4942 2460 4981 ceu
2489 4925 2664 4990 labro,
2687 4941 2786 4995 per
2809 4940 2928 4979 eam
2959 4922 3320 4995 philosophiae
3339 4929 3550 4991 partem

1967 5034 2090 5088 qua:
2111 5018 2166 5074 in
2197 5030 2414 5072 actione
2446 5028 2701 5071 versatur
2732 5017 2807 5088 (id
2837 5016 2984 5070 enim
3009 5014 3298 5084 perspicue
3331 5012 3438 5064 olla
3471 5011 3550 5065 si-

1967 5107 2208 5179 gniﬁcat)
2229 5116 2635 5177 comparatum;
2655 5114 2716 5160 ut
2741 5103 3060 5159 emundatio
3083 5103 3176 5154 ﬁat
3198 5107 3549 5171 peccatorum

1967 5200 2061 5256 Est
2088 5200 2235 5254 enim
2275 5199 2445 5263 lebes,
2475 5197 2631 5269 31.1
2659 5199 2776 5268 spei
2806 5196 3160 5262 emundatio;
3188 5209 3310 5266 quae
3339 5193 3549 5250 scilicet

1973 5483 2130 5553 genie
2159 5484 2464 5538 secundum
2497 5483 2644 5554 quod
2675 5483 3009 5540 fructiﬁcare
3051 5483 3326 5554 signiﬁcat
3363 5492 3420 5538 et
3465 5482 3548 5540 fe-

1974 5554 2216 5608 cundum
2249 5569 2392 5608 esse.

2047 5623 2120 5695 (g)
2161 5627 2447 5700 ξἘντερον
2492 5626 2734 5700 πατριξς.
2773 5634 2914 5683 πκπιι
2960 5623 3268 5694 simplicius
3307 5642 3340 5679 a
3371 5631 3544 5700 patre,

1971 5693 2116 5764 quod
2160 5695 2370 5748 incesto
2408 5693 2704 5766 concubit‘u
2750 5709 2814 5748 ex
2862 5704 3016 5766 patre
3053 5693 3380 5766 susceptus,
3405 5693 3545 5751 Gen.

1970 5781 2080 5832 xix,
2111 5766 2200 5831 37,
2233 5773 2445 5819 mutato
2465 5774 2603 5818 tzere
2627 5765 2683 5821 in
2715 5781 2816 5820 tau
2848 5764 3065 5821 cholem.
