3932 6326
266 326 371 399 889

1360 329 1772 394 EXPOSITIO
1805 331 1888 391 ΙΝ
1928 331 2295 394 PSALMUM
2333 334 2494 398 LIX.

3443 340 3551 411 870

267 439 569 511 πολεμίοις,
603 434 691 490 διὰ
743 435 844 507 τὴν
904 434 1251 506 φρουροῦσαν
1302 435 1467 490 αὐτὸν
1519 437 1628 490 τῶν
1680 438 1847 506 ἁγίων

1963 440 2280 496 inaccessus
2320 441 2579 497 hostibus
2604 442 2862 512 edicitur,
2909 444 3059 515 quod
3087 454 3403 501 sanctarum
3433 448 3549 505 Po-

264 534 560 603 Δυνάμεων
617 526 928 601 περιϐολήν,
956 528 985 581 ὃ
1041 543 1105 596 γε
1157 526 1373 597 άληθῶς
1430 527 1694 600 θεοσεϐὴς
1753 532 1855 584 καὶ

263 624 531 695 φιλόθεος.

340 718 413 769 Ἣ
434 715 600 769 πάλιν
630 712 786 776 πόλις
836 712 954 766 ἐστὶ
1009 712 1294 784 περιοχῆς,
1324 713 1357 783 ή
1391 710 1541 783 λόγῳ
1588 712 1687 766 καὶ
1751 711 1854 782 βιῳ

262 806 641 878 τετειχισμένη
709 804 878 876 ψυχὴ,
912 804 1007 857 καὶ
1053 803 1261 868 πάσαις
1314 805 1436 866 ταῖς
1487 803 1597 856 τῶν
1638 802 1850 875 ἀρετῶν

259 897 546 969 πλήθουσα
574 899 815 967 χάρισιν.

342 991 415 1042 Ἦ
449 989 611 1042 πάλιν
644 987 798 1050 πόλις
826 985 944 1041 ἐστὶ
968 987 1245 1058 περιοχῆς,
1284 988 1321 1057 ή
1355 986 1451 1056 τῆς
1490 985 1727 1057 ἀληθοῦς
1753 986 1848 1039 καὶ

263 1079 564 1132 ἀπταίστου
606 1076 863 1148 γνώσεως
913 1077 1049 1144 ἕξις,
1082 1079 1116 1147 ή
1153 1080 1218 1130 ὲκ
1269 1077 1485 1131 πάντων
1538 1077 1745 1148 ἠθικῶν
1787 1090 1849 1131 τε

263 1171 360 1224 καὶ
388 1169 635 1239 φυσικῶν
685 1171 782 1223 καὶ
819 1169 1148 1238 θεολογικῶν
1178 1168 1552 1240 θεωρημάτων
1598 1184 1849 1242 περισχοι-

266 1263 409 1334 μένης
440 1279 454 1292 ·
484 1264 565 1326 εἰς
613 1262 680 1333 ἢν
713 1262 986 1331 ὑπάγεται
1038 1263 1148 1326 πᾶς
1218 1262 1475 1333 εὐσεϐὴς,
1526 1263 1618 1315 ὑπ’
1681 1263 1845 1316 ἄλλου

268 1355 368 1424 μὲν
406 1354 643 1417 οὐδενὸς,
673 1352 782 1406 ὑπὸ
843 1354 1005 1424 μόνον
1031 1353 1089 1407 δὲ
1137 1353 1237 1407 τοῦ
1292 1352 1431 1407 Θεοῦ
1480 1353 1575 1406 τοῦ
1639 1354 1847 1416 πάντας

266 1446 405 1515 πρὸς
448 1448 642 1499 ἑαυτὸν
685 1446 943 1509 ἕλκοντος
993 1444 1065 1499 δι’
1092 1445 1301 1514 ἄφατον
1352 1445 1687 1515 ἀγαθάτήτός
1747 1445 1847 1514 μέ-

262 1538 445 1608 γεθος.

410 1630 491 1684 Ἢ
516 1631 607 1697 τίς
641 1624 931 1700 ὁδηγήσει
964 1640 1041 1699 με
1071 1626 1312 1697 ἕωςτῆς
1346 1629 1701 1699 Ἰδουμαίας.

352 1718 651 1792 Ἰδουμαία,
692 1722 877 1784 καθὼς
914 1722 1081 1787 ἔδειξε
1110 1721 1405 1793 προλαϐὼν
1432 1724 1459 1774 ὁ
1490 1721 1670 1788 λόγος,
1700 1720 1847 1774 ἐστὶν

1966 538 2226 586 testatum
2256 531 2515 600 praesidio
2544 533 2782 589 vallante
2819 536 3125 592 muniatur.

2028 710 2139 765 Aut
2188 728 2380 768 rursus
2421 713 2620 769 civitas
2650 716 2894 785 praesidii
2944 718 3129 773 anima
3157 726 3262 780 est,
3301 732 3423 787 qua:
3455 733 3547 774 ra-

1962 801 2110 857 tione
2132 817 2196 856 ac
2218 804 2335 857 vita
2359 803 2577 858 munita
2605 815 2710 871 est,
2741 807 3109 878 omnibusque
3129 807 3401 875 virtutum
3425 824 3550 878 gra-

1960 893 2052 947 tiis
2086 892 2351 949 abundat.
3418 896 3423 901 ’

2028 982 2140 1037 Aut
2166 998 2361 1039 rursus
2403 986 2603 1041 civitas
2650 994 2737 1042 est
2785 988 3051 1057 praesidii,
3086 1004 3232 1045 verae
3276 1000 3550 1061 certaeque

1958 1076 2207 1131 scient-ia)
2238 1078 2485 1144 habitus,
2515 1096 2680 1149 quem
2733 1081 2963 1136 moralia
2994 1082 3199 1147 omnia,
3243 1084 3547 1139 naturalia-

1956 1178 2064 1236 que
2101 1183 2166 1222 ac
2211 1169 2530 1241 theologica
2555 1172 2718 1233 scita.
2746 1187 2851 1227 ceu
2895 1174 3153 1242 praesidio
3200 1174 3445 1231 vallent:
3476 1176 3547 1231 ad

1954 1273 2121 1327 quam
2168 1258 2464 1315 deducitur
2505 1262 2759 1332 quisquis
2800 1272 2887 1318 est
2916 1264 3141 1333 pietatis
3181 1266 3398 1331 cultor;
3434 1282 3545 1321 non

1954 1349 2063 1403 alio
2093 1349 2346 1417 ductore,
2383 1368 2550 1423 quam
2575 1355 2696 1409 solo
2723 1355 2857 1419 Deo,
2874 1355 2969 1424 qui
2999 1372 3113 1425 prae
3139 1358 3422 1414 immensa:
3446 1358 3549 1412 bo-

1953 1442 2146 1497 nitatis
2166 1444 2568 1515 magnitudine,
2601 1446 2673 1500 ad
2700 1462 2762 1502 se
2792 1436 3098 1502 univorsos
3117 1448 3309 1503 trahit.

2025 1623 2135 1677 Aut
2153 1626 2269 1694 quis
2310 1625 2528 1679 deducet
2561 1644 2644 1680 me
2666 1644 2829 1698 usque
2854 1629 2908 1682 in
2937 1628 3282 1685 Idumteam?

2026 1715 2287 1781 ldumaaa,
2318 1718 2400 1771 uti
2432 1720 2598 1788 paulo
2628 1728 2755 1774 ante
2779 1720 3080 1776 declaravit
3113 1723 3315 1788 oratio,
3365 1724 3545 1779 omnis

264 1812 299 1884 ἠ
334 1812 555 1867 πάντων
579 1813 687 1866 τῶν
720 1814 827 1866 ὑπδ
868 1814 1122 1884 αἴσθησιν
1170 1815 1495 1885 κτισμάτων
1541 1815 1804 1876 σὺστασις
1828 1829 1844 1845 ο

1963 1806 2044 1860 illa
2079 1815 2165 1862 est
2194 1823 2383 1862 rerum
2418 1808 2476 1862 in
2496 1824 2719 1863 sensum
2752 1810 3074 1864 cadentium
3109 1813 3421 1881 complexio
3468 1828 3537 1869 ac

262 1905 395 1977 περὶ
425 1904 492 1974 ἢν
522 1906 557 1975 ἡ
586 1906 642 1956 ὲν
674 1905 949 1975 πνεύματι
982 1906 1187 1977 φυσικὴ
1231 1902 1435 1977 θεωρία
1491 1906 1845 1960 συνίστασθαι

262 1996 475 2066 πέφυκε
520 2012 531 2022 ·
566 1995 687 2049 καθ’
716 1995 781 2067 ἢν
815 1998 877 2049 ἐκ
900 1996 1171 2065 καλλονῆς
1193 1998 1285 2050 καὶ
1317 1995 1582 2065 μεγέθους
1608 1996 1846 2066 κτισμά-

261 2101 374 2139 των
399 2084 682 2155 ἀναλόγως
714 2088 743 2139 6
767 2087 1147 2156 γενέσιουργδς
1169 2086 1247 2157 τῷ
1298 2087 1540 2150 εὐσεϐῶς
1588 2082 1847 2156 ἀναλεγοο

267 2178 415 2250 μένῳ
450 2174 548 2249 τὴν
586 2177 701 2232 τῶν
723 2174 1124 2248 ὅντωνγνῶσιν
1150 2180 1457 2251 θεωρεῖται.

344 2356 416 2411 Ἥ
446 2358 695 2431 τυχὸν,ή
750 2360 873 2414 κατ’
929 2358 1131 2429 ἀρετὴν
1168 2360 1451 2429 πρακτικὴ
1498 2356 1590 2411 διὰ
1644 2358 1845 2429 σαρκὸς

264 2454 555 2523 φιλοσοφία
581 2466 599 2488 ⁶
635 2454 756 2508 καθ’
788 2453 854 2525 ήν
908 2443 1002 2507 τοῦ
1054 2454 1211 2521 ἁγίου
1270 2453 1590 2521 Πνεὺμωιος
1631 2454 1844 2521 γίνεται

264 2546 393 2608 ναὸς
434 2546 496 2597 τὸ
526 2546 796 2614 ἡμέτερον
832 2544 1013 2615 σῶμα,
1044 2546 1156 2605 τοῖς
1175 2542 1281 2595 τῶν
1325 2544 1557 2596 ὲντολων
1594 2559 1839 2596 συνοικο-

264 2634 595 2704 δομούμενον
631 2634 884 2687 κάλλεσιν
920 2651 935 2665 ο
971 2636 1052 2697 εἰς
1083 2635 1149 2704 ἣν
1177 2635 1204 2687 6
1245 2632 1408 2696 αὐτὸς
1444 2633 1606 2687 πάλιν
1652 2633 1843 2703 ὁδηγεῖ

270 2723 500 2795 Κύριος,
568 2716 929 2794 χαριζόμενος
976 2720 1091 2787 τοῖς
1146 2723 1434 2792 ἀγαπῶσιν
1513 2724 1675 2777 αὐτὸν
1746 2725 1843 2778 καὶ

262 2815 371 2869 τῶν
418 2816 709 2887 ὁρωμένων
769 2816 866 2887 τὴν
920 2817 1253 2885 ἐπιστήμην,
1286 2815 1382 2868 καὶ
1411 2814 1680 2868 διδάσκων
1728 2817 1840 2871 τῶν

268 2910 448 2981 μελῶν
482 2910 581 2979 τῆς
613 2910 807 2980 γηῖνης
826 2908 1029 2979 ταύτης
1061 2909 1444 2978 καὶὲπικήρου
1501 2896 1701 2978 σαβκὸς
1745 2908 1843 2979 τὴν

265 3002 553 3071 νέκρωσιν.

348 3094 438 3157 Ἢ,
491 3094 581 3147 ἵνα
600 3092 836 3146 συνελὼν
856 3094 1013 3156 εἴπω,
1045 3092 1200 3153 πόλις
1239 3091 1356 3144 ὲστὶ
1382 3093 1642 3163 περιοχῆς
1669 3095 1701 3164 ή
1734 3093 1841 3149 τῶν
1869 3126 1899 3164 ,ε

262 3183 473 3254 νοητῶν
505 3184 781 3255 γνωστικὴ
831 3184 1055 3255 Θεωρία.
1096 3182 1375 3253 Ἰδουμαία
1410 3182 1544 3254 δὲ,ή
1593 3182 1702 3237 τῶν
1752 3186 1840 3238 al-

266 3277 485 3347 σθητῶν
534 3278 810 3346 ἐπιστήμη
840 3293 856 3310 ο
892 3279 970 3339 εις
1011 3276 1078 3338 ἃς
1133 3275 1339 3343 ἀπάγει
1383 3286 1443 3329 τε
1473 3276 1569 3328 καὶ
1598 3276 1784 3346 ὁδηγεῖ
1807 3275 1847 3348 ή.

268 3370 403 3439 μόνη
433 3368 527 3421 τοῦ
551 3367 686 3422 Θεοῦ
714 3366 809 3421 καὶ
851 3368 1055 3439 πατρὸς
1097 3368 1279 3435 σοφία,
1305 3366 1336 3418 ὁ
1363 3368 1658 3439 μονογενὴς
1692 3368 1837 3432 Υἱός.

265 3459 357 3512 Διὸ
393 3459 615 3529 ἐπάγων
641 3461 669 3512 ὁ
699 3459 1014 3529 Προιρήτης,
1043 3459 1213 3528 φησίν
1236 3474 1251 3489 ·

410 3637 556 3707 Οὐχὶ
591 3637 673 3691 σὺ
714 3640 748 3691 ό
788 3637 931 3703 Θεὸς
971 3640 1003 3691 ό
1052 3639 1446 3709 ἀπωσάμενος
1475 3638 1678 3710 mide;

336 3728 649 3794 Τουτέστιν,
681 3730 762 3781 ὅτι
813 3730 884 3782 Σὺ
927 3730 956 3782 6
1003 3729 1133 3793 Θεὸς
1168 3732 1196 3782 6
1234 3731 1352 3783 κατ’
1398 3731 1570 3800 ἀρχὰς
1602 3730 1689 3783 διὰ
1745 3720 1842 3799 τὴν

268 3820 546 3890 ἁμαρτίαν
590 3820 952 3887 ἀπωσάμενος
997 3822 1146 3892 ἡμᾶς
1180 3836 1193 3850 ⁸
1227 3820 1390 3882 αὐτὸς
1431 3820 1530 3873 διὰ·
1557 3820 1843 3889 σπλάγχνα

268 3911 455 3973 ἐλέους
482 3928 574 3963 σου
603 3913 972 3982 οίκτειρήσας,
1002 3912 1239 3976 ἀπάγεις
1270 3915 1351 3974 εἰς
1377 3913 1530 3965 πόλιν
1557 3912 1840 3982 περιοχῆς,

265 4003 366 4055 καὶ
396 4002 609 4071 ὁδηγεῖς
633 4001 741 4066 ἕως
760 4001 858 4072 τῆς
905 4002 1228 4071 Ἰδουμαίας,
1257 4002 1397 4056 κατὰ
1421 4003 1521 4073 τὴν
1544 4003 1844 4074 προαποδε-

265 4092 498 4164 δομένην
529 4092 812 4163 ἐξήγησιν.

265 4287 377 4344 Kal
405 4289 516 4343 οὐκ
552 4281 871 4357 ἐξελεύσῃ,
912 4284 947 4342 ὁ
1004 4281 1169 4356 Θεὸς,
1212 4280 1283 4342 ἐν
1329 4282 1460 4354 ταῖς
1508 4283 1844 4359 δυνάμεσιν

964 4381 1147 4449 ἡμῶν.

1949 1897 2263 1968 congeries,
2298 1898 2445 1953 circa
2482 1914 2647 1968 quam
2676 1909 2932 1955 versatur
2951 1902 3221 1957 naturalis
3256 1903 3311 1956 in
3339 1904 3539 1973 spiritu

1949 1990 2518 2059 contemplatio;qua,
2548 2006 2617 2045 ex
2642 1992 3059 2061 pulchritudine
3082 2001 3138 2048 et
3162 1997 3543 2065 magnitudine

1948 2096 2139 2134 rerum
2185 2083 2537 2146 creatarum',
2583 2098 2684 2151 per
2722 2085 3138 2153 proportionem
3180 2102 3372 2141 earum
3417 2088 3536 2157 ipse

1946 2170 2215 2227 Conditor
2273 2173 2342 2226 ab
2393 2188 2461 2227 eo
2520 2174 2862 2244 conspicitur
2893 2176 2957 2241 ⁷,
3014 2177 3109 2246 qui
3160 2177 3404 2247 ipsarum
3451 2178 3545 2249 pic

1946 2263 2243 2317 scientiam
2283 2264 2527 2333 colligat.

2014 2353 2127 2409 Aut
2155 2353 2297 2408 forte
2332 2354 2706 2424 philosophia,
2735 2370 2836 2425 per
2870 2374 3096 2413 carnem
3130 2360 3368 2414 actionis
3410 2360 3541 2415 fun-

1946 2440 2133 2495 ctione
2157 2440 2420 2494 virtutem
2455 2442 2679 2509 colens;
2712 2460 2819 2512 qua
2852 2461 3054 2515 corpus
3076 2457 3329 2502 nostrum
3360 2449 3541 2519 Spiri-

1949 2537 2038 2584 tus
2056 2532 2233 2585 sancti
2266 2532 2531 2600 templum
2567 2533 2848 2599 ell‘ectum,
2884 2539 3270 2593 mandatorum
3303 2542 3538 2610 pulchre

1945 2624 2285 2677 ornamentis
2320 2624 2729 2679 comdilicatur:
2764 2626 2831 2680 ad
2860 2644 3024 2696 quam
3051 2630 3318 2686 Dominus
3346 2648 3543 2689 rursus

1946 2713 2195 2778 deducit,
2246 2714 2342 2783 qui
2373 2714 2733 2784 diligentibus
2770 2718 2972 2787 ipsum,
3012 2721 3177 2775 etiam
3239 2739 3425 2778 rerum
3478 2725 3537 2781 in

1944 2812 2230 2873 aspectum
2254 2804 2568 2859 cadentium
2599 2808 2884 2861 scientiam
2903 2810 3204 2880 largiatur;
3232 2814 3538 2885 doceatque

1946 2904 2183 2951 terrente
2212 2897 2377 2968 hujus
2400 2914 2465 2953 ac
2497 2901 2748 2955 mortalis
2777 2903 2959 2957 carnis
2980 2904 3357 2961 membrorum
3392 2923 3540 2962 mor-

1947 2987 2329 3043 tiﬁcationcm.

2016 3082 2166 3146 Sive,
2192 3090 2253 3135 ut
2279 3083 2470 3153 paucis
2494 3084 2802 3154 expediam,
2824 3087 3019 3143 civitas
3042 3092 3283 3159 praesidii
3315 3109 3381 3149 ac
3407 3110 3534 3150 mu-

1949 3172 2256 3229 nitionibus
2282 3175 2483 3237 cinCta,
2524 3175 2682 3230 docta
2711 3185 2796 3231 est
2827 3190 3013 3234 rerUm
3039 3181 3368 3250 spiritalium
3398 3200 3534 3241 con-

1952 3268 2256 3337 templatio.
2284 3262 2520 3323 ldumaca
2552 3285 2709 3334 vero,
2739 3287 2954 3336 eorum,
3013 3290 3133 3343 qua:
3165 3292 3326 3330 sensu
3349 3276 3532 3347 perci-

1948 3359 2487 3428 piuntur,seientia;
2524 3361 2593 3415 ad
2626 3376 2764 3431 quas
2808 3364 3034 3419 deducit
3061 3366 3385 3437 dirigitque,
3429 3369 3526 3439 qui

1948 3451 2063 3504 sola
2122 3450 2221 3505 Dei
2273 3452 2536 3521 sapientia
2575 3453 2627 3515 ⁸,
2675 3453 2995 3524 unigenitus
3057 3456 3231 3513 Filius
3292 3460 3530 3516 exsistit.

1947 3540 2316 3608 Quamobrem
2350 3543 2594 3597 subdens
2613 3544 2909 3613 Propheta,
2943 3548 3021 3602 ait
3049 3565 3062 3601 :

2017 3634 2182 3688 Vens.
2229 3632 2297 3686 12
2341 3634 2530 3687 Nonne
2562 3643 2639 3698 tu,
2688 3634 2848 3699 Deus,
2875 3638 2964 3707 qui
2990 3640 3233 3709 repulisti
3258 3643 3393 3696 nos?

2018 3724 2137 3778 Hoc
2166 3729 2272 3787 est,
2302 3731 2359 3777 tu
2382 3725 2547 3789 Deus,
2581 3726 2675 3793 qui
2701 3735 2729 3779 ιι
2762 3728 3039 3797 principio
3076 3739 3304 3801 propter
3333 3746 3531 3801 pecca-

1950 3822 2062 3869 tum
2077 3829 2179 3868 nos
2207 3814 2477 3881 repulisti,
2508 3813 2623 3881 ipse
2650 3825 2876 3884 propter
2902 3820 3114 3872 viscera
3137 3822 3533 3879 misericordia:

1951 3911 2061 3959 tum
2087 3904 2372 3966 misertuS,
2408 3894 2653 3957 deduce!
2707 3914 2809 3959 nus
2842 3907 2897 3959 in
2953 3908 3234 3964 civitatem
3286 3915 3533 3981 praesidii

1947 3986 2109 4066 353
2159 4002 2323 4063 atque
2378 3995 2686 4059 munitam;
2729 3996 3035 4067 ductorque
3083 4001 3196 4055 eris
3240 4018 3414 4072 usque
3472 4007 3531 4062 in

1949 4087 2269 4153 idem,
2300 4087 2456 4158 juxta
2488 4086 2888 4157 expositionem
2923 4090 2978 4143 in
3001 4093 3384 4160 superioribus
3416 4105 3531 4157 tra.

1949 4178 2140 4234 ditam.

2018 4296 2091 4360 Et
2114 4321 2219 4359 non
2246 4296 2553 4375 egredieris,
2578 4296 2741 4372 Deus,
2775 4304 2831 4359 in
2863 4305 3174 4360 exercitibus
3210 4311 3423 4367 nostris.

339 4471 415 4524 06
448 4470 559 4541 γὰρ
593 4470 928 4538 ἐξελεύσεται
950 4472 978 4522 6
1002 4471 1133 4532 Θεὸς
1167 4473 1225 4522 ἐν
1270 4470 1348 4541 τῷ
1386 4466 1475 4539 ἐφ’
1509 4466 1686 4541 ἑαυτῷ
1717 4460 1845 4545 θαρ-

2015 4474 2137 4530 Non
2160 4468 2309 4529 enim
2338 4468 2483 4530 Dens
2505 4491 2631 4531 cum
2658 4478 2753 4532 illo
2784 4479 3122 4549 egredietur,
3143 4482 3237 4552 qui
3272 4483 3328 4537 in
3349 4485 3534 4555 seipse

266 4562 476 4634 ροὖντι,
540 4564 633 4615 καὶ
680 4563 772 4614 ἐπὶ
809 4561 885 4633 τῷ
913 4561 1049 4632 τόξῳ
1077 4561 1371 4626 ἐλπίζοντι,
1400 4562 1541 4615 κατὰ
1578 4563 1676 4632 τὴν
1719 4566 1846 4634 ῥομ-

266 4653 435 4721 φαίαν
467 4651 890 4723 ἐπιγραφομένῳ
929 4651 1121 4704 ἑαυτοῦ
1147 4654 1428 4722 σωτήριον.
1470 4652 1609 4709 Ἀλλ’
1642 4655 1699 4705 ἐν
1730 4656 1844 4717 τοῖς

264 4744 323 4795 ὲν
347 4743 497 4815 αὐτῷ
528 4744 607 4813 τῷ
627 4743 746 4813 Θεῷ
772 4744 1087 4814 κερατιοῦσι
1120 4744 1246 4821 τοὺς
1281 4743 1530 4814 ἐχθροὺς,
1554 4744 1649 4798 καὶ
1676 4745 1739 4797 ἐν
1763 4745 1842 4814 τῷ

264 4833 490 4905 ὀνόματι
536 4834 699 4889 αὑτοῦ
734 4834 1067 4900 ὲξουδενοῦσι
1098 4830 1221 4897 τοὺς
1263 4836 1722 4905 ἐπανισταμένους
1745 4838 1842 4889 αὺ-

261 4925 396 4988 τοῖς,
438 4922 664 4985 εἰκότως
691 4925 719 4976 6
750 4922 882 4985 Θεὸς
914 4922 1253 4990 ἐξελεύσεται
1289 4925 1425 4993 πρὸς
1449 4923 1541 4977 τὸν
1567 4925 1710 4978 κατὰ
1731 4926 1840 4979 τῶν

263 5016 513 5085 ἀοράτων
538 5015 747 5086 ἐχθρῶν
778 5014 1033 5085 πόλεμον.

263 5109 375 5173 Δὸς
412 5106 554 5177 ἡμῖν
584 5106 875 5175 ,βοήθειαν
907 5107 976 5159 ἐκ
1012 5107 1292 5173 θλίψεως,
1326 5107 1421 5160 καὶ
1475 5110 1698 5177 ματαία
1727 5125 1843 5163 σω-

792 5201 963 5265 τηρία
980 5197 1312 5267 ἀνθρώπου.

336 5290 615 5354 Εὑκτικῶς
643 5290 820 5345 δέεται
846 5290 940 5342 τοῦ
974 5290 1109 5342 Θεοῦ
1141 5292 1235 5344 καὶ
1256 5292 1508 5363 Σωτῆρος
1558 5295 1623 5346 ἐκ
1672 5310 1843 5364 προσ-

263 5381 411 5436 ὠπου
461 5383 561 5453 τῆς
595 5383 784 5453 κοινῆς
836 5383 1095 5452 φύσεωςὸ
1126 5384 1438 5454 Προφήτης,
1472 5380 1689 5455 δοθῆναι
1715 5387 1843 5457 ἡμῖν

265 5474 517 5545 βοήθειαν
573 5476 637 5527 ὲκ
689 5475 789 5544 τῆς
832 5473 1063 5542 θλίψεως
1092 5490 1106 5503 ·
1138 5474 1336 5547 δηλαδὴ
1374 5476 1476 5546 τῆς
1506 5478 1844 5531 κατασκεδα-

266 5566 485 5635 σθεὶσης
515 5567 615 5638 τῆς
658 5566 870 5635 φύσεως
915 5564 1003 5616 διὰ
1043 5564 1143 5636 τὴν
1182 5566 1477 5635 ἁμαρτίαν,
1538 5566 1631 5621 καὶ
1680 5567 1841 5639 μέχρι

341 5734 361 5764 ν
561 5746 679 5793 uti,
708 5730 763 5785 5.
840 5728 861 5761 ⁸
892 5728 913 5781 1
946 5725 1075 5783 Cor.
1109 5743 1150 5796 ι,
1194 5727 1284 5785 24.
1363 5730 1385 5760 '
1418 5730 1561 5786 Psal.
1595 5748 1742 5797 XLIII,
1774 5733 1826 5797 6,
1864 5735 1913 5791 7.

1945 4566 2199 4632 conlidit,
2233 4576 2526 4637 speratque
2558 4568 2615 4622 in
2650 4585 2781 4627 arcu
2806 4586 2928 4637 suo,
2976 4587 3041 4627 ac
3077 4576 3173 4643 qui
3215 4576 3398 4646 gladio
3430 4594 3533 4634 suo

1944 4658 2179 4712 salutem
2224 4659 2455 4714 ascribit
2490 4677 2503 4713 :
2545 4661 2640 4715 sed
2665 4677 2789 4716 cum
2820 4663 2911 4728 iis,
2942 4664 3035 4732 qui
3068 4666 3120 4720 in
3146 4667 3265 4736 ipso
3297 4669 3533 4731 Domino

1943 4749 2213 4805 inimicos
2252 4750 2598 4807 ventilabunt
2639 4768 2809 4807 cornu
2835 4794 2849 4819 ,
2906 4764 2963 4809 et
3006 4756 3062 4809 in
3106 4758 3225 4827 ejus
3282 4762 3514 4816 nomine

1944 4850 2210 4911 aperuerit
2247 4843 2594 4914 insurgentes
2633 4846 2686 4899 in
2720 4847 2869 4916 ipsos
2898 4848 2940 4913 ’,
2968 4849 3168 4903 merito
3201 4851 3347 4905 Deus
3368 4867 3530 4921 egre~

1943 4931 2148 4996 dietur,
2175 4934 2241 4988 ad
2278 4935 2673 4990 conferendum
2706 4938 2971 4993 adversus
2998 4939 3308 4995 invisibiles
3336 4943 3533 5004 hostes

1943 5025 2199 5092 prmlium
2212 5065 2225 5078 .

2014 5115 2176 5169 Vens.
2214 5117 2301 5171 15.
2338 5117 2419 5171 Da
2452 5119 2599 5172 nobis
2661 5120 2924 5177 auxilium
2956 5121 3019 5174 de
3054 5122 3432 5192 tribulatione;
3481 5135 3532 5186 et

1942 5216 2081 5259 vana
2113 5205 2259 5261 salus
2283 5210 2531 5276 hominis,

2020 5297 2306 5354 Precantis
2334 5317 2486 5356 more.
2528 5302 2702 5356 Deum
2736 5320 2801 5359 ac
2828 5303 3170 5361 Salvatorcm
3210 5308 3527 5367 communia

1950 5388 2168 5457 generis
2201 5392 2423 5447 nomine
2453 5403 2606 5463 rogat
2632 5394 2925 5464 Propheta,
2961 5408 3021 5452 ut
3050 5398 3212 5455 detur
3242 5400 3401 5454 nobis
3426 5415 3529 5453 au-

1948 5478 2142 5531 xilium
2172 5481 2237 5535 de
2270 5480 2656 5549 tribulatione;
2681 5500 2803 5553 quae
2825 5487 3035 5541 scilicet
3063 5496 3295 5557 propter
3320 5504 3525 5558 peccat

1951 5577 2065 5623 tum
2097 5569 2151 5624 in
2192 5579 2446 5626 naturam
2502 5573 2610 5629 late
2653 5574 2830 5631 ellusa
2858 5585 2963 5643 est,
3002 5586 3167 5650 atque
3199 5579 3267 5634 ad
3319 5579 3528 5646 inferni
