3932 6326
445 315 546 377 871
1597 315 1661 377 S.
1700 314 1986 376 MAXIMI
2025 315 2533 380 CONFESSORIS
3601 315 3710 378 8'72

445 442 620 495 usque
651 436 836 496 portas
868 440 988 479 eam
1021 424 1246 494 premit.
1275 425 1373 479 Est
1396 425 1566 489 enim,
1627 433 1688 479 ut
1731 426 1998 490 existimo,

2156 428 2222 480 ὦν
2269 427 2364 481 τοῦ
2393 428 2547 499 ’ᾅδου
2598 427 2783 482 πυλῶν
2827 425 2999 497 αὐτὴν
3045 423 3484 496 καταπιεσάσης.
3514 424 3709 495 Θλίψις

445 517 746 579 tribulatio,
768 516 961 569 mortis
991 515 1112 570 dira
1135 516 1238 580 vis,
1289 531 1352 570 ac
1385 515 1722 580 dominatio;
1747 517 1998 570 auxilium

2157 520 2244 591 ἀρ,
2269 521 2391 573 κατ’
2421 519 2523 588 ἐμὲ
2561 519 2746 588 φάναι,
2779 520 2812 589 ἠ
2848 516 2945 570 τοῦ
2978 517 3206 571 Θανάτου
3239 518 3334 570 καὶ
3361 515 3465 585 τῆς
3499 516 3710 585 φθορᾶς

441 623 596 669 vero,
633 607 786 659 ﬁrma
815 621 912 676 per
968 607 1200 677 gratiam
1268 607 1694 663 resurrectionis
1755 623 1881 676 spes
1911 625 1923 660 :
1956 608 1994 661 ir

2153 628 2231 663 στι
2251 611 2506 681 τυραννὶς
2536 612 2631 663 καὶ
2651 611 2978 682 ἐπικράτεια
3005 623 3020 637 ⁸
3050 609 3269 679 βοήθεια
3307 608 3387 668 δὲ,
3431 609 3466 678 ἡ
3497 607 3588 660 διὰ
3607 612 3706 679 τῆς

441 714 601 766 quam
625 697 953 766 aspicientes
1003 699 1079 767 pii
1120 698 1394 765 homines,
1443 700 1639 754 mortis
1662 700 1994 765 maestitiam,

2154 701 2333 771 άριτος
2387 700 2581 772 βεϐαία
2631 702 2732 772 τῆς
2775 701 3124 763 ἀναστάσεως
3189 699 3346 762 ἐλπίς
3377 716 3391 729 ο
3449 699 3595 769 πρὸς
3638 700 3707 770 ῆν

438 791 588 844 nulla
622 789 845 843 tristitia
867 803 964 843 seu
999 789 1188 844 dolore
1214 789 1450 854 subacti,
1475 790 1728 844 tolerant.

2153 793 2428 862 φορῶντες
2479 795 2530 846 οἱ
2575 794 2844 858 εὐσεϐεῖς,
2872 793 2971 862 τὴν
2997 791 3092 844 τοῦ
3131 790 3364 844 θανάτου
3395 792 3706 860 κατήφειαν

2113 883 2335 945 ἀλύπως
2366 883 2737 952 διαφέρουσιν.

505 970 614 1024 Aut
637 985 828 1024 rursus
851 968 1137 1023 tribulatio
1161 977 1279 1034 est,
1305 969 1400 1036 qui
1429 967 1650 1022 virtutis
1674 981 1838 1021 causa
1858 966 2016 1020 labor

2186 977 2258 1029 Ἦ
2315 975 2478 1028 πάλιν
2536 974 2719 1043 θλίψις
2779 974 2947 1040 ἐστὶν,
3009 976 3038 1027 ὁ
3089 973 3230 1042 ὑπὲρ
3258 972 3464 1042 ἀρετῆς
3493 970 3703 1033 πόνοςο

438 1062 770 1132 suscipitur:
815 1063 1082 1116 auxilium
1108 1076 1263 1126 vero,
1283 1077 1405 1131 qum
1431 1077 1531 1131 per
1560 1061 1658 1116 Dei
1678 1060 1908 1130 gratiam
1935 1059 1990 1113 ill

2151 1065 2338 1136 οήθεια
2391 1067 2469 1128 δὲ,
2525 1069 2558 1136 ἡ
2589 1066 2780 1120 τοῦτον
2816 1064 3170 1135 διαδεχομένη
3202 1063 3346 1116 κατὰ
3374 1060 3512 1114 Θεοῦ
3547 1061 3704 1130 χάριν

437 1171 624 1210 comes
677 1163 783 1220 est,
832 1155 1291 1225 impcrturbatio;
1336 1155 1425 1208 cui
1485 1161 1799 1222 comparata
1833 1151 1990 1207 omni:

2153 1159 2392 1212 πάθειαο
2434 1159 2572 1230 πρὸς
2611 1159 2678 1229 ἢν
2736 1159 2884 1212 πᾶσα
2935 1155 3339 1225 συγκρινομένη
3396 1153 3705 1224 ἀνθρώπων

438 1246 727 1300 hominum
754 1247 922 1310 salus,
957 1246 1172 1300 vanitas
1191 1253 1277 1300 est
1304 1259 1626 1314 merumque
1659 1243 1796 1298 nihil
1819 1251 1877 1298 et
1897 1257 1991 1298 ces

2153 1251 2377 1320 ωτηρία,
2435 1249 2735 1320 ματαιότης
2785 1250 2903 1301 ἐστὶ
2939 1248 3035 1302 καὶ
3063 1246 3332 1316 παντελὴς
3363 1243 3706 1314 ἁνυπαρξία.

439 1337 600 1392 satio.
632 1336 691 1391 Id
711 1337 859 1390 enim
885 1336 1086 1404 merito
1105 1335 1402 1390 vanitatem
1435 1335 1728 1406 intelligas.

2115 1340 2286 1394 Τοῦτο
2309 1341 2417 1412 γὰρ
2454 1341 2662 1394 δίκαιον
2693 1338 2931 1393 νοεῖσθαι
2959 1338 3056 1408 τὴν
3091 1338 3455 1408 ματαιότητα.

506 1429 666 1486 Vens.
706 1428 790 1482 M.
820 1427 883 1482 In
911 1426 1019 1480 Deo
1047 1427 1306 1495 faciamus
1359 1430 1640 1488 virtutem:
1675 1435 1726 1481 et
1773 1428 1886 1498 ipse
1943 1427 2014 1482 ad

2154 1436 2228 1488 Er
2256 1431 2336 1496 τῷ
2369 1429 2491 1495 Θεῷ
2514 1429 2850 1499 ποιήσομεν
2876 1428 3158 1497 δύναμιν,
3191 1427 3286 1480 καὶ
3313 1426 3502 1491 αὐτὸς
3535 1426 3707 1490 ἐξου-

437 1516 663 1572 nihilum
696 1516 911 1570 deducet
941 1515 1256 1570 tribulantes
1275 1535 1388 1572 nos.

2393 1521 2643 1575 δενώσει
2681 1521 2825 1585 τοὺς
2869 1521 3192 1584 θλίϐοντας
3235 1517 3413 1587 ἡμᾶς.

506 1619 564 1673 1η
591 1620 701 1674 Deo
741 1619 948 1673 faciunt
995 1621 1281 1683 virtutem,
1312 1619 1404 1688 qui
1460 1636 1570 1674 non
1611 1620 1715 1674 sibi
1755 1619 1886 1688 ipsis
1912 1619 2014 1673 tri-

2195 1613 2284 1665 Ἐν
2313 1610 2391 1683 τῷ
2421 1611 2540 1681 Θεῷ
2571 1611 2786 1664 ποιοῦσι
2819 1611 3072 1680 δύναμιν,
3104 1610 3154 1662 οί
3195 1608 3269 1678 μὴ
3300 1608 3705 1678 ἐπιγράφοντες

435 1707 614 1762 buunt
637 1709 904 1763 virtutum
928 1708 1192 1774 facinora,
1214 1723 1392 1778 neque
1411 1724 1522 1763 sua:
1541 1707 1826 1776 sapientiae
1847 1706 1988 1760 ascri

2152 1707 2329 1767 αυτοῖς
2364 1702 2474 1756 τῶν
2503 1703 2716 1774 ἀρετῶν
2750 1703 2820 1756 τὰ
2856 1701 3276 1772 κατορθώματα,
3311 1699 3446 1770 μηδὲ
3471 1702 3541 1769 τῇ
3574 1701 3705 1751 ἑαυ-

433 1799 594 1865 bunt,
651 1800 797 1874 quod
855 1799 1040 1854 divina
1089 1799 1349 1871 mysteria
1392 1793 1899 1868 comprehendunt;
1952 1794 1986 1850 il

2151 1795 2226 1848 ῶν
2254 1795 2416 1866 σοφίᾳ
2447 1796 2547 1864 τὴν
2597 1795 2704 1848 τῶν
2763 1794 2922 1846 θείων
2981 1792 3298 1863 μυστηρίων
3345 1790 3701 1860 κατάληψιν·

435 1891 640 1960 quibus
689 1892 1162 1961 singularissimus
1205 1892 1323 1961 ipse
1367 1891 1533 1954 Deus,
1590 1898 1846 1958 totusque
1902 1887 1988 1942 im-

2150 1905 2174 1940 ν
2223 1881 2305 1949 οἷς
2359 1886 2521 1949 αὐτὸς
2555 1886 2584 1936 ὁ
2624 1884 2757 1948 Θεὸς
2811 1881 3144 1953 μονώτατος,
3188 1883 3284 1934 καὶ
3321 1880 3442 1943 ὅλος
3479 1881 3703 1950 χωρῶν,

436 1997 646 2045 means,
679 1997 897 2036 omnem
931 1982 1096 2036 eﬂicit
1119 1972 1379 2036 virtutem
1403 1997 1466 2036 ac
1500 1983 1667 2036 donat
1689 1979 1974 2035 scientiam

2152 1979 2296 2030 rdoav
2346 1975 2546 2048 ἀρετὴν
2601 1973 2894 2047 ἐργάζεται
2948 1974 3042 2026 καὶ
3099 1971 3383 2042 χαρίζεται
3441 1970 3653 2038 γνῶσιν
3685 2009 3705 2032 ,

437 2071 793 2126 adversantes
831 2088 1023 2126 omnes
1056 2088 1180 2126 cum
1204 2073 1422 2137 virtuti,
1463 2081 1576 2126 tum
1633 2071 1875 2125 scientia:
1907 2085 1990 2126 ne-

2149 2067 2404 2134 ξουδενῶν
2455 2067 2660 2128 πάντας
2706 2065 2834 2128 τοὺς
2881 2063 3291 2133 ἀντικειμένους
3334 2063 3401 2131 τῇ
3433 2078 3494 2113 τε
3524 2063 3702 2131 ἀρετῇ

435 2162 733 2230 quissimos
763 2162 1056 2226 dremones,
1084 2177 1149 2216 ac
1202 2177 1301 2232 per
1332 2162 1465 2216 vitia
1521 2171 1579 2216 et
1643 2161 1988 2230 ignorantian

2153 2155 2212 2208 at
2259 2157 2326 2224 τῇ
2377 2153 2575 2222 γνώσει
2631 2155 2903 2224 πονηροὺς
2935 2153 3216 2224 δαίμονας,
3247 2153 3340 2205 καὶ
3375 2152 3468 2205 διὰ
3501 2152 3703 2215 κακίας

437 2259 704 2305 conantes
724 2261 1002 2314 exterere,
1026 2268 1144 2315 eos,
1173 2251 1267 2320 qui
1295 2252 1473 2321 ipsum
1507 2261 1779 2314 metuunt,
1815 2251 1882 2304 ad
1926 2250 1990 2303 ni-

2151 2247 2208 2298 αἱ
2271 2244 2542 2313 ἀγνωσίας
2601 2243 2868 2296 ἐκθλίϐειν
2937 2243 3348 2314 ἐπιχειροῦντας
3404 2242 3536 2304 τοὺς
3610 2258 3704 2310 φο-

437 2341 613 2395 hilum
633 2342 916 2398 deducens
940 2352 1104 2413 atque
1137 2342 1454 2413 proﬂigans.
1479 2343 1599 2412 lpse
1625 2357 1860 2410 namque
1887 2340 1990 2394 uni‘

2149 2337 2410 2407 ουμένους
2437 2335 2620 2390 αὐτόν.
2649 2335 2822 2399 Αὐτὸς
2850 2336 2958 2406 γὰρ
2989 2335 3208 2388 πάντων
3225 2333 3466 2403 ὑπάρχει
3482 2334 3702 2404 Σωτὴρ,

437 2448 726 2488 versorum
757 2433 1008 2490 Salvator
1056 2435 1292 2498 exsistit,
1329 2435 1532 2504 quippe
1563 2450 1688 2489 cum
1720 2433 1885 2488 etiam
1936 2432 1990 2487 si

2149 2446 2195 2482 τι
2249 2429 2345 2483 καὶ
2393 2429 2612 2482 πάντων
2662 2428 3026 2499 Δημιουργός.
3051 2424 3210 2497 Λύτῷ
3237 2427 3272 2498 ἡ
3297 2425 3427 2490 δόξα
3458 2426 3543 2491 είς
3573 2425 3702 2488 τοὺς

438 2523 688 2579 omnium
724 2522 1008 2580 Conditor.
1039 2525 1145 2596 lpsi
1172 2526 1343 2596 gloria
1366 2526 1419 2578 in
1449 2527 1666 2581 saacula.
1705 2525 1899 2580 Amen.

1039 2525 1145 2596 lpsi
1172 2526 1343 2596 gloria
1366 2526 1419 2578 in
1449 2527 1666 2581 saacula.
1705 2525 1899 2580 Amen.
2114 2521 2335 2585 αἰῶνας.
2379 2520 2574 2591 Ἀμήν.

484 2698 3696 2742 W

1766 2853 1771 2858 ’
1869 2840 2252 2904 MONITUM.
2333 2881 2358 2902 .

1417 2988 1500 3043 Ad
1529 2986 1902 3059 expositionem
1931 2985 1988 3038 in
2021 2982 2327 3040 Orationem
2352 2983 2706 3040 Dominicam.

517 3099 900 3179 Declaranda
929 3101 1221 3164 Oratione
1251 3101 1579 3164 Dominica
1619 3097 1945 3179 desudavit
1973 3096 2120 3179 olim
2159 3097 2624 3179 praecipuorum
2661 3100 2913 3179 Patrum
2946 3099 3307 3179 Graecorum
3351 3099 3600 3179 pariter
3627 3120 3699 3166 ac

442 3177 802 3259 Latinorum
847 3179 1182 3259 industria;
1231 3183 1459 3258 quibus
1498 3179 1799 3259 Maximus
1842 3176 2010 3259 felici
2040 3176 2282 3259 conatu
2315 3176 2480 3255 pene
2516 3176 2943 3256 colaphonem
2984 3176 3224 3259 addidit
3267 3176 3412 3257 post
3452 3178 3700 3259 aliquot

439 3255 690 3328 smcula,
721 3274 829 3317 sua
858 3255 983 3336 hac.
1006 3255 1457 3336 lucubratione,
1487 3274 1610 3336 qua
1631 3258 1718 3336 sic
1739 3255 2237 3336 alteDominicos
2256 3255 2322 3315 in
2346 3271 2419 3316 ea
2447 3255 2683 3316 sensus
2698 3261 2758 3315 et
2787 3256 3104 3336 mysteria,
3123 3263 3192 3317 ut
3220 3255 3422 3328 vacat,
3452 3255 3700 3322 seu'sa-

439 3340 759 3422 crementa
800 3333 1085 3422 _reliquis_
1108 3335 1389 3422 pleniora
1418 3332 2524 3422 et'upiversgliora,quibus‘nostra
2568 3340 2822 3422 paratur
2860 3332 3049 3422 salus.
3077 3340 3353 3422 septena
3403 3352 3697 3422 numero,

440 3411 750 3551 ﬁxposuitt.
785 3410 1011 3474 Auctbr
1038 3410 1281 3476 Cdtenw
1314 3416 1380 3476 in
1405 3413 1635 3476 Matth.
1663 3429 1748 3484 γι,
1779 3410 2081 3472 (Ζοιάθτὶσ
2101 3413 2406 3489 vulgatus,
2439 3410 2740 3491 pleraque
2771 3410 2906 3473 haec
2933 3410 3183 3473 Maximi
3210 3412 3274 3473 in
3305 3429 3457 3475 suos
3486 3410 3700 3478 alveos

487 3505 712 3551 envavr
744 3533 761 3551 .

487 3490 761 3552 erivavit.

448 3689 3612 3718 W

1154 3849 1498 3985 ΤΟΥ
1570 3847 2094 3984 ΑΓΙΟΥ
2173 3770 2978 3982 ΜΑΞΙΜΟΥ

1607 4078 1922 4126 ΜΟΝΔΧΟΥ
1947 4080 2061 4128 ΚΑΙ
2086 4078 2529 4127 ΟΜΟΔΟΓΗΤΟΥ

863 4224 994 4281 ΕΙΣ
1024 4225 1170 4282 ΊἨΝ
1195 4225 1656 4281 ΠΡΟΣΕΥΧΗΝ
1690 4225 1822 4282 ΤΟΥ
1865 4227 2092 4283 ΠΑΤΕΡ
2117 4228 2336 4294 ΗΜΩΝ,
2373 4229 2575 4282 ΠΡΟΣ
2605 4231 2752 4288 ΕΝΔ
2786 4229 3290 4287 ΦΙΛΟΧΡΙΣΤΟΝ

1475 4393 2039 4487 ΕΡΜΗΝΕΙΑ
2090 4395 2690 4486 ΣΥΝΤΟΜΟΣ

1329 4732 1984 4864 SANCTI
2080 4739 2829 4936 MAXIMI.

1587 4985 1866 5030 HONACHI
1931 4987 2011 5031 ET
2075 4985 2520 5048 CONFESSORIS,

763 5137 1422 5235 OBATIONIS
1499 5143 2134 5238 DOMINICIE
2203 5152 2631 5259 BREVIS
2703 5151 3370 5244 EXPOSITIO

1453 5329 1544 5384 AD
1579 5329 1911 5397 QUEMDAM
1971 5332 2270 5392 ΕΗΒΙὸΤο
2314 5337 2657 5397 DEVOTUM.

510 5615 673 5686 3M
690 5617 873 5687 Ipsum
893 5635 924 5674 a
943 5621 1057 5675 Deo
1072 5630 1454 5676 conservatum
1477 5627 1690 5695 suscepi
1708 5627 1991 5684 dominum

2169 5634 2339 5688 Αὑτὸν
2388 5635 2656 5706 ἐδεξάμην
2699 5636 2789 5690 τὸν
2843 5636 3208 5705 θεοπρύλακτόν
3259 5656 3363 5709 μου
3415 5639 3677 5708 δεσπότην

444 5707 766 5772 meum,suis
788 5708 856 5763 ad
872 5724 958 5766 me
971 5711 1281 5767 venientem
1306 5713 1753 5784 auspicatissimis
1771 5718 1997 5788 litteris;

2121 5721 2198 5776 Βιὰ
2217 5721 2326 5776 τῶν
2380 5721 2542 5775 αὑτοῦ
2596 5724 2969 5794 πανευφήμων
3009 5707 3354 5798 γραμμάτων
3376 5707 3674 5799 παραγινό-

3897 1439 3899 1456 1
