3932 6326
195 321 302 409 '87:;

1179 307 1577 397 txrosrrio
1614 324 2022 399 onAr'Ioms
2062 309 2470 401 norimus.

3326 326 3435 406 διὰ

199 452 360 522 μενον
390 467 406 481 ο
458 438 547 501 τὸν
588 448 676 501 ἀεὶ
722 426 821 517 μὲν
861 447 1126 518 παρόντα,
1154 453 1248 502 καὶ
1269 453 1488 503 ἀπεῖναι
1510 449 1590 521 τῷ
1613 450 1773 504 πνεύ-

1877 453 1969 522 qui
1994 466 2213 522 semper
2238 444 2461 523 quldem
2497 442 2738 521 praesens
2762 442 2854 516 sit,
2883 438 2991 507 nec
3022 469 3254 522 usquam
3288 470 3445 525 pror»

199 559 329 611 ματι
367 540 642 603 παντελῶς
674 540 733 592 οὐ
759 539 1053 611 δυνάμενον
1078 555 1093 570 °
1147 541 1298 610 ὅμως
1352 541 1409 594 δὲ
1448 542 1519 595 δι’
1565 543 1766 612 ἀρετῆς

196 629 516 701 περιουσίαν
543 629 893 699 θεομιμήτως
930 628 1279 697 συγγίνεσθαι
1303 630 1416 692 τοῖς
1449 629 1613 682 αὑτοῦ
1643 629 1765 683 δού-

195 725 330 789 λοις,
368 723 461 776 καὶ
492 722 558 774 δι’
588 718 656 794 ἦς
682 724 710 775 ὀ
738 720 869 785 Θεὸς
894 718 1091 775 δέδωκε
1129 724 1196 792 τῇ
1225 720 1381 791 φύσει
1421 722 1763 792 προφάσεως,

194 817 298 868 οὐκ
327 813 785 891 ἁπαναινόμενον.
813 812 905 864 Διδ
932 810 1215 882 θαυμάσας
1246 812 1411 865 αὑτοῦ
1438 813 1499 865 τὺ
1538 812 1766 880 μέγεθος

192 908 295 975 τῆς
349 897 831 973 συγκαταϐάσεως,
874 901 1026 972 πόθῳ
1056 902 1362 974 σύγκρατον
1394 903 1483 956 τὸν
1511 903 1646 973 πρὸς
1672 905 1766 958 αὑ-

192 997 287 1050 τὸν
350 994 512 1064 φόϐον
568 994 916 1063 ἐποιησάμην
949 1008 962 1022 ⁸
1014 993 1108 1046 καὶ⁸
1155 994 1285 1063 μίαν
1331 993 1389 1057 ἐξ
1420 994 1762 1075 ἀμφοτέρων,

193 1088 365 1157 φόϐου
386 1105 443 1140 τε
476 1087 570 1140 καὶ
595 1086 783 1153 πόθου,
813 1085 1031 1155 ἀγάπην
1059 1086 1455 1155 ἐνεστησάμην,
1494 1086 1559 1139 δι’
1586 1086 1768 1151 αἰδοῦς

195 1181 294 1233 καὶ
339 1164 548 1243 εὐνοίας
586 1178 982 1250 συνισταμένην
1014 1194 1027 1208 ·
1078 1177 1168 1231 ἵνα
1200 1178 1338 1248 μήτε
1370 1180 1522 1248 μῖσος
1549 1180 1577 1232 6
1602 1178 1766 1248 φόϐος

192 1274 414 1343 γίνηται
462 1272 554 1325 τοῦ
580 1272 742 1325 πόθου
772 1270 1165 1343 γυμνούμενος,
1194 1271 1334 1341 μήτε
1368 1262 1769 1341 καταφρόνησις

190 1366 221 1417 ὁ
272 1361 458 1427 πόθος,
486 1361 578 1415 τὸν
610 1360 864 1430 σώφρονα
887 1359 1053 1429 φόϐον
1083 1360 1427 1429 συνημμένον
1458 1362 1556 1414 οὐκ
1582 1361 1719 1431 ἔχων
1751 1377 1766 1391 ⁸

192 1453 336 1507 ἀλλὰ
369 1453 531 1521 νόμος
579 1453 612 1522 ὴ
675 1451 864 1520 ἀγάπη
910 1450 1255 1520 τυγχάνουσα
1304 1447 1488 1521 δειχθῇ
1537 1446 1770 1523 στοργῆς

194 1543 523 1607 ἐνδιάθετος,
576 1543 724 1597 ἆπαν
769 1542 832 1595 τὸ
883 1541 1026 1595 κατὰ
1058 1541 1218 1609 φύσιν
1252 1542 1513 1610 συγγενὲς
1530 1540 1770 1595 οἰκειού-

191 1650 362 1705 μενος
397 1649 409 1660 ·
448 1633 517 1686 δι’
549 1632 759 1695 εὐνοίας
804 1632 922 1701 μὲν,
967 1630 1029 1683 τὸ
1065 1633 1220 1701 μῖσος
1272 1630 1620 1702 χειρούμενος
1643 1648 1657 1663 ·
1700 1630 1768 1683 δι’

196 1723 393 1786 αἰδοῦς
425 1722 503 1785 δὲ,
545 1720 731 1794 πόρρω
760 1721 1079 1793 ποιούμενος
1114 1721 1211 1792 τὴν
1234 1720 1639 1793 καταφρόνησιν
1663 1739 1677 1751 ⁶
1712 1721 1770 1775 ὃν

1875 559 1971 599 sus
2002 544 2197 612 spiritu
2228 544 2420 598 abesSe
2450 536 2655 612 possit;
2677 534 2781 598 nec
2801 536 3020 599 virtutis
3052 554 3233 600 tamen
3268 546 3445 603 abun-

1874 630 2082 694 dantia,
2128 638 2235 691 Deo
2260 647 2399 700 pene
2421 620 2566 685 amni
2592 628 2804 686 ratione
2829 630 3155 703 dedignetur
3181 626 3306 688 eum
3334 651 3446 689 ser-

1872 720 1958 775 vis
1982 722 2097 776 suis
2126 722 2241 790 ipse
2270 716 2550 791 congredi,
2594 720 2651 777 ac
2681 714 2788 792 qua
2814 724 2958 777 Deus
3009 722 3222 778 natura:
3287 718 3446 779 oeca-

1875 810 2028 865 sione
2059 811 2350 866 coneessit.
2374 806 2739 877 Quamobrem
2765 800 2886 884 ejus
2906 829 2965 869 se
2991 814 3061 869 ita
3090 815 3225 870 mihi
3251 806 3446 871 demit-

1840 958 1857 976 κ
1873 902 2038 957 tentis
2058 892 2129 957 ac
2162 898 2478 957 inclinantis
2498 893 2801 958 admiratus
2818 905 2988 959 animi
3018 892 3445 977 magnitudinem

1873 1009 1981 1064 quo
1996 994 2172 1064 ipsum
2201 1011 2526 1066 prosequor,
2546 995 2799 1050 timorem
2826 996 3100 1053 desiderio
3125 990 3444 1071 temperavi;

1868 1090 2149 1155 'unamque
2172 1078 2240 1140 ex
2265 1086 2536 1141 ambobus
2565 1086 2783 1157 (timore
2805 1089 3020 1143 scilicet
3037 1104 3103 1144 ac
3134 1089 3444 1161 desiderio)

1873 1166 2246 1243 dilectionem,
2274 1176 2593 1233 reverentiae
2614 1192 2678 1233 ac
2726 1176 3126 1236 benevolentia;
3156 1166 3449 1237 affectibus

1871 1263 2240 1331 constantem,
2266 1267 2516 1335 institui;
2550 1264 2740 1324 utnec
2768 1270 2933 1324 timor
2966 1269 3243 1345 desiderio
3282 1264 3447 1327 desti-

1875 1366 2027 1412 tutus
2056 1357 2113 1412 in
2156 1358 2345 1412 odium
2376 1358 2695 1430 degeneret,
2723 1376 2904 1429 neque
2935 1361 3178 1421 vicissim
3228 1348 3447 1418 deside-

1875 1449 2018 1501 rium
2054 1448 2111 1503 in
2130 1442 2505 1518 contemptum
2527 1440 2706 1515 cedat,
2763 1452 2913 1521 quod
2958 1449 3067 1507 ima
3120 1455 3448 1525 coniunctus

1875 1539 2099 1596 sobrius,
2123 1556 2187 1597 ac
2213 1550 2397 1596 castus
2430 1541 2593 1596 timor
2618 1542 2795 1611 ipsum
2826 1535 3076 1610 deﬁciat}
3112 1530 3212 1600 'sed
3230 1546 3447 1601 dilectio

1873 1633 2082 1688 amoris
2106 1633 2193 1688 lex
2209 1633 2453 1703 penitius
2476 1628 2668 1688 "animo
2690 1634 2867 1689 indita
2892 1636 3447 1709 appare‘at,quidquid

1877 1733 2071 1776 natura
2103 1711 2395 1793 cognatum
2429 1731 2515 1777 est
2542 1723 2846 1778 concilians
2872 1716 3089 1795 sibique
3116 1726 3446 1792 vindicans;

190 1817 270 1887 ’δὴ
306 1817 538 1887 μάλιστα
561 1790 799 1878 πάντων,
845 1790 989 1884 φημὶ
1033 1814 1091 1867 δὲ
1123 1790 1214 1866 τόν
1259 1790 1442 1882 φόϐον,
1486 1790 1586 1885 τῆς
1620 1813 1772 1878 θείας

1877 1828 1936 1867 ac
1968 1830 2111 1882 quae,
2143 1813 2525 1869 benevolentia
2549 1813 2793 1883 quidem,
2818 1814 3005 1869 odium
3022 1816 3235 1886 ‘subigat
3256 1857 3273 1883 ,
3297 1833 3448 1872 reve-

190 1909 425 1978 ἀγάπης
467 1906 786 1961 συστατικὸν
824 1902 1078 1975 ἐπιγνοὺς
1106 1904 1272 1958 Δαϐἶδ
1298 1907 1325 1958 6
1354 1906 1641 1975 μακάριος,
1667 1922 1773 1975 φη-

193 2000 309 2051 σίν·
354 1998 415 2051 '0
434 1997 617 2065 φόϐος
654 1995 870 2065 Κτιρίου
909 1994 1113 2063 ἁγνὸς,
1145 1993 1439 2063 διαμένων
1472 1995 1560 2061 εὶς
1588 1994 1774 2047 αἰῶνα

189 2088 421 2155 αιῶνος
448 2104 462 2118 ⁶
512 2087 598 2139 Et:
610 2104 700 2157 ρον
744 2086 945 2157 δηλαδὴ
977 2084 1163 2138 τοῦτον
1195 2084 1368 2147 εἰδὼς,
1396 2085 1544 2155 παρὰ
1573 2084 1662 2141 τὸν
1686 2084 1772 2137 ἐπ’

191 2178 508 2248 ἐγκλήμασι
530 2176 641 2230 δὲει
669 2175 938 2246 τιμωρίας
962 2174 1350 2245 συνιστάμενον
1378 2174 1542 2244 φόϐον
1566 2191 1579 2204 ·
1613 2173 1773 2245 εἴπερ

191 2272 229 2323 ὁ
259 2246 365 2338 μὲν
386 2246 495 2333 ἔξω
523 2268 751 2336 γίνεται,
780 2269 851 2337 τῇ
906 2265 1178 2338 παρουσίᾳ
1220 2266 1318 2336 τῆς
1341 2265 1558 2335 ἀγάπης
1580 2281 1778 2318 παντε-

108 2382 116 2387 ·
193 2360 309 2423 λῶς
340 2358 748 2429 ἀφανιζόμενος,
771 2357 846 2421 ὣς
870 2375 972 2410 που
998 2359 1110 2419 τοῖς
1135 2357 1329 2410 ἑαυτοῦ
1356 2357 1533 2424 λόγοις
1559 2358 1587 2409 6
1604 2354 1776 2426 μέγας

195 2448 592 2521 εὐαγγελιστὴς
620 2449 870 2519 Ἰωάννης
887 2449 1183 2515 δείκνυται,
1201 2450 1441 2517 φάσκων·
1470 2450 1539 2503 Ἠ
1576 2444 1777 2518 ἀγάπη

193 2543 319 2607 ἔξω
342 2541 565 2606 ,ϐάλλει
584 2541 691 2595 τὸν
716 2542 905 2610 φόϐον
929 2557 941 2569 ·
975 2542 1002 2595 6
1023 2540 1104 2605 δὲ,
1133 2541 1224 2594 τὸν
1252 2540 1348 2610 τῆς
1369 2537 1602 2610 ἀληθοῦς
1624 2556 1779 2611 στορο

196 2633 307 2701 γῆς
333 2632 577 2702 φυσικῶς
621 2632 1024 2703 χαρακτηρίζει
1065 2631 1226 2703 νόμον
1252 2648 1266 2661 ο
1304 2630 1443 2684 αἰδοῖ
1501 2626 1779 2699 συπηρῶν

196 2703 293 2784 εἰς
344 2722 515 2776 αἰῶνα
553 2725 667 2785 τοῖς
712 2723 905 2791 ἁγίοις,
954 2726 1090 2795 πρός
1114 2739 1171 2774 τε
1201 2720 1333 2775 Θεὸν
1366 2721 1459 2774 καὶ
1489 2720 1771 2791 ἀλλήλους,

197 2814 297 2865 τὸν
332 2813 433 2882 τῆς
464 2814 683 2885 ἀγάπης
734 2813 931 2885 θεσμόν
986 2820 1045 2866 τε
1099 2813 1194 2866 καὶ
1244 2812 1440 2885 τρόπον
1494 2810 1773 2875 παντελῶς

196 2904 547 2977 ἀδιάφθορον.

1873 1903 2053 1957 rentia
2098 1910 2284 1957 autem
2318 1942 2333 1962 ,
2388 1900 2765 1973 contemptum
2837 1896 3030 1974 procul
3107 1906 3446 1961 submoveat.

1871 1991 2029 2048 Hunc
2052 1992 2269 2065 (nempe
2301 1990 2573 2060 timorem)
2601 2010 2726 2048 cum
2774 1994 2968 2049 beatus
2991 1995 3160 2050 David
3182 1987 3448 2066 ejusmodi

1874 2093 2082 2148 nosset,
2119 2076 2310 2153 utpraa
2338 2084 2596 2139 omnibus
2645 2086 2879 2139 maxime
2908 2080 3119 2140 ‘divinae
3170 2085 3448 2142 dilectioni

1875 2168 2245 2242 comparatus,
2270 2173 2421 2228 illius
2436 2166 2593 2228 velut
2625 2172 3030 2231 constituendae
3051 2192 3116 2231 ac
3151 2176 3452 2248 insignien-

1875 2262 1958 2319 die
1993 2265 2045 2319 vi
2069 2265 2333 2335 prteditus
2372 2266 2464 2330 sit,
2496 2262 2572 2321 ita
2600 2265 2722 2321 inﬁt
2748 2284 2760 2319 :
2800 2264 2980 2321 Timor
3007 2267 3221 2322 Domini
3242 2278 3449 2333 castus,

1878 2383 2193 2436 permanens
2228 2368 2284 2421 in
2311 2365 2569 2422 saeculum
2594 2349 2773 2422 secuti
2799 2368 2859 2433 ’ζ
2924 2368 3019 2437 qui
3064 2385 3264 2440 nempe
3305 2371 3452 2425 hunc
3524 2432 3527 2435 λ

1878 2452 2047 2506 alium
2066 2453 2318 2509 timorem
2341 2470 2451 2509 non
2482 2454 2779 2525 ignoraret,
2806 2455 2898 2524 qui
2917 2468 3064 2512 metu
3082 2473 3277 2528 poenae,
3294 2459 3365 2515 ob
3385 2476 3449 2516 ea

1880 2534 2001 2611 quae
2031 2542 2156 2612 quis
2201 2544 2342 2597 mala
2366 2542 2625 2613 patravit,
2664 2544 2974 2599 concrescit
3009 2563 3023 2598 :
3065 2547 3270 2616 quippe
3323 2563 3448 2602 eum

1879 2631 1973 2687 ille
2008 2633 2318 2689 dilectionis
2350 2634 2586 2688 adventu
2637 2627 2862 2705 penitits
2886 2638 3248 2703 evanescens,
3285 2654 3448 2694 exce-

1880 2723 1996 2786 dat,
2021 2726 2100 2779 uti
2132 2726 2370 2794 quodam
2400 2726 2521 2780 loco
2556 2719 2791 2797 magnus
2834 2727 3075 2783 Joannes
3119 2723 3450 2800 evangelista

1873 2806 2101 2886 seriptis
2122 2816 2238 2870 suis
2281 2816 2544 2882 ostendit,
2598 2810 2675 2871 ita
2707 2817 2941 2887 loquens
2973 2835 2987 2870 :
3015 2816 3262 2875 Charitas
3307 2821 3449 2892 {oras

1871 2898 2031 2959 mittit
2055 2900 2300 2961 timorem
2320 2907 2339 2937 ³
2364 2925 2379 2974 ;
2406 2907 2498 2962 hic
2521 2916 2726 2972 autem,
2751 2908 2865 2963 veri
2894 2918 3088 2963 natura
3133 2913 3339 2966 amoris
3366 2912 3446 2967 le-

194 3017 328 3073 gem
352 3000 614 3071 peculiari
643 3002 794 3056 velut
815 3012 945 3058 nota
973 3000 1259 3072 insigniat;
1283 2998 1546 3095 345qui
1567 3002 1763 3070 nempe
1777 3000 2018 3057 modesti
2052 3001 2221 3056 animi
2260 2998 2569 3056 reverentia
2598 3002 2973 3073 incorruptam
3012 3002 3237 3061 omnino
3277 3007 3451 3079 legem

199 3097 539 3167 modumque
564 3098 895 3162 dilectionis,
922 3112 1031 3168 qua
1061 3104 1178 3151 tum
1215 3097 1350 3160 Deo,
1383 3092 1501 3150 tum
1538 3094 1631 3150 alii
1654 3095 1778 3151 aliis
1815 3094 1993 3179 δρυὸιί
2018 3096 2263 3168 proclive
2296 3107 2545 3163 utuntur,
2571 3093 2624 3152 in
2659 3114 2836 3153 aevum
2865 3092 3159 3156 custodiat.

275 3188 435 3259 Πόθῳ
483 3188 632 3257 γοῦν,
686 3189 761 3253 ὡς
820 3188 979 3261 ἔφην,
1020 3188 1177 3257 κάγὼ
1210 3188 1448 3260 κεράσας
1475 3186 1566 3241 τδν
1594 3186 1773 3257 φόϐον,

1922 3264 1925 3267 _
1955 3189 2075 3260 Ipse
2112 3204 2333 3259 quoque
2381 3182 2568 3261 igitur,
2600 3188 2681 3244 uti
2706 3189 2977 3255 dicebam,
3011 3191 3263 3247 timorem
3303 3193 3451 3249 desi-

198 3275 341 3346 πρδς
370 3276 460 3328 τὸν
492 3275 621 3346 ἐμὸν
653 3277 947 3345 Δεσπότην,
1005 3274 1193 3332 τοῦτον
1238 3275 1337 3345 τῆς
1386 3275 1606 3347 ἀγάπης
1650 3294 1775 3331 συν-

196 3366 519 3440 εστησάμην
547 3366 639 3423 τὸν
677 3370 838 3439 νόμον
866 3370 1027 3440 μέχρι
1064 3372 1162 3439 τῆς
1193 3370 1434 3439 σήμερον
1461 3384 1476 3399 ⁸
1512 3368 1650 3421 αἰδοῖ
1678 3368 1776 3439 μὲν

197 3456 299 3512 τοῦ
348 3463 581 3530 γράφειν
625 3460 960 3531 εἰργόμενος,
1001 3459 1088 3511 ἵνα
1135 3459 1210 3530 μὴ
1249 3458 1391 3531 λάϐῃ
1414 3457 1777 3531 χώρανήκα-

199 3552 536 3620 ταφρόνησις
566 3567 582 3583 ο
610 3550 801 3621 εὐνοίᾳ
824 3550 880 3603 δὲ
913 3549 1047 3619 πρὸς
1072 3552 1131 3603 τὸ
1161 3539 1393 3621 γράφειν
1444 3548 1774 3619 ὠθούμενος,

201 3644 296 3695 ἵνα
311 3640 386 3713 μὴ
400 3640 628 3712 νομισθῇ
652 3644 804 3711 μῖσος
820 3642 854 3711 ή
870 3641 1048 3694 τελεία
1064 3641 1156 3694 τοῦ
1176 3641 1407 3712 γράφειν
1424 3642 1774 3712 παραίτησις.

200 3732 410 3802 Γράφω
443 3732 521 3797 δὲ,
550 3732 707 3785 τοῦτο
745 3732 1001 3801 πράττειν
1040 3731 1413 3803 κελευόμενος,
1443 3734 1539 3803 οὐχ
1561 3734 1660 3786 ὅσα
1693 3731 1778 3785 λο-

200 3825 428 3894 γίζομαι
455 3839 471 3855 °
520 3823 804 3893 Aorm'uo‘l
854 3822 962 3890 τὰρ
1006 3821 1330 3890 ἀνθρώπων
1375 3821 1582 3885 δειλοὶ,
1637 3820 1778 3874 κατὰ

200 3919 306 3990 τὴν
357 3918 616 3988 Γραφήν·
668 3910 781 3970 ἀλλ’
831 3917 932 3970 ὅσα
984 3913 1234 3985 βούλεται
1271 3913 1424 3979 Θεὸς,
1473 3914 1566 3967 καὶ
1597 3913 1778 3984 χάριτι

200 4009 348 4080 πρὸς
375 4008 470 4079 τὴν
494 4005 586 4062 τοῦ
627 4007 997 4078 συμφέροντος
1046 4005 1259 4074 γένεσιν
1308 4005 1641 4058 ἐπιδίδωσιν.
1710 4002 1781 4057 Ἦ

200 4096 318 4166 γὰρ
349 4094 554 4162 ,Βουλὴ
596 4093 704 4148 τοῦ
745 4094 965 4162 Κυρίου
1006 4086 1103 4164 (l),
1162 4091 1327 4163 φησιν
1372 4092 1401 4144 6
1455 4090 1640 4157 Δαϐὶδ,
1692 4090 1781 4154 εις

199 4186 318 4241 τὸν
343 4185 528 4241 αῑῶνα
547 4184 715 4255 μένει
745 4202 761 4216 ο
821 4180 983 4253 ὶογιο
998 4184 1092 4252 μοὶ
1145 4181 1255 4251 τῆς
1300 4181 1538 4251 καρδίας
1593 4179 1780 4235 αὐτοῦ

200 4280 298 4345 εὶς
329 4268 547 4349 γενεὰν
575 4277 673 4331 καί
726 4275 927 4345 γενεάν
1016 4275 1210 4346 βουλὴν
1251 4274 1349 4346 μὲν
1396 4273 1558 4344 τυχὸν
1603 4273 1780 4343 φήσας

202 4370 304 4427 τοῦ
338 4367 472 4423 Θεοῦ
512 4369 610 4423 καὶ
639 4367 872 4439 Πιτρὸς,
903 4385 1000 4437 την
1021 4368 1112 4420 ἐπὶ
1143 4363 1335 4420 θεώσει
1365 4364 1467 4435 τῆς
1504 4364 1781 4435 ἡμετέρας

194 4462 427 4534 φύσεως
456 4460 764 4532 ἀπόρρητον
816 4460 1046 4515 κένωσιν
1108 4456 1205 4511 τοῦ
1255 4455 1578 4527 μονογενοῦς
1625 4453 1778 4521 Υίοῦ,

1882 3282 2036 3339 derio
2082 3290 2423 3353 temperans,
2472 3279 2615 3334 banc
2668 3280 2932 3336 hactenus
2980 3296 3107 3351 erga
3159 3282 3451 3339 Dominum

1881 3388 2064 3427 meum
2100 3371 2312 3428 institui
2338 3368 2653 3427 dilectionis
2678 3370 2951 3442 regulam;
2996 3385 3159 3442 quem
3192 3386 3451 3430 reveren-

1883 3463 1956 3517 tia
1987 3461 2208 3532 quidem
2258 3462 2327 3516 ab
2361 3461 2656 3517 scribendo
2686 3462 2985 3524 deterreat,
3010 3477 3077 3516 ne
3105 3464 3287 3517 forsan
3321 3457 3454 3517 con-

1884 3562 2122 3624 temptus
2157 3538 2382 3620 subeat;
2428 3552 2812 3608 benevolentia
2860 3566 3045 3608 autem
3097 3553 3164 3609 ad
3205 3554 3454 3609 scriben—

1883 3643 2013 3697 dum
2067 3643 2332 3713 impellat,
2389 3657 2460 3697 ne
2526 3643 2753 3698 omnino
2804 3643 3083 3698 scribendi
3144 3645 3459 3700 detrectans

1883 3743 2069 3804 partes
2099 3736 2282 3790 odisse
2320 3735 2533 3789 videar.
2570 3734 2768 3790 Scribo
2799 3745 3005 3801 autem,
3037 3738 3132 3807 qui
3164 3739 3245 3792 sic
3272 3740 3459 3808 jussus

1885 3825 2009 3889 sim,
2035 3841 2144 3880 non
2172 3841 2294 3895 quae
2328 3826 2591 3894 cogitanti
2620 3838 2955 3881 succurrunt
2982 3829 3202 3893 omnia;
3237 3845 3362 3883 nam
3399 3839 3461 3885 ut

1884 3915 2128 3984 loquitur
2151 3915 2433 3984 Scriptura
2461 3934 2475 3968 :
2511 3915 2863 3986 Cogitationes
2896 3919 3167 3972 hominum
3190 3921 3456 3989 timidw’;

1884 4006 1979 4061 sed
2014 4022 2362 4077 quaecunque
2391 4023 2459 4062 ex
2495 4007 2594 4062 Dei
2624 4015 2753 4062 sunt
2781 4008 3084 4073 voluntate,
3118 4026 3184 4066 ac
3215 4026 3338 4081 qua:
3371 4013 3460 4067 ille

1884 4104 2073 4177 gratiae
2110 4119 2359 4171 munere,
2386 4113 2449 4158 ut
2490 4103 2840 4160 commodum
2891 4105 3098 4176 aliquid
3148 4109 3457 4177 proveniat,

1885 4194 2081 4250 tribuit
2116 4204 2280 4265 atquc
2314 4195 2632 4267 suppeditat
2661 4214 2674 4250 :
2711 4194 3001 4252 Consilium
3049 4198 3196 4253 enim
3224 4198 3457 4262 Domini,

1884 4289 2065 4359 inquit
2091 4287 2284 4355 David,
2306 4290 2361 4342 in
2386 4298 2641 4343 cateruam
2670 4298 2883 4355 manet;
2923 4291 3262 4360 cogitationes
3291 4294 3461 4347 cordis

1886 4378 1999 4448 ejus
2041 4378 2097 4432 in
2135 4379 2528 4448 generationem
2578 4386 2628 4430 et
2673 4379 3139 4449 generationem‘;
3167 4382 3460 4437 consilium

1886 4467 2029 4522 forte
2070 4468 2353 4538 appellans
2384 4469 2482 4525 Dei
2508 4483 2573 4523 ac
2601 4469 2801 4533 Patris,
2827 4485 2992 4539 quam
3026 4472 3341 4542 unigenitus
3375 4474 3462 4529 γε.

203 4555 334 4609 καθ’
365 4555 430 4625 ἣν
457 4552 570 4623 ἔχει
605 4553 821 4605 πάντων
850 4550 957 4605 τῶν
991 4549 1202 4604 αἰώνων
1227 4548 1289 4602 τὸ
1312 4548 1485 4619 πέρας
1512 4563 1773 4618 περιγρα-

1882 4560 1991 4613 lins
2022 4559 2188 4613 nullis
2230 4559 2417 4615 verbis
2446 4560 2829 4630 explicabilem
2876 4563 3140 4634 suscepit,
3171 4564 3240 4618 ad
3289 4580 3462 4634 genus

206 4646 444 4717 φόμενον
474 4661 489 4676 ο
528 4634 905 4714 λογισμοὺςδὲ
934 4641 1035 4711 τῆς
1069 4640 1292 4711 καρδίας
1324 4638 1509 4696 αὐτοῦ.
1537 4639 1663 4702 τοὺς
1684 4640 1782 4709 τῆς

1888 4649 2189 4704 humanum
2239 4650 2441 4706 deitate
2486 4651 2826 4718 donandum,
2852 4653 3314 4722 exinanitioncm;
3356 4673 3463 4726 qua

207 4735 471 4808 προνοίας
511 4733 607 4788 καὶ
652 4736 754 4804 τῆς
784 4732 1016 4805 κρίσεως
1040 4730 1232 4798 λόγους
1251 4745 1266 4761 ο
1317 4728 1437 4782 καθ’
1466 4727 1561 4792 οὓς
1596 4729 1697 4798 τήν
1724 4745 1773 4781 τε

1882 4740 2138 4799 videlicet
2185 4741 2431 4798 omnium
2480 4743 2643 4797 tinem
2722 4745 3049 4800 saaculorum
3118 4746 3467 4805 circumscri-

208 4827 498 4898 παροῦσαν
547 4824 704 4896 ἡμῶν
748 4822 893 4896 ζωὴν
947 4823 1043 4877 καὶ
1094 4821 1192 4893 τὴν
1241 4821 1556 4891 μέλλουσαν.
1596 4820 1773 4892 ὥσπερ

1886 4836 2041 4899 ptum
2068 4830 2237 4886 habet
2276 4849 2289 4885 :
2321 4831 2686 4902 cogitationes
2717 4849 2848 4889 vero
2886 4836 3071 4891 cordis
3103 4838 3243 4908 ejus,
3283 4840 3466 4908 provi-

206 4919 367 4979 τινας
400 4915 587 4993 γενεὰς
619 4914 903 4986 διαφόρους
940 4911 1116 4982 σοφῶς
1134 4912 1390 4980 διεξάγει,
1436 4909 1773 4981 καταλλήλως

1886 4920 2087 4976 dentiaa
2112 4935 2175 4975 ac
2216 4921 2411 4992 judicii
2448 4924 2688 4979 rationes
2716 4925 2936 4994 quibus,
2958 4932 3073 4979 tum
3118 4936 3464 4995 praesentem,

209 4992 423 5080 ἑκάστη
441 5006 531 5060 τὸν
564 5006 838 5077 πρέποντα
883 5004 1082 5076 τρόπον
1127 5003 1228 5074 τῆς
1273 5001 1555 5073 ἐνεργείας
1605 5018 1751 5073 προσ

1888 5024 2051 5079 quam
2099 5010 2312 5079 agimus
2354 5012 2544 5078 vitam,
2590 5023 2707 5067 tum
2756 5013 3018 5080 futuram,
3073 5030 3173 5070 ceu
3222 5015 3468 5070 diversas

210 5105 415 5173 νέμων.
1891 5098 2156 5167 quasdam
2185 5101 2569 5170 generationes
2611 5104 2890 5172 sapienter
2926 5104 3164 5158 traducit
3191 5105 3467 5175 transigit-

209 5208 346 5264 que,
376 5208 615 5265 congrua
645 5191 845 5261 cuique
881 5186 1094 5245 ratione
1140 5187 1560 5243 convenientem
1611 5188 1950 5257 operationis
2009 5189 2233 5244 modum
2293 5190 2546 5247 dividens
2601 5208 2665 5247 ac
2702 5193 3044 5263 impartiens.

291 5382 352 5436 Ei
383 5383 438 5436 δὲ
465 5382 615 5445 θείας
638 5380 870 5452 ὑπάρχει
902 5379 1093 5451 βουλῆς
1124 5378 1284 5450 ἔργον
1337 5379 1371 5448 ἡ
1391 5377 1491 5447 τῆς
1517 5376 1773 5449 ἡμετέρας

1963 5376 2119 5442 Quod
2152 5376 2198 5430 si
2240 5377 2411 5432 divini
2453 5377 2665 5432 consilii
2697 5391 2836 5446 opus
2877 5385 2962 5430 est
2996 5376 3223 5431 humani
3253 5377 3469 5459 generis

215 5475 433 5542 φύσεως
462 5474 657 5537 θέωσις
674 5490 689 5505 ο
712 5471 806 5526 καὶ
826 5470 934 5524 τῶν
954 5471 1113 5525 θείων
1131 5468 1406 5543 λογισμῶν
1426 5471 1543 5523 tm
1566 5469 1773 5532 σκοπὸς.

1896 5467 2207 5533 deiﬁcatio,
2271 5483 2449 5540 eoque
2491 5470 2788 5524 collineant
2839 5467 3039 5524 divina:
3090 5467 3469 5539 cogitationes.

215 5570 253 5638 ἢ
307 5569 442 5638 πρὸς
487 5566 547 5619 τὸ
603 5565 775 5636 πέρας
832 5565 1133 5636 διεξαγωγὴ
1178 5564 1288 5619 τῶν
1318 5563 1662 5636 ζητουμένων
1688 5561 1773 5631 τῆς

1898 5570 1959 5614 ut
1989 5559 2099 5613 vita
2123 5566 2306 5615 nostra
2343 5561 2399 5614 in
2439 5573 2629 5619 eorum
2659 5573 2781 5628 qua:
2814 5557 3065 5613 oratione
3095 5563 3380 5625 petuntur,
3407 5553 3468 5607 ΙΙ-

294 5748 308 5777 ¹
340 5747 482 5802 Psal.
514 5763 663 5809 xvm,
696 5748 779 5801 Ιθ.
858 5746 876 5776 ¹
904 5746 1061 5800 Joan.
1096 5760 1167 5808 Iv,
1210 5746 1291 5800 18.
1374 5747 1393 5777 ³
1422 5746 1549 5813 Βιψ.
1582 5760 1655 5809 ix,
1695 5742 1773 5797 14.

1903 5739 2043 5793 Psal.
2082 5753 2241 5807 χχχιι,
2277 5740 2363 5793 Η.

460 5838 732 5898 Ρλτιιοι..
767 5839 854 5896 Gn
869 5881 882 5894 .
936 5835 1033 5892 XC
1404 5877 1408 5881 .

3079 5822 3154 5884 28
