3932 6326
521 247 626 316 875

1688 240 1748 299 8.
1791 238 2077 298 ΜΑΧΙΜΙ
2117 236 2624 298 CONFESSORIS

3676 230 3777 292 8ἷὸ

517 371 640 411 nem
668 353 971 426 dirigatur,
1025 351 1210 423 utique
1246 351 1622 427 utilissimum.
1642 358 1726 404 est
1754 359 1810 404 et
1842 363 2006 403 nosse
2035 356 2092 402 et

2204 349 2468 419 ἡμετέρας
2495 345 2640 416 ζωῆς
2661 363 2673 375 '
2704 347 2810 417 ἄρα
2841 347 3109 417 συμφέρει
3137 344 3235 415 τῆς
3256 343 3348 396 τοῦ
3375 341 3592 412 Κυρίου
3613 357 3779 411 πρω-

514 446 737 516 exsequi
777 443 1044 500 orationis
1067 445 1365 500 Dominicte
1388 444 1520 508 vim,
1544 459 1606 499 ac
1637 442 1717 498 sic
1743 443 1949 512 scripto
1973 455 2092 495 eam

515 539 861 610 eonsignare.
898 539 1166 605 Quoniam
1200 554 1337 593 vero
1384 538 1548 593 etiam
1586 537 1704 608 ejus
1749 533 2093 605 potissimum

514 631 783 685 orationis
818 635 884 685 ad
917 647 1003 686 me
1035 647 1256 687 servum
1285 645 1447 686 suum
1480 629 1747 684 Dominus
1777 641 1932 681 meus
1962 625 2096 680 scri-

516 718 672 784 bens,
691 716 881 772 divino
910 717 1175 773 instinctu
1205 717 1600 782 commeminit,
1627 731 1789 786 quam
1815 722 1872 768 et
1901 726 2096 768 eorum

514 823 635 877 qua:
670 807 806 862 mihi
839 807 1075 863 dicenda
1099 818 1228 864 sunt
1255 807 1571 862 necessario
1597 811 1978 876 argumentum
2006 818 2095 856 as-

514 915 708 965 sumo;
762 899 942 970 ipsum
977 901 1244 954 orationis
1277 899 1443 968 hujus
1473 908 1866 968 przeceptorem
1907 893 2096 948 Domi-

514 1007 646 1044 num
679 991 932 1055 obsecro,
960 1001 1022 1045 nt
1050 1003 1289 1046 mentem
1325 990 1459 1044 mihi
1511 989 1740 1058 aperiat.
1771 987 1839 1040 ad
1888 984 2095 1039 intelli—

516 1083 692 1152 genda
718 1083 976 1153 mysteria
1031 1099 1154 1152 qua:
1189 1082 1245 1136 in
1278 1083 1369 1137 illa
1393 1082 1746 1136 continentur
1767 1122 1780 1143 ,
1825 1093 1888 1133 ac
1920 1093 2099 1147 quan--

518 1181 634 1225 tum
679 1187 906 1227 necesse
941 1173 1012 1227 sit
1043 1189 1352 1228 sermonem
1399 1172 1720 1242 elargiatur,
1754 1178 1814 1224 ut
1851 1184 1972 1237 quae
2019 1169 2103 1222 in-

519 1261 803 1328 tellexero,
851 1263 995 1317 clare
1046 1264 1248 1332 possim
1299 1263 1595 1332 explicare.
1670 1258 2102 1328 Comprehendit

517 1353 663 1404 enim
709 1351 864 1406 brevi
901 1354 1187 1423 complexu
1221 1368 1285 1407 ac
1320 1351 1708 1407 informatione
1743 1351 1970 1421 mystice
2006 1365 2102 1403 oe-

517 1441 760 1508 cultum;
806 1442 891 1496 vel
945 1443 1028 1514 (ut
1062 1443 1262 1498 melius
1308 1443 1509 1510 dicam)
1563 1442 1650 1495 bis
1689 1441 1785 1511 qui
1817 1440 2102 1494 intellectu

518 1535 725 1598 valent,
763 1535 1052 1589 manifeste
1102 1535 1474 1599 enuntiatum,
1505 1547 1731 1604 scopum
1781 1546 2000 1586 omnem
2046 1537 2104 1584 et

519 1626 704 1690 finem,
738 1627 902 1699 346
947 1627 1040 1697 qui
1073 1627 1126 1680 in
1159 1628 1245 1692 iis,
1279 1641 1401 1695 qua:
1448 1634 1579 1680 sunt
1628 1625 1796 1689 dicta,
1844 1623 2099 1677 habetur.

2196 438 2364 508 ευχῆς
2439 435 2643 505 γνῶναί
2698 453 2756 489 τε
2792 435 2887 490 καὶ
2943 435 3170 505 πρᾶξαι,
3222 431 3318 485 καὶ
3376 431 3529 486 οὕτω
3552 430 3779 492 δεόντως

2194 529 2419 599 γράψαι,
2473 528 2574 598 τὴν
2625 527 2874 598 δύναμιν.
2917 525 3070 579 Ἐπεὶ⁵
3100 525 3155 578 δὲ
3189 524 3426 594 μάλιστα
3453 524 3667 592 ταύτης
3693 524 3780 576 καὶ

2194 621 2224 672 6
2250 620 2381 690 ἐμὸς
2416 620 2694 689 Δεσπότης
2729 619 2864 684 πρὸς
2889 618 2990 688 ἐμὲ
3021 618 3111 670 τόν
3151 615 3317 670 αὐτοῦ
3341 613 3534 667 δοῦλον
3557 614 3780 684 γράφων

2198 712 2382 765 θεόθεν
2413 709 2656 781 κινηθεὶς
2689 709 3010 781 ἐπεμνήσθη
3038 708 3140 778 τῆς
3185 706 3525 778 προσευχῆς,
3579 706 3650 775 ἣν
3698 707 3784 758 καὶ

2197 804 2306 858 τῶν
2355 803 2504 872 ἐμῶν
2553 801 2868 869 ἀναγκαίως
2915 799 3173 852 ὑπόθεσιν
3225 798 3404 865 λόγων
3435 795 3782 864 ποιούμενος,

2198 894 2454 964 αἰτοῦμαι
2485 893 2574 946 τὸν
2608 893 2811 963 ταύτης
2838 891 3153 946 διδάσκαλον
3179 890 3280 958 τῆς
3315 887 3639 959 προσευχῆς
3677 888 3784 942 Κύ-

2201 1004 2339 1056 ριον,
2387 985 2648 1049 διανοῖξαί
2702 1001 2805 1051 μου
2848 983 2939 1036 τὸν
2984 981 3108 1036 νοῦν
3139 982 3276 1052 πρὸς
3315 981 3661 1050 κατανόησιν
3687 979 3784 1030 τῶν

2200 1079 2258 1128 ὲν
2291 1076 2429 1144 αὐτῇ
2479 1076 2814 1148 μυστηρίων,
2869 1074 2964 1126 καὶ
3017 1073 3200 1126 δοῦναι
3256 1071 3590 1140 σύμμετρον
3639 1071 3785 1137 λόγον

2201 1168 2336 1238 πρὸς
2365 1169 2462 1236 τὴν
2483 1167 2588 1220 τῶν
2611 1166 2918 1234 νοουμένων
2949 1166 3264 1235 σαφήνειαν.
3298 1163 3466 1215 Ὀλον
3513 1163 3633 1232 γὰρ
3688 1162 3788 1232 ἔχει

2201 1257 2344 1311 κατά
2389 1255 2736 1328 περιγραφὴν
2762 1257 2854 1308 τὸν
2885 1259 2942 1310 ἐν
2973 1257 3084 1317 τοῖς
3113 1253 3430 1326 εἰρημένοις
3457 1254 3673 1304 σκοπὸν
3702 1270 3792 1321 μυ-

2205 1349 2405 1412 στικῶς
2443 1350 2865 1419 κεκρυμμένων
2924 1348 2981 1420 ἢ,
3032 1345 3158 1415 τόγε
3210 1344 3560 1416 κυριώτερον
3605 1347 3791 1409 είπείν,

2202 1446 2313 1506 τοῖς
2365 1442 2701 1514 ἐρρωμένοις
2735 1443 2826 1495 τὸν
2869 1439 2995 1494 νοῦν
3049 1439 3308 1510 ἐμφανῶς
3354 1437 3791 1508 κηρυττόμενον.

2205 1537 2430 1592 Πάντων
2478 1536 2586 1605 γὰρ
2632 1532 2706 1591 ὧν
2754 1536 2838 1588 διὰ
2883 1535 3084 1604 σαρκὸς
3110 1533 3332 1602 γέγονεν
3363 1532 3683 1602 αὐτουργὸς
3717 1547 3794 1583 τε·

2205 1632 2399 1696 νωθεὶς
2451 1633 2479 1684 6
2523 1631 2614 1683 τοῦ
2646 1629 2780 1683 Θεοῦ
2813 1629 3006 1696 Λόγος,
3035 1627 3248 1696 αἴτησιν
3283 1625 3394 1694 ἔχει
3421 1626 3524 1692 τῆς
3560 1639 3794 1692 προσευο

518 1719 781 1772 Omnium
805 1719 951 1772 enim
981 1734 1214 1789 quorum
1243 1734 1341 1787 per
1361 1733 1582 1772 carnem
1602 1718 1697 1772 Dei
1723 1716 1961 1771 Verbum
1993 1713 2101 1768 exi-

2205 1725 2308 1795 χῆς
2341 1724 2572 1792 ὁλόγος,
2619 1723 2883 1776 διδάσκων
2939 1720 3159 1772 ἐκείνων
3207 1715 3643 1787 μεταποιεῖσθαι
3699 1713 3798 1765 τῶν

515 1809 767 1863 nanitum
815 1809 996 1878 ipsum
1050 1819 1244 1863 auctor
1282 1809 1512 1874 exstitit,
1543 1807 1866 1879 petitionem
1909 1805 2109 1861 oratio-

518 1901 604 1956 nis
637 1909 818 1955 textus
847 1901 1256 1970 complectitur,
1283 1901 1510 1967 docens,
1537 1909 1598 1954 ut
1625 1916 1689 1954 ea
1715 1901 1858 1954 bona
1888 1898 2108 1968 assequi

518 1992 861 2058 studeamus,
916 2007 1152 2060 quorum
1201 1992 1352 2046 solus
1389 1993 1536 2046 Deus
1582 2000 1638 2046 et
1672 1993 1832 2046 Pater
1868 2006 1968 2061 per
2018 1989 2109 2044 Fi-

518 2082 651 2135 lium
715 2082 1042 2134 naturaliter
1103 2081 1439 2136 mediantem
1500 2082 1556 2135 in
1647 2082 1854 2151 Spiritu
1917 2090 2108 2136 sancto

517 2187 644 2225 vere
693 2171 924 2242 largitor
987 2178 1100 2236 est;
1163 2171 1608 2241 quandoquidem
1653 2174 1807 2242 juxta
1858 2172 2107 2226 divinum

515 2262 861 2332 Apostolum,
915 2262 1182 2316 Dominus
1215 2263 1375 2318 Jesus
1423 2263 1519 2317 Dei
1571 2272 1627 2318 et
1657 2262 1942 2318 hominum
1989 2279 2109 2319 me-

517 2355 698 2409 diator
728 2355 885 2421 est';
922 2353 1016 2424 qui
1047 2354 1310 2408 nimirum
1342 2353 1667 2409 intermedia
1698 2369 1862 2410 carne
1891 2355 2107 2410 Patrem

517 2444 841 2498 hominibus
871 2444 1144 2514 ignotum,
1175 2451 1367 2497 notum
1405 2443 1597 2510 faciat;
1642 2445 1902 2515 Patrique
1932 2445 2110 2501 homi-

517 2551 636 2600 nes,
666 2535 720 2589 in
759 2550 818 2590 se
860 2535 998 2604 ipse,
1037 2551 1138 2604 per
1185 2533 1452 2604 Spiritum
1502 2537 1908 2602 reconciliatos,
1937 2538 2111 2594 addu-

517 2635 638 2692 cat;
684 2641 787 2696 pro
838 2626 1062 2695 quibus,
1113 2641 1178 2680 ac
1207 2641 1446 2696 quorum
1492 2629 1668 2699 gratia
1711 2628 1849 2684 citra
1887 2645 2105 2685 omnem

519 2720 881 2774 mutationem
916 2719 1095 2773 factus
1130 2719 1316 2785 homo,
1354 2728 1436 2774 tot
1475 2726 1882 2792 tantorumque,
1918 2731 1976 2776 ut
2009 2735 2108 2776 eo-

506 2827 639 2864 rum
684 2811 770 2865 vel
805 2810 1179 2865 multitudinis
1218 2811 1304 2865 vel
1351 2809 1750 2882 magnitudinis
1797 2813 1947 2868 nulla
2000 2828 2107 2866 un-

512 2918 678 2967 quuu't
711 2903 838 2957 iniri
873 2905 1048 2972 possit
1079 2904 1243 2968 ratio,
1270 2919 1544 2958 novorum
1577 2903 1963 2973 mysteriorum
1989 2906 2107 2975 ipse

516 3004 709 3049 auctor
724 3001 887 3062 atque
903 2993 1109 3062 opifex,
1123 2995 1424 3064 doctorque
1443 2995 1674 3050 exsistat
1693 3013 1706 3049 :
1726 3011 1756 3052 e
1777 2995 1980 3066 quibus
1997 3007 2109 3065 pra:

518 3085 729 3140 caeteris
747 3093 955 3154 septem
975 3101 1206 3141 numero
1231 3086 1647 3153 universaliora,
1664 3102 1764 3158 pro
1782 3087 1982 3142 eximia
2011 3103 2109 3142 sua

515 3176 845 3230 liberalitate
891 3177 1104 3246 liquido
1153 3177 1470 3232 hominibus
1511 3181 1820 3246 concessit;
1869 3195 2106 3250 quorum

516 3266 746 3334 mystice
767 3266 902 3332 vim,
929 3267 1008 3320 uti
1043 3266 1320 3331 dicebam,
1348 3269 1735 3338 compleCtitur
1762 3286 1961 3340 scopus
1985 3287 2111 3326 ora-

521 3358 730 3412 tionis:
767 3373 986 3427 nempe,
1018 3358 1374 3428 theologiam,
1411 3359 1764 3430 adoptionem
1806 3363 1862 3416 in
1910 3364 2105 3434 gratia,

517 3465 704 3517 parcnt
762 3464 885 3502 cum
935 3447 1145 3518 angelis
1204 3449 1432 3505 honoris
1483 3459 1710 3517 sortem,
1757 3455 2104 3523 sempiterna:

513 3539 637 3592 vitae
666 3538 1004 3602 societatem,
1030 3546 1241 3594 naturae
1265 3541 1321 3594 in
1354 3540 1590 3610 seipsam
1640 3542 1791 3596 nulla
1818 3543 1938 3598 vitii
1978 3545 2101 3600 labe

513 3638 608 3683 aut
639 3629 867 3683 libidine
925 3629 1240 3686 inclinantis
1284 3631 1338 3685 in
1364 3633 1637 3703 integrum
1671 3633 2102 3700 restitutionem,

2206 1815 2446 1884 ἀγαθῶν,
2491 1808 2566 1866 ὧν
2607 1813 2764 1882 μόνος
2807 1815 2835 1867 6
2863 1811 2996 1874 Θεὸς
3023 1810 3117 1862 καὶ
3147 1807 3338 1877 Πατὴρ
3368 1807 3438 1859 δι’
3475 1805 3620 1858 Υίοῦ
3653 1823 3798 1874 φυσι-

2207 1907 2320 1972 κῶς
2379 1905 2756 1976 μεσιτεύοντος
2799 1905 2858 1956 ὲν
2896 1901 3036 1972 ἁγίῳ
3067 1899 3348 1970 Πνεύματι
3372 1899 3501 1951 κατ’
3542 1898 3795 1967 ἀλήθειῶ

2207 1998 2323 2050 ἐστι
2376 1994 2611 2067 χορηγός
2634 2011 2648 2025 ο
2694 1995 2854 2065 εἴπερ
2899 1993 3125 2063 μεσίτης
3164 1990 3298 2044 Θεοῦ
3333 1991 3432 2044 καλ⁸
3464 1989 3797 2058 ἀνθρώπων,

2207 2085 2349 2139 κατά
2379 2084 2470 2137 τόν
2506 2083 2649 2137 θεῖον
2691 2081 3036 2145 Ἀπόστολον,
3060 2081 3086 2131 6
3119 2078 3324 2150 Κύριός
3346 2079 3503 2130 ἐστιν
3536 2079 3756 2148 Ἰησοῦς
3783 2096 3796 2106 ·

2205 2178 2318 2239 τοῖς
2383 2176 2481 2245 μὲν
2541 2173 2882 2242 ἀνθρώποις,
2939 2171 3030 2224 διά
3086 2171 3286 2240 σαρκὸς
3341 2170 3578 2240 ἐμφανῆ
3641 2171 3796 2223 ποιῶν

2208 2264 2567 2335 ἀγνοούμενον
2600 2265 2691 2316 τὸν
2726 2263 2988 2340 Πατέραο·
3026 2261 3104 2332 τῷ
3142 2261 3200 2314 δὲ
3255 2261 3435 2332 Πατρὶ
3496 2262 3594 2315 διὰ
3639 2262 3795 2315 Πνεῦ-

2211 2374 2374 2429 ματος
2393 2357 2448 2410 ἐν
2469 2355 2643 2425 ἑαυτῷ
2662 2357 2787 2419 τοὺς
2811 2355 2907 2410 ἀνθ
2917 2353 3128 2425 ρώπους
3141 2353 3520 2416 καταλλαγέντ
3529 2371 3600 2417 ας
3632 2372 3795 2426 προσ-

2209 2450 2356 2517 άγων
2386 2463 2398 2476 ·
2436 2446 2574 2517 ὑπὲρ
2623 2439 2718 2508 ὧν,
2773 2443 2868 2497 καί
2905 2443 2972 2496 δι’
3013 2441 3108 2506 οὓς
3162 2441 3456 2512 ἀτρέπτως
3509 2443 3799 2511 γενόμενος

2206 2541 2512 2612 ἄνθρωπος,
2569 2538 2778 2591 πολλῶν
2811 2539 2936 2591 ὅσον
2966 2536 3178 2589 οὐδέπω
3211 2535 3395 2606 μέτρῳ
3453 2535 3798 2605 περιλαϐεῖν,

2207 2635 2266 2687 τό
2316 2650 2375 2686 τε
2438 2630 2642 2701 πλῆθος
2693 2629 2789 2684 καί
2819 2627 3046 2700 μέγεθος
3066 2627 3354 2698 δεδύνηται
3375 2626 3567 2694 λόγος,
3602 2627 3800 2681 καινῶν

2210 2721 2524 2794 μυστηρίων
2580 2721 2881 2792 αὐτουργὸς
2928 2719 3141 2788 γίνεται
3192 2719 3288 2771 καὶ
3314 2717 3658 2782 διδάσκαλος
3692 2735 3707 2748 ·
3735 2713 3801 2770 ὧν

2208 2813 2346 2866 ἑπτὰ
2369 2813 2458 2866 τὸν
2486 2811 2719 2883 ἀριθμὸν
2746 2809 3086 2881 γενικώτερα
3105 2809 3214 2862 τῶν
3238 2809 3467 2874 λοιπῶν,
3501 2812 3636 2863 κατ’
3663 2809 3799 2875 ἑξαίι

2212 2921 2364 2974 ρετον
2410 2903 2720 2973 φιλοτιμίαν
2765 2902 3034 2970 πέφανται
3091 2904 3202 2964 τοῖς
3227 2901 3545 2971 ἀνθρώποις
3566 2902 3796 2972 δεδωρη-

2214 2996 2371 3067 μένος
2399 3013 2412 3027 ·
2447 2992 2524 3052 ὧν
2553 2995 2830 3068 μυστικῶς
2852 2995 3096 3066 περιέχει
3115 2995 3216 3066 τὴν
3247 2993 3507 3064 δύναμιν,
3537 2995 3621 3058 ὡς
3647 2995 3798 3062 ἔφην,

2209 3091 2310 3160 τῆς
2366 3088 2679 3160 προσευχῆς
2722 3087 2751 3138 6
2801 3087 3002 3148 σκοπός
3027 3101 3043 3116 °
3091 3083 3395 3152 θεολογίαν,
3429 3083 3719 3138 υἱοθεσίαν
3746 3087 3796 3136 ἐν

2207 3181 2412 3252 χάριτι,
2465 3179 2738 3250 ίσοτιμίαν
2765 3178 2865 3248 τὴν
2904 3177 3042 3248 πρὸς
3100 3176 3398 3245 ἀγγέλους,
3435 3175 3621 3229 ἀϊδίου
3661 3175 3796 3242 ζωῆς

2208 3272 2464 3344 μετοχὴν,
2523 3271 2740 3340 φύσεως
2793 3269 3022 3333 ἀπαθῶς
3079 3269 3215 3338 πρδς
3277 3267 3481 3338 ἑαυτὴν
3535 3267 3796 3334 νευούσιες

2204 3363 2670 3428 ἀποκατάστασιν,
2707 3363 2803 3416 τοῦ
2843 3363 3008 3433 νόμου
3034 3363 3132 3433 τῆς
3164 3353 3443 3431 ἀμαρτίας
3472 3360 3792 3416 κατάλυσιν.

2207 3457 2301 3512 καὶ
2346 3456 2446 3526 τῆς
2482 3455 2576 3510 τοῦ
2611 3455 2984 3528 κρατήσαντος
3011 3454 3170 3525 ἡμῶν
3199 3453 3266 3506 δι’
3293 3452 3521 3520 ἀπάτης
3555 3449 3794 3520 πονιτ-φοῦ

2209 3549 2524 3622 τυραννίδος
2581 3548 2923 3619 καθαίρεσιν.
2973 3547 3270 3616 Σκοπῶμεν
3317 3539 3414 3597 οὖν
3445 3544 3552 3614 τὴν
3582 3543 3697 3595 τῶν
3726 3542 3791 3592 is-

2209 3641 2442 3712 χθέντων
2468 3639 2746 3710 ἀλήθειαν.

515 3720 648 3789 legis
705 3721 917 3790 peccati
965 3721 1435 3789 destructionem,
1485 3740 1550 3780 ac
1597 3727 1947 3797 nequissimi,
2004 3731 2098 3801 qui
2136 3749 2239 3790 nos
2307 3733 2628 3790 scdueendo
2680 3732 2988 3797 addixerat,
3053 3730 3362 3804 tyrannidis
3406 3729 3790 3785 abolitionem.

515 3810 800 3865 Dictorum
840 3811 1009 3882 igitur
1041 3813 1334 3870 veritatem
1374 3818 1568 3873 sedulo
1599 3819 1973 3889 exquiramus.

581 3903 718 3959 Nam
776 3905 1109 3978 theologiam
1167 3910 1393 3980 quidem
1441 3911 1627 3978 docet,
1675 3913 1824 3983 quod
1881 3931 2102 3970 camem

514 3995 831 4065 assumpsit,
867 3997 963 4051 Dei
1003 3999 1263 4066 Verbum,
1293 4002 1347 4055 in
1379 4018 1437 4056 se
1469 4002 1730 4056 nimirum
1783 4004 2000 4059 Patrem
2046 4016 2103 4060 et

515 4096 780 4167 Spiritum
819 4109 1070 4155 sanetum
1122 4102 1444 4158 ostendens.
1491 4103 1663 4158 Totus
1717 4106 1866 4159 enim
1917 4106 2099 4173 Pater,

515 4195 774 4259 totusque
805 4189 942 4244 adeo
973 4191 1211 4261 Spiritus
1245 4202 1470 4246 sanctus
1493 4192 1862 4249 essentialiter
1895 4194 1948 4249 in
1986 4203 2102 4251 toto

513 4279 762 4349 perfecte
795 4280 934 4334 Filio
981 4289 1161 4348 erant,
1211 4283 1380 4336 etiam
1429 4282 1734 4347 incarnato,
1770 4299 1879 4338 non
1919 4292 2100 4339 tamen

2279 3915 2572 3984 Θεολογίαν
2609 3915 2707 3986 μὲν
2751 3914 2860 3983 γάρ
2911 3913 3154 3967 διδάσκει
3207 3912 3588 3984 σαρκούμενος
3625 3917 3657 3968 6
3705 3914 3792 3967 τοῦ

2203 4006 2341 4062 Θεοῦ
2387 4008 2580 4076 Λόγος,
2623 4008 2697 4071 ὡς
2742 4009 2800 4060 ἐν
2850 4005 3028 4076 ἑαυτῷ
3077 4005 3289 4068 δεικνὺς
3330 4005 3422 4057 τὸν
3449 4006 3681 4077 Πατέρα
3707 4007 3790 4058 καὶ

2203 4100 2264 4153 τὸ
2292 4099 2519 4171 Πνεῦμα
2553 4097 2614 4152 τὸ
2661 4098 2838 4166 ἅγιον.
2888 4097 3049 4159 Ὀλος
3092 4095 3203 4167 γὰρ
3245 4091 3312 4166 ἦν
3353 4097 3384 4149 6
3423 4095 3648 4166 Πατὴρ,
3703 4097 3788 4148 καὶ

2202 4192 2321 4246 ὅλον
2353 4192 2413 4244 τὸ
2452 4190 2676 4260 Πνεῦμα
2705 4190 2764 4243 τὸ
2791 4189 2972 4258 ἅγιον,
3011 4187 3285 4250 οὐσιωδῶς
3327 4187 3388 4239 ὲν
3424 4186 3537 4256 ὅλῳ
3575 4188 3786 4248 τελείως

2203 4281 2278 4351 τῷ
2308 4281 2421 4350 Υίῷ
2450 4280 2542 4333 καὶ
2580 4279 2960 4351 σαρκουμένῳ,
3009 4278 3071 4330 οὐ
3131 4275 3499 4348 σαρκούμενοι
3533 4291 3549 4306 ⁸
3602 4276 3720 4331 ἀλλ’
3762 4276 3786 4326 ὁ

515 4369 619 4438 ipsi
680 4371 981 4436 inearnati;
1032 4372 1126 4425 scd
1184 4388 1247 4426 ea
1298 4374 1511 4428 ratione
1564 4373 1712 4443 quod
1765 4373 1926 4429 Pater
1967 4389 2098 4444 pro-

2210 4372 2308 4442 μὲν
2360 4371 2618 4436 εὐδοκῶν,
2675 4371 2736 4422 τὸ
2785 4369 2840 4422 δὲ
2893 4367 3207 4440 συνεργοῦν,
3268 4367 3668 4438 αὑτουργοῦντι
3713 4365 3784 4435 τῷ

515 4475 686 4528 pense
735 4462 928 4514 volens
982 4478 1045 4516 ac
1091 4463 1461 4532 complacens,
1514 4463 1754 4533 Spiritus
1795 4481 2100 4534 eooperans

515 4559 653 4617 erat,
686 4551 845 4614 Filio,
875 4551 967 4621 qui
1000 4551 1115 4622 ipse
1156 4553 1260 4606 sibi
1293 4568 1516 4606 carnem
1545 4555 1807 4610 conderet
1844 4573 1856 4608 :
1895 4557 2098 4626 quippe

517 4656 642 4694 cum
676 4641 918 4696 Verbum
963 4651 1144 4698 tuente
1183 4643 1473 4713 praeditum
1519 4647 1972 4714 perseveraverit,
2017 4648 2100 4701 vi-

518 4741 680 4801 taque
731 4731 1012 4798 incolumi,
1066 4750 1130 4789 ac
1168 4735 1460 4805 ejusmodi,
1509 4745 1572 4790 ut
1610 4753 1639 4790 a
1679 4738 1797 4792 solo
1835 4738 2099 4793 duntaxat

516 4822 677 4876 Patre
711 4832 765 4878 et
817 4822 1026 4892 Spiritu
1078 4832 1287 4888 sancto,
1323 4824 1470 4894 quod
1501 4826 1740 4881 essentia
1780 4835 1882 4890 est,
1917 4827 2098 4897 capia-

2206 4466 2323 4536 Υῐῷ
2354 4465 2458 4536 (a)
2499 4466 2597 4536 τὴν
2639 4465 2913 4536 σάρκωσιν
2947 4481 2960 4493 ·
3009 4463 3166 4532 εἴπερ
3201 4460 3387 4523 ἔννους
3440 4460 3470 4512 6
3504 4461 3684 4527 Λόγος
3717 4461 3782 4514 δν

2206 4561 2388 4628 ἐμεινε
2427 4558 2520 4610 καὶ
2560 4555 2690 4620 ζῶν,
2726 4557 2819 4610 καί
2858 4555 3046 4627 μηδενὶ
3076 4555 3137 4607 τὸ
3166 4553 3429 4624 παράπαν
3475 4552 3629 4624 ἄλλῳ
3672 4557 3789 4606 κατ’

2205 4649 2392 4702 οὐσίαν
2431 4649 2797 4720 χωρούμενος,
2838 4649 2870 4718 ῆ
2908 4649 3054 4720 μόνῳ
3078 4646 3155 4717 τῷ
3183 4646 3358 4717 Πατρὶ
3400 4647 3493 4698 καὶ
3519 4646 3605 4716 τῷ
3628 4645 3780 4699 live-5-

2206 4755 2360 4810 ματι,
2392 4739 2484 4792 καὶ
2519 4738 2656 4809 πρὸς
2699 4738 2797 4807 τὴν
2846 4737 3025 4806 σάρκα
3078 4736 3166 4790 διὰ
3211 4734 3654 4805 φιλανθρωπίαν,
3693 4733 3780 4802 τὴν

2205 4827 2326 4881 καθ’
2357 4828 2654 4880 ὑπόστασιν
2675 4825 3042 4897 ποιησάμενος
3074 4824 3289 4877 ἕνωσιν.

515 4925 639 4979 tur;
687 4923 801 4969 tum
828 4916 1014 4983 etiam,
1042 4933 1166 4971 cum
1197 4932 1297 4987 pro
1331 4931 1558 4973 summae
1601 4919 1956 4988 benignitatis
2019 4920 2329 4984 clementia,
2370 4921 2650 4986 unionem,
2715 4935 2838 4988 qum
2872 4927 2958 4972 est
3002 4917 3059 4970 in
3124 4931 3382 4988 persona,
3425 4931 3556 4972 cum
3631 4931 3778 4970 carae

519 5006 809 5060 contraxit.

584 5165 604 5196 ⁸
631 5164 652 5218 l
693 5164 934 5219 Timoth.
970 5180 1029 5228 tt,
1061 5165 1114 5219 5.

571 5299 1201 5371 (ημιξτουρτοῦντιτῷ
1241 5299 1633 5371 Υἱῴ.Ρι“ἰηιιιιη
1659 5301 1807 5371 quod
1832 5301 2083 5358 continet

513 5377 692 5426 oratio
726 5370 1028 5441 Dominiea,
1086 5370 1271 5425 divina
1319 5370 1592 5441 theologia
1621 5370 1706 5425 est
1745 5389 1756 5424 :
1800 5372 2088 5427 Trinitatis

511 5441 648 5496 fides
678 5447 736 5495 et
765 5440 1181 5505 incarnationis,
1209 5455 1331 5510 quae
1354 5441 1477 5496 sita
1506 5440 1619 5496 tota
1640 5441 1911 5496 'l‘rinitate
1938 5441 2088 5496 indi-

512 5511 650 5575 vise,
672 5510 748 5564 ita
773 5518 954 5564 tamen
984 5518 1044 5580 ut
1083 5511 1234 5564 solus
1264 5511 1438 5566 Filius
1471 5510 1793 5567 incarnatus
1821 5513 1926 5575 sit,
1971 5512 2089 5580 ipse

513 5579 614 5633 sibi
645 5579 1090 5650 @010‘JQYGVA1DV
1133 5581 1429 5650 σάρκωσιν,
1462 5592 1651 5650 auctor
1680 5579 2086 5648 incarnationis,

511 5649 676 5719 ctqui
700 5647 941 5719 seipsutn
965 5647 1354 5718 incarnaverit,
1380 5649 1475 5708 sed
1505 5651 1852 5717 εὐδοκοῦντος
1877 5647 2090 5723 ﬂat-pb;

2192 5304 2285 5357 καὶ
2317 5303 2705 5374 συνεργοῦντος
2732 5303 2824 5374 τοῦ
2887 5300 3045 5370 ἁγίου
3063 5299 3384 5372 Πνεύματος
3409 5317 3425 5329 ⁸
3455 5302 3648 5356 Patris
3665 5314 3774 5374 pref

2193 5391 2356 5456 pensa
2382 5371 2656 5456 autumat}
2693 5384 2744 5427 et
2774 5371 2981 5456 Spiritu
3017 5371 3662 5456 sancto'adjutgregnon
3695 5371 3772 5456 qni

2193 5442 2296 5513 ipsi
2335 5444 2765 5514 αύτουργοῦντες
2801 5442 2896 5514 illi?
2916 5443 3014 5514 τὴν
3045 5442 3348 5514 σάρκωσιν,
3383 5442 3652 5514 Maximo,
3694 5449 3774 5492 sui

2192 5512 2425 5584 probato
2451 5512 2548 5569 ulli
2578 5514 2834 5583 theologo
2866 5512 3005 5584 dicti
3039 5513 3170 5584 sint.
3195 5522 3258 5566 ut
3283 5512 3441 5584 gravi
3473 5512 3680 5584 mendo
3703 5523 3776 5584 re-

2192 5580 2710 5654 prmscntatCatena
2737 5580 2965 5638 Corder.
3003 5580 3308 5652 redditque
3337 5583 3455 5652 ipse
3475 5580 3778 5653 simplicius

2193 5655 2486 5725 minusque
2527 5654 2854 5726 theologice.
