  <div class='ocr_page' id='page_1' title='image "/cluster/home/n/w/nwhite01/storage/ocr_20150623/90/pst.000005712960/478.png"; bbox 0 0 3932 6326; ppageno 0'>
   <div class='ocr_carea' id='block_1_1' title="bbox 225 297 2447 376">
    <p class='ocr_par' dir='ltr' id='par_1_1' title="bbox 225 297 2447 376">
     <span class='ocr_line' id='line_1_1' title="bbox 225 297 2447 376; baseline -0.008 0"><span class='ocrx_word' id='word_1_1' title='bbox 225 316 296 376; x_wconf 81' lang='grc' dir='ltr'><strong>’ἶ7</strong></span> <span class='ocrx_word' id='word_1_2' title='bbox 1151 308 1552 370; x_wconf 74' lang='lat' dir='ltr'><strong>EXPDSITIO</strong></span> <span class='ocrx_word' id='word_1_3' title='bbox 1593 302 2001 374; x_wconf 73' lang='lat' dir='ltr'><strong>ORATIONIS</strong></span> <span class='ocrx_word' id='word_1_4' title='bbox 2041 297 2447 360; x_wconf 69' lang='lat' dir='ltr'><strong>DOMINICAS.</strong></span> 
     </span>
    </p>
   </div>
   <div class='ocr_carea' id='block_1_2' title="bbox 3339 298 3443 362">
    <p class='ocr_par' dir='ltr' id='par_1_2' title="bbox 3339 298 3443 362">
     <span class='ocr_line' id='line_1_2' title="bbox 3339 298 3443 362; baseline 0.038 -4"><span class='ocrx_word' id='word_1_5' title='bbox 3339 298 3443 362; x_wconf 76' lang='lat'><strong>878</strong></span> 
     </span>
    </p>
   </div>
   <div class='ocr_carea' id='block_1_3' title="bbox 269 409 1778 500">
    <p class='ocr_par' dir='ltr' id='par_1_3' title="bbox 269 421 1772 500">
     <span class='ocr_line' id='line_1_3' title="bbox 269 421 1772 500; baseline -0.006 -17"><span class='ocrx_word' id='word_1_6' title='bbox 269 429 550 484; x_wconf 78' lang='grc' dir='ltr'>Υίοθεσίαν</span> <span class='ocrx_word' id='word_1_7' title='bbox 589 428 651 483; x_wconf 78' lang='grc' dir='ltr'>δὲ</span> <span class='ocrx_word' id='word_1_8' title='bbox 713 428 916 492; x_wconf 82' lang='grc' dir='ltr'>δίδωσι,</span> <span class='ocrx_word' id='word_1_9' title='bbox 951 430 1048 500; x_wconf 84' lang='grc' dir='ltr'>τὴν</span> <span class='ocrx_word' id='word_1_10' title='bbox 1079 431 1220 500; x_wconf 84' lang='grc' dir='ltr'>ὑπὲρ</span> <span class='ocrx_word' id='word_1_11' title='bbox 1251 428 1410 498; x_wconf 70' lang='grc' dir='ltr'>φύσιν</span> <span class='ocrx_word' id='word_1_12' title='bbox 1444 425 1647 480; x_wconf 86' lang='grc' dir='ltr'>ἄνωθεν</span> <span class='ocrx_word' id='word_1_13' title='bbox 1685 421 1772 475; x_wconf 75' lang='grc' dir='ltr'>διὰ</span> 
     </span>
    </p>
   </div>
   <div class='ocr_carea' id='block_1_4' title="bbox 1886 409 3448 500">
    <p class='ocr_par' dir='ltr' id='par_1_4' title="bbox 1943 409 3448 486">
     <span class='ocr_line' id='line_1_4' title="bbox 1943 409 3448 486; baseline -0.005 -14"><span class='ocrx_word' id='word_1_14' title='bbox 1943 417 2307 486; x_wconf 84' lang='lat' dir='ltr'><strong>Adeptionem</strong></span> <span class='ocrx_word' id='word_1_15' title='bbox 2339 428 2470 466; x_wconf 87' lang='lat' dir='ltr'><strong>vero</strong></span> <span class='ocrx_word' id='word_1_16' title='bbox 2504 411 2722 474; x_wconf 87' lang='lat' dir='ltr'><strong>tribuit,</strong></span> <span class='ocrx_word' id='word_1_17' title='bbox 2753 418 3025 479; x_wconf 86' lang='lat' dir='ltr'><strong>quatenus</strong></span> <span class='ocrx_word' id='word_1_18' title='bbox 3047 409 3258 463; x_wconf 89' lang='lat' dir='ltr'><strong>scilicet</strong></span> <span class='ocrx_word' id='word_1_19' title='bbox 3302 411 3448 466; x_wconf 88' lang='lat' dir='ltr'><strong>illam</strong></span> 
     </span>
    </p>
   </div>
   <div class='ocr_carea' id='block_1_5' title="bbox 188 507 1775 592">
    <p class='ocr_par' dir='ltr' id='par_1_5' title="bbox 188 507 1775 592">
     <span class='ocr_line' id='line_1_5' title="bbox 188 507 1775 592; baseline -0.004 -19"><span class='ocrx_word' id='word_1_20' title='bbox 188 521 510 584; x_wconf 76' lang='grc' dir='ltr'>Πνεύματος</span> <span class='ocrx_word' id='word_1_21' title='bbox 557 521 614 572; x_wconf 77' lang='grc' dir='ltr'>ὲν</span> <span class='ocrx_word' id='word_1_22' title='bbox 654 519 837 590; x_wconf 77' lang='grc' dir='ltr'>χάριτι</span> <span class='ocrx_word' id='word_1_23' title='bbox 879 507 1218 592; x_wconf 76' lang='grc' dir='ltr'>δωρούμενος</span> <span class='ocrx_word' id='word_1_24' title='bbox 1269 520 1519 588; x_wconf 76' lang='grc' dir='ltr'><strong>γέννησιν</strong></span> <span class='ocrx_word' id='word_1_25' title='bbox 1547 532 1560 543; x_wconf 92' lang='grc'>·</span> <span class='ocrx_word' id='word_1_26' title='bbox 1606 512 1671 587; x_wconf 79' lang='grc' dir='ltr'>ἧς</span> <span class='ocrx_word' id='word_1_27' title='bbox 1717 515 1775 565; x_wconf 71' lang='grc' dir='ltr'><strong>ἐν</strong></span> 
     </span>
    </p>
   </div>
   <div class='ocr_carea' id='block_1_6' title="bbox 189 607 1774 684">
    <p class='ocr_par' dir='ltr' id='par_1_6' title="bbox 189 607 1774 684">
     <span class='ocr_line' id='line_1_6' title="bbox 189 607 1774 684; baseline -0.004 -22"><span class='ocrx_word' id='word_1_28' title='bbox 189 614 310 682; x_wconf 77' lang='grc' dir='ltr'>Θεῷ</span> <span class='ocrx_word' id='word_1_29' title='bbox 373 611 473 684; x_wconf 88' lang='lat' dir='ltr'><strong>[a|.</strong></span> <span class='ocrx_word' id='word_1_30' title='bbox 541 613 636 665; x_wconf 66' lang='grc' dir='ltr'>σὺν</span> <span class='ocrx_word' id='word_1_31' title='bbox 687 610 830 682; x_wconf 87' lang='grc' dir='ltr'><strong>ΘεῷΙ</strong></span> <span class='ocrx_word' id='word_1_32' title='bbox 872 613 1088 683; x_wconf 78' lang='grc' dir='ltr'>φυλακή</span> <span class='ocrx_word' id='word_1_33' title='bbox 1118 629 1178 664; x_wconf 84' lang='grc' dir='ltr'><strong>τε</strong></span> <span class='ocrx_word' id='word_1_34' title='bbox 1215 611 1313 664; x_wconf 71' lang='grc' dir='ltr'><strong>καὶ</strong></span> <span class='ocrx_word' id='word_1_35' title='bbox 1339 608 1569 678; x_wconf 76' lang='grc' dir='ltr'>τηρησίς</span> <span class='ocrx_word' id='word_1_36' title='bbox 1604 607 1774 664; x_wconf 82' lang='grc' dir='ltr'>ἐστιν,</span> 
     </span>
    </p>
   </div>
   <div class='ocr_carea' id='block_1_7' title="bbox 184 690 1776 770">
    <p class='ocr_par' dir='ltr' id='par_1_7' title="bbox 184 690 1776 770">
     <span class='ocr_line' id='line_1_7' title="bbox 184 690 1776 770; baseline -0.006 -19"><span class='ocrx_word' id='word_1_37' title='bbox 184 702 218 768; x_wconf 72' lang='grc' dir='ltr'>ἡ</span> <span class='ocrx_word' id='word_1_38' title='bbox 245 699 354 751; x_wconf 82' lang='grc' dir='ltr'><strong>τῶν</strong></span> <span class='ocrx_word' id='word_1_39' title='bbox 382 698 742 769; x_wconf 74' lang='grc' dir='ltr'><strong>γεννωμένων</strong></span> <span class='ocrx_word' id='word_1_40' title='bbox 795 700 1111 770; x_wconf 81' lang='grc' dir='ltr'>προαίρεσις</span> <span class='ocrx_word' id='word_1_41' title='bbox 1155 698 1248 770; x_wconf 71' lang='grc' dir='ltr'><strong>(ω-</strong></span> <span class='ocrx_word' id='word_1_42' title='bbox 1300 696 1534 749; x_wconf 85' lang='grc' dir='ltr'>διαθέσει</span> <span class='ocrx_word' id='word_1_43' title='bbox 1577 690 1776 762; x_wconf 71' lang='grc' dir='ltr'>γνησίᾳ</span> 
     </span>
    </p>
   </div>
   <div class='ocr_carea' id='block_1_8' title="bbox 185 780 1775 860">
    <p class='ocr_par' dir='ltr' id='par_1_8' title="bbox 185 780 1775 860">
     <span class='ocr_line' id='line_1_8' title="bbox 185 780 1775 860; baseline -0.008 -17"><span class='ocrx_word' id='word_1_44' title='bbox 185 791 291 859; x_wconf 77' lang='grc' dir='ltr'>τὴν</span> <span class='ocrx_word' id='word_1_45' title='bbox 330 790 576 842; x_wconf 74' lang='grc' dir='ltr'>δοθεῖσαν</span> <span class='ocrx_word' id='word_1_46' title='bbox 611 791 914 860; x_wconf 71' lang='grc' dir='ltr'><strong>στέργουσα</strong></span> <span class='ocrx_word' id='word_1_47' title='bbox 937 790 1118 859; x_wconf 82' lang='grc' dir='ltr'><strong>χάριν,</strong></span> <span class='ocrx_word' id='word_1_48' title='bbox 1170 789 1264 842; x_wconf 72' lang='grc' dir='ltr'><strong>καὶ</strong></span> <span class='ocrx_word' id='word_1_49' title='bbox 1313 790 1378 857; x_wconf 82' lang='grc' dir='ltr'>τῇ</span> <span class='ocrx_word' id='word_1_50' title='bbox 1419 783 1617 855; x_wconf 75' lang='grc' dir='ltr'>πράξει</span> <span class='ocrx_word' id='word_1_51' title='bbox 1668 780 1775 833; x_wconf 88' lang='grc' dir='ltr'><strong>τῶν</strong></span> 
     </span>
    </p>
   </div>
   <div class='ocr_carea' id='block_1_9' title="bbox 187 873 1776 949">
    <p class='ocr_par' dir='ltr' id='par_1_9' title="bbox 187 873 1776 949">
     <span class='ocr_line' id='line_1_9' title="bbox 187 873 1776 949; baseline -0.006 -17"><span class='ocrx_word' id='word_1_52' title='bbox 187 880 424 933; x_wconf 83' lang='grc' dir='ltr'>ἐντολῶν</span> <span class='ocrx_word' id='word_1_53' title='bbox 467 881 744 948; x_wconf 77' lang='grc' dir='ltr'>ἐπιμελῶς</span> <span class='ocrx_word' id='word_1_54' title='bbox 790 881 850 932; x_wconf 82' lang='grc' dir='ltr'><strong>τὸ</strong></span> <span class='ocrx_word' id='word_1_55' title='bbox 898 880 1039 932; x_wconf 74' lang='grc' dir='ltr'>κατὰ</span> <span class='ocrx_word' id='word_1_56' title='bbox 1089 881 1248 949; x_wconf 77' lang='grc' dir='ltr'>χάριν</span> <span class='ocrx_word' id='word_1_57' title='bbox 1289 876 1438 931; x_wconf 82' lang='grc' dir='ltr'>δοθὲν</span> <span class='ocrx_word' id='word_1_58' title='bbox 1465 873 1776 944; x_wconf 73' lang='grc' dir='ltr'>ὡραϊζουσα</span> 
     </span>
    </p>
   </div>
   <div class='ocr_carea' id='block_1_10' title="bbox 197 968 1776 1041">
    <p class='ocr_par' dir='ltr' id='par_1_10' title="bbox 197 968 1776 1041">
     <span class='ocr_line' id='line_1_10' title="bbox 197 968 1776 1041; baseline -0.001 -21"><span class='ocrx_word' id='word_1_59' title='bbox 197 970 393 1032; x_wconf 74' lang='grc' dir='ltr'>κάλλος</span> <span class='ocrx_word' id='word_1_60' title='bbox 421 985 433 998; x_wconf 71' lang='grc'><strong>⁸</strong></span> <span class='ocrx_word' id='word_1_61' title='bbox 485 971 577 1022; x_wconf 68' lang='grc' dir='ltr'>καὶ</span> <span class='ocrx_word' id='word_1_62' title='bbox 611 971 865 1024; x_wconf 81' lang='grc' dir='ltr'>τοσοῦτον</span> <span class='ocrx_word' id='word_1_63' title='bbox 890 974 954 1041; x_wconf 85' lang='grc' dir='ltr'>τῇ</span> <span class='ocrx_word' id='word_1_64' title='bbox 993 971 1222 1024; x_wconf 81' lang='grc' dir='ltr'>κενώσει</span> <span class='ocrx_word' id='word_1_65' title='bbox 1247 969 1356 1022; x_wconf 81' lang='grc' dir='ltr'><strong>τῶν</strong></span> <span class='ocrx_word' id='word_1_66' title='bbox 1391 968 1580 1021; x_wconf 82' lang='grc' dir='ltr'>παθῶν</span> <span class='ocrx_word' id='word_1_67' title='bbox 1609 982 1776 1037; x_wconf 69' lang='grc' dir='ltr'>μετ-αα</span> 
     </span>
    </p>
   </div>
   <div class='ocr_carea' id='block_1_11' title="bbox 198 1055 1774 1128">
    <p class='ocr_par' dir='ltr' id='par_1_11' title="bbox 198 1055 1774 1128">
     <span class='ocr_line' id='line_1_11' title="bbox 198 1055 1774 1128; baseline 0.007 -20"><span class='ocrx_word' id='word_1_68' title='bbox 198 1057 496 1126; x_wconf 76' lang='grc' dir='ltr'><strong>ποιουμένη</strong></span> <span class='ocrx_word' id='word_1_69' title='bbox 528 1057 797 1128; x_wconf 82' lang='grc' dir='ltr'>θεότητος,</span> <span class='ocrx_word' id='word_1_70' title='bbox 824 1059 947 1112; x_wconf 80' lang='grc' dir='ltr'>ὅσον</span> <span class='ocrx_word' id='word_1_71' title='bbox 975 1061 1003 1114; x_wconf 84' lang='grc' dir='ltr'>ὁ</span> <span class='ocrx_word' id='word_1_72' title='bbox 1029 1060 1121 1111; x_wconf 76' lang='grc' dir='ltr'><strong>τοῦ</strong></span> <span class='ocrx_word' id='word_1_73' title='bbox 1146 1057 1280 1112; x_wconf 79' lang='grc' dir='ltr'>Θεοῦ</span> <span class='ocrx_word' id='word_1_74' title='bbox 1332 1057 1504 1123; x_wconf 82' lang='grc' dir='ltr'>Λόγος</span> <span class='ocrx_word' id='word_1_75' title='bbox 1553 1055 1650 1126; x_wconf 82' lang='grc' dir='ltr'><strong>τῆς</strong></span> <span class='ocrx_word' id='word_1_76' title='bbox 1695 1055 1774 1107; x_wconf 62' lang='grc' dir='ltr'><strong>οἱ·</strong></span> 
     </span>
    </p>
   </div>
   <div class='ocr_carea' id='block_1_12' title="bbox 200 1145 1777 1218">
    <p class='ocr_par' dir='ltr' id='par_1_12' title="bbox 200 1145 1777 1218">
     <span class='ocr_line' id='line_1_12' title="bbox 200 1145 1777 1218; baseline -0.001 -21"><span class='ocrx_word' id='word_1_77' title='bbox 200 1145 357 1209; x_wconf 79' lang='grc' dir='ltr'>κείας</span> <span class='ocrx_word' id='word_1_78' title='bbox 407 1147 738 1217; x_wconf 70' lang='grc' dir='ltr'>ἀκραιφνοῦς</span> <span class='ocrx_word' id='word_1_79' title='bbox 785 1148 963 1217; x_wconf 82' lang='grc' dir='ltr'>δόξης,</span> <span class='ocrx_word' id='word_1_80' title='bbox 1009 1147 1366 1218; x_wconf 76' lang='grc' dir='ltr'>οἰκονομικῶς</span> <span class='ocrx_word' id='word_1_81' title='bbox 1421 1147 1607 1199; x_wconf 79' lang='grc' dir='ltr'>ἑαυτὸν</span> <span class='ocrx_word' id='word_1_82' title='bbox 1635 1145 1777 1198; x_wconf 84' lang='grc' dir='ltr'><strong>κατά</strong></span> 
     </span>
    </p>
   </div>
   <div class='ocr_carea' id='block_1_13' title="bbox 201 1235 1777 1309">
    <p class='ocr_par' dir='ltr' id='par_1_13' title="bbox 201 1235 1777 1309">
     <span class='ocr_line' id='line_1_13' title="bbox 201 1235 1777 1309; baseline 0.005 -23"><span class='ocrx_word' id='word_1_83' title='bbox 201 1236 419 1306; x_wconf 77' lang='grc' dir='ltr'>θέλησιν</span> <span class='ocrx_word' id='word_1_84' title='bbox 450 1236 710 1305; x_wconf 77' lang='grc' dir='ltr'>κενώσας,</span> <span class='ocrx_word' id='word_1_85' title='bbox 764 1240 1054 1308; x_wconf 80' lang='grc' dir='ltr'>γενόμενος</span> <span class='ocrx_word' id='word_1_86' title='bbox 1101 1237 1317 1309; x_wconf 82' lang='grc' dir='ltr'>ἀληθῶς</span> <span class='ocrx_word' id='word_1_87' title='bbox 1370 1235 1777 1309; x_wconf 78' lang='grc' dir='ltr'>κεχρημάτικεν</span> 
     </span>
    </p>
   </div>
   <div class='ocr_carea' id='block_1_14' title="bbox 202 1321 1062 1391">
    <p class='ocr_par' dir='ltr' id='par_1_14' title="bbox 202 1321 1062 1391">
     <span class='ocr_line' id='line_1_14' title="bbox 202 1321 1062 1391; baseline 0.012 -19"><span class='ocrx_word' id='word_1_88' title='bbox 202 1321 516 1391; x_wconf 71' lang='grc' dir='ltr'>ἄνθρωπος.</span> <span class='ocrx_word' id='word_1_89' title='bbox 1039 1342 1062 1372; x_wconf 77' lang='grc' dir='ltr'><strong><em>ο</em></strong></span> 
     </span>
    </p>
   </div>
   <div class='ocr_carea' id='block_1_15' title="bbox 285 1495 1776 1570">
    <p class='ocr_par' dir='ltr' id='par_1_15' title="bbox 285 1495 1776 1570">
     <span class='ocr_line' id='line_1_15' title="bbox 285 1495 1776 1570; baseline 0.005 -24"><span class='ocrx_word' id='word_1_90' title='bbox 285 1495 580 1565; x_wconf 77' lang='grc' dir='ltr'>’ἰσοτίμους</span> <span class='ocrx_word' id='word_1_91' title='bbox 617 1497 672 1550; x_wconf 74' lang='grc' dir='ltr'>δὲ</span> <span class='ocrx_word' id='word_1_92' title='bbox 718 1501 830 1562; x_wconf 79' lang='grc' dir='ltr'>τοῖς</span> <span class='ocrx_word' id='word_1_93' title='bbox 865 1500 1118 1568; x_wconf 75' lang='grc' dir='ltr'><strong>ἀγγέλοις</strong></span> <span class='ocrx_word' id='word_1_94' title='bbox 1149 1500 1277 1563; x_wconf 77' lang='grc' dir='ltr'>τοὺς</span> <span class='ocrx_word' id='word_1_95' title='bbox 1305 1498 1628 1570; x_wconf 79' lang='grc' dir='ltr'>ἀνθρώπους</span> <span class='ocrx_word' id='word_1_96' title='bbox 1675 1516 1776 1553; x_wconf 87' lang='grc' dir='ltr'>πε-</span> 
     </span>
    </p>
   </div>
   <div class='ocr_carea' id='block_1_16' title="bbox 204 1587 1775 1660">
    <p class='ocr_par' dir='ltr' id='par_1_16' title="bbox 204 1587 1775 1660">
     <span class='ocr_line' id='line_1_16' title="bbox 204 1587 1775 1660; baseline 0.005 -23"><span class='ocrx_word' id='word_1_97' title='bbox 204 1587 453 1655; x_wconf 72' lang='grc' dir='ltr'>ποίηκεν,</span> <span class='ocrx_word' id='word_1_98' title='bbox 503 1589 561 1638; x_wconf 77' lang='grc' dir='ltr'><strong>οὐ</strong></span> <span class='ocrx_word' id='word_1_99' title='bbox 596 1589 785 1642; x_wconf 77' lang='grc' dir='ltr'>καθότι</span> <span class='ocrx_word' id='word_1_100' title='bbox 829 1591 987 1657; x_wconf 89' lang='grc' dir='ltr'>μόνον</span> <span class='ocrx_word' id='word_1_101' title='bbox 1009 1591 1499 1660; x_wconf 70' lang='grc' dir='ltr'>Εἰρηνοποιήσας</span> <span class='ocrx_word' id='word_1_102' title='bbox 1547 1591 1646 1644; x_wconf 79' lang='grc' dir='ltr'>διὰ</span> <span class='ocrx_word' id='word_1_103' title='bbox 1671 1591 1775 1645; x_wconf 76' lang='grc' dir='ltr'>τοῦ</span> 
     </span>
    </p>
   </div>
   <div class='ocr_carea' id='block_1_17' title="bbox 201 1678 1777 1749">
    <p class='ocr_par' dir='ltr' id='par_1_17' title="bbox 201 1678 1777 1749">
     <span class='ocr_line' id='line_1_17' title="bbox 201 1678 1777 1749; baseline 0.002 -19"><span class='ocrx_word' id='word_1_104' title='bbox 201 1678 454 1746; x_wconf 74' lang='grc' dir='ltr'>αἵματος</span> <span class='ocrx_word' id='word_1_105' title='bbox 480 1679 586 1732; x_wconf 84' lang='grc' dir='ltr'>τοῦ</span> <span class='ocrx_word' id='word_1_106' title='bbox 629 1681 894 1748; x_wconf 85' lang='grc' dir='ltr'>σταυροῦ</span> <span class='ocrx_word' id='word_1_107' title='bbox 925 1683 1110 1736; x_wconf 79' lang='grc' dir='ltr'>αὐτοῦ</span> <span class='ocrx_word' id='word_1_108' title='bbox 1142 1683 1212 1736; x_wconf 83' lang='grc' dir='ltr'>τὰ</span> <span class='ocrx_word' id='word_1_109' title='bbox 1251 1683 1322 1735; x_wconf 72' lang='grc' dir='ltr'>ἐν</span> <span class='ocrx_word' id='word_1_110' title='bbox 1348 1682 1468 1748; x_wconf 81' lang='grc' dir='ltr'>τοῖς</span> <span class='ocrx_word' id='word_1_111' title='bbox 1501 1682 1777 1749; x_wconf 79' lang='grc' dir='ltr'><strong>οὐρανοῖς</strong></span> 
     </span>
    </p>
   </div>
   <div class='ocr_carea' id='block_1_18' title="bbox 205 1763 1848 1847">
    <p class='ocr_par' dir='ltr' id='par_1_18' title="bbox 205 1763 1848 1847">
     <span class='ocr_line' id='line_1_18' title="bbox 205 1763 1848 1847; baseline 0.006 -28"><span class='ocrx_word' id='word_1_112' title='bbox 205 1769 305 1821; x_wconf 71' lang='grc' dir='ltr'>καὶ</span> <span class='ocrx_word' id='word_1_113' title='bbox 342 1768 413 1821; x_wconf 80' lang='grc' dir='ltr'>τὰ</span> <span class='ocrx_word' id='word_1_114' title='bbox 455 1771 552 1822; x_wconf 79' lang='grc' dir='ltr'><strong>ἐπὶ</strong></span> <span class='ocrx_word' id='word_1_115' title='bbox 585 1771 694 1838; x_wconf 79' lang='grc' dir='ltr'>τῆς</span> <span class='ocrx_word' id='word_1_116' title='bbox 723 1770 854 1840; x_wconf 68' lang='grc' dir='ltr'>γῆς,</span> <span class='ocrx_word' id='word_1_117' title='bbox 883 1775 977 1826; x_wconf 73' lang='grc' dir='ltr'><strong>καὶ</strong></span> <span class='ocrx_word' id='word_1_118' title='bbox 1005 1775 1361 1845; x_wconf 77' lang='grc' dir='ltr'>καταργήσας</span> <span class='ocrx_word' id='word_1_119' title='bbox 1390 1774 1488 1838; x_wconf 80' lang='grc' dir='ltr'>τὰς</span> <span class='ocrx_word' id='word_1_120' title='bbox 1536 1775 1772 1847; x_wconf 82' lang='grc' dir='ltr'>πληρού-</span> <span class='ocrx_word' id='word_1_121' title='bbox 1806 1763 1848 1818; x_wconf 78' lang='grc' dir='ltr'>Β</span> 
     </span>
    </p>
   </div>
   <div class='ocr_carea' id='block_1_19' title="bbox 211 1862 1776 1937">
    <p class='ocr_par' dir='ltr' id='par_1_19' title="bbox 211 1862 1776 1937">
     <span class='ocr_line' id='line_1_19' title="bbox 211 1862 1776 1937; baseline 0.006 -25"><span class='ocrx_word' id='word_1_122' title='bbox 211 1877 312 1922; x_wconf 82' lang='grc' dir='ltr'><strong>σας</strong></span> <span class='ocrx_word' id='word_1_123' title='bbox 357 1862 445 1914; x_wconf 81' lang='grc' dir='ltr'><strong>τὸν</strong></span> <span class='ocrx_word' id='word_1_124' title='bbox 481 1862 643 1932; x_wconf 81' lang='grc' dir='ltr'>μέσον</span> <span class='ocrx_word' id='word_1_125' title='bbox 672 1863 903 1934; x_wconf 77' lang='grc' dir='ltr'>οὐρανοῦ</span> <span class='ocrx_word' id='word_1_126' title='bbox 935 1867 1025 1918; x_wconf 73' lang='grc' dir='ltr'><strong>καὶ</strong></span> <span class='ocrx_word' id='word_1_127' title='bbox 1058 1867 1160 1936; x_wconf 83' lang='grc' dir='ltr'><strong>γῆς</strong></span> <span class='ocrx_word' id='word_1_128' title='bbox 1197 1869 1360 1919; x_wconf 81' lang='grc' dir='ltr'>τόπον</span> <span class='ocrx_word' id='word_1_129' title='bbox 1395 1868 1776 1937; x_wconf 71' lang='grc' dir='ltr'>ἀντικειμένας</span> 
     </span>
    </p>
   </div>
   <div class='ocr_carea' id='block_1_20' title="bbox 207 1951 1776 2030">
    <p class='ocr_par' dir='ltr' id='par_1_20' title="bbox 207 1951 1776 2030">
     <span class='ocr_line' id='line_1_20' title="bbox 207 1951 1776 2030; baseline 0.007 -28"><span class='ocrx_word' id='word_1_130' title='bbox 207 1951 500 2023; x_wconf 82' lang='grc' dir='ltr'>δυνάμεις,</span> <span class='ocrx_word' id='word_1_131' title='bbox 532 1955 659 2023; x_wconf 86' lang='grc' dir='ltr'>μίαν</span> <span class='ocrx_word' id='word_1_132' title='bbox 703 1956 836 2026; x_wconf 73' lang='grc' dir='ltr'>πρὸς</span> <span class='ocrx_word' id='word_1_133' title='bbox 867 1957 964 2028; x_wconf 81' lang='grc' dir='ltr'>τὴν</span> <span class='ocrx_word' id='word_1_134' title='bbox 991 1957 1097 2012; x_wconf 86' lang='grc' dir='ltr'><strong>τῶν</strong></span> <span class='ocrx_word' id='word_1_135' title='bbox 1127 1958 1286 2013; x_wconf 82' lang='grc' dir='ltr'>θείων</span> <span class='ocrx_word' id='word_1_136' title='bbox 1306 1959 1492 2029; x_wconf 84' lang='grc' dir='ltr'>δώρων</span> <span class='ocrx_word' id='word_1_137' title='bbox 1520 1959 1776 2030; x_wconf 80' lang='grc' dir='ltr'>διανομὴν</span> 
     </span>
    </p>
   </div>
   <div class='ocr_carea' id='block_1_21' title="bbox 205 2041 1776 2118">
    <p class='ocr_par' dir='ltr' id='par_1_21' title="bbox 205 2041 1776 2118">
     <span class='ocr_line' id='line_1_21' title="bbox 205 2041 1776 2118; baseline 0.008 -27"><span class='ocrx_word' id='word_1_138' title='bbox 205 2041 317 2092; x_wconf 71' lang='grc' dir='ltr'>’τῶν</span> <span class='ocrx_word' id='word_1_139' title='bbox 335 2043 590 2110; x_wconf 79' lang='grc' dir='ltr'>ἐπιγείων</span> <span class='ocrx_word' id='word_1_140' title='bbox 615 2044 710 2096; x_wconf 75' lang='grc' dir='ltr'>καὶ</span> <span class='ocrx_word' id='word_1_141' title='bbox 724 2045 985 2108; x_wconf 83' lang='grc' dir='ltr'>οὐρανίων</span> <span class='ocrx_word' id='word_1_142' title='bbox 1004 2047 1280 2118; x_wconf 77' lang='grc' dir='ltr'>δυνάμεων</span> <span class='ocrx_word' id='word_1_143' title='bbox 1305 2049 1583 2114; x_wconf 76' lang='grc' dir='ltr'>ἀπέδειξεν</span> <span class='ocrx_word' id='word_1_144' title='bbox 1613 2045 1776 2103; x_wconf 79' lang='grc' dir='ltr'>οὖσαν</span> 
     </span>
    </p>
   </div>
   <div class='ocr_carea' id='block_1_22' title="bbox 211 2133 1777 2206">
    <p class='ocr_par' dir='ltr' id='par_1_22' title="bbox 211 2133 1777 2206">
     <span class='ocr_line' id='line_1_22' title="bbox 211 2133 1777 2206; baseline 0.008 -26"><span class='ocrx_word' id='word_1_145' title='bbox 211 2133 519 2200; x_wconf 78' lang='grc' dir='ltr'>πανήγυριν</span> <span class='ocrx_word' id='word_1_146' title='bbox 540 2147 552 2160; x_wconf 92' lang='grc'><strong>·</strong></span> <span class='ocrx_word' id='word_1_147' title='bbox 603 2136 700 2203; x_wconf 78' lang='grc' dir='ltr'>τῆς</span> <span class='ocrx_word' id='word_1_148' title='bbox 735 2134 1080 2206; x_wconf 79' lang='grc' dir='ltr'>ἀνθρωπίνης</span> <span class='ocrx_word' id='word_1_149' title='bbox 1109 2137 1322 2205; x_wconf 80' lang='grc' dir='ltr'>φύσεως</span> <span class='ocrx_word' id='word_1_150' title='bbox 1373 2139 1430 2191; x_wconf 81' lang='grc' dir='ltr'><strong>ἐν</strong></span> <span class='ocrx_word' id='word_1_151' title='bbox 1460 2139 1777 2206; x_wconf 76' lang='grc' dir='ltr'>ἀγαλλιάσει</span> 
     </span>
    </p>
   </div>
   <div class='ocr_carea' id='block_1_23' title="bbox 213 2221 1777 2300">
    <p class='ocr_par' dir='ltr' id='par_1_23' title="bbox 213 2221 1777 2300">
     <span class='ocr_line' id='line_1_23' title="bbox 213 2221 1777 2300; baseline 0.005 -26"><span class='ocrx_word' id='word_1_152' title='bbox 213 2221 357 2274; x_wconf 73' lang='grc' dir='ltr'>κατὰ</span> <span class='ocrx_word' id='word_1_153' title='bbox 402 2222 460 2273; x_wconf 79' lang='grc' dir='ltr'>τὸ</span> <span class='ocrx_word' id='word_1_154' title='bbox 497 2221 559 2274; x_wconf 87' lang='grc' dir='ltr'>ἒν</span> <span class='ocrx_word' id='word_1_155' title='bbox 585 2225 679 2276; x_wconf 74' lang='grc' dir='ltr'>καὶ</span> <span class='ocrx_word' id='word_1_156' title='bbox 706 2224 766 2277; x_wconf 81' lang='grc' dir='ltr'>τὸ</span> <span class='ocrx_word' id='word_1_157' title='bbox 801 2227 932 2278; x_wconf 74' lang='grc' dir='ltr'>αὐτὸ</span> <span class='ocrx_word' id='word_1_158' title='bbox 978 2225 1187 2298; x_wconf 86' lang='grc' dir='ltr'>θέλημα</span> <span class='ocrx_word' id='word_1_159' title='bbox 1222 2230 1337 2290; x_wconf 85' lang='grc' dir='ltr'>ταῖς</span> <span class='ocrx_word' id='word_1_160' title='bbox 1380 2227 1490 2280; x_wconf 84' lang='grc' dir='ltr'>ἄνω</span> <span class='ocrx_word' id='word_1_161' title='bbox 1521 2229 1777 2300; x_wconf 82' lang='grc' dir='ltr'>δυνάμεσι</span> 
     </span>
    </p>
   </div>
   <div class='ocr_carea' id='block_1_24' title="bbox 212 2314 1778 2389">
    <p class='ocr_par' dir='ltr' id='par_1_24' title="bbox 212 2314 1778 2389">
     <span class='ocr_line' id='line_1_24' title="bbox 212 2314 1778 2389; baseline 0.007 -25"><span class='ocrx_word' id='word_1_162' title='bbox 212 2316 313 2382; x_wconf 69' lang='grc' dir='ltr'>τὴν</span> <span class='ocrx_word' id='word_1_163' title='bbox 361 2314 516 2380; x_wconf 77' lang='grc' dir='ltr'>δόξαν</span> <span class='ocrx_word' id='word_1_164' title='bbox 570 2315 662 2367; x_wconf 80' lang='grc' dir='ltr'>τοῦ</span> <span class='ocrx_word' id='word_1_165' title='bbox 716 2316 851 2368; x_wconf 77' lang='grc' dir='ltr'>Θεοῦ</span> <span class='ocrx_word' id='word_1_166' title='bbox 904 2317 1342 2389; x_wconf 63' lang='grc' dir='ltr'>συκδεπηχοὺσης·</span> <span class='ocrx_word' id='word_1_167' title='bbox 1402 2322 1519 2374; x_wconf 80' lang='grc' dir='ltr'>ἀλλ’</span> <span class='ocrx_word' id='word_1_168' title='bbox 1557 2323 1637 2375; x_wconf 83' lang='grc' dir='ltr'>ὅτι</span> <span class='ocrx_word' id='word_1_169' title='bbox 1685 2323 1778 2375; x_wconf 76' lang='grc' dir='ltr'>καὶ</span> 
     </span>
    </p>
   </div>
   <div class='ocr_carea' id='block_1_25' title="bbox 216 2405 1778 2482">
    <p class='ocr_par' dir='ltr' id='par_1_25' title="bbox 216 2405 1778 2482">
     <span class='ocr_line' id='line_1_25' title="bbox 216 2405 1778 2482; baseline 0.008 -27"><span class='ocrx_word' id='word_1_170' title='bbox 216 2405 353 2472; x_wconf 80' lang='grc' dir='ltr'><strong>μετά</strong></span> <span class='ocrx_word' id='word_1_171' title='bbox 381 2405 476 2475; x_wconf 77' lang='grc' dir='ltr'><strong>τὴν</strong></span> <span class='ocrx_word' id='word_1_172' title='bbox 511 2405 787 2474; x_wconf 75' lang='grc' dir='ltr'>πλήρωσιν</span> <span class='ocrx_word' id='word_1_173' title='bbox 807 2407 908 2477; x_wconf 81' lang='grc' dir='ltr'>τῆς</span> <span class='ocrx_word' id='word_1_174' title='bbox 938 2409 1078 2480; x_wconf 81' lang='grc' dir='ltr'>ὑπὲρ</span> <span class='ocrx_word' id='word_1_175' title='bbox 1108 2411 1263 2480; x_wconf 76' lang='grc' dir='ltr'>ἡμῶν</span> <span class='ocrx_word' id='word_1_176' title='bbox 1287 2413 1614 2482; x_wconf 75' lang='grc' dir='ltr'>οἰκονομίας,</span> <span class='ocrx_word' id='word_1_177' title='bbox 1642 2414 1778 2482; x_wconf 81' lang='grc' dir='ltr'>μετὰ</span> 
     </span>
    </p>
   </div>
   <div class='ocr_carea' id='block_1_26' title="bbox 211 2495 1776 2575">
    <p class='ocr_par' dir='ltr' id='par_1_26' title="bbox 211 2495 1776 2575">
     <span class='ocr_line' id='line_1_26' title="bbox 211 2495 1776 2575; baseline 0.008 -30"><span class='ocrx_word' id='word_1_178' title='bbox 211 2495 307 2546; x_wconf 78' lang='grc' dir='ltr'>τοῦ</span> <span class='ocrx_word' id='word_1_179' title='bbox 356 2495 793 2566; x_wconf 82' lang='grc' dir='ltr'>προσληφθέντος</span> <span class='ocrx_word' id='word_1_180' title='bbox 829 2498 1158 2570; x_wconf 76' lang='grc' dir='ltr'>ἀναληφθεὶς</span> <span class='ocrx_word' id='word_1_181' title='bbox 1186 2501 1437 2572; x_wconf 86' lang='grc' dir='ltr'>σώματος</span> <span class='ocrx_word' id='word_1_182' title='bbox 1472 2503 1565 2573; x_wconf 80' lang='grc' dir='ltr'>(ι’),</span> <span class='ocrx_word' id='word_1_183' title='bbox 1613 2505 1776 2575; x_wconf 80' lang='grc' dir='ltr'>οὐρα-</span> 
     </span>
    </p>
   </div>
   <div class='ocr_carea' id='block_1_27' title="bbox 216 2585 1777 2664">
    <p class='ocr_par' dir='ltr' id='par_1_27' title="bbox 216 2585 1777 2664">
     <span class='ocr_line' id='line_1_27' title="bbox 216 2585 1777 2664; baseline 0.008 -29"><span class='ocrx_word' id='word_1_184' title='bbox 216 2585 307 2636; x_wconf 82' lang='grc' dir='ltr'><strong>νὸν</strong></span> <span class='ocrx_word' id='word_1_185' title='bbox 356 2585 451 2637; x_wconf 77' lang='grc' dir='ltr'><strong>καὶ</strong></span> <span class='ocrx_word' id='word_1_186' title='bbox 496 2586 601 2655; x_wconf 81' lang='grc' dir='ltr'>γῆν</span> <span class='ocrx_word' id='word_1_187' title='bbox 646 2588 822 2658; x_wconf 82' lang='grc' dir='ltr'>ἧνωσε</span> <span class='ocrx_word' id='word_1_188' title='bbox 872 2589 938 2642; x_wconf 81' lang='grc' dir='ltr'>δι’</span> <span class='ocrx_word' id='word_1_189' title='bbox 988 2590 1214 2643; x_wconf 79' lang='grc' dir='ltr'>ἑαυτοῦ·</span> <span class='ocrx_word' id='word_1_190' title='bbox 1265 2594 1359 2644; x_wconf 73' lang='grc' dir='ltr'><strong>καὶ</strong></span> <span class='ocrx_word' id='word_1_191' title='bbox 1417 2596 1528 2657; x_wconf 75' lang='grc' dir='ltr'>τοῖς</span> <span class='ocrx_word' id='word_1_192' title='bbox 1572 2599 1777 2664; x_wconf 83' lang='grc' dir='ltr'>νοητοῖς</span> 
     </span>
    </p>
   </div>
   <div class='ocr_carea' id='block_1_28' title="bbox 220 2676 1778 2756">
    <p class='ocr_par' dir='ltr' id='par_1_28' title="bbox 220 2676 1778 2756">
     <span class='ocr_line' id='line_1_28' title="bbox 220 2676 1778 2756; baseline 0.007 -29"><span class='ocrx_word' id='word_1_193' title='bbox 220 2676 424 2745; x_wconf 60' lang='grc' dir='ltr'>συνῆψε</span> <span class='ocrx_word' id='word_1_194' title='bbox 477 2677 544 2730; x_wconf 81' lang='grc' dir='ltr'>τὰ</span> <span class='ocrx_word' id='word_1_195' title='bbox 589 2679 843 2746; x_wconf 72' lang='grc' dir='ltr'>αἰσθητὰ,</span> <span class='ocrx_word' id='word_1_196' title='bbox 894 2682 988 2734; x_wconf 77' lang='grc' dir='ltr'><strong>καὶ</strong></span> <span class='ocrx_word' id='word_1_197' title='bbox 1039 2681 1165 2751; x_wconf 86' lang='grc' dir='ltr'>μίαν</span> <span class='ocrx_word' id='word_1_198' title='bbox 1202 2683 1367 2749; x_wconf 77' lang='grc' dir='ltr'>ἔδειξε</span> <span class='ocrx_word' id='word_1_199' title='bbox 1415 2683 1514 2754; x_wconf 80' lang='grc' dir='ltr'>τὴν</span> <span class='ocrx_word' id='word_1_200' title='bbox 1557 2685 1778 2756; x_wconf 78' lang='grc' dir='ltr'>κτιστὴν</span> 
     </span>
    </p>
   </div>
   <div class='ocr_carea' id='block_1_29' title="bbox 217 2767 1779 2847">
    <p class='ocr_par' dir='ltr' id='par_1_29' title="bbox 217 2767 1779 2847">
     <span class='ocr_line' id='line_1_29' title="bbox 217 2767 1779 2847; baseline 0.006 -29"><span class='ocrx_word' id='word_1_201' title='bbox 217 2767 378 2835; x_wconf 81' lang='grc' dir='ltr'>φύσιν</span> <span class='ocrx_word' id='word_1_202' title='bbox 405 2770 522 2831; x_wconf 83' lang='grc' dir='ltr'>ταῖς</span> <span class='ocrx_word' id='word_1_203' title='bbox 551 2768 658 2821; x_wconf 88' lang='grc' dir='ltr'><strong>τῶν</strong></span> <span class='ocrx_word' id='word_1_204' title='bbox 687 2771 884 2842; x_wconf 80' lang='grc' dir='ltr'>ἑαυτῆς</span> <span class='ocrx_word' id='word_1_205' title='bbox 911 2772 1174 2842; x_wconf 80' lang='grc' dir='ltr'>ἀκρότησι</span> <span class='ocrx_word' id='word_1_206' title='bbox 1203 2774 1403 2844; x_wconf 84' lang='grc' dir='ltr'>μερῶν,</span> <span class='ocrx_word' id='word_1_207' title='bbox 1431 2777 1549 2828; x_wconf 81' lang='grc' dir='ltr'>κατ’</span> <span class='ocrx_word' id='word_1_208' title='bbox 1577 2777 1779 2847; x_wconf 83' lang='grc' dir='ltr'>ἀρετήν</span> 
     </span>
    </p>
   </div>
   <div class='ocr_carea' id='block_1_30' title="bbox 211 2860 1778 2938">
    <p class='ocr_par' dir='ltr' id='par_1_30' title="bbox 211 2860 1778 2938">
     <span class='ocr_line' id='line_1_30' title="bbox 211 2860 1778 2938; baseline 0.006 -28"><span class='ocrx_word' id='word_1_209' title='bbox 211 2877 276 2910; x_wconf 87' lang='grc' dir='ltr'><strong>τε</strong></span> <span class='ocrx_word' id='word_1_210' title='bbox 309 2861 403 2913; x_wconf 72' lang='grc' dir='ltr'><strong>καὶ</strong></span> <span class='ocrx_word' id='word_1_211' title='bbox 448 2860 545 2929; x_wconf 79' lang='grc' dir='ltr'>τῆς</span> <span class='ocrx_word' id='word_1_212' title='bbox 573 2861 815 2932; x_wconf 68' lang='grc' dir='ltr'>ιπρώτης</span> <span class='ocrx_word' id='word_1_213' title='bbox 846 2864 1021 2926; x_wconf 83' lang='grc' dir='ltr'>αἰτίας</span> <span class='ocrx_word' id='word_1_214' title='bbox 1052 2865 1363 2931; x_wconf 79' lang='grc' dir='ltr'>ἐπίγνωσιν,</span> <span class='ocrx_word' id='word_1_215' title='bbox 1417 2866 1552 2935; x_wconf 77' lang='grc' dir='ltr'>πρὸς</span> <span class='ocrx_word' id='word_1_216' title='bbox 1582 2867 1778 2938; x_wconf 80' lang='grc' dir='ltr'>ἑαυτὴν</span> 
     </span>
    </p>
   </div>
   <div class='ocr_carea' id='block_1_31' title="bbox 215 2949 1778 3028">
    <p class='ocr_par' dir='ltr' id='par_1_31' title="bbox 215 2949 1778 3028">
     <span class='ocr_line' id='line_1_31' title="bbox 215 2949 1778 3028; baseline 0.006 -26"><span class='ocrx_word' id='word_1_217' title='bbox 215 2951 603 3022; x_wconf 81' lang='grc' dir='ltr'>συνδεομένην·</span> <span class='ocrx_word' id='word_1_218' title='bbox 645 2953 876 3019; x_wconf 80' lang='grc' dir='ltr'>δεικνὺς,</span> <span class='ocrx_word' id='word_1_219' title='bbox 930 2951 1104 3024; x_wconf 76' lang='grc' dir='ltr'>οἶμαι,</span> <span class='ocrx_word' id='word_1_220' title='bbox 1150 2956 1218 3009; x_wconf 87' lang='grc' dir='ltr'>δι’</span> <span class='ocrx_word' id='word_1_221' title='bbox 1257 2949 1332 3008; x_wconf 83' lang='grc' dir='ltr'>ὧν</span> <span class='ocrx_word' id='word_1_222' title='bbox 1383 2958 1629 3012; x_wconf 80' lang='grc' dir='ltr'>ἐπετέλει</span> <span class='ocrx_word' id='word_1_223' title='bbox 1676 2977 1778 3028; x_wconf 79' lang='grc' dir='ltr'>μυ-</span> 
     </span>
    </p>
   </div>
   <div class='ocr_carea' id='block_1_32' title="bbox 214 3041 1777 3113">
    <p class='ocr_par' dir='ltr' id='par_1_32' title="bbox 214 3041 1777 3113">
     <span class='ocr_line' id='line_1_32' title="bbox 214 3041 1777 3113; baseline 0.006 -20"><span class='ocrx_word' id='word_1_224' title='bbox 214 3041 436 3104; x_wconf 83' lang='grc' dir='ltr'>στικῶς,</span> <span class='ocrx_word' id='word_1_225' title='bbox 471 3044 544 3105; x_wconf 83' lang='grc' dir='ltr'>ὡς</span> <span class='ocrx_word' id='word_1_226' title='bbox 571 3045 600 3096; x_wconf 85' lang='grc' dir='ltr'><strong>ό</strong></span> <span class='ocrx_word' id='word_1_227' title='bbox 634 3045 732 3113; x_wconf 84' lang='grc' dir='ltr'><strong>μὲν</strong></span> <span class='ocrx_word' id='word_1_228' title='bbox 763 3045 919 3113; x_wconf 87' lang='grc' dir='ltr'>λόγος</span> <span class='ocrx_word' id='word_1_229' title='bbox 950 3047 1064 3098; x_wconf 77' lang='grc' dir='ltr'>ἐστὶ</span> <span class='ocrx_word' id='word_1_230' title='bbox 1089 3045 1195 3099; x_wconf 87' lang='grc' dir='ltr'><strong>τῶν</strong></span> <span class='ocrx_word' id='word_1_231' title='bbox 1224 3047 1527 3102; x_wconf 84' lang='grc' dir='ltr'>διεστώτων</span> <span class='ocrx_word' id='word_1_232' title='bbox 1555 3049 1744 3112; x_wconf 82' lang='grc' dir='ltr'>ἓνωσις</span> <span class='ocrx_word' id='word_1_233' title='bbox 1762 3067 1777 3082; x_wconf 78' lang='grc' dir='ltr'><strong>ο</strong></span> 
     </span>
    </p>
   </div>
   <div class='ocr_carea' id='block_1_33' title="bbox 215 3131 1778 3210">
    <p class='ocr_par' dir='ltr' id='par_1_33' title="bbox 215 3131 1778 3210">
     <span class='ocr_line' id='line_1_33' title="bbox 215 3131 1778 3210; baseline 0.006 -27"><span class='ocrx_word' id='word_1_234' title='bbox 215 3133 252 3200; x_wconf 79' lang='grc' dir='ltr'>ἡ</span> <span class='ocrx_word' id='word_1_235' title='bbox 281 3131 335 3184; x_wconf 83' lang='grc' dir='ltr'><strong>δὲ</strong></span> <span class='ocrx_word' id='word_1_236' title='bbox 369 3133 576 3200; x_wconf 85' lang='grc' dir='ltr'>ἀλογία,</span> <span class='ocrx_word' id='word_1_237' title='bbox 611 3135 718 3186; x_wconf 86' lang='grc' dir='ltr'><strong>τῶν</strong></span> <span class='ocrx_word' id='word_1_238' title='bbox 751 3135 1042 3206; x_wconf 83' lang='grc' dir='ltr'>ἡνωμένων</span> <span class='ocrx_word' id='word_1_239' title='bbox 1064 3137 1324 3209; x_wconf 87' lang='grc' dir='ltr'>διαίρεσις</span> <span class='ocrx_word' id='word_1_240' title='bbox 1346 3155 1359 3168; x_wconf 83' lang='grc'><em>’</em></span> <span class='ocrx_word' id='word_1_241' title='bbox 1393 3140 1487 3192; x_wconf 68' lang='grc' dir='ltr'><strong>καὶ</strong></span> <span class='ocrx_word' id='word_1_242' title='bbox 1518 3139 1778 3210; x_wconf 77' lang='grc' dir='ltr'>μάθωμεν</span> 
     </span>
    </p>
   </div>
   <div class='ocr_carea' id='block_1_34' title="bbox 214 3221 1777 3301">
    <p class='ocr_par' dir='ltr' id='par_1_34' title="bbox 214 3221 1777 3301">
     <span class='ocr_line' id='line_1_34' title="bbox 214 3221 1777 3301; baseline 0.008 -29"><span class='ocrx_word' id='word_1_243' title='bbox 214 3221 374 3289; x_wconf 74' lang='grc' dir='ltr'>λόγου</span> <span class='ocrx_word' id='word_1_244' title='bbox 405 3225 811 3292; x_wconf 84' lang='grc' dir='ltr'>μεταποιεῖσθαι</span> <span class='ocrx_word' id='word_1_245' title='bbox 847 3226 933 3279; x_wconf 89' lang='grc' dir='ltr'><strong>διά</strong></span> <span class='ocrx_word' id='word_1_246' title='bbox 961 3228 1058 3296; x_wconf 79' lang='grc' dir='ltr'><strong>τῆς</strong></span> <span class='ocrx_word' id='word_1_247' title='bbox 1087 3229 1358 3299; x_wconf 82' lang='grc' dir='ltr'>πράξεως,</span> <span class='ocrx_word' id='word_1_248' title='bbox 1399 3229 1484 3283; x_wconf 76' lang='grc' dir='ltr'>ἵνα</span> <span class='ocrx_word' id='word_1_249' title='bbox 1513 3230 1587 3300; x_wconf 82' lang='grc' dir='ltr'>μὴ</span> <span class='ocrx_word' id='word_1_250' title='bbox 1619 3233 1777 3301; x_wconf 87' lang='grc' dir='ltr'>μόνον</span> 
     </span>
    </p>
   </div>
   <div class='ocr_carea' id='block_1_35' title="bbox 215 3314 1777 3392">
    <p class='ocr_par' dir='ltr' id='par_1_35' title="bbox 215 3314 1777 3392">
     <span class='ocr_line' id='line_1_35' title="bbox 215 3314 1777 3392; baseline 0.007 -26"><span class='ocrx_word' id='word_1_251' title='bbox 215 3314 470 3381; x_wconf 82' lang='grc' dir='ltr'>ἀγγέλοις</span> <span class='ocrx_word' id='word_1_252' title='bbox 526 3318 647 3369; x_wconf 82' lang='grc' dir='ltr'>κατ’</span> <span class='ocrx_word' id='word_1_253' title='bbox 696 3317 928 3389; x_wconf 83' lang='grc' dir='ltr'>ἀρετὴν,</span> <span class='ocrx_word' id='word_1_254' title='bbox 976 3320 1109 3373; x_wconf 81' lang='grc' dir='ltr'>ἀλλὰ</span> <span class='ocrx_word' id='word_1_255' title='bbox 1161 3321 1255 3373; x_wconf 77' lang='grc' dir='ltr'>καὶ</span> <span class='ocrx_word' id='word_1_256' title='bbox 1300 3321 1419 3392; x_wconf 83' lang='grc' dir='ltr'>Θεῷ</span> <span class='ocrx_word' id='word_1_257' title='bbox 1462 3323 1777 3390; x_wconf 87' lang='grc' dir='ltr'>γνωστικῶς</span> 
     </span>
    </p>
   </div>
   <div class='ocr_carea' id='block_1_36' title="bbox 215 3407 1491 3486">
    <p class='ocr_par' dir='ltr' id='par_1_36' title="bbox 215 3407 1491 3486">
     <span class='ocr_line' id='line_1_36' title="bbox 215 3407 1491 3486; baseline 0.006 -27"><span class='ocrx_word' id='word_1_258' title='bbox 215 3407 358 3460; x_wconf 84' lang='grc' dir='ltr'><strong>κατά</strong></span> <span class='ocrx_word' id='word_1_259' title='bbox 388 3408 488 3478; x_wconf 79' lang='grc' dir='ltr'>τὴν</span> <span class='ocrx_word' id='word_1_260' title='bbox 517 3410 622 3462; x_wconf 90' lang='grc' dir='ltr'><strong>τῶν</strong></span> <span class='ocrx_word' id='word_1_261' title='bbox 659 3411 823 3464; x_wconf 78' lang='grc' dir='ltr'>ὄντων</span> <span class='ocrx_word' id='word_1_262' title='bbox 856 3411 1143 3481; x_wconf 77' lang='grc' dir='ltr'>ἐνωθῶμεν</span> <span class='ocrx_word' id='word_1_263' title='bbox 1183 3415 1491 3486; x_wconf 59' lang='grc' dir='ltr'>ἀφαίρεσιν.</span> 
     </span>
    </p>
   </div>
   <div class='ocr_carea' id='block_1_37' title="bbox 1874 500 3452 576">
    <p class='ocr_par' dir='ltr' id='par_1_37' title="bbox 1874 500 3452 576">
     <span class='ocr_line' id='line_1_37' title="bbox 1874 500 3452 576; baseline -0.002 -14"><span class='ocrx_word' id='word_1_264' title='bbox 1874 519 2070 563; x_wconf 88' lang='lat' dir='ltr'><strong>natura</strong></span> <span class='ocrx_word' id='word_1_265' title='bbox 2117 506 2466 576; x_wconf 83' lang='lat' dir='ltr'><strong>superiorum</strong></span> <span class='ocrx_word' id='word_1_266' title='bbox 2495 503 2710 558; x_wconf 78' lang='lat' dir='ltr'><strong>cmlitus</strong></span> <span class='ocrx_word' id='word_1_267' title='bbox 2753 516 2851 570; x_wconf 87' lang='lat' dir='ltr'><strong>per</strong></span> <span class='ocrx_word' id='word_1_268' title='bbox 2879 500 3143 570; x_wconf 78' lang='lat' dir='ltr'><strong>Spiritum</strong></span> <span class='ocrx_word' id='word_1_269' title='bbox 3192 501 3246 555; x_wconf 92' lang='lat' dir='ltr'><strong>in</strong></span> <span class='ocrx_word' id='word_1_270' title='bbox 3279 503 3452 571; x_wconf 84' lang='lat' dir='ltr'><strong>gratia</strong></span> 
     </span>
    </p>
   </div>
   <div class='ocr_carea' id='block_1_38' title="bbox 1877 592 3462 662">
    <p class='ocr_par' dir='ltr' id='par_1_38' title="bbox 1877 592 3462 662">
     <span class='ocr_line' id='line_1_38' title="bbox 1877 592 3462 662; baseline -0.003 -10"><span class='ocrx_word' id='word_1_271' title='bbox 1877 600 2076 654; x_wconf 83' lang='lat' dir='ltr'><strong>tribuit</strong></span> <span class='ocrx_word' id='word_1_272' title='bbox 2119 613 2183 652; x_wconf 89' lang='lat' dir='ltr'><strong>ac</strong></span> <span class='ocrx_word' id='word_1_273' title='bbox 2226 597 2394 652; x_wconf 88' lang='lat' dir='ltr'><strong>donat</strong></span> <span class='ocrx_word' id='word_1_274' title='bbox 2439 594 2821 657; x_wconf 72' lang='lat' dir='ltr'><strong>nativitatem;</strong></span> <span class='ocrx_word' id='word_1_275' title='bbox 2873 593 3030 662; x_wconf 88' lang='lat' dir='ltr'><strong>cujus</strong></span> <span class='ocrx_word' id='word_1_276' title='bbox 3077 592 3190 647; x_wconf 89' lang='lat' dir='ltr'><strong>Deo</strong></span> <span class='ocrx_word' id='word_1_277' title='bbox 3234 594 3462 662; x_wconf 76' lang='lat' dir='ltr'><strong>auspice</strong></span> 
     </span>
    </p>
   </div>
   <div class='ocr_carea' id='block_1_39' title="bbox 1873 684 3455 754">
    <p class='ocr_par' dir='ltr' id='par_1_39' title="bbox 1873 684 3455 754">
     <span class='ocr_line' id='line_1_39' title="bbox 1873 684 3455 754; baseline -0.004 -9"><span class='ocrx_word' id='word_1_278' title='bbox 1873 691 2124 746; x_wconf 86' lang='lat' dir='ltr'><strong>custodia</strong></span> <span class='ocrx_word' id='word_1_279' title='bbox 2153 705 2218 744; x_wconf 89' lang='lat' dir='ltr'><strong>ac</strong></span> <span class='ocrx_word' id='word_1_280' title='bbox 2250 687 2598 744; x_wconf 88' lang='lat' dir='ltr'><strong>conservatio</strong></span> <span class='ocrx_word' id='word_1_281' title='bbox 2627 693 2734 749; x_wconf 86' lang='lat' dir='ltr'><strong>est,</strong></span> <span class='ocrx_word' id='word_1_282' title='bbox 2767 684 2939 738; x_wconf 84' lang='lat' dir='ltr'><strong>libera</strong></span> <span class='ocrx_word' id='word_1_283' title='bbox 2987 699 3204 750; x_wconf 88' lang='lat' dir='ltr'><strong>eorum,</strong></span> <span class='ocrx_word' id='word_1_284' title='bbox 3231 685 3325 754; x_wconf 87' lang='lat' dir='ltr'><strong>qui</strong></span> <span class='ocrx_word' id='word_1_285' title='bbox 3374 684 3455 739; x_wconf 88' lang='lat' dir='ltr'><strong>sic</strong></span> 
     </span>
    </p>
   </div>
   <div class='ocr_carea' id='block_1_40' title="bbox 1873 776 3452 842">
    <p class='ocr_par' dir='ltr' id='par_1_40' title="bbox 1873 776 3452 842">
     <span class='ocr_line' id='line_1_40' title="bbox 1873 776 3452 842; baseline -0.003 -6"><span class='ocrx_word' id='word_1_286' title='bbox 1873 782 1988 836; x_wconf 87' lang='lat' dir='ltr'><strong>nati</strong></span> <span class='ocrx_word' id='word_1_287' title='bbox 2018 790 2166 842; x_wconf 90' lang='lat' dir='ltr'><strong>sunt,</strong></span> <span class='ocrx_word' id='word_1_288' title='bbox 2193 780 2475 841; x_wconf 82' lang='lat' dir='ltr'><strong>voluntas;</strong></span> <span class='ocrx_word' id='word_1_289' title='bbox 2521 778 2737 832; x_wconf 87' lang='lat' dir='ltr'><strong>sincero</strong></span> <span class='ocrx_word' id='word_1_290' title='bbox 2785 776 2953 830; x_wconf 84' lang='lat' dir='ltr'><strong>animi</strong></span> <span class='ocrx_word' id='word_1_291' title='bbox 2987 776 3188 832; x_wconf 84' lang='lat' dir='ltr'><strong>affectu</strong></span> <span class='ocrx_word' id='word_1_292' title='bbox 3233 793 3452 832; x_wconf 86' lang='lat' dir='ltr'><strong>conces-</strong></span> 
     </span>
    </p>
   </div>
   <div class='ocr_carea' id='block_1_41' title="bbox 1875 865 3446 942">
    <p class='ocr_par' dir='ltr' id='par_1_41' title="bbox 1875 865 3446 942">
     <span class='ocr_line' id='line_1_41' title="bbox 1875 865 3446 942; baseline -0.006 -14"><span class='ocrx_word' id='word_1_293' title='bbox 1875 889 1989 928; x_wconf 90' lang='lat' dir='ltr'><strong>sam</strong></span> <span class='ocrx_word' id='word_1_294' title='bbox 2032 871 2263 942; x_wconf 81' lang='lat' dir='ltr'><strong>gratiam</strong></span> <span class='ocrx_word' id='word_1_295' title='bbox 2294 871 2502 933; x_wconf 89' lang='lat' dir='ltr'><strong>colens,</strong></span> <span class='ocrx_word' id='word_1_296' title='bbox 2529 883 2592 922; x_wconf 89' lang='lat' dir='ltr'><strong>ac</strong></span> <span class='ocrx_word' id='word_1_297' title='bbox 2623 865 2784 938; x_wconf 70' lang='grc'><strong>347</strong></span> <span class='ocrx_word' id='word_1_298' title='bbox 2813 866 3018 936; x_wconf 86' lang='lat' dir='ltr'><strong>quibus</strong></span> <span class='ocrx_word' id='word_1_299' title='bbox 3053 867 3309 920; x_wconf 85' lang='lat' dir='ltr'><strong>mandata</strong></span> <span class='ocrx_word' id='word_1_300' title='bbox 3357 882 3446 920; x_wconf 58' lang='grc' dir='ltr'>οχον</span> 
     </span>
    </p>
   </div>
   <div class='ocr_carea' id='block_1_42' title="bbox 1874 959 3456 1035">
    <p class='ocr_par' dir='ltr' id='par_1_42' title="bbox 1874 959 3456 1035">
     <span class='ocr_line' id='line_1_42' title="bbox 1874 959 3456 1035; baseline -0.006 -14"><span class='ocrx_word' id='word_1_301' title='bbox 1874 973 2157 1035; x_wconf 88' lang='lat' dir='ltr'><strong>sequatur,</strong></span> <span class='ocrx_word' id='word_1_302' title='bbox 2219 961 2412 1017; x_wconf 84' lang='lat' dir='ltr'><strong>sedulo</strong></span> <span class='ocrx_word' id='word_1_303' title='bbox 2463 975 2563 1029; x_wconf 92' lang='lat' dir='ltr'><strong>per</strong></span> <span class='ocrx_word' id='word_1_304' title='bbox 2624 959 2855 1028; x_wconf 80' lang='lat' dir='ltr'><strong>gratiam</strong></span> <span class='ocrx_word' id='word_1_305' title='bbox 2918 973 3239 1013; x_wconf 90' lang='lat' dir='ltr'><strong>concessum</strong></span> <span class='ocrx_word' id='word_1_306' title='bbox 3288 959 3456 1012; x_wconf 86' lang='lat' dir='ltr'><strong>decus</strong></span> 
     </span>
    </p>
   </div>
   <div class='ocr_carea' id='block_1_43' title="bbox 1875 1048 3456 1121">
    <p class='ocr_par' dir='ltr' id='par_1_43' title="bbox 1875 1048 3456 1121">
     <span class='ocr_line' id='line_1_43' title="bbox 1875 1048 3456 1121; baseline -0.006 -10"><span class='ocrx_word' id='word_1_307' title='bbox 1875 1070 2187 1120; x_wconf 77' lang='lat' dir='ltr'><strong>exornans;</strong></span> <span class='ocrx_word' id='word_1_308' title='bbox 2242 1060 2564 1121; x_wconf 89' lang='lat' dir='ltr'><strong>tantumque</strong></span> <span class='ocrx_word' id='word_1_309' title='bbox 2595 1048 3074 1119; x_wconf 88' lang='lat' dir='ltr'><strong>perturbationum</strong></span> <span class='ocrx_word' id='word_1_310' title='bbox 3103 1049 3456 1103; x_wconf 85' lang='lat' dir='ltr'><strong>evacuatione</strong></span> 
     </span>
    </p>
   </div>
   <div class='ocr_carea' id='block_1_44' title="bbox 1875 1137 3445 1210">
    <p class='ocr_par' dir='ltr' id='par_1_44' title="bbox 1875 1137 3445 1210">
     <span class='ocr_line' id='line_1_44' title="bbox 1875 1137 3445 1210; baseline -0.006 -10"><span class='ocrx_word' id='word_1_311' title='bbox 1875 1146 2099 1200; x_wconf 85' lang='lat' dir='ltr'><strong>deitatis</strong></span> <span class='ocrx_word' id='word_1_312' title='bbox 2145 1140 2476 1197; x_wconf 87' lang='lat' dir='ltr'><strong>commercio</strong></span> <span class='ocrx_word' id='word_1_313' title='bbox 2514 1139 2842 1210; x_wconf 85' lang='lat' dir='ltr'><strong>provehens,</strong></span> <span class='ocrx_word' id='word_1_314' title='bbox 2871 1145 3138 1207; x_wconf 86' lang='lat' dir='ltr'><strong>quantum</strong></span> <span class='ocrx_word' id='word_1_315' title='bbox 3185 1137 3280 1191; x_wconf 90' lang='lat' dir='ltr'><strong>Dei</strong></span> <span class='ocrx_word' id='word_1_316' title='bbox 3321 1139 3445 1192; x_wconf 81' lang='lat' dir='ltr'><strong>Ver-</strong></span> 
     </span>
    </p>
   </div>
   <div class='ocr_carea' id='block_1_45' title="bbox 1877 1230 3460 1299">
    <p class='ocr_par' dir='ltr' id='par_1_45' title="bbox 1877 1230 3460 1299">
     <span class='ocr_line' id='line_1_45' title="bbox 1877 1230 3460 1299; baseline -0.006 -9"><span class='ocrx_word' id='word_1_317' title='bbox 1877 1237 2008 1290; x_wconf 90' lang='lat' dir='ltr'><strong>bum</strong></span> <span class='ocrx_word' id='word_1_318' title='bbox 2041 1249 2172 1289; x_wconf 90' lang='lat' dir='ltr'><strong>vere</strong></span> <span class='ocrx_word' id='word_1_319' title='bbox 2209 1232 2421 1288; x_wconf 81' lang='lat' dir='ltr'><strong>exstitit</strong></span> <span class='ocrx_word' id='word_1_320' title='bbox 2458 1232 2643 1294; x_wconf 89' lang='lat' dir='ltr'><strong>homo,</strong></span> <span class='ocrx_word' id='word_1_321' title='bbox 2675 1245 2706 1284; x_wconf 89' lang='lat' dir='ltr'><strong>a</strong></span> <span class='ocrx_word' id='word_1_322' title='bbox 2733 1244 2832 1285; x_wconf 89' lang='lat' dir='ltr'><strong>sua</strong></span> <span class='ocrx_word' id='word_1_323' title='bbox 2877 1243 2934 1284; x_wconf 91' lang='lat' dir='ltr'><strong>se</strong></span> <span class='ocrx_word' id='word_1_324' title='bbox 2976 1243 3105 1282; x_wconf 85' lang='lat' dir='ltr'><strong>vera</strong></span> <span class='ocrx_word' id='word_1_325' title='bbox 3150 1244 3215 1282; x_wconf 92' lang='lat' dir='ltr'><strong>ac</strong></span> <span class='ocrx_word' id='word_1_326' title='bbox 3252 1230 3460 1299; x_wconf 85' lang='lat' dir='ltr'><strong>magni-</strong></span> 
     </span>
    </p>
   </div>
   <div class='ocr_carea' id='block_1_46' title="bbox 1877 1320 3456 1398">
    <p class='ocr_par' dir='ltr' id='par_1_46' title="bbox 1877 1320 3456 1398">
     <span class='ocr_line' id='line_1_46' title="bbox 1877 1320 3456 1398; baseline -0.006 -15"><span class='ocrx_word' id='word_1_327' title='bbox 1877 1329 1981 1384; x_wconf 84' lang='lat' dir='ltr'><strong>ﬁca</strong></span> <span class='ocrx_word' id='word_1_328' title='bbox 2042 1327 2214 1398; x_wconf 87' lang='lat' dir='ltr'><strong>gloria</strong></span> <span class='ocrx_word' id='word_1_329' title='bbox 2268 1341 2366 1395; x_wconf 88' lang='lat' dir='ltr'><strong>per</strong></span> <span class='ocrx_word' id='word_1_330' title='bbox 2422 1325 2759 1378; x_wconf 88' lang='lat' dir='ltr'><strong>voluntatem</strong></span> <span class='ocrx_word' id='word_1_331' title='bbox 2811 1321 3220 1391; x_wconf 88' lang='lat' dir='ltr'><strong>dispensatione</strong></span> <span class='ocrx_word' id='word_1_332' title='bbox 3269 1320 3456 1374; x_wconf 62' lang='lat' dir='ltr'><strong>exina-</strong></span> 
     </span>
    </p>
   </div>
   <div class='ocr_carea' id='block_1_47' title="bbox 1876 1422 2061 1475">
    <p class='ocr_par' dir='ltr' id='par_1_47' title="bbox 1876 1422 2061 1475">
     <span class='ocr_line' id='line_1_47' title="bbox 1876 1422 2061 1475; baseline -0.005 -1"><span class='ocrx_word' id='word_1_333' title='bbox 1876 1422 2061 1475; x_wconf 84' lang='lat' dir='ltr'><strong>niens.</strong></span> 
     </span>
    </p>
   </div>
   <div class='ocr_carea' id='block_1_48' title="bbox 1943 1505 3459 1577">
    <p class='ocr_par' dir='ltr' id='par_1_48' title="bbox 1943 1505 3459 1577">
     <span class='ocr_line' id='line_1_48' title="bbox 1943 1505 3459 1577; baseline -0.005 -11"><span class='ocrx_word' id='word_1_334' title='bbox 1943 1511 2067 1566; x_wconf 88' lang='lat' dir='ltr'><strong>Pari</strong></span> <span class='ocrx_word' id='word_1_335' title='bbox 2093 1525 2225 1565; x_wconf 88' lang='lat' dir='ltr'><strong>vero</strong></span> <span class='ocrx_word' id='word_1_336' title='bbox 2253 1509 2506 1564; x_wconf 85' lang='lat' dir='ltr'><strong>homines</strong></span> <span class='ocrx_word' id='word_1_337' title='bbox 2552 1507 2761 1577; x_wconf 80' lang='lat' dir='ltr'><strong>angelis</strong></span> <span class='ocrx_word' id='word_1_338' title='bbox 2802 1505 3067 1576; x_wconf 81' lang='lat' dir='ltr'><strong>dignitate</strong></span> <span class='ocrx_word' id='word_1_339' title='bbox 3112 1506 3264 1561; x_wconf 79' lang='lat' dir='ltr'><strong>auxit</strong></span> <span class='ocrx_word' id='word_1_340' title='bbox 3297 1513 3459 1576; x_wconf 90' lang='lat' dir='ltr'><strong>atque</strong></span> 
     </span>
    </p>
   </div>
   <div class='ocr_carea' id='block_1_49' title="bbox 1875 1596 3459 1672">
    <p class='ocr_par' dir='ltr' id='par_1_49' title="bbox 1875 1596 3459 1672">
     <span class='ocr_line' id='line_1_49' title="bbox 1875 1596 3459 1672; baseline -0.005 -15"><span class='ocrx_word' id='word_1_341' title='bbox 1875 1603 2146 1672; x_wconf 76' lang='lat' dir='ltr'><strong>provexit,</strong></span> <span class='ocrx_word' id='word_1_342' title='bbox 2180 1617 2291 1655; x_wconf 90' lang='lat' dir='ltr'><strong>non</strong></span> <span class='ocrx_word' id='word_1_343' title='bbox 2319 1616 2384 1656; x_wconf 89' lang='lat' dir='ltr'><strong>ea</strong></span> <span class='ocrx_word' id='word_1_344' title='bbox 2417 1601 2681 1654; x_wconf 77' lang='lat' dir='ltr'><strong>duntaxat</strong></span> <span class='ocrx_word' id='word_1_345' title='bbox 2715 1598 2950 1663; x_wconf 82' lang='lat' dir='ltr'><strong>ratione,</strong></span> <span class='ocrx_word' id='word_1_346' title='bbox 2984 1597 3129 1668; x_wconf 91' lang='lat' dir='ltr'><strong>quod</strong></span> <span class='ocrx_word' id='word_1_347' title='bbox 3162 1596 3459 1666; x_wconf 74' lang='lat' dir='ltr'><strong>Paci/imus</strong></span> 
     </span>
    </p>
   </div>
   <div class='ocr_carea' id='block_1_50' title="bbox 1877 1685 3458 1762">
    <p class='ocr_par' dir='ltr' id='par_1_50' title="bbox 1877 1685 3458 1762">
     <span class='ocr_line' id='line_1_50' title="bbox 1877 1685 3458 1762; baseline -0.004 -17"><span class='ocrx_word' id='word_1_348' title='bbox 1877 1708 1970 1762; x_wconf 84' lang='lat' dir='ltr'><strong>per</strong></span> <span class='ocrx_word' id='word_1_349' title='bbox 1993 1690 2303 1761; x_wconf 80' lang='lat' dir='ltr'><strong>sanguinem</strong></span> <span class='ocrx_word' id='word_1_350' title='bbox 2340 1690 2506 1743; x_wconf 79' lang='lat' dir='ltr'><strong>crucis</strong></span> <span class='ocrx_word' id='word_1_351' title='bbox 2540 1701 2669 1751; x_wconf 68' lang='lat' dir='ltr'><strong>sum,</strong></span> <span class='ocrx_word' id='word_1_352' title='bbox 2720 1702 2838 1757; x_wconf 77' lang='lat' dir='ltr'><strong>qua:</strong></span> <span class='ocrx_word' id='word_1_353' title='bbox 2876 1689 2932 1740; x_wconf 82' lang='lat' dir='ltr'><strong>in</strong></span> <span class='ocrx_word' id='word_1_354' title='bbox 2978 1685 3139 1750; x_wconf 71' lang='lat' dir='ltr'><strong>aclis,</strong></span> <span class='ocrx_word' id='word_1_355' title='bbox 3185 1694 3234 1739; x_wconf 83' lang='lat' dir='ltr'><strong>et</strong></span> <span class='ocrx_word' id='word_1_356' title='bbox 3256 1701 3374 1756; x_wconf 74' lang='lat' dir='ltr'><strong>qua:</strong></span> <span class='ocrx_word' id='word_1_357' title='bbox 3405 1687 3458 1741; x_wconf 84' lang='lat' dir='ltr'><strong>in</strong></span> 
     </span>
    </p>
   </div>
   <div class='ocr_carea' id='block_1_51' title="bbox 1878 1777 3460 1849">
    <p class='ocr_par' dir='ltr' id='par_1_51' title="bbox 1878 1777 3460 1849">
     <span class='ocr_line' id='line_1_51' title="bbox 1878 1777 3460 1849; baseline -0.002 -13"><span class='ocrx_word' id='word_1_358' title='bbox 1878 1791 2022 1836; x_wconf 74' lang='lat' dir='ltr'><strong>terra</strong></span> <span class='ocrx_word' id='word_1_359' title='bbox 2066 1790 2187 1836; x_wconf 82' lang='lat' dir='ltr'><strong>sunt</strong></span> <span class='ocrx_word' id='word_1_360' title='bbox 2208 1783 2249 1843; x_wconf 77' lang='grc'><strong>⁸.</strong></span> <span class='ocrx_word' id='word_1_361' title='bbox 2299 1781 2536 1849; x_wconf 76' lang='lat' dir='ltr'><strong>cmlique</strong></span> <span class='ocrx_word' id='word_1_362' title='bbox 2587 1795 2651 1833; x_wconf 92' lang='lat' dir='ltr'><strong>ac</strong></span> <span class='ocrx_word' id='word_1_363' title='bbox 2699 1787 2862 1833; x_wconf 71' lang='lat' dir='ltr'><strong>terra:</strong></span> <span class='ocrx_word' id='word_1_364' title='bbox 2912 1777 3242 1849; x_wconf 88' lang='lat' dir='ltr'><strong>intermedia</strong></span> <span class='ocrx_word' id='word_1_365' title='bbox 3285 1779 3460 1848; x_wconf 85' lang='lat' dir='ltr'><strong>spatia</strong></span> 
     </span>
    </p>
   </div>
   <div class='ocr_carea' id='block_1_52' title="bbox 1879 1847 3464 1942">
    <p class='ocr_par' dir='ltr' id='par_1_52' title="bbox 1879 1847 3464 1942">
     <span class='ocr_line' id='line_1_52' title="bbox 1879 1847 3464 1942; baseline -0.004 -16"><span class='ocrx_word' id='word_1_366' title='bbox 1879 1873 2170 1942; x_wconf 88' lang='lat' dir='ltr'><strong>implentes</strong></span> <span class='ocrx_word' id='word_1_367' title='bbox 2211 1847 2555 1926; x_wconf 76' lang='lat' dir='ltr'><strong>adversarias</strong></span> <span class='ocrx_word' id='word_1_368' title='bbox 2598 1877 2898 1939; x_wconf 83' lang='lat' dir='ltr'><strong>potestates</strong></span> <span class='ocrx_word' id='word_1_369' title='bbox 2929 1847 3240 1934; x_wconf 67' lang='lat' dir='ltr'><strong>destruens,</strong></span> <span class='ocrx_word' id='word_1_370' title='bbox 3268 1847 3334 1923; x_wconf 83' lang='lat' dir='ltr'><strong>ad</strong></span> <span class='ocrx_word' id='word_1_371' title='bbox 3381 1868 3464 1921; x_wconf 88' lang='lat' dir='ltr'><strong>di-</strong></span> 
     </span>
    </p>
   </div>
   <div class='ocr_carea' id='block_1_53' title="bbox 1878 1960 3460 2030">
    <p class='ocr_par' dir='ltr' id='par_1_53' title="bbox 1878 1960 3460 2030">
     <span class='ocr_line' id='line_1_53' title="bbox 1878 1960 3460 2030; baseline -0.003 -11"><span class='ocrx_word' id='word_1_372' title='bbox 1878 1965 2136 2019; x_wconf 88' lang='lat' dir='ltr'><strong>vinorum</strong></span> <span class='ocrx_word' id='word_1_373' title='bbox 2209 1963 2659 2018; x_wconf 85' lang='lat' dir='ltr'><strong>distributionem</strong></span> <span class='ocrx_word' id='word_1_374' title='bbox 2723 1960 2995 2015; x_wconf 90' lang='lat' dir='ltr'><strong>donorum</strong></span> <span class='ocrx_word' id='word_1_375' title='bbox 3041 1960 3189 2030; x_wconf 88' lang='lat' dir='ltr'><strong>quod</strong></span> <span class='ocrx_word' id='word_1_376' title='bbox 3243 1961 3460 2022; x_wconf 87' lang='lat' dir='ltr'><strong>attinet,</strong></span> 
     </span>
    </p>
   </div>
   <div class='ocr_carea' id='block_1_54' title="bbox 1878 2053 3454 2122">
    <p class='ocr_par' dir='ltr' id='par_1_54' title="bbox 1878 2053 3454 2122">
     <span class='ocr_line' id='line_1_54' title="bbox 1878 2053 3454 2122; baseline -0.003 -12"><span class='ocrx_word' id='word_1_377' title='bbox 1878 2073 2044 2111; x_wconf 88' lang='lat' dir='ltr'><strong>unam</strong></span> <span class='ocrx_word' id='word_1_378' title='bbox 2095 2055 2440 2112; x_wconf 81' lang='lat' dir='ltr'><strong>terrestrium</strong></span> <span class='ocrx_word' id='word_1_379' title='bbox 2495 2053 2914 2122; x_wconf 78' lang='lat' dir='ltr'><strong>ccclestiumque</strong></span> <span class='ocrx_word' id='word_1_380' title='bbox 2956 2061 3287 2121; x_wconf 85' lang='lat' dir='ltr'><strong>potestatum</strong></span> <span class='ocrx_word' id='word_1_381' title='bbox 3321 2067 3454 2106; x_wconf 89' lang='lat' dir='ltr'><strong>con-</strong></span> 
     </span>
    </p>
   </div>
   <div class='ocr_carea' id='block_1_55' title="bbox 1876 2143 3464 2216">
    <p class='ocr_par' dir='ltr' id='par_1_55' title="bbox 1876 2143 3464 2216">
     <span class='ocr_line' id='line_1_55' title="bbox 1876 2143 3464 2216; baseline -0.004 -12"><span class='ocrx_word' id='word_1_382' title='bbox 1876 2150 2090 2204; x_wconf 89' lang='lat' dir='ltr'><strong>cionem</strong></span> <span class='ocrx_word' id='word_1_383' title='bbox 2134 2155 2448 2216; x_wconf 68' lang='lat' dir='ltr'><strong>cmtumquc</strong></span> <span class='ocrx_word' id='word_1_384' title='bbox 2497 2144 2769 2210; x_wconf 82' lang='lat' dir='ltr'><strong>ostendit;</strong></span> <span class='ocrx_word' id='word_1_385' title='bbox 2833 2144 2964 2198; x_wconf 90' lang='lat' dir='ltr'><strong>dum</strong></span> <span class='ocrx_word' id='word_1_386' title='bbox 3012 2143 3227 2200; x_wconf 91' lang='lat' dir='ltr'><strong>scilicet</strong></span> <span class='ocrx_word' id='word_1_387' title='bbox 3268 2144 3464 2197; x_wconf 88' lang='lat' dir='ltr'><strong>huma-</strong></span> 
     </span>
    </p>
   </div>
   <div class='ocr_carea' id='block_1_56' title="bbox 1877 2235 3462 2310">
    <p class='ocr_par' dir='ltr' id='par_1_56' title="bbox 1877 2235 3462 2310">
     <span class='ocr_line' id='line_1_56' title="bbox 1877 2235 3462 2310; baseline -0.005 -16"><span class='ocrx_word' id='word_1_388' title='bbox 1877 2255 2010 2294; x_wconf 90' lang='lat' dir='ltr'><strong>num</strong></span> <span class='ocrx_word' id='word_1_389' title='bbox 2047 2253 2238 2310; x_wconf 83' lang='lat' dir='ltr'><strong>genus,</strong></span> <span class='ocrx_word' id='word_1_390' title='bbox 2285 2252 2393 2290; x_wconf 85' lang='lat' dir='ltr'><strong>una</strong></span> <span class='ocrx_word' id='word_1_391' title='bbox 2431 2235 2735 2305; x_wconf 83' lang='lat' dir='ltr'><strong>eademque</strong></span> <span class='ocrx_word' id='word_1_392' title='bbox 2777 2235 3058 2288; x_wconf 79' lang='lat' dir='ltr'><strong>voluntate</strong></span> <span class='ocrx_word' id='word_1_393' title='bbox 3107 2249 3232 2288; x_wconf 90' lang='lat' dir='ltr'><strong>eum</strong></span> <span class='ocrx_word' id='word_1_394' title='bbox 3271 2249 3462 2303; x_wconf 87' lang='lat' dir='ltr'><strong>super-</strong></span> 
     </span>
    </p>
   </div>
   <div class='ocr_carea' id='block_1_57' title="bbox 1879 2325 3461 2400">
    <p class='ocr_par' dir='ltr' id='par_1_57' title="bbox 1879 2325 3461 2400">
     <span class='ocr_line' id='line_1_57' title="bbox 1879 2325 3461 2400; baseline -0.005 -14"><span class='ocrx_word' id='word_1_395' title='bbox 1879 2333 1968 2386; x_wconf 90' lang='lat' dir='ltr'><strong>nis</strong></span> <span class='ocrx_word' id='word_1_396' title='bbox 1995 2331 2384 2400; x_wconf 83' lang='lat' dir='ltr'><strong>potestatibus,</strong></span> <span class='ocrx_word' id='word_1_397' title='bbox 2415 2329 2676 2396; x_wconf 86' lang='lat' dir='ltr'><strong>socioque</strong></span> <span class='ocrx_word' id='word_1_398' title='bbox 2710 2327 2817 2380; x_wconf 90' lang='lat' dir='ltr'><strong>illis</strong></span> <span class='ocrx_word' id='word_1_399' title='bbox 2855 2327 3071 2397; x_wconf 83' lang='lat' dir='ltr'><strong>agmine</strong></span> <span class='ocrx_word' id='word_1_400' title='bbox 3104 2325 3198 2379; x_wconf 90' lang='lat' dir='ltr'><strong>Dei</strong></span> <span class='ocrx_word' id='word_1_401' title='bbox 3236 2325 3461 2395; x_wconf 84' lang='lat' dir='ltr'><strong>gloriam</strong></span> 
     </span>
    </p>
   </div>
   <div class='ocr_carea' id='block_1_58' title="bbox 1879 2417 3461 2488">
    <p class='ocr_par' dir='ltr' id='par_1_58' title="bbox 1879 2417 3461 2488">
     <span class='ocr_line' id='line_1_58' title="bbox 1879 2417 3461 2488; baseline -0.004 -11"><span class='ocrx_word' id='word_1_402' title='bbox 1879 2424 1936 2477; x_wconf 92' lang='lat' dir='ltr'><strong>in</strong></span> <span class='ocrx_word' id='word_1_403' title='bbox 1962 2421 2326 2476; x_wconf 80' lang='lat' dir='ltr'><strong>exsultatione</strong></span> <span class='ocrx_word' id='word_1_404' title='bbox 2358 2427 2621 2488; x_wconf 85' lang='lat' dir='ltr'><strong>personat</strong></span> <span class='ocrx_word' id='word_1_405' title='bbox 2649 2432 2713 2471; x_wconf 87' lang='lat' dir='ltr'><strong>ac</strong></span> <span class='ocrx_word' id='word_1_406' title='bbox 2743 2417 2924 2481; x_wconf 85' lang='lat' dir='ltr'><strong>canit;</strong></span> <span class='ocrx_word' id='word_1_407' title='bbox 2968 2417 3062 2471; x_wconf 90' lang='lat' dir='ltr'><strong>sed</strong></span> <span class='ocrx_word' id='word_1_408' title='bbox 3098 2417 3241 2486; x_wconf 90' lang='lat' dir='ltr'><strong>quod</strong></span> <span class='ocrx_word' id='word_1_409' title='bbox 3273 2417 3461 2481; x_wconf 90' lang='lat' dir='ltr'><strong>etiam,</strong></span> 
     </span>
    </p>
   </div>
   <div class='ocr_carea' id='block_1_59' title="bbox 1881 2507 3462 2582">
    <p class='ocr_par' dir='ltr' id='par_1_59' title="bbox 1881 2507 3462 2582">
     <span class='ocr_line' id='line_1_59' title="bbox 1881 2507 3462 2582; baseline -0.002 -17"><span class='ocrx_word' id='word_1_410' title='bbox 1881 2512 2107 2582; x_wconf 88' lang='lat' dir='ltr'><strong>impleto</strong></span> <span class='ocrx_word' id='word_1_411' title='bbox 2144 2518 2348 2565; x_wconf 63' lang='lat' dir='ltr'><strong>nostra:</strong></span> <span class='ocrx_word' id='word_1_412' title='bbox 2378 2509 2571 2562; x_wconf 80' lang='lat' dir='ltr'><strong>salutis</strong></span> <span class='ocrx_word' id='word_1_413' title='bbox 2619 2507 2674 2560; x_wconf 89' lang='lat' dir='ltr'><strong>in</strong></span> <span class='ocrx_word' id='word_1_414' title='bbox 2709 2522 2877 2562; x_wconf 86' lang='lat' dir='ltr'><strong>carne</strong></span> <span class='ocrx_word' id='word_1_415' title='bbox 2907 2508 3149 2578; x_wconf 86' lang='lat' dir='ltr'><strong>negotio,</strong></span> <span class='ocrx_word' id='word_1_416' title='bbox 3189 2523 3297 2561; x_wconf 89' lang='lat' dir='ltr'><strong>una</strong></span> <span class='ocrx_word' id='word_1_417' title='bbox 3336 2524 3462 2562; x_wconf 93' lang='lat' dir='ltr'><strong>cum</strong></span> 
     </span>
    </p>
   </div>
   <div class='ocr_carea' id='block_1_60' title="bbox 1879 2598 3461 2672">
    <p class='ocr_par' dir='ltr' id='par_1_60' title="bbox 1879 2598 3461 2672">
     <span class='ocr_line' id='line_1_60' title="bbox 1879 2598 3461 2672; baseline -0.004 -15"><span class='ocrx_word' id='word_1_418' title='bbox 1879 2610 2163 2672; x_wconf 89' lang='lat' dir='ltr'><strong>assumpto</strong></span> <span class='ocrx_word' id='word_1_419' title='bbox 2197 2615 2428 2666; x_wconf 86' lang='lat' dir='ltr'><strong>corpore</strong></span> <span class='ocrx_word' id='word_1_420' title='bbox 2470 2598 2523 2652; x_wconf 90' lang='lat' dir='ltr'><strong>in</strong></span> <span class='ocrx_word' id='word_1_421' title='bbox 2561 2598 2758 2652; x_wconf 85' lang='lat' dir='ltr'><strong>coelum</strong></span> <span class='ocrx_word' id='word_1_422' title='bbox 2807 2605 3085 2668; x_wconf 85' lang='lat' dir='ltr'><strong>receptus,</strong></span> <span class='ocrx_word' id='word_1_423' title='bbox 3113 2599 3312 2653; x_wconf 74' lang='lat' dir='ltr'><strong>cmlum</strong></span> <span class='ocrx_word' id='word_1_424' title='bbox 3345 2607 3461 2652; x_wconf 77' lang='lat' dir='ltr'><strong>ter-</strong></span> 
     </span>
    </p>
   </div>
   <div class='ocr_carea' id='block_1_61' title="bbox 1879 2687 3460 2758">
    <p class='ocr_par' dir='ltr' id='par_1_61' title="bbox 1879 2687 3460 2758">
     <span class='ocr_line' id='line_1_61' title="bbox 1879 2687 3460 2758; baseline -0.001 -15"><span class='ocrx_word' id='word_1_425' title='bbox 1879 2705 2106 2758; x_wconf 88' lang='lat' dir='ltr'><strong>ramque</strong></span> <span class='ocrx_word' id='word_1_426' title='bbox 2138 2704 2237 2758; x_wconf 85' lang='lat' dir='ltr'><strong>per</strong></span> <span class='ocrx_word' id='word_1_427' title='bbox 2265 2702 2322 2742; x_wconf 86' lang='lat' dir='ltr'><strong>se</strong></span> <span class='ocrx_word' id='word_1_428' title='bbox 2352 2687 2467 2758; x_wconf 90' lang='lat' dir='ltr'><strong>ipse</strong></span> <span class='ocrx_word' id='word_1_429' title='bbox 2499 2687 2859 2755; x_wconf 87' lang='lat' dir='ltr'><strong>copulaverit,</strong></span> <span class='ocrx_word' id='word_1_430' title='bbox 2888 2687 3165 2756; x_wconf 88' lang='lat' dir='ltr'><strong>rebusque</strong></span> <span class='ocrx_word' id='word_1_431' title='bbox 3197 2687 3460 2757; x_wconf 88' lang='lat' dir='ltr'><strong>spiritali—</strong></span> 
     </span>
    </p>
   </div>
   <div class='ocr_carea' id='block_1_62' title="bbox 1879 2778 3461 2850">
    <p class='ocr_par' dir='ltr' id='par_1_62' title="bbox 1879 2778 3461 2850">
     <span class='ocr_line' id='line_1_62' title="bbox 1879 2778 3461 2850; baseline -0.003 -15"><span class='ocrx_word' id='word_1_432' title='bbox 1879 2782 1984 2835; x_wconf 85' lang='lat' dir='ltr'><strong>bus</strong></span> <span class='ocrx_word' id='word_1_433' title='bbox 2009 2790 2064 2835; x_wconf 88' lang='lat' dir='ltr'><strong>et</strong></span> <span class='ocrx_word' id='word_1_434' title='bbox 2090 2795 2211 2850; x_wconf 71' lang='lat' dir='ltr'><strong>quae</strong></span> <span class='ocrx_word' id='word_1_435' title='bbox 2245 2788 2428 2833; x_wconf 82' lang='lat' dir='ltr'><strong>mente</strong></span> <span class='ocrx_word' id='word_1_436' title='bbox 2469 2779 2873 2849; x_wconf 83' lang='lat' dir='ltr'><strong>intelliguntur,</strong></span> <span class='ocrx_word' id='word_1_437' title='bbox 2904 2793 2968 2832; x_wconf 88' lang='lat' dir='ltr'><strong>ea</strong></span> <span class='ocrx_word' id='word_1_438' title='bbox 3005 2793 3125 2847; x_wconf 76' lang='lat' dir='ltr'><strong>qua:</strong></span> <span class='ocrx_word' id='word_1_439' title='bbox 3154 2778 3206 2832; x_wconf 93' lang='lat' dir='ltr'><strong>in</strong></span> <span class='ocrx_word' id='word_1_440' title='bbox 3239 2794 3461 2832; x_wconf 81' lang='lat' dir='ltr'><strong>sensum</strong></span> 
     </span>
    </p>
   </div>
   <div class='ocr_carea' id='block_1_63' title="bbox 1881 2870 3459 2942">
    <p class='ocr_par' dir='ltr' id='par_1_63' title="bbox 1881 2870 3459 2942">
     <span class='ocr_line' id='line_1_63' title="bbox 1881 2870 3459 2942; baseline -0.003 -15"><span class='ocrx_word' id='word_1_441' title='bbox 1881 2872 2103 2935; x_wconf 88' lang='lat' dir='ltr'><strong>cadunt,</strong></span> <span class='ocrx_word' id='word_1_442' title='bbox 2163 2870 2544 2942; x_wconf 75' lang='lat' dir='ltr'><strong>conjunxerit;</strong></span> <span class='ocrx_word' id='word_1_443' title='bbox 2626 2885 2842 2925; x_wconf 89' lang='lat' dir='ltr'><strong>necnon</strong></span> <span class='ocrx_word' id='word_1_444' title='bbox 2922 2870 3142 2924; x_wconf 86' lang='lat' dir='ltr'><strong>unicam</strong></span> <span class='ocrx_word' id='word_1_445' title='bbox 3209 2880 3459 2924; x_wconf 83' lang='lat' dir='ltr'><strong>naturam</strong></span> 
     </span>
    </p>
   </div>
   <div class='ocr_carea' id='block_1_64' title="bbox 1881 2958 3462 3030">
    <p class='ocr_par' dir='ltr' id='par_1_64' title="bbox 1881 2958 3462 3030">
     <span class='ocr_line' id='line_1_64' title="bbox 1881 2958 3462 3030; baseline -0.002 -13"><span class='ocrx_word' id='word_1_446' title='bbox 1881 2970 2142 3026; x_wconf 88' lang='lat' dir='ltr'><strong>creatam,</strong></span> <span class='ocrx_word' id='word_1_447' title='bbox 2197 2976 2420 3016; x_wconf 88' lang='lat' dir='ltr'><strong>suarum</strong></span> <span class='ocrx_word' id='word_1_448' title='bbox 2457 2961 2694 3030; x_wconf 67' lang='lat' dir='ltr'><strong>partium</strong></span> <span class='ocrx_word' id='word_1_449' title='bbox 2738 2958 3201 3022; x_wconf 77' lang='lat' dir='ltr'><strong>extremitatibus,</strong></span> <span class='ocrx_word' id='word_1_450' title='bbox 3242 2959 3462 3014; x_wconf 80' lang='lat' dir='ltr'><strong>virtutis</strong></span> 
     </span>
    </p>
   </div>
   <div class='ocr_carea' id='block_1_65' title="bbox 1882 3048 3461 3123">
    <p class='ocr_par' dir='ltr' id='par_1_65' title="bbox 1882 3048 3461 3123">
     <span class='ocr_line' id='line_1_65' title="bbox 1882 3048 3461 3123; baseline -0.003 -16"><span class='ocrx_word' id='word_1_451' title='bbox 1882 3055 2032 3109; x_wconf 87' lang='lat' dir='ltr'><strong>cultu</strong></span> <span class='ocrx_word' id='word_1_452' title='bbox 2071 3053 2344 3123; x_wconf 89' lang='lat' dir='ltr'><strong>primique</strong></span> <span class='ocrx_word' id='word_1_453' title='bbox 2392 3053 2636 3106; x_wconf 85' lang='lat' dir='ltr'><strong>auctoris</strong></span> <span class='ocrx_word' id='word_1_454' title='bbox 2681 3049 2766 3104; x_wconf 90' lang='lat' dir='ltr'><strong>sui</strong></span> <span class='ocrx_word' id='word_1_455' title='bbox 2811 3049 3025 3112; x_wconf 82' lang='lat' dir='ltr'><strong>notitia,</strong></span> <span class='ocrx_word' id='word_1_456' title='bbox 3059 3049 3164 3103; x_wconf 86' lang='lat' dir='ltr'><strong>sibi</strong></span> <span class='ocrx_word' id='word_1_457' title='bbox 3217 3048 3320 3118; x_wconf 87' lang='lat' dir='ltr'><strong>ipsi</strong></span> <span class='ocrx_word' id='word_1_458' title='bbox 3363 3050 3461 3103; x_wconf 87' lang='lat' dir='ltr'><strong>de-</strong></span> 
     </span>
    </p>
   </div>
   <div class='ocr_carea' id='block_1_66' title="bbox 1882 3138 3462 3212">
    <p class='ocr_par' dir='ltr' id='par_1_66' title="bbox 1882 3138 3462 3212">
     <span class='ocr_line' id='line_1_66' title="bbox 1882 3138 3462 3212; baseline -0.002 -15"><span class='ocrx_word' id='word_1_459' title='bbox 1882 3143 2122 3198; x_wconf 86' lang='lat' dir='ltr'><strong>vinctam</strong></span> <span class='ocrx_word' id='word_1_460' title='bbox 2150 3158 2214 3197; x_wconf 90' lang='lat' dir='ltr'><strong>ac</strong></span> <span class='ocrx_word' id='word_1_461' title='bbox 2236 3143 2626 3203; x_wconf 59' lang='lat' dir='ltr'><strong>cohaerentem,</strong></span> <span class='ocrx_word' id='word_1_462' title='bbox 2649 3138 2999 3204; x_wconf 66' lang='lat' dir='ltr'><strong>exhibuerit;</strong></span> <span class='ocrx_word' id='word_1_463' title='bbox 3039 3138 3094 3192; x_wconf 91' lang='lat' dir='ltr'><strong>id</strong></span> <span class='ocrx_word' id='word_1_464' title='bbox 3123 3148 3256 3212; x_wconf 77' lang='lat' dir='ltr'><strong>puto</strong></span> <span class='ocrx_word' id='word_1_465' title='bbox 3273 3149 3462 3194; x_wconf 89' lang='lat' dir='ltr'><strong>osten-</strong></span> 
     </span>
    </p>
   </div>
   <div class='ocr_carea' id='block_1_67' title="bbox 1883 3230 3462 3305">
    <p class='ocr_par' dir='ltr' id='par_1_67' title="bbox 1883 3230 3462 3305">
     <span class='ocr_line' id='line_1_67' title="bbox 1883 3230 3462 3305; baseline -0.004 -15"><span class='ocrx_word' id='word_1_466' title='bbox 1883 3237 2038 3298; x_wconf 85' lang='lat' dir='ltr'><strong>dens,</strong></span> <span class='ocrx_word' id='word_1_467' title='bbox 2066 3251 2165 3305; x_wconf 82' lang='lat' dir='ltr'><strong>per</strong></span> <span class='ocrx_word' id='word_1_468' title='bbox 2193 3249 2258 3288; x_wconf 92' lang='lat' dir='ltr'><strong>ea</strong></span> <span class='ocrx_word' id='word_1_469' title='bbox 2290 3249 2411 3303; x_wconf 65' lang='lat' dir='ltr'><strong>qum</strong></span> <span class='ocrx_word' id='word_1_470' title='bbox 2443 3233 2670 3303; x_wconf 80' lang='lat' dir='ltr'><strong>mystice</strong></span> <span class='ocrx_word' id='word_1_471' title='bbox 2707 3231 3024 3301; x_wconf 82' lang='lat' dir='ltr'><strong>peragebat,</strong></span> <span class='ocrx_word' id='word_1_472' title='bbox 3071 3230 3304 3284; x_wconf 85' lang='lat' dir='ltr'><strong>verbum</strong></span> <span class='ocrx_word' id='word_1_473' title='bbox 3336 3231 3462 3300; x_wconf 88' lang='lat' dir='ltr'><strong>qui-</strong></span> 
     </span>
    </p>
   </div>
   <div class='ocr_carea' id='block_1_68' title="bbox 1882 3320 3464 3392">
    <p class='ocr_par' dir='ltr' id='par_1_68' title="bbox 1882 3320 3464 3392">
     <span class='ocr_line' id='line_1_68' title="bbox 1882 3320 3464 3392; baseline -0.004 -11"><span class='ocrx_word' id='word_1_474' title='bbox 1882 3328 2004 3381; x_wconf 90' lang='lat' dir='ltr'><strong>dem</strong></span> <span class='ocrx_word' id='word_1_475' title='bbox 2061 3340 2125 3379; x_wconf 91' lang='lat' dir='ltr'><strong>ac</strong></span> <span class='ocrx_word' id='word_1_476' title='bbox 2160 3323 2448 3388; x_wconf 86' lang='lat' dir='ltr'><strong>rationem,</strong></span> <span class='ocrx_word' id='word_1_477' title='bbox 2479 3337 2600 3392; x_wconf 63' lang='lat' dir='ltr'><strong>qua!</strong></span> <span class='ocrx_word' id='word_1_478' title='bbox 2651 3330 2781 3376; x_wconf 90' lang='lat' dir='ltr'><strong>sunt</strong></span> <span class='ocrx_word' id='word_1_479' title='bbox 2828 3320 3019 3374; x_wconf 85' lang='lat' dir='ltr'><strong>dissita</strong></span> <span class='ocrx_word' id='word_1_480' title='bbox 3064 3320 3323 3385; x_wconf 85' lang='lat' dir='ltr'><strong>counire;</strong></span> <span class='ocrx_word' id='word_1_481' title='bbox 3378 3337 3464 3375; x_wconf 90' lang='lat' dir='ltr'><strong>ra-</strong></span> 
     </span>
    </p>
   </div>
   <div class='ocr_carea' id='block_1_69' title="bbox 1882 3410 3455 3482">
    <p class='ocr_par' dir='ltr' id='par_1_69' title="bbox 1882 3410 3455 3482">
     <span class='ocr_line' id='line_1_69' title="bbox 1882 3410 3455 3482; baseline -0.003 -12"><span class='ocrx_word' id='word_1_482' title='bbox 1882 3416 2048 3472; x_wconf 87' lang='lat' dir='ltr'><strong>tionis</strong></span> <span class='ocrx_word' id='word_1_483' title='bbox 2074 3431 2204 3470; x_wconf 86' lang='lat' dir='ltr'><strong>vero</strong></span> <span class='ocrx_word' id='word_1_484' title='bbox 2230 3414 2536 3468; x_wconf 89' lang='lat' dir='ltr'><strong>absentiam</strong></span> <span class='ocrx_word' id='word_1_485' title='bbox 2573 3412 2810 3482; x_wconf 88' lang='lat' dir='ltr'><strong>(brutam</strong></span> <span class='ocrx_word' id='word_1_486' title='bbox 2855 3410 3065 3465; x_wconf 84' lang='lat' dir='ltr'><strong>scilicet</strong></span> <span class='ocrx_word' id='word_1_487' title='bbox 3092 3410 3455 3466; x_wconf 76' lang='lat' dir='ltr'><strong>aﬂ‘cetioncnn</strong></span> 
     </span>
    </p>
   </div>
   <div class='ocr_carea' id='block_1_70' title="bbox 214 3505 3461 3583">
    <p class='ocr_par' dir='ltr' id='par_1_70' title="bbox 214 3505 3461 3583">
     <span class='ocr_line' id='line_1_70' title="bbox 214 3505 3461 3583; baseline 0.002 -26"><span class='ocrx_word' id='word_1_488' title='bbox 214 3519 281 3558; x_wconf 87' lang='lat' dir='ltr'><strong>ea</strong></span> <span class='ocrx_word' id='word_1_489' title='bbox 304 3519 423 3573; x_wconf 71' lang='lat' dir='ltr'><strong>qua:</strong></span> <span class='ocrx_word' id='word_1_490' title='bbox 447 3505 1040 3573; x_wconf 83' lang='lat' dir='ltr'><strong>sinttmita,dividerc,</strong></span> <span class='ocrx_word' id='word_1_491' title='bbox 1067 3523 1130 3563; x_wconf 91' lang='lat' dir='ltr'><strong>ac</strong></span> <span class='ocrx_word' id='word_1_492' title='bbox 1158 3524 1256 3578; x_wconf 90' lang='lat' dir='ltr'><strong>per</strong></span> <span class='ocrx_word' id='word_1_493' title='bbox 1296 3511 1567 3566; x_wconf 82' lang='lat' dir='ltr'><strong>actionem</strong></span> <span class='ocrx_word' id='word_1_494' title='bbox 1606 3528 1892 3583; x_wconf 87' lang='lat' dir='ltr'><strong>capessere</strong></span> <span class='ocrx_word' id='word_1_495' title='bbox 1939 3513 2214 3566; x_wconf 87' lang='lat' dir='ltr'><strong>discamus</strong></span> <span class='ocrx_word' id='word_1_496' title='bbox 2282 3510 2550 3565; x_wconf 87' lang='lat' dir='ltr'><strong>rationem</strong></span> <span class='ocrx_word' id='word_1_497' title='bbox 2599 3527 2611 3562; x_wconf 91' lang='lat'>:</span> <span class='ocrx_word' id='word_1_498' title='bbox 2646 3519 2707 3564; x_wconf 92' lang='lat' dir='ltr'><strong>ut</strong></span> <span class='ocrx_word' id='word_1_499' title='bbox 2734 3508 2937 3563; x_wconf 89' lang='lat' dir='ltr'><strong>nedum</strong></span> <span class='ocrx_word' id='word_1_500' title='bbox 3005 3508 3235 3578; x_wconf 82' lang='lat' dir='ltr'><strong>angelis,</strong></span> <span class='ocrx_word' id='word_1_501' title='bbox 3285 3507 3461 3562; x_wconf 86' lang='lat' dir='ltr'><strong>virtu-</strong></span> 
     </span>
    </p>
   </div>
   <div class='ocr_carea' id='block_1_71' title="bbox 215 3601 2302 3674">
    <p class='ocr_par' dir='ltr' id='par_1_71' title="bbox 215 3601 2302 3674">
     <span class='ocr_line' id='line_1_71' title="bbox 215 3601 2302 3674; baseline 0.001 -18"><span class='ocrx_word' id='word_1_502' title='bbox 215 3603 288 3656; x_wconf 87' lang='lat' dir='ltr'><strong>tis</strong></span> <span class='ocrx_word' id='word_1_503' title='bbox 324 3601 622 3666; x_wconf 82' lang='lat' dir='ltr'><strong>l‘unetione,</strong></span> <span class='ocrx_word' id='word_1_504' title='bbox 649 3602 744 3656; x_wconf 90' lang='lat' dir='ltr'><strong>sed</strong></span> <span class='ocrx_word' id='word_1_505' title='bbox 787 3613 843 3657; x_wconf 88' lang='lat' dir='ltr'><strong>et</strong></span> <span class='ocrx_word' id='word_1_506' title='bbox 877 3603 989 3657; x_wconf 87' lang='lat' dir='ltr'><strong>Deo</strong></span> <span class='ocrx_word' id='word_1_507' title='bbox 1021 3604 1295 3674; x_wconf 86' lang='lat' dir='ltr'><strong>sapienter</strong></span> <span class='ocrx_word' id='word_1_508' title='bbox 1323 3621 1422 3674; x_wconf 91' lang='lat' dir='ltr'><strong>per</strong></span> <span class='ocrx_word' id='word_1_509' title='bbox 1449 3607 1778 3663; x_wconf 90' lang='lat' dir='ltr'><strong>ablationem</strong></span> <span class='ocrx_word' id='word_1_510' title='bbox 1813 3623 1996 3662; x_wconf 91' lang='lat' dir='ltr'><strong>rerum</strong></span> <span class='ocrx_word' id='word_1_511' title='bbox 2029 3607 2302 3661; x_wconf 90' lang='lat' dir='ltr'><strong>uniamur.</strong></span> 
     </span>
    </p>
   </div>
   <div class='ocr_carea' id='block_1_72' title="bbox 288 3697 1780 3772">
    <p class='ocr_par' dir='ltr' id='par_1_72' title="bbox 288 3697 1780 3772">
     <span class='ocr_line' id='line_1_72' title="bbox 288 3697 1780 3772; baseline 0.006 -25"><span class='ocrx_word' id='word_1_512' title='bbox 288 3697 439 3763; x_wconf 69' lang='grc' dir='ltr'><strong>Ζωῆς</strong></span> <span class='ocrx_word' id='word_1_513' title='bbox 469 3697 525 3749; x_wconf 80' lang='grc' dir='ltr'>δὲ</span> <span class='ocrx_word' id='word_1_514' title='bbox 566 3697 716 3760; x_wconf 80' lang='grc' dir='ltr'>θείας</span> <span class='ocrx_word' id='word_1_515' title='bbox 756 3701 986 3752; x_wconf 81' lang='grc' dir='ltr'>ποιεῖται</span> <span class='ocrx_word' id='word_1_516' title='bbox 1023 3700 1325 3768; x_wconf 80' lang='grc' dir='ltr'>μετάδοσιν,</span> <span class='ocrx_word' id='word_1_517' title='bbox 1361 3701 1619 3772; x_wconf 75' lang='grc' dir='ltr'>ἐδώδιμον</span> <span class='ocrx_word' id='word_1_518' title='bbox 1652 3704 1780 3756; x_wconf 83' lang='grc' dir='ltr'>ἐαυ-</span> 
     </span>
    </p>
   </div>
   <div class='ocr_carea' id='block_1_73' title="bbox 215 3786 1780 3864">
    <p class='ocr_par' dir='ltr' id='par_1_73' title="bbox 215 3786 1780 3864">
     <span class='ocr_line' id='line_1_73' title="bbox 215 3786 1780 3864; baseline 0.004 -23"><span class='ocrx_word' id='word_1_519' title='bbox 215 3789 306 3841; x_wconf 75' lang='grc' dir='ltr'><strong>τδν</strong></span> <span class='ocrx_word' id='word_1_520' title='bbox 335 3789 718 3858; x_wconf 73' lang='grc' dir='ltr'>ἐργαζόμενος,</span> <span class='ocrx_word' id='word_1_521' title='bbox 751 3792 824 3852; x_wconf 79' lang='grc' dir='ltr'><strong>ὡς</strong></span> <span class='ocrx_word' id='word_1_522' title='bbox 869 3786 1006 3844; x_wconf 77' lang='grc' dir='ltr'>οἶδεν</span> <span class='ocrx_word' id='word_1_523' title='bbox 1036 3793 1218 3854; x_wconf 68' lang='grc' dir='ltr'>αὐτὸς,</span> <span class='ocrx_word' id='word_1_524' title='bbox 1250 3793 1343 3844; x_wconf 75' lang='grc' dir='ltr'><strong>καὶ</strong></span> <span class='ocrx_word' id='word_1_525' title='bbox 1371 3793 1420 3845; x_wconf 70' lang='lat' dir='ltr'><strong>oi</strong></span> <span class='ocrx_word' id='word_1_526' title='bbox 1455 3795 1583 3864; x_wconf 75' lang='grc' dir='ltr'>παρ’</span> <span class='ocrx_word' id='word_1_527' title='bbox 1617 3794 1780 3847; x_wconf 75' lang='grc' dir='ltr'>αὑτοῦ</span> 
     </span>
    </p>
   </div>
   <div class='ocr_carea' id='block_1_74' title="bbox 216 3879 1781 3954">
    <p class='ocr_par' dir='ltr' id='par_1_74' title="bbox 216 3879 1781 3954">
     <span class='ocr_line' id='line_1_74' title="bbox 216 3879 1781 3954; baseline 0.004 -24"><span class='ocrx_word' id='word_1_528' title='bbox 216 3880 469 3948; x_wconf 78' lang='grc' dir='ltr'>τοιαύτην</span> <span class='ocrx_word' id='word_1_529' title='bbox 505 3879 754 3950; x_wconf 75' lang='grc' dir='ltr'>αἴσθησιν</span> <span class='ocrx_word' id='word_1_530' title='bbox 772 3882 962 3953; x_wconf 80' lang='grc' dir='ltr'>νοεράν</span> <span class='ocrx_word' id='word_1_531' title='bbox 997 3882 1302 3951; x_wconf 78' lang='grc' dir='ltr'>εἰληφότες,</span> <span class='ocrx_word' id='word_1_532' title='bbox 1330 3881 1470 3935; x_wconf 82' lang='grc' dir='ltr'>ὥστε</span> <span class='ocrx_word' id='word_1_533' title='bbox 1497 3887 1564 3954; x_wconf 82' lang='grc' dir='ltr'>τῇ</span> <span class='ocrx_word' id='word_1_534' title='bbox 1595 3885 1781 3952; x_wconf 82' lang='grc' dir='ltr'>γεύσει</span> 
     </span>
    </p>
   </div>
   <div class='ocr_carea' id='block_1_75' title="bbox 214 3967 1781 4040">
    <p class='ocr_par' dir='ltr' id='par_1_75' title="bbox 214 3967 1781 4040">
     <span class='ocr_line' id='line_1_75' title="bbox 214 3967 1781 4040; baseline 0.003 -22"><span class='ocrx_word' id='word_1_535' title='bbox 214 3967 424 4036; x_wconf 77' lang='grc' dir='ltr'>ταύτης</span> <span class='ocrx_word' id='word_1_536' title='bbox 455 3969 552 4036; x_wconf 84' lang='grc' dir='ltr'>τῆς</span> <span class='ocrx_word' id='word_1_537' title='bbox 590 3967 860 4037; x_wconf 84' lang='grc' dir='ltr'>βρώσεως,</span> <span class='ocrx_word' id='word_1_538' title='bbox 913 3971 1130 4036; x_wconf 81' lang='grc' dir='ltr'>εἰδέναι,</span> <span class='ocrx_word' id='word_1_539' title='bbox 1171 3971 1292 4024; x_wconf 82' lang='grc' dir='ltr'>κατ’</span> <span class='ocrx_word' id='word_1_540' title='bbox 1323 3971 1620 4039; x_wconf 81' lang='grc' dir='ltr'>ἐπίγνωσιν</span> <span class='ocrx_word' id='word_1_541' title='bbox 1653 3972 1781 4040; x_wconf 84' lang='grc' dir='ltr'>ἀλη-</span> 
     </span>
    </p>
   </div>
   <div class='ocr_carea' id='block_1_76' title="bbox 215 4055 1778 4132">
    <p class='ocr_par' dir='ltr' id='par_1_76' title="bbox 215 4055 1778 4132">
     <span class='ocr_line' id='line_1_76' title="bbox 215 4055 1778 4132; baseline 0.004 -24"><span class='ocrx_word' id='word_1_542' title='bbox 215 4055 351 4119; x_wconf 80' lang='grc' dir='ltr'>θῶς,</span> <span class='ocrx_word' id='word_1_543' title='bbox 382 4057 460 4109; x_wconf 79' lang='grc' dir='ltr'>ὅτι</span> <span class='ocrx_word' id='word_1_544' title='bbox 488 4059 720 4127; x_wconf 81' lang='grc' dir='ltr'>χρηστὸς</span> <span class='ocrx_word' id='word_1_545' title='bbox 743 4059 770 4109; x_wconf 86' lang='grc' dir='ltr'>ὁ</span> <span class='ocrx_word' id='word_1_546' title='bbox 797 4059 1020 4130; x_wconf 77' lang='grc' dir='ltr'>Κύριος,</span> <span class='ocrx_word' id='word_1_547' title='bbox 1057 4061 1300 4130; x_wconf 81' lang='grc' dir='ltr'>ποιότητι</span> <span class='ocrx_word' id='word_1_548' title='bbox 1326 4059 1445 4132; x_wconf 81' lang='grc' dir='ltr'>θείᾳ</span> <span class='ocrx_word' id='word_1_549' title='bbox 1476 4061 1611 4132; x_wconf 65' lang='grc' dir='ltr'>πρὸς</span> <span class='ocrx_word' id='word_1_550' title='bbox 1643 4061 1778 4115; x_wconf 84' lang='grc' dir='ltr'>θέω-</span> 
     </span>
    </p>
   </div>
   <div class='ocr_carea' id='block_1_77' title="bbox 217 4148 1782 4224">
    <p class='ocr_par' dir='ltr' id='par_1_77' title="bbox 217 4148 1782 4224">
     <span class='ocr_line' id='line_1_77' title="bbox 217 4148 1782 4224; baseline 0.004 -26"><span class='ocrx_word' id='word_1_551' title='bbox 217 4164 306 4199; x_wconf 90' lang='grc' dir='ltr'><strong>σιν</strong></span> <span class='ocrx_word' id='word_1_552' title='bbox 344 4148 684 4219; x_wconf 81' lang='grc' dir='ltr'>μετακιρνῶν</span> <span class='ocrx_word' id='word_1_553' title='bbox 717 4150 840 4213; x_wconf 75' lang='grc' dir='ltr'>τοὺς</span> <span class='ocrx_word' id='word_1_554' title='bbox 871 4150 1148 4213; x_wconf 79' lang='grc' dir='ltr'>ἐσθίοντας</span> <span class='ocrx_word' id='word_1_555' title='bbox 1171 4167 1185 4180; x_wconf 90' lang='grc'><strong>·</strong></span> <span class='ocrx_word' id='word_1_556' title='bbox 1215 4148 1304 4204; x_wconf 78' lang='grc' dir='ltr'>οἷα</span> <span class='ocrx_word' id='word_1_557' title='bbox 1330 4152 1392 4221; x_wconf 83' lang='grc' dir='ltr'>δὴ</span> <span class='ocrx_word' id='word_1_558' title='bbox 1425 4153 1607 4221; x_wconf 84' lang='grc' dir='ltr'>σαφῶς</span> <span class='ocrx_word' id='word_1_559' title='bbox 1638 4153 1782 4224; x_wconf 77' lang='grc' dir='ltr'>ζωῆς</span> 
     </span>
    </p>
   </div>
   <div class='ocr_carea' id='block_1_78' title="bbox 215 4239 1548 4313">
    <p class='ocr_par' dir='ltr' id='par_1_78' title="bbox 215 4239 1548 4313">
     <span class='ocr_line' id='line_1_78' title="bbox 215 4239 1548 4313; baseline 0.004 -23"><span class='ocrx_word' id='word_1_560' title='bbox 215 4241 313 4291; x_wconf 66' lang='grc' dir='ltr'><strong>καὶ</strong></span> <span class='ocrx_word' id='word_1_561' title='bbox 341 4239 620 4308; x_wconf 80' lang='grc' dir='ltr'>δυνάμεως</span> <span class='ocrx_word' id='word_1_562' title='bbox 647 4241 807 4310; x_wconf 83' lang='grc' dir='ltr'>ἄρτος</span> <span class='ocrx_word' id='word_1_563' title='bbox 839 4242 928 4292; x_wconf 68' lang='grc' dir='ltr'><strong>καὶ</strong></span> <span class='ocrx_word' id='word_1_564' title='bbox 955 4239 1029 4293; x_wconf 83' lang='grc' dir='ltr'><strong>ὢν</strong></span> <span class='ocrx_word' id='word_1_565' title='bbox 1067 4243 1162 4295; x_wconf 74' lang='grc' dir='ltr'><strong>καὶ</strong></span> <span class='ocrx_word' id='word_1_566' title='bbox 1195 4241 1548 4313; x_wconf 77' lang='grc' dir='ltr'>καλούμενος,</span> 
     </span>
    </p>
   </div>
   <div class='ocr_carea' id='block_1_79' title="bbox 289 4513 1782 4586">
    <p class='ocr_par' dir='ltr' id='par_1_79' title="bbox 289 4513 1782 4586">
     <span class='ocr_line' id='line_1_79' title="bbox 289 4513 1782 4586; baseline 0.003 -22"><span class='ocrx_word' id='word_1_567' title='bbox 289 4513 398 4583; x_wconf 74' lang='grc' dir='ltr'>Τὴν</span> <span class='ocrx_word' id='word_1_568' title='bbox 433 4513 591 4582; x_wconf 72' lang='grc' dir='ltr'>φύσιν</span> <span class='ocrx_word' id='word_1_569' title='bbox 615 4514 680 4580; x_wconf 60' lang='grc' dir='ltr'>δξη</span> <span class='ocrx_word' id='word_1_570' title='bbox 716 4515 848 4586; x_wconf 71' lang='grc' dir='ltr'>πρὸς</span> <span class='ocrx_word' id='word_1_571' title='bbox 878 4515 1073 4585; x_wconf 83' lang='grc' dir='ltr'>ἑαυτὴν</span> <span class='ocrx_word' id='word_1_572' title='bbox 1102 4514 1548 4584; x_wconf 81' lang='grc' dir='ltr'>ἀποκαθίστησιν,</span> <span class='ocrx_word' id='word_1_573' title='bbox 1579 4515 1637 4568; x_wconf 74' lang='grc' dir='ltr'>οὗ</span> <span class='ocrx_word' id='word_1_574' title='bbox 1683 4533 1782 4568; x_wconf 76' lang='grc' dir='ltr'>κα-</span> 
     </span>
    </p>
   </div>
   <div class='ocr_carea' id='block_1_80' title="bbox 211 4605 1782 4678">
    <p class='ocr_par' dir='ltr' id='par_1_80' title="bbox 211 4605 1782 4678">
     <span class='ocr_line' id='line_1_80' title="bbox 211 4605 1782 4678; baseline 0 -20"><span class='ocrx_word' id='word_1_575' title='bbox 211 4606 331 4658; x_wconf 76' lang='grc' dir='ltr'>θότι</span> <span class='ocrx_word' id='word_1_576' title='bbox 365 4605 523 4673; x_wconf 76' lang='grc' dir='ltr'>μόνον</span> <span class='ocrx_word' id='word_1_577' title='bbox 551 4607 840 4675; x_wconf 83' lang='grc' dir='ltr'>γενόμενος</span> <span class='ocrx_word' id='word_1_578' title='bbox 873 4608 1177 4677; x_wconf 81' lang='grc' dir='ltr'>ἄνθρωπος,</span> <span class='ocrx_word' id='word_1_579' title='bbox 1206 4606 1389 4678; x_wconf 84' lang='grc' dir='ltr'>ἀπαθῆ</span> <span class='ocrx_word' id='word_1_580' title='bbox 1429 4609 1527 4677; x_wconf 78' lang='grc' dir='ltr'><strong>τὴν</strong></span> <span class='ocrx_word' id='word_1_581' title='bbox 1556 4606 1782 4676; x_wconf 83' lang='grc' dir='ltr'>γνώμην</span> 
     </span>
    </p>
   </div>
   <div class='ocr_carea' id='block_1_81' title="bbox 215 4695 1782 4768">
    <p class='ocr_par' dir='ltr' id='par_1_81' title="bbox 215 4695 1782 4768">
     <span class='ocr_line' id='line_1_81' title="bbox 215 4695 1782 4768; baseline 0.003 -22"><span class='ocrx_word' id='word_1_582' title='bbox 215 4695 353 4764; x_wconf 71' lang='grc' dir='ltr'>πρὸς</span> <span class='ocrx_word' id='word_1_583' title='bbox 410 4695 508 4766; x_wconf 75' lang='grc' dir='ltr'>τὴν</span> <span class='ocrx_word' id='word_1_584' title='bbox 563 4697 721 4765; x_wconf 74' lang='grc' dir='ltr'>φύσιν</span> <span class='ocrx_word' id='word_1_585' title='bbox 764 4698 998 4768; x_wconf 79' lang='grc' dir='ltr'>ἐτήρησε</span> <span class='ocrx_word' id='word_1_586' title='bbox 1052 4699 1145 4752; x_wconf 76' lang='grc' dir='ltr'><strong>καὶ</strong></span> <span class='ocrx_word' id='word_1_587' title='bbox 1205 4698 1596 4751; x_wconf 79' lang='grc' dir='ltr'>ἀστασίαστον·</span> <span class='ocrx_word' id='word_1_588' title='bbox 1650 4699 1782 4768; x_wconf 76' lang='grc' dir='ltr'>μηδὲ</span> 
     </span>
    </p>
   </div>
   <div class='ocr_carea' id='block_1_82' title="bbox 215 4779 1785 4858">
    <p class='ocr_par' dir='ltr' id='par_1_82' title="bbox 215 4779 1785 4858">
     <span class='ocr_line' id='line_1_82' title="bbox 215 4779 1785 4858; baseline 0.001 -20"><span class='ocrx_word' id='word_1_589' title='bbox 215 4786 354 4853; x_wconf 64' lang='grc' dir='ltr'>πρὸς</span> <span class='ocrx_word' id='word_1_590' title='bbox 382 4788 576 4850; x_wconf 71' lang='grc' dir='ltr'>αὐτοὺς</span> <span class='ocrx_word' id='word_1_591' title='bbox 608 4779 730 4850; x_wconf 71' lang='grc' dir='ltr'>τοὺς</span> <span class='ocrx_word' id='word_1_592' title='bbox 763 4789 1181 4858; x_wconf 85' lang='grc' dir='ltr'>σταυρώσαντας</span> <span class='ocrx_word' id='word_1_593' title='bbox 1220 4790 1317 4858; x_wconf 83' lang='grc' dir='ltr'><strong>τῆς</strong></span> <span class='ocrx_word' id='word_1_594' title='bbox 1345 4789 1485 4842; x_wconf 75' lang='grc' dir='ltr'>κατὰ</span> <span class='ocrx_word' id='word_1_595' title='bbox 1519 4789 1678 4857; x_wconf 78' lang='grc' dir='ltr'>φύσιν</span> <span class='ocrx_word' id='word_1_596' title='bbox 1709 4789 1785 4840; x_wconf 83' lang='grc' dir='ltr'><strong>οἰ-</strong></span> 
     </span>
    </p>
   </div>
   <div class='ocr_carea' id='block_1_83' title="bbox 215 4877 1782 4951">
    <p class='ocr_par' dir='ltr' id='par_1_83' title="bbox 215 4877 1782 4951">
     <span class='ocr_line' id='line_1_83' title="bbox 215 4877 1782 4951; baseline 0.001 -22"><span class='ocrx_word' id='word_1_597' title='bbox 215 4877 372 4939; x_wconf 86' lang='grc' dir='ltr'>κείας</span> <span class='ocrx_word' id='word_1_598' title='bbox 422 4877 784 4948; x_wconf 81' lang='grc' dir='ltr'>σαλευομένην</span> <span class='ocrx_word' id='word_1_599' title='bbox 829 4881 888 4934; x_wconf 77' lang='grc' dir='ltr'>τὸ</span> <span class='ocrx_word' id='word_1_600' title='bbox 935 4881 1149 4934; x_wconf 81' lang='grc' dir='ltr'>σύνολον</span> <span class='ocrx_word' id='word_1_601' title='bbox 1191 4880 1432 4951; x_wconf 73' lang='grc' dir='ltr'>βάσεως·</span> <span class='ocrx_word' id='word_1_602' title='bbox 1478 4880 1782 4934; x_wconf 75' lang='grc' dir='ltr'>τούναντίον</span> 
     </span>
    </p>
   </div>
   <div class='ocr_carea' id='block_1_84' title="bbox 212 4969 1783 5042">
    <p class='ocr_par' dir='ltr' id='par_1_84' title="bbox 212 4969 1783 5042">
     <span class='ocr_line' id='line_1_84' title="bbox 212 4969 1783 5042; baseline 0.003 -23"><span class='ocrx_word' id='word_1_603' title='bbox 212 4969 270 5020; x_wconf 78' lang='grc' dir='ltr'>δὲ</span> <span class='ocrx_word' id='word_1_604' title='bbox 320 4969 517 5038; x_wconf 75' lang='grc' dir='ltr'>μᾶλλον</span> <span class='ocrx_word' id='word_1_605' title='bbox 554 4973 892 5042; x_wconf 77' lang='grc' dir='ltr'>αἱρουμένην</span> <span class='ocrx_word' id='word_1_606' title='bbox 934 4974 1052 5025; x_wconf 74' lang='grc' dir='ltr'>ἀντὶ</span> <span class='ocrx_word' id='word_1_607' title='bbox 1100 4971 1242 5040; x_wconf 75' lang='grc' dir='ltr'>ζωῆς</span> <span class='ocrx_word' id='word_1_608' title='bbox 1289 4972 1377 5024; x_wconf 77' lang='grc' dir='ltr'>τὸν</span> <span class='ocrx_word' id='word_1_609' title='bbox 1415 4972 1554 5041; x_wconf 76' lang='grc' dir='ltr'>ὑπὲρ</span> <span class='ocrx_word' id='word_1_610' title='bbox 1604 4970 1783 5024; x_wconf 75' lang='grc' dir='ltr'>αὐτῶν</span> 
     </span>
    </p>
   </div>
   <div class='ocr_carea' id='block_1_85' title="bbox 213 5062 1784 5126">
    <p class='ocr_par' dir='ltr' id='par_1_85' title="bbox 213 5062 1784 5126">
     <span class='ocr_line' id='line_1_85' title="bbox 213 5062 1784 5126; baseline 0 -12"><span class='ocrx_word' id='word_1_611' title='bbox 213 5063 444 5115; x_wconf 79' lang='grc' dir='ltr'>θάνατον</span> <span class='ocrx_word' id='word_1_612' title='bbox 466 5080 479 5094; x_wconf 74' lang='grc'><em>’</em></span> <span class='ocrx_word' id='word_1_613' title='bbox 513 5064 635 5116; x_wconf 81' lang='grc' dir='ltr'>καθ’</span> <span class='ocrx_word' id='word_1_614' title='bbox 666 5063 694 5116; x_wconf 87' lang='grc' dir='ltr'>ὃ</span> <span class='ocrx_word' id='word_1_615' title='bbox 725 5065 820 5117; x_wconf 72' lang='grc' dir='ltr'>καὶ</span> <span class='ocrx_word' id='word_1_616' title='bbox 847 5064 907 5116; x_wconf 83' lang='grc' dir='ltr'><strong>τὸ</strong></span> <span class='ocrx_word' id='word_1_617' title='bbox 937 5065 1026 5118; x_wconf 78' lang='grc' dir='ltr'>τοῦ</span> <span class='ocrx_word' id='word_1_618' title='bbox 1061 5064 1266 5126; x_wconf 81' lang='grc' dir='ltr'>πάθους</span> <span class='ocrx_word' id='word_1_619' title='bbox 1295 5064 1541 5116; x_wconf 76' lang='grc' dir='ltr'>ἑκούσιον</span> <span class='ocrx_word' id='word_1_620' title='bbox 1577 5062 1784 5115; x_wconf 83' lang='grc' dir='ltr'>δείκνυ-</span> 
     </span>
    </p>
   </div>
   <div class='ocr_carea' id='block_1_86' title="bbox 283 5245 1294 5311">
    <p class='ocr_par' dir='ltr' id='par_1_86' title="bbox 283 5245 1294 5311">
     <span class='ocr_line' id='line_1_86' title="bbox 283 5245 1294 5311; baseline -0.002 -11"><span class='ocrx_word' id='word_1_621' title='bbox 283 5245 306 5277; x_wconf 63' lang='lat'><strong><em>“</em></strong></span> <span class='ocrx_word' id='word_1_622' title='bbox 335 5245 541 5310; x_wconf 83' lang='lat' dir='ltr'><strong>Coloss.</strong></span> <span class='ocrx_word' id='word_1_623' title='bbox 567 5263 606 5311; x_wconf 82' lang='grc' dir='ltr'><strong>ι,</strong></span> <span class='ocrx_word' id='word_1_624' title='bbox 637 5248 726 5302; x_wconf 73' lang='lat'><strong>20.</strong></span> <span class='ocrx_word' id='word_1_625' title='bbox 802 5247 822 5278; x_wconf 89' lang='lat'>&quot;</span> <span class='ocrx_word' id='word_1_626' title='bbox 857 5246 996 5301; x_wconf 87' lang='lat' dir='ltr'><strong>Psal.</strong></span> <span class='ocrx_word' id='word_1_627' title='bbox 1025 5262 1205 5311; x_wconf 74' lang='lat' dir='ltr'><strong>xxxm,</strong></span> <span class='ocrx_word' id='word_1_628' title='bbox 1242 5247 1294 5301; x_wconf 87' lang='lat'><strong>9.</strong></span> 
     </span>
    </p>
   </div>
   <div class='ocr_carea' id='block_1_87' title="bbox 285 5423 1787 5498">
    <p class='ocr_par' dir='ltr' id='par_1_87' title="bbox 285 5423 1787 5498">
     <span class='ocr_line' id='line_1_87' title="bbox 285 5423 1787 5498; baseline -0.003 -18"><span class='ocrx_word' id='word_1_629' title='bbox 285 5425 359 5497; x_wconf 74' lang='grc' dir='ltr'><strong>(ὁ)</strong></span> <span class='ocrx_word' id='word_1_630' title='bbox 398 5428 472 5482; x_wconf 85' lang='grc' dir='ltr'><strong>Ἠ</strong></span> <span class='ocrx_word' id='word_1_631' title='bbox 514 5427 630 5480; x_wconf 85' lang='grc' dir='ltr'><strong>τῶν</strong></span> <span class='ocrx_word' id='word_1_632' title='bbox 668 5424 1049 5498; x_wconf 69' lang='grc' dir='ltr'>γεννωμένων</span> <span class='ocrx_word' id='word_1_633' title='bbox 1075 5426 1433 5498; x_wconf 58' lang='grc' dir='ltr'>προαίρεσις.</span> <span class='ocrx_word' id='word_1_634' title='bbox 1477 5423 1660 5476; x_wconf 79' lang='lat' dir='ltr'><strong>Libera</strong></span> <span class='ocrx_word' id='word_1_635' title='bbox 1704 5438 1787 5476; x_wconf 85' lang='lat' dir='ltr'><strong>vo-</strong></span> 
     </span>
    </p>
   </div>
   <div class='ocr_carea' id='block_1_88' title="bbox 209 5494 1781 5564">
    <p class='ocr_par' dir='ltr' id='par_1_88' title="bbox 209 5494 1781 5564">
     <span class='ocr_line' id='line_1_88' title="bbox 209 5494 1781 5564; baseline -0.002 -17"><span class='ocrx_word' id='word_1_636' title='bbox 209 5494 390 5550; x_wconf 68' lang='lat' dir='ltr'><strong>luntas</strong></span> <span class='ocrx_word' id='word_1_637' title='bbox 417 5515 626 5561; x_wconf 81' lang='lat' dir='ltr'><strong>eorum,</strong></span> <span class='ocrx_word' id='word_1_638' title='bbox 673 5494 762 5564; x_wconf 73' lang='lat' dir='ltr'><strong>qui</strong></span> <span class='ocrx_word' id='word_1_639' title='bbox 790 5498 884 5558; x_wconf 77' lang='lat' dir='ltr'><strong>sic,</strong></span> <span class='ocrx_word' id='word_1_640' title='bbox 939 5511 1103 5564; x_wconf 84' lang='lat' dir='ltr'><strong>eaque</strong></span> <span class='ocrx_word' id='word_1_641' title='bbox 1131 5495 1408 5564; x_wconf 81' lang='lat' dir='ltr'><strong>adeptione</strong></span> <span class='ocrx_word' id='word_1_642' title='bbox 1427 5534 1440 5556; x_wconf 97' lang='lat'><strong>,</strong></span> <span class='ocrx_word' id='word_1_643' title='bbox 1472 5502 1781 5564; x_wconf 68' lang='lat' dir='ltr'><strong>nascuntur.</strong></span> 
     </span>
    </p>
   </div>
   <div class='ocr_carea' id='block_1_89' title="bbox 209 5562 1782 5633">
    <p class='ocr_par' dir='ltr' id='par_1_89' title="bbox 209 5562 1782 5633">
     <span class='ocr_line' id='line_1_89' title="bbox 209 5562 1782 5633; baseline -0.003 -15"><span class='ocrx_word' id='word_1_644' title='bbox 209 5567 420 5622; x_wconf 80' lang='lat' dir='ltr'><strong>Vitiose</strong></span> <span class='ocrx_word' id='word_1_645' title='bbox 443 5569 559 5622; x_wconf 88' lang='lat' dir='ltr'><strong>Cat.</strong></span> <span class='ocrx_word' id='word_1_646' title='bbox 591 5579 648 5622; x_wconf 87' lang='lat' dir='ltr'><strong>et</strong></span> <span class='ocrx_word' id='word_1_647' title='bbox 681 5562 832 5620; x_wconf 85' lang='lat' dir='ltr'><strong>Dul&#39;r.</strong></span> <span class='ocrx_word' id='word_1_648' title='bbox 858 5565 980 5618; x_wconf 70' lang='lat' dir='ltr'><strong>eod.</strong></span> <span class='ocrx_word' id='word_1_649' title='bbox 1012 5562 1117 5615; x_wconf 73' lang='grc' dir='ltr'><strong>τῶν</strong></span> <span class='ocrx_word' id='word_1_650' title='bbox 1136 5562 1440 5633; x_wconf 77' lang='grc' dir='ltr'>γενομένων</span> <span class='ocrx_word' id='word_1_651' title='bbox 1463 5579 1475 5590; x_wconf 91' lang='grc'>·</span> <span class='ocrx_word' id='word_1_652' title='bbox 1500 5563 1593 5616; x_wconf 90' lang='lat' dir='ltr'><strong>ubi</strong></span> <span class='ocrx_word' id='word_1_653' title='bbox 1615 5562 1782 5616; x_wconf 91' lang='lat' dir='ltr'><strong>Cord.</strong></span> 
     </span>
    </p>
   </div>
   <div class='ocr_carea' id='block_1_90' title="bbox 205 5633 1786 5708">
    <p class='ocr_par' dir='ltr' id='par_1_90' title="bbox 205 5633 1786 5708">
     <span class='ocr_line' id='line_1_90' title="bbox 205 5633 1786 5708; baseline -0.001 -22"><span class='ocrx_word' id='word_1_654' title='bbox 205 5652 418 5703; x_wconf 67' lang='lat' dir='ltr'><strong>eorum,</strong></span> <span class='ocrx_word' id='word_1_655' title='bbox 464 5653 583 5708; x_wconf 78' lang='lat' dir='ltr'><strong>qua:</strong></span> <span class='ocrx_word' id='word_1_656' title='bbox 611 5637 768 5705; x_wconf 80' lang='lat' dir='ltr'><strong>ﬁunt,</strong></span> <span class='ocrx_word' id='word_1_657' title='bbox 805 5634 1132 5706; x_wconf 60' lang='lat' dir='ltr'><strong>praelectio;</strong></span> <span class='ocrx_word' id='word_1_658' title='bbox 1165 5635 1217 5686; x_wconf 92' lang='lat' dir='ltr'><strong>in</strong></span> <span class='ocrx_word' id='word_1_659' title='bbox 1252 5649 1364 5703; x_wconf 89' lang='lat' dir='ltr'><strong>quo</strong></span> <span class='ocrx_word' id='word_1_660' title='bbox 1409 5633 1618 5686; x_wconf 88' lang='lat' dir='ltr'><strong>nullum</strong></span> <span class='ocrx_word' id='word_1_661' title='bbox 1654 5648 1786 5687; x_wconf 84' lang='lat' dir='ltr'><strong>acu-</strong></span> 
     </span>
    </p>
   </div>
   <div class='ocr_carea' id='block_1_91' title="bbox 205 5721 361 5758">
    <p class='ocr_par' dir='ltr' id='par_1_91' title="bbox 205 5721 361 5758">
     <span class='ocr_line' id='line_1_91' title="bbox 205 5721 361 5758; baseline 0 0"><span class='ocrx_word' id='word_1_662' title='bbox 205 5721 361 5758; x_wconf 68' lang='lat' dir='ltr'><strong>IIICI].</strong></span> 
     </span>
    </p>
   </div>
   <div class='ocr_carea' id='block_1_92' title="bbox 1371 5242 1913 5307">
    <p class='ocr_par' dir='ltr' id='par_1_92' title="bbox 1371 5242 1913 5307">
     <span class='ocr_line' id='line_1_92' title="bbox 1371 5242 1913 5307; baseline -0.009 -8"><span class='ocrx_word' id='word_1_663' title='bbox 1371 5245 1392 5275; x_wconf 81' lang='grc'>⁸</span> <span class='ocrx_word' id='word_1_664' title='bbox 1422 5245 1562 5298; x_wconf 85' lang='lat' dir='ltr'><strong>Psal.</strong></span> <span class='ocrx_word' id='word_1_665' title='bbox 1599 5259 1794 5307; x_wconf 75' lang='lat' dir='ltr'><strong>Lxxvn,</strong></span> <span class='ocrx_word' id='word_1_666' title='bbox 1825 5242 1913 5296; x_wconf 71' lang='grc'><strong>25.</strong></span> 
     </span>
    </p>
   </div>
   <div class='ocr_carea' id='block_1_93' title="bbox 1953 3695 3462 3759">
    <p class='ocr_par' dir='ltr' id='par_1_93' title="bbox 1953 3695 3462 3759">
     <span class='ocr_line' id='line_1_93' title="bbox 1953 3695 3462 3759; baseline -0.005 -3"><span class='ocrx_word' id='word_1_667' title='bbox 1953 3703 2162 3756; x_wconf 73' lang='lat' dir='ltr'><strong>Divinze</strong></span> <span class='ocrx_word' id='word_1_668' title='bbox 2197 3709 2378 3754; x_wconf 90' lang='lat' dir='ltr'><strong>autem</strong></span> <span class='ocrx_word' id='word_1_669' title='bbox 2415 3699 2543 3754; x_wconf 62' lang='lat' dir='ltr'><strong>vita:</strong></span> <span class='ocrx_word' id='word_1_670' title='bbox 2583 3697 2901 3754; x_wconf 88' lang='lat' dir='ltr'><strong>societatem</strong></span> <span class='ocrx_word' id='word_1_671' title='bbox 2952 3695 3166 3759; x_wconf 86' lang='lat' dir='ltr'><strong>tribuit,</strong></span> <span class='ocrx_word' id='word_1_672' title='bbox 3209 3696 3462 3750; x_wconf 85' lang='lat' dir='ltr'><strong>esculen-</strong></span> 
     </span>
    </p>
   </div>
   <div class='ocr_carea' id='block_1_94' title="bbox 1881 3785 3462 3855">
    <p class='ocr_par' dir='ltr' id='par_1_94' title="bbox 1881 3785 3462 3855">
     <span class='ocr_line' id='line_1_94' title="bbox 1881 3785 3462 3855; baseline -0.003 -11"><span class='ocrx_word' id='word_1_673' title='bbox 1881 3799 1998 3844; x_wconf 89' lang='lat' dir='ltr'><strong>tum</strong></span> <span class='ocrx_word' id='word_1_674' title='bbox 2022 3807 2078 3846; x_wconf 91' lang='lat' dir='ltr'><strong>se</strong></span> <span class='ocrx_word' id='word_1_675' title='bbox 2105 3806 2169 3846; x_wconf 85' lang='lat' dir='ltr'><strong>ac</strong></span> <span class='ocrx_word' id='word_1_676' title='bbox 2209 3789 2649 3842; x_wconf 86' lang='lat' dir='ltr'><strong>mandueabilem</strong></span> <span class='ocrx_word' id='word_1_677' title='bbox 2699 3794 2986 3855; x_wconf 68' lang='lat' dir='ltr'><strong>prmstans,</strong></span> <span class='ocrx_word' id='word_1_678' title='bbox 3017 3801 3124 3854; x_wconf 90' lang='lat' dir='ltr'><strong>qua</strong></span> <span class='ocrx_word' id='word_1_679' title='bbox 3152 3785 3305 3838; x_wconf 86' lang='lat' dir='ltr'><strong>novit</strong></span> <span class='ocrx_word' id='word_1_680' title='bbox 3347 3785 3462 3854; x_wconf 83' lang='lat' dir='ltr'><strong>ipse</strong></span> 
     </span>
    </p>
   </div>
   <div class='ocr_carea' id='block_1_95' title="bbox 1882 3873 3461 3947">
    <p class='ocr_par' dir='ltr' id='par_1_95' title="bbox 1882 3873 3461 3947">
     <span class='ocr_line' id='line_1_95' title="bbox 1882 3873 3461 3947; baseline -0.004 -12"><span class='ocrx_word' id='word_1_681' title='bbox 1882 3881 2114 3942; x_wconf 83' lang='lat' dir='ltr'><strong>ratione,</strong></span> <span class='ocrx_word' id='word_1_682' title='bbox 2143 3887 2199 3933; x_wconf 88' lang='lat' dir='ltr'><strong>et</strong></span> <span class='ocrx_word' id='word_1_683' title='bbox 2242 3879 2336 3947; x_wconf 92' lang='lat' dir='ltr'><strong>qui</strong></span> <span class='ocrx_word' id='word_1_684' title='bbox 2384 3877 2452 3930; x_wconf 93' lang='lat' dir='ltr'><strong>ab</strong></span> <span class='ocrx_word' id='word_1_685' title='bbox 2501 3891 2568 3929; x_wconf 88' lang='lat' dir='ltr'><strong>eo</strong></span> <span class='ocrx_word' id='word_1_686' title='bbox 2617 3874 2973 3943; x_wconf 76' lang='lat' dir='ltr'><strong>intelligentis</strong></span> <span class='ocrx_word' id='word_1_687' title='bbox 3017 3873 3184 3927; x_wconf 89' lang='lat' dir='ltr'><strong>animi</strong></span> <span class='ocrx_word' id='word_1_688' title='bbox 3240 3889 3461 3928; x_wconf 87' lang='lat' dir='ltr'><strong>sensum</strong></span> 
     </span>
    </p>
   </div>
   <div class='ocr_carea' id='block_1_96' title="bbox 1880 3964 3464 4041">
    <p class='ocr_par' dir='ltr' id='par_1_96' title="bbox 1880 3964 3464 4041">
     <span class='ocr_line' id='line_1_96' title="bbox 1880 3964 3464 4041; baseline -0.003 -17"><span class='ocrx_word' id='word_1_689' title='bbox 1880 3969 2151 4041; x_wconf 84' lang='lat' dir='ltr'><strong>ejusmodi</strong></span> <span class='ocrx_word' id='word_1_690' title='bbox 2200 3973 2563 4038; x_wconf 84' lang='lat' dir='ltr'><strong>acceperunt;</strong></span> <span class='ocrx_word' id='word_1_691' title='bbox 2613 3966 2689 4019; x_wconf 85' lang='lat' dir='ltr'><strong>ita</strong></span> <span class='ocrx_word' id='word_1_692' title='bbox 2717 3964 3002 4029; x_wconf 85' lang='lat' dir='ltr'><strong>nimirum,</strong></span> <span class='ocrx_word' id='word_1_693' title='bbox 3045 3972 3106 4018; x_wconf 90' lang='lat' dir='ltr'><strong>ut</strong></span> <span class='ocrx_word' id='word_1_694' title='bbox 3159 3964 3266 4018; x_wconf 88' lang='lat' dir='ltr'><strong>cibi</strong></span> <span class='ocrx_word' id='word_1_695' title='bbox 3299 3965 3464 4034; x_wconf 82' lang='lat' dir='ltr'><strong>hujus</strong></span> 
     </span>
    </p>
   </div>
   <div class='ocr_carea' id='block_1_97' title="bbox 1881 4054 3461 4132">
    <p class='ocr_par' dir='ltr' id='par_1_97' title="bbox 1881 4054 3461 4132">
     <span class='ocr_line' id='line_1_97' title="bbox 1881 4054 3461 4132; baseline -0.004 -18"><span class='ocrx_word' id='word_1_696' title='bbox 1881 4069 2043 4132; x_wconf 87' lang='lat' dir='ltr'><strong>gustu</strong></span> <span class='ocrx_word' id='word_1_697' title='bbox 2086 4076 2212 4116; x_wconf 86' lang='lat' dir='ltr'><strong>vere</strong></span> <span class='ocrx_word' id='word_1_698' title='bbox 2245 4067 2543 4130; x_wconf 83' lang='lat' dir='ltr'><strong>agnoscant</strong></span> <span class='ocrx_word' id='word_1_699' title='bbox 2567 4073 2629 4111; x_wconf 90' lang='lat' dir='ltr'><strong>ac</strong></span> <span class='ocrx_word' id='word_1_700' title='bbox 2657 4056 2987 4125; x_wconf 86' lang='lat' dir='ltr'><strong>intelligant,</strong></span> <span class='ocrx_word' id='word_1_701' title='bbox 3013 4054 3159 4124; x_wconf 86' lang='lat' dir='ltr'><strong>quod</strong></span> <span class='ocrx_word' id='word_1_702' title='bbox 3196 4054 3383 4112; x_wconf 80' lang='lat' dir='ltr'><strong>bonus</strong></span> <span class='ocrx_word' id='word_1_703' title='bbox 3399 4071 3461 4109; x_wconf 85' lang='lat' dir='ltr'><strong>ac</strong></span> 
     </span>
    </p>
   </div>
   <div class='ocr_carea' id='block_1_98' title="bbox 1881 4143 3463 4218">
    <p class='ocr_par' dir='ltr' id='par_1_98' title="bbox 1881 4143 3463 4218">
     <span class='ocr_line' id='line_1_98' title="bbox 1881 4143 3463 4218; baseline -0.006 -12"><span class='ocrx_word' id='word_1_704' title='bbox 1881 4153 2064 4206; x_wconf 78' lang='lat' dir='ltr'><strong>suavis</strong></span> <span class='ocrx_word' id='word_1_705' title='bbox 2119 4150 2443 4212; x_wconf 59' lang='lat' dir='ltr'><strong>Dominus‘,</strong></span> <span class='ocrx_word' id='word_1_706' title='bbox 2494 4148 2593 4218; x_wconf 82' lang='lat' dir='ltr'><strong>qui</strong></span> <span class='ocrx_word' id='word_1_707' title='bbox 2637 4145 2896 4200; x_wconf 88' lang='lat' dir='ltr'><strong>videlicet</strong></span> <span class='ocrx_word' id='word_1_708' title='bbox 2942 4143 3357 4206; x_wconf 79' lang='lat' dir='ltr'><strong>manducantcs,</strong></span> <span class='ocrx_word' id='word_1_709' title='bbox 3403 4154 3463 4197; x_wconf 90' lang='lat' dir='ltr'><strong>ut</strong></span> 
     </span>
    </p>
   </div>
   <div class='ocr_carea' id='block_1_99' title="bbox 1885 4235 3458 4306">
    <p class='ocr_par' dir='ltr' id='par_1_99' title="bbox 1885 4235 3458 4306">
     <span class='ocr_line' id='line_1_99' title="bbox 1885 4235 3458 4306; baseline -0.007 -8"><span class='ocrx_word' id='word_1_710' title='bbox 1885 4243 2086 4298; x_wconf 89' lang='lat' dir='ltr'><strong>deitate</strong></span> <span class='ocrx_word' id='word_1_711' title='bbox 2141 4243 2458 4297; x_wconf 88' lang='lat' dir='ltr'><strong>imbuantur</strong></span> <span class='ocrx_word' id='word_1_712' title='bbox 2498 4240 2684 4294; x_wconf 90' lang='lat' dir='ltr'><strong>divina</strong></span> <span class='ocrx_word' id='word_1_713' title='bbox 2727 4237 2991 4306; x_wconf 87' lang='lat' dir='ltr'><strong>qualitate</strong></span> <span class='ocrx_word' id='word_1_714' title='bbox 3039 4235 3458 4299; x_wconf 82' lang='lat' dir='ltr'><strong>commisceat&quot;;</strong></span> 
     </span>
    </p>
   </div>
   <div class='ocr_carea' id='block_1_100' title="bbox 1886 4331 3464 4407">
    <p class='ocr_par' dir='ltr' id='par_1_100' title="bbox 1886 4331 3464 4407">
     <span class='ocr_line' id='line_1_100' title="bbox 1886 4331 3464 4407; baseline -0.004 -17"><span class='ocrx_word' id='word_1_715' title='bbox 1886 4345 1946 4391; x_wconf 89' lang='lat' dir='ltr'><strong>ut</strong></span> <span class='ocrx_word' id='word_1_716' title='bbox 1983 4337 2076 4407; x_wconf 92' lang='lat' dir='ltr'><strong>qui</strong></span> <span class='ocrx_word' id='word_1_717' title='bbox 2112 4337 2286 4407; x_wconf 89' lang='lat' dir='ltr'><strong>palam</strong></span> <span class='ocrx_word' id='word_1_718' title='bbox 2317 4335 2473 4405; x_wconf 83' lang='lat' dir='ltr'><strong>panis</strong></span> <span class='ocrx_word' id='word_1_719' title='bbox 2495 4334 2622 4388; x_wconf 74' lang='lat' dir='ltr'><strong>vitae</strong></span> <span class='ocrx_word' id='word_1_720' title='bbox 2644 4334 2666 4364; x_wconf 82' lang='lat'><strong>’</strong></span> <span class='ocrx_word' id='word_1_721' title='bbox 2706 4341 2761 4387; x_wconf 90' lang='lat' dir='ltr'><strong>et</strong></span> <span class='ocrx_word' id='word_1_722' title='bbox 2791 4331 3132 4385; x_wconf 82' lang='lat' dir='ltr'><strong>fortitudinis</strong></span> <span class='ocrx_word' id='word_1_723' title='bbox 3160 4338 3273 4383; x_wconf 91' lang='lat' dir='ltr'><strong>tum</strong></span> <span class='ocrx_word' id='word_1_724' title='bbox 3321 4332 3464 4384; x_wconf 58' lang='lat' dir='ltr'><strong>casi-</strong></span> 
     </span>
    </p>
   </div>
   <div class='ocr_carea' id='block_1_101' title="bbox 1886 4427 2488 4492">
    <p class='ocr_par' dir='ltr' id='par_1_101' title="bbox 1886 4427 2488 4492">
     <span class='ocr_line' id='line_1_101' title="bbox 1886 4427 2488 4492; baseline -0.003 -10"><span class='ocrx_word' id='word_1_725' title='bbox 1886 4437 2014 4492; x_wconf 87' lang='lat' dir='ltr'><strong>stat,</strong></span> <span class='ocrx_word' id='word_1_726' title='bbox 2049 4431 2172 4482; x_wconf 77' lang='lat' dir='ltr'><strong>tum‘</strong></span> <span class='ocrx_word' id='word_1_727' title='bbox 2199 4437 2254 4482; x_wconf 88' lang='lat' dir='ltr'><strong>et</strong></span> <span class='ocrx_word' id='word_1_728' title='bbox 2281 4427 2488 4482; x_wconf 89' lang='lat' dir='ltr'><strong>audiat.</strong></span> 
     </span>
    </p>
   </div>
   <div class='ocr_carea' id='block_1_102' title="bbox 1951 4514 3458 4588">
    <p class='ocr_par' dir='ltr' id='par_1_102' title="bbox 1951 4514 3458 4588">
     <span class='ocr_line' id='line_1_102' title="bbox 1951 4514 3458 4588; baseline -0.007 -13"><span class='ocrx_word' id='word_1_729' title='bbox 1951 4522 2214 4575; x_wconf 86' lang='lat' dir='ltr'><strong>Naturam</strong></span> <span class='ocrx_word' id='word_1_730' title='bbox 2259 4530 2440 4575; x_wconf 89' lang='lat' dir='ltr'><strong>autem</strong></span> <span class='ocrx_word' id='word_1_731' title='bbox 2475 4520 2580 4574; x_wconf 88' lang='lat' dir='ltr'><strong>sibi</strong></span> <span class='ocrx_word' id='word_1_732' title='bbox 2615 4521 2786 4588; x_wconf 88' lang='lat' dir='ltr'><strong>ipsam</strong></span> <span class='ocrx_word' id='word_1_733' title='bbox 2821 4515 3084 4580; x_wconf 86' lang='lat' dir='ltr'><strong>restituit,</strong></span> <span class='ocrx_word' id='word_1_734' title='bbox 3127 4528 3236 4569; x_wconf 88' lang='lat' dir='ltr'><strong>non</strong></span> <span class='ocrx_word' id='word_1_735' title='bbox 3282 4514 3458 4566; x_wconf 74' lang='lat' dir='ltr'><strong>soium</strong></span> 
     </span>
    </p>
   </div>
   <div class='ocr_carea' id='block_1_103' title="bbox 1883 4602 3458 4683">
    <p class='ocr_par' dir='ltr' id='par_1_103' title="bbox 1883 4602 3458 4683">
     <span class='ocr_line' id='line_1_103' title="bbox 1883 4602 3458 4683; baseline -0.007 -16"><span class='ocrx_word' id='word_1_736' title='bbox 1883 4621 2156 4683; x_wconf 86' lang='lat' dir='ltr'><strong>quatenus</strong></span> <span class='ocrx_word' id='word_1_737' title='bbox 2194 4611 2371 4666; x_wconf 81' lang='lat' dir='ltr'><strong>factus</strong></span> <span class='ocrx_word' id='word_1_738' title='bbox 2401 4612 2590 4675; x_wconf 90' lang='lat' dir='ltr'><strong>homo,</strong></span> <span class='ocrx_word' id='word_1_739' title='bbox 2619 4609 2783 4664; x_wconf 91' lang='lat' dir='ltr'><strong>animi</strong></span> <span class='ocrx_word' id='word_1_740' title='bbox 2809 4609 3148 4662; x_wconf 89' lang='lat' dir='ltr'><strong>voluntatem</strong></span> <span class='ocrx_word' id='word_1_741' title='bbox 3174 4605 3338 4658; x_wconf 87' lang='lat' dir='ltr'><strong>nullis</strong></span> <span class='ocrx_word' id='word_1_742' title='bbox 3361 4602 3458 4657; x_wconf 89' lang='lat' dir='ltr'><strong>ad-</strong></span> 
     </span>
    </p>
   </div>
   <div class='ocr_carea' id='block_1_104' title="bbox 1884 4694 3461 4762">
    <p class='ocr_par' dir='ltr' id='par_1_104' title="bbox 1884 4694 3461 4762">
     <span class='ocr_line' id='line_1_104' title="bbox 1884 4694 3461 4762; baseline -0.005 -8"><span class='ocrx_word' id='word_1_743' title='bbox 1884 4716 2078 4755; x_wconf 87' lang='lat' dir='ltr'><strong>versus</strong></span> <span class='ocrx_word' id='word_1_744' title='bbox 2103 4708 2352 4754; x_wconf 87' lang='lat' dir='ltr'><strong>naturam</strong></span> <span class='ocrx_word' id='word_1_745' title='bbox 2393 4699 2671 4754; x_wconf 86' lang='lat' dir='ltr'><strong>incitatam</strong></span> <span class='ocrx_word' id='word_1_746' title='bbox 2702 4697 3008 4762; x_wconf 82' lang='lat' dir='ltr'><strong>aﬂ‘ectibus,</strong></span> <span class='ocrx_word' id='word_1_747' title='bbox 3055 4705 3149 4750; x_wconf 87' lang='lat' dir='ltr'><strong>aut</strong></span> <span class='ocrx_word' id='word_1_748' title='bbox 3186 4695 3236 4748; x_wconf 94' lang='lat' dir='ltr'><strong>ei</strong></span> <span class='ocrx_word' id='word_1_749' title='bbox 3280 4694 3461 4748; x_wconf 77' lang='lat' dir='ltr'><strong>rebel-</strong></span> 
     </span>
    </p>
   </div>
   <div class='ocr_carea' id='block_1_105' title="bbox 1883 4783 3460 4859">
    <p class='ocr_par' dir='ltr' id='par_1_105' title="bbox 1883 4783 3460 4859">
     <span class='ocr_line' id='line_1_105' title="bbox 1883 4783 3460 4859; baseline -0.004 -15"><span class='ocrx_word' id='word_1_750' title='bbox 1883 4791 2112 4852; x_wconf 89' lang='lat' dir='ltr'><strong>lantem,</strong></span> <span class='ocrx_word' id='word_1_751' title='bbox 2144 4788 2382 4843; x_wconf 85' lang='lat' dir='ltr'><strong>servavit</strong></span> <span class='ocrx_word' id='word_1_752' title='bbox 2415 4788 2497 4859; x_wconf 85' lang='lat' dir='ltr'><strong>(ut</strong></span> <span class='ocrx_word' id='word_1_753' title='bbox 2527 4803 2595 4842; x_wconf 89' lang='lat' dir='ltr'><strong>ne</strong></span> <span class='ocrx_word' id='word_1_754' title='bbox 2622 4788 2843 4856; x_wconf 89' lang='lat' dir='ltr'><strong>quidem</strong></span> <span class='ocrx_word' id='word_1_755' title='bbox 2886 4786 2938 4839; x_wconf 89' lang='lat' dir='ltr'><strong>in</strong></span> <span class='ocrx_word' id='word_1_756' title='bbox 2981 4801 3076 4839; x_wconf 90' lang='lat' dir='ltr'><strong>eos</strong></span> <span class='ocrx_word' id='word_1_757' title='bbox 3110 4784 3202 4854; x_wconf 89' lang='lat' dir='ltr'><strong>qui</strong></span> <span class='ocrx_word' id='word_1_758' title='bbox 3247 4783 3300 4837; x_wconf 90' lang='lat' dir='ltr'><strong>in</strong></span> <span class='ocrx_word' id='word_1_759' title='bbox 3331 4799 3460 4838; x_wconf 82' lang='lat' dir='ltr'><strong>cru-</strong></span> 
     </span>
    </p>
   </div>
   <div class='ocr_carea' id='block_1_106' title="bbox 1885 4876 3462 4943">
    <p class='ocr_par' dir='ltr' id='par_1_106' title="bbox 1885 4876 3462 4943">
     <span class='ocr_line' id='line_1_106' title="bbox 1885 4876 3462 4943; baseline -0.006 -8"><span class='ocrx_word' id='word_1_760' title='bbox 1885 4896 2002 4935; x_wconf 89' lang='lat' dir='ltr'><strong>cem</strong></span> <span class='ocrx_word' id='word_1_761' title='bbox 2046 4880 2437 4934; x_wconf 86' lang='lat' dir='ltr'><strong>sustuleranta</strong></span> <span class='ocrx_word' id='word_1_762' title='bbox 2486 4878 2722 4933; x_wconf 87' lang='lat' dir='ltr'><strong>naturali</strong></span> <span class='ocrx_word' id='word_1_763' title='bbox 2761 4893 2859 4933; x_wconf 91' lang='lat' dir='ltr'><strong>sua</strong></span> <span class='ocrx_word' id='word_1_764' title='bbox 2905 4876 3056 4940; x_wconf 89' lang='lat' dir='ltr'><strong>sede,</strong></span> <span class='ocrx_word' id='word_1_765' title='bbox 3099 4877 3205 4929; x_wconf 85' lang='lat' dir='ltr'><strong>ulla</strong></span> <span class='ocrx_word' id='word_1_766' title='bbox 3238 4890 3462 4943; x_wconf 83' lang='lat' dir='ltr'><strong>prorsus</strong></span> 
     </span>
    </p>
   </div>
   <div class='ocr_carea' id='block_1_107' title="bbox 1886 4964 3460 5038">
    <p class='ocr_par' dir='ltr' id='par_1_107' title="bbox 1886 4964 3460 5038">
     <span class='ocr_line' id='line_1_107' title="bbox 1886 4964 3460 5038; baseline -0.007 -14"><span class='ocrx_word' id='word_1_767' title='bbox 1886 4970 2232 5024; x_wconf 87' lang='lat' dir='ltr'><strong>animositate</strong></span> <span class='ocrx_word' id='word_1_768' title='bbox 2279 4977 2461 5022; x_wconf 89' lang='lat' dir='ltr'><strong>emota</strong></span> <span class='ocrx_word' id='word_1_769' title='bbox 2501 4969 2603 5033; x_wconf 87' lang='lat' dir='ltr'><strong>sit;</strong></span> <span class='ocrx_word' id='word_1_770' title='bbox 2644 4967 2809 5038; x_wconf 63' lang='lat'><strong>348</strong></span> <span class='ocrx_word' id='word_1_771' title='bbox 2840 4966 2932 5021; x_wconf 85' lang='lat' dir='ltr'><strong>sed</strong></span> <span class='ocrx_word' id='word_1_772' title='bbox 2965 4981 3087 5034; x_wconf 73' lang='lat' dir='ltr'><strong>qua:</strong></span> <span class='ocrx_word' id='word_1_773' title='bbox 3130 4964 3331 5033; x_wconf 82' lang='lat' dir='ltr'><strong>potius,</strong></span> <span class='ocrx_word' id='word_1_774' title='bbox 3364 4979 3460 5014; x_wconf 78' lang='lat' dir='ltr'><strong>eo-</strong></span> 
     </span>
    </p>
   </div>
   <div class='ocr_carea' id='block_1_108' title="bbox 1887 5055 3462 5127">
    <p class='ocr_par' dir='ltr' id='par_1_108' title="bbox 1887 5055 3462 5127">
     <span class='ocr_line' id='line_1_108' title="bbox 1887 5055 3462 5127; baseline -0.004 -13"><span class='ocrx_word' id='word_1_775' title='bbox 1887 5077 2005 5115; x_wconf 91' lang='lat' dir='ltr'><strong>rum</strong></span> <span class='ocrx_word' id='word_1_776' title='bbox 2033 5061 2223 5116; x_wconf 89' lang='lat' dir='ltr'><strong>salutis</strong></span> <span class='ocrx_word' id='word_1_777' title='bbox 2252 5076 2436 5124; x_wconf 89' lang='lat' dir='ltr'><strong>causa,</strong></span> <span class='ocrx_word' id='word_1_778' title='bbox 2465 5068 2697 5114; x_wconf 83' lang='lat' dir='ltr'><strong>mortem</strong></span> <span class='ocrx_word' id='word_1_779' title='bbox 2726 5059 2850 5112; x_wconf 74' lang='lat' dir='ltr'><strong>vita:</strong></span> <span class='ocrx_word' id='word_1_780' title='bbox 2876 5056 3196 5127; x_wconf 67' lang='lat' dir='ltr'><strong>praetulerit.</strong></span> <span class='ocrx_word' id='word_1_781' title='bbox 3242 5055 3362 5120; x_wconf 85' lang='lat' dir='ltr'><strong>Quo</strong></span> <span class='ocrx_word' id='word_1_782' title='bbox 3405 5064 3462 5108; x_wconf 86' lang='lat' dir='ltr'><strong>ct.</strong></span> 
     </span>
    </p>
   </div>
   <div class='ocr_carea' id='block_1_109' title="bbox 1991 5241 2406 5306">
    <p class='ocr_par' dir='ltr' id='par_1_109' title="bbox 1991 5241 2406 5306">
     <span class='ocr_line' id='line_1_109' title="bbox 1991 5241 2406 5306; baseline -0.007 -9"><span class='ocrx_word' id='word_1_783' title='bbox 1991 5243 2012 5273; x_wconf 77' lang='grc'><strong>⁹</strong></span> <span class='ocrx_word' id='word_1_784' title='bbox 2035 5241 2192 5306; x_wconf 73' lang='lat' dir='ltr'><strong>Joan,</strong></span> <span class='ocrx_word' id='word_1_785' title='bbox 2218 5259 2290 5305; x_wconf 83' lang='lat' dir='ltr'><strong>vr,</strong></span> <span class='ocrx_word' id='word_1_786' title='bbox 2321 5241 2406 5295; x_wconf 67' lang='lat'><strong>48.</strong></span> 
     </span>
    </p>
   </div>
   <div class='ocr_carea' id='block_1_110' title="bbox 1965 5407 3453 5490">
    <p class='ocr_par' dir='ltr' id='par_1_110' title="bbox 1965 5407 3453 5490">
     <span class='ocr_line' id='line_1_110' title="bbox 1965 5407 3453 5490; baseline -0.011 -14"><span class='ocrx_word' id='word_1_787' title='bbox 1965 5421 2032 5490; x_wconf 80' lang='grc' dir='ltr'><strong>(ι’)</strong></span> <span class='ocrx_word' id='word_1_788' title='bbox 2066 5421 2227 5475; x_wconf 80' lang='grc' dir='ltr'>Μετὰ</span> <span class='ocrx_word' id='word_1_789' title='bbox 2253 5419 2358 5475; x_wconf 81' lang='grc' dir='ltr'>τοῦ</span> <span class='ocrx_word' id='word_1_790' title='bbox 2389 5413 2882 5487; x_wconf 67' lang='grc' dir='ltr'>προσληφθέντος</span> <span class='ocrx_word' id='word_1_791' title='bbox 2915 5407 3283 5477; x_wconf 55' lang='grc' dir='ltr'>ἁναὶηφθεὲς</span> <span class='ocrx_word' id='word_1_792' title='bbox 3322 5409 3453 5490; x_wconf 42' lang='grc' dir='ltr'><strong>’σώ-</strong></span> 
     </span>
    </p>
   </div>
   <div class='ocr_carea' id='block_1_111' title="bbox 1891 5479 3460 5560">
    <p class='ocr_par' dir='ltr' id='par_1_111' title="bbox 1891 5479 3460 5560">
     <span class='ocr_line' id='line_1_111' title="bbox 1891 5479 3460 5560; baseline -0.009 -18"><span class='ocrx_word' id='word_1_793' title='bbox 1891 5479 2092 5556; x_wconf 56' lang='grc' dir='ltr'>ιιαὶὸς.</span> <span class='ocrx_word' id='word_1_794' title='bbox 2138 5492 2203 5545; x_wconf 87' lang='grc' dir='ltr'>1η</span> <span class='ocrx_word' id='word_1_795' title='bbox 2253 5479 2446 5560; x_wconf 48' lang='grc' dir='ltr'>σαιίιιηιί</span> <span class='ocrx_word' id='word_1_796' title='bbox 2493 5479 2749 5557; x_wconf 62' lang='lat' dir='ltr'><strong>receptus,</strong></span> <span class='ocrx_word' id='word_1_797' title='bbox 2773 5499 2918 5560; x_wconf 82' lang='lat' dir='ltr'><strong>_cum</strong></span> <span class='ocrx_word' id='word_1_798' title='bbox 2949 5479 3332 5560; x_wconf 45' lang='lat' dir='ltr'><strong>corpore&#39;qttod</strong></span> <span class='ocrx_word' id='word_1_799' title='bbox 3371 5495 3460 5538; x_wconf 10' lang='lat' dir='ltr'><strong>als-</strong></span> 
     </span>
    </p>
   </div>
   <div class='ocr_carea' id='block_1_112' title="bbox 1890 5548 3462 5628">
    <p class='ocr_par' dir='ltr' id='par_1_112' title="bbox 1890 5548 3462 5628">
     <span class='ocr_line' id='line_1_112' title="bbox 1890 5548 3462 5628; baseline -0.007 -16"><span class='ocrx_word' id='word_1_800' title='bbox 1890 5548 2205 5628; x_wconf 59' lang='lat' dir='ltr'><strong>snmpserat.</strong></span> <span class='ocrx_word' id='word_1_801' title='bbox 2224 5561 2371 5614; x_wconf 82' lang='lat' dir='ltr'><strong>Nihil</strong></span> <span class='ocrx_word' id='word_1_802' title='bbox 2396 5559 2480 5612; x_wconf 87' lang='lat' dir='ltr'><strong>his</strong></span> <span class='ocrx_word' id='word_1_803' title='bbox 2510 5548 2857 5628; x_wconf 73' lang='lat' dir='ltr'><strong>communius</strong></span> <span class='ocrx_word' id='word_1_804' title='bbox 2878 5548 3126 5613; x_wconf 85' lang='lat' dir='ltr'><strong>vocibus,</strong></span> <span class='ocrx_word' id='word_1_805' title='bbox 3161 5548 3214 5628; x_wconf 76' lang='lat' dir='ltr'><strong>in</strong></span> <span class='ocrx_word' id='word_1_806' title='bbox 3243 5548 3462 5628; x_wconf 79' lang='lat' dir='ltr'><strong>dispen-</strong></span> 
     </span>
    </p>
   </div>
   <div class='ocr_carea' id='block_1_113' title="bbox 1892 5619 3460 5693">
    <p class='ocr_par' dir='ltr' id='par_1_113' title="bbox 1892 5619 3460 5693">
     <span class='ocr_line' id='line_1_113' title="bbox 1892 5619 3460 5693; baseline -0.008 -9"><span class='ocrx_word' id='word_1_807' title='bbox 1892 5619 2123 5690; x_wconf 77' lang='lat' dir='ltr'><strong>satione,</strong></span> <span class='ocrx_word' id='word_1_808' title='bbox 2157 5631 2248 5684; x_wconf 90' lang='lat' dir='ltr'><strong>ubi</strong></span> <span class='ocrx_word' id='word_1_809' title='bbox 2290 5630 2369 5684; x_wconf 89' lang='lat' dir='ltr'><strong>sic</strong></span> <span class='ocrx_word' id='word_1_810' title='bbox 2396 5630 2534 5686; x_wconf 86' lang='lat' dir='ltr'><strong>male</strong></span> <span class='ocrx_word' id='word_1_811' title='bbox 2558 5626 2785 5683; x_wconf 87' lang='lat' dir='ltr'><strong>Corder.</strong></span> <span class='ocrx_word' id='word_1_812' title='bbox 2819 5631 2933 5693; x_wconf 78' lang='lat' dir='ltr'><strong>post</strong></span> <span class='ocrx_word' id='word_1_813' title='bbox 2953 5620 3209 5688; x_wconf 74' lang='lat' dir='ltr'><strong>assumpti</strong></span> <span class='ocrx_word' id='word_1_814' title='bbox 3231 5619 3460 5690; x_wconf 72' lang='lat' dir='ltr'><strong>corporis</strong></span> 
     </span>
    </p>
   </div>
   <div class='ocr_carea' id='block_1_114' title="bbox 1891 5702 2287 5770">
    <p class='ocr_par' dir='ltr' id='par_1_114' title="bbox 1891 5702 2287 5770">
     <span class='ocr_line' id='line_1_114' title="bbox 1891 5702 2287 5770; baseline 0.005 -19"><span class='ocrx_word' id='word_1_815' title='bbox 1891 5702 2263 5770; x_wconf 74' lang='lat' dir='ltr'><strong>susceptionem</strong></span> <span class='ocrx_word' id='word_1_816' title='bbox 2274 5739 2287 5753; x_wconf 94' lang='lat'><strong><em>.</em></strong></span> 
     </span>
    </p>
   </div>
  </div>
