3932 6326
151 347 258 413 881

1117 351 1516 411 EXPOSITIO
1554 353 1965 414 ORATIONIS
2004 354 2414 416 DOMINIC/E.

3299 361 3403 423 δεῖ

154 477 374 534 ιρωπος
408 464 616 533 γίνεται
660 462 741 535 (τὸ
788 463 935 528 ξένον
966 463 1134 527 ὅντως
1171 466 1404 535 πρᾶγμα
1450 467 1541 518 καὶ
1572 465 1734 519 ἄκου-

1840 468 1983 522 Deus
2006 483 2132 523 eum
2160 476 2326 533 esset,
2361 468 2526 522 homo
2553 468 2612 522 iit
2646 466 2785 539 (rem
2821 468 2979 538 plane
3004 484 3199 523 novam
3222 477 3273 522 et
3304 483 3402 521 au-

155 554 294 622 σμα)
328 556 529 608 καὶτὸν
554 558 652 626 τῆς
679 557 879 627 σαρκὸς
912 556 1079 610 θέλων
1104 556 1457 626 καταδέχεται
1481 557 1729 612 θάνατον.

152 643 374 696 Τούτων
422 646 698 711 ἁπάντων,
749 648 823 709 ὡς
900 647 1060 716 ἔφην,
1107 646 1320 716 αῖτησιν
1372 646 1509 715 ἔχων
1556 648 1584 699 ό
1636 648 1734 718 τῆς

150 736 473 806 προσευχῆς
505 738 860 809 εὑρεθήσεται
889 739 1066 808 λόγος.

222 827 449 897 Πατέρα
475 826 606 898 γὰρ,
658 830 752 881 καὶ
802 830 1014 900 Harpe;
1055 830 1225 897 ὄνομα
1252 829 1419 897 λέγει,
1460 829 1552 883 καὶ
1584 829 1734 899 βασι-

149 916 309 969 λείαν
329 932 343 945 ’
380 918 474 970 καὶ
507 917 697 970 τούτου
726 919 818 972 τοῦ
850 921 1062 990 Πατρὸς
1089 917 1245 983 αὖθις
1277 920 1402 973 Υίὸν
1427 921 1484 971 ἐν
1528 920 1730 990 χάριτι,

148 1008 244 1060 τὸν
277 1010 712 1079 προσευχόμενον
740 1010 867 1065 ὄντα
898 1013 1245 1082 παρίστησιν.
1290 1014 1437 1075 Ἐνός
1471 1030 1531 1064 τε
1577 1014 1733 1084 θελή-

152 1116 329 1167 ματος
354 1101 479 1163 τοὺς
508 1102 565 1153 ἐν
597 1102 812 1172 οὐρανῷ
833 1106 924 1156 καὶ
949 1107 1018 1175 γῇ
1052 1105 1300 1172 γενέσθαι
1332 1106 1503 1174 ζητεῖ.
1536 1106 1733 1177 ’Ἄρτον

144 1191 424 1245 αἰτεῖσθαι
449 1194 776 1263 προστάττει
804 1196 894 1248 τὸν
924 1198 1218 1250 ἐπιούσιον.
1245 1197 1600 1268 Καταλλαγὴν
1623 1200 1733 1262 τοῖς

150 1280 466 1354 ἀνθρώποις
496 1284 777 1353 νομοθετεῖ
819 1284 976 1357 [alter
1008 1288 1173 1340 codex
1205 1286 1496 1359 ἐπιζητεῖ],
1526 1289 1621 1341 καὶ
1656 1287 1732 1358 τῷ

150 1374 470 1442 συγχωρεῖν
500 1372 595 1425 καὶ
618 1374 1016 1445 συγχωρεῖσθαι
1036 1375 1136 1446 τὴν
1164 1375 1326 1445 φύσιν
1361 1375 1497 1445 πρὸς
1532 1376 1731 1444 ἑαυτὴν

153 1463 357 1527 συνδεῖ,
385 1465 450 1534 τῇ
484 1463 716 1534 διαφορᾷ
741 1464 839 1532 τῆς
865 1466 1088 1536 γνώμης
1121 1466 1196 1536 μὴ
1232 1465 1592 1537 τεμνομένην.
1637 1468 1733 1530 Εἷς

149 1570 218 1605 τε
259 1554 565 1624 πειρασμὸν
607 1554 890 1620 εἰσελθεῖν,
923 1556 997 1617 ὼς
1044 1557 1204 1626 νόμον
1236 1557 1528 1623 ἁμαρτίας,
1563 1558 1734 1610 ἀπεύ-

150 1642 350 1713 χεσθαι
385 1644 658 1698 διδάσκειο
709 1647 802 1699 καὶ
828 1647 1090 1717 ῥυσθῆναι
1133 1647 1226 1700 τοῦ
1263 1647 1497 1717 πονηροῦ
1534 1665 1734 1719 παραιο

148 1736 258 1787 νεῖ.
298 1734 441 1787 Ἔδει
469 1735 576 1806 γὰρ
607 1736 698 1789 τὸν
743 1738 1043 1806 αὐτουργὸν
1077 1738 1170 1791 καὶ
1201 1738 1402 1809 δοτῆρα
1450 1738 1557 1792 τῶν
1596 1742 1705 1807 ἀγα

150 1830 269 1882 θῶν
315 1826 455 1883 εἶναι
499 1832 593 1885 καὶ
641 1831 983 1898 διδάσκαλον,
1046 1826 1134 1884 οἷα
1182 1832 1246 1903 δὴ
1300 1807 1585 1903 μαθηταῖς,
1619 1836 1733 1897 τοῖς
1763 1807 1806 1862 Β

149 1921 506 1977 πιστεύουσιν
553 1926 631 1986 εἰς
661 1923 844 1991 αὑτὸν,
892 1924 987 1977 καὶ
1039 1924 1391 1995 μιμουμένοις
1437 1924 1603 1980 αὐτοῦ
1636 1924 1733 1995 τὴν

150 2012 248 2066 διὰ
296 2012 496 2083 σαρκὸς
551 2014 795 2084 ἀγωγὴν,
843 2013 1122 2085 ὑποθήκας
1172 2013 1317 2087 ζωῆς
1346 2017 1548 2086 ταύτης
1589 2032 1734 2085 παρ-

150 2103 415 2174 εχόμενον
443 2104 541 2173 τῆς
575 2105 881 2174 προσευχῆς
914 2104 983 2157 τὰ
1034 2105 1175 2175 ῥητά
1216 2103 1357 2177 [ϐαι.
1393 2105 1489 2162 Fr.
1528 2105 1732 2169 Venet.,

155 2193 405 2266 ῥήματα]
424 2211 438 2225 ·
472 2195 539 2247 δι’
571 2189 645 2249 ὧν
690 2197 815 2258 τοὺς
839 2197 897 2248 ἐν
926 2194 1073 2266 αὐτῷ
1108 2198 1226 2249 κατ’
1256 2194 1392 2261 εἶδος
1423 2197 1736 2266 ὑφεστῶτας

151 2285 261 2352 τῆς
314 2284 503 2352 σοφίας
551 2285 775 2354 καὶτῆς
822 2284 1072 2353 γνώσεως
1123 2288 1476 2359 ἀποκρύφους
1529 2288 1734 2358 ἐμήνυε

153 2373 493 2444 θησαυροὺς,
549 2374 684 2443 πρὸς
738 2375 838 2444 τὴν
897 2377 1078 2430 αὐτῶν
1142 2377 1441 2431 ἀπόλαυσιν
1494 2376 1735 2449 δηλονότι

160 2465 270 2517 τῶν
299 2465 591 2518 αἰτούντων
634 2466 871 2521 ἐλαύνων
909 2467 1006 2537 τὴν
1038 2467 1240 2536 ἔφεσιν.

235 2556 332 2609 Διὰ
357 2556 514 2609 τοῦτο
551 2558 881 2628 προσευχὴν,
926 2555 1099 2629 οἶμαι,
1133 2560 1333 2630 ταύτην
1365 2560 1593 2629 κέκληκε
1640 2559 1737 2629 τὴν

158 2647 505 2702 διδασκαλίαν
551 2651 579 2702 ὁ
618 2649 799 2717 λόγος,
856 2649 931 2712 ὡς
981 2652 1195 2719 αἴτησιν
1224 2650 1448 2720 ἔχουσαν
1493 2650 1600 2703 τῶν
1643 2652 1736 2703 ἀν-

159 2736 401 2808 θρώποις
429 2740 569 2793 κατὰ
596 2739 751 2811 χάριν
781 2741 844 2791 ἐκ
868 2740 1002 2794 Θεοῦ
1031 2741 1319 2810 διδομένων
1342 2739 1548 2811 δώρων.
1579 2739 1735 2793 Οὕτω

160 2831 274 2898 γὰρ
306 2831 355 2882 οἰ
406 2829 753 2882 θεόπνευστοι
795 2830 1037 2900 Πατέρες
1086 2830 1241 2900 ἡμῶν
1290 2831 1578 2900 ὀριστικῶς
1610 2832 1739 2900 περὶ

161 2922 261 2990 τῆς
294 2923 599 2993 προσευχῆς
630 2921 925 2990 διεξῆλθον,
958 2922 1251 2992 φήσαντες,
1287 2917 1428 2975 εἶναι
1455 2922 1553 2993 τὴν
1577 2939 1740 2993 προσ-

197 3013 328 3097 οχὴν
352 3014 585 3084 αῖτησιν,
617 3005 691 3066 ὧν
714 3014 846 3076 Θεὸς
880 3012 1199 3083 πρεπόντως
1241 3014 1418 3084 ἐαυτῴ
1449 3015 1737 3085 δωρεῖσθαι

1831 560 2154 631 ditioneml)
2186 576 2249 614 ae
2275 560 2459 615 carnis
2481 572 2715 615 mortem
2751 570 2945 629 sponte
2972 561 3229 615 admittit.
3260 559 3421 613 Curi-1

1830 661 1919 707 eta
1980 654 2095 709 haec
2122 652 2378 722 petenda,
2405 653 2482 706 uti
2508 653 2778 717 dicebam,
2802 653 3069 707 orationis
3111 651 3410 706 Dominicae

1830 754 2039 798 textum
2075 745 2353 798 insinuare
2381 744 2651 798 invenias.

1899 835 2063 906 35.9
2088 836 2306 890 Patrem
2332 835 2500 900 enim,
2541 844 2598 890 et
2628 835 2807 890 Patris
2839 850 3041 889 nomen
3070 849 3409 906 regnumque

1830 926 2073 995 loquitur
2108 944 2122 979 :
2163 926 2433 995 huiusque
2471 940 2663 979 rursus
2696 924 2872 979 Patris
2897 924 3093 979 Filium
3129 925 3181 979 in
3211 925 3405 994 gratia.

1830 1026 2078 1073 orantem
2126 1016 2389 1072 ostendit.
2443 1015 2620 1070 Unius
2667 1015 2797 1069 item
2843 1016 3161 1080 voluntatis,
3207 1015 3300 1085 qui
3352 1016 3408 1068 in

1829 1109 1968 1164 caelo
1994 1117 2050 1164 et
2087 1109 2181 1178 qui
2215 1109 2270 1161 in
2321 1116 2485 1171 terra,
2530 1106 2648 1160 ﬁeri
2688 1106 2844 1175 petit.
2881 1106 3083 1161 Panem
3134 1106 3407 1174 quotidia-

1829 1216 1963 1254 num
1997 1210 2251 1270 petamus
2278 1199 2456 1270 jubet.
2485 1197 2833 1262 Hominibus,
2859 1197 2949 1251 alii
2986 1204 3046 1250 ut
3073 1195 3197 1250 aliis
3219 1210 3411 1249 recon—

1829 1288 2111 1353 cilientur,
2135 1288 2339 1353 sancit;
2377 1302 2549 1356 eaque
2581 1287 2795 1340 ratione
2836 1284 2985 1353 quod
3018 1291 3076 1339 et
3106 1283 3406 1348 dimittant,

1829 1390 1884 1435 et
1918 1379 2027 1435 illis
2074 1380 2409 1444 dimittatur,
2441 1388 2694 1433 naturam
2731 1377 2838 1431 sibi
2891 1378 3085 1445 ipsam,
3116 1374 3270 1427 nullo
3308 1388 3408 1425 vo-

1830 1470 2062 1525 luntatis
2093 1471 2376 1539 animique
2413 1471 2702 1525 sententia:
2756 1468 2984 1523 dissidio
3022 1466 3273 1530 scissam,
3315 1477 3412 1517 ne-

1830 1564 1950 1618 ctit.
1981 1563 2063 1617 Ad
2098 1563 2233 1626 haec,
2268 1563 2471 1616 intrare
2518 1562 2571 1616 in
2617 1561 2998 1624 tentationem,
3030 1569 3287 1627 tanquam
3327 1556 3409 1610 le-

1830 1666 1952 1722 gem
2008 1651 2241 1719 peccati,
2288 1649 2696 1720 deprecandum
2744 1648 3075 1703 documento
3127 1648 3314 1701 tradit.
3367 1647 3411 1700 Α

1833 1742 1976 1797 malo
2006 1741 2248 1812 denique
2297 1742 2552 1797 hortatur
2577 1741 2826 1796 liberari.
2866 1739 3102 1794 Decebat
3136 1739 3306 1803 enim,
3351 1747 3412 1791 ut

1833 1835 2106 1889 bonorum
2145 1842 2340 1890 auctor
2370 1836 2486 1903 ipse
2518 1842 2571 1889 et
2604 1833 2853 1903 largitor,
2884 1832 3052 1887 etiam
3098 1831 3292 1885 doctor
3320 1844 3410 1883 es-

1833 1935 1936 1990 set,
1969 1926 2064 1995 qui
2098 1926 2311 1981 scilicet
2340 1925 2594 1980 ﬁdelibus
2642 1926 2777 1982 suis.
2814 1930 3074 1991 tanquam
3103 1920 3408 1988 discipulis,

1834 2017 2061 2086 ejusque
2095 2031 2195 2085 per
2219 2030 2443 2070 carnem
2469 2014 2815 2084 disciplinam
2847 2013 3080 2080 vitaeque
3115 2010 3414 2064 institutio-

1831 2122 1958 2161 nem
1989 2106 2358 2169 imitantibus,
2387 2105 2717 2175 doeumenta
2745 2104 2873 2158 vita:
2898 2101 3168 2156 orationis
3193 2109 3414 2156 senten—

1834 2198 1938 2250 tias
1964 2197 2221 2266 dictaque
2253 2195 2558 2265 praeberet;
2605 2195 2813 2264 quibus
2844 2192 2989 2259 apud
3024 2207 3083 2246 se
3116 2207 3242 2246 vere
3271 2190 3415 2247 exsi-

1835 2296 2044 2342 stentes
2094 2288 2376 2356 sapientiae
2414 2296 2471 2342 et
2501 2286 2746 2341 scientia:
2793 2286 3084 2339 thesauros
3125 2281 3415 2336 abscondi-

1835 2386 1921 2433 tos
1959 2378 2200 2432 ostendit
2221 2378 2282 2443 ";
2319 2377 2385 2431 ad
2416 2392 2553 2445 quos
2589 2375 2877 2439 fruendos,
2901 2389 3092 2429 eorum
3126 2371 3221 2441 qui
3252 2382 3412 2426 orant

1835 2483 1899 2524 ac
1928 2477 2142 2537 petunt,
2169 2468 2528 2538 cupiditatem
2562 2481 2918 2535 amoremque
2953 2465 3206 2535 impellit.

1905 2559 2139 2623 Idcirco,
2170 2566 2325 2627 puto,
2356 2558 2497 2612 hanc
2532 2557 2815 2626 Scriptura
2843 2557 3170 2621 doctrinam,
3205 2553 3412 2609 oratio-

1836 2665 1984 2715 nem,
2016 2648 2200 2704 GrteCe
2234 2647 2563 2717 προσευχὴν,
2597 2647 2910 2716 appellavit,
2943 2632 3004 2700 ut
3031 2661 3153 2715 quas
3193 2659 3409 2707 eorum.

1838 2756 1959 2810 qua:
1991 2756 2022 2793 a
2048 2740 2160 2795 Deo
2193 2739 2515 2793 hominibus
2543 2755 2641 2808 per
2675 2737 2904 2807 gratiam
2940 2736 3282 2799 tribuuntur,
3311 2734 3412 2788 do-

1837 2847 2058 2896 norum,
2093 2830 2417 2901 petitionem
2451 2831 2874 2899 complectatur.
2910 2827 3003 2883 Sic
3034 2827 3184 2882 enim
3227 2826 3414 2880 divino

1837 2922 2002 2977 aﬂlati
2054 2922 2281 2977 numine
2332 2922 2525 2977 Patres
2571 2922 2744 2975 nostri
2794 2919 2864 2974 de
2909 2918 3160 2974 oratione
3207 2916 3416 2989 (Graece

1839 3013 2158 3084 προσευχὴ),
2191 3013 2596 3077 disseruerunt,
2632 3011 2880 3066 dicentes
2916 3027 2930 3064 :
2962 3024 3083 3065 esse
3107 3008 3413 3063 orationem

161 3104 404 3171 πέφυκεν
446 3103 781 3175 ἀνθρὼποις’
817 3103 1004 3175 ῶσπερ
1053 3106 1147 3158 καὶ
1222 3105 1322 3176 τὴν
1381 3106 1564 3176 εὐχὴν,
1609 3107 1734 3159 ὑπό-

1840 3104 2159 3173 petitionem
2193 3119 2407 3169 eorum,
2434 3119 2561 3173 quia
2592 3104 2737 3157 Deus
2779 3117 2882 3170 pro
2926 3103 3112 3154 innata
3146 3100 3413 3165 bonitate,

165 3208 370 3263 σχεσιν⁹
412 3195 579 3264 ῆγουν
618 3195 972 3264 ἐπαγγελίαν,
1005 3188 1080 3249 ὧν
1107 3196 1347 3266 γνησίως
1385 3196 1736 3266 λατρεύοντες

164 3281 285 3352 Θεῷ
322 3282 785 3353 προσκομίζουσιν
814 3284 1110 3357 ἄνθρωποι,
1144 3284 1241 3357 τὴν
1276 3286 1496 3356 Γραφὴν
1531 3303 1737 3357 μαρτυ-

168 3373 365 3445 ροῦσαν
383 3373 460 3445 τῷ
483 3375 670 3445 οἰκείῳ
699 3376 842 3447 λόγῳ
863 3376 1143 3446 πολλαχῶς
1170 3379 1636 3447 παραστήσαντες,
1661 3377 1736 3440 ὡς

164 3464 246 3530 τὸ,
288 3465 581 3531 Εὐξασθε,
614 3468 711 3520 καί
762 3468 1017 3522 ἀπόδοτε
1057 3468 1248 3537 Κυρίῳ
1274 3466 1355 3532 τῷ
1384 3467 1503 3533 Θεῷ
1532 3466 1730 3536 ἡμῶν.

166 3556 282 3615 καὶ.
321 3555 477 3610 Ὅσα
508 3557 812 3627 ηὐξάμην,
836 3558 1127 3613 ἀποδώσω
1147 3573 1245 3612 σοι
1278 3559 1506 3627 Σωτῆρι
1520 3576 1640 3627 μου
1657 3558 1737 3624 τῷ

167 3647 359 3719 Κυρίῳ
388 3646 483 3718 (9)’
518 3649 646 3719 περὶ
669 3650 765 3720 τῆς
798 3650 961 3720 εὐχῆς
977 3651 1240 3720 εἰρημένα
1261 3665 1275 3679 ’
1310 3652 1403 3702 καὶ
1432 3646 1585 3712 αὖθις
1611 3652 1737 3721 περὶ

166 3738 492 3810 προσευχῆς,
512 3739 587 3803 ὡς
608 3740 668 3793 τὸ
687 3778 702 3802 ,
734 3739 841 3795 Καὶ
862 3741 1248 3809 προσηύξατο
1284 3742 1358 3811 (Ιι)
1381 3744 1559 3794 ’Ἅννα
1589 3742 1738 3808 πρὸς

166 3828 402 3896 Κύριον,
429 3828 696 3898 λέγουσα
714 3846 729 3860 ⁸
756 3832 932 3898 Κύριε
970 3832 1227 3894 Ἀδωναῒ,
1278 3832 1444 3885 Ἐλωῒ
1472 3833 1735 3896 σαόαὼθ,

163 3917 273 3970 ἐὰν
325 3920 659 3973 εἰσακούων
722 3922 1091 3990 είσακούσῃς
1149 3921 1256 3989 τῆς
1314 3921 1536 3988 δούλης
1595 3939 1732 3988 σου,

162 4006 263 4061 καὶ
288 4006 407 4074 δῷς
452 4026 556 4079 μοι
600 4011 833 4078 καρπὸν
882 4013 1115 4077 κοιλίας
1138 4029 1152 4043 ο
1196 4010 1310 4076 καὶ,
1346 4014 1739 4080 Προσηύξατο

178 4098 435 4166 Ἐζεκίας
488 4102 789 4167 ,βασιλεὺς
856 4102 1071 4165 Ἰούδα,
1130 4104 1229 4157 καί
1301 4104 1547 4169 Ἡσαΐας
1607 4106 1736 4170 υἱὸς

178 4188 362 4257 Ἀμῶς
394 4192 428 4244 ό
454 4191 767 4260 προφήτης
795 4193 943 4261 πρὸς
983 4194 1202 4261 Κύριον
1224 4211 1238 4224 ·
1280 4196 1373 4248 καὶ¹
1400 4196 1480 4258 τὸ,
1518 4196 1631 4249 Ὅτ⁹
1661 4196 1737 4249 ἂν

158 4278 333 4346 ὑμεῖς
369 4282 811 4349 προσεύχησθε,
864 4280 1090 4349 λέγετε,
1141 4282 1329 4350 Πάτερ
1381 4280 1549 4352 ἡμῶν
1593 4286 1625 4337 ό
1666 4284 1737 4337 ἐν

159 4368 290 4433 τοῖς
344 4370 642 4438 οὐρανοῖς,
709 4373 858 4442 παρὰ
904 4372 997 4426 τοῦ
1044 4374 1250 4444 Κυρίου
1298 4377 1412 4436 τοῖς
1470 4375 1735 4445 μαθηταῖς

1839 3203 2002 3263 atque
2019 3207 2079 3249 ut
2108 3195 2286 3265 ipsum
2307 3195 2465 3250 decet
2479 3194 2697 3263 elargiri
2719 3190 3039 3247 hominibus
3058 3192 3299 3261 proclive
3320 3191 3417 3245 ha-

1839 3285 1964 3352 bet;
2022 3286 2484 3356 quemadmodum
2526 3295 2738 3351 votum,
2774 3285 2961 3340 Graece
3000 3284 3186 3353 εὐχὴν,
3220 3294 3416 3337 eorum

1839 3377 2284 3446 promissionem,
2316 3392 2411 3431 seu
2466 3374 2955 3444 nuncupationem,
2989 3387 3110 3442 qua:
3141 3371 3257 3425 veri
3296 3371 3410 3424 cul-

1842 3478 1988 3524 tores
2018 3462 2131 3523 Deo
2162 3469 2446 3523 oﬂ‘erunt:
2482 3476 2646 3536 atque
2689 3467 2817 3521 huic
2858 3481 2971 3520 suae
3024 3463 3307 3519 sententia:
3353 3476 3416 3517 ae

1840 3560 2149 3615 deﬁnitioni
2200 3559 2541 3629 Scripturam
2587 3557 2777 3612 multis
2838 3557 2975 3611 locis
3028 3554 3414 3624 astipulantem

1839 3652 2173 3719 producunt,
2208 3658 2267 3704 ut
2291 3657 2375 3704 est
2399 3648 2533 3703 illud
2558 3648 2625 3701 de
2656 3656 2785 3701 voto
2823 3647 3031 3700 dictum
3061 3664 3073 3699 :
3111 3645 3315 3711 Vovete,
3367 3652 3416 3697 et

1840 3741 2037 3794 reddite
2072 3740 2293 3794 Domino
2320 3739 2430 3792 Deo
2459 3746 2635 3791 nostra
2657 3738 2721 3791 ¹⁸.
2759 3736 2828 3790 Ει
2863 3752 2878 3788 :
2914 3734 3042 3800 Quae
3072 3736 3183 3788 vovi
3214 3734 3413 3793 omnia,

1841 3830 2058 3883 reddam
2095 3830 2188 3883 tibi
2220 3828 2444 3882 Domino
2467 3826 2696 3881 salutari
2728 3840 2844 3878 meo
2868 3825 2943 3889 ¹⁶;
2977 3839 3098 3892 qua
3120 3822 3264 3877 dicta
3288 3831 3415 3878 sunt

1840 3917 1908 3970 de
1934 3923 2092 3981 voto;
2135 3931 2198 3969 ae
2230 3929 2424 3968 rursus
2453 3913 2522 3967 de
2549 3913 2819 3977 oratione,
2855 3921 2918 3966 ut
2964 3920 3048 3964 est
3095 3910 3230 3964 illud
3281 3927 3295 3963 :
3343 3910 3412 3963 Et

1839 4010 2007 4062 oravit
2047 4008 2203 4062 Anna
2230 4006 2304 4060 ad
2324 4005 2631 4070 Dominum,
2678 4005 2891 4058 dicens:
2921 4003 3140 4056 Domine
3185 4001 3410 4064 Adonai,

1840 4100 1978 4153 Deus
2012 4098 2364 4162 exercituum,
2406 4098 2453 4151 si
2499 4096 2784 4151 exaudiens
2817 4093 3113 4149 exaudieris
3162 4091 3414 4146 ancillam

1840 4200 2005 4253 tuam,
2038 4197 2086 4243 et
2117 4188 2322 4243 dederis
2346 4190 2470 4242 mihi
2497 4187 2728 4259 fructum
2758 4187 2953 4242 ventris
2978 4186 3043 4239 ”.
3086 4184 3244 4247 Item,
3274 4183 3412 4238 Ora-

1839 4284 1910 4337 uit
1940 4281 2187 4336 Ezechias
2215 4296 2307 4334 rex
2336 4279 2501 4340 Juda,
2528 4286 2577 4333 et
2601 4279 2773 4335 Isaias
2797 4278 2942 4347 ﬁlius
2972 4277 3130 4331 Amos
3161 4275 3414 4346 prapheta

1843 4373 1912 4426 ad
1940 4371 2222 4425 Dominum
2243 4370 2309 4424 ¹⁸.
2345 4370 2403 4424 id
2436 4369 2676 4440 denique
2709 4368 2857 4440 quod
2885 4384 2913 4423 a
2941 4367 3173 4422 Domino
3207 4366 3412 4420 dictum

160 4458 452 4529 εἰρημένον
470 4477 483 4489 ·
510 4460 585 4522 ῶς
604 4456 743 4513 εἶναι
771 4461 1028 4516 δύνασθαι
1054 4462 1151 4531 τὴν
1176 4464 1272 4532 μὲν
1294 4463 1478 4533 εὐχὴν,
1510 4465 1734 4517 ἐντολῶν

1840 4471 1924 4517 est
1952 4460 2238 4530 discipulis
2269 4477 2282 4514 :
2312 4458 2445 4515 Cum
2468 4462 2744 4515 oraueritis
2773 4477 2883 4521 vos.
2906 4460 3061 4513 dicite
3085 4475 3104 4514 :
3130 4458 3294 4512 Pater
3316 4472 3413 4510 ηο-

157 4549 394 4617 τήρησιν
422 4548 564 4601 κατὰ
602 4548 826 4618 γνώμην
862 4550 957 4602 τοῦ
1006 4550 1280 4621 ηὑγμένου
1312 4553 1700 4623 κεκυρωμένην
1722 4570 1734 4581 ·

157 4637 263 4705 τὴν
296 4637 353 4689 δὲ
385 4639 710 4711 προσευχὴν,
744 4640 845 4709 τῆς
875 4641 1010 4712 πρὸς
1040 4641 1108 4694 τὰ
1136 4641 1439 4712 τηρηθέντα
1475 4643 1612 4698 καλὰ
1643 4643 1735 4697 τοῦ

155 4726 523 4795 τετηρηκότος
564 4728 971 4797 μεταποιήσεως
1010 4729 1255 4798 αἴτησιν·
1293 4729 1324 4798 ἧ
1376 4730 1593 4800 μᾶλλον,
1638 4731 1739 4802 τὴν

161 4815 266 4882 μὲν
296 4815 460 4885 εὐχὴν
507 4817 706 4889 ἀρετῆς
748 4814 930 4883 ἆθλον,
968 4818 997 4872 ὃ
1038 4819 1101 4890 δὴ
1151 4821 1383 4890 μάλιστα
1427 4825 1738 4892 προσφιλῶς

154 4905 375 4974 δέχεται
419 4906 550 4971 Θεὸς
594 4909 1125 4980 προσκομιζόμενον⁹
1161 4912 1261 4981 τὴν
1306 4911 1363 4965 δὲ
1406 4914 1733 4985 προσευχὴν,

1835 4562 1945 4607 ster
1969 4553 2059 4622 qui
2084 4553 2216 4606 esin
2246 4550 2428 4617 ccelis;
2476 4560 2538 4606 ut
2572 4552 2749 4622 possit
2798 4551 3022 4622 quidem
3066 4558 3256 4605 votum
3294 4563 3416 4603 esse

1839 4644 2223 4697 mandatorum
2248 4643 2584 4707 observatio,
2628 4644 2769 4713 ejus,
2805 4643 2899 4713 qui
2929 4643 3101 4707 vovit,
3146 4640 3413 4696 sententia

1838 4749 1903 4789 ae
1926 4735 2209 4789 voluntate
2236 4733 2591 4801 conﬁrmata;
2635 4736 2813 4791 oratio
2847 4751 2999 4800 vero,
3024 4734 3238 4805 petitio,
3275 4740 3337 4786 ut
3368 4732 3415 4785 is

1839 4827 1935 4897 qui
1977 4826 2314 4891 observavit,
2357 4827 2508 4881 inea
2562 4842 2683 4897 qua:
2724 4828 3009 4884 observata
3051 4835 3199 4891 sunt,
3254 4824 3416 4895 350

1838 4917 1982 4971 bona
2008 4917 2326 4971 reducatur.
2355 4916 2482 4972 Sive
2527 4918 2731 4986 potius,
2755 4926 2946 4974 votum
2971 4916 3219 4987 quidem,
3238 4915 3414 4969 virtu-

233 5038 277 5069 ³⁸
304 5038 515 5093 Coloss.
547 5056 603 5107 ιι,
634 5040 689 5097 3.
766 5042 811 5074 "
837 5043 980 5103 Psal.
1012 5061 1098 5111 xv,
1128 5046 1217 5100 12.
1295 5047 1338 5077 ¹⁶
1366 5045 1518 5102 Iona:
1549 5063 1605 5113 ιι,
1639 5048 1724 5103 10.

1840 5050 1844 5061 ’
1880 5050 1902 5104 Ι
1933 5050 2066 5121 Reg.
2097 5066 2114 5103 ι
2167 5048 2254 5103 10.
2333 5050 2374 5082 ¹⁸
2400 5049 2446 5103 ll
2472 5050 2650 5105 Paral.
2681 5067 2848 5117 xxxu,
2876 5049 2966 5104 20.

231 5172 309 5244 (Ω)
365 5172 591 5244 Σῳτῆρί
623 5192 780 5244 μου,
824 5175 904 5240 τῷ
932 5177 1144 5244 Κυρίῳ.
1186 5176 1369 5231 Graeca
1424 5177 1577 5244 Vulg.
1624 5196 1729 5231 σω-

148 5238 350 5321 τῃᾷίρξ)
379 5241 467 5321 τῷ,
490 5238 699 5321 Κνρίὶρ,
732 5261 847 5321 qua
874 5238 1225 5321 i'oee'paSSim
1260 5248 1487 5321 salutem
1512 5238 1560 5301 δί
1588 5247 1730 5302 LXX

152 5298 698 5387 signipca.at.__cjod:
716 5298 870 5369 Aiex.
914 5298 1002 5387 .i;
1026 5298 1318 5387 τρέφεήίριδςέ
1350 5298 1498 5385 "sas,
1519 5298 1732 5387 ﬁt};

152 5397 273 5437 non
306 5381 464 5453 longe
492 5382 649 5453 Vulg.
702 5402 797 5452 pro
839 5384 1013 5438 salute
1057 5381 1281 5439 Domino
1306 5426 1319 5450 ,
1368 5381 1430 5440 ut
1471 5394 1527 5441 et
1572 5381 1735 5441 Ar'ab.

154 5465 362 5524 nempe
381 5451 625 5524 salutem
680 5451 1050 5524 accipientes,
1091 5471 1190 5524 pro
1228 5466 1357 5509 voto
1382 5456 1438 5510 in
1472 5472 1591 5510 eam
1638 5474 1741 5511 eu-

154 5471 362 5519 nempe
391 5471 625 5505 samtem
680 5471 795 5508 30C!

152 5521 464 5576 charistico
512 5538 525 5573 :
561 5538 686 5577 nam
723 5471 839 5577 "ei;

152 5591 273 5653 vel,
308 5597 369 5644 ut
398 5590 566 5658 Pagn.
600 5592 830 5648 Domini.

366 5660 480 5736 βοὶ
530 5662 934 5736 προσηύξατο.
988 5663 1277 5736 Maximum
1335 5663 1559 5732 fefellit,
1592 5666 1740 5736 quod

154 5728 335 5783 verba
366 5728 501 5793 hac,
538 5745 659 5800 qua:
690 5732 858 5787 Annae
889 5733 1101 5787 cantico
1134 5740 1400 5802 praeeunt,
1428 5736 1492 5789 ad
1521 5728 1740 5791 versum

847 5540 950 5579 raea
1010 5534 1226 5590 sonant,
1268 5524 1426 5581 Salus
1464 5527 1684 5581 Domino
1723 5543 1741 5584 :

1836 5197 1893 5244 ιι,
1921 5196 1969 5234 c.
1994 5196 2032 5242 ι,
2061 5178 2254 5243 traxit;
2291 5194 2353 5232 ea
2386 5179 2598 5233 scilicet
2633 5194 2754 5248 quae
2784 5177 3232 5248 suntporationis,
3257 5176 3323 5231 ad
3348 5192 3412 5233 ea

1838 5266 1956 5319 quae
1980 5258 2109 5302 sunt
2132 5249 2265 5319 voti.
2297 5248 2375 5301 lbi
2404 5249 2549 5302 enim
2583 5246 2685 5314 est,
2717 5247 2845 5319 Καί
2871 5246 3072 5319 ηὓξατο
3101 5248 3265 5318 εὐχὴν
3303 5249 3415 5319 Ko-

1879 5320 1959 5387 ίῳ,
1991 5332 2095 5371 nec
2131 5317 2291 5387 ullus,
2308 5327 2411 5381 est,
2441 5319 2535 5387 qui
2571 5334 2681 5372 non
2722 5318 2933 5381 reddat,
2960 5317 3029 5387 Et
3058 5326 3234 5387 votum
3277 5318 3414 5370 vovit

1887 5386 2060 5441 o’mino
2084 5428 2097 5451 ,
2152 5386 2299 5455 quod
2330 5386 2509 5456 ipsum
2530 5396 2677 5441 tanta
2725 5386 3083 5456 sequentibus
3114 5386 3412 5456 verborum

1835 5456 2086 5527 emphasi
2116 5454 2269 5527 Anna
2324 5454 2720 5527 reprwsentat;
2758 5454 2860 5511 nec
2910 5455 3233 5527 usquam_in
3261 5454 3411 5527 ﬁeri:

1837 5524 1999 5597 ptura
2032 5526 2204 5597 major
2232 5526 2345 5597 voti
2378 5524 2680 5597 expressio,
2730 5528 2836 5581 etsi
2863 5542 2967 5581 nec
2995 5524 3087 5580 'illi
3128 5524 3283 5597 deest
3310 5525 3410 5597 ad-

1839 5593 2005 5651 mixta
2038 5593 2233 5666 oratio.
2255 5593 2611 5651 Commodius
2641 5605 2818 5651 tamen
2856 5597 3165 5666 exemplum
3208 5594 3411 5649 licebat

1839 5666 2035 5722 afferre
2064 5664 2318 5719 Maximo.
