3932 6326
170 365 281 429 835

1154 364 1553 424 EXPOSlTlO
1592 362 2001 424 ORATIONIS
2041 357 2427 421 DOMINICAS

3305 360 3411 423 886

169 486 276 554 γῆς
306 476 365 530 τὸ
404 476 594 545 ὄνομα,
630 475 722 528 καὶ⁸
754 475 1150 553 πατρῶζοντες,
1182 481 1274 529 καὶ
1308 476 1472 529 τέκνα
1498 476 1587 529 διὰ
1628 478 1729 530 τῶν

1841 494 2189 549 characteres
2228 493 2460 547 reddere
2510 492 2847 557 Studeamus,
2873 486 3272 548 sanctificantes
3316 512 3412 549 no-

163 569 507 638 πραγμάτων
537 568 894 636 δεικνύμενοι,
932 569 1025 620 καὶ
1073 568 1165 621 τὸν
1211 568 1410 635 ταύτης
1440 571 1735 640 αὐτουργὸν

159 660 263 728 τῆς
299 657 566 719 υίεθεσίας
600 658 823 726 φυσικὸν
851 656 945 709 τοῦ
968 658 1179 728 [ἰατρὸς
1211 658 1358 723 Υίὺν,
1385 660 1450 713 δι’
1483 654 1556 715 ὧν
1587 662 1734 715 νοοῦ-

163 766 267 818 μεν
298 750 328 819 ἦ
368 749 697 819 πράττομεν,
731 748 1138 819 μεγαλύνοντες.

245 925 569 996 Ἀγιάζομεν
600 927 655 979 δὲ
686 928 777 980 τοῦ
807 929 863 981 ὲν
894 929 1137 1001 οὐρανοῖς
1162 933 1301 986 κατά
1335 936 1490 1007 χάριν
1513 939 1725 1010 Πατρὸς

156 1017 227 1069 τὸ
278 1016 467 1085 ὄνομα,
507 1015 605 1086 τὴν
647 1016 910 1086 πρόσυλο)
943 1019 1141 1089 δηλαδὴ
1181 1024 1495 1093 νεκροῦντες
1539 1028 1729 1082 ἐπιθυ-

163 1107 318 1177 μίαν,
348 1107 437 1158 καὶ
470 1106 807 1176 φθοροποιῶν
840 1109 1287 1181 ὲκκαθαιρόμενοι
1317 1116 1534 1168 παθῶν·
1576 1119 1730 1191 εἴπερ

159 1198 435 1265 ἀγιασμός
462 1198 628 1259 ἐστιν,
658 1198 691 1266 ἡ
726 1198 842 1250 κατ’
873 1197 1120 1269 αἴσθησιν
1146 1201 1243 1270 τῆς
1278 1204 1567 1275 ἐπιθυμίας
1598 1226 1732 1261 παν·

158 1288 327 1357 τελὴς
377 1290 632 1357 ἀκινησία
674 1288 799 1359 [σοι.
860 1289 1066 1363 ὲξορία]
1120 1293 1212 1345 καὶ
1264 1294 1563 1365 νέκρωσιςο
1607 1293 1731 1371 ὲνῇ

160 1378 468 1447 γενόμενοι,
517 1380 614 1441 τὰς
664 1381 930 1450 ἀπρεπεῖς
973 1382 1066 1434 τοῦ
1114 1382 1282 1453 θυμοῦ
1337 1389 1733 1457 κατευνάζομεν

163 1469 396 1533 ὐλακάς,
431 1470 530 1521 ούκ
556 1470 767 1539 ἔχοντος
792 1470 870 1523 ἔτι
895 1471 1265 1541 διεγείρουσαν
1296 1476 1475 1543 αὐτὸν,
1511 1484 1603 1531 καὶ
1628 1481 1733 1533 τῶν

161 1559 382 1613 οἰκείων
417 1560 615 1628 ἡδονῶν
645 1560 1145 1630 ὑπεραγωνίζεσθαι
1179 1565 1466 1619 πείθουσαν
1490 1568 1587 1639 τὴν
1620 1573 1735 1623 ἐπι-

163 1650 392 1717 ϐωμίαν,
431 1651 530 1721 ἤδη
569 1654 631 1721 τῇ
680 1653 820 1705 κατά
846 1654 937 1706 τὸν
967 1653 1123 1721 λόγον
1160 1656 1403 1726 ἁγιότητι
1454 1662 1736 1730 νεκρωθεῖ-

165 1757 291 1792 σαν.
331 1741 485 1792 Κατὰ
518 1742 677 1808 φύσιν
710 1743 817 1813 γὰρ
862 1745 959 1814 τῆς
986 1746 1277 1816 ἐπιθυμίας
1312 1728 1566 1818 ὑπάρχων
1596 1751 1735 1805 ἔχει·
1767 1728 1807 1781 Β

164 1848 265 1894 κος
304 1834 331 1885 ὁ
358 1832 544 1902 θυμὸς,
570 1833 661 1886 τοῦ
694 1835 976 1903 μαίνεσθαι
1009 1837 1275 1891 παύεσθαι
1305 1825 1568 1908 πέφυκεν,
1597 1844 1735 1915 ὁπη-

163 1923 295 1976 νίκα
327 1922 528 1994 ταύτην
566 1924 649 1997 ἴδῃ
678 1926 1106 1998 νενεκρωμένην.

243 2124 480 2188 Εἰκότως
519 2120 633 2189 οῦν,
677 2129 743 2197 τῇ
795 2126 888 2179 τοῦ
938 2126 1111 2197 θυμοῦ
1155 2128 1247 2182 καὶ
1298 2129 1398 2199 τῆς
1445 2130 1736 2202 ἐπιθυμίας

162 2214 442 2285 άποὸολῇ,
488 2216 548 2268 τὸ
593 2216 691 2286 τῆς
742 2216 1017 2285 βασιλείας
1056 2218 1148 2270 τοῦ
1192 2218 1325 2271 Θεοῦ
1381 2220 1474 2272 καὶ
1525 2222 1734 2291 Πατρός

164 2306 311 2358 κατά
340 2306 435 2375 τὴν
480 2307 783 2377 προσευχὴν
831 2309 1127 2376 ἐπιγίνεται
1175 2311 1390 2380 κράτος,
1438 2315 1551 2375 τοῖς
1598 2313 1733 2381 μετά

162 2395 266 2466 τὴν
290 2395 491 2450 τούτων
523 2396 778 2449 ἀπόθεσιν
802 2397 977 2465 λέγειν
1010 2398 1363 2468 ἀξιουμένοις,
1409 2401 1658 2454 Ἐλθέτω
1694 2402 1731 2466 ἢ

162 2488 449 2552 βασιλεία
481 2504 597 2541 σου
622 2503 635 2517 ⁸
670 2489 943 2555 τουτέστι,
970 2490 1031 2541 τὸ
1066 2490 1285 2558 Πνεῦμα
1332 2491 1390 2543 τὸ
1419 2493 1601 2557 ἅγιον·
1631 2493 1729 2562 ἤδη

161 2578 246 2648 τῷ
287 2578 386 2646 τῆς
417 2578 720 2647 πραότητος
752 2578 891 2647 λόγῳ
928 2596 986 2631 τε
1018 2580 1111 2632 καὶ
1141 2582 1325 2649 τρόπῳ
1364 2597 1459 2634 ναο
1471 2580 1731 2649 ποιηθεῖσι

161 2669 247 2739 τῷ
270 2669 385 2739 Θεῷ
412 2670 498 2722 διὰ.
546 2670 638 2723 τοῦ
686 2670 1016 2740 Πνεύματος.
1081 2671 1211 2724 Ἐπὶ
1251 2674 1385 2725 τίνα
1421 2672 1550 2744 γὰρ,
1577 2678 1728 2744 φησὶ,

162 2762 553 2824 καταπαύσω,
583 2761 719 2815 ἀλλ’
751 2761 789 2830 ἣ
819 2762 917 2815 ἐπὶ
946 2763 1050 2816 τὸν
1080 2762 1273 2830 πρᾶον
1299 2764 1396 2818 καὶ
1426 2769 1727 2835 ταπεινὸν,

160 2852 267 2906 καὶ
301 2852 586 2921 τρέμοντά
600 2869 717 2920 μου
743 2853 883 2917 τοὺς
918 2857 1175 2923 λόγους
1222 2856 1294 2919 ὡς
1328 2858 1573 2910 ἐντεῦθεν
1594 2856 1731 2913 εἷναι

158 2943 438 3011 δῆλον,ὄτι
470 2942 578 2995 τῶν
608 2944 875 2995 ταπεινῶν
906 2944 998 2997 καὶ
1021 2946 1237 3014 πραέων
1259 2949 1403 3001 ἐστὶν
1433 2948 1731 3019 ήβασιλεία

1847 600 1973 639 men
2013 586 2131 654 ejus
2165 585 2220 638 in
2265 594 2430 643 terra,
2467 582 2753 651 ipsumque
2798 582 3118 648 referentes,
3152 591 3315 652 atque
3346 583 3411 637 li-

1838 673 1949 728 lios
1977 674 2109 743 ipsis
2137 689 2240 727 nos
2276 672 2555 740 operibus,
2580 670 2932 735 exhibentes;
2974 668 3244 738 hujusque
3274 670 3412 725 adeo

1836 770 2119 819 auctorem
2150 761 2458 830 adoptionis
2496 759 2794 813 naturalem
2831 759 3006 812 Patris
3040 759 3256 822 Filium,
3284 760 3411 828 qui-

1835 854 1948 911 buzt
1981 853 2337 923 intelligimus
2378 860 2540 906 autve
2569 850 2803 922 agimus,
2836 850 3263 920 magniﬁcantes.

1898 945 2270 1007 Sattctiﬁcetur
2295 961 2482 998 nomen
2509 951 2673 997 tuum.
2693 973 2761 982 —
2778 942 3190 998 Sanctiﬁcamus
3204 959 3270 998 au
3279 952 3408 1007 tem,

1829 1038 1948 1107 ejus
1966 1039 2057 1106 qui
2084 1040 2140 1093 in
2154 1036 2307 1091 cmlis
2322 1044 2427 1100 est,
2456 1035 2643 1104 gratiae
2659 1034 2823 1097 dono,
2843 1035 3018 1089 Patris
3034 1051 3255 1101 nomen,
3278 1037 3409 1091 dum

1830 1127 2039 1182 scilicet
2084 1135 2361 1181 terrenam
2389 1125 2740 1195 cupiditatem
2767 1123 3193 1191 mortiﬁcamus,
3242 1138 3408 1196 atque

1831 1218 1899 1277 ab
1926 1219 2171 1273 exitiosis
2192 1217 2484 1274 aﬂ‘ectibus
2515 1216 2773 1285 vitiisque
2795 1217 3195 1283 emundamur;
3230 1234 3407 1286 quan-

1831 1310 2126 1380 doquidem
2176 1311 2229 1364 in
2269 1324 2336 1366 eo
2370 1309 2545 1378 posita
2576 1309 2836 1363 sanctitas
2860 1316 2965 1372 est,
3002 1318 3062 1362 ut
3085 1324 3207 1377 qua:
3235 1324 3405 1363 sensu

1832 1414 2118 1461 exercetur
2156 1406 2448 1474 cupiditas,
2484 1403 2630 1457 omni
2660 1410 3061 1471 prorsusmotu
3095 1402 3411 1456 inhibeatur

1834 1513 1897 1552 ac
1923 1498 2332 1567 exstinguatur;
2380 1506 2545 1565 atque
2598 1494 2652 1548 id
2676 1494 2977 1559 consecuti,
3004 1493 3294 1548 indecoros
3316 1493 3411 1549 irae

1834 1587 2065 1642 latratus
2090 1588 2343 1642 sedamus
2363 1628 2377 1651 ,
2426 1601 2551 1641 cum
2579 1586 2747 1654 ipsam
2769 1584 3093 1639 excitantem
3127 1584 3410 1653 ipsiusque

1836 1678 2129 1733 libidinum
2168 1693 2333 1731 causa
2383 1690 2627 1746 pugnare
2664 1674 2988 1729 suadentem
3029 1674 3405 1746 cupiditatem,

1837 1769 2066 1823 rationis
2104 1768 2395 1822 sanctitate
2436 1768 2546 1837 jam
2583 1765 2968 1820 mortilieatam
3007 1773 3173 1834 atque
3198 1744 3408 1819 exstin-

1837 1870 2007 1925 ctam,
2045 1860 2186 1913 ultra
2221 1876 2327 1913 non
2362 1859 2681 1913 habeamus.
2740 1857 2824 1911 Ira
2855 1855 3022 1919 enim,
3059 1870 3182 1923 quae
3212 1864 3406 1908 natura

1836 1951 2036 2005 vindex
2068 1949 2387 2019 cupiditatis
2410 1949 2658 2011 exsistat,
2711 1947 2805 2000 ubi
2834 1961 2956 2000 eam
2984 1945 3186 1999 viderit
3210 1944 3409 1998 morti-

1838 2042 2073 2107 ﬁcatam,
2107 2048 2301 2110 suopte
2327 2040 2488 2110 genio
2516 2039 2702 2093 furere
2730 2035 2955 2091 desinit.

1905 2146 2164 2201 Adveniet
2195 2159 2411 2213 regnum
2436 2150 2603 2197 tuum.
2632 2170 2702 2180 --
2735 2138 2928 2193 Merito
2951 2136 3117 2207 igitur
3145 2133 3406 2205 ablegatis

1835 2246 1997 2307 atque
2019 2235 2257 2291 extrusis
2292 2234 2373 2289 ira
2398 2249 2461 2288 ac
2483 2231 2806 2302 cupiditate,
2838 2229 2935 2283 Dei
2965 2244 3029 2283 ac
3052 2228 3231 2282 Patris
3252 2227 3404 2296 regni

1836 2336 2077 2398 potestas
2129 2327 2182 2380 in
2213 2326 2463 2380 oratione
2495 2323 2777 2392 sequitur,
2835 2320 3012 2388 iisque
3053 2317 3267 2372 accedit
3311 2316 3403 2385 qui

1834 2426 1958 2488 post
1990 2419 2111 2472 illas
2140 2418 2380 2487 abiectas
2427 2415 2614 2469 dicere
2648 2418 2930 2466 merentur
2968 2427 2981 2462 :
3019 2408 3275 2463 Adveniet
3320 2422 3403 2459 re-

1834 2523 1995 2577 gnum
2021 2514 2189 2569 tuum,
2227 2505 2331 2558 hoc
2355 2510 2457 2568 est,
2495 2501 2732 2570 Spiritus
2754 2510 3015 2565 sanctus;
3070 2498 3164 2566 qui
3192 2497 3405 2551 scilicet

1835 2597 2135 2652 mansuetis
2176 2595 2426 2649 moribus
2478 2592 2532 2645 in
2576 2592 2669 2645 Dei
2695 2590 2957 2660 templum
3008 2603 3108 2659 per
3140 2586 3403 2658 Spiritum

1834 2687 2133 2744 constructi
2159 2695 2286 2741 sunt
2303 2687 2343 2718 ¹⁹
2371 2704 2383 2739 :
2414 2683 2584 2755 Super
2604 2699 2756 2753 quem
2777 2682 2945 2743 enim,
2976 2680 3174 2749 inquit,
3198 2681 3405 2749 requie-

1833 2796 1997 2843 scam,
2029 2779 2129 2832 nisi
2151 2793 2307 2847 super
2332 2784 2663 2830 mansuetum
2687 2781 2736 2827 et
2757 2771 3006 2825 humilem
3030 2780 3077 2824 et
3098 2779 3403 2825 trementem

1832 2884 2095 2923 sermones
2119 2884 2256 2922 meos
2275 2868 2359 2919 '°?
2414 2875 2474 2920 ut
2504 2865 2631 2920 inde
2657 2863 3007 2918 manifestum
3031 2862 3128 2928 sit,
3173 2877 3403 2931 regnum

1833 2960 1929 3015 Dei
1944 2976 2007 3015 ac
2026 2961 2202 3014 Patris
2227 2974 2418 3014 eorum
2436 2972 2557 3011 esse
2574 2956 2665 3025 qui
2686 2954 2922 3008 humiles
2938 2960 3067 3007 sunt
3080 2962 3135 3008 et
3151 2967 3400 3007 mansue-

159 3032 260 3085 τοῦ
276 3033 407 3085 Θεοῦ
421 3033 514 3085 καὶ
531 3033 758 3103 Πατρός.
773 3033 1058 3102 Μακάριοι
1084 3036 1209 3106 γὰρ,
1231 3041 1415 3106 φησιν,
1434 3042 1488 3093 οἱ
1503 3039 1729 3107 πραεῖς,

1837 3051 1898 3106 ιί.
1931 3050 2081 3104 Beati
2106 3049 2277 3112 enim,
2314 3047 2513 3117 inquit,
2550 3048 2720 3111 mites,
2768 3044 3019 3115 quoniam
3047 3043 3147 3112 ipsi
3174 3043 3399 3112 posside-

160 3125 254 3177 ὁτι
296 3124 462 3177 αὐτοὶ
498 3124 1023 3193 κληρονομήσουσι
1060 3126 1173 3193 τὴν
1217 3127 1350 3197 γῆν.
1395 3130 1502 3199 Γῆν
1532 3129 1731 3199 ταύτην

159 3215 263 3287 τὴν
295 3215 434 3269 κατά
481 3215 639 3282 φύσιν
674 3208 843 3287 μέσην
888 3216 978 3270 τοῦ
1013 3223 1212 3282 παντὸς
1250 3221 1623 3274 ἀπολαϐοῦσαν
1654 3220 1726 3274 θέο

162 3324 253 3360 σιν
291 3307 320 3358 ὁ
366 3306 500 3368 Θεὸς
545 3307 645 3359 οὐκ
693 3308 1055 3376 ἐπηγγείλατο
1093 3312 1205 3374 τοῖς
1258 3312 1543 3378 ἀγαπῶσιν
1570 3312 1731 3365 αὐτὸν

162 3396 563 3466 κληρονομίαν·
621 3398 777 3467 εἴπερ
823 3398 1074 3475 ἀληθεύει
1120 3401 1361 3468 φάσκων,
1395 3402 1580 3455 Ὅταν
1622 3401 1731 3472 γὰρ

162 3486 233 3539 ἐκ
292 3483 521 3553 νεκρῶν
574 3484 955 3552 ἀναστῶσιν,
1010 3488 1148 3541 οὔτε
1210 3491 1536 3557 γαμοῦσιν,
1595 3493 1733 3546 οὕτε

163 3574 499 3645 γαμίζονται
527 3594 541 3608 ο
573 3577 711 3631 ἀλλ’
738 3578 897 3631 εἰσιν
924 3578 1004 3643 ὡς
1032 3580 1289 3648 ἄτῃ-ελοὶι
1306 3582 1374 3634 ἐν
1410 3584 1535 3649 τοῖς
1559 3587 1734 3653 οὐρα-

163 3667 313 3732 νοῖς.
345 3668 472 3730 Καὶ,
503 3668 679 3722 Δεῦτε
709 3670 763 3721 οὶ
784 3667 1172 3738 εὐλογημένοι
1207 3670 1313 3723 τοῦ
1341 3674 1569 3739 Πατρός
1587 3690 1727 3741 μου.

164 3757 657 3826 κληρονομήσατε
693 3759 809 3826 τὴν
859 3759 1307 3827 ἡτοιμασμένην
1360 3762 1503 3828 ὑμῖν
1551 3764 1733 3826 ,βασι-

163 3849 336 3903 λείαν
375 3849 491 3902 ἀπὸ
540 3849 878 3917 καταϐολῆς
915 3850 1167 3917 κόσμου.
1212 3852 1321 3904 Καὶ
1354 3852 1585 3921 ἀλλαχοῦ
1627 3854 1732 3906 πά-

164 3949 249 3993 λιν
298 3940 468 4010 ἑτέρῳ
512 3940 628 4010 μετ’
676 3942 888 4003 εὐνοίας
935 3940 1295 4006 δουλεύσαντι,
1351 3942 1604 3997 Εῖσελθε
1646 3946 1733 4008 εἰς

162 4032 280 4099 τὴν
322 4032 514 4101 χαρὰν
556 4034 664 4086 τοῦ
708 4034 931 4100 Κυρίου
978 4050 1114 4087 σου.
1166 4035 1276 4087 Καὶ
1333 4037 1453 4105 μετ’
1496 4036 1655 4088 αὐτὸν
1704 4038 1733 4089 ό

160 4125 307 4183 θεῖος
349 4125 685 4189 Ἀπόστολος,
721 4126 1013 4179 Σαλπίσει
1041 4126 1170 4194 γὰρ,
1204 4127 1301 4179 καὶ
1336 4131 1391 4181 οἱ
1437 4126 1634 4194 νεκροὶ
1663 4128 1732 4181 ἐν

156 4217 414 4286 Χριστῷ,
451 4217 667 4285 πρῶτοι
699 4217 1121 4286 ἐγερθήσονται
1158 4219 1461 4287 ἄφθαρτοι.
1496 4220 1733 4272 Ἔπειτα

160 4308 336 4378 ἡμεῖς
390 4314 443 4363 οἱ
485 4307 729 4374 ζῶντες,
782 4310 837 4362 οί
884 4310 1380 4377 περιλειπόμενοι,
1437 4306 1558 4376 ἅμα
1609 4308 1731 4363 σὺν

1832 3141 1959 3195 bunt
2003 3140 2275 3195 terram".
2342 3138 2564 3192 Terram
2596 3137 2776 3203 hanc,
2834 3150 2957 3204 quae
3008 3150 3108 3203 per
3152 3141 3402 3187 naturam

1832 3232 2072 3288 medium
2102 3230 2345 3285 universi
2372 3230 2538 3299 hujus
2566 3228 2732 3282 situm
2763 3233 2921 3281 nacta
2945 3233 3050 3289 est,
3086 3224 3231 3277 haud
3260 3224 3401 3280 Deus

1834 3328 1902 3381 iis
1942 3321 2326 3393 possidendam
2370 3318 2625 3389 promisit
2667 3318 2761 3388 qui
2790 3317 2968 3386 ipsum
2993 3314 3265 3385 diligunt;
3309 3331 3401 3369 νε-

1832 3430 1928 3470 rax
1953 3414 2157 3483 quippe
2182 3420 2265 3465 est
2297 3411 2391 3479 qui
2418 3409 2496 3463 ait
2526 3426 2539 3462 :
2568 3408 2699 3463 Cum
2726 3409 2864 3462 enim
2891 3407 3291 3471 resurrcxerint,
3319 3422 3411 3458 ne-

1832 3515 1929 3569 que
1959 3499 2180 3561 nubunt,
2216 3512 2382 3566 neque
2411 3496 2597 3563 nuptui
2626 3496 2913 3549 truduntur
2936 3534 2951 3557 ,
3005 3495 3097 3548 sed
3118 3503 3242 3548 sunt
3274 3494 3407 3547 sicut

1829 3589 2003 3659 angeli
2035 3590 2089 3642 in
2118 3587 2349 3653 cazlis";
2409 3593 2495 3648 et,
2550 3586 2748 3650 Venite,
2785 3585 3039 3639 benedicti
3065 3584 3242 3638 Patris
3268 3586 3400 3649 mei,

1830 3679 2084 3748 possidete
2115 3686 2367 3748 paratum
2391 3677 2530 3731 vobis
2555 3693 2773 3747 regnum
2805 3694 2837 3730 a
2864 3676 3231 3730 constitutione
3253 3692 3397 3729 mun-

1830 3770 1885 3822 di
1905 3770 1972 3821 ".
2018 3769 2141 3823 Alio
2172 3784 2392 3838 quoque
2423 3783 2619 3822 rursus
2642 3770 2786 3834 loco,
2822 3768 2983 3822 alteri
3016 3770 3109 3835 qui
3142 3767 3400 3824 benevole

1828 3858 1973 3910 servi
2000 3872 2201 3911 munus
2226 3858 2441 3911 obicrat
2459 3875 2473 3910 :
2492 3856 2645 3910 Intra
2664 3857 2717 3909 in
2740 3857 2993 3926 gaudium
3015 3856 3225 3909 Domini
3247 3858 3323 3909 tui
3340 3855 3401 3911 ³⁸.

1830 3948 1961 4001 Post
2008 3962 2172 4016 quem
2224 3948 2394 4001 etiam
2433 3946 2655 4001 divinus
2681 3947 2978 4014 Apostolus
3019 3962 3032 3997 :
3070 3943 3235 3999 Canet
3266 3946 3401 3999 enim

1830 4039 1953 4090 tuba
1978 4054 1995 4101 ;
2061 4044 2111 4089 et
2142 4036 2332 4090 mortui
2358 4034 2447 4107 qui
2472 4036 2527 4089 in
2551 4034 2756 4091 Christo
2776 4043 2900 4089 sunt
2926 4041 3199 4102 resurgent
3223 4034 3399 4102 primi.

1832 4127 1991 4196 352
2028 4126 2224 4180 Deinde
2254 4144 2347 4181 nos
2378 4128 2466 4197 qui
2492 4127 2729 4191 vivimus,
2763 4126 2853 4195 qui
2882 4124 3075 4178 residui
3097 4139 3297 4188 sumus,
3329 4123 3396 4175 si-

1830 4214 1941 4269 mul
1998 4217 2266 4286 rapiemur
2311 4232 2429 4269 cum
2465 4214 2572 4268 illis
2620 4214 2825 4268 obviam
2860 4212 3086 4268 Domino
3140 4213 3196 4266 in
3239 4228 3400 4279 aera,

1833 4316 1880 4361 et
1902 4309 1976 4362 sic
2009 4324 2215 4378 semper
2239 4324 2359 4362 cum
2389 4308 2611 4361 Domino
2633 4307 2826 4360 erimus
2841 4307 2911 4361 ".

159 4402 367 4468 αὐτοῖς
417 4404 884 4471 ἁρπαγησόμεθα
923 4402 991 4455 ἐν
1027 4402 1306 4473 νεφέλαις
1349 4404 1437 4469 εἰς
1497 4402 1841 4471 ἀπάντησιν
1884 4406 1991 4457 τοῦ
2026 4404 2243 4472 Κυρίου
2275 4406 2362 4469 εἰς
2392 4402 2557 4471 ἀέρα,
2593 4402 2692 4455 καὶ
2739 4401 2892 4456 οὕτω
2953 4400 3211 4455 πάντοτε
3280 4398 3397 4454 σὺν

162 4499 354 4564 Κιρίῳ
382 4498 656 4567 ἐσόμεθα.

231 4588 445 4642 Τούτων
490 4585 584 4643 οῦν
627 4588 800 4653 οὕτως
844 4587 1265 4659 ἐπηγγελμένων
1311 4591 1423 4651 τοῖς
1469 4590 1722 4659 ἀγαπῶσι

1897 4590 2034 4645 Cum
2079 4589 2195 4644 haec
2244 4588 2427 4658 itaque
2484 4602 2611 4643 eum
2654 4587 2706 4641 in
2742 4585 2965 4642 modum
2994 4584 3262 4654 promissa
3289 4583 3396 4640 sint

156 4681 252 4733 τὸν
290 4682 512 4750 Κύριον.
545 4681 630 4744 τίς
665 4682 807 4752 μόνῳ
834 4680 911 4752 τῷ
952 4678 1097 4751 ρητῷ
1149 4679 1248 4748 τῆς
1282 4680 1504 4750 Γραφῆς
1550 4699 1719 4752 προσ-

155 4770 374 4840 ηλώσας
400 4770 490 4823 τὸν
516 4770 659 4834 νοῦν,
684 4772 774 4823 τὸν
798 4772 1041 4842 οὐρανὸν,
1068 4766 1163 4821 καὶ
1186 4768 1283 4838 τὴν
1316 4770 1719 4841 ἡτοιμασμένην

132 4860 270 4932 κάπὸ
304 4862 602 4931 καταϐολῆς
630 4862 834 4932 κόσμου
875 4860 1168 4929 βασιλείαν,
1210 4860 1301 4913 καὶ
1332 4861 1430 4930 τὴν
1471 4862 1562 4913 τοῦ
1608 4864 1719 4915 Ku-

110 4926 279 5025 βθρίσδ
338 4926 615 5021 μυστικῶς
677 4926 1166 5021 ἀποκεκρυμμένην
1220 4926 1427 5020 χαράν,
1484 4952 1575 5004 καὶ
1624 4952 1721 5022 τὴν

152 5043 377 5112 διηνεκῆ
430 5044 525 5096 καὶ
574 5039 847 5102 παντελῶς
887 5040 1207 5093 ἀδιάστατον
1254 5041 1349 5094 σὺν
1383 5042 1570 5112 Κυρίῳ
1616 5043 1722 5097 τῶν

153 5130 324 5196 ἀξίων
369 5133 535 5202 μονήν
578 5149 636 5184 τε
666 5130 759 5181 καὶ
805 5129 1031 5200 ἵδρυσιν,
1066 5130 1257 5183 ταυτόν
1289 5132 1405 5184 ποτ’
1457 5131 1523 5185 ἂν
1559 5135 1625 5203 τῇ
1652 5136 1719 5205 γῇ

152 5223 372 5291 ςρήσειε,
391 5223 533 5290 λόγῳ
557 5218 893 5289 κινούμενος,
922 5221 1016 5274 καὶ
1040 5220 1196 5288 λόγου
1224 5221 1559 5292 θεραπευτὴς
1584 5220 1721 5276 εἶναι

154 5313 359 5379 ποθῶνς
405 5310 559 5367 Ἀλλά
589 5309 684 5363 νῦν
707 5311 808 5382 γῆν
834 5311 1061 5379 φάσκειν
1088 5307 1263 5380 οἶμαι,
1282 5312 1378 5382 τὴν
1400 5313 1601 5380 παγίαν
1631 5315 1722 5368 καὶ

153 5406 430 5467 παντελῶς
483 5402 817 5473 ἀμετάθετον
858 5404 930 5475 (l)
984 5403 1089 5457 ἀπὸ
1121 5404 1214 5458 τοῦ
1264 5403 1426 5457 καλοῦ
1476 5405 1572 5475 τῆς
1615 5406 1723 5458 τῶν

232 5524 279 5558 ¹⁹
304 5522 504 5591 Ephes.
536 5537 595 5585 ιι,
628 5520 718 5576 21.

153 5596 201 5626 ³⁸
235 5591 257 5645 I
284 5591 409 5646 Cor.
442 5608 530 5657 xv,
560 5592 663 5657 52;
694 5591 929 5647 lThess.
960 5608 1031 5658 tv,
1065 5593 1149 5659 15,
1180 5593 1264 5649 16.

791 5522 838 5554 ⁸⁸
868 5521 969 5577 Isa.
1004 5538 1142 5586 LXVI,
1174 5524 1228 5577 2.
1305 5525 1348 5555 ²¹
1378 5523 1566 5580 Matth.
1600 5541 1651 5580 γ.
1688 5526 1721 5580 4
1759 5567 1773 5581 .

1823 4680 1911 4735 his
1937 4679 2031 4750 qui
2052 4680 2289 4750 diligunt
2307 4679 2621 4743 Dominum,
2655 4678 2796 4747 quis,
2824 4677 2918 4732 uni
2942 4676 3236 4746 Scriptura:
3251 4676 3399 4731 dicto

1824 4771 2046 4842 atiigens
2064 4772 2328 4833 animum,
2366 4770 2588 4833 coelum,
2614 4775 2977 4837 paratumque
3000 4782 3032 4821 a
3052 4767 3241 4822 mundi
3265 4783 3395 4822 eon-

1820 4862 2105 4917 stitutione
2134 4876 2385 4931 regnum,
2420 4876 2484 4915 ac
2513 4860 2729 4917 Domini
2758 4858 2985 4930 mystice
3013 4857 3397 4911 absconditum

1820 4953 2080 5021 gaudium
2102 4992 2115 5016 ,
2168 4952 2296 5021 juge
2320 4951 2557 5019 denique
2592 4964 2931 5019 prorsusque
2952 4947 3246 5003 indivisum
3272 4963 3395 5001 cum

1824 5030 2054 5099 Domino
2101 5058 2293 5097 eorum
2331 5042 2425 5111 qui
2456 5041 2607 5111 digni
2640 5049 2806 5096 erunt
2850 5037 3277 5093 contubernium
3304 5053 3394 5092 se-

1822 5134 2049 5204 desque.
2098 5134 2245 5189 idem
2276 5148 2517 5202 unquam
2550 5133 2699 5187 dicat
2717 5147 2839 5186 esse
2868 5145 2934 5185 ac
2958 5138 3129 5192 terra,
3157 5129 3202 5183 si
3229 5128 3395 5184 modo

1823 5225 2035 5280 ratione
2067 5225 2321 5290 ducatur,
2347 5240 2412 5279 ac
2440 5223 2603 5278 Verbi
2636 5222 2814 5277 cultor
2833 5235 2955 5275 esse
2981 5218 3228 5273 ambiat?
3288 5218 3393 5273 Ve-

1823 5332 1944 5369 rum
1976 5317 2080 5370 hoc
2108 5317 2228 5371 loco
2264 5325 2465 5370 ternm
2497 5329 2693 5369 vocare
2720 5312 2978 5375 arbitror,
3012 5310 3227 5363 tirninm
3250 5309 3393 5364 etab

1824 5408 2042 5463 honesti
2080 5422 2306 5477 prorsus
2341 5406 2557 5462 ratione
2603 5402 3051 5459 indemutabilem
3077 5408 3391 5457 mansueto-

1849 5527 1894 5558 “
1924 5525 2112 5579 Matth.
2146 5542 2272 5591 xxn,
2304 5525 2392 5582 '50.
2469 5524 2514 5556 "
2541 5522 2730 5577 Matth.
2769 5536 2889 5587 xxv,
2920 5518 3009 5573 54.
3084 5517 3131 5549 ³⁵
3152 5516 3293 5572 ibid.
3323 5515 3386 5571 21
3476 5512 3483 5519 ’

222 5707 438 5787 (1)-Ῐὴν
466 5710 688 5778 παγίαν
721 5710 817 5787 καὶ
842 5711 1237 5787 ἀμετάθετον.
1268 5714 1403 5770 Male
1429 5718 1543 5773 Cat.
1584 5734 1720 5771 πλνα

1834 5736 1870 5783 ι,
1915 5725 2177 5783 sanctum,
2238 5731 2355 5787 pro,
2398 5715 2634 5785 ﬁrmum,
2698 5721 2758 5768 ut
2807 5721 2862 5768 et
2924 5710 3235 5781 εύτερφίαν,
3294 5724 3390 5780 pro

149 5778 440 5851 ἀτρειξαίειν,
476 5796 598 5849 qua:
614 5781 797 5835 omnia
826 5781 1387 5853 dccoquitintcrprcs.
