3932 6326
219 278 329 357 ζ89

1210 286 1615 363 EXPOSITIO
1653 289 2067 352 ORATIOle
2104 292 2516 371 DOMINICAI.
2578 307 2584 315 ‘

3360 291 3470 355 890

218 413 238 443 -:
256 391 446 479 ὴνμὶν
481 393 754 466 μηλωτὴν,
788 397 930 468 φημὶ
951 397 1008 452 δὲ
1032 399 1131 471 τῆς
1161 402 1361 474 σαρκὸς
1380 405 1478 476 τὴν
1509 406 1788 477 νέκρωσιν,

1898 407 2121 478 quidem
2180 408 2400 479 (carnis
2442 406 2652 463 scilicet
2700 401 3173 468 mortiﬁcationem
3200 443 3215 468 ,
3275 402 3331 457 in
3364 420 3475 473 qua

220 478 348 558 ἐνῇ
392 483 454 536 τὸ
494 486 904 558 μεγαλοπρεπὲς
942 491 1161 563 πέπηγε
1214 495 1315 564 τῆς
1354 497 1551 569 ἠθικῆς
1584 502 1788 571 κοσμιό-

1900 500 2121 554 moralis
2158 478 2461 555 honestatis
2515 498 2618 552 ﬁxa
2648 496 3047 568 magniﬁcentia
3073 495 3194 563 est)
3252 495 3477 552 interim

225 590 407 663 τητρς.
442 577 590 655 msh
608 578 707 647 τὴν
734 580 991 652 ἁρπαγὴν
1031 583 1327 654 Ἐλισσαίῳ
1350 588 1523 657 διδοὺς
1552 592 1630 655 εἰς
1661 594 1799 663 συμ-

223 662 427 730 μαχίαν
508 663 603 717 τοῦ
657 668 965 737 πνεύματος
1006 673 1149 727 κατά
1188 676 1369 745 πάσης
1411 662 1791 753 ἀντικειμένης

221 753 542 859 δυινάμεωςι
570 758 665 859 mi
708 759 924 859 ππηγὴν
973 764 1068 834 τῆς
1127 767 1360 827 ἀστάτου
1416 771 1508 824 καὶ
1566 773 1798 845 ῥεούσης

221 844 440 937 φύσεως
461 863 475 878 ⁸
508 843 577 919 ἦς
604 850 773 914 τύπος
806 852 1048 925 ὑπῆρχεν
1068 858 1097 909 ὁ
1136 859 1439 931 ’ῐωρδάνης,
1474 864 1606 935 πρὸς
1632 866 1691 918 τὸ

220 936 480 1007 σχεθῆναι
510 939 603 991 τὸν
635 940 882 1014 μαθητὴν
927 946 1025 1015 τῆς
1052 948 1186 1018 πρὸς
1210 951 1308 1019 τὴν
1337 953 1498 1021 ἁγίαν
1524 955 1626 1025 γῆν
1675 936 1794 1009 διαέ

163 1079 188 1100 ο
219 1027 457 1092 ϐάσεως,
506 1030 585 1100 τῷ
620 1031 824 1104 θολερῷ
850 1053 907 1089 τε
929 1038 1021 1091 καὶ
1050 1041 1317 1115 ὀλισθηρῷ
1364 1047 1794 1114 περικλυοθέντα

219 1119 326 1187 τῆς
350 1120 458 1173 τῶν
485 1122 683 1177 ὑλικῶν
716 1129 1091 1197 προσπαθείας
1110 1149 1123 1162 ·
1180 1137 1339 1201 αὑτὸς
1367 1138 1421 1191 δὲ
1445 1138 1635 1209 χωρῶν
1660 1142 1794 1211 πρὸς

218 1211 317 1263 τὸν
372 1211 505 1266 Θεὸν
550 1214 755 1287 ἀνετος,
801 1219 979 1274 οὐδενὶ
1009 1223 1115 1276 τῶν
1142 1224 1310 1280 ὄντων
1345 1230 1624 1293 παντελῶς
1653 1233 1795 1293 κατά

217 1303 327 1373 τὴν
358 1305 542 1375 σχέσιν
574 1309 965 1379 κρατούμενος,
1002 1314 1205 1378 ἁπλοῦς
1242 1335 1300 1370 τε
1340 1318 1438 1387 τὴν
1483 1319 1666 1388 ἔφεσιν
1701 1323 1794 1375 καὶ¹

218 1392 321 1462 τὴν
350 1392 572 1463 γνώμην
601 1397 912 1467 ἀσύνθετος,
952 1403 1089 1473 πρὸς
1132 1405 1222 1458 τὸν
1269 1406 1474 1462 ἁπλοῦν
1504 1412 1570 1480 τῇ
1612 1411 1791 1481 φύσει,

216 1483 310 1537 διὰ
362 1486 471 1538 τῶν
506 1486 849 1560 ἀλληλούχων
898 1495 1133 1561 γενικῶν
1182 1498 1413 1568 ἀρετῶν,
1479 1505 1794 1569 γνωστικῶς

216 1574 479 1645 ἀλλήλαις
494 1582 904 1649 συνῃρημένων,
940 1585 1013 1649 ὡς
1048 1586 1229 1641 ἵππων
1258 1591 1499 1660 πυρίνων
1525 1592 1621 1663 τὴν
1645 1595 1794 1664 ἐνδη-

218 1666 355 1734 μίαν
413 1668 755 1740 ποιούμενος,
806 1675 988 1741 Ἔγνω
1033 1678 1140 1748 γὰρ
1194 1681 1275 1733 ὅτι
1323 1681 1404 1734 δεῖ
1432 1682 1510 1752 τῷ
1536 1684 1788 1754 τΧριστοῦ

221 1757 449 1849 μαθητῇ,
487 1735 608 1831 [F
652 1735 897 1831 alterque.
930 1735 1059 1835 Reg:
1105 1735 1195 1823 τὸν
1242 1736 1493 1842 Χριστοῦ⁸
1520 1735 1793 1849 μαὸήτῆἧ
1825 1735 1864 1791 Β

219 1846 581 1915 ἀπογενέσθαι
606 1852 707 1915 τὰς
734 1853 953 1920 ἀνίσους
989 1857 1256 1925 διαθέσεις
1302 1864 1399 1933 (3),
1440 1857 1513 1917 ὧν
1543 1867 1575 1936 ή
1605 1846 1795 1930 arma;

222 1937 387 2007 ρότης
408 1938 619 2011 ἐλέγχει
655 1942 752 2014 τὴν
776 1944 1130 2018 ἀλλοτρίωσιν
1153 1967 1169 1980 ·
1215 1953 1374 2024 εἴπερ
1407 1954 1650 2026 διάχυσιν
1695 1957 1795 2028 μὲν

217 2029 315 2079 τοῦ
340 2029 467 2098 περὶ
501 2031 728 2101 καρδίαν
752 2035 983 2106 αἵματος
1015 2038 1077 2091 τὸ
1114 2043 1234 2094 κατ’
1260 2043 1555 2115 ἐπιθυμίαν
1586 2047 1790 2111 πάθοςο

219 2114 452 2208 αἵματος
496 2118 554 2171 δὲ
602 2118 769 2183 ζέσιν,
831 2127 1148 2197 κινούμενον
1201 2132 1391 2201 σαφῶς
1430 2114 1508 2188 τὸ
1564 2136 1794 2208 θυμικὸν

220 2205 627 2299 ἀπεργάζεται·
687 2213 780 2267 καὶ
831 2214 1042 2281 φθάσας
1099 2216 1186 2274 οἷα
1233 2222 1297 2292 δὴ
1348 2223 1456 2288 ζῶν
1485 2226 1543 2279 ὲν
1575 2205 1795 2299 Χριστῷ

221 2295 319 2349 καὶ
337 2300 656 2369 κινούμενος
688 2303 784 2357 καὶ
813 2304 907 2370 ὣν,
945 2308 1137 2361 ἑαυτοῦ
1158 2311 1255 2382 τὴν
1286 2314 1392 2366 τῶν
1413 2315 1610 2371 ἀνίσων
1626 2295 1794 2372 land;

220 2403 377 2454 κατον
398 2387 558 2459 [alter
582 2393 767 2465 codex,
794 2396 888 2449 καὶ
919 2397 1242 2475 ἀλλοκότων]
1274 2405 1506 2460 ἀπέθετο
1535 2408 1748 2476 γένεσιν
1774 2427 1790 2443 ο

224 2476 299 2549 μὴ
323 2479 507 2569 φέρων
545 2483 602 2532 ὲν
635 2483 812 2555 ἑαυτῷ
855 2487 1104 2562 καθάπερ
1153 2494 1319 2565 ἄρρεν
1344 2497 1438 2550 καὶ
1481 2496 1632 2569 θῆλυ,
1692 2502 1791 2567 τάς

221 2568 488 2637 ξναντίας,
543 2572 618 2636 ὡς
673 2574 828 2646 ἔφην,
868 2579 1073 2635 τούτων
1105 2583 1214 2637 τῶν
1256 2586 1443 2640 παθῶν
1484 2568 1789 2656 διαθέσειςο

221 2659 311 2715 ῐνα
343 2659 416 2732 μὴ
443 2662 679 2734 δουλωθῇ
717 2668 927 2730 τούτοις
971 2673 998 2724 ό
1028 2673 1203 2741 λόγος,
1257 2681 1377 2742 ταῖς
1411 2681 1590 2735 αὐτῶν
1620 2682 1785 2736 ἀστά-

218 2766 332 2841 τοις
378 2751 703 2818 μεταϐολαῖς
760 2755 1225 2830 ἀλλοιούμενος,ᾧ
1289 2768 1530 2834 φυσικῶς
1585 2770 1644 2825 τὸ
1690 2772 1791 2841 τῆς

218 2838 370 2900 θείας
404 2841 613 2934 εἰκόνος
660 2844 996 2918 ἐγκέκραται
1032 2853 1216 2917 σέϐας,
1244 2858 1430 2911 πεῖθον
1485 2862 1585 2930 τὴν
1613 2838 1790 2934 ψυχήν

221 2929 669 3024 μεταπλασθῆναι
715 2937 856 2991 κατά
904 2943 1003 3012 τήν
1054 2944 1279 3018 γνώμην
1318 2950 1454 3020 πρὸς
1513 2918 1791 3024 τήνθείαῖν

1900 591 2031 646 dum
2065 599 2350 662 raperetur
2401 592 2596 645 Elisaeo
2628 589 2882 655 dederit,
2945 586 3222 657 suppetias
3256 586 3476 656 spiritui

1900 682 2142 737 futuram
2204 690 2397 738 contra
2442 696 2658 735 omnem
2709 679 3076 735 adversariam
3124 687 3470 747 potestatem,

1898 788 1962 828 ac
2004 788 2112 842 qua
2157 774 2413 827 instabile
2443 771 2756 841 ﬁuxumque
2780 772 3111 826 elementum
3139 778 3469 840 percuteret,

1897 863 2052 932 cujus
2078 872 2197 918 erat
2223 863 2481 919 Iordanis
2507 863 2679 933 ﬁgura
2704 879 2719 928 ;
2778 878 2846 917 ne
2877 862 3086 917 scilicet
3129 869 3471 915 terrenarum

1897 969 2081 1007 rerum
2105 954 2323 1009 turbida
2372 963 2535 1024 atque
2551 954 2760 1008 lubrica
2777 952 3013 1019 aﬁ‘ectio,
3038 952 3293 1005 obrutum
3311 949 3476 1003 disci-

1895 1046 2087 1115 pulum
2121 1046 2354 1100 transitu
2386 1046 2454 1100 ad
2484 1054 2684 1100 terram
2706 1053 2947 1099 sanctam
2975 1043 3327 1112 prohiberet;
3357 1040 3470 1110 ipse

1894 1151 2028 1190 vero
2050 1136 2187 1190 liber
2208 1145 2372 1206 atque
2392 1136 2602 1189 solutus
2618 1134 2683 1188 ad
2704 1134 2873 1187 Deum
2897 1131 3293 1202 commigravit,
3309 1144 3470 1199 quem

1893 1226 2123 1281 libidine
2137 1227 2423 1281 subactum
2437 1227 2587 1280 nulla
2602 1240 2826 1296 prorsus
2843 1240 2930 1279 res
2943 1223 3243 1288 detineret;
3259 1222 3474 1275 deside-

1893 1318 1978 1373 rio
1997 1319 2246 1388 simplex,
2270 1317 2435 1372 animi
2457 1318 2736 1372 voluntate
2762 1330 2871 1369 non
2893 1313 3248 1383 compositus,
3265 1312 3328 1365 ad
3348 1327 3473 1365 eum

1894 1408 1988 1478 qui
2016 1418 2214 1463 natura
2244 1408 2473 1477 simplex
2498 1414 2604 1469 est,
2643 1422 2740 1476 per
2771 1413 3057 1460 consertas
3087 1402 3191 1457 sibi
3237 1402 3472 1455 invicem

1893 1498 2173 1569 generales
2198 1497 2452 1557 virtutes,
2478 1496 2763 1566 igneorum
2786 1508 3054 1562 equorum
3078 1506 3228 1545 more
3254 1491 3472 1558 sapien-

1896 1596 1978 1649 ter
1996 1589 2333 1659 conjugatas,
2363 1589 2469 1643 iter
2494 1586 2853 1641 contendens.
2879 1585 3115 1638 Noverat
3132 1582 3277 1635 enim
3295 1595 3475 1649 opera:

1892 1680 2129 1750 pretium
2147 1695 2287 1745 esse,
2303 1689 2363 1733 ut
2379 1678 2581 1733 Christi
2598 1677 2870 1746 discipulo
2890 1675 3159 1729 decedant
3180 1672 3475 1740 inaequales

1894 1770 2144 1835 aﬁ'ectus,
2167 1785 2399 1840 quorum
2417 1769 2707 1823 diversitas
2732 1766 2942 1820 alienos
2956 1780 3053 1819 eos
3067 1779 3186 1817 esse
3204 1761 3469 1822 ostendit;

1895 1860 2169 1929 siquidem
2204 1859 2285 1914 sic
2316 1866 2692 1927 comparatum
2718 1864 2842 1919 est,
2903 1864 2964 1909 ut
3011 1853 3326 1922 cupiditatis
3346 1853 3473 1921 qui-

1893 1952 2017 2006 dem
2044 1951 2261 2007 aﬁ‘ectio
2293 1950 2644 2004 diﬂ‘usioncm
2667 1947 2950 2016 sanguinis
2979 1944 3139 2015 354
3168 1944 3314 1999 circa
3351 1958 3467 2007 cor,

1892 2043 2113 2099 incitata
2133 2058 2264 2098 vero
2285 2042 2381 2097 ira)
2420 2040 2501 2096 vis
2526 2038 2808 2111 sanguinis
2828 2037 3213 2092 ebullitiouem
3244 2044 3439 2098 aestum
3456 2067 3471 2076 -

1893 2151 2002 2206 que
2023 2136 2261 2200 eﬁiciat;
2320 2139 2383 2188 ac
2413 2133 2507 2203 qui
2538 2147 2661 2187 cum
2685 2132 2797 2201 jam
2825 2129 3185 2201 pervenisset,
3216 2138 3472 2197 tanquam

1894 2228 1988 2297 qui
2035 2228 2091 2281 in
2134 2226 2354 2281 Christo
2395 2225 2608 2278 viveret
2667 2230 2723 2277 et
2763 2230 3080 2276 moveretur
3145 2227 3202 2272 et
3240 2217 3468 2279 esset”,

1890 2334 1921 2373 a
1967 2333 2026 2373 se
2068 2319 2185 2387 ipse
2239 2316 2475 2371 alienam
2526 2322 2689 2383 atque
2730 2312 2994 2366 absonam
3039 2307 3469 2377 inrequalitatum

1890 2409 2303 2481 generationem
2341 2404 2637 2475 abjecerit;
2674 2417 2785 2457 non
2816 2401 2999 2455 ferens
3030 2401 3086 2454 in
3114 2388 3317 2467 seipso,
3349 2412 3467 2450 ma-

1893 2498 2034 2554 sculi
2078 2498 2251 2551 instar
2301 2510 2364 2549 ac
2404 2494 2619 2548 femina:
2644 2533 2658 2557 ,
2723 2490 3048 2554 contrarias,
3088 2490 3169 2542 uti
3196 2487 3467 2553 dicebam,

1892 2590 2158 2644 horumce
2196 2586 2490 2641 aﬁ‘ectuum
2536 2581 2967 2653 dispositiones;
3020 2594 3091 2634 ne
3126 2579 3337 2633 scilicet
3382 2578 3470 2631 in-

1892 2680 2185 2737 stabilibus
2230 2693 2420 2732 eorum
2469 2673 2865 2731 mutationibus
2927 2671 3090 2725 aliam
3120 2678 3282 2739 atque
3306 2670 3469 2724 aliam

1894 2773 2130 2829 induens
2173 2770 2314 2825 ratio
2364 2767 2473 2821 illis
2515 2766 2962 2835 manciparetur,
3022 2762 3109 2817 cui
3140 2762 3467 2815 naturaliter

1892 2863 2093 2919 divina:
2136 2860 2389 2930 imaginis
2441 2856 2630 2912 radius
2670 2854 2994 2910 commistus
3018 2854 3125 2918 sit;
3182 2852 3275 2922 qui
3307 2852 3467 2921 plane

1892 2962 2090 3011 auctor
2117 2953 2221 3016 sit,
2280 2962 2342 3005 ut
2380 2950 2562 3005 anima
2611 2945 2911 3003 voluntatis
2933 2944 3220 3015 proposito
3248 2944 3303 2997 in
3326 2942 3463 2997 divi-

216 3020 499 3144 ὁμοίωσιν,
526 3027 619 3078 καὶ
642 3029 890 3094 γενέσθαι
907 3036 1006 3103 τῆς
1025 3040 1495 3110 συνυφισταμένης
1519 3020 1788 3113 ούσίωδῶς

216 3110 296 3144 ..τι
371 3111 441 3144 εἴ.
467 3117 555 3144 ...Δ
595 3119 767 3144 n__-\
807 3121 912 3144 -5.-.
943 3123 990 3144 εις
1050 3142 1076 3144 η
1229 3129 1268 3144 η
1390 3130 1415 3144 Α
1515 3134 1530 3144 .
1583 3134 1595 3144 .
1727 3137 1740 3144 -

1895 3062 2021 3103 nam
2048 3045 2531 3100 transformaretur
2554 3039 2995 3101 similitudinem,
3044 3036 3293 3106 ejusque,
3324 3034 3466 3103 quod

215 3110 297 3205 cf)
467 3117 561 3169 καὶ
595 3119 772 3190 Harp).
805 3121 914 3174 τῶν
940 3123 1077 3181 ὅλων
1107 3129 1348 3201 μεγάλης
1387 3130 1683 3202 βασιλείας,
1710 3110 1787 3205 ὡς

217 3202 533 3301 Πνεὺματος
559 3299 569 3301 ξ
592 3209 747 3301 ἀγίου
786 3214 1045 3283 παμφαὲς
1083 3218 1417 3291 οἰκητήριον,
1464 3224 1594 3293 ὃλην
1632 3202 1785 3301 δεχόἐ

217 3312 401 3364 μενον,
442 3299 490 3351 εί
550 3299 708 3371 θέμις
757 3305 950 3370 εἰπεῖν,
985 3308 1085 3378 τῆς
1120 3310 1270 3375 θείας
1318 3313 1532 3384 φύσεως
1561 3299 1786 3377 κατάτό

215 3384 464 3489 δυνατὸν,
633 3392 881 3489 ἐξουσίαν
1056 3399 1307 3467 γνώσεως
1327 3420 1341 3434 ο
1373 3405 1495 3465 καθ’
1523 3409 1589 3480 ῆν
1618 3411 1649 3481 ἡ
1686 3412 1785 3481 μὲν

212 3480 324 3529 τῶν
360 3480 632 3573 ⁸χειρόνων
659 3483 1033 3556 ἀπογίνεσθαι,
1086 3491 1279 3549 τῶνδὲ
1307 3480 1784 3573 κρειττόνωνὺφί-

214 3569 443 3663 στασθαι
476 3572 687 3642 πέφυκε
725 3576 958 3644 γένεσις,
999 3577 1091 3635 ϊσα
1136 3584 1255 3656 Θεῷ
1309 3588 1408 3658 τῆς
1430 3590 1608 3663 ψυχῆς
1644 3569 1786 3651 κατὰ

208 3656 312 3759 τήν
344 3661 625 3759 χάρινᾼτῆς
646 3665 889 3759 κλήσεως
909 3671 1104 3726 ἄσυλον
1133 3656 1593 3752 φυλαττούσης-ὲν
1619 3686 1782 3759 ἑαυτῇ

211 3748 321 3845 τῶν
347 3750 696 3845 δωρηθέντων
743 3758 923 3813 καλῶν
951 3763 1051 3834 τὴν
1082 3765 1374 3822 ὑπόστασιν
1393 3786 1407 3801 ·
1441 3748 1560 3824 καθ’
1591 3774 1659 3845 ἣν

214 3837 386 3932 θέλων
438 3844 671 3932 Χριστὸς
728 3850 980 3916 γεννᾶται
1014 3855 1316 3922 μυστικῶς,
1347 3858 1436 3912 διὰ
1475 3861 1582 3913 τῶν
1612 3837 1783 3928 σωζο-

213 3930 396 4023 μένων
421 3930 818 4012 σαρκούμενοςο
856 3942 949 3995 καὶ
982 3945 1193 4014 μητέρα
1222 3947 1504 4020 παρθένων
1534 3953 1782 4023 ἀπεργα-

207 4018 439 4091 ζόμενος
460 4024 559 4097 τὴν
584 4028 1077 4102 γεννῶσανψυχὴν,
1110 4034 1210 4089 οὑκ
1242 4018 1493 4109 ἔχουσαν,
1546 4018 1791 4109 ἴνα-σ-υνο,

208 4112 352 4207 ελῶν
409 4114 571 4183 εἴπω,
636 4121 779 4187 κατά
827 4124 928 4189 τὴν
991 4126 1194 4197 σχέσιν,
1250 4129 1435 4203 ὥσπερ
1476 4134 1643 4207 ἄρρεν
1689 4141 1783 4193 καὶ

205 4204 365 4362 ἓῖγλυ,
427 4206 497 4260 τὰ
539 4211 897 4283 γνωρίσματα
938 4216 1038 4297 τῆς
1094 4218 1198 4275 ὑπὸ
1221 4221 1425 4294 φθορὰν
1444 4204 1782 4298 καλ-γένεσιν

249 4312 443 4359 υσεως.

249 4312 443 4359 υσεως.

1891 3142 2004 3196 Deo
2030 3155 2094 3194 ac
2115 3138 2264 3194 Patri
2292 3134 2657 3193 essentialiter
2681 3129 2966 3187 coexsistit
2987 3169 3003 3195 ,
3052 3142 3311 3199 magnum
3343 3126 3470 3181 uni-

1888 3247 2173 3307 versorum
2203 3244 2432 3299 regnum
2490 3225 2730 3297 (nempe
2762 3221 3001 3292 Spiritus
3028 3218 3201 3275 sancti
3234 3217 3466 3273 lucidis-

1886 3323 2089 3379 simum
2115 3316 2495 3386 domicilium)
2542 3314 2848 3379 eiiiciatur;
2886 3320 3055 3367 totam
3081 3310 3344 3365 nimirum
3370 3323 3465 3363 ca-

1885 3417 2056 3487 piens
2080 3413 2257 3486 (absit
2282 3411 2453 3466 verbo
2484 3407 2725 3478 invidia)
2760 3415 2971 3460 natura:
2996 3402 3197 3459 divina:
3221 3443 3237 3468 ,
3286 3400 3467 3470 quoad

1886 3519 2210 3563 concessum
2234 3510 2346 3576 est,
2367 3499 2697 3572 cognitionis
2726 3498 2845 3569 (seu
2870 3494 3135 3563 scientize)
3164 3494 3272 3548 vim
3301 3508 3365 3546 ac
3388 3492 3468 3545 fa-

1887 3598 2147 3653 cultatem
2175 3612 2191 3662 ;
2244 3609 2353 3665 qua
2382 3599 2795 3662 comparatum,
2818 3580 2823 3587 ’
2848 3598 2911 3643 ut
2939 3586 3216 3643 deteriora
3242 3584 3465 3655 quidem

1885 3689 2163 3743 intereant
2215 3695 2380 3756 atque
2425 3684 2721 3748 desinant;
2778 3679 3054 3751 potiorum
3088 3686 3271 3733 autem
3311 3685 3480 3755 ortus.

1885 3781 2188 3843 consistat,
2246 3785 2609 3853 conservante
2653 3774 2864 3829 scilicet
2907 3773 3088 3826 anima
3134 3769 3281 3825 haud
3307 3768 3465 3823 aliter

1884 3887 1949 3933 ac
1971 3872 2145 3933 Deus,
2172 3867 2476 3923 secundum
2504 3866 2735 3936 gratiam
2764 3863 3071 3917 vocationis
3090 3900 3105 3924 ,
3168 3874 3465 3915 concesso-

1886 3977 2007 4016 rum
2039 3961 2311 4014 bonorum
2358 3955 2734 4011 inviolabilem
2766 3952 2821 4006 in
2847 3953 3026 4021 seipsa
3062 3951 3462 4012 substantiam;

1883 4068 1991 4122 qua
2041 4065 2257 4120 semper
2297 4049 2552 4105 Christus
2597 4052 2790 4116 sponte
2814 4060 2911 4099 sua
2941 4042 3169 4113 mystice
3194 4039 3460 4103 nascitur,

1883 4159 1982 4214 per
2009 4158 2104 4198 eos
2129 4155 2417 4196 assumens
2436 4153 2658 4193 carnem
2685 4137 2780 4206 qui
2802 4136 2979 4191 salute
3008 4133 3320 4195 donantur;
3374 4145 3459 4192 ac,

1883 4217 1990 4305 qua
2040 4232 2286 4300 nascitur
2336 4231 2519 4286 anima
2544 4270 2559 4293 ,
2621 4234 2853 4282 matrem
2881 4225 3151 4294 virginem
3180 4219 3458 4285 cﬁicicns;

1883 4327 1942 4381 in
1966 4342 2071 4397 qua
2106 4327 2203 4395 (ut
2228 4336 2442 4379 summa
2461 4319 2670 4390 dicam)
2704 4319 2856 4375 nulla
2876 4315 3180 4373 secundum
3202 4312 3460 4368 aﬁ‘ectum

204 4401 275 4442 ac
320 4386 628 4488 libidinem’
684 4394 914 4450 mascu”
937 4396 1111 4457 ί¹¹⁸ί³¹⁵
1164 4416 1228 4457 ac
1259 4402 1499 4475 Ῑθωίηεθ»
1534 4421 1745 4483 natura:
1772 4386 2123 4488 corrupiioni‘
2148 4431 2212 4471 ac
2247 4413 2587 4487 generationi
2623 4386 2893 4475 obnoxiae,
2938 4405 3171 4477 insignia
3207 4410 3462 4472 notaeque

203 4481 531 4549 consistant.

276 4573 581 4667 Ξενιζέσθω
617 4578 674 4631 δὲ
714 4580 920 4651 μηδεὶς,
958 4583 1057 4654 τὴν
1113 4585 1320 4658 φθορὰν
1370 4593 1470 4662 τῆς
1513 4595 1780 4662 γενέσεως

1952 4597 2064 4652 Nec
2088 4609 2417 4667 quemquam
2446 4609 2549 4651 ceu
2572 4607 2774 4649 novum
2801 4605 2866 4645 ac
2890 4574 3197 4644 inauditum
3221 4592 3458 4650 moveat,

204 4662 422 4716 ἀκούων
450 4669 911 4741 προταττομένην.
952 4674 1200 4740 Ἀπαθῶς
1222 4679 1328 4752 γὰρ
1360 4682 1455 4735 σὺν
1475 4682 1617 4754 ὀρθῷ
1637 4685 1781 4755 λόγῳ

203 4754 305 4827 τὴν
346 4757 454 4812 τῶν
506 4763 806 4831 γινομένων
863 4767 956 4820 καὶ
994 4768 1402 4842 ἀπογινομένων
1455 4775 1618 4844 φύσιη
1659 4754 1779 4839 διαέ

204 4849 510 4938 σκοπήσας,
543 4852 761 4923 εὑρήσει
792 4855 975 4924 σαφῶς
1002 4861 1068 4925 ἐκ
1097 4861 1302 4930 φθορᾶς
1332 4864 1425 4916 καὶ
1454 4867 1532 4928 είς
1576 4866 1781 4938 φθορὰν

202 4933 305 5006 τὴν
332 4936 547 5004 γένεσιν
574 4941 880 5013 ἀρχομένην
905 4945 1001 4999 καὶ
1034 4947 1304 5019 λήγουσαν
1334 4968 1347 4981 ·
1378 4946 1445 5025 ἧς
1479 4953 1547 5006 τὰ
1572 4933 1782 5025 σημαν-

202 5027 334 5080 τικά
373 5028 543 5101 πάθη,
568 5032 817 5106 καθάπερ
841 5034 995 5107 ἔφην,
1023 5040 1121 5092 οὐκ
1160 5039 1272 5113 ἔχει
1310 5042 1545 5114 Χριστός
1564 5062 1578 5075 ο
1609 5047 1778 5115 ήγουν

202 5120 236 5172 ὁ
256 5120 348 5174 τοῦ
380 5122 616 5193 Χριστοῦ
640 5144 700 5179 τε
724 5128 816 5180 καὶ
839 5130 979 5183 κατὰ
995 5132 1228 5202 Χριστὸν
1248 5133 1360 5202 βίος
1376 5153 1453 5188 ν-ινι
1480 5137 1739 5207 κα“ιλόγος
1761 5156 1776 5172 ·

203 5210 365 5284 εἴπερ
380 5215 409 5267 ό
432 5214 605 5283 λέγων
629 5219 775 5272 ἐστὶν
798 5221 1023 5293 ἀληθὴς,
1054 5224 1151 5276 Ἐν
1170 5224 1278 5295 γὰρ
1304 5226 1535 5294 Χριστῷ
1562 5230 1778 5294 Ἰησοῦ,

204 5304 318 5359 οὐκ
371 5304 546 5362 ἔστιν
585 5309 766 5379 ἆρῤεν
816 5314 917 5367 καὶ
972 5314 1127 5384 θῆλυ
1149 5332 1165 5348 ο
1210 5318 1277 5371 τά
1306 5320 1505 5389 σημεῖα
1557 5298 1785 5392 δηλαδὴ..

203 5393 302 5498 καὶ
337 5397 408 5452 τὰ
667 5404 842 5498 όηλῶν
888 5406 986 5473 τῆς
1022 5406 1126 5460 ὑπὸ
1171 5407 1378 5481 φθορὰν
1430 5412 1526 5465 καλ⁸
1564 5412 1778 5479 γένεσιν

204 5490 422 5561 φύσεως
446 5503 461 5517 ·
512 5490 631 5544 ἀλλ’
663 5491 695 5563 ἢ
730 5494 888 5564 μόνον
938 5494 1174 5567 θεοειδὴς
1235 5497 1393 5570 λόγος
1422 5501 1620 5569 γνώσει
1657 5501 1781 5574 θείᾳ,

267 5648 314 5681 ³⁸
347 5666 467 5751 Act.
502 5670 733 5736 “11,28.
812 5673 854 5705 ³⁸
885 5670 1058 5739 Galat.
1091 5691 1175 5756 in,
1198 5676 1288 5751 28..

1885 4689 2034 4758 quod
2077 4687 2450 4758 corruptionis
2476 4685 2760 4740 interitum
2793 4679 2941 4737 drtui
2963 4679 3335 4752 generationis
3359 4693 3460 4731 au-

1885 4781 1966 4837 dit
1994 4781 2297 4851 praelatum.
2360 4778 2621 4847 Quisquis
2654 4776 2805 4831 enim
2849 4789 3049 4831 sereno
3075 4773 3277 4846 mentis
3300 4770 3461 4824 oculo

1886 4882 2145 4942 rectaque
2186 4871 2400 4931 ratione
2446 4885 2631 4927 rerum
2668 4883 2793 4937 quae,
2809 4866 3067 4925 oriuntur
3093 4880 3157 4919 ac
3180 4864 3460 4921 intereunt

1879 4958 2491 5025 naturam_attenderit,
2548 4958 2807 5015 inchoare
2839 4955 3115 5011 ortumab
3143 4951 3455 5007 interitione

1879 5067 1977 5121 seu
2026 5051 2383 5121 corwptione
2406 5089 2420 5115 ,
2486 5050 2654 5121 inque
2693 5046 2942 5103 eamdem
2964 5044 3241 5107 desinere,
3274 5041 3472 5121 palam:

1880 5118 2213 5213 imitenerit;
2246 5158 2410 5219 quam
2442 5141 2537 5210 qui
2568 5118 2876 5213 insignium
2916 5151 2979 5193 ac
3004 5134 3294 5205 designant
3320 5118 3473 5206 aﬁ'eﬁ

1878 5242 2001 5290 ctus
2028 5250 2125 5289 seu
2151 5232 2455 5305 passiones,
2486 5231 2563 5285 uti
2587 5230 2860 5303 dicebam,
2884 5227 3267 5285 Christusnon
3291 5237 3472 5297 agno~_

1879 5327 1984 5399 scit
2042 5326 2283 5398 (Christi
2314 5325 2526 5393 scilicet
2556 5324 2790 5392 vitaeque
2818 5319 3142 5377 Christianae
3178 5315 3469 5394 institutio,

1877 5425 1935 5479 et
1952 5415 2138 5487 ratio),
2164 5417 2445 5487 siquidem
2461 5430 2627 5471 verax
2649 5424 2733 5470 est
2753 5412 2846 5484 qui
2864 5411 2947 5466 ait
2973 5429 2987 5464 :
3012 5410 3077 5465 In
3096 5408 3299 5465 Christo
3314 5407 3462 5487 enim!

1878 5502 2004 5579 Iesu
2038 5518 2144 5557 non
2168 5510 2243 5557 est
2269 5501 2533 5559 masculus
2566 5517 2733 5583 neque
2757 5482 3010 5577 femina“
3064 5497 3221 5571 (ejus
3242 5482 3463 5575 scilicet,
