  <div class='ocr_page' id='page_1' title='image "/cluster/home/n/w/nwhite01/storage/ocr_20150623/90/pst.000005712960/485.png"; bbox 0 0 3932 6326; ppageno 0'>
   <div class='ocr_carea' id='block_1_1' title="bbox 444 245 3728 329">
    <p class='ocr_par' dir='ltr' id='par_1_1' title="bbox 444 245 3728 329">
     <span class='ocr_line' id='line_1_1' title="bbox 444 245 3728 329; baseline -0.005 -6"><span class='ocrx_word' id='word_1_1' title='bbox 444 260 553 329; x_wconf 79' lang='lat'><strong>891</strong></span> <span class='ocrx_word' id='word_1_2' title='bbox 1057 270 1065 287; x_wconf 83' lang='lat'><strong>‘</strong></span> <span class='ocrx_word' id='word_1_3' title='bbox 1600 257 1661 318; x_wconf 89' lang='lat' dir='ltr'><strong>S.</strong></span> <span class='ocrx_word' id='word_1_4' title='bbox 1705 256 1990 316; x_wconf 78' lang='grc' dir='ltr'><strong>ΜΛΧΙΜΙ</strong></span> <span class='ocrx_word' id='word_1_5' title='bbox 2029 251 2530 316; x_wconf 80' lang='lat' dir='ltr'><strong>CONFESSORIS</strong></span> <span class='ocrx_word' id='word_1_6' title='bbox 3596 245 3728 308; x_wconf 60' lang='grc' dir='ltr'><strong>ειη</strong></span> 
     </span>
    </p>
   </div>
   <div class='ocr_carea' id='block_1_2' title="bbox 340 360 2050 443">
    <p class='ocr_par' dir='ltr' id='par_1_2' title="bbox 340 368 2016 443">
     <span class='ocr_line' id='line_1_2' title="bbox 340 368 2016 443; baseline -0.007 -8"><span class='ocrx_word' id='word_1_7' title='bbox 340 440 343 443; x_wconf 95' lang='lat'><em>_</em></span> <span class='ocrx_word' id='word_1_8' title='bbox 447 384 663 436; x_wconf 70' lang='lat' dir='ltr'><strong>natura:</strong></span> <span class='ocrx_word' id='word_1_9' title='bbox 702 383 857 429; x_wconf 89' lang='lat' dir='ltr'><strong>notas</strong></span> <span class='ocrx_word' id='word_1_10' title='bbox 897 371 1237 439; x_wconf 79' lang='lat' dir='ltr'><strong>aﬁ‘ectusque</strong></span> <span class='ocrx_word' id='word_1_11' title='bbox 1274 384 1338 424; x_wconf 85' lang='lat' dir='ltr'><strong>ac</strong></span> <span class='ocrx_word' id='word_1_12' title='bbox 1369 369 1654 438; x_wconf 79' lang='lat' dir='ltr'><strong>passiones</strong></span> <span class='ocrx_word' id='word_1_13' title='bbox 1680 368 2016 441; x_wconf 84' lang='lat' dir='ltr'><strong>signiﬁcans,</strong></span> 
     </span>
    </p>
   </div>
   <div class='ocr_carea' id='block_1_3' title="bbox 2151 360 3732 443">
    <p class='ocr_par' dir='ltr' id='par_1_3' title="bbox 2151 360 3732 436">
     <span class='ocr_line' id='line_1_3' title="bbox 2151 360 3732 436; baseline -0.006 -16"><span class='ocrx_word' id='word_1_14' title='bbox 2151 366 2516 436; x_wconf 73' lang='grc' dir='ltr'>εεποιωμὲνος,</span> <span class='ocrx_word' id='word_1_15' title='bbox 2545 362 2639 416; x_wconf 70' lang='grc' dir='ltr'>καὶ</span> <span class='ocrx_word' id='word_1_16' title='bbox 2671 360 2895 433; x_wconf 79' lang='grc' dir='ltr'><strong>γνώμης</strong></span> <span class='ocrx_word' id='word_1_17' title='bbox 2926 360 3193 432; x_wconf 82' lang='grc' dir='ltr'>μοναδικὴ</span> <span class='ocrx_word' id='word_1_18' title='bbox 3249 360 3496 431; x_wconf 81' lang='grc' dir='ltr'>κίνησις,</span> <span class='ocrx_word' id='word_1_19' title='bbox 3539 360 3732 429; x_wconf 65' lang='grc' dir='ltr'>μὸν-ην</span> 
     </span>
    </p>
   </div>
   <div class='ocr_carea' id='block_1_4' title="bbox 447 454 2050 538">
    <p class='ocr_par' dir='ltr' id='par_1_4' title="bbox 447 459 2028 538">
     <span class='ocr_line' id='line_1_4' title="bbox 447 459 2028 538; baseline -0.006 -16"><span class='ocrx_word' id='word_1_20' title='bbox 447 483 572 538; x_wconf 70' lang='lat' dir='ltr'><strong>quae</strong></span> <span class='ocrx_word' id='word_1_21' title='bbox 592 462 962 533; x_wconf 78' lang='lat' dir='ltr'><strong>corruptionis</strong></span> <span class='ocrx_word' id='word_1_22' title='bbox 979 460 1287 515; x_wconf 89' lang='lat' dir='ltr'><strong>interitioni</strong></span> <span class='ocrx_word' id='word_1_23' title='bbox 1308 467 1471 529; x_wconf 91' lang='lat' dir='ltr'><strong>atque</strong></span> <span class='ocrx_word' id='word_1_24' title='bbox 1491 459 1636 514; x_wconf 91' lang='lat' dir='ltr'><strong>ortui</strong></span> <span class='ocrx_word' id='word_1_25' title='bbox 1654 459 2028 530; x_wconf 75' lang='lat' dir='ltr'><strong>generationis</strong></span> 
     </span>
    </p>
   </div>
   <div class='ocr_carea' id='block_1_5' title="bbox 2151 454 2809 538">
    <p class='ocr_par' dir='ltr' id='par_1_5' title="bbox 2151 454 2809 526">
     <span class='ocr_line' id='line_1_5' title="bbox 2151 454 2809 526; baseline -0.006 -17"><span class='ocrx_word' id='word_1_26' title='bbox 2151 455 2432 526; x_wconf 76' lang='grc' dir='ltr'>ιίρουμένη</span> <span class='ocrx_word' id='word_1_27' title='bbox 2458 454 2555 524; x_wconf 80' lang='grc' dir='ltr'>τὴν</span> <span class='ocrx_word' id='word_1_28' title='bbox 2590 454 2809 524; x_wconf 75' lang='grc' dir='ltr'>ἀρετήν.</span> 
     </span>
    </p>
   </div>
   <div class='ocr_carea' id='block_1_6' title="bbox 451 542 3731 625">
    <p class='ocr_par' dir='ltr' id='par_1_6' title="bbox 451 542 3731 625">
     <span class='ocr_line' id='line_1_6' title="bbox 451 542 3731 625; baseline -0.005 -13"><span class='ocrx_word' id='word_1_29' title='bbox 451 556 686 613; x_wconf 83' lang='lat' dir='ltr'><strong>obnoxia</strong></span> <span class='ocrx_word' id='word_1_30' title='bbox 710 554 857 625; x_wconf 90' lang='lat' dir='ltr'><strong>est);</strong></span> <span class='ocrx_word' id='word_1_31' title='bbox 892 553 991 608; x_wconf 87' lang='lat' dir='ltr'><strong>sed</strong></span> <span class='ocrx_word' id='word_1_32' title='bbox 1019 551 1366 608; x_wconf 85' lang='lat' dir='ltr'><strong>solummodo</strong></span> <span class='ocrx_word' id='word_1_33' title='bbox 1391 551 1675 607; x_wconf 86' lang='lat' dir='ltr'><strong>deiformis</strong></span> <span class='ocrx_word' id='word_1_34' title='bbox 1696 552 1858 617; x_wconf 91' lang='lat' dir='ltr'><strong>ratio,</strong></span> <span class='ocrx_word' id='word_1_35' title='bbox 1918 550 2118 605; x_wconf 76' lang='lat' dir='ltr'><strong>divina:</strong></span> <span class='ocrx_word' id='word_1_36' title='bbox 2146 548 2394 605; x_wconf 79' lang='lat' dir='ltr'><strong>scientiae</strong></span> <span class='ocrx_word' id='word_1_37' title='bbox 2452 546 2718 618; x_wconf 78' lang='lat' dir='ltr'><strong>qualitate</strong></span> <span class='ocrx_word' id='word_1_38' title='bbox 2776 542 3017 611; x_wconf 83' lang='lat' dir='ltr'><strong>imbuta,</strong></span> <span class='ocrx_word' id='word_1_39' title='bbox 3071 542 3490 615; x_wconf 82' lang='lat' dir='ltr'><strong>singularisque</strong></span> <span class='ocrx_word' id='word_1_40' title='bbox 3541 542 3731 598; x_wconf 82' lang='lat' dir='ltr'><strong>animi</strong></span> 
     </span>
    </p>
   </div>
   <div class='ocr_carea' id='block_1_7' title="bbox 448 643 2264 715">
    <p class='ocr_par' dir='ltr' id='par_1_7' title="bbox 448 643 2264 715">
     <span class='ocr_line' id='line_1_7' title="bbox 448 643 2264 715; baseline -0.005 -12"><span class='ocrx_word' id='word_1_41' title='bbox 448 646 773 708; x_wconf 86' lang='lat' dir='ltr'><strong>voluntatis,</strong></span> <span class='ocrx_word' id='word_1_42' title='bbox 815 643 1035 700; x_wconf 91' lang='lat' dir='ltr'><strong>unicam</strong></span> <span class='ocrx_word' id='word_1_43' title='bbox 1070 644 1325 715; x_wconf 78' lang='lat' dir='ltr'><strong>eligentis</strong></span> <span class='ocrx_word' id='word_1_44' title='bbox 1351 643 1613 698; x_wconf 84' lang='lat' dir='ltr'><strong>virtutem</strong></span> <span class='ocrx_word' id='word_1_45' title='bbox 1634 684 1649 709; x_wconf 91' lang='lat'><strong>,</strong></span> <span class='ocrx_word' id='word_1_46' title='bbox 1703 643 1928 714; x_wconf 84' lang='lat' dir='ltr'><strong>agitatio</strong></span> <span class='ocrx_word' id='word_1_47' title='bbox 1957 657 2022 697; x_wconf 91' lang='lat' dir='ltr'><strong>ac</strong></span> <span class='ocrx_word' id='word_1_48' title='bbox 2059 649 2264 696; x_wconf 91' lang='lat' dir='ltr'><strong>motus.</strong></span> 
     </span>
    </p>
   </div>
   <div class='ocr_carea' id='block_1_8' title="bbox 521 724 2050 811">
    <p class='ocr_par' dir='ltr' id='par_1_8' title="bbox 521 737 2024 811">
     <span class='ocr_line' id='line_1_8' title="bbox 521 737 2024 811; baseline -0.003 -14"><span class='ocrx_word' id='word_1_49' title='bbox 521 739 681 811; x_wconf 84' lang='lat'><strong>355</strong></span> <span class='ocrx_word' id='word_1_50' title='bbox 715 738 894 807; x_wconf 82' lang='lat' dir='ltr'><strong>Neque</strong></span> <span class='ocrx_word' id='word_1_51' title='bbox 912 740 1122 796; x_wconf 70' lang='lat' dir='ltr'><strong>(Ir-cacus</strong></span> <span class='ocrx_word' id='word_1_52' title='bbox 1157 756 1219 793; x_wconf 85' lang='lat' dir='ltr'><strong>ac</strong></span> <span class='ocrx_word' id='word_1_53' title='bbox 1252 737 1491 805; x_wconf 66' lang='lat' dir='ltr'><strong>Iudaeus,</strong></span> <span class='ocrx_word' id='word_1_54' title='bbox 1543 739 1749 807; x_wconf 87' lang='lat' dir='ltr'><strong>quibus</strong></span> <span class='ocrx_word' id='word_1_55' title='bbox 1789 738 2024 793; x_wconf 74' lang='lat' dir='ltr'><strong>diversa:</strong></span> 
     </span>
    </p>
   </div>
   <div class='ocr_carea' id='block_1_9' title="bbox 2151 724 3731 811">
    <p class='ocr_par' dir='ltr' id='par_1_9' title="bbox 2195 724 3731 802">
     <span class='ocr_line' id='line_1_9' title="bbox 2195 724 3731 802; baseline -0.004 -13"><span class='ocrx_word' id='word_1_56' title='bbox 2195 736 2345 790; x_wconf 79' lang='grc' dir='ltr'>Οὔτε</span> <span class='ocrx_word' id='word_1_57' title='bbox 2384 736 2623 802; x_wconf 76' lang='grc' dir='ltr'>Ἕλλην</span> <span class='ocrx_word' id='word_1_58' title='bbox 2672 735 2772 789; x_wconf 75' lang='grc' dir='ltr'>καὶ</span> <span class='ocrx_word' id='word_1_59' title='bbox 2837 733 3147 799; x_wconf 83' lang='grc' dir='ltr'>Ἰουδαῖος,</span> <span class='ocrx_word' id='word_1_60' title='bbox 3194 733 3263 786; x_wconf 75' lang='grc' dir='ltr'>δι’</span> <span class='ocrx_word' id='word_1_61' title='bbox 3300 724 3380 786; x_wconf 81' lang='grc' dir='ltr'><strong>ὧν</strong></span> <span class='ocrx_word' id='word_1_62' title='bbox 3425 730 3535 801; x_wconf 72' lang='grc' dir='ltr'>τῆς</span> <span class='ocrx_word' id='word_1_63' title='bbox 3590 732 3731 800; x_wconf 74' lang='grc' dir='ltr'>περὶ</span> 
     </span>
    </p>
   </div>
   <div class='ocr_carea' id='block_1_10' title="bbox 452 822 2050 903">
    <p class='ocr_par' dir='ltr' id='par_1_10' title="bbox 452 829 2026 903">
     <span class='ocr_line' id='line_1_10' title="bbox 452 829 2026 903; baseline -0.003 -15"><span class='ocrx_word' id='word_1_64' title='bbox 452 832 729 903; x_wconf 85' lang='lat' dir='ltr'><strong>opinionis</strong></span> <span class='ocrx_word' id='word_1_65' title='bbox 752 832 819 886; x_wconf 92' lang='lat' dir='ltr'><strong>de</strong></span> <span class='ocrx_word' id='word_1_66' title='bbox 844 832 955 886; x_wconf 89' lang='lat' dir='ltr'><strong>Deo</strong></span> <span class='ocrx_word' id='word_1_67' title='bbox 984 830 1127 886; x_wconf 82' lang='lat' dir='ltr'><strong>ratio</strong></span> <span class='ocrx_word' id='word_1_68' title='bbox 1158 829 1535 899; x_wconf 85' lang='lat' dir='ltr'><strong>signiﬁcatur,</strong></span> <span class='ocrx_word' id='word_1_69' title='bbox 1565 831 1680 885; x_wconf 79' lang='lat' dir='ltr'><strong>sive</strong></span> <span class='ocrx_word' id='word_1_70' title='bbox 1710 831 1794 895; x_wconf 91' lang='lat' dir='ltr'><strong>(ut</strong></span> <span class='ocrx_word' id='word_1_71' title='bbox 1837 831 2026 884; x_wconf 87' lang='lat' dir='ltr'><strong>verius</strong></span> 
     </span>
    </p>
   </div>
   <div class='ocr_carea' id='block_1_11' title="bbox 2151 822 3728 903">
    <p class='ocr_par' dir='ltr' id='par_1_11' title="bbox 2151 822 3728 897">
     <span class='ocr_line' id='line_1_11' title="bbox 2151 822 3728 897; baseline -0.003 -20"><span class='ocrx_word' id='word_1_72' title='bbox 2151 824 2258 879; x_wconf 78' lang='grc' dir='ltr'>Ιεοῦ</span> <span class='ocrx_word' id='word_1_73' title='bbox 2288 825 2444 895; x_wconf 83' lang='grc' dir='ltr'><strong>δόξης</strong></span> <span class='ocrx_word' id='word_1_74' title='bbox 2475 828 2502 878; x_wconf 87' lang='grc' dir='ltr'>ὁ</span> <span class='ocrx_word' id='word_1_75' title='bbox 2525 826 2778 897; x_wconf 81' lang='grc' dir='ltr'>διάφορος</span> <span class='ocrx_word' id='word_1_76' title='bbox 2814 825 3139 895; x_wconf 84' lang='grc' dir='ltr'>σημαίνεται</span> <span class='ocrx_word' id='word_1_77' title='bbox 3164 823 3321 893; x_wconf 84' lang='grc' dir='ltr'>λόγος</span> <span class='ocrx_word' id='word_1_78' title='bbox 3344 839 3359 853; x_wconf 91' lang='grc'><strong>·</strong></span> <span class='ocrx_word' id='word_1_79' title='bbox 3421 822 3485 892; x_wconf 78' lang='grc' dir='ltr'><strong>ἢ,</strong></span> <span class='ocrx_word' id='word_1_80' title='bbox 3530 822 3598 874; x_wconf 85' lang='grc' dir='ltr'><strong>τό</strong></span> <span class='ocrx_word' id='word_1_81' title='bbox 3658 839 3728 890; x_wconf 81' lang='grc' dir='ltr'>γε</span> 
     </span>
    </p>
   </div>
   <div class='ocr_carea' id='block_1_12' title="bbox 454 914 2050 1011">
    <p class='ocr_par' dir='ltr' id='par_1_12' title="bbox 454 921 2028 994">
     <span class='ocr_line' id='line_1_12' title="bbox 454 921 2028 994; baseline -0.003 -16"><span class='ocrx_word' id='word_1_82' title='bbox 454 925 668 994; x_wconf 88' lang='lat' dir='ltr'><strong>loquar)</strong></span> <span class='ocrx_word' id='word_1_83' title='bbox 684 924 982 979; x_wconf 88' lang='lat' dir='ltr'><strong>contraria.</strong></span> <span class='ocrx_word' id='word_1_84' title='bbox 1006 923 1142 977; x_wconf 87' lang='lat' dir='ltr'><strong>Nam</strong></span> <span class='ocrx_word' id='word_1_85' title='bbox 1173 922 1264 976; x_wconf 92' lang='lat' dir='ltr'><strong>ille</strong></span> <span class='ocrx_word' id='word_1_86' title='bbox 1284 921 1529 992; x_wconf 88' lang='lat' dir='ltr'><strong>quidem,</strong></span> <span class='ocrx_word' id='word_1_87' title='bbox 1548 921 1845 976; x_wconf 89' lang='lat' dir='ltr'><strong>multorum</strong></span> <span class='ocrx_word' id='word_1_88' title='bbox 1876 921 2028 990; x_wconf 87' lang='lat' dir='ltr'><strong>prin-</strong></span> 
     </span>
    </p>
   </div>
   <div class='ocr_carea' id='block_1_13' title="bbox 2151 914 3757 1011">
    <p class='ocr_par' dir='ltr' id='par_1_13' title="bbox 2151 914 3757 1011">
     <span class='ocr_line' id='line_1_13' title="bbox 2151 914 3757 1011; baseline -0.007 -42"><span class='ocrx_word' id='word_1_89' title='bbox 2151 917 2326 971; x_wconf 84' lang='grc' dir='ltr'>ιᾶλλον</span> <span class='ocrx_word' id='word_1_90' title='bbox 2380 917 2737 990; x_wconf 80' lang='grc' dir='ltr'>ἀληθέστερον</span> <span class='ocrx_word' id='word_1_91' title='bbox 2776 918 2972 982; x_wconf 73' lang='grc' dir='ltr'>εἰπεῖν,</span> <span class='ocrx_word' id='word_1_92' title='bbox 3038 915 3438 986; x_wconf 81' lang='grc' dir='ltr'>ἀντικείμενος.</span> <span class='ocrx_word' id='word_1_93' title='bbox 3494 914 3562 967; x_wconf 87' lang='grc'><strong>⁸0</strong></span> <span class='ocrx_word' id='word_1_94' title='bbox 3622 916 3757 1011; x_wconf 57' lang='grc' dir='ltr'>μὲν.</span> 
     </span>
    </p>
   </div>
   <div class='ocr_carea' id='block_1_14' title="bbox 455 1004 2050 1083">
    <p class='ocr_par' dir='ltr' id='par_1_14' title="bbox 455 1010 2028 1083">
     <span class='ocr_line' id='line_1_14' title="bbox 455 1010 2028 1083; baseline -0.004 -13"><span class='ocrx_word' id='word_1_95' title='bbox 455 1014 699 1083; x_wconf 87' lang='lat' dir='ltr'><strong>cipatum</strong></span> <span class='ocrx_word' id='word_1_96' title='bbox 730 1012 1057 1082; x_wconf 86' lang='lat' dir='ltr'><strong>insipienter</strong></span> <span class='ocrx_word' id='word_1_97' title='bbox 1078 1010 1260 1074; x_wconf 91' lang='lat' dir='ltr'><strong>docet,</strong></span> <span class='ocrx_word' id='word_1_98' title='bbox 1292 1025 1357 1064; x_wconf 90' lang='lat' dir='ltr'><strong>ac</strong></span> <span class='ocrx_word' id='word_1_99' title='bbox 1383 1026 1528 1065; x_wconf 89' lang='lat' dir='ltr'><strong>unus</strong></span> <span class='ocrx_word' id='word_1_100' title='bbox 1575 1026 1699 1063; x_wconf 93' lang='lat' dir='ltr'><strong>cum</strong></span> <span class='ocrx_word' id='word_1_101' title='bbox 1743 1010 1832 1076; x_wconf 89' lang='lat' dir='ltr'><strong>sit,</strong></span> <span class='ocrx_word' id='word_1_102' title='bbox 1893 1025 2028 1064; x_wconf 90' lang='lat' dir='ltr'><strong>con--</strong></span> 
     </span>
    </p>
   </div>
   <div class='ocr_carea' id='block_1_15' title="bbox 2151 1004 3728 1083">
    <p class='ocr_par' dir='ltr' id='par_1_15' title="bbox 2154 1004 3728 1078">
     <span class='ocr_line' id='line_1_15' title="bbox 2154 1004 3728 1078; baseline -0.004 -16"><span class='ocrx_word' id='word_1_103' title='bbox 2154 1009 2323 1078; x_wconf 76' lang='lat' dir='ltr'><strong>Marg.</strong></span> <span class='ocrx_word' id='word_1_104' title='bbox 2404 1008 2714 1077; x_wconf 76' lang='grc' dir='ltr'>Ἐλληνικὸς</span> <span class='ocrx_word' id='word_1_105' title='bbox 2768 1008 2945 1078; x_wconf 87' lang='grc' dir='ltr'>λόγος)</span> <span class='ocrx_word' id='word_1_106' title='bbox 3002 1007 3254 1078; x_wconf 80' lang='grc' dir='ltr'><strong>ἀφρόνως</strong></span> <span class='ocrx_word' id='word_1_107' title='bbox 3305 1004 3728 1074; x_wconf 71' lang='grc' dir='ltr'>εἰσηγούμενος</span> 
     </span>
    </p>
   </div>
   <div class='ocr_carea' id='block_1_16' title="bbox 462 1096 2050 1172">
    <p class='ocr_par' dir='ltr' id='par_1_16' title="bbox 462 1100 2026 1172">
     <span class='ocr_line' id='line_1_16' title="bbox 462 1100 2026 1172; baseline -0.003 -14"><span class='ocrx_word' id='word_1_108' title='bbox 462 1104 645 1159; x_wconf 87' lang='lat' dir='ltr'><strong>trariis</strong></span> <span class='ocrx_word' id='word_1_109' title='bbox 677 1119 802 1158; x_wconf 88' lang='lat' dir='ltr'><strong>eum</strong></span> <span class='ocrx_word' id='word_1_110' title='bbox 826 1102 1241 1172; x_wconf 84' lang='lat' dir='ltr'><strong>operationibus</strong></span> <span class='ocrx_word' id='word_1_111' title='bbox 1277 1111 1442 1171; x_wconf 89' lang='lat' dir='ltr'><strong>atque</strong></span> <span class='ocrx_word' id='word_1_112' title='bbox 1493 1101 1706 1155; x_wconf 85' lang='lat' dir='ltr'><strong>viribus</strong></span> <span class='ocrx_word' id='word_1_113' title='bbox 1758 1100 2026 1166; x_wconf 78' lang='lat' dir='ltr'><strong>dividit‘;</strong></span> 
     </span>
    </p>
   </div>
   <div class='ocr_carea' id='block_1_17' title="bbox 2151 1096 3730 1172">
    <p class='ocr_par' dir='ltr' id='par_1_17' title="bbox 2151 1096 3730 1170">
     <span class='ocr_line' id='line_1_17' title="bbox 2151 1096 3730 1170; baseline -0.003 -18"><span class='ocrx_word' id='word_1_114' title='bbox 2151 1098 2486 1170; x_wconf 69' lang='grc' dir='ltr'>πολυαρχίαν,</span> <span class='ocrx_word' id='word_1_115' title='bbox 2519 1100 2610 1152; x_wconf 74' lang='grc' dir='ltr'><strong>καὶ</strong></span> <span class='ocrx_word' id='word_1_116' title='bbox 2638 1098 2736 1168; x_wconf 78' lang='grc' dir='ltr'>τὴν</span> <span class='ocrx_word' id='word_1_117' title='bbox 2768 1099 2899 1169; x_wconf 85' lang='grc' dir='ltr'>μίαν</span> <span class='ocrx_word' id='word_1_118' title='bbox 2922 1098 3097 1170; x_wconf 83' lang='grc' dir='ltr'>ἀρχὴν</span> <span class='ocrx_word' id='word_1_119' title='bbox 3125 1096 3546 1166; x_wconf 79' lang='grc' dir='ltr'><strong>ἀντικειμέναις</strong></span> <span class='ocrx_word' id='word_1_120' title='bbox 3566 1097 3730 1165; x_wconf 77' lang='grc' dir='ltr'>ἐνερ-</span> 
     </span>
    </p>
   </div>
   <div class='ocr_carea' id='block_1_18' title="bbox 372 1188 2050 1266">
    <p class='ocr_par' dir='ltr' id='par_1_18' title="bbox 372 1190 2030 1266">
     <span class='ocr_line' id='line_1_18' title="bbox 372 1190 2030 1266; baseline -0.004 -17"><span class='ocrx_word' id='word_1_121' title='bbox 372 1200 377 1205; x_wconf 77' lang='grc'><em>“</em></span> <span class='ocrx_word' id='word_1_122' title='bbox 460 1196 812 1266; x_wconf 90' lang='lat' dir='ltr'><strong>pluriumque</strong></span> <span class='ocrx_word' id='word_1_123' title='bbox 840 1196 1129 1248; x_wconf 90' lang='lat' dir='ltr'><strong>numinum</strong></span> <span class='ocrx_word' id='word_1_124' title='bbox 1160 1192 1568 1247; x_wconf 80' lang='lat' dir='ltr'><strong>venerationem</strong></span> <span class='ocrx_word' id='word_1_125' title='bbox 1601 1190 1884 1261; x_wconf 83' lang='lat' dir='ltr'><strong>conﬁngit,</strong></span> <span class='ocrx_word' id='word_1_126' title='bbox 1916 1200 2030 1244; x_wconf 90' lang='lat' dir='ltr'><strong>tum</strong></span> 
     </span>
    </p>
   </div>
   <div class='ocr_carea' id='block_1_19' title="bbox 2151 1188 3731 1266">
    <p class='ocr_par' dir='ltr' id='par_1_19' title="bbox 2151 1188 3731 1261">
     <span class='ocr_line' id='line_1_19' title="bbox 2151 1188 3731 1261; baseline -0.004 -16"><span class='ocrx_word' id='word_1_127' title='bbox 2151 1192 2304 1258; x_wconf 65' lang='grc' dir='ltr'>πείαις</span> <span class='ocrx_word' id='word_1_128' title='bbox 2331 1209 2388 1244; x_wconf 85' lang='grc' dir='ltr'><strong>τε</strong></span> <span class='ocrx_word' id='word_1_129' title='bbox 2441 1190 2536 1245; x_wconf 81' lang='grc' dir='ltr'>καὶ</span> <span class='ocrx_word' id='word_1_130' title='bbox 2581 1191 2843 1259; x_wconf 78' lang='grc' dir='ltr'>δυνάμεσι</span> <span class='ocrx_word' id='word_1_131' title='bbox 2878 1189 3262 1261; x_wconf 79' lang='grc' dir='ltr'>καταμερίζων</span> <span class='ocrx_word' id='word_1_132' title='bbox 3287 1205 3303 1220; x_wconf 77' lang='grc' dir='ltr'><strong><em>ο</em></strong></span> <span class='ocrx_word' id='word_1_133' title='bbox 3333 1188 3436 1241; x_wconf 67' lang='grc' dir='ltr'>καὶ</span> <span class='ocrx_word' id='word_1_134' title='bbox 3487 1188 3731 1240; x_wconf 74' lang='grc' dir='ltr'>πλαττό-</span> 
     </span>
    </p>
   </div>
   <div class='ocr_carea' id='block_1_20' title="bbox 462 1278 2050 1356">
    <p class='ocr_par' dir='ltr' id='par_1_20' title="bbox 462 1282 2030 1356">
     <span class='ocr_line' id='line_1_20' title="bbox 462 1282 2030 1356; baseline -0.004 -15"><span class='ocrx_word' id='word_1_135' title='bbox 462 1287 734 1356; x_wconf 89' lang='lat' dir='ltr'><strong>ipsorum,</strong></span> <span class='ocrx_word' id='word_1_136' title='bbox 771 1285 1079 1356; x_wconf 88' lang='lat' dir='ltr'><strong>quibusilla</strong></span> <span class='ocrx_word' id='word_1_137' title='bbox 1109 1285 1424 1348; x_wconf 87' lang='lat' dir='ltr'><strong>adhibetur,</strong></span> <span class='ocrx_word' id='word_1_138' title='bbox 1477 1283 1827 1338; x_wconf 89' lang='lat' dir='ltr'><strong>multitudine</strong></span> <span class='ocrx_word' id='word_1_139' title='bbox 1865 1282 2030 1336; x_wconf 87' lang='lat' dir='ltr'><strong>dissi-</strong></span> 
     </span>
    </p>
   </div>
   <div class='ocr_carea' id='block_1_21' title="bbox 2151 1278 3729 1356">
    <p class='ocr_par' dir='ltr' id='par_1_21' title="bbox 2151 1278 3729 1352">
     <span class='ocr_line' id='line_1_21' title="bbox 2151 1278 3729 1352; baseline -0.003 -18"><span class='ocrx_word' id='word_1_140' title='bbox 2151 1299 2293 1346; x_wconf 77' lang='grc' dir='ltr'>ιενος</span> <span class='ocrx_word' id='word_1_141' title='bbox 2330 1282 2492 1345; x_wconf 76' lang='grc' dir='ltr'>σέϐας</span> <span class='ocrx_word' id='word_1_142' title='bbox 2517 1279 2796 1343; x_wconf 82' lang='grc' dir='ltr'>πολύθεον.</span> <span class='ocrx_word' id='word_1_143' title='bbox 2830 1281 2910 1352; x_wconf 82' lang='grc' dir='ltr'><strong>τῷ</strong></span> <span class='ocrx_word' id='word_1_144' title='bbox 2938 1298 2998 1334; x_wconf 87' lang='grc' dir='ltr'><strong>τε</strong></span> <span class='ocrx_word' id='word_1_145' title='bbox 3050 1278 3241 1349; x_wconf 81' lang='grc' dir='ltr'>πλήθει</span> <span class='ocrx_word' id='word_1_146' title='bbox 3298 1278 3415 1332; x_wconf 89' lang='grc' dir='ltr'><strong>τῶν</strong></span> <span class='ocrx_word' id='word_1_147' title='bbox 3469 1294 3729 1347; x_wconf 78' lang='grc' dir='ltr'>προσκυ-</span> 
     </span>
    </p>
   </div>
   <div class='ocr_carea' id='block_1_22' title="bbox 461 1370 2050 1444">
    <p class='ocr_par' dir='ltr' id='par_1_22' title="bbox 461 1373 2025 1441">
     <span class='ocr_line' id='line_1_22' title="bbox 461 1373 2025 1441; baseline -0.003 -10"><span class='ocrx_word' id='word_1_148' title='bbox 461 1377 703 1441; x_wconf 90' lang='lat' dir='ltr'><strong>dentem,</strong></span> <span class='ocrx_word' id='word_1_149' title='bbox 756 1385 869 1431; x_wconf 88' lang='lat' dir='ltr'><strong>tum</strong></span> <span class='ocrx_word' id='word_1_150' title='bbox 904 1376 1126 1431; x_wconf 88' lang='lat' dir='ltr'><strong>diverso</strong></span> <span class='ocrx_word' id='word_1_151' title='bbox 1162 1374 1501 1430; x_wconf 86' lang='lat' dir='ltr'><strong>adorationis</strong></span> <span class='ocrx_word' id='word_1_152' title='bbox 1550 1374 1662 1428; x_wconf 90' lang='lat' dir='ltr'><strong>ritu</strong></span> <span class='ocrx_word' id='word_1_153' title='bbox 1716 1373 2025 1427; x_wconf 88' lang='lat' dir='ltr'><strong>ridiculam.</strong></span> 
     </span>
    </p>
   </div>
   <div class='ocr_carea' id='block_1_23' title="bbox 2151 1370 3731 1444">
    <p class='ocr_par' dir='ltr' id='par_1_23' title="bbox 2151 1370 3731 1444">
     <span class='ocr_line' id='line_1_23' title="bbox 2151 1370 3731 1444; baseline -0.002 -19"><span class='ocrx_word' id='word_1_154' title='bbox 2151 1391 2223 1426; x_wconf 65' lang='grc' dir='ltr'>μου</span> <span class='ocrx_word' id='word_1_155' title='bbox 2232 1373 2405 1444; x_wconf 80' lang='grc' dir='ltr'>μένων</span> <span class='ocrx_word' id='word_1_156' title='bbox 2426 1372 2867 1443; x_wconf 77' lang='grc' dir='ltr'>στασιαζόμενον,</span> <span class='ocrx_word' id='word_1_157' title='bbox 2890 1374 2985 1427; x_wconf 58' lang='grc' dir='ltr'><strong>καὶ¹</strong></span> <span class='ocrx_word' id='word_1_158' title='bbox 3002 1372 3080 1442; x_wconf 81' lang='grc' dir='ltr'>τῷ</span> <span class='ocrx_word' id='word_1_159' title='bbox 3095 1371 3337 1442; x_wconf 78' lang='grc' dir='ltr'>διαφόρῳ</span> <span class='ocrx_word' id='word_1_160' title='bbox 3359 1370 3467 1439; x_wconf 74' lang='grc' dir='ltr'>τῆς</span> <span class='ocrx_word' id='word_1_161' title='bbox 3480 1386 3731 1439; x_wconf 71' lang='grc' dir='ltr'>προσκυ-</span> 
     </span>
    </p>
   </div>
   <div class='ocr_carea' id='block_1_24' title="bbox 463 1450 2050 1537">
    <p class='ocr_par' dir='ltr' id='par_1_24' title="bbox 463 1464 2031 1536">
     <span class='ocr_line' id='line_1_24' title="bbox 463 1464 2031 1536; baseline -0.003 -16"><span class='ocrx_word' id='word_1_162' title='bbox 463 1466 565 1521; x_wconf 90' lang='lat' dir='ltr'><strong>llic</strong></span> <span class='ocrx_word' id='word_1_163' title='bbox 593 1482 745 1533; x_wconf 86' lang='lat' dir='ltr'><strong>vero,</strong></span> <span class='ocrx_word' id='word_1_164' title='bbox 791 1482 965 1521; x_wconf 89' lang='lat' dir='ltr'><strong>unum</strong></span> <span class='ocrx_word' id='word_1_165' title='bbox 1009 1466 1234 1536; x_wconf 88' lang='lat' dir='ltr'><strong>quidem</strong></span> <span class='ocrx_word' id='word_1_166' title='bbox 1289 1466 1677 1535; x_wconf 87' lang='lat' dir='ltr'><strong>principatum,</strong></span> <span class='ocrx_word' id='word_1_167' title='bbox 1729 1464 1825 1519; x_wconf 87' lang='lat' dir='ltr'><strong>sed</strong></span> <span class='ocrx_word' id='word_1_168' title='bbox 1857 1478 2031 1533; x_wconf 88' lang='lat' dir='ltr'><strong>angu-</strong></span> 
     </span>
    </p>
   </div>
   <div class='ocr_carea' id='block_1_25' title="bbox 2151 1450 3731 1537">
    <p class='ocr_par' dir='ltr' id='par_1_25' title="bbox 2151 1459 3731 1537">
     <span class='ocr_line' id='line_1_25' title="bbox 2151 1459 3731 1537; baseline -0.004 -18"><span class='ocrx_word' id='word_1_169' title='bbox 2151 1467 2345 1537; x_wconf 68' lang='grc' dir='ltr'>ιήσεως</span> <span class='ocrx_word' id='word_1_170' title='bbox 2378 1464 2564 1536; x_wconf 81' lang='grc' dir='ltr'>τρόπῳ</span> <span class='ocrx_word' id='word_1_171' title='bbox 2586 1463 2909 1533; x_wconf 84' lang='grc' dir='ltr'><strong>γελώμενον.</strong></span> <span class='ocrx_word' id='word_1_172' title='bbox 2946 1463 3004 1516; x_wconf 84' lang='grc' dir='ltr'><strong>Ὀ</strong></span> <span class='ocrx_word' id='word_1_173' title='bbox 3035 1462 3111 1528; x_wconf 83' lang='grc' dir='ltr'><strong>δὲ,</strong></span> <span class='ocrx_word' id='word_1_174' title='bbox 3145 1460 3393 1532; x_wconf 71' lang='lat' dir='ltr'><strong>(llarg.6</strong></span> <span class='ocrx_word' id='word_1_175' title='bbox 3427 1459 3731 1521; x_wconf 71' lang='grc' dir='ltr'>’ἰουδαίιδς</span> 
     </span>
    </p>
   </div>
   <div class='ocr_carea' id='block_1_26' title="bbox 461 1543 2050 1627">
    <p class='ocr_par' dir='ltr' id='par_1_26' title="bbox 461 1543 2032 1624">
     <span class='ocr_line' id='line_1_26' title="bbox 461 1543 2032 1624; baseline -0.003 -15"><span class='ocrx_word' id='word_1_176' title='bbox 461 1563 607 1609; x_wconf 86' lang='lat' dir='ltr'><strong>stum</strong></span> <span class='ocrx_word' id='word_1_177' title='bbox 634 1570 698 1610; x_wconf 90' lang='lat' dir='ltr'><strong>ac</strong></span> <span class='ocrx_word' id='word_1_178' title='bbox 730 1543 1133 1624; x_wconf 79' lang='lat' dir='ltr'><strong>imperfectum,</strong></span> <span class='ocrx_word' id='word_1_179' title='bbox 1167 1571 1272 1610; x_wconf 88' lang='lat' dir='ltr'><strong>nec</strong></span> <span class='ocrx_word' id='word_1_180' title='bbox 1294 1554 1408 1609; x_wconf 85' lang='lat' dir='ltr'><strong>fere</strong></span> <span class='ocrx_word' id='word_1_181' title='bbox 1441 1554 1855 1616; x_wconf 84' lang='lat' dir='ltr'><strong>consistentem,</strong></span> <span class='ocrx_word' id='word_1_182' title='bbox 1911 1561 2032 1605; x_wconf 89' lang='lat' dir='ltr'><strong>tan-</strong></span> 
     </span>
    </p>
   </div>
   <div class='ocr_carea' id='block_1_27' title="bbox 2151 1543 3730 1627">
    <p class='ocr_par' dir='ltr' id='par_1_27' title="bbox 2151 1549 3730 1627">
     <span class='ocr_line' id='line_1_27' title="bbox 2151 1549 3730 1627; baseline -0.005 -18"><span class='ocrx_word' id='word_1_183' title='bbox 2151 1557 2315 1626; x_wconf 56' lang='grc' dir='ltr'>λόγος)</span> <span class='ocrx_word' id='word_1_184' title='bbox 2374 1557 2503 1627; x_wconf 81' lang='grc' dir='ltr'>μίαν</span> <span class='ocrx_word' id='word_1_185' title='bbox 2543 1555 2663 1626; x_wconf 81' lang='grc' dir='ltr'>μὲν,</span> <span class='ocrx_word' id='word_1_186' title='bbox 2699 1554 2890 1624; x_wconf 82' lang='grc' dir='ltr'>στενὴν</span> <span class='ocrx_word' id='word_1_187' title='bbox 2938 1552 2995 1605; x_wconf 83' lang='grc' dir='ltr'>δὲ</span> <span class='ocrx_word' id='word_1_188' title='bbox 3048 1551 3143 1605; x_wconf 77' lang='grc' dir='ltr'>καὶ</span> <span class='ocrx_word' id='word_1_189' title='bbox 3172 1549 3360 1620; x_wconf 79' lang='grc' dir='ltr'>ἀτελῆ,</span> <span class='ocrx_word' id='word_1_190' title='bbox 3397 1550 3499 1603; x_wconf 76' lang='grc' dir='ltr'>καὶ</span> <span class='ocrx_word' id='word_1_191' title='bbox 3537 1549 3730 1618; x_wconf 51' lang='grc' dir='ltr'>σχὼν</span> 
     </span>
    </p>
   </div>
   <div class='ocr_carea' id='block_1_28' title="bbox 462 1638 2050 1716">
    <p class='ocr_par' dir='ltr' id='par_1_28' title="bbox 462 1643 2036 1716">
     <span class='ocr_line' id='line_1_28' title="bbox 462 1643 2036 1716; baseline 0 -19"><span class='ocrx_word' id='word_1_192' title='bbox 462 1661 626 1715; x_wconf 85' lang='lat' dir='ltr'><strong>quam</strong></span> <span class='ocrx_word' id='word_1_193' title='bbox 668 1647 877 1700; x_wconf 82' lang='lat' dir='ltr'><strong>ratione</strong></span> <span class='ocrx_word' id='word_1_194' title='bbox 925 1647 1146 1716; x_wconf 83' lang='lat' dir='ltr'><strong>vitaque</strong></span> <span class='ocrx_word' id='word_1_195' title='bbox 1188 1646 1555 1712; x_wconf 91' lang='lat' dir='ltr'><strong>destitutum;</strong></span> <span class='ocrx_word' id='word_1_196' title='bbox 1617 1645 1672 1699; x_wconf 90' lang='lat' dir='ltr'><strong>in</strong></span> <span class='ocrx_word' id='word_1_197' title='bbox 1716 1643 1925 1713; x_wconf 59' lang='lat' dir='ltr'><strong>aequale</strong></span> <span class='ocrx_word' id='word_1_198' title='bbox 1972 1658 2036 1697; x_wconf 89' lang='lat' dir='ltr'><strong>ac</strong></span> 
     </span>
    </p>
   </div>
   <div class='ocr_carea' id='block_1_29' title="bbox 2151 1638 3732 1716">
    <p class='ocr_par' dir='ltr' id='par_1_29' title="bbox 2151 1638 3732 1714">
     <span class='ocr_line' id='line_1_29' title="bbox 2151 1638 3732 1714; baseline -0.007 -13"><span class='ocrx_word' id='word_1_199' title='bbox 2151 1648 2531 1710; x_wconf 66' lang='lat' dir='ltr'><strong>ivurtdararov,</strong></span> <span class='ocrx_word' id='word_1_200' title='bbox 2578 1646 2653 1710; x_wconf 84' lang='grc' dir='ltr'>ὡς</span> <span class='ocrx_word' id='word_1_201' title='bbox 2710 1645 2869 1714; x_wconf 83' lang='grc' dir='ltr'><strong>λόγου</strong></span> <span class='ocrx_word' id='word_1_202' title='bbox 2926 1644 3020 1696; x_wconf 69' lang='grc' dir='ltr'>καὶ</span> <span class='ocrx_word' id='word_1_203' title='bbox 3067 1638 3213 1710; x_wconf 81' lang='grc' dir='ltr'>ζωῆς</span> <span class='ocrx_word' id='word_1_204' title='bbox 3262 1639 3511 1710; x_wconf 76' lang='grc' dir='ltr'>ἔρημον,</span> <span class='ocrx_word' id='word_1_205' title='bbox 3591 1642 3732 1710; x_wconf 65' lang='grc' dir='ltr'>πρὶς</span> 
     </span>
    </p>
   </div>
   <div class='ocr_carea' id='block_1_30' title="bbox 465 1732 2050 1807">
    <p class='ocr_par' dir='ltr' id='par_1_30' title="bbox 465 1734 2036 1806">
     <span class='ocr_line' id='line_1_30' title="bbox 465 1734 2036 1806; baseline -0.001 -17"><span class='ocrx_word' id='word_1_206' title='bbox 465 1737 616 1806; x_wconf 86' lang='lat' dir='ltr'><strong>prior</strong></span> <span class='ocrx_word' id='word_1_207' title='bbox 646 1737 868 1801; x_wconf 88' lang='lat' dir='ltr'><strong>malum,</strong></span> <span class='ocrx_word' id='word_1_208' title='bbox 904 1736 1129 1791; x_wconf 61' lang='lat' dir='ltr'><strong>sublatae</strong></span> <span class='ocrx_word' id='word_1_209' title='bbox 1158 1734 1378 1791; x_wconf 85' lang='lat' dir='ltr'><strong>deitatis</strong></span> <span class='ocrx_word' id='word_1_210' title='bbox 1417 1751 1514 1805; x_wconf 90' lang='lat' dir='ltr'><strong>per</strong></span> <span class='ocrx_word' id='word_1_211' title='bbox 1559 1735 1835 1789; x_wconf 86' lang='lat' dir='ltr'><strong>contraria</strong></span> <span class='ocrx_word' id='word_1_212' title='bbox 1882 1734 2036 1788; x_wconf 88' lang='lat' dir='ltr'><strong>dela-</strong></span> 
     </span>
    </p>
   </div>
   <div class='ocr_carea' id='block_1_31' title="bbox 2151 1732 3734 1807">
    <p class='ocr_par' dir='ltr' id='par_1_31' title="bbox 2151 1732 3734 1807">
     <span class='ocr_line' id='line_1_31' title="bbox 2151 1732 3734 1807; baseline -0.006 -15"><span class='ocrx_word' id='word_1_213' title='bbox 2151 1735 2255 1792; x_wconf 77' lang='grc' dir='ltr'>ἴσον</span> <span class='ocrx_word' id='word_1_214' title='bbox 2289 1737 2454 1791; x_wconf 76' lang='grc' dir='ltr'>κακὸν</span> <span class='ocrx_word' id='word_1_215' title='bbox 2475 1736 2554 1807; x_wconf 85' lang='grc' dir='ltr'><strong>τῷ</strong></span> <span class='ocrx_word' id='word_1_216' title='bbox 2589 1737 2837 1807; x_wconf 80' lang='grc' dir='ltr'><strong>προτέρῳ</strong></span> <span class='ocrx_word' id='word_1_217' title='bbox 2875 1734 3017 1803; x_wconf 84' lang='grc' dir='ltr'>λόγῳ</span> <span class='ocrx_word' id='word_1_218' title='bbox 3047 1732 3134 1786; x_wconf 83' lang='grc' dir='ltr'>διὰ</span> <span class='ocrx_word' id='word_1_219' title='bbox 3163 1732 3270 1785; x_wconf 88' lang='grc' dir='ltr'><strong>τῶν</strong></span> <span class='ocrx_word' id='word_1_220' title='bbox 3318 1732 3595 1784; x_wconf 77' lang='grc' dir='ltr'>ἐναντίων</span> <span class='ocrx_word' id='word_1_221' title='bbox 3644 1734 3734 1783; x_wconf 76' lang='grc' dir='ltr'><strong>ὲκ-</strong></span> 
     </span>
    </p>
   </div>
   <div class='ocr_carea' id='block_1_32' title="bbox 466 1822 2050 1899">
    <p class='ocr_par' dir='ltr' id='par_1_32' title="bbox 466 1824 2035 1897">
     <span class='ocr_line' id='line_1_32' title="bbox 466 1824 2035 1897; baseline -0.002 -16"><span class='ocrx_word' id='word_1_222' title='bbox 466 1843 598 1897; x_wconf 87' lang='lat' dir='ltr'><strong>psus</strong></span> <span class='ocrx_word' id='word_1_223' title='bbox 624 1844 638 1891; x_wconf 91' lang='lat'><strong>;</strong></span> <span class='ocrx_word' id='word_1_224' title='bbox 666 1843 771 1881; x_wconf 90' lang='lat' dir='ltr'><strong>una</strong></span> <span class='ocrx_word' id='word_1_225' title='bbox 799 1827 1011 1882; x_wconf 87' lang='lat' dir='ltr'><strong>scilicet</strong></span> <span class='ocrx_word' id='word_1_226' title='bbox 1035 1842 1270 1897; x_wconf 87' lang='lat' dir='ltr'><strong>persona</strong></span> <span class='ocrx_word' id='word_1_227' title='bbox 1294 1842 1462 1880; x_wconf 89' lang='lat' dir='ltr'><strong>unum</strong></span> <span class='ocrx_word' id='word_1_228' title='bbox 1488 1825 1638 1879; x_wconf 90' lang='lat' dir='ltr'><strong>illum</strong></span> <span class='ocrx_word' id='word_1_229' title='bbox 1662 1824 2035 1895; x_wconf 90' lang='lat' dir='ltr'><strong>principatum</strong></span> 
     </span>
    </p>
   </div>
   <div class='ocr_carea' id='block_1_33' title="bbox 2151 1822 3734 1899">
    <p class='ocr_par' dir='ltr' id='par_1_33' title="bbox 2151 1822 3734 1899">
     <span class='ocr_line' id='line_1_33' title="bbox 2151 1822 3734 1899; baseline -0.007 -16"><span class='ocrx_word' id='word_1_230' title='bbox 2151 1829 2377 1890; x_wconf 83' lang='grc' dir='ltr'>πίπτων,</span> <span class='ocrx_word' id='word_1_231' title='bbox 2418 1828 2516 1899; x_wconf 81' lang='grc' dir='ltr'>τὴν</span> <span class='ocrx_word' id='word_1_232' title='bbox 2565 1826 2787 1880; x_wconf 72' lang='grc' dir='ltr'>ἁθεΐανσ</span> <span class='ocrx_word' id='word_1_233' title='bbox 2824 1825 2902 1879; x_wconf 78' lang='grc' dir='ltr'><strong>ἐνὶ</strong></span> <span class='ocrx_word' id='word_1_234' title='bbox 2928 1825 3284 1895; x_wconf 73' lang='grc' dir='ltr'>περιγράφων</span> <span class='ocrx_word' id='word_1_235' title='bbox 3319 1822 3613 1893; x_wconf 77' lang='grc' dir='ltr'>προσώπῳ</span> <span class='ocrx_word' id='word_1_236' title='bbox 3635 1823 3734 1893; x_wconf 71' lang='grc' dir='ltr'>τὴν</span> 
     </span>
    </p>
   </div>
   <div class='ocr_carea' id='block_1_34' title="bbox 466 1908 2050 1989">
    <p class='ocr_par' dir='ltr' id='par_1_34' title="bbox 466 1915 2039 1986">
     <span class='ocr_line' id='line_1_34' title="bbox 466 1915 2039 1986; baseline 0 -15"><span class='ocrx_word' id='word_1_237' title='bbox 466 1932 701 1986; x_wconf 88' lang='lat' dir='ltr'><strong>eumque</strong></span> <span class='ocrx_word' id='word_1_238' title='bbox 724 1917 930 1986; x_wconf 88' lang='lat' dir='ltr'><strong>absque</strong></span> <span class='ocrx_word' id='word_1_239' title='bbox 957 1918 1168 1972; x_wconf 88' lang='lat' dir='ltr'><strong>ratione</strong></span> <span class='ocrx_word' id='word_1_240' title='bbox 1204 1932 1301 1972; x_wconf 89' lang='lat' dir='ltr'><strong>seu</strong></span> <span class='ocrx_word' id='word_1_241' title='bbox 1339 1915 1514 1971; x_wconf 84' lang='lat' dir='ltr'><strong>Verbo</strong></span> <span class='ocrx_word' id='word_1_242' title='bbox 1546 1932 1609 1971; x_wconf 93' lang='lat' dir='ltr'><strong>ac</strong></span> <span class='ocrx_word' id='word_1_243' title='bbox 1664 1915 1876 1986; x_wconf 87' lang='lat' dir='ltr'><strong>Spiritu</strong></span> <span class='ocrx_word' id='word_1_244' title='bbox 1907 1930 2039 1971; x_wconf 88' lang='lat' dir='ltr'><strong>con-</strong></span> 
     </span>
    </p>
   </div>
   <div class='ocr_carea' id='block_1_35' title="bbox 2151 1908 3732 1989">
    <p class='ocr_par' dir='ltr' id='par_1_35' title="bbox 2151 1908 3732 1989">
     <span class='ocr_line' id='line_1_35' title="bbox 2151 1908 3732 1989; baseline -0.004 -17"><span class='ocrx_word' id='word_1_245' title='bbox 2151 1919 2274 1989; x_wconf 86' lang='grc' dir='ltr'><strong>μὶαν</strong></span> <span class='ocrx_word' id='word_1_246' title='bbox 2322 1918 2516 1989; x_wconf 72' lang='grc' dir='ltr'>ἀρχὴν,</span> <span class='ocrx_word' id='word_1_247' title='bbox 2549 1917 2642 1971; x_wconf 75' lang='grc' dir='ltr'>καὶ</span> <span class='ocrx_word' id='word_1_248' title='bbox 2672 1915 2877 1985; x_wconf 89' lang='grc' dir='ltr'>ταύτην</span> <span class='ocrx_word' id='word_1_249' title='bbox 2915 1908 3036 1985; x_wconf 72' lang='grc' dir='ltr'>δίχα</span> <span class='ocrx_word' id='word_1_250' title='bbox 3065 1912 3241 1983; x_wconf 88' lang='grc' dir='ltr'>Λόγου</span> <span class='ocrx_word' id='word_1_251' title='bbox 3268 1914 3364 1966; x_wconf 68' lang='grc' dir='ltr'>καὶ</span> <span class='ocrx_word' id='word_1_252' title='bbox 3398 1914 3732 1984; x_wconf 73' lang='grc' dir='ltr'>Πνεύματςρς</span> 
     </span>
    </p>
   </div>
   <div class='ocr_carea' id='block_1_36' title="bbox 469 2006 2050 2080">
    <p class='ocr_par' dir='ltr' id='par_1_36' title="bbox 469 2008 2040 2078">
     <span class='ocr_line' id='line_1_36' title="bbox 469 2008 2040 2078; baseline -0.002 -15"><span class='ocrx_word' id='word_1_253' title='bbox 469 2008 749 2063; x_wconf 87' lang='lat' dir='ltr'><strong>sistentem</strong></span> <span class='ocrx_word' id='word_1_254' title='bbox 765 2051 780 2074; x_wconf 92' lang='lat'><strong>,</strong></span> <span class='ocrx_word' id='word_1_255' title='bbox 803 2008 898 2062; x_wconf 84' lang='lat' dir='ltr'><strong>aut</strong></span> <span class='ocrx_word' id='word_1_256' title='bbox 919 2017 1067 2064; x_wconf 90' lang='lat' dir='ltr'><strong>certe</strong></span> <span class='ocrx_word' id='word_1_257' title='bbox 1091 2008 1300 2064; x_wconf 89' lang='lat' dir='ltr'><strong>ratione</strong></span> <span class='ocrx_word' id='word_1_258' title='bbox 1321 2017 1377 2064; x_wconf 89' lang='lat' dir='ltr'><strong>et</strong></span> <span class='ocrx_word' id='word_1_259' title='bbox 1401 2008 1598 2078; x_wconf 78' lang='lat' dir='ltr'><strong>Spiritu</strong></span> <span class='ocrx_word' id='word_1_260' title='bbox 1628 2020 1887 2078; x_wconf 88' lang='lat' dir='ltr'><strong>tanquam</strong></span> <span class='ocrx_word' id='word_1_261' title='bbox 1907 2022 2040 2076; x_wconf 88' lang='lat' dir='ltr'><strong>qua-</strong></span> 
     </span>
    </p>
   </div>
   <div class='ocr_carea' id='block_1_37' title="bbox 2151 2006 3728 2080">
    <p class='ocr_par' dir='ltr' id='par_1_37' title="bbox 2151 2006 3728 2080">
     <span class='ocr_line' id='line_1_37' title="bbox 2151 2006 3728 2080; baseline -0.004 -18"><span class='ocrx_word' id='word_1_262' title='bbox 2151 2009 2513 2080; x_wconf 79' lang='grc' dir='ltr'>ὑφισταμένην</span> <span class='ocrx_word' id='word_1_263' title='bbox 2536 2023 2550 2038; x_wconf 81' lang='grc'><em>’</em></span> <span class='ocrx_word' id='word_1_264' title='bbox 2600 2007 2633 2078; x_wconf 81' lang='grc' dir='ltr'><strong>ἢ</strong></span> <span class='ocrx_word' id='word_1_265' title='bbox 2660 2008 2816 2076; x_wconf 84' lang='grc' dir='ltr'>Λόγῳ</span> <span class='ocrx_word' id='word_1_266' title='bbox 2845 2007 2940 2060; x_wconf 78' lang='grc' dir='ltr'>καὶ</span> <span class='ocrx_word' id='word_1_267' title='bbox 2969 2006 3246 2077; x_wconf 87' lang='grc' dir='ltr'>Πνεύματι</span> <span class='ocrx_word' id='word_1_268' title='bbox 3279 2006 3686 2074; x_wconf 71' lang='grc' dir='ltr'>πεποιωμὲνην</span> <span class='ocrx_word' id='word_1_269' title='bbox 3712 2024 3728 2036; x_wconf 79' lang='grc' dir='ltr'><strong>ο</strong></span> 
     </span>
    </p>
   </div>
   <div class='ocr_carea' id='block_1_38' title="bbox 471 2096 2039 2170">
    <p class='ocr_par' dir='ltr' id='par_1_38' title="bbox 471 2096 2039 2170">
     <span class='ocr_line' id='line_1_38' title="bbox 471 2096 2039 2170; baseline 0 -19"><span class='ocrx_word' id='word_1_270' title='bbox 471 2096 621 2152; x_wconf 88' lang='lat' dir='ltr'><strong>litate</strong></span> <span class='ocrx_word' id='word_1_271' title='bbox 651 2097 944 2161; x_wconf 89' lang='lat' dir='ltr'><strong>imbutum,</strong></span> <span class='ocrx_word' id='word_1_272' title='bbox 978 2098 1281 2165; x_wconf 89' lang='lat' dir='ltr'><strong>deﬁniens;</strong></span> <span class='ocrx_word' id='word_1_273' title='bbox 1320 2114 1433 2152; x_wconf 90' lang='lat' dir='ltr'><strong>non</strong></span> <span class='ocrx_word' id='word_1_274' title='bbox 1496 2098 1831 2170; x_wconf 79' lang='lat' dir='ltr'><strong>intelligens,</strong></span> <span class='ocrx_word' id='word_1_275' title='bbox 1884 2097 2039 2167; x_wconf 88' lang='lat' dir='ltr'><strong>quis-</strong></span> 
     </span>
    </p>
   </div>
   <div class='ocr_carea' id='block_1_39' title="bbox 471 2175 2036 2258">
    <p class='ocr_par' dir='ltr' id='par_1_39' title="bbox 471 2175 2036 2258">
     <span class='ocr_line' id='line_1_39' title="bbox 471 2175 2036 2258; baseline 0 -18"><span class='ocrx_word' id='word_1_276' title='bbox 471 2201 597 2241; x_wconf 91' lang='lat' dir='ltr'><strong>nam</strong></span> <span class='ocrx_word' id='word_1_277' title='bbox 628 2187 772 2242; x_wconf 90' lang='lat' dir='ltr'><strong>Deus</strong></span> <span class='ocrx_word' id='word_1_278' title='bbox 798 2175 1015 2243; x_wconf 76' lang='lat' dir='ltr'><strong>futurus</strong></span> <span class='ocrx_word' id='word_1_279' title='bbox 1037 2188 1128 2254; x_wconf 91' lang='lat' dir='ltr'><strong>sit,</strong></span> <span class='ocrx_word' id='word_1_280' title='bbox 1156 2188 1250 2258; x_wconf 89' lang='lat' dir='ltr'><strong>qui</strong></span> <span class='ocrx_word' id='word_1_281' title='bbox 1284 2188 1481 2242; x_wconf 87' lang='lat' dir='ltr'><strong>horum</strong></span> <span class='ocrx_word' id='word_1_282' title='bbox 1530 2189 1756 2242; x_wconf 81' lang='lat' dir='ltr'><strong>exsistat</strong></span> <span class='ocrx_word' id='word_1_283' title='bbox 1802 2200 2036 2257; x_wconf 85' lang='lat' dir='ltr'><strong>expers;</strong></span> 
     </span>
    </p>
   </div>
   <div class='ocr_carea' id='block_1_40' title="bbox 474 2276 2038 2347">
    <p class='ocr_par' dir='ltr' id='par_1_40' title="bbox 474 2276 2038 2347">
     <span class='ocr_line' id='line_1_40' title="bbox 474 2276 2038 2347; baseline -0.001 -16"><span class='ocrx_word' id='word_1_284' title='bbox 474 2285 570 2331; x_wconf 88' lang='lat' dir='ltr'><strong>aut</strong></span> <span class='ocrx_word' id='word_1_285' title='bbox 591 2277 869 2346; x_wconf 90' lang='lat' dir='ltr'><strong>quomodo</strong></span> <span class='ocrx_word' id='word_1_286' title='bbox 901 2279 1063 2341; x_wconf 90' lang='lat' dir='ltr'><strong>Deus,</strong></span> <span class='ocrx_word' id='word_1_287' title='bbox 1086 2279 1179 2347; x_wconf 91' lang='lat' dir='ltr'><strong>qui</strong></span> <span class='ocrx_word' id='word_1_288' title='bbox 1205 2278 1349 2332; x_wconf 87' lang='lat' dir='ltr'><strong>haud</strong></span> <span class='ocrx_word' id='word_1_289' title='bbox 1378 2293 1538 2333; x_wconf 89' lang='lat' dir='ltr'><strong>secus</strong></span> <span class='ocrx_word' id='word_1_290' title='bbox 1561 2294 1625 2333; x_wconf 92' lang='lat' dir='ltr'><strong>ac</strong></span> <span class='ocrx_word' id='word_1_291' title='bbox 1652 2277 1819 2332; x_wconf 89' lang='lat' dir='ltr'><strong>animi</strong></span> <span class='ocrx_word' id='word_1_292' title='bbox 1843 2276 2038 2343; x_wconf 89' lang='lat' dir='ltr'><strong>creati,</strong></span> 
     </span>
    </p>
   </div>
   <div class='ocr_carea' id='block_1_41' title="bbox 472 2367 2039 2438">
    <p class='ocr_par' dir='ltr' id='par_1_41' title="bbox 472 2367 2039 2438">
     <span class='ocr_line' id='line_1_41' title="bbox 472 2367 2039 2438; baseline -0.001 -16"><span class='ocrx_word' id='word_1_293' title='bbox 472 2367 625 2423; x_wconf 82' lang='lat' dir='ltr'><strong>hisce</strong></span> <span class='ocrx_word' id='word_1_294' title='bbox 649 2376 907 2438; x_wconf 88' lang='lat' dir='ltr'><strong>tanquam</strong></span> <span class='ocrx_word' id='word_1_295' title='bbox 934 2367 1308 2423; x_wconf 90' lang='lat' dir='ltr'><strong>accidentibus</strong></span> <span class='ocrx_word' id='word_1_296' title='bbox 1334 2368 1757 2438; x_wconf 86' lang='lat' dir='ltr'><strong>impartiatur“.</strong></span> <span class='ocrx_word' id='word_1_297' title='bbox 1810 2368 2039 2430; x_wconf 82' lang='lat' dir='ltr'><strong>ilorum,</strong></span> 
     </span>
    </p>
   </div>
   <div class='ocr_carea' id='block_1_42' title="bbox 474 2456 2041 2526">
    <p class='ocr_par' dir='ltr' id='par_1_42' title="bbox 474 2456 2041 2526">
     <span class='ocr_line' id='line_1_42' title="bbox 474 2456 2041 2526; baseline 0.003 -16"><span class='ocrx_word' id='word_1_298' title='bbox 474 2456 556 2511; x_wconf 90' lang='lat' dir='ltr'><strong>uti</strong></span> <span class='ocrx_word' id='word_1_299' title='bbox 595 2456 868 2521; x_wconf 88' lang='lat' dir='ltr'><strong>dicebam,</strong></span> <span class='ocrx_word' id='word_1_300' title='bbox 905 2465 1100 2510; x_wconf 90' lang='lat' dir='ltr'><strong>neuter</strong></span> <span class='ocrx_word' id='word_1_301' title='bbox 1126 2472 1354 2526; x_wconf 91' lang='lat' dir='ltr'><strong>prorsus</strong></span> <span class='ocrx_word' id='word_1_302' title='bbox 1414 2459 1470 2512; x_wconf 92' lang='lat' dir='ltr'><strong>in</strong></span> <span class='ocrx_word' id='word_1_303' title='bbox 1517 2458 1735 2513; x_wconf 89' lang='lat' dir='ltr'><strong>Christo</strong></span> <span class='ocrx_word' id='word_1_304' title='bbox 1780 2467 1882 2524; x_wconf 90' lang='lat' dir='ltr'><strong>est,</strong></span> <span class='ocrx_word' id='word_1_305' title='bbox 1946 2461 2041 2516; x_wconf 88' lang='lat' dir='ltr'><strong>sed</strong></span> 
     </span>
    </p>
   </div>
   <div class='ocr_carea' id='block_1_43' title="bbox 472 2546 2043 2620">
    <p class='ocr_par' dir='ltr' id='par_1_43' title="bbox 472 2546 2043 2620">
     <span class='ocr_line' id='line_1_43' title="bbox 472 2546 2043 2620; baseline 0.003 -19"><span class='ocrx_word' id='word_1_306' title='bbox 472 2562 618 2603; x_wconf 76' lang='lat' dir='ltr'><strong>verae</strong></span> <span class='ocrx_word' id='word_1_307' title='bbox 638 2548 902 2601; x_wconf 81' lang='lat' dir='ltr'><strong>duntaxat</strong></span> <span class='ocrx_word' id='word_1_308' title='bbox 940 2546 1161 2617; x_wconf 89' lang='lat' dir='ltr'><strong>pietatis</strong></span> <span class='ocrx_word' id='word_1_309' title='bbox 1213 2562 1415 2610; x_wconf 89' lang='lat' dir='ltr'><strong>sermo,</strong></span> <span class='ocrx_word' id='word_1_310' title='bbox 1485 2547 1747 2618; x_wconf 87' lang='lat' dir='ltr'><strong>ﬁrmaque</strong></span> <span class='ocrx_word' id='word_1_311' title='bbox 1799 2550 2043 2620; x_wconf 68' lang='lat' dir='ltr'><strong>mystica:</strong></span> 
     </span>
    </p>
   </div>
   <div class='ocr_carea' id='block_1_44' title="bbox 473 2636 2046 2706">
    <p class='ocr_par' dir='ltr' id='par_1_44' title="bbox 473 2636 2046 2706">
     <span class='ocr_line' id='line_1_44' title="bbox 473 2636 2046 2706; baseline 0.001 -14"><span class='ocrx_word' id='word_1_312' title='bbox 473 2636 763 2706; x_wconf 68' lang='lat' dir='ltr'><strong>theologia:</strong></span> <span class='ocrx_word' id='word_1_313' title='bbox 784 2637 893 2700; x_wconf 81' lang='lat' dir='ltr'><strong>lex,</strong></span> <span class='ocrx_word' id='word_1_314' title='bbox 915 2645 1029 2691; x_wconf 91' lang='lat' dir='ltr'><strong>tum</strong></span> <span class='ocrx_word' id='word_1_315' title='bbox 1063 2637 1285 2706; x_wconf 90' lang='lat' dir='ltr'><strong>prioris,</strong></span> <span class='ocrx_word' id='word_1_316' title='bbox 1315 2636 1538 2693; x_wconf 87' lang='lat' dir='ltr'><strong>deitatis</strong></span> <span class='ocrx_word' id='word_1_317' title='bbox 1570 2638 1896 2694; x_wconf 88' lang='lat' dir='ltr'><strong>divisionem</strong></span> <span class='ocrx_word' id='word_1_318' title='bbox 1945 2639 2046 2693; x_wconf 87' lang='lat' dir='ltr'><strong>eli-</strong></span> 
     </span>
    </p>
   </div>
   <div class='ocr_carea' id='block_1_45' title="bbox 476 2727 2042 2799">
    <p class='ocr_par' dir='ltr' id='par_1_45' title="bbox 476 2727 2042 2799">
     <span class='ocr_line' id='line_1_45' title="bbox 476 2727 2042 2799; baseline 0.003 -19"><span class='ocrx_word' id='word_1_319' title='bbox 476 2728 718 2794; x_wconf 88' lang='lat' dir='ltr'><strong>minans;</strong></span> <span class='ocrx_word' id='word_1_320' title='bbox 741 2734 854 2781; x_wconf 91' lang='lat' dir='ltr'><strong>tum</strong></span> <span class='ocrx_word' id='word_1_321' title='bbox 880 2727 1225 2796; x_wconf 83' lang='lat' dir='ltr'><strong>posterioris,</strong></span> <span class='ocrx_word' id='word_1_322' title='bbox 1254 2729 1688 2784; x_wconf 88' lang='lat' dir='ltr'><strong>contractionem</strong></span> <span class='ocrx_word' id='word_1_323' title='bbox 1717 2729 2042 2799; x_wconf 89' lang='lat' dir='ltr'><strong>repudians;</strong></span> 
     </span>
    </p>
   </div>
   <div class='ocr_carea' id='block_1_46' title="bbox 2147 2096 3726 2171">
    <p class='ocr_par' dir='ltr' id='par_1_46' title="bbox 2147 2096 3726 2171">
     <span class='ocr_line' id='line_1_46' title="bbox 2147 2096 3726 2171; baseline -0.004 -17"><span class='ocrx_word' id='word_1_324' title='bbox 2147 2101 2222 2171; x_wconf 83' lang='grc' dir='ltr'>μὴ</span> <span class='ocrx_word' id='word_1_325' title='bbox 2262 2100 2523 2169; x_wconf 85' lang='grc' dir='ltr'>συνορῶν,</span> <span class='ocrx_word' id='word_1_326' title='bbox 2578 2101 2660 2153; x_wconf 85' lang='grc' dir='ltr'>ὅτι</span> <span class='ocrx_word' id='word_1_327' title='bbox 2703 2099 2786 2162; x_wconf 89' lang='grc' dir='ltr'><strong>τίς</strong></span> <span class='ocrx_word' id='word_1_328' title='bbox 2863 2098 3014 2164; x_wconf 83' lang='grc' dir='ltr'><strong>Θεὸς,</strong></span> <span class='ocrx_word' id='word_1_329' title='bbox 3066 2097 3274 2150; x_wconf 86' lang='grc' dir='ltr'>τούτων</span> <span class='ocrx_word' id='word_1_330' title='bbox 3307 2096 3726 2168; x_wconf 75' lang='grc' dir='ltr'>ὴμοιρημένος·</span> 
     </span>
    </p>
   </div>
   <div class='ocr_carea' id='block_1_47' title="bbox 2144 2185 3731 2262">
    <p class='ocr_par' dir='ltr' id='par_1_47' title="bbox 2144 2185 3731 2262">
     <span class='ocr_line' id='line_1_47' title="bbox 2144 2185 3731 2262; baseline -0.003 -20"><span class='ocrx_word' id='word_1_331' title='bbox 2144 2190 2178 2262; x_wconf 79' lang='grc' dir='ltr'>ἢ</span> <span class='ocrx_word' id='word_1_332' title='bbox 2211 2190 2330 2251; x_wconf 85' lang='grc' dir='ltr'><strong>πῶς</strong></span> <span class='ocrx_word' id='word_1_333' title='bbox 2360 2189 2494 2252; x_wconf 85' lang='grc' dir='ltr'><strong>Θεὸς</strong></span> <span class='ocrx_word' id='word_1_334' title='bbox 2546 2186 2761 2260; x_wconf 81' lang='grc' dir='ltr'><strong>μεθέξει</strong></span> <span class='ocrx_word' id='word_1_335' title='bbox 2801 2186 3194 2257; x_wconf 79' lang='grc' dir='ltr'><strong>παραπλησίως</strong></span> <span class='ocrx_word' id='word_1_336' title='bbox 3230 2188 3347 2249; x_wconf 86' lang='grc' dir='ltr'>τοῖς</span> <span class='ocrx_word' id='word_1_337' title='bbox 3378 2185 3491 2236; x_wconf 79' lang='grc' dir='ltr'><strong>ὑπὸ</strong></span> <span class='ocrx_word' id='word_1_338' title='bbox 3517 2186 3731 2253; x_wconf 72' lang='grc' dir='ltr'>γένεσιν</span> 
     </span>
    </p>
   </div>
   <div class='ocr_carea' id='block_1_48' title="bbox 2145 2277 3729 2350">
    <p class='ocr_par' dir='ltr' id='par_1_48' title="bbox 2145 2277 3729 2350">
     <span class='ocr_line' id='line_1_48' title="bbox 2145 2277 3729 2350; baseline -0.003 -16"><span class='ocrx_word' id='word_1_339' title='bbox 2145 2281 2401 2350; x_wconf 85' lang='grc' dir='ltr'>λογικοῖς,</span> <span class='ocrx_word' id='word_1_340' title='bbox 2452 2278 2529 2342; x_wconf 83' lang='grc' dir='ltr'>ὡς</span> <span class='ocrx_word' id='word_1_341' title='bbox 2577 2277 3002 2350; x_wconf 77' lang='grc' dir='ltr'>συμόεόηκότων</span> <span class='ocrx_word' id='word_1_342' title='bbox 3032 2279 3236 2332; x_wconf 83' lang='grc' dir='ltr'>τούτων</span> <span class='ocrx_word' id='word_1_343' title='bbox 3268 2278 3690 2347; x_wconf 75' lang='grc' dir='ltr'>μεμοιραμένος</span> <span class='ocrx_word' id='word_1_344' title='bbox 3712 2295 3729 2309; x_wconf 71' lang='grc' dir='ltr'><strong><em>ο</em></strong></span> 
     </span>
    </p>
   </div>
   <div class='ocr_carea' id='block_1_49' title="bbox 2144 2366 3727 2442">
    <p class='ocr_par' dir='ltr' id='par_1_49' title="bbox 2144 2366 3727 2442">
     <span class='ocr_line' id='line_1_49' title="bbox 2144 2366 3727 2442; baseline -0.013 -10"><span class='ocrx_word' id='word_1_345' title='bbox 2144 2367 2219 2427; x_wconf 86' lang='grc' dir='ltr'>ὧν</span> <span class='ocrx_word' id='word_1_346' title='bbox 2264 2372 2413 2430; x_wconf 83' lang='grc' dir='ltr'><strong>ὲν.Χ</strong></span> <span class='ocrx_word' id='word_1_347' title='bbox 2426 2369 2591 2442; x_wconf 86' lang='grc' dir='ltr'>ριστῷ</span> <span class='ocrx_word' id='word_1_348' title='bbox 2628 2370 2688 2423; x_wconf 84' lang='grc' dir='ltr'>τὸ</span> <span class='ocrx_word' id='word_1_349' title='bbox 2722 2367 2999 2440; x_wconf 72' lang='grc' dir='ltr'>παράπαν,</span> <span class='ocrx_word' id='word_1_350' title='bbox 3058 2367 3135 2433; x_wconf 82' lang='grc' dir='ltr'><strong>ὡς</strong></span> <span class='ocrx_word' id='word_1_351' title='bbox 3182 2366 3321 2439; x_wconf 72' lang='grc' dir='ltr'>ἔφην</span> <span class='ocrx_word' id='word_1_352' title='bbox 3352 2367 3458 2440; x_wconf 68' lang='grc'><strong>(4),</strong></span> <span class='ocrx_word' id='word_1_353' title='bbox 3513 2368 3727 2430; x_wconf 72' lang='grc' dir='ltr'>οὐδείς’</span> 
     </span>
    </p>
   </div>
   <div class='ocr_carea' id='block_1_50' title="bbox 2148 2454 3730 2528">
    <p class='ocr_par' dir='ltr' id='par_1_50' title="bbox 2148 2454 3730 2528">
     <span class='ocr_line' id='line_1_50' title="bbox 2148 2454 3730 2528; baseline -0.001 -15"><span class='ocrx_word' id='word_1_354' title='bbox 2148 2457 2284 2513; x_wconf 82' lang='grc' dir='ltr'>ἀλλὰ</span> <span class='ocrx_word' id='word_1_355' title='bbox 2331 2457 2491 2528; x_wconf 85' lang='grc' dir='ltr'>μόνος</span> <span class='ocrx_word' id='word_1_356' title='bbox 2548 2454 2779 2526; x_wconf 78' lang='grc' dir='ltr'><strong>ἀληθοῦς</strong></span> <span class='ocrx_word' id='word_1_357' title='bbox 2829 2456 3108 2521; x_wconf 74' lang='grc' dir='ltr'>εὐσεϐείας</span> <span class='ocrx_word' id='word_1_358' title='bbox 3144 2457 3327 2526; x_wconf 85' lang='grc' dir='ltr'>λόγος,</span> <span class='ocrx_word' id='word_1_359' title='bbox 3389 2457 3495 2510; x_wconf 78' lang='grc' dir='ltr'>καὶ</span> <span class='ocrx_word' id='word_1_360' title='bbox 3536 2457 3730 2525; x_wconf 75' lang='grc' dir='ltr'>παγιος</span> 
     </span>
    </p>
   </div>
   <div class='ocr_carea' id='block_1_51' title="bbox 2152 2545 3729 2621">
    <p class='ocr_par' dir='ltr' id='par_1_51' title="bbox 2152 2545 3729 2621">
     <span class='ocr_line' id='line_1_51' title="bbox 2152 2545 3729 2621; baseline 0.001 -22"><span class='ocrx_word' id='word_1_361' title='bbox 2152 2547 2417 2616; x_wconf 76' lang='grc' dir='ltr'><strong>μυστικῆς</strong></span> <span class='ocrx_word' id='word_1_362' title='bbox 2463 2545 2738 2615; x_wconf 78' lang='grc' dir='ltr'>θεολογίας</span> <span class='ocrx_word' id='word_1_363' title='bbox 2798 2546 3016 2616; x_wconf 85' lang='grc' dir='ltr'>θεσμὸς,</span> <span class='ocrx_word' id='word_1_364' title='bbox 3067 2548 3167 2618; x_wconf 79' lang='grc' dir='ltr'>τήν</span> <span class='ocrx_word' id='word_1_365' title='bbox 3205 2565 3267 2600; x_wconf 88' lang='grc' dir='ltr'>τε</span> <span class='ocrx_word' id='word_1_366' title='bbox 3303 2546 3400 2602; x_wconf 84' lang='grc' dir='ltr'><strong>τοῦ</strong></span> <span class='ocrx_word' id='word_1_367' title='bbox 3460 2548 3729 2621; x_wconf 74' lang='grc' dir='ltr'>προτέρου</span> 
     </span>
    </p>
   </div>
   <div class='ocr_carea' id='block_1_52' title="bbox 2146 2634 3732 2708">
    <p class='ocr_par' dir='ltr' id='par_1_52' title="bbox 2146 2634 3732 2708">
     <span class='ocr_line' id='line_1_52' title="bbox 2146 2634 3732 2708; baseline 0.003 -21"><span class='ocrx_word' id='word_1_368' title='bbox 2146 2634 2305 2703; x_wconf 86' lang='grc' dir='ltr'>λόγου</span> <span class='ocrx_word' id='word_1_369' title='bbox 2335 2635 2616 2703; x_wconf 72' lang='grc' dir='ltr'>διαστολὴν</span> <span class='ocrx_word' id='word_1_370' title='bbox 2645 2636 2743 2705; x_wconf 86' lang='grc' dir='ltr'><strong>τῆς</strong></span> <span class='ocrx_word' id='word_1_371' title='bbox 2784 2634 3041 2706; x_wconf 83' lang='grc' dir='ltr'><strong>θεότητος</strong></span> <span class='ocrx_word' id='word_1_372' title='bbox 3086 2638 3567 2708; x_wconf 82' lang='grc' dir='ltr'><strong>ἀποπεμπόμενος</strong></span> <span class='ocrx_word' id='word_1_373' title='bbox 3642 2638 3732 2691; x_wconf 74' lang='grc' dir='ltr'><strong>καὶ</strong></span> 
     </span>
    </p>
   </div>
   <div class='ocr_carea' id='block_1_53' title="bbox 2149 2724 3731 2799">
    <p class='ocr_par' dir='ltr' id='par_1_53' title="bbox 2149 2724 3731 2799">
     <span class='ocr_line' id='line_1_53' title="bbox 2149 2724 3731 2799; baseline 0.001 -19"><span class='ocrx_word' id='word_1_374' title='bbox 2149 2727 2247 2797; x_wconf 82' lang='grc' dir='ltr'>τὴν</span> <span class='ocrx_word' id='word_1_375' title='bbox 2272 2726 2364 2778; x_wconf 77' lang='grc' dir='ltr'><strong>τοῦ</strong></span> <span class='ocrx_word' id='word_1_376' title='bbox 2388 2725 2641 2797; x_wconf 80' lang='grc' dir='ltr'>δευτέρου</span> <span class='ocrx_word' id='word_1_377' title='bbox 2690 2724 2764 2796; x_wconf 85' lang='grc' dir='ltr'>μὴ</span> <span class='ocrx_word' id='word_1_378' title='bbox 2813 2726 3247 2798; x_wconf 79' lang='grc' dir='ltr'>παραδεχόμενος</span> <span class='ocrx_word' id='word_1_379' title='bbox 3306 2728 3583 2799; x_wconf 80' lang='grc' dir='ltr'>συστολήν</span> <span class='ocrx_word' id='word_1_380' title='bbox 3606 2746 3623 2760; x_wconf 86' lang='grc'><strong>·</strong></span> <span class='ocrx_word' id='word_1_381' title='bbox 3651 2730 3731 2783; x_wconf 74' lang='grc' dir='ltr'>ἵνα</span> 
     </span>
    </p>
   </div>
   <div class='ocr_carea' id='block_1_54' title="bbox 476 2796 2050 2891">
    <p class='ocr_par' dir='ltr' id='par_1_54' title="bbox 476 2818 2044 2877">
     <span class='ocr_line' id='line_1_54' title="bbox 476 2818 2044 2877; baseline 0.001 -3"><span class='ocrx_word' id='word_1_382' title='bbox 476 2833 546 2874; x_wconf 89' lang='lat' dir='ltr'><strong>ne</strong></span> <span class='ocrx_word' id='word_1_383' title='bbox 572 2819 780 2874; x_wconf 87' lang='lat' dir='ltr'><strong>scilicet</strong></span> <span class='ocrx_word' id='word_1_384' title='bbox 810 2818 1048 2875; x_wconf 88' lang='lat' dir='ltr'><strong>naturali</strong></span> <span class='ocrx_word' id='word_1_385' title='bbox 1075 2819 1435 2875; x_wconf 89' lang='lat' dir='ltr'><strong>multitudine</strong></span> <span class='ocrx_word' id='word_1_386' title='bbox 1462 2836 1493 2875; x_wconf 91' lang='lat' dir='ltr'><strong>a</strong></span> <span class='ocrx_word' id='word_1_387' title='bbox 1518 2836 1576 2876; x_wconf 92' lang='lat' dir='ltr'><strong>se</strong></span> <span class='ocrx_word' id='word_1_388' title='bbox 1600 2819 1881 2877; x_wconf 89' lang='lat' dir='ltr'><strong>dissidens</strong></span> <span class='ocrx_word' id='word_1_389' title='bbox 1937 2838 2044 2876; x_wconf 88' lang='lat' dir='ltr'><strong>nu-</strong></span> 
     </span>
    </p>
   </div>
   <div class='ocr_carea' id='block_1_55' title="bbox 2151 2796 3730 2891">
    <p class='ocr_par' dir='ltr' id='par_1_55' title="bbox 2151 2796 3730 2891">
     <span class='ocr_line' id='line_1_55' title="bbox 2151 2796 3730 2891; baseline 0.001 -21"><span class='ocrx_word' id='word_1_390' title='bbox 2151 2796 2226 2888; x_wconf 69' lang='grc' dir='ltr'><strong>μῆ</strong></span> <span class='ocrx_word' id='word_1_391' title='bbox 2281 2816 2357 2887; x_wconf 84' lang='grc' dir='ltr'>τῷ</span> <span class='ocrx_word' id='word_1_392' title='bbox 2412 2796 2626 2886; x_wconf 78' lang='grc' dir='ltr'>φυσικῷ</span> <span class='ocrx_word' id='word_1_393' title='bbox 2673 2816 2868 2888; x_wconf 89' lang='grc' dir='ltr'>πλήθει</span> <span class='ocrx_word' id='word_1_394' title='bbox 2913 2796 3296 2873; x_wconf 81' lang='grc' dir='ltr'>στασιαστικόν</span> <span class='ocrx_word' id='word_1_395' title='bbox 3322 2836 3337 2850; x_wconf 88' lang='grc'><strong>·</strong></span> <span class='ocrx_word' id='word_1_396' title='bbox 3414 2796 3730 2891; x_wconf 60' lang='grc' dir='ltr'>Ἑλληνικὸν</span> 
     </span>
    </p>
   </div>
   <div class='ocr_carea' id='block_1_56' title="bbox 478 2909 2049 2984">
    <p class='ocr_par' dir='ltr' id='par_1_56' title="bbox 478 2909 2049 2984">
     <span class='ocr_line' id='line_1_56' title="bbox 478 2909 2049 2984; baseline 0.001 -19"><span class='ocrx_word' id='word_1_397' title='bbox 478 2925 601 2965; x_wconf 90' lang='lat' dir='ltr'><strong>men</strong></span> <span class='ocrx_word' id='word_1_398' title='bbox 624 2917 829 2965; x_wconf 89' lang='lat' dir='ltr'><strong>statuat</strong></span> <span class='ocrx_word' id='word_1_399' title='bbox 856 2909 982 2980; x_wconf 91' lang='lat' dir='ltr'><strong>(hoc</strong></span> <span class='ocrx_word' id='word_1_400' title='bbox 1010 2926 1245 2981; x_wconf 89' lang='lat' dir='ltr'><strong>namque</strong></span> <span class='ocrx_word' id='word_1_401' title='bbox 1300 2910 1615 2966; x_wconf 80' lang='lat' dir='ltr'><strong>Graecorum</strong></span> <span class='ocrx_word' id='word_1_402' title='bbox 1673 2911 1924 2984; x_wconf 91' lang='lat' dir='ltr'><strong>erroris),</strong></span> <span class='ocrx_word' id='word_1_403' title='bbox 1953 2920 2049 2966; x_wconf 91' lang='lat' dir='ltr'><strong>aut</strong></span> 
     </span>
    </p>
   </div>
   <div class='ocr_carea' id='block_1_57' title="bbox 478 3000 2050 3072">
    <p class='ocr_par' dir='ltr' id='par_1_57' title="bbox 478 3000 2050 3072">
     <span class='ocr_line' id='line_1_57' title="bbox 478 3000 2050 3072; baseline 0 -15"><span class='ocrx_word' id='word_1_404' title='bbox 478 3000 642 3057; x_wconf 85' lang='lat' dir='ltr'><strong>unius</strong></span> <span class='ocrx_word' id='word_1_405' title='bbox 668 3001 1048 3071; x_wconf 86' lang='lat' dir='ltr'><strong>singularitate</strong></span> <span class='ocrx_word' id='word_1_406' title='bbox 1072 3016 1321 3072; x_wconf 91' lang='lat' dir='ltr'><strong>personae</strong></span> <span class='ocrx_word' id='word_1_407' title='bbox 1348 3001 1607 3071; x_wconf 81' lang='lat' dir='ltr'><strong>passibile</strong></span> <span class='ocrx_word' id='word_1_408' title='bbox 1648 3000 1724 3072; x_wconf 93' lang='lat' dir='ltr'><strong>(id</strong></span> <span class='ocrx_word' id='word_1_409' title='bbox 1758 3002 1906 3056; x_wconf 91' lang='lat' dir='ltr'><strong>enim</strong></span> <span class='ocrx_word' id='word_1_410' title='bbox 1953 3002 2050 3057; x_wconf 85' lang='lat' dir='ltr'><strong>Ju-</strong></span> 
     </span>
    </p>
   </div>
   <div class='ocr_carea' id='block_1_58' title="bbox 478 3093 2050 3164">
    <p class='ocr_par' dir='ltr' id='par_1_58' title="bbox 478 3093 2050 3164">
     <span class='ocr_line' id='line_1_58' title="bbox 478 3093 2050 3164; baseline -0.001 -14"><span class='ocrx_word' id='word_1_411' title='bbox 478 3094 649 3150; x_wconf 85' lang='lat' dir='ltr'><strong>daicae</strong></span> <span class='ocrx_word' id='word_1_412' title='bbox 676 3094 1128 3164; x_wconf 87' lang='lat' dir='ltr'><strong>superstitionis),</strong></span> <span class='ocrx_word' id='word_1_413' title='bbox 1146 3102 1207 3149; x_wconf 92' lang='lat' dir='ltr'><strong>ut</strong></span> <span class='ocrx_word' id='word_1_414' title='bbox 1241 3093 1388 3164; x_wconf 92' lang='lat' dir='ltr'><strong>quod</strong></span> <span class='ocrx_word' id='word_1_415' title='bbox 1419 3093 1629 3149; x_wconf 88' lang='lat' dir='ltr'><strong>ratione</strong></span> <span class='ocrx_word' id='word_1_416' title='bbox 1659 3108 1756 3148; x_wconf 89' lang='lat' dir='ltr'><strong>seu</strong></span> <span class='ocrx_word' id='word_1_417' title='bbox 1781 3093 1960 3149; x_wconf 82' lang='lat' dir='ltr'><strong>Verbo</strong></span> <span class='ocrx_word' id='word_1_418' title='bbox 1985 3109 2050 3149; x_wconf 90' lang='lat' dir='ltr'><strong>ac</strong></span> 
     </span>
    </p>
   </div>
   <div class='ocr_carea' id='block_1_59' title="bbox 474 3183 2052 3255">
    <p class='ocr_par' dir='ltr' id='par_1_59' title="bbox 474 3183 2052 3255">
     <span class='ocr_line' id='line_1_59' title="bbox 474 3183 2052 3255; baseline 0.001 -17"><span class='ocrx_word' id='word_1_419' title='bbox 474 3183 690 3253; x_wconf 86' lang='lat' dir='ltr'><strong>Spiritu</strong></span> <span class='ocrx_word' id='word_1_420' title='bbox 714 3194 919 3248; x_wconf 89' lang='lat' dir='ltr'><strong>careat,</strong></span> <span class='ocrx_word' id='word_1_421' title='bbox 955 3192 1051 3238; x_wconf 92' lang='lat' dir='ltr'><strong>aut</strong></span> <span class='ocrx_word' id='word_1_422' title='bbox 1082 3184 1171 3239; x_wconf 86' lang='lat' dir='ltr'><strong>bis</strong></span> <span class='ocrx_word' id='word_1_423' title='bbox 1201 3184 1472 3238; x_wconf 88' lang='lat' dir='ltr'><strong>imbutum</strong></span> <span class='ocrx_word' id='word_1_424' title='bbox 1497 3183 1570 3238; x_wconf 90' lang='lat' dir='ltr'><strong>sit</strong></span> <span class='ocrx_word' id='word_1_425' title='bbox 1615 3190 1872 3253; x_wconf 88' lang='lat' dir='ltr'><strong>tanquam</strong></span> <span class='ocrx_word' id='word_1_426' title='bbox 1916 3200 2052 3255; x_wconf 90' lang='lat' dir='ltr'><strong>qua-</strong></span> 
     </span>
    </p>
   </div>
   <div class='ocr_carea' id='block_1_60' title="bbox 475 3273 2049 3344">
    <p class='ocr_par' dir='ltr' id='par_1_60' title="bbox 475 3273 2049 3344">
     <span class='ocr_line' id='line_1_60' title="bbox 475 3273 2049 3344; baseline 0.001 -15"><span class='ocrx_word' id='word_1_427' title='bbox 475 3274 655 3340; x_wconf 86' lang='lat' dir='ltr'><strong>litate,</strong></span> <span class='ocrx_word' id='word_1_428' title='bbox 676 3290 788 3329; x_wconf 90' lang='lat' dir='ltr'><strong>non</strong></span> <span class='ocrx_word' id='word_1_429' title='bbox 821 3283 1005 3328; x_wconf 87' lang='lat' dir='ltr'><strong>autem</strong></span> <span class='ocrx_word' id='word_1_430' title='bbox 1035 3274 1211 3344; x_wconf 90' lang='lat' dir='ltr'><strong>ipsum</strong></span> <span class='ocrx_word' id='word_1_431' title='bbox 1245 3289 1423 3339; x_wconf 89' lang='lat' dir='ltr'><strong>mens,</strong></span> <span class='ocrx_word' id='word_1_432' title='bbox 1452 3273 1703 3342; x_wconf 90' lang='lat' dir='ltr'><strong>ratioque</strong></span> <span class='ocrx_word' id='word_1_433' title='bbox 1752 3289 1852 3329; x_wconf 90' lang='lat' dir='ltr'><strong>seu</strong></span> <span class='ocrx_word' id='word_1_434' title='bbox 1911 3274 2049 3330; x_wconf 81' lang='lat' dir='ltr'><strong>Ver-</strong></span> 
     </span>
    </p>
   </div>
   <div class='ocr_carea' id='block_1_61' title="bbox 478 3364 2048 3437">
    <p class='ocr_par' dir='ltr' id='par_1_61' title="bbox 478 3364 2048 3437">
     <span class='ocr_line' id='line_1_61' title="bbox 478 3364 2048 3437; baseline 0 -17"><span class='ocrx_word' id='word_1_435' title='bbox 478 3364 613 3420; x_wconf 86' lang='lat' dir='ltr'><strong>bum</strong></span> <span class='ocrx_word' id='word_1_436' title='bbox 647 3374 707 3421; x_wconf 91' lang='lat' dir='ltr'><strong>et</strong></span> <span class='ocrx_word' id='word_1_437' title='bbox 738 3364 980 3434; x_wconf 88' lang='lat' dir='ltr'><strong>Spiritus</strong></span> <span class='ocrx_word' id='word_1_438' title='bbox 1001 3365 1264 3431; x_wconf 77' lang='lat' dir='ltr'><strong>exsistat;</strong></span> <span class='ocrx_word' id='word_1_439' title='bbox 1297 3379 1509 3435; x_wconf 89' lang='lat' dir='ltr'><strong>nosque</strong></span> <span class='ocrx_word' id='word_1_440' title='bbox 1531 3364 1767 3431; x_wconf 89' lang='lat' dir='ltr'><strong>docens,</strong></span> <span class='ocrx_word' id='word_1_441' title='bbox 1795 3367 1889 3437; x_wconf 91' lang='lat' dir='ltr'><strong>qui</strong></span> <span class='ocrx_word' id='word_1_442' title='bbox 1923 3381 2048 3436; x_wconf 87' lang='lat' dir='ltr'><strong>gra-</strong></span> 
     </span>
    </p>
   </div>
   <div class='ocr_carea' id='block_1_62' title="bbox 480 3454 2050 3526">
    <p class='ocr_par' dir='ltr' id='par_1_62' title="bbox 480 3454 2050 3526">
     <span class='ocr_line' id='line_1_62' title="bbox 480 3454 2050 3526; baseline 0 -14"><span class='ocrx_word' id='word_1_443' title='bbox 480 3457 569 3512; x_wconf 63' lang='lat' dir='ltr'><strong>tiae</strong></span> <span class='ocrx_word' id='word_1_444' title='bbox 618 3457 905 3511; x_wconf 88' lang='lat' dir='ltr'><strong>vocatione</strong></span> <span class='ocrx_word' id='word_1_445' title='bbox 962 3472 1063 3526; x_wconf 91' lang='lat' dir='ltr'><strong>per</strong></span> <span class='ocrx_word' id='word_1_446' title='bbox 1095 3455 1257 3523; x_wconf 75' lang='lat' dir='ltr'><strong>ﬁdem</strong></span> <span class='ocrx_word' id='word_1_447' title='bbox 1310 3455 1369 3510; x_wconf 91' lang='lat' dir='ltr'><strong>in</strong></span> <span class='ocrx_word' id='word_1_448' title='bbox 1432 3454 1771 3526; x_wconf 85' lang='lat' dir='ltr'><strong>agnitionem</strong></span> <span class='ocrx_word' id='word_1_449' title='bbox 1800 3458 2050 3513; x_wconf 89' lang='lat' dir='ltr'><strong>veritatis</strong></span> 
     </span>
    </p>
   </div>
   <div class='ocr_carea' id='block_1_63' title="bbox 478 3546 2049 3616">
    <p class='ocr_par' dir='ltr' id='par_1_63' title="bbox 478 3546 2049 3616">
     <span class='ocr_line' id='line_1_63' title="bbox 478 3546 2049 3616; baseline 0.001 -14"><span class='ocrx_word' id='word_1_450' title='bbox 478 3548 721 3616; x_wconf 86' lang='lat' dir='ltr'><strong>adoptati</strong></span> <span class='ocrx_word' id='word_1_451' title='bbox 747 3561 961 3611; x_wconf 89' lang='lat' dir='ltr'><strong>sumus,</strong></span> <span class='ocrx_word' id='word_1_452' title='bbox 999 3555 1060 3602; x_wconf 91' lang='lat' dir='ltr'><strong>ut</strong></span> <span class='ocrx_word' id='word_1_453' title='bbox 1083 3561 1244 3600; x_wconf 90' lang='lat' dir='ltr'><strong>unam</strong></span> <span class='ocrx_word' id='word_1_454' title='bbox 1275 3546 1594 3602; x_wconf 84' lang='lat' dir='ltr'><strong>noverimus</strong></span> <span class='ocrx_word' id='word_1_455' title='bbox 1642 3546 1862 3604; x_wconf 87' lang='lat' dir='ltr'><strong>deitatis</strong></span> <span class='ocrx_word' id='word_1_456' title='bbox 1886 3557 2049 3604; x_wconf 88' lang='lat' dir='ltr'><strong>natu-</strong></span> 
     </span>
    </p>
   </div>
   <div class='ocr_carea' id='block_1_64' title="bbox 480 3638 2047 3710">
    <p class='ocr_par' dir='ltr' id='par_1_64' title="bbox 480 3638 2047 3710">
     <span class='ocr_line' id='line_1_64' title="bbox 480 3638 2047 3710; baseline 0.002 -16"><span class='ocrx_word' id='word_1_457' title='bbox 480 3654 597 3694; x_wconf 89' lang='lat' dir='ltr'><strong>ram</strong></span> <span class='ocrx_word' id='word_1_458' title='bbox 617 3652 682 3693; x_wconf 91' lang='lat' dir='ltr'><strong>ac</strong></span> <span class='ocrx_word' id='word_1_459' title='bbox 699 3638 1043 3709; x_wconf 88' lang='lat' dir='ltr'><strong>potentiam;</strong></span> <span class='ocrx_word' id='word_1_460' title='bbox 1079 3654 1247 3693; x_wconf 90' lang='lat' dir='ltr'><strong>unum</strong></span> <span class='ocrx_word' id='word_1_461' title='bbox 1274 3638 1487 3694; x_wconf 88' lang='lat' dir='ltr'><strong>scilicet</strong></span> <span class='ocrx_word' id='word_1_462' title='bbox 1511 3640 1703 3705; x_wconf 91' lang='lat' dir='ltr'><strong>Deum,</strong></span> <span class='ocrx_word' id='word_1_463' title='bbox 1729 3640 1825 3710; x_wconf 86' lang='lat' dir='ltr'><strong>qui</strong></span> <span class='ocrx_word' id='word_1_464' title='bbox 1860 3640 1918 3696; x_wconf 89' lang='lat' dir='ltr'><strong>in</strong></span> <span class='ocrx_word' id='word_1_465' title='bbox 1944 3641 2047 3697; x_wconf 89' lang='lat' dir='ltr'><strong>Pa-</strong></span> 
     </span>
    </p>
   </div>
   <div class='ocr_carea' id='block_1_65' title="bbox 482 3728 2052 3809">
    <p class='ocr_par' dir='ltr' id='par_1_65' title="bbox 482 3728 2052 3809">
     <span class='ocr_line' id='line_1_65' title="bbox 482 3728 2052 3809; baseline 0.002 -24"><span class='ocrx_word' id='word_1_466' title='bbox 482 3738 566 3785; x_wconf 90' lang='lat' dir='ltr'><strong>tre</strong></span> <span class='ocrx_word' id='word_1_467' title='bbox 623 3738 679 3785; x_wconf 90' lang='lat' dir='ltr'><strong>et</strong></span> <span class='ocrx_word' id='word_1_468' title='bbox 715 3729 855 3784; x_wconf 88' lang='lat' dir='ltr'><strong>Filio</strong></span> <span class='ocrx_word' id='word_1_469' title='bbox 908 3738 965 3785; x_wconf 93' lang='lat' dir='ltr'><strong>et</strong></span> <span class='ocrx_word' id='word_1_470' title='bbox 1002 3728 1211 3800; x_wconf 87' lang='lat' dir='ltr'><strong>Spiritu</strong></span> <span class='ocrx_word' id='word_1_471' title='bbox 1250 3738 1440 3786; x_wconf 89' lang='lat' dir='ltr'><strong>sancto</strong></span> <span class='ocrx_word' id='word_1_472' title='bbox 1487 3730 1826 3809; x_wconf 81' lang='lat' dir='ltr'><strong>intelligatur</strong></span> <span class='ocrx_word' id='word_1_473' title='bbox 1862 3751 1877 3786; x_wconf 92' lang='lat'><strong>:</strong></span> <span class='ocrx_word' id='word_1_474' title='bbox 1931 3740 2052 3788; x_wconf 87' lang='lat' dir='ltr'><strong>tan-</strong></span> 
     </span>
    </p>
   </div>
   <div class='ocr_carea' id='block_1_66' title="bbox 482 3820 2050 3894">
    <p class='ocr_par' dir='ltr' id='par_1_66' title="bbox 482 3820 2050 3894">
     <span class='ocr_line' id='line_1_66' title="bbox 482 3820 2050 3894; baseline 0.002 -19"><span class='ocrx_word' id='word_1_475' title='bbox 482 3835 646 3890; x_wconf 86' lang='lat' dir='ltr'><strong>quam</strong></span> <span class='ocrx_word' id='word_1_476' title='bbox 674 3820 888 3876; x_wconf 87' lang='lat' dir='ltr'><strong>scilicet</strong></span> <span class='ocrx_word' id='word_1_477' title='bbox 916 3820 1087 3875; x_wconf 87' lang='lat' dir='ltr'><strong>solam</strong></span> <span class='ocrx_word' id='word_1_478' title='bbox 1116 3835 1293 3875; x_wconf 82' lang='lat' dir='ltr'><strong>causae</strong></span> <span class='ocrx_word' id='word_1_479' title='bbox 1316 3820 1497 3876; x_wconf 90' lang='lat' dir='ltr'><strong>omnis</strong></span> <span class='ocrx_word' id='word_1_480' title='bbox 1532 3837 1631 3877; x_wconf 91' lang='lat' dir='ltr'><strong>seu</strong></span> <span class='ocrx_word' id='word_1_481' title='bbox 1659 3822 1918 3894; x_wconf 89' lang='lat' dir='ltr'><strong>principii</strong></span> <span class='ocrx_word' id='word_1_482' title='bbox 1949 3839 2050 3878; x_wconf 84' lang='lat' dir='ltr'><strong>au-</strong></span> 
     </span>
    </p>
   </div>
   <div class='ocr_carea' id='block_1_67' title="bbox 482 3912 2049 3983">
    <p class='ocr_par' dir='ltr' id='par_1_67' title="bbox 482 3912 2049 3983">
     <span class='ocr_line' id='line_1_67' title="bbox 482 3912 2049 3983; baseline 0.002 -16"><span class='ocrx_word' id='word_1_483' title='bbox 482 3912 758 3983; x_wconf 69' lang='lat' dir='ltr'><strong>atorisque</strong></span> <span class='ocrx_word' id='word_1_484' title='bbox 781 3919 1064 3982; x_wconf 79' lang='lat' dir='ltr'><strong>expertem</strong></span> <span class='ocrx_word' id='word_1_485' title='bbox 1094 3912 1465 3968; x_wconf 88' lang='lat' dir='ltr'><strong>essentialiter</strong></span> <span class='ocrx_word' id='word_1_486' title='bbox 1511 3928 1642 3969; x_wconf 88' lang='lat' dir='ltr'><strong>vere</strong></span> <span class='ocrx_word' id='word_1_487' title='bbox 1690 3914 2049 3971; x_wconf 80' lang='lat' dir='ltr'><strong>exsistentem</strong></span> 
     </span>
    </p>
   </div>
   <div class='ocr_carea' id='block_1_68' title="bbox 487 4002 2052 4069">
    <p class='ocr_par' dir='ltr' id='par_1_68' title="bbox 487 4002 2052 4069">
     <span class='ocr_line' id='line_1_68' title="bbox 487 4002 2052 4069; baseline 0.002 -11"><span class='ocrx_word' id='word_1_488' title='bbox 487 4012 744 4069; x_wconf 85' lang='lat' dir='ltr'><strong>mentem,</strong></span> <span class='ocrx_word' id='word_1_489' title='bbox 784 4003 949 4059; x_wconf 91' lang='lat' dir='ltr'><strong>unius</strong></span> <span class='ocrx_word' id='word_1_490' title='bbox 981 4002 1286 4059; x_wconf 87' lang='lat' dir='ltr'><strong>secundum</strong></span> <span class='ocrx_word' id='word_1_491' title='bbox 1315 4006 1610 4060; x_wconf 89' lang='lat' dir='ltr'><strong>essentiam</strong></span> <span class='ocrx_word' id='word_1_492' title='bbox 1633 4020 1763 4060; x_wconf 88' lang='lat' dir='ltr'><strong>vere</strong></span> <span class='ocrx_word' id='word_1_493' title='bbox 1782 4007 2052 4061; x_wconf 77' lang='lat' dir='ltr'><strong>exsisten—</strong></span> 
     </span>
    </p>
   </div>
   <div class='ocr_carea' id='block_1_69' title="bbox 2146 2907 3732 2982">
    <p class='ocr_par' dir='ltr' id='par_1_69' title="bbox 2146 2907 3732 2982">
     <span class='ocr_line' id='line_1_69' title="bbox 2146 2907 3732 2982; baseline 0.004 -22"><span class='ocrx_word' id='word_1_494' title='bbox 2146 2908 2253 2979; x_wconf 78' lang='grc' dir='ltr'>γὰρ</span> <span class='ocrx_word' id='word_1_495' title='bbox 2281 2909 2313 2980; x_wconf 80' lang='grc' dir='ltr'><strong>ἢ</strong></span> <span class='ocrx_word' id='word_1_496' title='bbox 2338 2907 2414 2979; x_wconf 83' lang='grc' dir='ltr'><strong>τῷ</strong></span> <span class='ocrx_word' id='word_1_497' title='bbox 2440 2908 2561 2962; x_wconf 83' lang='grc' dir='ltr'>καθ’</span> <span class='ocrx_word' id='word_1_498' title='bbox 2598 2908 2895 2963; x_wconf 81' lang='grc' dir='ltr'>ὑπόστασιν</span> <span class='ocrx_word' id='word_1_499' title='bbox 2924 2910 3085 2982; x_wconf 81' lang='grc' dir='ltr'>ἑνικῷ</span> <span class='ocrx_word' id='word_1_500' title='bbox 3118 2911 3382 2979; x_wconf 84' lang='grc' dir='ltr'>παθητόν·</span> <span class='ocrx_word' id='word_1_501' title='bbox 3426 2912 3732 2966; x_wconf 70' lang='grc' dir='ltr'>Ἰουδαϊκὸν</span> 
     </span>
    </p>
   </div>
   <div class='ocr_carea' id='block_1_70' title="bbox 2146 2999 3730 3075">
    <p class='ocr_par' dir='ltr' id='par_1_70' title="bbox 2146 2999 3730 3075">
     <span class='ocr_line' id='line_1_70' title="bbox 2146 2999 3730 3075; baseline 0.003 -22"><span class='ocrx_word' id='word_1_502' title='bbox 2146 3000 2275 3071; x_wconf 80' lang='grc' dir='ltr'>γὰρ,</span> <span class='ocrx_word' id='word_1_503' title='bbox 2302 3000 2378 3063; x_wconf 82' lang='grc' dir='ltr'>ὡς</span> <span class='ocrx_word' id='word_1_504' title='bbox 2413 2999 2586 3068; x_wconf 85' lang='grc' dir='ltr'>Λόγου</span> <span class='ocrx_word' id='word_1_505' title='bbox 2612 3002 2707 3054; x_wconf 70' lang='grc' dir='ltr'>καὶ</span> <span class='ocrx_word' id='word_1_506' title='bbox 2736 3000 3054 3073; x_wconf 87' lang='grc' dir='ltr'>Πνεύματος</span> <span class='ocrx_word' id='word_1_507' title='bbox 3081 3003 3469 3074; x_wconf 75' lang='grc' dir='ltr'>ἐστερημένον,</span> <span class='ocrx_word' id='word_1_508' title='bbox 3522 3005 3558 3075; x_wconf 79' lang='grc' dir='ltr'><strong>ἧ</strong></span> <span class='ocrx_word' id='word_1_509' title='bbox 3577 3005 3730 3074; x_wconf 77' lang='grc' dir='ltr'>Λόγῳ</span> 
     </span>
    </p>
   </div>
   <div class='ocr_carea' id='block_1_71' title="bbox 2148 3089 3729 3161">
    <p class='ocr_par' dir='ltr' id='par_1_71' title="bbox 2148 3089 3729 3161">
     <span class='ocr_line' id='line_1_71' title="bbox 2148 3089 3729 3161; baseline 0.002 -19"><span class='ocrx_word' id='word_1_510' title='bbox 2148 3090 2240 3143; x_wconf 70' lang='grc' dir='ltr'>καὶ</span> <span class='ocrx_word' id='word_1_511' title='bbox 2265 3089 2539 3161; x_wconf 85' lang='grc' dir='ltr'>Πνεύματι</span> <span class='ocrx_word' id='word_1_512' title='bbox 2590 3091 2997 3161; x_wconf 81' lang='grc' dir='ltr'>πεποιωμένον’</span> <span class='ocrx_word' id='word_1_513' title='bbox 3046 3091 3164 3144; x_wconf 85' lang='grc' dir='ltr'>ἀλλ’</span> <span class='ocrx_word' id='word_1_514' title='bbox 3219 3092 3322 3146; x_wconf 83' lang='grc' dir='ltr'><strong>οὑκ</strong></span> <span class='ocrx_word' id='word_1_515' title='bbox 3351 3090 3417 3146; x_wconf 74' lang='grc' dir='ltr'>ὃν</span> <span class='ocrx_word' id='word_1_516' title='bbox 3458 3092 3595 3157; x_wconf 83' lang='grc' dir='ltr'>νοῦς</span> <span class='ocrx_word' id='word_1_517' title='bbox 3640 3093 3729 3147; x_wconf 72' lang='grc' dir='ltr'>καὶ</span> 
     </span>
    </p>
   </div>
   <div class='ocr_carea' id='block_1_72' title="bbox 2147 3178 3732 3253">
    <p class='ocr_par' dir='ltr' id='par_1_72' title="bbox 2147 3178 3732 3253">
     <span class='ocr_line' id='line_1_72' title="bbox 2147 3178 3732 3253; baseline 0.004 -21"><span class='ocrx_word' id='word_1_518' title='bbox 2147 3180 2318 3248; x_wconf 85' lang='grc' dir='ltr'>Λόγος</span> <span class='ocrx_word' id='word_1_519' title='bbox 2343 3180 2436 3233; x_wconf 75' lang='grc' dir='ltr'><strong>καὶ</strong></span> <span class='ocrx_word' id='word_1_520' title='bbox 2463 3178 2690 3252; x_wconf 82' lang='grc' dir='ltr'>Πνεῦμα</span> <span class='ocrx_word' id='word_1_521' title='bbox 2722 3181 2783 3234; x_wconf 85' lang='grc' dir='ltr'><strong>τδ</strong></span> <span class='ocrx_word' id='word_1_522' title='bbox 2831 3181 2972 3234; x_wconf 83' lang='grc' dir='ltr'>θεῖον</span> <span class='ocrx_word' id='word_1_523' title='bbox 3019 3181 3417 3253; x_wconf 80' lang='grc' dir='ltr'>πρεσϐεύεται·</span> <span class='ocrx_word' id='word_1_524' title='bbox 3461 3185 3565 3238; x_wconf 78' lang='grc' dir='ltr'>καὶ</span> <span class='ocrx_word' id='word_1_525' title='bbox 3594 3184 3732 3238; x_wconf 62' lang='lat'><strong>62.55-</strong></span> 
     </span>
    </p>
   </div>
   <div class='ocr_carea' id='block_1_73' title="bbox 2150 3271 3732 3345">
    <p class='ocr_par' dir='ltr' id='par_1_73' title="bbox 2150 3271 3732 3345">
     <span class='ocr_line' id='line_1_73' title="bbox 2150 3271 3732 3345; baseline 0.003 -21"><span class='ocrx_word' id='word_1_526' title='bbox 2150 3287 2295 3325; x_wconf 83' lang='grc' dir='ltr'>σκων</span> <span class='ocrx_word' id='word_1_527' title='bbox 2327 3272 2496 3342; x_wconf 75' lang='grc' dir='ltr'>ἡμᾶς,</span> <span class='ocrx_word' id='word_1_528' title='bbox 2524 3272 2652 3336; x_wconf 80' lang='grc' dir='ltr'>τοὺς</span> <span class='ocrx_word' id='word_1_529' title='bbox 2696 3272 2886 3343; x_wconf 77' lang='grc' dir='ltr'>κλήσει</span> <span class='ocrx_word' id='word_1_530' title='bbox 2910 3273 3131 3345; x_wconf 79' lang='grc' dir='ltr'>χάριτος</span> <span class='ocrx_word' id='word_1_531' title='bbox 3155 3271 3300 3328; x_wconf 70' lang='grc' dir='ltr'>κατὰ</span> <span class='ocrx_word' id='word_1_532' title='bbox 3332 3273 3522 3329; x_wconf 83' lang='grc' dir='ltr'>πίστιν</span> <span class='ocrx_word' id='word_1_533' title='bbox 3551 3277 3732 3328; x_wconf 78' lang='grc' dir='ltr'>εἰσπε-</span> 
     </span>
    </p>
   </div>
   <div class='ocr_carea' id='block_1_74' title="bbox 2150 3362 3730 3436">
    <p class='ocr_par' dir='ltr' id='par_1_74' title="bbox 2150 3362 3730 3436">
     <span class='ocr_line' id='line_1_74' title="bbox 2150 3362 3730 3436; baseline 0.004 -21"><span class='ocrx_word' id='word_1_534' title='bbox 2150 3362 2480 3433; x_wconf 80' lang='grc' dir='ltr'>ποιημένους</span> <span class='ocrx_word' id='word_1_535' title='bbox 2529 3365 2611 3426; x_wconf 84' lang='grc' dir='ltr'>είς</span> <span class='ocrx_word' id='word_1_536' title='bbox 2680 3363 2976 3432; x_wconf 74' lang='grc' dir='ltr'>ἐπίγνωσιν</span> <span class='ocrx_word' id='word_1_537' title='bbox 3029 3363 3311 3436; x_wconf 83' lang='grc' dir='ltr'>ἀληθείας,</span> <span class='ocrx_word' id='word_1_538' title='bbox 3356 3365 3496 3435; x_wconf 83' lang='grc' dir='ltr'>μίαν</span> <span class='ocrx_word' id='word_1_539' title='bbox 3535 3367 3730 3421; x_wconf 74' lang='grc' dir='ltr'>εἰδέναι</span> 
     </span>
    </p>
   </div>
   <div class='ocr_carea' id='block_1_75' title="bbox 2149 3455 3731 3531">
    <p class='ocr_par' dir='ltr' id='par_1_75' title="bbox 2149 3455 3731 3531">
     <span class='ocr_line' id='line_1_75' title="bbox 2149 3455 3731 3531; baseline 0.003 -21"><span class='ocrx_word' id='word_1_540' title='bbox 2149 3455 2404 3528; x_wconf 81' lang='grc' dir='ltr'>θεότητος</span> <span class='ocrx_word' id='word_1_541' title='bbox 2458 3457 2619 3528; x_wconf 80' lang='grc' dir='ltr'>φύσιν</span> <span class='ocrx_word' id='word_1_542' title='bbox 2661 3459 2754 3512; x_wconf 79' lang='grc' dir='ltr'>καὶ</span> <span class='ocrx_word' id='word_1_543' title='bbox 2791 3458 3055 3531; x_wconf 75' lang='grc' dir='ltr'>δύναμινο</span> <span class='ocrx_word' id='word_1_544' title='bbox 3111 3459 3304 3530; x_wconf 72' lang='grc' dir='ltr'>ἤγουν.</span> <span class='ocrx_word' id='word_1_545' title='bbox 3350 3460 3455 3515; x_wconf 67' lang='grc' dir='ltr'>ἕνα</span> <span class='ocrx_word' id='word_1_546' title='bbox 3496 3462 3633 3515; x_wconf 80' lang='grc' dir='ltr'>Θεὸν</span> <span class='ocrx_word' id='word_1_547' title='bbox 3674 3465 3731 3515; x_wconf 73' lang='grc' dir='ltr'>ἐν</span> 
     </span>
    </p>
   </div>
   <div class='ocr_carea' id='block_1_76' title="bbox 2151 3549 3728 3623">
    <p class='ocr_par' dir='ltr' id='par_1_76' title="bbox 2151 3549 3728 3623">
     <span class='ocr_line' id='line_1_76' title="bbox 2151 3549 3728 3623; baseline 0.003 -21"><span class='ocrx_word' id='word_1_548' title='bbox 2151 3549 2324 3621; x_wconf 70' lang='grc' dir='ltr'>Πατρὶ</span> <span class='ocrx_word' id='word_1_549' title='bbox 2369 3550 2459 3602; x_wconf 69' lang='grc' dir='ltr'>καὶ</span> <span class='ocrx_word' id='word_1_550' title='bbox 2515 3549 2630 3619; x_wconf 83' lang='grc' dir='ltr'>Υίῷ</span> <span class='ocrx_word' id='word_1_551' title='bbox 2658 3551 2750 3603; x_wconf 78' lang='grc' dir='ltr'>καὶ</span> <span class='ocrx_word' id='word_1_552' title='bbox 2787 3550 2928 3621; x_wconf 75' lang='grc' dir='ltr'>ἁγίῳ</span> <span class='ocrx_word' id='word_1_553' title='bbox 2976 3550 3253 3621; x_wconf 85' lang='grc' dir='ltr'>Πνεύματι</span> <span class='ocrx_word' id='word_1_554' title='bbox 3315 3553 3728 3623; x_wconf 77' lang='grc' dir='ltr'>θεωρούμενον·</span> 
     </span>
    </p>
   </div>
   <div class='ocr_carea' id='block_1_77' title="bbox 2147 3635 3727 3715">
    <p class='ocr_par' dir='ltr' id='par_1_77' title="bbox 2147 3635 3727 3715">
     <span class='ocr_line' id='line_1_77' title="bbox 2147 3635 3727 3715; baseline 0.003 -21"><span class='ocrx_word' id='word_1_555' title='bbox 2147 3635 2236 3694; x_wconf 72' lang='grc' dir='ltr'>οἷα</span> <span class='ocrx_word' id='word_1_556' title='bbox 2261 3640 2325 3712; x_wconf 82' lang='grc' dir='ltr'>δὴ</span> <span class='ocrx_word' id='word_1_557' title='bbox 2347 3641 2508 3710; x_wconf 89' lang='grc' dir='ltr'>μόνον</span> <span class='ocrx_word' id='word_1_558' title='bbox 2540 3641 2778 3695; x_wconf 87' lang='grc' dir='ltr'>ἀναίτιον</span> <span class='ocrx_word' id='word_1_559' title='bbox 2823 3642 2949 3696; x_wconf 88' lang='grc' dir='ltr'>νοῦν</span> <span class='ocrx_word' id='word_1_560' title='bbox 2987 3641 3258 3706; x_wconf 83' lang='grc' dir='ltr'>οὑσιωδῶς</span> <span class='ocrx_word' id='word_1_561' title='bbox 3290 3643 3606 3712; x_wconf 80' lang='grc' dir='ltr'>ὑφεστῶτα,</span> <span class='ocrx_word' id='word_1_562' title='bbox 3636 3646 3727 3715; x_wconf 80' lang='grc' dir='ltr'>μό-</span> 
     </span>
    </p>
   </div>
   <div class='ocr_carea' id='block_1_78' title="bbox 2138 3727 3725 3807">
    <p class='ocr_par' dir='ltr' id='par_1_78' title="bbox 2138 3727 3725 3807">
     <span class='ocr_line' id='line_1_78' title="bbox 2138 3727 3725 3807; baseline 0.003 -23"><span class='ocrx_word' id='word_1_563' title='bbox 2138 3727 2239 3785; x_wconf 80' lang='grc' dir='ltr'>’νου</span> <span class='ocrx_word' id='word_1_564' title='bbox 2266 3732 2385 3784; x_wconf 87' lang='grc' dir='ltr'>κατ’</span> <span class='ocrx_word' id='word_1_565' title='bbox 2409 3731 2595 3784; x_wconf 73' lang='grc' dir='ltr'>οὐσίαν</span> <span class='ocrx_word' id='word_1_566' title='bbox 2614 3732 2919 3801; x_wconf 72' lang='grc' dir='ltr'>ὑφεστῶτος</span> <span class='ocrx_word' id='word_1_567' title='bbox 2936 3733 3172 3804; x_wconf 77' lang='grc' dir='ltr'>ἀνάρχου</span> <span class='ocrx_word' id='word_1_568' title='bbox 3194 3732 3370 3801; x_wconf 79' lang='grc' dir='ltr'>Λόγου</span> <span class='ocrx_word' id='word_1_569' title='bbox 3405 3736 3725 3807; x_wconf 78' lang='grc' dir='ltr'>γεννήτορα,</span> 
     </span>
    </p>
   </div>
   <div class='ocr_carea' id='block_1_79' title="bbox 2149 3820 3729 3893">
    <p class='ocr_par' dir='ltr' id='par_1_79' title="bbox 2149 3820 3729 3893">
     <span class='ocr_line' id='line_1_79' title="bbox 2149 3820 3729 3893; baseline 0.001 -16"><span class='ocrx_word' id='word_1_570' title='bbox 2149 3823 2245 3877; x_wconf 73' lang='grc' dir='ltr'>καὶ</span> <span class='ocrx_word' id='word_1_571' title='bbox 2301 3823 2469 3892; x_wconf 86' lang='grc' dir='ltr'>μόνης</span> <span class='ocrx_word' id='word_1_572' title='bbox 2532 3821 2701 3875; x_wconf 82' lang='grc' dir='ltr'>ἀϊδίου</span> <span class='ocrx_word' id='word_1_573' title='bbox 2762 3820 2910 3893; x_wconf 79' lang='grc' dir='ltr'>ζωῆς</span> <span class='ocrx_word' id='word_1_574' title='bbox 2942 3823 3217 3887; x_wconf 84' lang='grc' dir='ltr'>οὑσιωδῶς</span> <span class='ocrx_word' id='word_1_575' title='bbox 3269 3824 3622 3893; x_wconf 81' lang='grc' dir='ltr'>ὑφεστώσης,</span> <span class='ocrx_word' id='word_1_576' title='bbox 3658 3824 3729 3890; x_wconf 65' lang='grc' dir='ltr'>ὥς</span> 
     </span>
    </p>
   </div>
   <div class='ocr_carea' id='block_1_80' title="bbox 2152 3913 3728 3988">
    <p class='ocr_par' dir='ltr' id='par_1_80' title="bbox 2152 3913 3728 3988">
     <span class='ocr_line' id='line_1_80' title="bbox 2152 3913 3728 3988; baseline 0.003 -21"><span class='ocrx_word' id='word_1_577' title='bbox 2152 3913 2470 3984; x_wconf 87' lang='grc' dir='ltr'>Πνεύματος</span> <span class='ocrx_word' id='word_1_578' title='bbox 2490 3914 2668 3982; x_wconf 81' lang='grc' dir='ltr'>ἁγίου,</span> <span class='ocrx_word' id='word_1_579' title='bbox 2700 3915 2916 3985; x_wconf 81' lang='grc' dir='ltr'>πηγήν·</span> <span class='ocrx_word' id='word_1_580' title='bbox 2960 3916 3017 3967; x_wconf 79' lang='grc' dir='ltr'>ὲν</span> <span class='ocrx_word' id='word_1_581' title='bbox 3052 3916 3241 3984; x_wconf 85' lang='grc' dir='ltr'>μονάδι</span> <span class='ocrx_word' id='word_1_582' title='bbox 3269 3916 3501 3988; x_wconf 81' lang='grc' dir='ltr'>Τριάδα,</span> <span class='ocrx_word' id='word_1_583' title='bbox 3556 3918 3653 3971; x_wconf 75' lang='grc' dir='ltr'><strong>καὶ</strong></span> <span class='ocrx_word' id='word_1_584' title='bbox 3676 3920 3728 3971; x_wconf 70' lang='grc' dir='ltr'>ἓν</span> 
     </span>
    </p>
   </div>
   <div class='ocr_carea' id='block_1_81' title="bbox 2149 4000 3728 4076">
    <p class='ocr_par' dir='ltr' id='par_1_81' title="bbox 2149 4000 3728 4076">
     <span class='ocr_line' id='line_1_81' title="bbox 2149 4000 3728 4076; baseline 0.001 -19"><span class='ocrx_word' id='word_1_585' title='bbox 2149 4001 2339 4074; x_wconf 81' lang='grc' dir='ltr'>Τριάδι</span> <span class='ocrx_word' id='word_1_586' title='bbox 2357 4001 2556 4074; x_wconf 80' lang='grc' dir='ltr'>μονάδα</span> <span class='ocrx_word' id='word_1_587' title='bbox 2575 4017 2588 4031; x_wconf 90' lang='grc'><strong>·</strong></span> <span class='ocrx_word' id='word_1_588' title='bbox 2613 4002 2713 4054; x_wconf 79' lang='grc' dir='ltr'>οὐκ</span> <span class='ocrx_word' id='word_1_589' title='bbox 2734 4000 2899 4072; x_wconf 81' lang='grc' dir='ltr'>ἄλλην</span> <span class='ocrx_word' id='word_1_590' title='bbox 2921 4005 2978 4056; x_wconf 84' lang='grc' dir='ltr'>ὲν</span> <span class='ocrx_word' id='word_1_591' title='bbox 3003 4002 3135 4074; x_wconf 68' lang='grc' dir='ltr'>ἄλλῃ</span> <span class='ocrx_word' id='word_1_592' title='bbox 3154 4019 3166 4032; x_wconf 89' lang='grc'>·</span> <span class='ocrx_word' id='word_1_593' title='bbox 3188 4004 3250 4058; x_wconf 84' lang='grc' dir='ltr'><strong>ού</strong></span> <span class='ocrx_word' id='word_1_594' title='bbox 3278 4005 3389 4076; x_wconf 78' lang='grc' dir='ltr'>γὰρ</span> <span class='ocrx_word' id='word_1_595' title='bbox 3403 4003 3485 4069; x_wconf 82' lang='grc' dir='ltr'>ὡς</span> <span class='ocrx_word' id='word_1_596' title='bbox 3510 4006 3571 4059; x_wconf 76' lang='grc' dir='ltr'>ἐν</span> <span class='ocrx_word' id='word_1_597' title='bbox 3583 4005 3728 4075; x_wconf 64' lang='grc' dir='ltr'>οὐσίᾳ</span> 
     </span>
    </p>
   </div>
   <div class='ocr_carea' id='block_1_82' title="bbox 480 4091 2050 4172">
    <p class='ocr_par' dir='ltr' id='par_1_82' title="bbox 480 4093 2047 4167">
     <span class='ocr_line' id='line_1_82' title="bbox 480 4093 2047 4167; baseline 0.006 -23"><span class='ocrx_word' id='word_1_598' title='bbox 480 4094 551 4147; x_wconf 82' lang='lat' dir='ltr'><strong>tis</strong></span> <span class='ocrx_word' id='word_1_599' title='bbox 586 4093 858 4163; x_wconf 90' lang='lat' dir='ltr'><strong>principio</strong></span> <span class='ocrx_word' id='word_1_600' title='bbox 886 4094 1126 4148; x_wconf 86' lang='lat' dir='ltr'><strong>carentis</strong></span> <span class='ocrx_word' id='word_1_601' title='bbox 1148 4096 1450 4164; x_wconf 84' lang='lat' dir='ltr'><strong>aeternique</strong></span> <span class='ocrx_word' id='word_1_602' title='bbox 1473 4095 1639 4157; x_wconf 56' lang='lat' dir='ltr'><strong>.Verbi</strong></span> <span class='ocrx_word' id='word_1_603' title='bbox 1670 4105 1951 4167; x_wconf 88' lang='lat' dir='ltr'><strong>parentem</strong></span> <span class='ocrx_word' id='word_1_604' title='bbox 1981 4113 2047 4154; x_wconf 92' lang='lat' dir='ltr'><strong>ac</strong></span> 
     </span>
    </p>
   </div>
   <div class='ocr_carea' id='block_1_83' title="bbox 2151 4091 3724 4172">
    <p class='ocr_par' dir='ltr' id='par_1_83' title="bbox 2151 4091 3724 4166">
     <span class='ocr_line' id='line_1_83' title="bbox 2151 4091 3724 4166; baseline 0.003 -20"><span class='ocrx_word' id='word_1_605' title='bbox 2151 4096 2215 4165; x_wconf 81' lang='grc' dir='ltr'>τῇ</span> <span class='ocrx_word' id='word_1_606' title='bbox 2249 4093 2435 4164; x_wconf 80' lang='grc' dir='ltr'>μονάδι</span> <span class='ocrx_word' id='word_1_607' title='bbox 2468 4091 2809 4164; x_wconf 79' lang='grc' dir='ltr'>συμόεόηκός</span> <span class='ocrx_word' id='word_1_608' title='bbox 2839 4095 2987 4147; x_wconf 78' lang='grc' dir='ltr'>ἐστιν</span> <span class='ocrx_word' id='word_1_609' title='bbox 3018 4097 3052 4164; x_wconf 74' lang='grc' dir='ltr'>ἡ</span> <span class='ocrx_word' id='word_1_610' title='bbox 3077 4093 3245 4166; x_wconf 83' lang='grc' dir='ltr'>Τριάς</span> <span class='ocrx_word' id='word_1_611' title='bbox 3273 4112 3288 4126; x_wconf 73' lang='grc'><strong><em>⁸</em></strong></span> <span class='ocrx_word' id='word_1_612' title='bbox 3316 4096 3351 4166; x_wconf 76' lang='grc' dir='ltr'>ἢ</span> <span class='ocrx_word' id='word_1_613' title='bbox 3382 4096 3449 4150; x_wconf 80' lang='grc' dir='ltr'><strong>τὺ</strong></span> <span class='ocrx_word' id='word_1_614' title='bbox 3478 4097 3724 4166; x_wconf 76' lang='grc' dir='ltr'>ἔμπαλιν,</span> 
     </span>
    </p>
   </div>
   <div class='ocr_carea' id='block_1_84' title="bbox 483 4183 2054 4255">
    <p class='ocr_par' dir='ltr' id='par_1_84' title="bbox 483 4183 2054 4255">
     <span class='ocr_line' id='line_1_84' title="bbox 483 4183 2054 4255; baseline 0.003 -16"><span class='ocrx_word' id='word_1_615' title='bbox 483 4183 840 4255; x_wconf 84' lang='lat' dir='ltr'><strong>genitricem;</strong></span> <span class='ocrx_word' id='word_1_616' title='bbox 860 4184 1135 4254; x_wconf 90' lang='lat' dir='ltr'><strong>uniusque</strong></span> <span class='ocrx_word' id='word_1_617' title='bbox 1165 4185 1511 4255; x_wconf 74' lang='lat' dir='ltr'><strong>sempiternae</strong></span> <span class='ocrx_word' id='word_1_618' title='bbox 1534 4186 1661 4242; x_wconf 77' lang='lat' dir='ltr'><strong>vitae</strong></span> <span class='ocrx_word' id='word_1_619' title='bbox 1686 4186 2054 4244; x_wconf 88' lang='lat' dir='ltr'><strong>essentialiter</strong></span> 
     </span>
    </p>
   </div>
   <div class='ocr_carea' id='block_1_85' title="bbox 485 4274 2053 4345">
    <p class='ocr_par' dir='ltr' id='par_1_85' title="bbox 485 4274 2053 4345">
     <span class='ocr_line' id='line_1_85' title="bbox 485 4274 2053 4345; baseline 0.003 -17"><span class='ocrx_word' id='word_1_620' title='bbox 485 4288 614 4329; x_wconf 76' lang='lat' dir='ltr'><strong>vere</strong></span> <span class='ocrx_word' id='word_1_621' title='bbox 644 4274 957 4329; x_wconf 80' lang='lat' dir='ltr'><strong>exsistentis</strong></span> <span class='ocrx_word' id='word_1_622' title='bbox 981 4274 1198 4345; x_wconf 88' lang='lat' dir='ltr'><strong>(nempe</strong></span> <span class='ocrx_word' id='word_1_623' title='bbox 1222 4275 1460 4345; x_wconf 90' lang='lat' dir='ltr'><strong>Spiritus</strong></span> <span class='ocrx_word' id='word_1_624' title='bbox 1491 4276 1689 4345; x_wconf 89' lang='lat' dir='ltr'><strong>sancti)</strong></span> <span class='ocrx_word' id='word_1_625' title='bbox 1722 4277 1964 4333; x_wconf 81' lang='lat' dir='ltr'><strong>fontem:</strong></span> <span class='ocrx_word' id='word_1_626' title='bbox 1995 4277 2053 4333; x_wconf 91' lang='lat' dir='ltr'><strong>in</strong></span> 
     </span>
    </p>
   </div>
   <div class='ocr_carea' id='block_1_86' title="bbox 487 4358 2049 4426">
    <p class='ocr_par' dir='ltr' id='par_1_86' title="bbox 487 4358 2049 4426">
     <span class='ocr_line' id='line_1_86' title="bbox 487 4358 2049 4426; baseline 0.003 -11"><span class='ocrx_word' id='word_1_627' title='bbox 487 4363 696 4416; x_wconf 85' lang='lat' dir='ltr'><strong>unitate</strong></span> <span class='ocrx_word' id='word_1_628' title='bbox 722 4358 1068 4426; x_wconf 86' lang='lat' dir='ltr'><strong>Trinitatem,</strong></span> <span class='ocrx_word' id='word_1_629' title='bbox 1094 4370 1151 4416; x_wconf 91' lang='lat' dir='ltr'><strong>et</strong></span> <span class='ocrx_word' id='word_1_630' title='bbox 1186 4363 1243 4416; x_wconf 87' lang='lat' dir='ltr'><strong>in</strong></span> <span class='ocrx_word' id='word_1_631' title='bbox 1274 4364 1541 4418; x_wconf 89' lang='lat' dir='ltr'><strong>Trinitate</strong></span> <span class='ocrx_word' id='word_1_632' title='bbox 1585 4365 1853 4420; x_wconf 88' lang='lat' dir='ltr'><strong>unitatem</strong></span> <span class='ocrx_word' id='word_1_633' title='bbox 1886 4383 1900 4419; x_wconf 89' lang='lat'><strong>:</strong></span> <span class='ocrx_word' id='word_1_634' title='bbox 1939 4381 2049 4420; x_wconf 88' lang='lat' dir='ltr'><strong>non</strong></span> 
     </span>
    </p>
   </div>
   <div class='ocr_carea' id='block_1_87' title="bbox 487 4452 2054 4511">
    <p class='ocr_par' dir='ltr' id='par_1_87' title="bbox 487 4452 2054 4511">
     <span class='ocr_line' id='line_1_87' title="bbox 487 4452 2054 4511; baseline 0.001 -3"><span class='ocrx_word' id='word_1_635' title='bbox 487 4454 648 4509; x_wconf 91' lang='lat' dir='ltr'><strong>aliam</strong></span> <span class='ocrx_word' id='word_1_636' title='bbox 676 4453 731 4506; x_wconf 91' lang='lat' dir='ltr'><strong>in</strong></span> <span class='ocrx_word' id='word_1_637' title='bbox 758 4452 863 4507; x_wconf 91' lang='lat' dir='ltr'><strong>alia</strong></span> <span class='ocrx_word' id='word_1_638' title='bbox 894 4469 907 4505; x_wconf 92' lang='lat'><strong>:</strong></span> <span class='ocrx_word' id='word_1_639' title='bbox 936 4466 1045 4506; x_wconf 89' lang='lat' dir='ltr'><strong>non</strong></span> <span class='ocrx_word' id='word_1_640' title='bbox 1073 4453 1223 4507; x_wconf 79' lang='lat' dir='ltr'><strong>enim</strong></span> <span class='ocrx_word' id='word_1_641' title='bbox 1248 4452 1490 4508; x_wconf 89' lang='lat' dir='ltr'><strong>Trinitas</strong></span> <span class='ocrx_word' id='word_1_642' title='bbox 1517 4454 1598 4508; x_wconf 92' lang='lat' dir='ltr'><strong>sic</strong></span> <span class='ocrx_word' id='word_1_643' title='bbox 1625 4464 1710 4509; x_wconf 89' lang='lat' dir='ltr'><strong>est</strong></span> <span class='ocrx_word' id='word_1_644' title='bbox 1760 4455 1815 4509; x_wconf 89' lang='lat' dir='ltr'><strong>in</strong></span> <span class='ocrx_word' id='word_1_645' title='bbox 1842 4456 2054 4511; x_wconf 89' lang='lat' dir='ltr'><strong>unitate</strong></span> 
     </span>
    </p>
   </div>
   <div class='ocr_carea' id='block_1_88' title="bbox 488 4543 2055 4614">
    <p class='ocr_par' dir='ltr' id='par_1_88' title="bbox 488 4543 2055 4614">
     <span class='ocr_line' id='line_1_88' title="bbox 488 4543 2055 4614; baseline 0.002 -16"><span class='ocrx_word' id='word_1_646' title='bbox 488 4545 643 4614; x_wconf 84' lang='lat' dir='ltr'><strong>quasi</strong></span> <span class='ocrx_word' id='word_1_647' title='bbox 669 4544 927 4599; x_wconf 83' lang='lat' dir='ltr'><strong>accidens</strong></span> <span class='ocrx_word' id='word_1_648' title='bbox 954 4543 1010 4597; x_wconf 89' lang='lat' dir='ltr'><strong>in</strong></span> <span class='ocrx_word' id='word_1_649' title='bbox 1041 4544 1369 4610; x_wconf 85' lang='lat' dir='ltr'><strong>substantia,</strong></span> <span class='ocrx_word' id='word_1_650' title='bbox 1388 4551 1483 4597; x_wconf 91' lang='lat' dir='ltr'><strong>aut</strong></span> <span class='ocrx_word' id='word_1_651' title='bbox 1508 4543 1747 4599; x_wconf 78' lang='lat' dir='ltr'><strong>vicissim</strong></span> <span class='ocrx_word' id='word_1_652' title='bbox 1783 4546 1966 4601; x_wconf 86' lang='lat' dir='ltr'><strong>unitas</strong></span> <span class='ocrx_word' id='word_1_653' title='bbox 2001 4546 2055 4601; x_wconf 88' lang='lat' dir='ltr'><strong>in</strong></span> 
     </span>
    </p>
   </div>
   <div class='ocr_carea' id='block_1_89' title="bbox 490 4634 2055 4705">
    <p class='ocr_par' dir='ltr' id='par_1_89' title="bbox 490 4634 2055 4705">
     <span class='ocr_line' id='line_1_89' title="bbox 490 4634 2055 4705; baseline 0.003 -18"><span class='ocrx_word' id='word_1_654' title='bbox 490 4634 759 4687; x_wconf 88' lang='lat' dir='ltr'><strong>Trinitate</strong></span> <span class='ocrx_word' id='word_1_655' title='bbox 781 4649 795 4693; x_wconf 85' lang='lat'><strong>:</strong></span> <span class='ocrx_word' id='word_1_656' title='bbox 818 4641 878 4687; x_wconf 93' lang='lat' dir='ltr'><strong>ut</strong></span> <span class='ocrx_word' id='word_1_657' title='bbox 904 4649 1025 4704; x_wconf 62' lang='lat' dir='ltr'><strong>quae</strong></span> <span class='ocrx_word' id='word_1_658' title='bbox 1055 4635 1127 4689; x_wconf 90' lang='lat' dir='ltr'><strong>sit</strong></span> <span class='ocrx_word' id='word_1_659' title='bbox 1146 4635 1326 4689; x_wconf 87' lang='lat' dir='ltr'><strong>omnis</strong></span> <span class='ocrx_word' id='word_1_660' title='bbox 1352 4634 1633 4703; x_wconf 87' lang='lat' dir='ltr'><strong>qualitatis</strong></span> <span class='ocrx_word' id='word_1_661' title='bbox 1687 4650 1905 4705; x_wconf 86' lang='lat' dir='ltr'><strong>expers.</strong></span> <span class='ocrx_word' id='word_1_662' title='bbox 1944 4637 2055 4691; x_wconf 87' lang='lat' dir='ltr'><strong>Ne-</strong></span> 
     </span>
    </p>
   </div>
   <div class='ocr_carea' id='block_1_90' title="bbox 488 4724 2057 4793">
    <p class='ocr_par' dir='ltr' id='par_1_90' title="bbox 488 4724 2057 4793">
     <span class='ocr_line' id='line_1_90' title="bbox 488 4724 2057 4793; baseline 0.002 -16"><span class='ocrx_word' id='word_1_663' title='bbox 488 4740 595 4793; x_wconf 87' lang='lat' dir='ltr'><strong>que</strong></span> <span class='ocrx_word' id='word_1_664' title='bbox 626 4735 688 4777; x_wconf 89' lang='lat' dir='ltr'><strong>ut</strong></span> <span class='ocrx_word' id='word_1_665' title='bbox 713 4724 873 4778; x_wconf 89' lang='lat' dir='ltr'><strong>aliam</strong></span> <span class='ocrx_word' id='word_1_666' title='bbox 904 4732 960 4778; x_wconf 88' lang='lat' dir='ltr'><strong>et</strong></span> <span class='ocrx_word' id='word_1_667' title='bbox 997 4724 1197 4779; x_wconf 89' lang='lat' dir='ltr'><strong>aliam:</strong></span> <span class='ocrx_word' id='word_1_668' title='bbox 1227 4739 1338 4779; x_wconf 90' lang='lat' dir='ltr'><strong>non</strong></span> <span class='ocrx_word' id='word_1_669' title='bbox 1375 4724 1523 4780; x_wconf 77' lang='lat' dir='ltr'><strong>enim</strong></span> <span class='ocrx_word' id='word_1_670' title='bbox 1567 4725 1751 4781; x_wconf 86' lang='lat' dir='ltr'><strong>unitas</strong></span> <span class='ocrx_word' id='word_1_671' title='bbox 1801 4742 1832 4781; x_wconf 93' lang='lat' dir='ltr'><strong>a</strong></span> <span class='ocrx_word' id='word_1_672' title='bbox 1871 4727 2057 4781; x_wconf 85' lang='lat' dir='ltr'><strong>Trini-</strong></span> 
     </span>
    </p>
   </div>
   <div class='ocr_carea' id='block_1_91' title="bbox 493 4812 2056 4883">
    <p class='ocr_par' dir='ltr' id='par_1_91' title="bbox 493 4812 2056 4883">
     <span class='ocr_line' id='line_1_91' title="bbox 493 4812 2056 4883; baseline 0.004 -17"><span class='ocrx_word' id='word_1_673' title='bbox 493 4821 602 4867; x_wconf 89' lang='lat' dir='ltr'><strong>tate</strong></span> <span class='ocrx_word' id='word_1_674' title='bbox 634 4813 797 4883; x_wconf 77' lang='lat'><strong>356</strong></span> <span class='ocrx_word' id='word_1_675' title='bbox 824 4813 1012 4869; x_wconf 80' lang='lat' dir='ltr'><strong>diﬂ&#39;ert</strong></span> <span class='ocrx_word' id='word_1_676' title='bbox 1040 4812 1359 4870; x_wconf 89' lang='lat' dir='ltr'><strong>diversitate</strong></span> <span class='ocrx_word' id='word_1_677' title='bbox 1383 4824 1616 4879; x_wconf 71' lang='lat' dir='ltr'><strong>naturae,</strong></span> <span class='ocrx_word' id='word_1_678' title='bbox 1682 4831 1789 4871; x_wconf 89' lang='lat' dir='ltr'><strong>una</strong></span> <span class='ocrx_word' id='word_1_679' title='bbox 1815 4832 1880 4872; x_wconf 90' lang='lat' dir='ltr'><strong>ac</strong></span> <span class='ocrx_word' id='word_1_680' title='bbox 1923 4817 2056 4872; x_wconf 80' lang='lat' dir='ltr'><strong>sim-</strong></span> 
     </span>
    </p>
   </div>
   <div class='ocr_carea' id='block_1_92' title="bbox 492 4906 2056 4979">
    <p class='ocr_par' dir='ltr' id='par_1_92' title="bbox 492 4906 2056 4979">
     <span class='ocr_line' id='line_1_92' title="bbox 492 4906 2056 4979; baseline 0.004 -22"><span class='ocrx_word' id='word_1_681' title='bbox 492 4906 613 4973; x_wconf 80' lang='lat' dir='ltr'><strong>plex</strong></span> <span class='ocrx_word' id='word_1_682' title='bbox 640 4912 833 4958; x_wconf 89' lang='lat' dir='ltr'><strong>natura</strong></span> <span class='ocrx_word' id='word_1_683' title='bbox 869 4907 1162 4962; x_wconf 80' lang='lat' dir='ltr'><strong>exsistens.</strong></span> <span class='ocrx_word' id='word_1_684' title='bbox 1189 4906 1378 4976; x_wconf 81' lang='lat' dir='ltr'><strong>Neque</strong></span> <span class='ocrx_word' id='word_1_685' title='bbox 1403 4915 1463 4961; x_wconf 90' lang='lat' dir='ltr'><strong>ut</strong></span> <span class='ocrx_word' id='word_1_686' title='bbox 1489 4908 1777 4979; x_wconf 65' lang='lat' dir='ltr'><strong>aliamprae</strong></span> <span class='ocrx_word' id='word_1_687' title='bbox 1798 4908 1925 4974; x_wconf 91' lang='lat' dir='ltr'><strong>alia;</strong></span> <span class='ocrx_word' id='word_1_688' title='bbox 1943 4924 2056 4964; x_wconf 91' lang='lat' dir='ltr'><strong>non</strong></span> 
     </span>
    </p>
   </div>
   <div class='ocr_carea' id='block_1_93' title="bbox 491 4992 2059 5066">
    <p class='ocr_par' dir='ltr' id='par_1_93' title="bbox 491 4992 2059 5066">
     <span class='ocr_line' id='line_1_93' title="bbox 491 4992 2059 5066; baseline 0.004 -20"><span class='ocrx_word' id='word_1_689' title='bbox 491 4992 638 5047; x_wconf 88' lang='lat' dir='ltr'><strong>enim</strong></span> <span class='ocrx_word' id='word_1_690' title='bbox 688 4993 927 5049; x_wconf 85' lang='lat' dir='ltr'><strong>Trinitas</strong></span> <span class='ocrx_word' id='word_1_691' title='bbox 969 4995 1038 5049; x_wconf 91' lang='lat' dir='ltr'><strong>ab</strong></span> <span class='ocrx_word' id='word_1_692' title='bbox 1093 4994 1303 5050; x_wconf 86' lang='lat' dir='ltr'><strong>unitate</strong></span> <span class='ocrx_word' id='word_1_693' title='bbox 1340 4996 1499 5066; x_wconf 72' lang='lat' dir='ltr'><strong>quasi</strong></span> <span class='ocrx_word' id='word_1_694' title='bbox 1543 4997 1758 5051; x_wconf 88' lang='lat' dir='ltr'><strong>minore</strong></span> <span class='ocrx_word' id='word_1_695' title='bbox 1815 4997 2059 5066; x_wconf 82' lang='lat' dir='ltr'><strong>potentia</strong></span> 
     </span>
    </p>
   </div>
   <div class='ocr_carea' id='block_1_94' title="bbox 490 5082 2059 5154">
    <p class='ocr_par' dir='ltr' id='par_1_94' title="bbox 490 5082 2059 5154">
     <span class='ocr_line' id='line_1_94' title="bbox 490 5082 2059 5154; baseline 0.006 -19"><span class='ocrx_word' id='word_1_696' title='bbox 490 5082 717 5152; x_wconf 86' lang='lat' dir='ltr'><strong>ejusque</strong></span> <span class='ocrx_word' id='word_1_697' title='bbox 739 5084 911 5154; x_wconf 85' lang='lat' dir='ltr'><strong>gradu</strong></span> <span class='ocrx_word' id='word_1_698' title='bbox 941 5084 1291 5141; x_wconf 87' lang='lat' dir='ltr'><strong>submissiori</strong></span> <span class='ocrx_word' id='word_1_699' title='bbox 1319 5086 1560 5141; x_wconf 88' lang='lat' dir='ltr'><strong>discreta</strong></span> <span class='ocrx_word' id='word_1_700' title='bbox 1579 5092 1666 5141; x_wconf 87' lang='lat' dir='ltr'><strong>est</strong></span> <span class='ocrx_word' id='word_1_701' title='bbox 1696 5118 1712 5151; x_wconf 81' lang='lat'><strong>,</strong></span> <span class='ocrx_word' id='word_1_702' title='bbox 1751 5095 1843 5141; x_wconf 82' lang='lat' dir='ltr'><strong>aut</strong></span> <span class='ocrx_word' id='word_1_703' title='bbox 1874 5087 2059 5144; x_wconf 82' lang='lat' dir='ltr'><strong>unitas</strong></span> 
     </span>
    </p>
   </div>
   <div class='ocr_carea' id='block_1_95' title="bbox 493 5179 2057 5257">
    <p class='ocr_par' dir='ltr' id='par_1_95' title="bbox 493 5179 2057 5257">
     <span class='ocr_line' id='line_1_95' title="bbox 493 5179 2057 5257; baseline 0.003 -20"><span class='ocrx_word' id='word_1_704' title='bbox 493 5198 524 5237; x_wconf 89' lang='lat' dir='ltr'><strong>a</strong></span> <span class='ocrx_word' id='word_1_705' title='bbox 549 5179 837 5240; x_wconf 80' lang='lat' dir='ltr'><strong>Trinitate.</strong></span> <span class='ocrx_word' id='word_1_706' title='bbox 861 5187 931 5241; x_wconf 83' lang='lat' dir='ltr'><strong>At</strong></span> <span class='ocrx_word' id='word_1_707' title='bbox 956 5203 1134 5257; x_wconf 90' lang='lat' dir='ltr'><strong>neque</strong></span> <span class='ocrx_word' id='word_1_708' title='bbox 1158 5197 1220 5243; x_wconf 90' lang='lat' dir='ltr'><strong>ut</strong></span> <span class='ocrx_word' id='word_1_709' title='bbox 1243 5202 1535 5242; x_wconf 88' lang='lat' dir='ltr'><strong>commune</strong></span> <span class='ocrx_word' id='word_1_710' title='bbox 1556 5186 1691 5257; x_wconf 89' lang='lat' dir='ltr'><strong>quid</strong></span> <span class='ocrx_word' id='word_1_711' title='bbox 1719 5201 1784 5242; x_wconf 90' lang='lat' dir='ltr'><strong>ac</strong></span> <span class='ocrx_word' id='word_1_712' title='bbox 1830 5187 2057 5243; x_wconf 88' lang='lat' dir='ltr'><strong>univer-</strong></span> 
     </span>
    </p>
   </div>
   <div class='ocr_carea' id='block_1_96' title="bbox 493 5274 2057 5362">
    <p class='ocr_par' dir='ltr' id='par_1_96' title="bbox 493 5274 2057 5362">
     <span class='ocr_line' id='line_1_96' title="bbox 493 5274 2057 5362; baseline 0.006 -36"><span class='ocrx_word' id='word_1_713' title='bbox 493 5274 626 5337; x_wconf 87' lang='lat' dir='ltr'><strong>sale,</strong></span> <span class='ocrx_word' id='word_1_714' title='bbox 655 5275 802 5344; x_wconf 90' lang='lat' dir='ltr'><strong>quod</strong></span> <span class='ocrx_word' id='word_1_715' title='bbox 826 5277 1013 5332; x_wconf 90' lang='lat' dir='ltr'><strong>subtili</strong></span> <span class='ocrx_word' id='word_1_716' title='bbox 1043 5279 1223 5332; x_wconf 89' lang='lat' dir='ltr'><strong>solum</strong></span> <span class='ocrx_word' id='word_1_717' title='bbox 1243 5279 1485 5362; x_wconf 84' lang='lat' dir='ltr'><strong>cogitatu</strong></span> <span class='ocrx_word' id='word_1_718' title='bbox 1507 5293 1538 5334; x_wconf 94' lang='lat' dir='ltr'><strong>a</strong></span> <span class='ocrx_word' id='word_1_719' title='bbox 1586 5277 2057 5349; x_wconf 56' lang='lat' dir='ltr'><strong>singularibusﬁlli</strong></span> 
     </span>
    </p>
   </div>
   <div class='ocr_carea' id='block_1_97' title="bbox 494 5363 2059 5438">
    <p class='ocr_par' dir='ltr' id='par_1_97' title="bbox 494 5363 2059 5438">
     <span class='ocr_line' id='line_1_97' title="bbox 494 5363 2059 5438; baseline 0.005 -22"><span class='ocrx_word' id='word_1_720' title='bbox 494 5363 752 5433; x_wconf 82' lang='lat' dir='ltr'><strong>subjectis</strong></span> <span class='ocrx_word' id='word_1_721' title='bbox 778 5365 1101 5422; x_wconf 89' lang='lat' dir='ltr'><strong>distinctum</strong></span> <span class='ocrx_word' id='word_1_722' title='bbox 1126 5368 1484 5438; x_wconf 85' lang='lat' dir='ltr'><strong>intelligatur,</strong></span> <span class='ocrx_word' id='word_1_723' title='bbox 1506 5384 1538 5424; x_wconf 92' lang='lat' dir='ltr'><strong>a</strong></span> <span class='ocrx_word' id='word_1_724' title='bbox 1561 5368 1832 5425; x_wconf 86' lang='lat' dir='ltr'><strong>Trinitate</strong></span> <span class='ocrx_word' id='word_1_725' title='bbox 1859 5371 2059 5428; x_wconf 88' lang='lat' dir='ltr'><strong>distin-</strong></span> 
     </span>
    </p>
   </div>
   <div class='ocr_carea' id='block_1_98' title="bbox 2155 4185 3728 4258">
    <p class='ocr_par' dir='ltr' id='par_1_98' title="bbox 2155 4185 3728 4258">
     <span class='ocr_line' id='line_1_98' title="bbox 2155 4185 3728 4258; baseline 0.005 -20"><span class='ocrx_word' id='word_1_726' title='bbox 2155 4186 2214 4239; x_wconf 81' lang='grc' dir='ltr'>ὲν</span> <span class='ocrx_word' id='word_1_727' title='bbox 2246 4185 2439 4257; x_wconf 85' lang='grc' dir='ltr'>Τριάδι</span> <span class='ocrx_word' id='word_1_728' title='bbox 2488 4185 2653 4256; x_wconf 85' lang='grc' dir='ltr'>μονάς</span> <span class='ocrx_word' id='word_1_729' title='bbox 2681 4201 2698 4218; x_wconf 80' lang='grc'><strong>⁸</strong></span> <span class='ocrx_word' id='word_1_730' title='bbox 2745 4187 2938 4252; x_wconf 80' lang='grc' dir='ltr'>ἄποιος</span> <span class='ocrx_word' id='word_1_731' title='bbox 2992 4189 3121 4258; x_wconf 82' lang='grc' dir='ltr'>γάρ.</span> <span class='ocrx_word' id='word_1_732' title='bbox 3169 4189 3395 4253; x_wconf 75' lang='grc' dir='ltr'>Οὐδ’ὡς</span> <span class='ocrx_word' id='word_1_733' title='bbox 3447 4191 3728 4257; x_wconf 57' lang='lat' dir='ltr'><strong>anan</strong></span> 
     </span>
    </p>
   </div>
   <div class='ocr_carea' id='block_1_99' title="bbox 2155 4275 3728 4352">
    <p class='ocr_par' dir='ltr' id='par_1_99' title="bbox 2155 4275 3728 4352">
     <span class='ocr_line' id='line_1_99' title="bbox 2155 4275 3728 4352; baseline 0.003 -22"><span class='ocrx_word' id='word_1_734' title='bbox 2155 4276 2323 4344; x_wconf 79' lang='grc' dir='ltr'>ἄλλην</span> <span class='ocrx_word' id='word_1_735' title='bbox 2342 4291 2355 4304; x_wconf 89' lang='grc'><strong>·</strong></span> <span class='ocrx_word' id='word_1_736' title='bbox 2387 4276 2448 4327; x_wconf 83' lang='grc' dir='ltr'><strong>οὑ</strong></span> <span class='ocrx_word' id='word_1_737' title='bbox 2480 4275 2588 4346; x_wconf 78' lang='grc' dir='ltr'><strong>γὰρ</strong></span> <span class='ocrx_word' id='word_1_738' title='bbox 2603 4276 2882 4346; x_wconf 81' lang='grc' dir='ltr'>ἑτερότητι</span> <span class='ocrx_word' id='word_1_739' title='bbox 2908 4275 3126 4346; x_wconf 84' lang='grc' dir='ltr'>φύσεως</span> <span class='ocrx_word' id='word_1_740' title='bbox 3141 4278 3239 4348; x_wconf 83' lang='grc' dir='ltr'>τῆς</span> <span class='ocrx_word' id='word_1_741' title='bbox 3265 4278 3502 4347; x_wconf 80' lang='grc' dir='ltr'>Τριάδος</span> <span class='ocrx_word' id='word_1_742' title='bbox 3525 4283 3728 4352; x_wconf 50' lang='lat' dir='ltr'><strong>fama;</strong></span> 
     </span>
    </p>
   </div>
   <div class='ocr_carea' id='block_1_100' title="bbox 2154 4367 3725 4440">
    <p class='ocr_par' dir='ltr' id='par_1_100' title="bbox 2154 4367 3725 4440">
     <span class='ocr_line' id='line_1_100' title="bbox 2154 4367 3725 4440; baseline 0.004 -19"><span class='ocrx_word' id='word_1_743' title='bbox 2154 4368 2456 4439; x_wconf 78' lang='grc' dir='ltr'>διενήνοχεν</span> <span class='ocrx_word' id='word_1_744' title='bbox 2479 4367 2622 4436; x_wconf 79' lang='grc' dir='ltr'>ἁπλῆ</span> <span class='ocrx_word' id='word_1_745' title='bbox 2653 4384 2713 4419; x_wconf 91' lang='grc' dir='ltr'>τε</span> <span class='ocrx_word' id='word_1_746' title='bbox 2745 4368 2839 4421; x_wconf 77' lang='grc' dir='ltr'>καὶ</span> <span class='ocrx_word' id='word_1_747' title='bbox 2889 4368 2989 4438; x_wconf 89' lang='grc' dir='ltr'><strong>μία</strong></span> <span class='ocrx_word' id='word_1_748' title='bbox 3020 4368 3181 4437; x_wconf 80' lang='grc' dir='ltr'>φύσις</span> <span class='ocrx_word' id='word_1_749' title='bbox 3221 4370 3591 4440; x_wconf 81' lang='grc' dir='ltr'>τυγχάνουσα.</span> <span class='ocrx_word' id='word_1_750' title='bbox 3616 4374 3725 4427; x_wconf 64' lang='grc' dir='ltr'><strong>οιε</strong></span> 
     </span>
    </p>
   </div>
   <div class='ocr_carea' id='block_1_101' title="bbox 2155 4457 3725 4532">
    <p class='ocr_par' dir='ltr' id='par_1_101' title="bbox 2155 4457 3725 4532">
     <span class='ocr_line' id='line_1_101' title="bbox 2155 4457 3725 4532; baseline 0.001 -21"><span class='ocrx_word' id='word_1_751' title='bbox 2155 4458 2231 4522; x_wconf 87' lang='grc' dir='ltr'><strong>ὠς</strong></span> <span class='ocrx_word' id='word_1_752' title='bbox 2258 4458 2424 4528; x_wconf 85' lang='grc' dir='ltr'>ἄλλην</span> <span class='ocrx_word' id='word_1_753' title='bbox 2454 4459 2581 4528; x_wconf 84' lang='grc' dir='ltr'>παρ’</span> <span class='ocrx_word' id='word_1_754' title='bbox 2612 4457 2801 4528; x_wconf 85' lang='grc' dir='ltr'>ἄλλην,</span> <span class='ocrx_word' id='word_1_755' title='bbox 2827 4458 2889 4511; x_wconf 83' lang='grc' dir='ltr'><strong>οὑ</strong></span> <span class='ocrx_word' id='word_1_756' title='bbox 2907 4459 3014 4530; x_wconf 80' lang='grc' dir='ltr'>γὰρ</span> <span class='ocrx_word' id='word_1_757' title='bbox 3031 4459 3218 4527; x_wconf 78' lang='grc' dir='ltr'>ὑφέσει</span> <span class='ocrx_word' id='word_1_758' title='bbox 3245 4459 3537 4532; x_wconf 80' lang='grc' dir='ltr'>δυνάμεως</span> <span class='ocrx_word' id='word_1_759' title='bbox 3558 4464 3725 4518; x_wconf 71' lang='grc' dir='ltr'>δια.κὲ-</span> 
     </span>
    </p>
   </div>
   <div class='ocr_carea' id='block_1_102' title="bbox 2158 4547 3723 4623">
    <p class='ocr_par' dir='ltr' id='par_1_102' title="bbox 2158 4547 3723 4623">
     <span class='ocr_line' id='line_1_102' title="bbox 2158 4547 3723 4623; baseline -0.01 -21"><span class='ocrx_word' id='word_1_760' title='bbox 2158 4564 2337 4620; x_wconf 86' lang='grc' dir='ltr'>κριται</span> <span class='ocrx_word' id='word_1_761' title='bbox 2370 4548 2465 4617; x_wconf 83' lang='grc' dir='ltr'>τῆς</span> <span class='ocrx_word' id='word_1_762' title='bbox 2494 4547 2769 4617; x_wconf 75' lang='grc' dir='ltr'>μονάδοςή</span> <span class='ocrx_word' id='word_1_763' title='bbox 2808 4549 3001 4619; x_wconf 79' lang='grc' dir='ltr'>Τριὰς,</span> <span class='ocrx_word' id='word_1_764' title='bbox 3034 4549 3067 4620; x_wconf 72' lang='grc' dir='ltr'>ἢ</span> <span class='ocrx_word' id='word_1_765' title='bbox 3094 4549 3192 4619; x_wconf 82' lang='grc' dir='ltr'>τῆς</span> <span class='ocrx_word' id='word_1_766' title='bbox 3209 4550 3442 4622; x_wconf 76' lang='grc' dir='ltr'>Τριάδος</span> <span class='ocrx_word' id='word_1_767' title='bbox 3465 4555 3501 4623; x_wconf 74' lang='grc' dir='ltr'><strong>η</strong></span> <span class='ocrx_word' id='word_1_768' title='bbox 3534 4555 3723 4623; x_wconf 67' lang='grc' dir='ltr'><strong>μονάς.</strong></span> 
     </span>
    </p>
   </div>
   <div class='ocr_carea' id='block_1_103' title="bbox 2156 4636 3722 4714">
    <p class='ocr_par' dir='ltr' id='par_1_103' title="bbox 2156 4636 3722 4714">
     <span class='ocr_line' id='line_1_103' title="bbox 2156 4636 3722 4714; baseline 0.003 -23"><span class='ocrx_word' id='word_1_769' title='bbox 2156 4638 2189 4710; x_wconf 79' lang='grc' dir='ltr'><strong>ἢ</strong></span> <span class='ocrx_word' id='word_1_770' title='bbox 2228 4639 2305 4699; x_wconf 84' lang='grc' dir='ltr'><strong>ὡς</strong></span> <span class='ocrx_word' id='word_1_771' title='bbox 2329 4637 2506 4692; x_wconf 86' lang='grc' dir='ltr'>κοινόν</span> <span class='ocrx_word' id='word_1_772' title='bbox 2534 4653 2588 4690; x_wconf 86' lang='grc' dir='ltr'><strong>τι</strong></span> <span class='ocrx_word' id='word_1_773' title='bbox 2619 4636 2716 4690; x_wconf 78' lang='grc' dir='ltr'>καὶ</span> <span class='ocrx_word' id='word_1_774' title='bbox 2765 4636 2983 4705; x_wconf 85' lang='grc' dir='ltr'>γενικὺν</span> <span class='ocrx_word' id='word_1_775' title='bbox 3015 4638 3228 4710; x_wconf 74' lang='grc' dir='ltr'>ἐπινοίᾳ</span> <span class='ocrx_word' id='word_1_776' title='bbox 3287 4640 3425 4714; x_wconf 78' lang='grc' dir='ltr'>μόνῃ</span> <span class='ocrx_word' id='word_1_777' title='bbox 3464 4641 3722 4713; x_wconf 79' lang='grc' dir='ltr'>θεωρητὸν</span> 
     </span>
    </p>
   </div>
   <div class='ocr_carea' id='block_1_104' title="bbox 2154 4727 3722 4805">
    <p class='ocr_par' dir='ltr' id='par_1_104' title="bbox 2154 4727 3722 4805">
     <span class='ocr_line' id='line_1_104' title="bbox 2154 4727 3722 4805; baseline 0.001 -22"><span class='ocrx_word' id='word_1_778' title='bbox 2154 4728 2262 4783; x_wconf 87' lang='grc' dir='ltr'><strong>τῶν</strong></span> <span class='ocrx_word' id='word_1_779' title='bbox 2322 4728 2413 4782; x_wconf 85' lang='grc' dir='ltr'><strong>ὑπ’</strong></span> <span class='ocrx_word' id='word_1_780' title='bbox 2461 4728 2600 4805; x_wconf 25' lang='grc' dir='ltr'>αὑτὸ*</span> <span class='ocrx_word' id='word_1_781' title='bbox 2634 4727 2899 4799; x_wconf 88' lang='grc' dir='ltr'>μερικῶν,</span> <span class='ocrx_word' id='word_1_782' title='bbox 2948 4730 3325 4800; x_wconf 78' lang='grc' dir='ltr'>παρήλλακται</span> <span class='ocrx_word' id='word_1_783' title='bbox 3362 4733 3467 4800; x_wconf 77' lang='grc' dir='ltr'><strong>τῆς</strong></span> <span class='ocrx_word' id='word_1_784' title='bbox 3515 4734 3722 4803; x_wconf 70' lang='grc' dir='ltr'>Τριάδος</span> 
     </span>
    </p>
   </div>
   <div class='ocr_carea' id='block_1_105' title="bbox 2153 4818 3723 4893">
    <p class='ocr_par' dir='ltr' id='par_1_105' title="bbox 2153 4818 3723 4893">
     <span class='ocr_line' id='line_1_105' title="bbox 2153 4818 3723 4893; baseline 0.003 -19"><span class='ocrx_word' id='word_1_785' title='bbox 2153 4822 2188 4893; x_wconf 76' lang='grc' dir='ltr'><strong>ἡ</strong></span> <span class='ocrx_word' id='word_1_786' title='bbox 2220 4822 2405 4892; x_wconf 70' lang='grc' dir='ltr'>μονὰς,</span> <span class='ocrx_word' id='word_1_787' title='bbox 2463 4819 2620 4874; x_wconf 85' lang='grc' dir='ltr'>οὑσία</span> <span class='ocrx_word' id='word_1_788' title='bbox 2696 4819 2902 4890; x_wconf 86' lang='grc' dir='ltr'>κυρίως</span> <span class='ocrx_word' id='word_1_789' title='bbox 2954 4821 3336 4893; x_wconf 81' lang='grc' dir='ltr'>ἀνθύπαρκτος</span> <span class='ocrx_word' id='word_1_790' title='bbox 3404 4818 3568 4886; x_wconf 78' lang='grc' dir='ltr'>οὖσα.</span> <span class='ocrx_word' id='word_1_791' title='bbox 3642 4824 3723 4878; x_wconf 69' lang='grc' dir='ltr'><strong>καὶ</strong></span> 
     </span>
    </p>
   </div>
   <div class='ocr_carea' id='block_1_106' title="bbox 2155 4911 3720 4986">
    <p class='ocr_par' dir='ltr' id='par_1_106' title="bbox 2155 4911 3720 4986">
     <span class='ocr_line' id='line_1_106' title="bbox 2155 4911 3720 4986; baseline 0.002 -20"><span class='ocrx_word' id='word_1_792' title='bbox 2155 4911 2383 4982; x_wconf 85' lang='grc' dir='ltr'>δύναμις</span> <span class='ocrx_word' id='word_1_793' title='bbox 2406 4911 2573 4976; x_wconf 80' lang='grc' dir='ltr'>ὅντως</span> <span class='ocrx_word' id='word_1_794' title='bbox 2609 4911 2956 4982; x_wconf 81' lang='grc' dir='ltr'>αὑτοσθενὴς.</span> <span class='ocrx_word' id='word_1_795' title='bbox 2992 4914 3116 4967; x_wconf 68' lang='grc' dir='ltr'><strong>θὺδ*</strong></span> <span class='ocrx_word' id='word_1_796' title='bbox 3144 4914 3219 4977; x_wconf 84' lang='grc' dir='ltr'><strong>ὡς</strong></span> <span class='ocrx_word' id='word_1_797' title='bbox 3239 4914 3304 4967; x_wconf 82' lang='grc' dir='ltr'>δι’</span> <span class='ocrx_word' id='word_1_798' title='bbox 3327 4914 3501 4985; x_wconf 81' lang='grc' dir='ltr'>ἄλλης</span> <span class='ocrx_word' id='word_1_799' title='bbox 3530 4917 3686 4986; x_wconf 73' lang='grc' dir='ltr'>ἄλλην</span> <span class='ocrx_word' id='word_1_800' title='bbox 3705 4934 3720 4950; x_wconf 82' lang='grc'><em>’</em></span> 
     </span>
    </p>
   </div>
   <div class='ocr_carea' id='block_1_107' title="bbox 2156 5001 3722 5077">
    <p class='ocr_par' dir='ltr' id='par_1_107' title="bbox 2156 5001 3722 5077">
     <span class='ocr_line' id='line_1_107' title="bbox 2156 5001 3722 5077; baseline 0.001 -20"><span class='ocrx_word' id='word_1_801' title='bbox 2156 5005 2216 5057; x_wconf 77' lang='grc' dir='ltr'>οὗ</span> <span class='ocrx_word' id='word_1_802' title='bbox 2245 5001 2353 5073; x_wconf 82' lang='grc' dir='ltr'><strong>γὰρ</strong></span> <span class='ocrx_word' id='word_1_803' title='bbox 2399 5001 2741 5073; x_wconf 85' lang='grc' dir='ltr'>μεσιτεύεται</span> <span class='ocrx_word' id='word_1_804' title='bbox 2793 5004 2977 5073; x_wconf 80' lang='grc' dir='ltr'>σχέσει</span> <span class='ocrx_word' id='word_1_805' title='bbox 3027 5004 3089 5057; x_wconf 70' lang='grc' dir='ltr'><strong>τὸ</strong></span> <span class='ocrx_word' id='word_1_806' title='bbox 3149 5007 3352 5058; x_wconf 84' lang='grc' dir='ltr'>ταυτὸν</span> <span class='ocrx_word' id='word_1_807' title='bbox 3410 5007 3595 5077; x_wconf 72' lang='grc' dir='ltr'>πάντη</span> <span class='ocrx_word' id='word_1_808' title='bbox 3644 5008 3722 5064; x_wconf 68' lang='grc' dir='ltr'>τισὶ</span> 
     </span>
    </p>
   </div>
   <div class='ocr_carea' id='block_1_108' title="bbox 2156 5090 3722 5162">
    <p class='ocr_par' dir='ltr' id='par_1_108' title="bbox 2156 5090 3722 5162">
     <span class='ocr_line' id='line_1_108' title="bbox 2156 5090 3722 5162; baseline 0.003 -16"><span class='ocrx_word' id='word_1_809' title='bbox 2156 5090 2384 5162; x_wconf 77' lang='grc' dir='ltr'>ἄσχετον</span> <span class='ocrx_word' id='word_1_810' title='bbox 2411 5090 2512 5162; x_wconf 80' lang='lat'><strong>(5),</strong></span> <span class='ocrx_word' id='word_1_811' title='bbox 2553 5092 2627 5155; x_wconf 85' lang='grc' dir='ltr'><strong>ὠς</strong></span> <span class='ocrx_word' id='word_1_812' title='bbox 2670 5090 2809 5162; x_wconf 84' lang='grc' dir='ltr'>πρὸς</span> <span class='ocrx_word' id='word_1_813' title='bbox 2864 5092 3039 5151; x_wconf 71' lang='grc' dir='ltr'>αἴτιον</span> <span class='ocrx_word' id='word_1_814' title='bbox 3077 5096 3339 5149; x_wconf 74' lang='grc' dir='ltr'>αἰτιατόν.</span> <span class='ocrx_word' id='word_1_815' title='bbox 3396 5098 3525 5152; x_wconf 71' lang='grc' dir='ltr'>Οὐδ’</span> <span class='ocrx_word' id='word_1_816' title='bbox 3555 5099 3628 5162; x_wconf 81' lang='grc' dir='ltr'><strong>ὡς</strong></span> <span class='ocrx_word' id='word_1_817' title='bbox 3673 5098 3722 5162; x_wconf 74' lang='grc' dir='ltr'><strong>ἐξ</strong></span> 
     </span>
    </p>
   </div>
   <div class='ocr_carea' id='block_1_109' title="bbox 2160 5181 3720 5259">
    <p class='ocr_par' dir='ltr' id='par_1_109' title="bbox 2160 5181 3720 5259">
     <span class='ocr_line' id='line_1_109' title="bbox 2160 5181 3720 5259; baseline 0.003 -21"><span class='ocrx_word' id='word_1_818' title='bbox 2160 5182 2325 5253; x_wconf 84' lang='grc' dir='ltr'>ἄλλης</span> <span class='ocrx_word' id='word_1_819' title='bbox 2352 5181 2547 5254; x_wconf 55' lang='lat' dir='ltr'><strong>mmo</strong></span> <span class='ocrx_word' id='word_1_820' title='bbox 2583 5182 2644 5235; x_wconf 84' lang='grc' dir='ltr'><strong>οὑ</strong></span> <span class='ocrx_word' id='word_1_821' title='bbox 2675 5182 2784 5255; x_wconf 78' lang='grc' dir='ltr'><strong>γὰρ</strong></span> <span class='ocrx_word' id='word_1_822' title='bbox 2838 5182 2979 5236; x_wconf 76' lang='grc' dir='ltr'>κατὰ</span> <span class='ocrx_word' id='word_1_823' title='bbox 3027 5185 3367 5256; x_wconf 84' lang='grc' dir='ltr'>παραγωγὴν</span> <span class='ocrx_word' id='word_1_824' title='bbox 3419 5189 3487 5241; x_wconf 83' lang='grc' dir='ltr'>ὲκ</span> <span class='ocrx_word' id='word_1_825' title='bbox 3520 5190 3720 5259; x_wconf 66' lang='grc' dir='ltr'>μονάδος</span> 
     </span>
    </p>
   </div>
   <div class='ocr_carea' id='block_1_110' title="bbox 2162 5272 3719 5350">
    <p class='ocr_par' dir='ltr' id='par_1_110' title="bbox 2162 5272 3719 5350">
     <span class='ocr_line' id='line_1_110' title="bbox 2162 5272 3719 5350; baseline 0.004 -21"><span class='ocrx_word' id='word_1_826' title='bbox 2162 5274 2334 5347; x_wconf 76' lang='grc' dir='ltr'>Τριὰς</span> <span class='ocrx_word' id='word_1_827' title='bbox 2366 5315 2380 5337; x_wconf 86' lang='grc'><em>,</em></span> <span class='ocrx_word' id='word_1_828' title='bbox 2462 5272 2725 5346; x_wconf 82' lang='grc' dir='ltr'>ἀγένητος</span> <span class='ocrx_word' id='word_1_829' title='bbox 2775 5275 3098 5346; x_wconf 82' lang='grc' dir='ltr'>ὑπάρχουσα</span> <span class='ocrx_word' id='word_1_830' title='bbox 3180 5278 3275 5330; x_wconf 71' lang='grc' dir='ltr'>καὶ</span> <span class='ocrx_word' id='word_1_831' title='bbox 3327 5280 3719 5350; x_wconf 62' lang='grc' dir='ltr'>αὑτέκφαντος·</span> 
     </span>
    </p>
   </div>
   <div class='ocr_carea' id='block_1_111' title="bbox 2164 5365 3723 5443">
    <p class='ocr_par' dir='ltr' id='par_1_111' title="bbox 2164 5365 3723 5443">
     <span class='ocr_line' id='line_1_111' title="bbox 2164 5365 3723 5443; baseline 0.003 -23"><span class='ocrx_word' id='word_1_832' title='bbox 2164 5365 2299 5420; x_wconf 71' lang='grc' dir='ltr'>ἀλλὰ</span> <span class='ocrx_word' id='word_1_833' title='bbox 2322 5366 2419 5438; x_wconf 81' lang='grc' dir='ltr'>τὴν</span> <span class='ocrx_word' id='word_1_834' title='bbox 2448 5366 2616 5437; x_wconf 81' lang='grc' dir='ltr'>αὐτὴν</span> <span class='ocrx_word' id='word_1_835' title='bbox 2650 5366 2725 5430; x_wconf 84' lang='grc' dir='ltr'>ὡς</span> <span class='ocrx_word' id='word_1_836' title='bbox 2761 5366 2978 5436; x_wconf 79' lang='grc' dir='ltr'>ἀληθῶς</span> <span class='ocrx_word' id='word_1_837' title='bbox 3016 5365 3223 5437; x_wconf 65' lang='grc' dir='ltr'>μονάδα</span> <span class='ocrx_word' id='word_1_838' title='bbox 3253 5369 3351 5423; x_wconf 79' lang='grc' dir='ltr'>καὶ</span> <span class='ocrx_word' id='word_1_839' title='bbox 3382 5371 3615 5443; x_wconf 73' lang='grc' dir='ltr'>Τριάδα,</span> <span class='ocrx_word' id='word_1_840' title='bbox 3646 5374 3723 5427; x_wconf 69' lang='lat' dir='ltr'><strong>ut</strong></span> 
     </span>
    </p>
   </div>
   <div class='ocr_carea' id='block_1_112' title="bbox 495 5454 2050 5532">
    <p class='ocr_par' dir='ltr' id='par_1_112' title="bbox 495 5454 2050 5529">
     <span class='ocr_line' id='line_1_112' title="bbox 495 5454 2050 5529; baseline 0.006 -24"><span class='ocrx_word' id='word_1_841' title='bbox 495 5459 581 5505; x_wconf 85' lang='lat' dir='ltr'><strong>cta</strong></span> <span class='ocrx_word' id='word_1_842' title='bbox 612 5454 793 5510; x_wconf 88' lang='lat' dir='ltr'><strong>unitas</strong></span> <span class='ocrx_word' id='word_1_843' title='bbox 825 5464 929 5523; x_wconf 89' lang='lat' dir='ltr'><strong>est,</strong></span> <span class='ocrx_word' id='word_1_844' title='bbox 954 5473 1076 5527; x_wconf 73' lang='lat' dir='ltr'><strong>qua:</strong></span> <span class='ocrx_word' id='word_1_845' title='bbox 1103 5458 1175 5513; x_wconf 92' lang='lat' dir='ltr'><strong>sit</strong></span> <span class='ocrx_word' id='word_1_846' title='bbox 1202 5474 1331 5514; x_wconf 88' lang='lat' dir='ltr'><strong>vere</strong></span> <span class='ocrx_word' id='word_1_847' title='bbox 1353 5458 1470 5529; x_wconf 87' lang='lat' dir='ltr'><strong>ipsa</strong></span> <span class='ocrx_word' id='word_1_848' title='bbox 1490 5472 1521 5512; x_wconf 89' lang='lat' dir='ltr'><strong>a</strong></span> <span class='ocrx_word' id='word_1_849' title='bbox 1554 5472 1614 5513; x_wconf 91' lang='lat' dir='ltr'><strong>se</strong></span> <span class='ocrx_word' id='word_1_850' title='bbox 1635 5459 1906 5515; x_wconf 84' lang='lat' dir='ltr'><strong>exsistens</strong></span> <span class='ocrx_word' id='word_1_851' title='bbox 1932 5458 2050 5514; x_wconf 68' lang='lat' dir='ltr'><strong>sub«</strong></span> 
     </span>
    </p>
   </div>
   <div class='ocr_carea' id='block_1_113' title="bbox 2151 5454 3721 5532">
    <p class='ocr_par' dir='ltr' id='par_1_113' title="bbox 2166 5459 3721 5532">
     <span class='ocr_line' id='line_1_113' title="bbox 2166 5459 3721 5532; baseline 0.004 -20"><span class='ocrx_word' id='word_1_852' title='bbox 2166 5459 2466 5532; x_wconf 80' lang='grc' dir='ltr'>λεγομένην</span> <span class='ocrx_word' id='word_1_853' title='bbox 2490 5460 2584 5514; x_wconf 71' lang='grc' dir='ltr'><strong>καὶ</strong></span> <span class='ocrx_word' id='word_1_854' title='bbox 2620 5459 2915 5530; x_wconf 80' lang='grc' dir='ltr'>νοουμένην</span> <span class='ocrx_word' id='word_1_855' title='bbox 2936 5474 2949 5489; x_wconf 88' lang='grc'><strong>·</strong></span> <span class='ocrx_word' id='word_1_856' title='bbox 3005 5460 3067 5513; x_wconf 83' lang='grc' dir='ltr'>τὸ</span> <span class='ocrx_word' id='word_1_857' title='bbox 3099 5460 3221 5531; x_wconf 72' lang='grc' dir='ltr'>μὲν,</span> <span class='ocrx_word' id='word_1_858' title='bbox 3259 5462 3342 5532; x_wconf 85' lang='grc' dir='ltr'><strong>τῷ</strong></span> <span class='ocrx_word' id='word_1_859' title='bbox 3400 5468 3524 5518; x_wconf 75' lang='grc' dir='ltr'>κατ’</span> <span class='ocrx_word' id='word_1_860' title='bbox 3556 5467 3721 5519; x_wconf 70' lang='grc' dir='ltr'>οὐσίαν</span> 
     </span>
    </p>
   </div>
   <div class='ocr_carea' id='block_1_114' title="bbox 581 5561 1395 5635">
    <p class='ocr_par' dir='ltr' id='par_1_114' title="bbox 581 5561 1395 5635">
     <span class='ocr_line' id='line_1_114' title="bbox 581 5561 1395 5635; baseline -0.014 0"><span class='ocrx_word' id='word_1_861' title='bbox 581 5561 779 5635; x_wconf 62' lang='lat' dir='ltr'><strong>16mg.</strong></span> <span class='ocrx_word' id='word_1_862' title='bbox 809 5576 948 5622; x_wconf 87' lang='lat' dir='ltr'><strong>Orat.</strong></span> <span class='ocrx_word' id='word_1_863' title='bbox 978 5570 1027 5633; x_wconf 77' lang='grc' dir='ltr'>ι,</span> <span class='ocrx_word' id='word_1_864' title='bbox 1057 5569 1146 5635; x_wconf 73' lang='lat'><strong>55,</strong></span> <span class='ocrx_word' id='word_1_865' title='bbox 1189 5570 1277 5634; x_wconf 76' lang='grc'><strong>58,</strong></span> <span class='ocrx_word' id='word_1_866' title='bbox 1307 5570 1395 5624; x_wconf 69' lang='lat' dir='ltr'><strong>te.</strong></span> 
     </span>
    </p>
   </div>
   <div class='ocr_carea' id='block_1_115' title="bbox 3322 5602 3333 5613">
    <p class='ocr_par' dir='ltr' id='par_1_115' title="bbox 3322 5602 3333 5613">
     <span class='ocr_line' id='line_1_115' title="bbox 3322 5602 3333 5613; baseline 0 -2"><span class='ocrx_word' id='word_1_867' title='bbox 3322 5602 3333 5613; x_wconf 77' lang='grc' dir='ltr'><strong>ιι</strong></span> 
     </span>
    </p>
   </div>
   <div class='ocr_carea' id='block_1_116' title="bbox 446 5629 3714 5711">
    <p class='ocr_par' dir='ltr' id='par_1_116' title="bbox 446 5629 3714 5711">
     <span class='ocr_line' id='line_1_116' title="bbox 446 5629 3714 5711; baseline 0.005 -26"><span class='ocrx_word' id='word_1_868' title='bbox 446 5676 449 5679; x_wconf 97' lang='grc'>.</span> <span class='ocrx_word' id='word_1_869' title='bbox 574 5629 613 5650; x_wconf 84' lang='lat'>&quot;</span> <span class='ocrx_word' id='word_1_870' title='bbox 649 5629 887 5691; x_wconf 73' lang='lat' dir='ltr'><strong>Probant</strong></span> <span class='ocrx_word' id='word_1_871' title='bbox 932 5629 1049 5693; x_wconf 55' lang='lat' dir='ltr'><strong>huic</strong></span> <span class='ocrx_word' id='word_1_872' title='bbox 1097 5629 1154 5694; x_wconf 78' lang='lat' dir='ltr'><strong>in</strong></span> <span class='ocrx_word' id='word_1_873' title='bbox 1199 5629 1691 5711; x_wconf 51' lang='lat' dir='ltr'><strong>vi&#39;congruentiat;</strong></span> <span class='ocrx_word' id='word_1_874' title='bbox 1741 5654 1848 5695; x_wconf 89' lang='lat' dir='ltr'><strong>non</strong></span> <span class='ocrx_word' id='word_1_875' title='bbox 1904 5649 2088 5695; x_wconf 78' lang='lat' dir='ltr'><strong>autem</strong></span> <span class='ocrx_word' id='word_1_876' title='bbox 2134 5638 2518 5695; x_wconf 89' lang='lat' dir='ltr'><strong>demonstrant</strong></span> <span class='ocrx_word' id='word_1_877' title='bbox 2547 5637 2834 5694; x_wconf 87' lang='lat' dir='ltr'><strong>Trinitatis</strong></span> <span class='ocrx_word' id='word_1_878' title='bbox 2873 5638 3202 5709; x_wconf 82' lang='lat' dir='ltr'><strong>mysterium</strong></span> <span class='ocrx_word' id='word_1_879' title='bbox 3232 5641 3346 5696; x_wconf 89' lang='lat' dir='ltr'><strong>sola</strong></span> <span class='ocrx_word' id='word_1_880' title='bbox 3387 5642 3497 5699; x_wconf 83' lang='lat' dir='ltr'><strong>ﬁde</strong></span> <span class='ocrx_word' id='word_1_881' title='bbox 3524 5655 3714 5701; x_wconf 81' lang='lat' dir='ltr'><strong>uotum.</strong></span> 
     </span>
    </p>
   </div>
  </div>
