3932 6326
237 329 342 392 893

1223 333 1625 393 EXPOSITIO
1661 310 2073 392 ORATIONIS
2110 326 2521 389 pommus.

3373 314 3481 380 894

232 439 380 508 λόγῳ
403 454 416 467 ·
447 439 509 492 τὸ
545 439 624 503 δὲ,
649 439 726 511 τῷ
760 441 880 494 καθ’
903 440 1137 513 ὓπαρξιν
1167 443 1382 514 τρόπῳ·
1441 445 1570 515 ὃλην
1606 444 1808 515 μονάδα

1916 441 2114 497 stantia
2143 481 2156 506 ,
2217 456 2280 495 ac
2311 440 2488 494 virtus
2527 453 2626 507 per
2656 451 2714 492 se
2748 449 2878 491 vere
2907 433 3086 504 reipsa
3117 439 3332 502 potens.
3377 429 3484 483 Ne"

236 529 340 596 τὴν
371 528 560 599 αὐτὴν,
597 531 669 600 μὴ
724 533 1131 603 μεμερισμένην
1159 536 1280 596 ταῖς
1310 535 1673 588 ὑποστάσεσι·
1714 535 1810 586 καὶ

233 618 367 689 ὅλην
395 617 601 689 mea;
650 621 750 691 τὴν
782 621 968 689 αὐτὴν,
1007 626 1070 693 τῇ
1102 624 1284 693 μονάδι
1344 625 1418 695 μὴ
1467 628 1810 694 συγκεχυμέ-

235 726 368 779 νην·
399 710 488 764 ἴνα
525 709 599 781 μὴ
630 711 708 781 τῷ
745 712 996 782 μερισμῷ
1037 713 1097 766 τὸ
1127 714 1408 778 πολύθεον,
1447 714 1480 785 ἦ
1511 717 1577 785 τῇ
1609 715 1810 784 συγχύ-

238 818 326 853 σει
381 801 443 854 τὸ
483 802 642 856 ἄθεον
687 804 1102 874 εἰσκομίζηται·
1161 805 1304 874 ἅπερ
1335 804 1550 874 φεύγων
1589 808 1617 858 ὁ
1673 806 1815 860 κατὰ

237 893 475 963 Χριστδι
543 893 914 963 λαμπρύνεται
999 893 1176 962 λόγος.
1229 895 1386 962 Λέγω
1441 896 1496 948 δὲ
1574 895 1810 966 Χριστοῦ

234 981 418 1049 λόγον,
455 982 515 1034 τὸ
538 983 719 1034 καινὸν
747 984 1003 1053 κήρυγμτ
1031 984 1128 1053 τῆς
1158 983 1443 1055 ἀληθείας·
1503 987 1560 1038 ὲν
1699 988 1810 1038 οὐκ

236 1072 413 1124 ἐστιν
451 1071 630 1138 difﬁc-2r
659 1074 754 1126 καὶ
787 1071 940 1140 θῆλυ
960 1089 972 1102 '
1011 1077 1152 1143 φημὶ
1173 1075 1230 1126 δὲ
1263 1075 1332 1127 τὰ
1363 1077 1583 1144 σημεῖα,
1627 1075 1719 1126 καὶ
1747 1077 1815 1127 τὰ

239 1161 391 1230 παθη
409 1162 504 1230 τῆς
533 1162 636 1213 ὑπὸ
657 1161 862 1232 φθορὰν
893 1165 985 1216 καὶ
1003 1163 1213 1232 γένεσιν
1231 1165 1450 1232 φύσεως
1477 1181 1492 1194 ·
1528 1167 1636 1236 οὐχ
1667 1165 1781 1218 ’Ἑλ
1799 1193 1811 1203 -

237 1255 366 1318 λην
386 1251 483 1304 καὶ
531 1252 835 1316 Ἰουδαῖος,
867 1254 916 1305 οἰ
975 1254 1098 1324 περὶ
1145 1254 1394 1323 θεότητος
1442 1254 1812 1324 ἀντικείμενοι

240 1342 434 1409 λόγοι·
489 1345 562 1396 οὺ
595 1344 874 1412 περιτομὴ
912 1345 1010 1397 καὶ
1061 1346 1447 1411 ἀκροϐυστία,
1503 1347 1560 1398 at
1604 1345 1815 1406 τούτοις

239 1431 446 1500 δηλαδὴ
476 1432 800 1502 κατάλληλοι
819 1434 1062 1503 λατρείαι
1083 1450 1097 1462 ·
1138 1436 1171 1505 ή
1205 1435 1324 1502 μὲν,
1352 1435 1438 1487 διὰ
1469 1435 1538 1487 τὰ
1574 1435 1815 1505 σύμϐολα

242 1518 342 1570 τοῦ
394 1520 577 1588 νόμου,
625 1522 724 1590 τὴν
780 1523 1110 1592 φαινομένην
1146 1524 1320 1576 κτίσιν
1363 1525 1684 1588 κακίζουσα,
1720 1528 1815 1578 καὶ

241 1608 342 1662 τὸν
380 1609 601 1680 κτίστην
631 1611 704 1674 ὡς
752 1612 936 1666 κακῶν
982 1613 1208 1683 ποιητὴν
1245 1614 1601 1668 διαϐάλλουσα
1629 1632 1642 1646 ·
1674 1617 1706 1685 ἠ
1735 1615 1813 1679 δὲ,

243 1700 339 1753 διὰ
375 1702 441 1754 τὰ
499 1701 644 1772 πάθη
702 1704 905 1773 ταύτην
965 1705 1305 1770 Θεοποιοῦσα,
1355 1707 1448 1759 καὶ
1503 1707 1580 1774 τῷ
1621 1707 1814 1778 κτίστῃ

1913 551 2019 604 quc
2039 543 2094 588 ut
2123 533 2284 587 aliam
2315 547 2414 601 per
2436 530 2632 592 aliam;
2659 544 2762 582 nec
2781 527 2931 583 enim
2959 527 3069 580 ulla
3115 536 3344 594 prorsus
3393 520 3480 573 in-

1911 623 2144 679 tercedit
2178 620 2371 676 relatio
2419 635 2516 674 seu
2569 618 2856 681 habitudo,
2901 617 3168 670 dirimens
3196 614 3271 676 id,
3335 611 3483 681 quod

1912 728 2140 783 prorsus
2165 712 2307 765 idem
2335 718 2389 763 et
2411 707 2724 763 absolutum
2749 716 2834 762 est
2857 723 2872 771 ;
2899 703 3208 774 cuiusmodi
3255 702 3483 755 eﬂcctus

1913 801 1982 854 ad
2014 814 2232 854 causam
2261 797 2523 852 habitudo
2555 803 2654 850 est.
2687 795 2799 848 Nec
2842 794 2984 848 sicut
3010 809 3076 847 ex
3125 792 3229 846 alia
3281 791 3482 852 aliam;

1912 907 2022 945 non
2047 891 2198 944 enim
2226 889 2468 944 Trinitas
2486 904 2583 957 per
2607 886 3025 956 productionem
3048 894 3134 939 est
3154 883 3221 937 ab
3249 882 3481 941 unitate,

1912 999 2034 1052 quae
2051 983 2122 1038 sit
2145 983 2408 1045 increata,
2424 997 2488 1035 ac
2512 980 2624 1049 ipsa
2639 995 2670 1032 a
2688 994 2744 1032 se
2769 993 2887 1032 sese
2904 977 3212 1046 explicans:
3241 973 3337 1027 sed
3366 988 3486 1040 quae

1911 1075 2161 1129 eamdem
2189 1089 2318 1128 vere
2345 1073 2526 1126 unitas
2557 1080 2720 1139 atque
2772 1069 3014 1123 Trinitas
3051 1076 3108 1121 ct
3156 1067 3374 1121 dicatur
3431 1073 3487 1116 ct

1913 1164 2283 1234 intelligatur;
2322 1164 2552 1217 alterum
2581 1160 2804 1231 quidem
2842 1158 3094 1212 essentia:
3141 1157 3372 1218 ratione,
3410 1155 3484 1207 al-

1913 1265 2093 1308 terum
2143 1261 2328 1307 autem
2365 1251 2529 1306 modo
2595 1247 2929 1302 cxsistcntia:
2961 1263 2974 1298 :
3011 1253 3176 1299 totam
3220 1241 3484 1295 unitatem

1911 1346 2182 1408 eamdem,
2218 1360 2343 1413 qua:
2390 1341 2643 1412 personis
2683 1356 2796 1394 non
2851 1337 3024 1392 divisa
3060 1335 3164 1400 sit;
3206 1341 3485 1398 totamque

1895 1437 2160 1500 _camdem
2188 1437 2359 1504 ipsam
2404 1434 2750 1496 Trinitatem,
2802 1431 2942 1484 nihil
2994 1427 3120 1482 inde
3179 1424 3484 1482 confusam,

1914 1528 2060 1598 quod
2087 1529 2268 1582 unitas
2298 1526 2557 1589 exsistit;
2594 1539 2662 1577 ne
2705 1521 2914 1577 scilicet
2937 1537 3002 1574 ex
3047 1517 3487 1578 divisione,deo-

1914 1634 2036 1671 rum
2070 1618 2229 1670 turba
2263 1617 2612 1684 importetur,
2648 1613 2732 1666 vel
2773 1628 2838 1666 ex
2863 1609 3207 1670 confusione,
3237 1608 3350 1675 ipsa
3383 1619 3487 1657 no-

1917 1709 2003 1761 bis
2024 1709 2284 1776 depereat
2307 1707 2488 1760 Deitas
2517 1704 2698 1771 :quod
2736 1713 3029 1771 utrumque
3067 1698 3368 1754 absurdum
3407 1695 3489 1746 vi-

245 1789 594 1843 ὲπανιστῶσα
621 1791 680 1842 τὸ
709 1792 919 1861 ποίημα
943 1809 956 1822 ·
991 1794 1085 1847 καὶ
1126 1794 1258 1863 πρὸς
1290 1796 1400 1846 ἴσον
1446 1796 1614 1846 κακὸν
1654 1796 1816 1864 ἄμφω

1921 1806 2040 1851 tans
2069 1795 2652 1852 clarescitChristiana
2675 1793 2947 1848 doctrina.
2981 1790 3348 1846 Christianam
3385 1802 3486 1839 au-

243 1877 350 1947 τὴν
385 1877 532 1930 θείαν
561 1878 718 1950 ὕϐριν
743 1879 996 1950 ἀλλήλαις
1031 1883 1391 1953 συλλήγουσαι
1441 1882 1816 1960 {Venetam}-

242 1973 529 2041 λέγουσαι·
563 1972 660 2028 Fr.
698 1975 1070 2047 συνάγουσαι].
1110 1978 1192 2032 Οίι
1223 1977 1524 2044 ,ϐάρϐαρος
1547 1979 1642 2030 καὶ
1669 1979 1818 2031 Σκύ-

244 2066 361 2130 θης
385 2079 400 2093 ·
430 2063 724 2129 τουτέστιν,
767 2066 947 2136 ἠπρὺς
977 2067 1173 2136 ἑαυτὴν
1197 2068 1548 2137 στασιαστικὴ
1573 2069 1671 2137 τῆς
1689 2070 1817 2137 μιᾶς

247 2151 464 2219 φύσεως
501 2154 639 2207 κατὰ
672 2153 896 2225 γνώμην
927 2155 1230 2219 διάστασις·
1274 2157 1393 2210 καθ’
1432 2157 1497 2228 ἢν
1531 2161 1558 2212 ὁ
1584 2160 1682 2228 τῆς
1727 2159 1818 2211 ἀλ·

249 2241 596 2310 ληλοκτονίας
641 2243 790 2312 παρᾶ
839 2243 1000 2312 φύσιν
1030 2248 1140 2308 τοῖς
1167 2245 1472 2316 ἀνθρώποις
1518 2248 1817 2322 είσεφθάρη

246 2333 433 2400 νόμος.
456 2335 601 2388 Οὔτε
629 2333 852 2406 δοῦλος
899 2337 996 2394 καί
1040 2338 1378 2410 ἐλεύθερος·
1432 2344 1465 2413 ἡ
1509 2343 1607 2413 τῆς
1651 2345 1820 2415 αὐτῆς

247 2421 495 2497 δηλονότι
543 2427 695 2497 παρὰ
737 2428 962 2501 γνώμην
987 2431 1250 2501 διαίρεσις
1316 2431 1561 2500 φύσεως·
1626 2432 1818 2504 ἄτιμον

255 2519 552 2590 ποιουμένη
590 2519 680 2572 τὸν
701 2519 840 2574 κατὰ
880 2521 1039 2590 φύσιν
1068 2522 1358 2592 ὁμότιμον·
1403 2524 1564 2593 νόμον
1604 2526 1820 2578 ἐπίκου-

255 2627 351 2682 ρον
381 2610 600 2680 ἔχουσα,
627 2610 730 2682 τὴν
743 2611 1108 2680 τυραννοῦσαν
1132 2612 1193 2664 τὸ
1221 2613 1319 2688 τῆς
1347 2614 1554 2677 εἰκόνος
1581 2613 1816 2685 ἀξίωμα.

251 2697 364 2751 τῶν
396 2699 756 2764 δεσποζόντων
793 2701 1058 2754 διάθεσιν·
1131 2702 1314 2757 Ἀλλὰ
1368 2704 1564 2757 πάντα
1623 2706 1718 2758 καί
1750 2707 1820 2759 ἐν

250 2787 405 2843 πᾶσι
429 2791 704 2857 Χριστὸς,
731 2793 816 2846 διὰ
844 2792 952 2846 τῶν
988 2794 1129 2865 ὑπὲρ
1160 2793 1317 2862 φύσιν
1350 2795 1444 2848 καὶ
1497 2797 1679 2867 νόμον,
1721 2797 1820 2868 τὴν

233 2879 356 2962 ,τῆς
381 2879 614 2950 ἀνάρχου
643 2881 914 2950 βασιλείας
941 2882 1284 2953 δημιουργῶν
1312 2885 1367 2936 ὲν
1399 2885 1665 2954 πνεύματι
1691 2886 1822 2956 μόρ-

236 2987 461 3051 Ιφωσιν·
495 2972 580 3040 ἣν,
612 2972 685 3034 ὡς
717 2973 1107 3035 ἀποδέδεικται,
1139 2974 1346 3042 πέφυκε
1373 2977 1815 3046 χαρακτηρίζειν,

1920 1899 2026 1944 tem
2047 1888 2372 1959 (secundum
2402 1886 2684 1941 Christum
2708 1883 2941 1952 scilicet)
2974 1895 3112 1936 voco
3158 1893 3355 1934 novam
3393 1893 3488 1930 vc-

1919 1981 2098 2034 ritatis
2136 1978 2615 2048 praedicationem;
2689 1976 2744 2029 in
2780 1990 2886 2043 qua
2947 1990 3050 2027 non
3109 1981 3182 2025 est
3227 1966 3487 2024 masculus

1917 2087 2082 2140 neque
2106 2071 2336 2139 femina;
2365 2069 2517 2140 signa
2552 2068 2814 2124 nimirum
2858 2085 2922 2122 ac
2944 2069 3227 2138 passiones
3285 2079 3380 2118 seu
3411 2064 3492 2116 af-

1918 2163 2658 2220 fectusnaturminteritioni
2709 2161 2968 2231 ortuique
3023 2156 3308 2220 obnoxiae;
3381 2170 3488 2206 non

1918 2256 2129 2313 ercus
2154 2266 2202 2308 et
2224 2255 2441 2309 Iudaeus
2482 2270 2502 2306 :
2542 2253 2835 2308 contraria;
2889 2252 3101 2306 scilicet
3157 2249 3224 2303 de
3277 2249 3488 2301 Deitate

1917 2345 2202 2401 sententia:
2231 2345 2525 2413 opiniones
2549 2361 2563 2409 ;
2592 2361 2695 2397 non
2721 2343 3047 2398 circumcisio
3086 2355 3252 2408 neque
3275 2353 3488 2406 pra’pu-

1918 2438 2049 2490 tium
2081 2451 2098 2489 :
2122 2437 2305 2490 cultus
2325 2435 2588 2489 nimirum
2615 2435 2836 2503 utrique
2870 2441 3032 2488 secta:
3057 2430 3448 2486 convenientes
3473 2444 3486 2479 :

1918 2543 2153 2596 quarum
2187 2528 2381 2588 altera,
2415 2527 2487 2580 ob
2519 2525 2654 2595 legis
2685 2525 2952 2596 symbola,
2974 2531 3282 2578 creaturam
3314 2522 3491 2574 oculis

1918 2619 2307 2688 aspectabilem
2355 2618 2637 2687 sugillans,
2699 2618 2898 2686 ipsum,
2955 2630 3066 2684 quo
3124 2615 3214 2668 illa
3261 2622 3490 2667 auctore

1919 2709 2143 2764 condita
2168 2719 2272 2772 cst,
2307 2719 2564 2778 tanquam
2593 2709 2860 2762 malorum
2887 2715 3166 2762 auctorem
3200 2705 3254 2758 in
3281 2705 3488 2758 crimen

1918 2812 2080 2858 vocat
2109 2803 2314 2868 ;altera
2346 2817 2501 2863 vero,
2529 2817 2637 2870 pra:
2663 2799 2892 2853 libidine
2930 2805 2986 2851 et
3021 2812 3129 2865 qua
3173 2795 3320 2848 vitiis
3364 2809 3486 2863 pro-

1921 2895 2116 2950 clivior
2137 2902 2241 2957 est,
2273 2893 2620 2948 eamdeitate
2669 2891 2902 2952 donans,
2952 2888 3217 2941 adversus
3267 2885 3493 2939 Creato-

1921 3001 2036 3040 rem
2071 2983 2386 3047 committit,
2409 2983 2556 3052 quod
2579 2982 2674 3035 illo
2701 2989 2927 3035 auctore
2950 2978 3259 3032 editumest
3283 2993 3297 3041 ;
3326 2976 3492 3044 inque

252 3061 484 3131 καρδίας
537 3062 861 3126 ταπείνωσις
914 3064 1008 3116 καί⁵
1054 3065 1330 3134 πραότης·
1385 3059 1459 3118 ὧν
1512 3069 1546 3135 ἡ
1604 3067 1816 3131 σύνοδος

1925 3077 2127 3130 malum
2150 3076 2356 3143 :equale
2377 3075 2493 3142 (Dei
2523 3074 2711 3142 utique
2739 3067 3151 3139 contumeliam)
3186 3068 3349 3122 ambo
3392 3081 3491 3135 pa-

247 3153 456 3206 τέλειον
487 3152 576 3205 τὸν
593 3155 732 3206 κατὰ
743 3155 787 3206 Χ
795 3154 973 3225 ριστὸν
992 3155 1303 3225 κτιζόμενον
1331 3156 1708 3210 ἀποδείκνυσιν
1725 3159 1815 3212 ἇν-

251 3241 488 3314 θρωπον.
509 3244 620 3307 Πᾶς
631 3243 737 3314 γὰρ
753 3243 1143 3313 ταπεινόφρων,
1163 3243 1378 3307 πάντως
1403 3247 1494 3298 καὶ
1515 3247 1704 3316 πρᾶος.
1726 3246 1821 3299 καὶ

251 3334 364 3396 πᾶς
402 3335 596 3404 πρᾶος,
635 3333 851 3397 πάντως
903 3336 996 3386 καὶ
1034 3335 1820 3407 ταπεινόφρων·ταπεινόφρων

255 3423 376 3494 μὲν,
401 3423 476 3486 ὡς
505 3424 664 3491 γνοὺς
698 3423 885 3475 ἑαυτὸν
907 3421 1094 3492 ἔχοντα
1125 3424 1185 3477 τὸ
1217 3421 1355 3478 εἶναι
1377 3425 1780 3494 δεδανεισμένον
1808 3451 1815 3457 ·

251 3514 428 3583 πρᾷος
455 3512 618 3578 δὲ,ὡς
643 3513 890 3581 διαγνοὺς
907 3513 1014 3566 τῶν
1041 3513 1293 3568 δοθεισῶν
1310 3515 1456 3584 αὑτῷ
1491 3515 1630 3568 κατὰ
1661 3515 1820 3582 φύσιν

251 3603 535 3674 δυνάμεων
561 3603 657 3674 τὴν
686 3604 898 3674 χρῆσιν·
941 3604 1036 3658 καὶ
1068 3603 1144 3673 τῷ
1171 3605 1269 3674 μὲν
1293 3604 1436 3675 λῦγῳ
1454 3607 1585 3675 πρὸς
1618 3605 1817 3675 ἀρετῆς

249 3696 467 3763 γένεσιν
521 3695 724 3748 τούτων
758 3696 930 3759 διδοὺς
972 3698 1068 3766 τὴν
1103 3697 1438 3766 ὑπηρεσίαν·
1481 3698 1578 3765 τῆς
1632 3697 1819 3766 αἰσθή-

253 3803 389 3850 σεως
415 3788 472 3840 δὲ
527 3786 746 3850 τελείως
794 3787 891 3858 τὴν
921 3788 1125 3840 τούτων
1169 3786 1470 3839 συστέλλων
1519 3788 1815 3854 ἐνέργειαν.

238 3877 365 3932 Καὶ
397 3877 486 3930 διὰ
521 3877 678 3929 τοῦτο
702 3877 841 3931 κατᾶ
893 3879 996 3948 μὲν,
1021 3877 1111 3930 τὸν
1141 3877 1284 3940 νοῦν,
1327 3876 1462 3946 πρὸς
1488 3875 1618 3928 Θεδν
1649 3876 1819 3928 ἀεικί-

249 3985 412 4038 νητος
444 3965 538 4020 ῶν·
572 3967 712 4021 κατὰ
749 3968 803 4020 δὲ
848 3969 947 4039 τὴν
985 3967 1256 4036 αἴσθησιν,
1287 3965 1408 4018 οὐδὲ
1440 3967 1654 4018 πάντων
1682 3963 1816 4035 ὁμοῦ

248 4055 360 4110 τῶν
408 4055 545 4124 πρὸς
593 4055 750 4125 σῶμα
785 4055 1040 4126 λυπηρῶν
1067 4043 1268 4124 ’πεῖραν
1297 4051 1590 4122 λαμϐάνων
1627 4068 1816 4105 παντε-

249 4146 360 4210 λῶς
390 4147 726 4216 κινούμενος,
767 4145 1005 4216 ἢλύπης
1050 4143 1194 4215 ἴχνος
1247 4142 1492 4197 ὲντυπίῖνθ
1523 4145 1588 4213 τῇ
1651 4143 1815 4214 ψυχῇ,

254 4238 392 4308 πρὸς
433 4237 789 4307 παραλλαγὴν
831 4236 932 4305 τῆς
989 4237 1046 4290 ὲν
1112 4235 1249 4305 αὐτῇ
1304 4233 1597 4304 χαροποιοῦ
1641 4234 1818 4288 διαθέ-

255 4343 394 4390 σεως
424 4326 539 4397 (m)'
563 4327 622 4378 οὐ
657 4325 766 4395 γὰρ
781 4326 992 4394 ἡγεῖται
1026 4324 1278 4394 στέρησιν
1309 4323 1504 4397 ἡδονῆς
1529 4323 1814 4394 ὑπάρχειν,

1923 3167 2058 3222 riter
2076 3167 2305 3221 ducunt.
2344 3163 2463 3218 Non
2494 3163 2752 3217 barbarus
2781 3179 2844 3214 ac
2874 3160 3068 3231 Scytha
3103 3175 3122 3211 :
3147 3167 3357 3212 natura:
3381 3156 3492 3210 sci-

1920 3259 2072 3322 licet,
2111 3275 2232 3326 qua:
2269 3273 2378 3311 una
2413 3256 2507 3320 sit,
2543 3270 2733 3310 secum
2759 3253 2934 3324 ipsius
2961 3249 3282 3306 dissidentis
3321 3248 3491 3301 animi

1919 3348 2190 3404 sententia
2225 3362 2287 3402 ac
2314 3348 2599 3402 voluntate
2628 3343 2970 3408 divortium;
3007 3357 3116 3410 quo
3171 3350 3491 3394 mutuarum

1921 3436 2154 3492 caedium
2183 3434 2482 3488 adversans
2515 3439 2726 3486 natura:
2750 3431 2840 3484 lex
2873 3427 3187 3504 horninibus
3243 3424 3488 3479 inolevit.

1918 3524 2034 3578 Non
2065 3539 2244 3577 servus
2271 3532 2319 3575 et
2349 3521 2521 3575 liber:
2555 3519 2804 3590 ejusdem
2837 3517 3094 3572 nimirum
3133 3523 3364 3576 naturae,
3404 3513 3492 3566 in-

1920 3613 2296 3669 vitisinducta
2323 3613 2559 3676 divisio;
2595 3611 2802 3664 honore
2851 3607 3094 3678 spolians
3147 3621 3212 3660 ac
3251 3605 3495 3660 dehone-

1921 3714 2096 3767 stans,
2121 3718 2270 3765 eum,
2297 3703 2391 3770 qui
2424 3701 2544 3770 pari
2589 3709 2784 3754 natura
2826 3699 3034 3752 honore
3080 3696 3344 3766 praeditus
3395 3694 3489 3756 sit,

1920 3808 2115 3860 nempe
2149 3791 2538 3859 sull'ragantem
2569 3788 2743 3856 legem
2788 3787 3018 3851 habens,
3049 3802 3171 3854 qua:
3209 3783 3491 3856 tyrannicc

1919 3883 2212 3951 Opprimat,
2245 3896 2352 3947 qua
2381 3877 2587 3932 conditi
2615 3892 2825 3939 sumus,
2862 3875 3117 3944 imaginis
3142 3873 3490 3943 dignitatem,

1917 3971 2078 4040 357
2129 3966 2534 4022 dominantium
2591 3966 2834 4019 animum
2870 3980 2934 4019 ac
2981 3964 3342 4018 voluntatem.
3389 3961 3492 4015 Sed

1919 4062 2119 4125 omnia,
2154 4067 2202 4112 et
2237 4060 2293 4112 in
2325 4056 2562 4112 omnibus
2585 4055 2865 4111 Christus:
2892 4054 2986 4124 qui
3015 4069 3112 4122 per
3130 4069 3215 4119 ea,
3252 4067 3374 4122 quae
3397 4067 3494 4105 na-

1921 4158 2059 4205 tura:
2085 4150 2332 4220 legisque
2363 4147 2669 4202 rationibus
2691 4146 2960 4210 eminent,
2985 4145 3176 4200 aaterni
3204 4144 3260 4196 in
3295 4143 3489 4211 spiritu

1917 4243 2071 4313 regni
2098 4241 2337 4311 speciem
2360 4239 2704 4307 formamque
2729 4248 2912 4304 creat;
2935 4237 3099 4307 cujus
3141 4235 3492 4290 characteres

1917 4341 2170 4402 notaeque
2200 4331 2580 4402 insignientes,
2623 4329 2703 4384 uti
2737 4328 3026 4398 probatum
3052 4333 3155 4390 est,
3211 4324 3492 4378 humilitas

252 4416 312 4468 τὺ
337 4417 456 4468 κατ’
493 4415 742 4486 αῐσοησιν
772 4414 1034 4483 ἀλγεινόν.
1075 4413 1294 4486 Ἡδονὴν
1315 4416 1422 4485 γὰρ
1456 4413 1816 4484 μίανὲπίστα-

1919 4422 2104 4478 cordis
2137 4431 2194 4476 et
2243 4419 2610 4475 mansuetudo
2653 4435 2773 4474 esse
2827 4431 3165 4472 consuevere
3200 4433 3214 4468 :
3258 4429 3491 4483 quarum

249 4516 360 4566 ται,
385 4500 482 4571 τὴν
501 4501 599 4569 τῆς
626 4501 801 4570 ψυχῆς
842 4500 977 4571 πρὸς
1010 4500 1098 4553 τὸν
1138 4500 1292 4568 λόγον
1327 4497 1729 4574 συμϐίωσιν,ἦς
1776 4506 1809 4574 ή
1857 4577 1870 4587 ί

253 4593 510 4665 στέρησις
565 4594 784 4656 κόλασίς
813 4596 958 4648 ἐστιν
1006 4595 1376 4662 ἀτελεύτητος,
1406 4595 1618 4658 πάντας
1647 4612 1810 4664 φυσι-

251 4683 363 4746 κῶς
393 4683 804 4754 περιγράφουσα
831 4685 958 4746 τοὺς
986 4683 1206 4748 αἰῶνας.
1242 4684 1350 4736 Καὶ
1397 4683 1483 4738 διὰ
1531 4684 1706 4749 τοῦτο,
1751 4683 1814 4736 τό

249 4789 310 4824 τε
339 4773 518 4843 σῶμα,
579 4775 670 4828 καὶ
709 4776 883 4828 πάντα
923 4775 991 4826 τὰ
1032 4773 1123 4826 τοῦ
1180 4773 1426 4844 σώματος
1453 4775 1650 4842 ἀφεὶς,
1679 4776 1814 4846 πρὸς

249 4863 350 4933 τὴν
380 4863 529 4918 Θείαν
563 4865 789 4942 φέρεται
811 4865 1058 4928 σύντονος
1086 4867 1386 4936 συμϐίωσιν
1415 4883 1427 4894 ·
1462 4866 1591 4934 μίαν
1612 4867 1814 4938 ζημίαν

251 4953 570 5024 ἡγούμενος,
611 4956 714 5009 κᾶν
746 4957 962 5010 πάντων
988 4955 1225 5028 δεσπόζῃ
1255 4956 1363 5008 τῶν
1413 4957 1505 5009 ἐπὶ
1557 4958 1681 5027 γῆς,
1716 4956 1815 5028 τὴν

248 5045 349 5115 τῆς
395 5047 849 5119 προσδοκωμένης
909 5049 1049 5104 κατὰ
1116 5048 1272 5120 χάριν
1320 5047 1566 5112 οεώσεως
1613 5051 1818 5103 ἀποτυ-

249 5135 396 5206 χίαν.

1917 4528 2241 4577 concursus,
2273 4529 2421 4578 eum,
2462 4512 2558 4582 qui
2597 4510 2902 4566 secundum
2958 4508 3238 4563 Christum
3274 4514 3493 4562 creatus

1912 4613 2020 4669 est,
2069 4605 2374 4674 perfectum
2415 4604 2693 4658 hominem
2731 4609 2882 4656 certo
2939 4601 3183 4655 exhibet.
3233 4597 3494 4666 Quisquis

1916 4697 2069 4752 enim
2102 4697 2287 4750 animo
2317 4696 2544 4750 humilis
2582 4709 2859 4763 sensuque
2909 4692 3194 4746 modestus
3236 4698 3340 4754 est,
3375 4705 3493 4743 om-

1913 4785 2220 4841 ninoetiam
2241 4786 2382 4842 lenis
2403 4798 2460 4841 et
2484 4794 2803 4841 mansuetus
2822 4794 2906 4838 est
2925 4801 2940 4850 ;
2963 4783 3314 4851 vicissimque
3343 4781 3491 4850 quis-

1915 4875 2043 4945 quis
2063 4875 2205 4931 lenis
2237 4885 2325 4931 est
2352 4885 2409 4932 et
2435 4885 2783 4939 mansuetus,
2814 4889 3043 4944 prorsus
3074 4874 3241 4926 etiam
3304 4871 3492 4924 animo

1919 4964 2151 5022 humilis
2185 4981 2462 5036 sensuque
2525 4965 2809 5020 modestus
2867 4973 2973 5018 est.
3006 4963 3206 5017 Animo
3267 4961 3491 5031 quidem

1919 5053 2145 5110 humilis
2172 5071 2237 5111 ac
2264 5071 2431 5111 sensu
2487 5055 2790 5118 modestus,
2834 5052 2982 5122 quod
3028 5065 3088 5105 se
3137 5048 3386 5120 precario
3429 5065 3494 5104 ac

1922 5143 2266 5202 Commodato
2291 5145 2495 5200 habere
2523 5150 2802 5214 agnoscat,
2834 5141 2980 5211 quod
3013 5154 3133 5194 esse
3155 5146 3352 5192 nactus
3371 5145 3490 5202 est;

253 5231 396 5287 lenis
429 5248 562 5290 vero
595 5247 660 5287 ac
700 5241 1038 5295 mansuetus,
1071 5230 1245 5300 utqui
1279 5229 1482 5285 virium
1521 5230 1573 5284 ei
1622 5237 1821 5285 natura
1856 5243 2240 5290 concessarum
2264 5251 2426 5290 usum
2481 5251 2594 5290 non
2654 5233 2883 5298 nesciat,
2929 5240 3095 5301 atque
3139 5230 3239 5284 has
3267 5228 3493 5298 quidem

254 5321 486 5376 rationis
515 5321 778 5390 obsequio
801 5321 869 5376 ad
896 5321 1130 5375 virtutes
1177 5319 1579 5391 progignendas
1635 5321 1874 5383 addicat,
1913 5338 1945 5376 a
1973 5338 2138 5379 sensu
2164 5341 2296 5379 vero
2325 5340 2518 5380 earum
2547 5340 2775 5394 prorsus
2795 5321 3173 5392 operationem
3224 5319 3489 5373 retrahat-

255 5410 505 5481 llincque
529 5413 666 5468 adeo
685 5421 790 5478 est,
817 5420 879 5466 ut
923 5419 1106 5466 mente
1134 5409 1377 5480 quidem,
1419 5410 1533 5488 jugi
1559 5411 1617 5465 in
1653 5412 1827 5466 Deum
1858 5421 2011 5468 motu
2042 5414 2338 5482 :ncitctur;
2377 5431 2540 5470 sensu
2578 5430 2728 5482 vero,
2792 5429 2896 5470 nec
2953 5411 3000 5468 si
3043 5411 3251 5478 omnia,
3292 5409 3494 5479 quibus

324 5567 420 5639 (ιη)
439 5568 770 5639 Χαροποιού
792 5565 1302 5639 διαθέσεωςηᾼιιει·
1323 5567 1453 5639 Reg.
1472 5567 1598 5622 cod.
1612 5567 1818 5639 χάριτι·

253 5635 370 5761 τισι
396 5635 490 5708 per
515 5635 745 5708 gratiam
768 5639 821 5689 in
842 5652 904 5688 ea
928 5644 1022 5687 est.
1049 5635 1187 5714 Quid
1206 5635 1489 5716 verovelit
1520 5635 1822 5705 τὺάαρτῆς

301 5714 450 5761 enct.
477 5707 613 5761 Cod.
651 5716 707 5760 ct
755 5706 844 5760 Fr.
882 5719 993 5757 non
1017 5720 1210 5761 capio:
1252 5720 1357 5758 msn
1415 5706 1818 5761 breviationcm

301 5706 450 5764 εδει.
477 5706 613 5762 Cod.
651 5716 707 5760 ct
755 5706 844 5760 Fr.
882 5719 993 5757 non
1017 5706 1210 5772 capio;
1252 5706 1357 5758 nisi
1415 5706 1818 5762 breviationcm

1926 5569 2067 5694 rqale
2096 5569 2454 5691 intellectam,
2485 5570 2566 5626 sic
2597 5564 2853 5641 imperite
2889 5565 3185 5636 antiquarii
3208 5563 3370 5620 ambo
3400 5579 3492 5620 ex-

1929 5656 1960 5694 n
1987 5655 2177 5694 marun
2209 5677 2222 5692 .

1927 5655 2222 5710 plicarunt.
