3932 6326
464 197 574 290 895
1623 223 1682 281 ε.
1723 221 2007 281 MAXIMI
2043 217 2549 282 cousnssoms
3603 219 3726 280 ssc

467 355 668 410 corpus
726 339 971 394 melcstia
1028 335 1167 392 allici
1238 334 1396 400 solet,
1447 334 1610 390 simul
1686 334 1964 406 ingruant,
2018 348 2325 402 eorumque
2356 332 2664 412 periculum
2729 330 2916 394 faciat,
2964 329 3266 400 quidquam
3319 330 3552 400 penitus
3593 345 3731 383 mo—

469 441 677 495 veatur,
710 429 887 484 ullove
913 428 1149 483 tristitia:
1179 426 1409 496 vestigio
1466 427 1650 481 animo
1698 424 2043 488 inl‘ormetur,
2115 431 2175 476 ut
2199 424 2330 476 hinc
2367 421 2553 493 gaudii
2597 421 2758 491 plena
2827 418 3044 475 allectio
3089 436 3155 474 ac
3204 420 3499 490 dispositio
3530 421 3590 478 in
3657 436 3733 476 eo

469 525 810 577 immutetur.
849 517 966 573 Non
1020 519 1168 573 enim
1223 518 1491 580 dolorem,
1518 517 1615 587 qui
1651 531 1872 571 sensum
1919 513 2219 576 excruciat,
2255 513 2550 582 voluptatis
2611 512 2913 567 carentiam
2962 511 3284 566 arbitratur.
3350 512 3723 581 Voluptatem

466 627 647 672 autem
677 614 1032 676 unamnovit,
1064 611 1231 666 animi
1268 626 1392 665 cum
1451 612 1664 665 ratione
1709 609 2063 670 convictum;
2104 606 2261 676 cujus
2305 603 2561 673 privatio,
2599 603 2908 658 immortale
2977 603 3304 672 supplicium
3350 611 3458 667 est,
3517 614 3729 658 cuncta

469 707 789 764 naturaliter
850 704 1045 758 szecula
1085 702 1295 756 ambitu
1348 701 1741 771 complectens.
1792 697 2023 762 Idcirco,
2065 704 2178 750 tum
2202 691 2471 764 corporis,
2505 702 2621 747 tum
2659 709 2782 763 qua:
2839 701 2968 746 sunt
2995 691 3263 760 corporis,
3323 693 3593 747 omnibus
3621 711 3727 749 va—

465 802 578 855 lere
597 798 784 870 jussis,
823 796 890 849 ad
911 792 1335 848 divinumenixe
1366 789 1669 847 eonnititur
1722 787 2064 850 convictum;
2105 799 2270 838 unam
2330 783 2555 838 demum
2601 784 2872 854 jacturam
2905 789 3190 852 reputans,
3239 783 3324 836 vel
3354 782 3403 836 si
3464 791 3726 839 terreno-

468 906 586 944 rum
619 887 866 945 omnium
925 884 1171 938 dominio
1233 883 1457 953 polleat,
1488 882 1628 952 ejus,
1693 893 1814 949 qum
1869 893 1968 948 per
2019 877 2250 947 gratiam
2274 874 2581 946 praestanda
2609 884 2980 945 exspectatur,
3037 873 3407 928 deiﬁmtionis
3451 873 3724 931 frustrata

465 990 588 1036 vota
616 996 680 1034 ac
697 994 850 1048 spem
878 992 1109 1032 (335881“.

535 1074 723 1140 Itaque
751 1069 1116 1125 emundemus
1152 1083 1254 1122 nos
1286 1068 1433 1138 ipsos
1453 1068 1523 1122 ab
1569 1067 1717 1121 omni
1778 1065 2036 1136 inquina-

2223 1058 2559 1130 Ἀγνίσωμεν
2585 1053 2678 1112 οὖν
2727 1059 2956 1120 ἑαυτοὺς
2999 1059 3203 1122 παντὸς
3249 1060 3540 1131 μολυσμοῦ
3581 1078 3720 1132 σαρ-

464 1169 654 1218 mento
688 1161 870 1216 carnis
926 1176 990 1216 ac
1051 1160 1281 1230 spiritus
1305 1159 1374 1224 “,
1437 1169 1500 1214 ut
1541 1159 1900 1228 cupiditatem
1953 1158 2010 1211 in

461 1254 667 1308 decore
697 1251 984 1306 aﬂ‘cctibus
1005 1251 1378 1306 lascivientem
1413 1252 1848 1321 exstinguentes,
1890 1250 2034 1303 divi-

464 1361 609 1405 num,
639 1358 839 1397 nomen
901 1342 1323 1408 sanctiﬁcemus,
1382 1341 1627 1409 iramque
1681 1348 1850 1394 oestro
1900 1355 2038 1408 quo-

463 1436 590 1490 dam
619 1435 978 1503 incomposite
1013 1432 1390 1502 voluptatibus
1438 1430 1739 1485 inhiantem
1784 1443 2036 1498 compes-

467 1542 691 1591 camus;
734 1534 814 1589 ut,
840 1523 983 1593 quod
1008 1539 1105 1592 per
1136 1522 1612 1578 mansuetudinem
1663 1521 1887 1575 advenit
1943 1536 2035 1575 re-

466 1632 631 1686 gnum
679 1617 769 1670 Dei
800 1631 864 1670 ac
895 1615 1091 1680 Patris,
1136 1614 1516 1683 suscipiamus.
1575 1613 1843 1680 Deinceps
1904 1625 2036 1664 vero

463 1709 786 1770 sequentem
834 1699 1101 1754 orationis
1161 1707 1391 1764 textum,
1440 1699 1526 1754 his
1581 1713 1702 1768 quae
1758 1696 2036 1751 anteriora

467 1800 616 1854 sunt,
642 1789 1024 1860 adjungamus.

601 1903 722 1957 Fiat
744 1903 987 1957 voluntas
1011 1911 1128 1970 tua,
1152 1905 1283 1957 sicut
1304 1902 1360 1957 in
1396 1909 1546 1968 cocto,
1573 1911 1620 1956 et
1645 1903 1698 1956 in
1727 1910 1892 1956 terra.

541 2098 644 2164 Qui
685 2100 800 2154 sola
835 2100 1064 2156 rationis
1091 2101 1144 2155 vi
1190 2117 1221 2155 a
1267 2102 1572 2171 cupiditate
1610 2109 1775 2171 atque
1819 2103 1899 2156 ira
1949 2117 2035 2155 se-

465 2197 636 2252 creta,
672 2190 898 2260 mystice
925 2191 1038 2244 Deo
1095 2191 1302 2246 cultum
1352 2191 1516 2261 358
1582 2191 1826 2255 adhibet,
1881 2191 1929 2245 is
1978 2190 2035 2245 in

469 2287 634 2344 terra,
659 2295 787 2334 eum
823 2281 875 2335 in
910 2282 1132 2336 modum
1154 2298 1264 2352 quo
1287 2283 1343 2336 in
1397 2284 1536 2339 cmlo
1596 2283 1827 2352 angelici
1881 2282 2034 2335 ordi-

468 2385 586 2437 nes,
611 2371 850 2425 divinam
874 2373 1209 2428 voluntatem
1237 2374 1513 2444 implevit;
1539 2389 1639 2443 per
1679 2374 1861 2427 omnia
1878 2373 2034 2427 simi-

467 2463 535 2518 l-is
555 2464 762 2534 angelis
782 2465 1058 2530 adorator,
1086 2467 1260 2536 iisque
1303 2466 1730 2529 contubernalis,
1767 2467 2033 2536 quemad-

466 2555 688 2610 modum
716 2556 952 2626 quodam
992 2558 1112 2612 loco
1163 2573 1390 2628 magnus
1431 2558 1724 2627 Apostolus
1766 2557 1844 2612 ait
1877 2573 1890 2610 :
1922 2555 2032 2610 No-

464 2656 576 2700 stra
603 2654 777 2700 autem
797 2649 1118 2702 conversatio
1138 2649 1192 2701 in
1219 2650 1357 2702 caelis
1385 2659 1461 2703 est
1486 2649 1565 2715 ";
1596 2649 1738 2718 apud
1764 2664 1902 2718 quos
1923 2663 2034 2702 non

465 2745 552 2790 est
575 2736 865 2806 cupiditas,
894 2752 1016 2806 qua:
1052 2737 1393 2808 voluptatum
1448 2740 1500 2792 vi
1549 2740 1791 2810 vigorem
1835 2739 2036 2793 mentis

468 2811 734 2882 dissolvat
763 2845 777 2880 :
802 2843 912 2882 non
941 2827 1023 2882 ira
1051 2829 1259 2895 furens,
1305 2828 1708 2898 adversumque
1753 2837 2034 2898 cognatos,

468 2933 534 2972 ac
572 2933 713 2989 quos
760 2919 927 2973 unius
958 2921 1176 2989 generis
1245 2920 1481 2975 societas
1531 2929 1734 2986 teneat,
1779 2927 2036 2990 proterve

470 3009 772 3075 oblatrans,
801 3011 896 3066 sed
931 3010 1360 3082 singularissima
1380 3012 1542 3076 ratio,
1573 3011 1640 3066 ad
1670 3011 1904 3081 primam
1950 3026 2039 3065 ra-

472 3099 699 3165 tionem,
733 3115 834 3156 eos
881 3102 976 3170 qui
1033 3101 1244 3155 ratione
1277 3109 1522 3164 utantur,
1559 3110 1756 3154 natura
1791 3100 2034 3166 ducens;

469 3206 579 3260 qua
615 3192 730 3244 sola
762 3191 962 3260 gaudet
991 3192 1155 3256 Deus,
1186 3200 1244 3245 et
1275 3207 1305 3245 a
1331 3191 1494 3246 nobis
1522 3191 1696 3245 servis
1719 3192 1834 3246 suis
1885 3191 2037 3245 eﬂla-

469 3282 625 3351 gitat.
649 3280 816 3350 [dque
846 3280 1136 3351 signiﬁcat,
1171 3297 1306 3335 cum.
1330 3282 1385 3336 in
1437 3283 1554 3335 haec
1584 3281 1750 3335 verba
1781 3296 2037 3351 magnum

471 3371 731 3426 Davidem
773 3372 1114 3440 alloquitur:
1169 3370 1307 3436 Quid
1334 3373 1473 3425 enim
1503 3374 1633 3425 mihi
1681 3380 1760 3425 est
1785 3372 1840 3424 in
1889 3370 2035 3436 c0310,

470 3474 520 3518 et
551 3485 583 3520 a
609 3475 660 3518 te
687 3466 813 3536 quid
841 3464 991 3519 volui
1005 3481 1162 3535 super
1191 3472 1391 3517 terram
1426 3464 1510 3517 "7
1541 3462 1688 3517 Nihil
1741 3470 1924 3516 autem
1981 3463 2038 3516 in

471 3558 626 3612 caelis
650 3557 824 3610 sancti
866 3557 1043 3626 angeli
1077 3556 1188 3610 Deo
1227 3555 1486 3620 oil‘erunt,
1539 3563 1740 3624 praeter
1799 3555 2040 3608 rationa-

2135 1148 2228 1211 κδς
2257 1148 2350 1200 καὶ
2384 1147 2713 1218 πνεύματος,
2763 1149 2851 1202 ἵνα
2883 1149 2943 1202 τὸ
2971 1149 3116 1202 θετον
3147 1149 3479 1219 ἀγιάσωμεν
3512 1150 3717 1222 ὄνομα,

2135 1236 2505 1307 ἀκκιζομένην
2541 1239 2655 1300 τοῖς
2694 1238 2924 1292 πάθετιν
2956 1239 3223 1310 ἀπρεπῶς
3261 1241 3362 1310 τὴν
3409 1240 3724 1310 ἐπιθυμίαν

2136 1328 2576 1391 κατασϐέσαντες
2600 1345 2612 1358 ·
2650 1328 2746 1381 καὶ
2798 1328 2940 1399 λόγῳ
2966 1369 2981 1393 ,
3031 1331 3152 1392 ταῖς
3203 1330 3426 1398 ἡδοναῖς
3457 1331 3722 1396 ἀτάκτως

2135 1419 2555 1490 ὲπιμαινόμενον
2580 1421 2670 1474 τὸν
2698 1419 2887 1489 θυμὸν,
2916 1420 3312 1490 καταδήσωμεν
3335 1432 3350 1448 ⁶
3379 1420 3475 1474 ἵνα
3504 1420 3603 1474 διὰ
3628 1423 3724 1490 τῆς

2136 1511 2442 1581 πραότητος
2502 1513 2948 1582 παραγινομένην
3004 1509 3392 1582 ὑπώεξὼμεθα
3452 1512 3562 1580 τὴν
3627 1513 3722 1565 τοῦ

2134 1600 2268 1654 Θεοῦ
2305 1601 2400 1654 καὶ
2437 1604 2650 1673 Πατρὸς
2703 1603 2998 1672 βασιλείαν.
3059 1603 3168 1656 Καὶ
3199 1603 3292 1655 τὸν
3319 1603 3530 1672 ἑφεξῆς
3563 1603 3727 1671 λόγον

2133 1693 2233 1762 τῆς
2311 1697 2618 1764 προσευχῆς
2663 1697 2776 1758 τοῖς
2843 1694 3129 1764 προτέροις
3193 1682 3574 1764 ἁρμόσωμεν,
3642 1697 3730 1748 u-

2135 1799 2321 1850 γοντες
2352 1801 2367 1816 ο

2202 1894 2522 1963 Γενηθήτω
2557 1895 2621 1948 τὸ
2653 1897 2883 1966 θέλημά
2909 1913 3044 1965 σου,
3083 1899 3164 1968 ὠς
3191 1902 3260 1956 ἐν
3289 1900 3537 1967 οὐρανῷ
3556 1942 3574 1957 .
3628 1902 3727 1955 και

2131 1984 2230 2038 ἐπὶ
2266 1985 2378 2054 τῆς
2406 1985 2539 2055 γῆς.

2215 2099 2272 2152 '0
2308 2099 2447 2152 κατὰ
2489 2100 2658 2170 μόνην
2692 2099 2790 2169 τὴν
2834 2100 3060 2172 λογικὴν
3096 2101 3328 2172 δύναμιν
3350 2145 3366 2170 ,
3407 2106 3722 2175 ἐπιθυμίας

2132 2207 2192 2243 τε
2223 2190 2316 2242 καὶ
2351 2189 2523 2261 θυμοῦ
2552 2193 2961 2261 κεχωρισμένην
2994 2195 3268 2262 μυστικῶς
3289 2198 3606 2268 προσάγων
3643 2198 3718 2268 τῷ

2133 2280 2252 2351 Θεῷ
2284 2282 2385 2351 τὴν
2431 2281 2721 2352 λατρείαν,
2757 2277 2910 2347 οὗτος
2952 2285 3046 2335 ἐπὶ
3078 2285 3217 2355 γῆς,
3265 2287 3343 2348 ὡς
3390 2289 3454 2340 έν
3501 2289 3718 2358 οὐρανῷ

2134 2371 2241 2422 τῶν
2299 2370 2544 2438 ἀγγέλων
2579 2374 2634 2424 ai
2694 2373 2911 2438 τάξεις,
2963 2374 3023 2426 τὸ
3065 2372 3208 2428 θεῖον
3247 2378 3592 2448 πεπλήρωκε
3630 2378 3718 2431 θέ-

2135 2461 2310 2528 λημα’
2359 2460 2446 2513 διὰ
2480 2462 2700 2514 πάντων
2741 2465 2854 2525 τοῖς
2916 2464 3171 2532 ἀγγέλοις
3207 2467 3533 2538 ὁμολάτρης
3563 2468 3718 2536 γενό-

2138 2565 2298 2618 μενος
2355 2551 2449 2602 καὶ
2502 2551 2846 2620 ὁμοδίαιτος,
2899 2553 3046 2606 καθά
3081 2555 3185 2607 πού
3237 2574 3405 2626 φησιν
3454 2561 3487 2611 ὁ
3542 2559 3714 2628 μέγας

2147 2639 2483 2706 Ἀπόστολος,
2527 2636 2714 2710 Ήμῶν
2739 2641 2808 2694 δὲ
2848 2643 2914 2696 τὸ
2948 2645 3280 2715 πολίτευμα
3312 2647 3383 2699 ἐν
3424 2649 3715 2716 οὐρανοῖς

2134 2729 2391 2797 ὑπάρχει
2414 2747 2428 2760 ·
2466 2733 2596 2800 παρ’
2631 2726 2712 2795 οἷς
2751 2733 2850 2786 οὐκ
2884 2733 3033 2786 ἔστιν
3078 2735 3366 2806 ἐπιθυμία,
3413 2739 3489 2790 δι’
3517 2740 3716 2808 ἡδονῆς

2134 2821 2258 2881 τοὺς
2321 2823 2540 2892 νοεροὺς
2611 2824 2968 2893 παραλύουσα
3025 2825 3212 2890 τόνους
3240 2844 3253 2858 ·
3282 2833 3298 2850 ⁸
3353 2828 3482 2881 οὔτε
3541 2831 3714 2902 θυμὸς

2135 2909 2378 2975 λυσσῶν,
2431 2914 2527 2965 καὶ
2579 2913 2640 2965 τὸ
2695 2916 2957 2983 συγγενὲς
3005 2917 3256 2987 ἀσέμνως
3306 2919 3672 2974 καθυλακτῶν
3697 2940 3712 2952 ·

2137 3001 2273 3056 ἀλλά
2326 3003 2480 3071 λόγος
2541 3004 2878 3073 μονώτατος,
2957 3008 3092 3078 πρὸς
3141 3010 3232 3063 τὸν
3285 3010 3506 3081 πρῶτον
3558 3013 3712 3080 λόγον

2137 3093 2380 3160 φυσικῶς
2463 3094 2611 3162 ἄγων
2683 3096 2810 3160 τοὺς
2865 3088 3114 3164 λογικούς
3139 3117 3152 3129 ·
3203 3093 3248 3167 ᾧ
3319 3099 3468 3172 μόνῳ
3533 3105 3712 3175 χαίρει

2137 3184 2293 3250 Θεὸς,
2337 3183 2433 3238 καὶ
2467 3187 2598 3256 παρ’
2627 3186 2785 3257 ἡμῶν
2813 3190 2956 3240 αἰτεῖ
2985 3188 3092 3241 τῶν
3125 3190 3290 3242 αὑτοῦ
3325 3191 3559 3247 δούλων.
3604 3197 3713 3249 Καὶ

2138 3279 2298 3333 τοῦτο
2323 3280 2474 3348 δηλοῖ
2508 3281 2644 3350 πρὸς
2676 3280 2766 3335 τὸν
2801 3282 2976 3353 μέγαν
3009 3283 3232 3352 φάσκων
3273 3286 3465 3340 Δαϐίδ·
3508 3289 3576 3342 Τί
3605 3289 3712 3358 γάρ

2133 3387 2234 3439 μοι
2261 3370 2511 3437 ὑπάρχει
2536 3372 2606 3425 ἐν
2633 3371 2713 3437 τῷ
2743 3373 2996 3441 οὐρανῷ,
3032 3376 3130 3428 καὶ
3158 3377 3317 3444 παρὰ
3347 3378 3467 3431 σοῦ
3495 3382 3556 3432 τί
3583 3382 3715 3448 ἡθέ-

2139 3464 2307 3529 λησα
2337 3461 2432 3514 ἐπὶ
2473 3461 2585 3531 τῆς
2620 3461 2732 3532 γῆς
2760 3480 2781 3527 ;
2849 3465 3113 3536 ’Υπάρχει
3151 3467 3208 3519 δὲ
3247 3467 3325 3536 τῷ
3358 3468 3482 3538 Θεῷ
3524 3470 3585 3521 ἐν
3622 3472 3712 3522 οὖ-

2141 3551 2326 3620 ρανοῖς
2380 3552 2791 3620 προσαγόμενον
2850 3556 3001 3625 παρά
3060 3556 3170 3608 τῶν
3220 3557 3391 3624 ἁγίων
3438 3561 3709 3626 ἀγγέλων,

471 3649 578 3701 lem
605 3647 1044 3715 cultum;rquem
1089 3645 1266 3714 ipsum
1309 3662 1338 3699 a
1393 3646 1554 3700 nobis
1600 3646 1849 3717 exigens,
1895 3650 2036 3700 inter

2142 3636 2280 3707 πλὴν
2302 3638 2400 3708 τῆς
2425 3638 2645 3710 λογικῆς
2672 3639 2927 3712 λατρείας
2953 3643 3104 3696 οὐδέν
3129 3660 3142 3673 ⁸
3169 3645 3236 3714 ἢν
3270 3647 3362 3698 καὶ
3390 3651 3529 3718 παρ’
3557 3651 3710 3720 ἡμῶν

471 3738 739 3792 orandum
777 3714 962 3792 dicere
989 3738 1216 3792 docuit:
1243 3736 1362 3792 Fiat
1385 3737 1630 3792 voluntas
1653 3714 1767 3803 tua,
1825 3739 1955 3791 sicut
1981 3739 2034 3792 in

2142 3729 2432 3798 ἐπιζητῶν,
2469 3733 2940 3803 προσευχομένους
2988 3733 3164 3802 λέγειν
3226 3737 3436 3804 ἐδίδαξε
3464 3714 3490 3768 ’ν
3520 3714 3709 3808 Γζςᾶη-

471 3831 616 3895 calo,
635 3839 685 3883 et
705 3831 761 3884 in
790 3839 958 3884 terra.

539 4002 906 4072 lgiturnostra
929 4017 1150 4072 quoque
1179 4001 1247 4056 ad
1273 4003 1444 4057 Deum
1475 4002 1868 4072 inquirendum
1895 4003 2037 4060 ratio

469 4103 774 4158 moveatur,
798 4093 991 4164 visque
1024 4093 1340 4164 cupiditatis
1363 4093 1640 4149 desiderio
1663 4095 1718 4148 in
1766 4110 1892 4148 eum
1943 4109 2036 4149 ra-

470 4185 687 4253 piatur;
725 4185 820 4239 ine
841 4185 1076 4255 denique
1136 4187 1386 4250 facultas,
1433 4187 1553 4256 ejus
1603 4180 2066 4240 conservationis'

469 4277 665 4331 ardore
698 4265 877 4347 pugna
919 4278 1227 4330 concitetur
1257 4295 1270 4330 :
1296 4279 1402 4342 vel,
1433 4285 1495 4331 ut
1525 4278 1713 4333 verius
1761 4292 1826 4331 ac
1867 4277 2038 4347 magis

471 4371 690 4434 proprie
712 4366 926 4433 loquar,
944 4380 1099 4419 mens
1115 4373 1226 4418 tota
1250 4366 1304 4418 in
1325 4367 1494 4420 Deum
1519 4365 1856 4430 intendatur,
1875 4382 2036 4436 quam

475 4470 603 4511 tono
637 4455 872 4524 quodam
902 4455 1148 4510 iracundi
1169 4470 1350 4510 mores
1384 4456 1766 4522 corroborent,
1795 4473 2036 4512 summa-

470 4560 577 4613 que
606 4543 868 4597 desiderii
896 4545 947 4598 vi
968 4545 1202 4613 cupidus
1223 4560 1378 4598 amor
1410 4545 1692 4600 accendat.
1747 4545 1838 4600 Sic
1888 4547 2036 4602 enim

471 4636 788 4704 angelorum
823 4635 878 4687 in
908 4635 1047 4690 coelo
1070 4635 1392 4699 imitatione,
1416 4635 1510 4690 Dei
1539 4651 1642 4705 per
1663 4637 1844 4692 omnia
1863 4639 2041 4693 culto-

473 4741 560 4780 res
587 4724 970 4791 inveniemur;
992 4725 1086 4794 qui
1118 4725 1377 4780 nimirum
1411 4725 1663 4781 eamdem
1692 4742 1817 4782 cum
1874 4743 2040 4799 ange~

472 4818 540 4873 lis
570 4819 697 4871 vita:
723 4817 986 4871 rationem
1022 4819 1077 4871 in
1112 4825 1254 4873 terra
1301 4817 1688 4883 exbibeamus;
1719 4819 1799 4873 sic
1842 4833 2039 4889 nempe

471 4908 789 4976 comparati,
814 4917 872 4962 ut
900 4907 1126 4977 perinde
1159 4922 1224 4962 ac
1255 4907 1354 4971 illi,
1393 4908 1448 4962 iu
1461 4908 1608 4962 nulla
1633 4923 1846 4973 eorum,
1869 4924 1990 4977 quae
2009 4925 2040 4962 a

472 4997 582 5051 Deo
607 4997 848 5054 secunda
877 5005 1024 5063 sunt,
1048 4999 1231 5052 animo
1251 5014 1478 5068 prorsus
1510 5013 1848 5053 moveamur.
1879 4998 2039 5053 Acci-

472 5087 686 5154 piemus
712 5086 860 5141 enim
883 5102 953 5142 ex
977 5097 1228 5143 votorum
1262 5089 1495 5152 ratione,
1548 5089 1626 5143 sic
1665 5089 1834 5144 vitam
1876 5089 2035 5144 insti-

476 5181 712 5254 tuentes,
740 5175 890 5230 velut
922 5190 1138 5244 panem,
1163 5176 1434 5230 ἐπιούσιον
1458 5177 1811 5248 vitalemque,
1849 5179 1906 5232 in
1935 5178 2037 5233 ali-

475 5265 714 5346 moniam
741 5264 1046 5320 animarum
1059 5274 1406 5331 nostrarum,
1441 5275 1497 5321 et
1521 5277 1581 5321 ut
1615 5277 1808 5340 vegeta
1869 5268 2036 5324 bene-

545 5421 587 5452 "
617 5419 662 5474 11
691 5417 820 5476 Cor.
849 5435 940 5485 vu,
967 5418 1018 5474 1.

547 5576 570 5619 ὀ
597 5574 722 5657 llaec
754 5574 995 5632 breviter
1029 5574 1286 5630 deﬂorata
1320 5575 1374 5630 in
1405 5586 1610 5632 catena.

2069 5042 2116 5098 D

2136 3818 2292 3884 θήτω
2316 3820 2381 3872 τὸ
2411 3820 2638 3890 θέλημά
2667 3837 2807 3888 σου,
2851 3826 2931 3889 ὡς
2954 3825 3025 3879 ἐν
3048 3827 3300 3896 οὐρανῷ,
3329 3830 3432 3883 καὶ
3475 3832 3582 3886 ἐπὶ
3609 3835 3710 3902 τῆς

2135 3926 2267 3977 της-

2208 3999 2418 4053 υὺκοῦν
2464 4002 2722 4057 κινείσθω
2766 4004 2861 4057 κα)⁸
2906 4005 3063 4074 ἡμῶν
3100 4006 3238 4076 πρὸς
3286 4008 3388 4076 τὴν
3436 4008 3532 4063 τοῦ
3575 4011 3706 4064 Θεοῦ

2137 4091 2363 4162 ζήτησιν
2399 4094 2427 4146 ό
2478 4095 2670 4162 λόγος,
2723 4097 2859 4165 πρός
2893 4113 2953 4149 τε
2994 4099 3085 4150 τὸν
3123 4097 3285 4151 αὑτοῦ
3325 4100 3494 4153 πόθον
3524 4104 3560 4171 ὴ
3596 4105 3707 4157 κατ’

2137 4179 2432 4250 ἐπιθυμίαν
2462 4182 2726 4252 δύναμις,
2777 4186 2873 4237 καὶ
2927 4186 3066 4255 πρὸς
3101 4188 3199 4256 τὴν
3249 4188 3414 4240 αὑτοῦ
3459 4191 3708 4262 φυλακὴν

2138 4272 2489 4339 ἀγωνιζέσθω
2542 4275 2604 4327 τὸ
2659 4274 2886 4346 θυμικόν
2915 4293 2928 4306 ·
2999 4278 3201 4347 μᾶλλον
3261 4279 3318 4332 δὲ
3366 4282 3708 4354 κυριώτερον

2138 4361 2333 4424 εἰπεῖν,
2367 4362 2396 4414 ό
2434 4363 2532 4432 μὲν
2567 4361 2695 4426 νοῦς
2725 4363 2975 4419 τετάσθω
3006 4367 3114 4429 πᾶς
3146 4367 3282 4438 πρὸς
3319 4367 3455 4420 Θεὸν
3483 4388 3498 4400 ο
3549 4375 3708 4426 οἱονεὶ

2137 4451 2276 4521 τόνῳ
2326 4453 2433 4505 τινὶ
2490 4453 2568 4524 τῷ
2624 4454 2844 4524 θυμικῷ
2909 4457 3098 4528 τρόπῳ
3155 4458 3562 4529 νευρούμενος,
3621 4469 3707 4518 καὶ

2139 4541 2288 4611 πόθῳ
2327 4545 2390 4613 τῇ
2424 4545 2546 4596 κατ’
2585 4544 2754 4614 ἄκρον
2804 4545 2990 4612 ἐφέσει
3029 4547 3128 4615 τῆς
3168 4547 3473 4618 ἐπιθυμίας
3509 4553 3704 4622 πυρού-

2143 4648 2321 4700 μενος.
2359 4632 2515 4686 Οὔτω
2541 4634 2650 4705 γὰρ
2684 4634 2812 4698 τοὺς
2847 4637 2972 4688 κατ’
3018 4637 3246 4708 οὐρανὸν
3315 4639 3590 4707 ἀγγέλους
3623 4661 3706 4713 μι-

2143 4724 2424 4796 μούμενοι,
2455 4725 2535 4795 τῷ
2565 4726 2686 4796 Θεῷ
2719 4726 2807 4780 διὰ
2841 4727 3060 4783 πάντων
3096 4728 3454 4800 λατρεύοντες
3485 4735 3704 4806 εὑρεθη-

2142 4817 2380 4886 σόμεθα’
2439 4817 2536 4888 τὴν
2591 4818 2762 4889 αὐτὴν
2821 4821 2936 4882 τοῖς
3022 4820 3279 4887 ἀγγέλοις
3327 4822 3423 4876 ἐπὶ
3475 4825 3579 4894 τῆς
3613 4827 3706 4894 γῆς

2141 4907 2418 4962 πολιτείαν
2473 4909 2942 4980 ἐπιδεικνύμενον
3005 4911 3143 4982 πρὸς
3190 4912 3343 4967 οὐδὲν
3401 4915 3518 4968 τῶν
3579 4918 3708 4986 μετὰ

2139 4999 2272 5052 Θεὸν
2331 4999 2461 5062 ἴσως
2506 4999 2734 5062 ἐκείνοις
2779 4999 2996 5070 ἔχοντες
3040 5001 3132 5054 τὸν
3167 5001 3294 5054 νοῦν
3335 5003 3398 5055 τὸ
3449 5007 3705 5075 παράπαν

2140 5089 2476 5159 κινούμενον.
2530 5089 2806 5160 Δεξόμεθα
2857 5091 2966 5160 γὰρ
3002 5091 3119 5143 κατ’
3165 5090 3331 5161 εὐχὰς
3383 5091 3532 5146 οὕτω
3568 5098 3701 5147 mlt-

2140 5181 2447 5252 τευόμενοι,
2491 5180 2742 5252 καθάπερ
2779 5183 2942 5251 ἄρτον
2983 5182 3257 5236 ὲπιούσιόν
3304 5200 3364 5235 τε
3421 5185 3522 5237 καὶ
3563 5185 3706 5248 ζωτι-

2141 5271 2236 5324 κδν
2280 5274 2360 5334 εἰς
2389 5270 2704 5347 ἀποτροφὴν
2735 5272 2844 5328 τῶν
2891 5272 3178 5345 ἡμετέρων
3208 5272 3424 5345 ψυχῶν,
3460 5278 3562 5330 καὶ
3595 5293 3702 5330 συν-

1095 5418 1160 5449 ³²⁶
1185 5419 1421 5489 Philipp.
1450 5436 1527 5483 ιιι,
1555 5420 1642 5474 20.
1719 5423 1762 5454 ³⁸
1789 5423 1929 5477 Psal.
1969 5437 2129 5489 van,
2160 5421 2248 5477 25.
