3932 6326
218 310 323 373 897

1217 313 1617 382 EXPOSITIO
1653 320 1984 381 ORATION
1996 320 2065 379 IS
2104 321 2490 382 DOMINIC/E

3342 328 3447 393 898

220 430 460 501 τήρησιν
490 432 589 502 τῆς
612 432 721 486 τῶν
750 436 1121 507 χαρισθέντων
1147 440 1279 509 ἡμῖν
1308 439 1528 507 ἀγαθῶν
1550 437 1785 502 εὐεξίας,

1897 453 1995 507 que
2022 438 2279 494 habentia
2337 454 2597 495 concessa
2646 440 2806 496 nobis
2848 441 2989 498 dona
3031 455 3448 511 conserventur,

218 543 233 555 ν
254 524 313 578 δν
343 526 559 579 εἰπόντα
588 528 758 595 Λόγον
778 546 794 561 ο
842 530 988 600 Ἐγώ
1028 533 1145 600 εἰμι
1174 536 1207 585 o’
1236 532 1435 599 ἄρτος,
1487 532 1519 584 ὁ
1571 531 1641 585 ἐκ
1678 530 1785 585 τοῦ

219 618 485 683 οὐρανοῦ
517 620 809 687 καταϐὰς,
856 622 957 677 καὶ
989 621 1141 691 ζωὴν
1176 622 1382 688 διδοὺς
1421 621 1501 686 τῷ
1544 623 1748 690 κόσμῳ
1769 637 1783 653 ·

219 708 501 778 ἀναλόγως
529 713 660 782 ἡμῖν
690 716 804 778 τοῖς
834 715 1191 785 τρεφομένοις
1235 714 1303 767 δι’
1335 715 1536 784 ἀρετῆς
1564 715 1657 766 καὶ
1694 730 1781 765 σο·-

219 796 374 864 φίας,
409 800 587 853 πάντα
618 802 899 871 γινόμενον
941 819 954 833 ·
987 803 1080 855 καὶ
1118 802 1187 854 δι’
1220 802 1446 854 ἑκάστου
1473 800 1580 854 τῶν
1616 800 1787 863 σωζο-

222 892 404 958 μένων
474 895 769 959 ποικίλως,
828 896 903 959 ὠς
961 892 1100 951 οἶδεν
1167 897 1363 959 αὐτὸς,
1431 893 1788 964 σωματούμε-

219 998 346 1035 νον·
414 982 495 1036 ἔτι
566 987 706 1039 κατὰ
763 986 855 1039 τὸν
915 987 1088 1040 αἰῶνα
1156 988 1344 1040 τοῦτον
1428 986 1785 1055 ὑπάρχοντες,

222 1074 369 1126 κατὰ
419 1076 519 1145 τὴν
568 1077 662 1130 τοῦ
712 1078 877 1148 ῥητοῦ
924 1081 1021 1149 τῆς
1073 1079 1383 1149 προσευχῆς
1435 1077 1662 1145 δύναμιν
1693 1076 1786 1131 τοῦ

223 1163 472 1230 λέγοντος

302 1356 411 1411 Τὸν
441 1357 623 1425 ἄρτον
661 1357 827 1425 ἡμῶν
873 1359 980 1413 τὸν
1007 1360 1319 1413 ἐπιούσιον
1365 1360 1465 1426 δὸς
1502 1360 1643 1429 ἡμῖν
1676 1360 1788 1427 σή-

223 1459 425 1517 (lepor.

296 1538 498 1592 Τοῦτον
536 1536 645 1608 γὰρ
691 1533 843 1606 οἶμαι
890 1537 1176 1607 δηλοῦσθαι
1208 1539 1302 1592 τὸν
1352 1541 1521 1595 αἰῶνα
1564 1541 1661 1595 ’διὰ
1693 1542 1788 1596 τοῦ

224 1630 491 1698 σήμερον
510 1647 522 1659 ·
552 1628 627 1692 ὡς
656 1630 707 1681 εί
728 1646 813 1691 τις
843 1630 937 1683 ἐπὶ
964 1630 1023 1682 τὸ
1047 1630 1376 1703 σαφέστερον
1410 1631 1671 1698 ἐκλαϐὼν,
1709 1633 1789 1685 εἰ-

224 1738 337 1786 ποι,
376 1721 467 1774 τὸν
505 1721 668 1775 τόπον
704 1721 805 1790 τῆς
859 1723 1189 1793 προσευχῆς,
1234 1725 1345 1778 Τὸν
1382 1724 1563 1792 ἄρτον
1597 1722 1785 1793 ἡμῶν,

224 1812 284 1863 ὃν
329 1812 609 1881 καταρχὰς
642 1812 728 1863 ἐπ’
775 1811 1043 1883 ἀθανασίᾳ
1075 1813 1174 1883 τῆς
1216 1813 1431 1882 φύσεως
1465 1814 1786 1885 ἡτοίμασας,

226 1901 333 1969 δὸς
366 1903 509 1972 ἡμῖν
533 1904 821 1972 σήμερον,
857 1903 998 1956 κατὰ
1032 1904 1130 1974 τὴν
1165 1905 1442 1973 παροῦσαν
1473 1905 1617 1975 ζωὴν
1640 1901 1790 1965 οὖσιν

224 1995 326 2065 τῆς
382 1994 702 2065 amastri“;
726 1994 827 2065 (κ)
855 2011 869 2025 .
921 1994 1008 2047 ἴνα
1052 1996 1253 2068 νικήσῃ
1291 1995 1381 2049 τὺν
1420 1995 1652 2050 θάνατον
1692 1996 1793 2065 τῆς

227 2086 537 2157 ἁμαρτίας,
577 2087 611 2156 η
662 2085 836 2156 τροφὴ
870 2084 962 2139 τοῦ
1013 2085 1182 2158 ἄρτου
1229 2089 1330 2158 τῆς
1377 2086 1520 2156 ζωῆς
1571 2088 1794 2158 καὶτῆς

229 2175 611 2246 ἐπιγνώσεως·
660 2172 727 2249 ἦς
760 2178 987 2249 μέτοχον
1024 2178 1276 2246 γενέσθαι
1329 2179 1418 2232 τὸν
1462 2180 1676 2249 πρῶτον
1701 2177 1795 2231 ἄν-

231 2271 485 2342 θρωπον,
536 2271 569 2341 ἡ
627 2270 939 2341 παράϐασις
980 2270 1080 2341 τῆς
1116 2270 1265 2334 θείας
1314 2271 1535 2339 ἐντολῆς
1570 2272 1630 2324 ού
1665 2287 1793 2324 συν-

228 2361 531 2433 εχώρησεν.
577 2362 664 2424 Ὡς
711 2364 827 2430 εἴγε
884 2361 1087 2433 ταύτης
1139 2362 1439 2434 ὲνεφορήθη
1487 2362 1587 2431 τῆς
1644 2362 1795 2425 θείας

227 2454 463 2524 τροφῆς,
520 2453 619 2507 οὐκ
678 2452 745 2507 ἂν
800 2452 879 2524 τῷ
932 2453 1150 2524 θανάτῳ
1201 2455 1303 2524 τῆς
1354 2453 1629 2524 ἁμαρτίας
1675 2452 1794 2525 ἠλί-

232 2565 411 2602 σκετο.

302 2640 446 2710 Πλὴν
489 2641 518 2693 6
559 2638 652 2691 τὸν
703 2636 868 2707 ἄρτον
902 2635 1087 2690 τοῦτον
1138 2636 1323 2691 λαϐεῖν
1368 2636 1663 2707 εὐχόμενος
1703 2636 1796 2690 τὸν

233 2730 527 2794 ἐπιούσιον,
569 2729 631 2783 οὐ
676 2728 892 2793 πάντως
939 2728 1059 2782 ὅλον
1106 2728 1317 2798 δέχεται
1351 2726 1534 2790 καθὼς
1574 2727 1737 2790 αὐτὸς
1766 2727 1796 2780 6

233 2824 394 2891 ἄρτος
442 2821 588 2879 ἐστίν
610 2836 624 2849 °
684 2819 815 2873 ἀλλὰ
846 2817 1028 2881 καθὼς
1072 2818 1233 2879 αὐτὸς
1266 2820 1295 2871 6
1322 2818 1614 2887 δεχόμενος
1636 2817 1797 2872 δύνα-

230 2928 338 2965 ται.
367 2911 508 2963 Πᾱσι
538 2909 639 2979 μὲν
665 2908 774 2979 γὰρ
797 2908 991 2961 ἑαυτὸν
1023 2906 1203 2961 δίδωσι
1228 2909 1341 2970 τοῖς
1374 2906 1617 2961 αἰτοῦσιν
1643 2909 1671 2960 6
1693 2909 1794 2977 τῆς

232 2998 378 3072 ζωῆς
410 3001 574 3071 ἄρτος
594 3042 609 3065 ,
651 2999 727 3063 ῶς
768 2999 1180 3070 φιλάνθρωπος,
1212 3000 1273 3051 ού
1315 2998 1455 3053 κατὰ
1487 2999 1550 3052 τὸ
1578 3000 1713 3053 αὐτὸ
1736 3001 1794 3054 δὲ

1888 529 2066 597 ipsum
2103 529 2362 590 Verbum.
2389 531 2534 599 quod
2564 531 2642 585 ait
2673 549 2686 585 :
2716 532 2829 602 Ego
2876 551 2995 587 sum
3044 538 3219 606 panis,
3252 539 3343 605 qui
3381 542 3445 591 de

1886 619 2014 672 cwlo
2072 620 2331 683 descendi,
2402 631 2450 674 et
2476 622 2543 676 do
2583 624 2745 677 vitam
2776 628 2968 681 mundo
3008 628 3051 659 “
3083 627 3251 699 (quod
3290 632 3455 685 nimi-

1887 724 2009 762 rum
2059 724 2158 778 pro
2208 710 2371 765 modo
2419 720 2689 781 captuque
2742 725 2951 781 nostro,
3005 720 3100 787 qui
3155 721 3451 786 nutrimur,

1888 801 2067 855 omnia
2094 801 2250 855 nobis
2286 817 2384 871 per
2439 804 2698 858 virtutem
2728 821 2790 860 ac
2832 809 3155 877 sapientiam
3212 810 3324 876 ﬁat,
3362 828 3456 866 va-

1887 890 2075 959 rieque
2100 906 2198 960 per
2237 892 2512 960 quoslibet
2535 909 2768 962 quorum
2796 898 2959 952 saluti
2981 901 3296 955 consultum
3353 902 3447 966 sit,

1887 996 1993 1050 qua
2035 982 2214 1050 ipsum
2248 984 2402 1037 novit.
2437 985 2669 1049 ratione,
2700 989 3072 1055 corporetur),
3109 990 3273 1061 idque
3295 992 3453 1057 adeo,

1888 1068 2018 1122 dum
2051 1077 2106 1123 et
2133 1069 2311 1126 adhuc
2336 1071 2393 1125 in
2420 1073 2676 1141 praesenti
2699 1075 2897 1128 saeculo
2929 1077 3213 1132 constituti
3244 1094 3455 1145 sumus,

1882 1161 2037 1230 juxta
2071 1161 2179 1214 vim
2205 1164 2494 1218 sententiae
2519 1173 2812 1235 textusque
2869 1167 3157 1235 orationis,
3213 1169 3311 1239 qui
3369 1169 3453 1224 sic

1889 1251 2098 1306 habet:

1958 1362 2164 1418 Panem
2199 1375 2439 1419 nostrum
2467 1366 2833 1435 quotidianum
2861 1368 2928 1421 da
2948 1370 3091 1425 nobis
3117 1370 3288 1426 hodie.

1958 1534 2213 1591 Arbitror
2228 1538 2396 1602 enim,
2420 1538 2567 1607 quod
2595 1539 2816 1604 dicitur,
2836 1541 3007 1606 hodie,
3035 1542 3198 1613 359
3222 1558 3461 1612 praesens

1890 1629 2147 1682 smeulum
2183 1629 2510 1700 designare;
2553 1646 2618 1684 ac
2692 1631 2738 1686 si
2799 1632 2924 1701 quis
2973 1633 3152 1687 locum
3197 1634 3469 1709 orationis

1889 1719 2132 1788 apertius
2155 1735 2455 1788 exponens,
2503 1722 2668 1786 dicat,
2721 1721 2921 1775 Panem
2974 1732 3232 1787 nostrum,
3293 1739 3457 1794 quem

1892 1810 1962 1864 ab
1986 1810 2165 1876 initio,
2191 1811 2257 1865 ad
2308 1811 2773 1867 immortalitatem
2831 1821 3042 1868 naturae
3092 1814 3466 1884 praestandam

1890 1903 2120 1971 parasti,
2162 1903 2230 1956 da
2255 1903 2400 1957 nobis
2422 1904 2590 1968 hodie,
2623 1904 2938 1973 quandiuin
2967 1905 3185 1958 mortali
3211 1906 3315 1960 hac
3347 1907 3466 1961 vita-

1890 2008 2207 2060 versamur;
2235 2009 2346 2062 quo
2366 1995 2624 2049 nimirum
2653 1996 2810 2064 panis
2830 1995 2954 2049 vitm
2977 2011 3043 2050 ac
3078 1997 3322 2051 scientia:
3362 1997 3466 2051 ali-

1890 2084 2096 2147 monia,
2118 2085 2329 2153 peccati
2351 2092 2583 2138 mortem
2628 2086 2813 2137 vincat
2858 2103 2871 2136 :
2916 2084 3074 2154 cujus
3113 2100 3182 2138 ne
3236 2099 3464 2155 compos

1892 2172 2047 2228 ﬁeret
2069 2173 2283 2243 primus
2312 2173 2500 2237 homo,
2532 2172 2707 2227 divini
2742 2173 2955 2228 obstitit
2990 2173 3231 2228 mandati
3287 2183 3464 2227 trans-

1890 2264 2119 2335 gressio.
2170 2265 2400 2335 ltaque,
2482 2264 2530 2318 si
2595 2264 2780 2319 divina
2828 2265 2930 2319 hac
2986 2270 3133 2320 ‘esca‘
3182 2271 3465 2319 saturatus

1890 2354 2104 2426 fuisset,
2129 2374 2411 2429 nunquam
2440 2360 2648 2428 peccati
2678 2370 2851 2414 morte
2876 2367 3071 2430 captus
3096 2368 3263 2416 esset.

1961 2634 2253 2697 Caeterum,
2272 2634 2363 2705 qui
2392 2650 2589 2705 panem
2612 2637 2760 2693 hunc
2781 2637 3160 2696 substantialis
3184 2642 3465 2697 alimonia:

1894 2732 2048 2793 optat
2102 2739 2342 2789 sumere,
2376 2741 2486 2780 non
2538 2742 2766 2796 prorsus
2815 2737 2990 2783 totum
3033 2732 3253 2802 accipit,
3318 2735 3469 2791 sicut

1894 2814 2011 2884 ipse
2035 2815 2190 2884 panis
2214 2823 2333 2881 est;
2366 2816 2461 2869 sed
2491 2825 2692 2886 quanta
2726 2821 2846 2889 ejus
2868 2820 2961 2888 qui
2992 2822 3192 2891 accipit
3233 2822 3469 2880 facultas

1892 2915 2001 2960 est.
2026 2906 2251 2961 Cunctis
2282 2907 2431 2961 enim
2457 2910 2779 2976 petentibus
2828 2926 2885 2964 se
2938 2911 3145 2981 praebet
3200 2922 3461 2985 tanquam

1894 2996 2232 3053 humanitate
2255 2998 2715 3068 propensissimus
2742 3002 2899 3070 panis
2932 3003 3075 3069 vitae,
3115 3020 3225 3060 non
3278 3018 3461 3062 autem

231 3093 400 3146 πᾶσιν
427 3108 440 3120 ο
493 3090 630 3145 ἀλλὰ
677 3092 790 3153 τοῖς
843 3091 941 3160 μὲν
997 3089 1207 3159 μεγάλα
1258 3089 1393 3160 ἔργα
1446 3090 1794 3160 πεποιηκόσι,

1897 3088 2128 3158 perinde
2159 3089 2418 3144 omnibus
2446 3106 2461 3156 ;
2491 3091 2584 3145 sed
2616 3092 2703 3157 iis,
2738 3093 2832 3162 qui
2854 3095 3059 3164 majora
3084 3098 3461 3165 praestiterint,

233 3180 493 3242 πλειόνως
517 3195 529 3211 ο
586 3180 697 3242 τοίς
739 3177 798 3230 δὲ
839 3178 1045 3231 τούτων
1083 3178 1304 3247 ἥττοσι,
1339 3177 1579 3248 ὴττόνως
1606 3194 1621 3209 ο
1667 3179 1794 3233 ἐκά-

232 3288 346 3341 στῳ
380 3270 478 3341 μὲν
519 3263 614 3324 οὖν
641 3268 820 3332 καθὼς
850 3271 884 3339 ἡ
924 3269 1069 3322 κατὰ
1102 3268 1226 3323 νοῦν
1256 3269 1382 3335 ἀξία
1424 3268 1677 3335 δέξασθαι
1707 3268 1795 3322 δύο

231 3380 367 3417 νατα
375 3381 410 3416 ι.

303 3453 447 3522 Πρὸς
472 3450 676 3520 ταύτην
704 3448 761 3503 δέ
796 3467 865 3520 με
894 3450 986 3504 τοῦ
1033 3450 1302 3521 παρόντος
1352 3449 1517 3521 ῥητοῦ
1568 3450 1667 3522 τὴν
1710 3449 1795 3503 ἒν-

229 3560 382 3598 νοιαν
407 3544 611 3615 ἤγαγεν
638 3544 668 3594 6
706 3542 915 3613 Σωτὴρ,
947 3542 1306 3612 προστάσσων
1348 3541 1650 3613 διαρρήδην
1684 3543 1797 3605 τοῖς

240 3635 517 3706 μαθηταῖς
559 3634 762 3705 τροφῆς
811 3632 1075 3703 αἰσθητῆς
1107 3631 1387 3695 παντελῶς
1423 3633 1497 3703 μὴ
1527 3633 1801 3686 ποιεῖσθαι.

228 3728 408 3796 λόγον,
453 3724 643 3788 εἰπὼν,
689 3723 780 3791 Μὴ
822 3720 1143 3792 μεριμνᾶτε
1188 3719 1263 3788 τῇ
1313 3720 1487 3791 ψυχῇ
1522 3721 1691 3790 ὑμῶν
1740 3721 1799 3775 τί

231 3820 481 3890 φάγητε,
518 3817 557 3886 ἣ
600 3816 659 3869 τί
690 3816 864 3882 πίητε
886 3830 900 3844 ·
943 3813 1097 3883 μήτε
1131 3812 1210 3879 τῷ
1247 3812 1474 3881 σώματι
1523 3812 1693 3881 ὑμῶν
1739 3813 1799 3866 τι

234 3907 642 3975 περιϐάλησθε
667 3921 680 3935 ·
730 3903 921 3959 ταῦτα
962 3905 1075 3972 γὰρ
1127 3903 1324 3957 πάντα
1373 3904 1446 3956 τὰ
1497 3904 1642 3972 ἔθνη
1690 3905 1798 3960 τοῦ

234 4001 470 4068 κόσμου
516 3994 901 4063 ἐπιζητοῦσιν
924 4011 939 4026 ο
981 3993 1140 4065 una
1169 3991 1386 4061 ζητεῖτε
1418 3991 1653 4060 πρῶτον
1682 3991 1800 4060 τὴν

231 4089 559 4162 βασιλείαν
582 4088 690 4141 τοῦ
718 4085 885 4151 Θεοῦ,
910 4086 1005 4137 καὶ
1033 4084 1148 4153 τὴν
1168 4083 1561 4152 δικαιοσύνην
1588 4084 1797 4150 αὐτοῦ,

234 4184 335 4238 καὶ
372 4182 558 4236 ταῦτα
610 4178 808 4233 πάντα
842 4176 1316 4246 προστεθήσεται
1356 4175 1516 4245 ὑμῖν.
1549 4175 1674 4238 Πῶς
1705 4171 1799 4229 οὖν

233 4275 475 4329 διδάσκει
516 4271 910 4342 προσεύχεσθαι
938 4311 952 4333 ,
989 4271 1121 4340 περὶ
1156 4263 1231 4324 ὧν
1277 4268 1352 4340 μὴ
1385 4270 1566 4339 ζητεῖν
1600 4268 1799 4340 προλα-

236 4366 349 4419 ϐὼν
376 4365 717 4430 tessellata;
744 4363 900 4433 δῆλον
928 4363 1033 4434 γὰρ
1062 4363 1143 4416 ὅτι
1169 4362 1257 4416 διὰ
1298 4362 1606 4432 προσευχῆς
1630 4363 1800 4415 αἰτεῖν

1892 3181 2221 3237 liberalius:
2258 3181 2345 3237 his
2374 3183 2615 3253 veroqui
2643 3185 2878 3251 minora,
2927 3188 3186 3256 parcius;
3238 3189 3461 3245 unicui-

1894 3287 2000 3342 que
2020 3281 2222 3339 tsmen,
2250 3282 2516 3343 quantum
2538 3290 2639 3345 pro
2670 3276 2840 3331 animi
2894 3275 3171 3348 dignitate,
3209 3281 3463 3351 accipere

1895 3362 2115 3418 suiﬁcit.

1965 3455 2169 3510 Textus
2205 3455 2371 3527 hujus
2427 3457 2752 3512 sententiam
2802 3466 2865 3512 ut
2921 3458 3004 3513 sic
3041 3460 3349 3530 acciperem
3401 3477 3466 3518 ac

1895 3545 2904 3618 exponerem,Salvatorimpuiit,(uti
2961 3548 3167 3604 diserte
3226 3548 3468 3620 discipu—

1893 3636 2189 3707 lisjuheat,
2215 3653 2284 3693 ne
2314 3639 2477 3693 ullam
2524 3654 2751 3708 prorsus
2781 3641 3047 3697 rationem
3072 3642 3309 3697 habeant
3349 3645 3471 3714 ejus

1897 3732 2028 3797 cibi,
2054 3733 2146 3801 qui
2170 3748 2333 3787 sensu
2359 3734 2683 3804 percipitur,
2708 3736 2897 3791 dicens
2916 3784 2932 3799 .
2977 3736 3053 3791 Ne
3086 3737 3297 3792 solliciti
3353 3738 3469 3791 sitis

1898 3822 2088 3875 anima:
2113 3829 2297 3875 vestra:
2325 3824 2452 3892 quid
2473 3825 2819 3889 manducetis,
2853 3836 2947 3879 aut
2979 3829 3102 3894 quid
3133 3828 3356 3892 bibatis;
3378 3844 3471 3881 nc-

1897 3928 1997 3982 que
2025 3914 2232 3982 corpori
2262 3922 2427 3966 vestro
2448 3915 2575 3984 quid
2601 3917 2916 3971 induamini.
2949 3917 3074 3971 ch
3100 3920 3239 3971 enim
3288 3921 3466 3972 omnia

1897 3998 2082 4053 mundi
2110 4007 2283 4068 gentes
2329 4000 2625 4069 inquirunt.
2659 4000 2762 4055 Sed
2832 4004 3047 4073 quaerite
3103 4004 3333 4073 primum
3387 4020 3473 4057 re-

1897 4104 2059 4159 gnum
2082 4087 2179 4142 Dei
2208 4097 2257 4141 et
2275 4089 2541 4159 justitiam
2573 4091 2705 4161 ejus,
2732 4100 2783 4144 et
2808 4092 2916 4145 haec
2944 4108 3119 4145 omnia
3144 4093 3473 4162 adjiciantur

1897 4180 2040 4234 vobis
2073 4181 2139 4233 ³⁸.
2169 4178 2455 4246 Quomodo
2475 4180 2640 4252 igitur
2674 4183 2729 4235 in
2759 4182 3005 4236 oratione
3028 4182 3261 4251 petenda
3285 4183 3474 4249 docet,

1899 4288 2021 4342 quae
2050 4288 2159 4327 non
2188 4273 2479 4343 quaerenda
2504 4274 2663 4345 prius
2684 4273 3075 4327 mandaverat?
3103 4274 3301 4342 Liquet
3321 4274 3474 4329 enim

1899 4362 2086 4417 verbis
2114 4363 2377 4417 orationis
2401 4378 2511 4417 non
2538 4363 2863 4433 praecepisse
2894 4363 3151 4433 petenda,
3204 4379 3325 4431 quae
3372 4380 3477 4433 per

234 4459 301 4512 οὐ
355 4457 752 4527 προσέταττεν,
790 4456 933 4526 ἆπερ
975 4455 1047 4507 δι’
1087 4454 1307 4522 ἐντολῆς
1338 4452 1520 4523 ζητεῖν
1557 4454 1618 4506 ού
1654 4470 1794 4524 παρ-

1905 4450 2218 4506 mandatum
2241 4452 2533 4521 quaerenda
2556 4468 2664 4506 non
2704 4451 3009 4506 admonuit.
3060 4450 3123 4505 Id
3173 4451 3321 4504 enim
3382 4468 3479 4506 so-v

235 4548 419 4621 ῄνεσε.
454 4549 554 4601 Διὰ
601 4547 911 4620 προσευχῆς
939 4546 1048 4615 γὰρ
1081 4544 1243 4616 μόνον
1273 4545 1421 4596 ἐστὶν
1453 4544 1692 4615 αἰτητδν,
1738 4543 1801 4597 τὸ

237 4642 359 4694 κατ’
388 4640 610 4709 ἐντολὴν
642 4637 894 4709 ζητητόν.
934 4639 1113 4706 Ὅπερ
1137 4633 1232 4690 οὖν
1268 4633 1451 4706 ζητεῖν
1476 4634 1544 4686 δι’
1581 4634 1800 4704 ἐντολῆς

234 4732 337 4786 οὐκ
391 4730 827 4800 ὲπετράπημεν,
883 4728 971 4782 διὰ
1029 4728 1339 4797 προσευχῆς
1379 4727 1582 4791 αἰτεῖν,
1638 4725 1801 4796 τυχδν

237 4820 463 4889 θεμιτὸν
507 4821 568 4872 οὐ
619 4818 977 4890 καθέστηκεν.
1038 4816 1101 4870 Εἰ
1149 4816 1209 4869 δὲ
1260 4816 1430 4886 μόνην
1468 4816 1651 4886 ζητεῖν
1701 4816 1801 4887 τὴν

237 4911 518 4980 βασιλείαν
547 4911 640 4964 τοῦ
666 4909 800 4963 Θεοῦ
828 4952 842 4977 ,
887 4911 983 4964 καὶ
1015 4909 1114 4981 τὴν
1160 4908 1513 4978 δικαιοσύνην
1551 4908 1578 4959 6
1607 4907 1796 4979 Σωτὴρ

236 5000 541 5053 ἐνετείλατο
565 5016 585 5032 ο
620 4999 822 5071 ταύτην
851 5000 1089 5069 εἰκότως
1122 4997 1217 5051 καὶ
1263 4997 1349 5050 διὰ
1381 4996 1687 5067 προσευχῆς
1712 4998 1797 5049 αἰ·-

234 5094 370 5158 τεϊν,
405 5092 532 5153 τοὺς
568 5090 676 5145 τῶν
719 5090 891 5144 θείων
916 5088 1238 5160 ἐφιεμένους
1268 5086 1459 5158 δώρων
1486 5088 1751 5157 ἐνήγαγεν
1775 5100 1791 5115 ⁸

310 5222 356 5253 “
379 5223 541 5278 Joan.
568 5237 647 5285 γι,
666 5221 755 5276 55.
831 5220 877 5252 ³³
904 5217 1096 5275 Matth.
1125 5234 1199 5283 vr,
1230 5216 1323 5273 25.
1345 5216 1435 5275 26.

313 5338 391 5419 (τε)
412 5336 943 5419 .1"'i¢_0"t'£5'"'°¢°
967 5332 1156 5419 tiam.
1179 5328 1798 5419 'I‘Q‘fii'fE'PEEaIPJBP‘

234 5399 347 5475 die,
374 5399 437 5462 id
466 5399 571 5471 est,
588 5399 687 5475 per
710 5399 815 5475 hoc
846 5402 1115 5458 saeculum.
1138 5399 1581 5475 agimus_pet_:cat._i
1607 5407 1762 5475 reatu
1780 5437 1797 5462 ,

236 5467 345 5533 rite
378 5467 880 5547 accepit-Maximus
908 5491 928 5526 ι
956 5481 1012 5525 at
1034 5486 1120 5526 nte
1171 5467 1304 5526 scite
1328 5467 1494 5547 (Iord.
1539 5467 1803 5547 pede-nco;

237 5539 527 5618 reposuit;
551 5544 901 5618 reddidilque
925 5581 940 5605 ,
1006 5550 1313 5618 manentem
1369 5539 1578 5618 dfitatis
1618 5541 1804 5618 vitam.

235 5607 535 5685 sequentia
587 5615 655 5685 ab
705 5607 979 5685 iila'voee,
1007 5607 1144 5678 πλὴν
1175 5613 1202 5663 ὁ
1244 5610 1342 5685 τὸν·
1388 5607 1552 5685 ὄιρτον
1594 5607 1803 5685 τοῦτον,

238 5676 417 5756 usque
461 5685 529 5740 ad
554 5682 801 5748 δέξασθαι
860 5676 1113 5742 δύναται,
1146 5694 1269 5748 quae
1311 5676 1629 5732 desiderant
1671 5678 1806 5747 Reg.

1895 4542 2177 4597 lummodo
2201 4558 2300 4613 per
2347 4543 2655 4597 orationem
2704 4553 2954 4612 petamus
3008 4556 3188 4610 operae
3232 4542 3477 4609 pretium

1896 4644 2001 4699 est,
2032 4636 2189 4705 cujus
2250 4634 2530 4704 quaerendi
2584 4633 2790 4688 indicta
2852 4633 3109 4687 mandato
3176 4646 3307 4688 cura
3363 4645 3475 4689 est,

1897 4725 2053 4793 Quod
2082 4726 2250 4796 igitur
2282 4734 2342 4780 ut
2361 4740 2671 4795 quaeramus
2729 4726 2986 4779 mandato
3041 4725 3294 4780 hortatus
3353 4738 3473 4780 non

1896 4827 2001 4883 est,
2032 4817 2089 4871 id
2114 4817 2254 4872 forte
2285 4815 2761 4872 verbisorationis
2811 4825 2871 4871 ut
2918 4825 3170 4885 petamus
3224 4816 3305 4870 fas
3355 4830 3474 4869 non

1902 4914 2006 4962 est.
2035 4906 2129 4961 Sin
2152 4915 2341 4962 autem
2367 4906 2541 4961 solum
2570 4920 2801 4977 regnum
2827 4905 2924 4959 Dei
2977 4916 3033 4959 et
3059 4905 3326 4975 justitiam
3353 4906 3484 4975 ejus‘

1902 4997 2192 5067 qumvenda
2219 4997 2673 5067 Salvatorjussit,
2710 4996 2778 5051 ad
2832 4996 2949 5050 haec
2997 4995 3195 5049 merito
3244 5010 3479 5064 quoque

1898 5098 2000 5156 per
2024 5087 2334 5153 orationem
2367 5086 2622 5153 petenda,
2654 5101 2768 5150 eos,
2806 5085 2900 5155 qui
2943 5084 3261 5139 divinorum
3294 5084 3479 5138 dono-

1892 5328 2029 5399 ven.
2074 5328 2191 5391 Fr.,
2223 5342 2290 5381 ex
2315 5334 2889 5399 catenamutuamur:
2918 5342 3021 5381 nec
3056 5328 3199 5399 forte
3219 5329 3327 5399 sint
3357 5327 3477 5399 Mat-

1894 5398 2030 5451 ximi
2059 5406 2262 5459 textus,
2314 5398 2414 5451 sed
2446 5397 2533 5451 vel
2584 5396 2812 5450 alterius
2859 5396 3117 5462 auctoris,
3158 5399 3243 5451 vel
3300 5397 3483 5465 ipsius

1898 5466 2113 5522 Maximi
2152 5466 2410 5519 usitatum
2471 5465 2742 5519 scholium
2773 5507 2791 5535 ,ν
2833 5481 2945 5534 quo
2997 5466 3262 5535 spiritalis
3307 5466 3481 5535 hujus

1899 5536 2060 5619 panis
2104 5535 2425 5619 qualitatem
2455 5536 2734 5619 exponit,
2784 5534 2840 5590 id
2875 5547 2980 5619 est:
3013 5534 3240 5598 Christi,
3267 5535 3362 5619 qui
3384 5534 3475 5619 se

1901 5602 2018 5673 ipse
2056 5602 2401 5673 suinentibus
2455 5602 2734 5673 indulgeat
2772 5620 2872 5673 pro
2916 5605 3138 5661 illorum
3183 5602 3383 5661 merito
3413 5610 3479 5659 et

1981 5693 2036 5743 e,
2064 5690 2160 5730 seu
2185 5672 2431 5742 subjecta
2462 5672 2845 5745 dispositione.
