3932 6326
523 296 630 357 833

1691 291 1748 350 S.
1792 291 1947 350 MAX
1962 289 2072 349 [Ml
2116 288 2619 349 CONFESSORIS

3679 288 3785 351 θεττῆ

518 419 637 456 rum
666 402 940 457 desiderio
994 409 1306 463 teneantur,
1366 399 1630 464 induxit;
1675 416 1786 468 quo
1830 401 2078 453 nimirum

2197 399 2283 451 ἵνα
2325 400 2435 450 τῶν
2475 399 2629 467 φύσει
2681 397 2931 467 ζητητῶν
2967 397 3054 449 διὰ
3115 395 3429 463 προσευχῆς
3474 396 3584 464 τὴν
3625 397 3786 464 χάριν

514 510 704 547 eorum
724 509 844 562 quze
874 492 1141 544 orationis
1177 491 1439 545 instantia
1470 500 1667 544 natura
1701 491 1935 559 petenda
1957 499 2086 544 sunt

515 585 742 653 gratiam
770 582 1043 643 sanciens,
1069 583 1376 650 petentium
1417 582 1685 642 animum,
1731 582 1902 650 ipsius
1950 597 2088 650 pra:-

515 673 696 725 bentis
736 672 942 725 donum
983 671 1254 724 voluntati
1317 672 1560 740 copulet,
1607 671 1840 726 atl'eetus
1879 672 2087 726 unione

514 777 683 814 unum
711 775 835 812 cum
867 761 985 829 ipso
1013 759 1294 814 ell‘cctnm.

592 853 687 906 Sin
714 860 896 905 autem
925 853 1090 906 etiam
1124 868 1320 921 panem
1354 853 1764 921 quotidianum,
1803 869 1914 922 quo
1949 871 2090 924 prte-

512 959 639 996 seus
669 942 778 996 vita
823 951 1010 995 nostra
1069 950 1411 996 sustentatur
1456 959 1519 996 ac
1559 953 1944 1004 conservatur,
1991 957 2090 1011 per

511 1034 815 1087 orationem
840 1041 1027 1101 petere
1057 1033 1337 1102 jubcmur,
1374 1049 1443 1087 ne
1496 1034 1765 1087 orationis
1824 1034 2090 1087 terminos

509 1123 673 1193 360
703 1123 1098 1190 transiliamus,
1124 1124 1324 1176 multas
1353 1124 1514 1177 nobis
1572 1139 1844 1177 annorum
1900 1124 2087 1192 perio-

511 1215 610 1267 dos
638 1230 802 1266 avaro
830 1213 1014 1266 animo
1045 1224 1436 1282 proponentcs,
1495 1229 1558 1268 ac
1613 1215 1769 1267 obliti
1821 1228 1924 1266 nos
1966 1227 2087 1266 esse

513 1306 796 1368 mortales,
829 1305 1056 1373 ejusque
1084 1304 1305 1374 generis
1330 1305 1441 1357 vita
1481 1304 1763 1373 przeditos,
1794 1318 1916 1372 quae
1966 1317 2090 1355 um-

511 1393 622 1446 bra:
650 1394 822 1447 instar
851 1403 1119 1457 transeat;
1148 1393 1242 1446 sed
1271 1408 1465 1460 panem
1511 1393 1602 1461 qui
1634 1393 1687 1445 in
1741 1392 1886 1445 diem
1938 1389 2088 1444 ει]Πί-

512 1485 622 1538 ciat
654 1485 804 1537 nulla
828 1485 1199 1538 sollicitudine
1227 1484 1435 1537 orando
1460 1483 1768 1554 ﬂagitemus
1793 1501 1807 1548 ;
1843 1483 2087 1550 talesque

510 1592 613 1628 nos
648 1593 715 1630 ex
769 1575 1096 1629 Christiana:
1141 1574 1508 1644 philosophia
1567 1589 1761 1626 norma
1816 1572 2085 1627 exhibea-

511 1685 654 1732 mus,
703 1671 794 1734 qui
844 1670 1010 1722 vitam
1058 1670 1251 1722 mortis
1310 1667 1726 1721 meditationem
1794 1666 2082 1730 faciamus,

509 1761 690 1813 animo
718 1760 1052 1829 mentisque,
1079 1759 1352 1814 sententia
1412 1767 1749 1827 occupantes
1795 1765 2083 1822 naturam;

507 1866 571 1904 ac
603 1851 921 1920 priusquam
954 1865 1102 1902 mors
1134 1849 1479 1920 adveniatna
1506 1848 1654 1901 curis
1703 1847 2088 1915 corporalibus

509 1941 752 1994 animum
782 1940 1182 2002 abscindentes,
1208 1955 1276 1993 ne
1305 1940 1393 1992 ille
1425 1938 1591 1992 rebus
1639 1953 1759 2006 quae
1811 1938 2089 1991 intereunt

511 2030 856 2092 inhzercseat,
895 2029 1160 2084 naturalis
1190 2045 1347 2082 usum
1381 2027 1700 2096 cupiditatis
1739 2035 2084 2081 terrenorum

509 2120 786 2174 desiderio
863 2128 1241 2183 commutans;
1302 2118 1697 2186 avaritiamque
1763 2114 2082 2176 condiscat,

508 2227 616 2281 qua
666 2211 978 2264 divinorum
1007 2210 1165 2263 nobis
1190 2210 1456 2264 bonorum
1491 2207 1767 2262 amucntia
1809 2206 2082 2260 dematur.

569 2313 875 2384 Fugiamus
931 2328 1083 2382 ergo,
1141 2323 1344 2382 quanta
1391 2312 1551 2366 nobis
1605 2310 1852 2372 facultas,
1901 2322 2084 2362 rerum

511 2414 858 2461 terrenarum
884 2419 1150 2466 amorem,
1177 2419 1476 2470 earumque
1513 2403 1898 2471 procliviorem
1952 2399 2084 2453 affe-

507 2506 656 2550 ctum
683 2495 856 2547 instar
889 2493 1134 2563 pulveris
1159 2493 1228 2546 ab
1249 2492 1416 2545 animi
1457 2493 1634 2546 oculis
1659 2491 2038 2560 abstergamus
2064 2506 2079 2555 ;

507 2596 671 2655 atque
696 2585 763 2640 iis
783 2584 913 2638 solis
937 2584 1181 2641 contenti
1209 2583 1402 2647 simus,
1435 2599 1554 2652 quat
1593 2591 1918 2651 prazsentem
1949 2597 2078 2636 sus-

512 2685 727 2732 tentant
776 2676 965 2737 vitam,
998 2689 1106 2729 non
1131 2674 1335 2742 quibus
1389 2673 1479 2727 illa
1513 2673 1580 2727 ad
1616 2674 1886 2728 luxuriam
1935 2672 2082 2725 dele-

505 2777 719 2832 ctatur;
743 2781 842 2836 pro
859 2766 1152 2836 ejusmodi,
1180 2765 1254 2819 ita
1275 2774 1332 2819 ut
1357 2765 1503 2821 docti
1531 2782 1739 2828 sumus,
1760 2766 1930 2820 Deum
1960 2780 2083 2820 ore-

506 2874 647 2920 mus,
681 2871 790 2924 quo
821 2855 1056 2910 liberum
1083 2855 1279 2924 suique
1301 2856 1526 2910 omnino
1556 2856 1716 2925 juris,
1750 2856 1884 2909 nulli
1922 2871 2081 2926 pror-

505 2966 599 3004 sus
629 2949 707 3004 rei
747 2949 1072 3018 aspectabili
1103 2949 1351 3017 corporis
1376 2949 1682 3003 sollicitiori
1709 2963 1840 3002 cura
1883 2947 2077 3002 devin-

2188 488 2541 560 ὲπικυρὼσας
2564 527 2579 549 ,
2615 489 2714 556 τὴν
2746 487 2855 539 τῶν
2901 487 3196 539 αἰτούντων
3240 484 3470 555 γνώμην
3493 528 3512 548 ,
3561 486 3643 554 τῷ
3693 488 3786 539 τοῦ

2192 580 2568 649 παρεχομένου
2592 579 2689 648 τὴν
2705 581 2864 650 χάριν
2888 580 3098 650 συνάψῃ
3120 578 3410 650 θελήματι,
3432 579 3503 632 δι’
3534 579 3786 640 ἐνὼσεως

2191 670 2451 740 σχετικῆς
2481 672 2649 724 ταυτὸ
2681 672 3032 741 ποιουμένην.

2260 846 2322 898 Ei
2370 845 2429 898 δὲ
2481 844 2577 898 καὶ
2627 845 2717 898 τὸν
2771 845 3048 915 ἐφήμερον
3084 845 3156 914 (ο)
3217 847 3407 915 ἄρτον,
3451 843 3500 914 ᾧ
3537 866 3785 918 συγκρα-

2189 936 2402 989 τεῖσθαι
2456 937 2698 1004 πέφυκεν
2742 936 2963 1006 ήμῶνή
3008 938 3257 1005 παροῦσα
3297 940 3438 1008 ζωὴ,
3472 941 3570 992 διὰ
3618 959 3784 1010 apo:-

2190 1026 2356 1094 ευχῆς
2380 1030 2552 1080 αἰτεῖν
2582 1027 2940 1096 κελευόμεθα,
2966 1028 3040 1097 μὴ
3064 1029 3429 1098 παρέλθωμεν
3456 1032 3593 1094 τοὺς
3625 1034 3779 1102 ὅρους

2189 1117 2290 1183 τῆς
2323 1118 2667 1186 προσευχῆς,
2722 1117 2922 1180 πολλάς
2955 1119 3091 1170 ἐτῶν
3139 1121 3423 1189 περιόδους
3463 1121 3780 1175 πλεονεκτιὲ

2191 1206 2304 1267 κῶς
2339 1206 2822 1276 περισκοποῦντες,
2849 1208 2940 1261 καὶ
2966 1208 3218 1278 λάθωμεν
3244 1211 3398 1273 ὄντες
3435 1211 3658 1282 θνητοὶ,
3694 1218 3781 1268 καὶ

2191 1299 2348 1360 σκιᾶς
2387 1298 2543 1366 δίκην
2589 1299 2691 1367 τὴν
2728 1299 2871 1368 ζωὴν
2905 1301 3312 1368 παροδεύουσαν
3337 1303 3570 1372 ἔχοντες
3601 1323 3614 1336 °
3650 1307 3780 1358 άλλίι

2189 1389 2279 1440 τὶν
2308 1389 2441 1452 πρδς
2475 1389 2691 1460 ἡμέραν
2725 1391 3174 1462 ἀπεριμερίμνως
3203 1393 3289 1445 διὰ
3325 1395 3430 1464 τῆς
3467 1401 3778 1466 προσευχῆς

2189 1481 2502 1550 αἰτήσωμεν
2539 1483 2701 1552 ἄρτον
2723 1499 2736 1512 ’
2760 1485 2854 1536 καὶ
2875 1485 3138 1553 δείξωμεν
3173 1486 3255 1536 ὅτι
3285 1485 3613 1555 φιλοσόφως
3644 1493 3776 1542 κατὰ

2189 1573 2424 1642 Χριστὸν
2463 1575 2694 1646 μελέτην
2727 1576 2957 1630 θανάτου
3006 1577 3096 1628 τὸν
3149 1576 3262 1646 βίον
3309 1579 3666 1648 ποιούμεθα,
3713 1585 3775 1651 τῇ

2190 1664 2384 1738 γνώμῃ
2414 1665 2707 1733 φθάνοντες
2735 1667 2834 1738 τὴν
2861 1667 3042 1736 φύσιν,
3078 1669 3175 1720 καὶ
3205 1671 3335 1738 πρ¹εν
3365 1671 3674 1741 ἐπιστῆναι
3697 1674 3778 1724 τὸν

2193 1754 2457 1820 θάνατον,
2503 1757 2603 1825 τῆς
2633 1759 2742 1810 τῶν
2788 1760 3116 1828 σωματικῶν
3161 1761 3436 1832 μερίμνης
3470 1763 3576 1832 τῆν
3606 1763 3780 1833 alexi-3

2189 1846 2633 1915 ἀποτέμνοντεςο
2670 1849 2758 1901 ῖνα
2805 1849 2880 1918 μὴ
2929 1849 3255 1920 προσηλωθῇ
3303 1855 3422 1912 τοῖς
3481 1853 3778 1925 φθειρομέ-

2190 1955 2321 2000 νοις,
2349 1939 2633 2008 άμείψασα
2668 1941 2804 2010 πρὸς
2834 1940 2930 2010 τὴν
2970 1941 3101 2012 ὕλην
3134 1943 3233 2014 τὴν
3268 1945 3476 2013 χρῆσιν
3507 1949 3614 2016 τῆς
3644 1949 3777 2000 κατὰ

2189 2029 2352 2098 φύσιν
2386 2032 2649 2098 ἐφέσεως,
2681 2032 2777 2085 καὶ⁷
2827 2033 2974 2104 μάθῃ
3005 2034 3319 2102 πλεονεξίαν
3341 2037 3447 2106 τῆς
3475 2037 3594 2092 τῶν
3623 2040 3774 2093 θείων

2189 2119 2410 2188 ἀγαθῶν
2439 2124 2755 2194 περιουσίας
2801 2128 3148 2198 στερητικήν.

2257 2297 2524 2366 Φύγωμεν
2549 2293 2661 2359 οὖν,
2700 2299 2799 2369 ὅση
2833 2299 3082 2369 δύναμις,
3110 2301 3209 2372 τὴν
3251 2303 3438 2371 φιλίαν
3482 2306 3589 2372 τῆς
3621 2307 3766 2375 ὅλης,

2190 2389 2285 2442 καὶ
2307 2388 2405 2460 τὴν
2436 2388 2606 2457 αὐτῆς
2634 2390 2818 2458 σχέσιν
2845 2389 3092 2462 καθάπερ
3118 2396 3395 2464 κονιορτὸν
3419 2397 3541 2449 τῶν
3568 2416 3659 2451 vos
3667 2401 3768 2468 ρῶν

2185 2480 2451 2549 ὀμμάτων
2503 2479 2934 2551 ἀπονιψώμεθα·
3004 2483 3100 2536 καὶ
3162 2485 3344 2552 μόνοις
3399 2488 3765 2559 ἀρκεσθῶμεν

2184 2575 2297 2634 τοῖς
2326 2572 2670 2638 συνιστῶσιν,
2716 2573 2849 2627 ἀλλὰ
2882 2575 2956 2645 μὴ
2985 2577 3098 2638 τοῖς
3144 2575 3428 2645 ἡδύνουσιν
3475 2580 3642 2650 ἡμῶν
3673 2582 3762 2652 τῆν

2185 2660 2462 2730 παροῦσαν
2495 2659 2671 2731 ζωήν·
2715 2664 2810 2714 καὶ
2845 2663 2989 2733 ὑπὲρ
3024 2665 3207 2718 αὐτῶν
3236 2668 3328 2720 τὸν
3352 2668 3515 2732 Θεὸν,
3551 2671 3631 2734 ὡς
3663 2673 3762 2724 sa:-

2182 2751 2493 2821 δάχθημεν,
2547 2755 2909 2826 ἀξιώσωμεν,
2963 2759 3052 2810 ἵνα
3101 2759 3418 2831 δυνηθῶμεν
3454 2764 3758 2819 ἀδούλωτον

2183 2841 2414 2910 φυλάξαι
2447 2844 2543 2914 τὴν
2591 2846 2770 2916 ψυχὴν
2793 2887 2808 2910 ,
2859 2849 3052 2919 μηδενὶ
3083 2850 3192 2903 τῶν
3239 2855 3544 2923 ὁρωμένων
3573 2858 3669 2911 διὰ
3705 2860 3761 2910 τὸ

2183 2933 2342 3004 σῶμα
2383 2936 2661 3000 παντελῶς
2691 2941 3102 3012 κρατουμένην·
3154 2947 3250 2996 καὶ
3298 2945 3394 2998 τοῦ
3423 2947 3529 3018 ζῇν
3575 2951 3761 3003 ’ἕνεκεν

505 3050 655 3094 ctum
682 3055 745 3093 ac
772 3041 1164 3108 mancipatum,
1191 3040 1434 3093 animum
1484 3054 1706 3093 servare
1749 3038 2024 3108 possimus
2058 3057 2072 3093 :

2187 3027 2481 3099 δειχθῶμεν
2519 3031 2826 3097 ἐσθίοντες,
2880 3034 3018 3087 ἀλλὰ
3062 3037 3136 3106 μὴ
3193 3037 3289 3091 τοῦ
3335 3039 3545 3094 ἐσθίειν
3600 3045 3758 3114 χάριν

505 3131 914 3200 prodamurque
942 3144 1009 3182 eo
1039 3129 1207 3183 edere
1232 3138 1293 3182 ut
1319 3129 1588 3190 vivamus,
1616 3144 1728 3182 non
1752 3136 1814 3181 ut
1846 3128 2076 3183 edamus

503 3219 687 3272 vivere
718 3231 1010 3285 arguamur
1046 3233 1059 3269 :
1091 3217 1324 3270 alterum
1351 3231 1588 3286 namque
1608 3218 1730 3286 ejus
1760 3225 1972 3271 natura;
1994 3224 2080 3270 est

504 3318 668 3378 atque
693 3308 796 3370 vis,
819 3321 940 3376 qua:
971 3307 1183 3362 ratione
1205 3307 1447 3377 regitur;
1471 3308 1706 3360 alterum
1728 3307 1847 3376 ejus
1868 3307 2080 3376 perspi-

503 3418 606 3458 cue
631 3399 916 3471 proprium
939 3407 1044 3464 est,
1062 3414 1184 3468 quae
1204 3398 1414 3451 nullum
1436 3395 1663 3450 rationis
1691 3403 1949 3466 agnoscat
1979 3395 2080 3448 im—

503 3493 737 3565 perium.
754 3491 1045 3562 Simusquo
1060 3489 1326 3584 orationis
1342 3487 1631 3558 diligentes
1649 3487 1925 3551 custodes,
1947 3487 2082 3556 ipsis

505 3585 801 3656 prodentes
816 3584 1096 3654 operibus,
1115 3580 1279 3636 unam
1304 3596 1406 3634 nos
1423 3597 1487 3636 ac
1510 3580 1679 3634 solam
1709 3581 1954 3634 tenacius
1966 3595 2080 3634 am-

506 3676 668 3746 plecti
690 3675 878 3739 vitam,
931 3688 1051 3744 quae
1094 3673 1392 3742 injspiritu
1421 3671 1638 3742 agitur;
1683 3671 1894 3740 hacque
1937 3671 2078 3725 adeo

504 3768 638 3839 (vita
677 3765 908 3836 scilicet)
939 3765 1150 3834 :evique
1177 3765 1362 3835 hujus,
1391 3763 1497 3826 uti,
1526 3772 1588 3818 ut
1624 3763 1772 3817 illam
1795 3778 2079 3832 compares

503 3872 626 3910 nius
647 3873 660 3922 ;
685 3859 844 3927 cujus
866 3856 1060 3925 gratia,
1089 3855 1238 3908 illius
1274 3855 1544 3910 hactenus
1575 3853 1897 3908 adamamus
1945 3869 2078 3907 usu-

502 3963 639 4011 ram,
673 3955 733 4001 ut
756 3947 874 4001 solo
898 3961 1018 4001 eam
1043 3961 1181 4015 pane
1213 3955 1523 4001 sustentare
1569 3959 1682 3998 non
1731 3957 2072 4008 recusemus,

500 4042 556 4088 ct
586 4042 646 4087 ut
672 4034 844 4103 ipsius
880 4033 1106 4088 illaesam
1149 4033 1545 4095 valetudinem,
1597 4041 1862 4100 quantum
1911 4032 2077 4086 licue~

501 4125 574 4178 rit
596 4140 908 4190 servemus;
927 4141 1038 4179 non
1075 4133 1134 4178 ut
1155 4125 1424 4188 vivamus,
1447 4123 1543 4178 sed
1573 4131 1634 4176 ut
1656 4123 1768 4177 Deo
1789 4123 2071 4189 vivamus;

500 4231 702 4286 corpus
721 4218 1008 4281 nimirum,
1044 4216 1266 4270 virtutis
1306 4215 1481 4285 probe
1507 4214 1814 4269 rationibus
1850 4214 2071 4269 institu-

501 4319 638 4374 tum,
671 4311 866 4364 animae
893 4310 1150 4363 nuntium
1203 4307 1530 4374 eﬂicientes;
1567 4308 1914 4376 animamque
1974 4307 2075 4361 ho-

2182 3119 2387 3184 ζῶντες
2417 3121 2784 3194 ἐλεγχοῶμεν.
2824 3126 2897 3178 Τδ
2935 3127 3033 3197 μὲν
3062 3129 3171 3199 γὰρ
3197 3129 3446 3200 λογικῆς,
3477 3133 3544 3185 τὺ
3576 3135 3634 3187 δὲ
3665 3137 3758 3204 τῆς

2182 3210 2380 3278 ἀλόγου
2413 3213 2765 3280 σαφῶςίδιον
2814 3217 3119 3289 καθέστηκε
3161 3220 3397 3287 φύσεως.
3440 3223 3560 3276 Καὶ
3589 3226 3758 3293 φύλα-

2182 3317 2275 3363 κες
2321 3295 2473 3370 ὦμεν
2512 3303 2612 3372 τῆς
2649 3308 2956 3377 προσευχῆς
2994 3310 3240 3378 ἀκριϐεῖς
3265 3352 3278 3375 ,
3316 3312 3386 3364 δι’
3416 3315 3602 3368 αὐτῶν
3649 3318 3758 3370 δειο

2181 3392 2437 3462 κνύμενοι
2461 3394 2573 3447 τῶν
2600 3397 2965 3466 πραγμάτων,
2995 3401 3075 3453 ὅτι
3107 3404 3237 3471 μιᾶς
3263 3405 3359 3458 καὶ
3385 3406 3562 3476 μόνης
3589 3410 3757 3478 ἀπρὶξ

2179 3483 2514 3555 ἀντεχόμεθα
2544 3487 2647 3556 τῆς
2692 3489 2750 3541 ὲν
2795 3490 3068 3561 πνεύματι
3113 3495 3298 3564 ζωῆς,
3351 3498 3447 3550 καὶ
3487 3501 3627 3571 πρὸς
3663 3503 3756 3571 τὴν

2179 3573 2349 3644 αὐτὴν
2379 3576 2574 3646 κτῆσιν
2601 3579 2700 3648 τῆς
2741 3581 3022 3652 παρούσης
3054 3583 3255 3656 [marg.
3300 3586 3449 3657 ζωῆς
3471 3589 3755 3664 δηλονότι]

2178 3665 2277 3735 τὴν
2313 3667 2509 3737 χρῆσιν
2539 3670 2842 3742 ποιούμεθα
2868 3688 2882 3700 ⁸
2916 3674 2985 3726 δι’
3027 3675 3093 3746 ἢν
3121 3677 3378 3732 τοσοῦτον
3421 3680 3524 3751 τὴν
3553 3683 3755 3752 ταύτης

2180 3756 2480 3845 στέργομεν
2523 3762 2738 3832 χρῆσιν,
2784 3764 2908 3818 ὅσον
2946 3766 3094 3838 ἄρτῳ
3123 3769 3328 3841 ταύτην
3363 3773 3517 3842 μόνῳ
3563 3779 3752 3845 στηρῐ.

2178 3844 2293 3908 ζειν
2351 3848 2425 3920 μὴ
2486 3854 2914 3923 παραιτεῖσθαι,
2968 3859 3064 3911 καὶ
3125 3860 3222 3931 τὴν
3270 3862 3447 3931 αὐτῆς
3515 3844 3753 3938 φυσικὴν

2177 3935 2387 4001 εὐεξίαν
2439 3941 2728 4008 φυλάττειν
2781 3945 2906 4028 ὅσον
2956 3947 3016 4000 τὸ
3064 3949 3148 4018 ἐφ’
3202 3952 3334 4021 ἡμῖν
3388 3935 3747 4028 ἀδιάφθορονο

2176 4028 2275 4099 οὐχ
2304 4029 2390 4083 ἵνα
2435 4031 2650 4102 ζῶμεν,
2692 4035 2810 4088 ἀλλ’
2837 4019 2925 4091 ἵνα
2961 4038 3079 4110 Θεῷ
3112 4019 3296 4114 ζῶμεν
3318 4059 3333 4074 ·
3365 4019 3557 4117 ψυχῆς
3587 4019 3746 4116 ἅγγε-

2176 4117 2266 4172 λον
2290 4120 2352 4173 τὸ
2379 4121 2538 4192 σῶμα
2563 4124 2931 4191 καθιστῶντες
2952 4128 3333 4203 λελογισμένον
3354 4139 3482 4200 ταῖς
3507 4140 3742 4209 ἀρεταῖς,

2176 4209 2268 4261 καὶ
2295 4209 2496 4282 ταύτην
2517 4213 2652 4266 θεοῦ
2683 4217 2904 4287 κήρυκα
2935 4220 3214 4286 ποιοῦντες
3239 4227 3304 4294 τῇ
3337 4229 3471 4296 περὶ
3499 4230 3566 4282 τὸ
3594 4231 3744 4283 καλὸν

2177 4304 2464 4374 παγιότητι
2508 4309 2935 4379 πεποιωμένην·
2972 4313 3066 4364 καὶ
3111 4313 3296 4368 τοῦτον
3345 4320 3450 4389 μιᾷ
3502 4322 3742 4389 φυσικῶς

500 4401 640 4455 nesti
675 4401 982 4455 constantia
1012 4400 1297 4462 imbutam,
1324 4400 1421 4454 Dei
1455 4415 1760 4468 praeconem
1806 4409 2069 4468 praestanv

2187 4395 2358 4465 ἡμέρᾳ.
2412 4397 2814 4467 περικλείοντες
2856 4401 2948 4453 τὸν
2991 4402 3155 4473 ἄρτον
3180 4420 3194 4433 ·
3246 4382 3384 4477 ὑπὲρ
3422 4382 3622 4465 ἀὑτοῦ

502 4497 624 4544 tes:
654 4498 817 4557 atque
850 4488 997 4541 hunc
1032 4488 1197 4541 unico
1225 4486 1315 4540 die
1343 4503 1545 4556 panem
1595 4497 1793 4542 natura
1849 4489 2074 4544 conclu-

499 4577 730 4643 dentes;
761 4579 902 4646 ejus,
941 4578 1036 4646 qui
1065 4577 1372 4631 orationem
1424 4578 1650 4632 tradidit
1699 4579 1912 4647 pudore
1971 4579 2071 4633 de-

501 4664 700 4727 territi,
726 4680 794 4718 ne
831 4665 886 4718 in
911 4665 1142 4718 alterum
1176 4665 1321 4719 diem
1367 4666 1823 4734 supplicationem
1881 4675 2074 4722 exten-

466 4792 471 4800 .
499 4755 711 4809 damus.
741 4754 832 4809 Sic
855 4755 1001 4810 enim
1020 4755 1224 4825 reipsa,
1261 4771 1362 4825 pro
1389 4772 1456 4810 eo
1475 4771 1541 4811 ac
1580 4757 1850 4811 orationis
1893 4758 2072 4812 virtus

498 4845 668 4916 exigit
712 4862 812 4900 nos
867 4847 1014 4916 ipsos
1075 4847 1454 4915 disponendo,
1516 4848 1585 4902 ad
1611 4848 1848 4917 reliquas
1902 4849 2070 4903 etiam

499 4938 645 4991 clare
687 4938 991 4992 sententias
1066 4938 1256 4992 licebit
1293 4940 1615 5008 procedere,
1675 4948 1736 4994 ut
1766 4939 2015 4994 dicamus
2050 4956 2065 4993 :

566 5027 724 5097 361
761 5029 830 5082 Et
863 5029 1065 5082 dimitte
1098 5029 1240 5083 nobis
1275 5029 1448 5084 debita
1483 5039 1697 5095 nostra,
1727 5030 1859 5082 sicut
1890 5038 1940 5082 et
1973 5045 2068 5085 nos

497 5120 803 5173 dimittimus
836 5121 1146 5174 debitoribus
1175 5123 1388 5176 nostris.

565 5209 669 5276 Qui
711 5211 863 5279 juxta
904 5211 1143 5280 priorem
1187 5213 1484 5282 superioris
1523 5211 1811 5268 sententiae
1843 5227 2062 5268 sensum

567 5385 638 5456 (ο)
669 5385 776 5438 Καὶ
806 5387 917 5459 ,τῷν
958 5387 1274 5458 ἐφήμερον.
1337 5389 1521 5448 Altera
1552 5389 1843 5459 expositio,
1880 5398 1941 5444 ut
1991 5389 2062 5444 sit

497 5457 662 5528 etiam
709 5456 903 5528 petitio
949 5456 1264 5528 pani's.quo
1313 5456 1652 5514 sustentatur
1699 5460 2061 5528 corporaliter

494 5524 600 5601 vita
637 5527 916 5591 mortalis;
948 5524 1040 5580 Sed
1068 5524 1454 5601 ita_dunta_xat,
1487 5539 1546 5582 ut
1575 5528 1644 5583 sit
1682 5524 2012 5601 quotidianus
2042 5544 2060 5595 ;

497 5591 548 5673 id
571 5601 691 5673 _est,
721 5597 1240 5673 u.t.nos_non_tr_ahat
1256 5597 1312 5652 in
1334 5591 2057 5673 longatempo'raejuscura,

493 5659 586 5713 sed
612 5662 859 5728 quotidie
885 5664 978 5719 illo
999 5665 1164 5719 obvio
1195 5659 1658 5733 eontentisimus',
1699 5659 2056 5736 qui'mortem

2170 4486 2476 4555 τολμῶντες
2521 4489 2602 4552 εἰς
2639 4489 2897 4561 δευτέραν
2930 4493 3144 4563 ἡμέραν
3167 4496 3254 4549 διὰ
3285 4497 3375 4552 τὸν
3415 4500 3630 4572 δοτῆρα
3650 4505 3734 4572 τῆς

2172 4579 2481 4650 προσευχῆς
2534 4580 2844 4635 ἐπεκτεῖναι
2893 4584 2995 4654 τὴν
3040 4584 3244 4656 δέησιν.
3307 4589 3470 4644 Οὕτω
3527 4595 3638 4665 γάρ
3681 4596 3736 4649 ἂν

2174 4669 2574 4740 πραγματικῶς
2624 4672 2770 4725 κατὰ
2823 4674 2922 4744 τὴν
2981 4674 3208 4745 δύναμιν
3261 4678 3365 4749 τῆς
3435 4685 3737 4754 προσευχῆς

2171 4761 2396 4824 ἑαυτοὺς
2425 4763 2722 4828 διαθέντες,
2742 4765 3104 4837 δυνηθείημεν
3133 4769 3228 4822 καὶ
3254 4772 3368 4834 τοῖς
3399 4773 3737 4846 λειπομένας

2173 4853 2424 4925 καθαρῶς
2451 4855 2754 4925 προσϐῆναι
2785 4857 2990 4926 ῥητοῖς,
3023 4859 3352 4927 φάσκοντεςο

2241 5026 2350 5082 Καὶ
2387 5026 2538 5096 ἄφες
2573 5027 2718 5096 ἡμῖν
2763 5030 2836 5083 τὰ
2864 5030 3236 5100 ὀφειλήματα
3267 5033 3472 5103 ἡμῶν,
3521 5039 3605 5104 ὡς
3650 5039 3736 5093 καὶ

2171 5117 2344 5187 ἡμεῖς
2369 5119 2620 5186 ἀφίεμεν
2647 5118 2773 5184 τοῖς
2803 5119 3137 5187 ὀφειλέταις
3165 5121 3354 5190 ἡμῶν.

2252 5209 2311 5263 '0
2337 5209 2480 5262 κατά
2511 5208 2610 5262 τὴν
2662 5208 2888 5280 πράηην
2927 5211 3030 5282 τῆς
3055 5212 3148 5264 τοῦ
3180 5214 3553 5284 προλαδόντος
3579 5217 3732 5290 ῥητοῦ

2164 5385 2902 5477 isses:militesve;
2943 5391 3208 5477 mendose.
3242 5392 3736 5477 “iactarem”

2167 5457 2390 5535 sensum
2422 5457 2643 5527 penitus
2673 5458 2927 5524 destruit,
2956 5476 3032 5535 _ac
3055 5464 3211 5535 quasi
3264 5457 3424 5535 neget
3456 5457 3734 5527 Maximus,

2167 5528 2333 5608 etiam
2356 5542 2484 5608 eum
2515 5542 2734 5608 panem,
2765 5544 2831 5583 ea
2846 5528 3223 5608 moderatione
3251 5545 3308 5588 et
3338 5528 3694 5608 philosOphia
3714 5574 3728 5596 .

2253 5598 2502 5720 oriatione
2535 5598 2872 5667 petendum:
2900 5600 3046 5670 quod
3077 5617 3240 5657 nemo
3271 5598 3438 5658 sanus
3470 5598 3636 5669 dicat,
3673 5618 3730 5658 ac

2231 5681 2296 5720 eo
2319 5681 2472 5720 onus.

2167 5675 2472 5737 theologus.
