3932 6326
174 275 277 342 θἮ

1171 269 1574 334 EXPOSITIO
1611 271 2022 334 ORATIONIS
2054 275 2466 336 DOMINICi-E.

3310 283 3418 346 902

175 386 413 457 θεωρίας
461 385 738 456 ἐπιϐολὴν,
767 393 909 438 κατὰ
943 385 1035 438 τὸν
1065 384 1238 438 αἰῶνα
1266 385 1475 448 τοῦτον,
1505 379 1566 438 οὗ
1597 386 1738 454 σύμ-

1842 400 1905 440 ac
1943 369 2370 456 expositionem,
2407 389 2462 442 in
2505 389 2704 446 steculo
2746 390 2879 456 hoc,
2917 393 3074 464 cujus
3109 395 3414 466 symbolum

177 476 336 531 ϐολον
363 473 500 530 εἷναι
530 476 589 530 τὸ
621 477 860 548 σήμερον
891 476 1124 548 ἔταμεν,
1153 477 1245 529 τὸν
1275 476 1552 546 ἄφθαρτον
1582 475 1746 545 ἄρτον

174 573 278 637 τῆς
311 569 518 638 σοφίας,
566 562 628 623 οὗ
663 569 942 639 καταρχὰς
973 567 1288 638 διετείχισεν
1331 567 1477 636 ἡμᾶς
1503 568 1536 636 ἡ
1571 565 1748 636 παρά-

174 661 354 724 ϐασις,
381 659 468 713 διὰ
500 661 805 730 προσευχῆς
836 659 1129 730 ἐπιζητῶν,
1163 657 1254 711 ἆτε
1289 659 1351 727 δὴ
1397 659 1526 728 μίαν
1554 658 1747 730 ἡδονὴν

175 749 540 820 ἐπιστάμενος
571 749 666 818 τὴν
693 749 802 802 τῶν
827 748 989 802 θείων
1019 747 1326 818 ἐπιτυχίαν,
1355 743 1422 820 ἦς
1456 747 1619 816 δοτὴρ
1647 747 1745 818 μὲν

174 841 318 895 κατὰ
349 842 510 909 φύσιν
549 841 697 894 ἐστὶν
726 843 753 894 6
781 839 910 903 Θεός
937 855 950 870 ·
987 839 1164 910 φύλαξ
1189 839 1246 892 δὲ
1289 839 1430 892 κατὰ
1467 837 1684 906 θέλησιν
1712 841 1744 909 ή

173 933 271 984 τοῦ
321 930 578 994 λαϐόντος
619 931 976 1002 προαίρεσις·
1021 929 1113 982 καὶ
1166 929 1294 999 μίαν
1337 928 1530 998 ὀδύνην
1566 927 1743 992 εἰδὼς,

173 1023 275 1092 τὴν
314 1023 520 1076 τούτων
574 1022 907 1092 ἀποτυχίαν,
962 1015 1030 1092 ἧς
1072 1021 1372 1082 ὑποϐολεὺς
1407 1021 1506 1091 μέν
1540 1021 1688 1072 ἐστιν
1717 1022 1744 1073 ὁ

174 1113 418 1177 διάϐολος
438 1131 450 1143 ·
479 1113 779 1184 αὐτουργὸς
804 1113 880 1178 δὲ,
907 1115 1016 1176 πᾶς
1041 1113 1068 1164 6
1097 1111 1204 1164 τῶν
1232 1112 1389 1164 θείων
1428 1111 1494 1165 δι’
1527 1112 1744 1164 ἀτονίαν

174 1205 399 1274 γνώμης
423 1205 872 1274 ἀποκαμνόμενος
895 1203 1057 1275 [γεη.
1078 1213 1124 1257 et
1145 1201 1234 1256 Fr.
1261 1203 1740 1274 ἀποκναιόμενος]-

179 1295 258 1365 μὴ
293 1294 572 1362 φυλάττων
615 1293 674 1346 τὸ
702 1294 882 1364 τίμιον
911 1294 1136 1365 γνώμης
1176 1293 1411 1348 διαθέσει
1447 1297 1745 1365 στεργόμε-

177 1403 303 1439 νονο
347 1385 484 1455 πρὸς
528 1383 678 1438 οὐδὲν
721 1383 859 1454 ἔχων
895 1383 1004 1436 τῶν
1058 1383 1348 1456 ὁρωμένων
1379 1382 1650 1452 ῥέπουσαν
1685 1383 1743 1436 τὸ

179 1475 398 1530 σύνολον
425 1475 524 1546 τὴν
552 1474 872 1544 προαίρεσιν
898 1514 912 1540 ,
951 1475 1052 1527 καὶ
1092 1472 1179 1524 διά
1229 1471 1387 1524 τοῦτο
1416 1475 1525 1535 τοῖς
1558 1489 1743 1542 σωμα-

175 1565 344 1629 τικῶς
393 1565 540 1638 αὐτῷ
588 1565 945 1635 συμϐαίνουσι
1001 1563 1263 1633 λυπηροῖς
1317 1564 1413 1632 οὐχ
1464 1563 1744 1631 ὑπαγόμε-

180 1673 267 1718 νος
291 1654 401 1726 (6)·
433 1647 586 1734 οὗτος
629 1654 703 1717 ὡς
743 1651 959 1724 ἀληθῶς
982 1693 996 1718 ,
1029 1652 1254 1716 ἀπαθῶς
1285 1638 1477 1724 ἀφίησι
1509 1657 1618 1715 τοῖς
1662 1655 1741 1716 εἰς

172 1747 339 1804 αὐτὸν
373 1744 776 1822 ἁμαρτάνουσιν
799 1760 814 1778 ·
853 1743 936 1802 ὅτι
969 1743 1104 1819 μηδὲ
1130 1745 1189 1796 τὸ
1223 1745 1343 1800 κατ’
1378 1744 1564 1815 ἕρκεσιν
1590 1744 1736 1816 αὐτῷ

175 1839 616 1911 σπουδαζόμενον
653 1839 874 1893 δύναταί
902 1857 986 1902 τις
1016 1839 1076 1892 τὸ
1119 1840 1378 1910 παράπαν
1425 1837 1737 1907 χειροῦσθαι

177 1931 345 1985 καλὸν
369 1973 382 1996 ,
438 1931 712 1985 ἀνάλωτον
764 1929 907 1984 κατά
940 1929 1102 1998 φύσιν
1148 1931 1412 1999 ὑπάρχειν
1444 1945 1739 1980 πεπιστευ-

184 2024 362 2091 μένον.
409 2024 520 2076 Καὶ
547 2023 625 2094 τῷ
653 2023 770 2092 Θεῷ
817 2021 1136 2092 καθίστησιν
1183 2021 1373 2074 ἑαυτὸν
1413 2022 1612 2090 ἀρετῆς
1655 2019 1741 2086 ἐξ·

183 2112 525 2184 εμπλάριον,
583 2113 631 2164 εξ
677 2111 836 2164 τοῦτο
870 2110 1027 2181 θέμις
1069 2113 1274 2173 εἰπεῖν,
1325 2111 1460 2181 πρὸς
1509 2111 1740 2180 μίμησιν

182 2203 374 2256 ἑαυτοῦ
409 2203 498 2256 τὸν
527 2202 802 2273 ἀμίμητον
848 2203 1022 2255 ἐλθεῖν
1049 2203 1496 2273 ἐγκελευόμενος,
1543 2203 1735 2264 λέγων’

180 2297 367 2362 ’Ἄφες
390 2293 534 2362 ἡμῖν
558 2296 630 2346 τὰ
675 2292 1040 2361 ὀφειλήματα
1081 2290 1249 2360 ἡμῶν
1273 2333 1288 2358 ,
1330 2293 1409 2357 ὡς
1436 2291 1533 2345 καὶ
1571 2292 1740 2362 ἡμεῖς

175 2384 430 2453 ἀφίεμεν
479 2386 602 2449 τοῖς
641 2382 974 2452 ὀφειλέταις
1009 2385 1211 2452 ἡμῶν*
1267 2384 1362 2437 καὶ
1419 2381 1530 2446 οἷος
1577 2385 1740 2447 αὐτὸς

177 2471 370 2539 γέγονε
392 2472 504 2534 τοῖς
529 2471 722 2532 πέλας,
753 2464 812 2522 οἷ
831 2470 1082 2538 γενέσθαι
1111 2471 1448 2542 παρακαλῶν
1475 2472 1563 2524 τὸν
1584 2471 1736 2524 Θεόν.

179 2563 247 2616 El
272 2561 382 2632 γάρ
407 2561 480 2624 ὡς
507 2561 668 2624 αὐτὸς
685 2563 864 2632 ἀφῆκε
891 2560 960 2614 τά
979 2561 1320 2632 ὀφειλήματα
1341 2565 1453 2626 τοῖς
1478 2563 1556 2624 εἰς
1580 2563 1741 2616 αὑτὸν

176 2655 562 2725 ἡμαρτηκόσι,
619 2651 869 2722 βούλεται
936 2655 1031 2706 καὶ
1082 2653 1232 2722 αὐτῷ
1274 2653 1539 2723 ἀφεθῆναι
1593 2651 1742 2722 παρὰ

176 2743 314 2799 Θεὸῦ
337 2785 352 2809 ,
386 2743 630 2816 δηλονότι
673 2741 861 2813 ὥσπερ
890 2743 918 2795 6
953 2742 1084 2806 Θεδς
1134 2741 1358 2804 ἀπαθῶς
1396 2743 1618 2813 ἀφίησιν
1663 2737 1742 2804 οἷς

178 2833 405 2902 ἀφίησιν
425 2871 440 2894 ,
469 2831 640 2894 οὕτως
681 2833 775 2884 καὶ¹
804 2832 964 2895 αὐτὸς
1003 2831 1218 2902 ἀπαθὴς
1246 2833 1338 2884 ἐπὶ
1364 2834 1476 2894 τοῖς
1507 2831 1740 2902 συμϐαί-

180 2942 330 2979 νουσι
381 2925 671 2995 διαμένων,
717 2925 910 2993 ἀφίησι
966 2927 1077 2988 τοῖς
1149 2925 1611 2994 πλημμελήσασι·
1645 2923 1743 3008 ,μὴ

1845 490 1965 529 esse
1993 477 2231 532 diximus
2252 479 2578 544 hodiernum
2607 481 2770 545 diem,
2799 483 3172 553 incorruptum
3204 488 3418 556 sapien—

1799 581 1806 590 ·
1845 567 1934 620 tite
1967 581 2193 636 panem,
2231 583 2261 622 a
2292 585 2401 638 quo
2435 585 2536 624 nos
2569 571 2730 640 primi
2767 575 3025 642 temporis
3061 581 3419 647 transgressio

1847 655 2103 720 exclusit,
2136 657 2400 712 orationis
2429 659 2685 730 suffragio
2715 663 2944 732 inquirit
2969 665 3052 736 (Jt
3077 669 3167 736 qui
3197 671 3416 726 unicam

1846 744 1990 798 hanc
2021 746 2354 815 voluptatem
2390 750 2630 813 noverit,
2657 767 2777 820 qum
2807 753 3116 810 divinorum
3155 774 3418 812 consecu-

1845 835 1991 888 tione
2033 837 2321 901 consistit;
2361 839 2518 908 cujus
2547 841 2767 908 quidem
2803 842 2996 898 dandre
3033 847 3174 900 Deus
3209 849 3415 902 arbiter

1843 933 2038 978 natura
2064 926 2311 993 exsistit;
2343 939 2528 984 custos
2557 940 2738 986 autem
2769 933 2946 988 libero
2970 936 3265 991 voluntatis
3289 954 3416 1008 pro-

1841 1015 2056 1083 posito,
2099 1015 2212 1086 ipse
2263 1027 2386 1083 est,
2427 1021 2522 1090 qui
2569 1023 2779 1091 accepit
2829 1041 2840 1076 :
2887 1025 3142 1094 huncque
3193 1028 3413 1082 unicum

1843 1103 2088 1159 dolerem
2141 1108 2440 1179 intelligat,
2481 1112 2626 1180 quod
2679 1121 2762 1167 est
2807 1112 2875 1166 iis
2920 1113 3204 1180 frustrari;
3261 1118 3414 1186 cujus

1842 1195 2026 1250 damni
2056 1207 2340 1268 suggestor
2365 1201 2584 1270 quidem
2615 1203 2866 1258 diabolus
2895 1214 3007 1270 est;
3039 1213 3234 1258 auctor
3257 1222 3416 1271 vero,

1842 1287 2094 1358 quisquis
2130 1305 2226 1358 per
2262 1291 2428 1344 animi
2467 1292 2766 1362 ignaviam,
2802 1310 2865 1350 ac
2905 1295 3192 1348 mollitiem
3231 1283 3416 1350 divina

1842 1379 2208 1432 consectando
2245 1378 2471 1450 fatiscit)
2516 1382 2566 1434 id
2607 1383 2952 1448 custodiens,
2989 1385 3257 1452 enixeque
3294 1401 3414 1440 ser-

1841 1484 1994 1534 vans,
2021 1470 2166 1540 quod
2197 1471 2363 1524 animi
2397 1471 2598 1526 affectu
2629 1473 3010 1528 charissimum
3043 1476 3222 1543 ducit;
3258 1479 3416 1548 cujus

1841 1561 2096 1616 voluntas
2128 1563 2262 1616 nulli
2299 1579 2554 1632 prorsus,
2591 1564 2654 1618 iis
2689 1580 2756 1618 ex
2788 1566 2952 1620 rebus
2983 1583 3102 1636 quae
3137 1570 3190 1621 in
3225 1571 3414 1624 oculos

1844 1651 2154 1716 incurrunt,
2181 1655 2478 1724 proclivior
2502 1656 2734 1722 hmreat;
2761 1658 2964 1727 quique
2994 1659 3132 1713 adeo
3163 1661 3235 1714 ita
3264 1677 3414 1716 com-

1841 1751 2064 1813 paratus
2102 1745 2196 1811 sit,
2229 1757 2289 1800 ut
2330 1747 2531 1815 quibus
2569 1763 2770 1816 corpus
2810 1750 3056 1804 molestis
3095 1749 3346 1816 afﬁcitur,
3380 1769 3412 1806 a

1839 1837 1974 1890 recti
2005 1837 2220 1891 tramite
2248 1837 2472 1890 minime
2501 1837 2830 1902 abducatur;
2863 1838 2909 1891 is
2936 1839 3094 1908 plane
3122 1841 3413 1910 tranquillo

1840 1927 2044 1992 animo,
2078 1927 2350 1996 nullisque
2390 1938 2709 1997 exasperato
2751 1927 3064 1991 affectibus,
3097 1929 3184 1994 iis,
3218 1932 3312 2000 qui
3357 1931 3412 1985 in

1840 2015 2016 2086 ipsum
2058 2026 2315 2086 peccant,
2353 2019 2610 2084 dimittit;
2657 2017 2801 2086 quod
2841 2034 3069 2088 nempe,
3107 2019 3252 2088 quod
3297 2020 3412 2090 ipse

1840 2105 2044 2161 donum
2101 2108 2376 2162 desiderio
2438 2108 2601 2173 colit,
2655 2123 2817 2162 nemo
2870 2123 3096 2178 prorsus
3159 2110 3411 2180 subigere

1840 2197 2032 2268 possit,
2065 2206 2276 2252 tantum
2311 2197 2445 2251 illud
2486 2214 2548 2252 ac
2583 2198 2708 2260 tale,
2739 2205 2800 2252 ut
2831 2197 2950 2267 ejus
2984 2199 3204 2252 omnino
3242 2202 3414 2256 robur

1844 2295 2037 2340 natura
2071 2285 2492 2356 inexpugnabile
2516 2287 2881 2341 existimetur.
2903 2287 3043 2353 Quin
3077 2305 3134 2342 se
3163 2287 3276 2358 ipse
3301 2291 3416 2346 Deo

1845 2375 2013 2448 (absit
2046 2376 2214 2430 verbo
2251 2377 2475 2446 invidia)
2509 2376 2730 2429 virtutis
2764 2377 3052 2430 constituit
3081 2379 3412 2448 exemplum,

1841 2469 1908 2522 ad
1936 2469 2018 2522 sui
2049 2467 2408 2522 imitationem
2453 2484 2600 2533 eum,
2620 2467 2712 2537 qui
2741 2469 2886 2522 omni
2913 2469 3085 2539 major
3109 2469 3414 2526 imitatione

1841 2567 1950 2621 est,
1981 2559 2132 2613 hisce
2167 2559 2352 2613 verbis
2387 2560 2742 2630 compellans,
2769 2561 3028 2630 velutque
3065 2561 3361 2617 adhortans
3395 2580 3412 2616 :

1842 2649 2060 2702 Dimitte
2103 2651 2244 2703 nobis
2279 2651 2449 2703 debita
2487 2649 2697 2717 nostra,
2731 2653 2864 2704 sicut
2897 2661 2945 2705 et
2980 2669 3072 2704 nos
3105 2652 3413 2707 dimittimus

1843 2739 2153 2794 debitoribus
2180 2742 2370 2794 nostris
2381 2757 2400 2805 ;
2433 2741 2592 2794 talem
2623 2741 2920 2796 obsecrans
2947 2742 3049 2796 sibi
3079 2741 3194 2797 fore
3219 2743 3410 2810 Deum,

1845 2829 2024 2898 qualis
2071 2829 2186 2898 ipse
2227 2831 2490 2900 proximis
2531 2831 2654 2884 fuit.
2687 2833 2821 2886 Nam
2863 2832 2909 2887 si
2947 2847 3008 2886 ea
3048 2833 3280 2900 ratione,
3307 2851 3414 2904 qua

1845 2921 1962 2990 ipse
1999 2921 2051 2974 in
2086 2937 2208 2974 eum
2243 2923 2599 2990 peccantibus
2621 2923 2847 2988 dimisit,
2875 2923 3044 2978 Deum
3069 2939 3285 2993 quoque
3311 2925 3412 2994 ipsi

181 3017 476 3086 συγχωρῶν
506 3017 696 3086 μνήμῃ
726 3013 845 3088 [Fin
881 3015 1123 3086 μνήμην]
1153 3015 1258 3068 τινὶ
1299 3015 1403 3068 τῶν
1427 3015 1741 3083 φθασάντων

1847 3011 2122 3065 dimittere
2179 3013 2363 3082 cupit;
2419 3011 2578 3082 plane
2634 3015 2777 3068 sicut
2819 3015 2964 3068 Deus
3013 3015 3217 3084 absque
3264 3014 3414 3070 omni

177 3107 437 3178 λυπηρῶν
479 3105 776 3160 τυποῦσθαι
825 3107 916 3160 τὸν
959 3106 1082 3160 νοῦν
1107 3147 1124 3172 ,
1167 3107 1254 3159 ἵνα
1296 3107 1370 3178 μὴ
1416 3106 1627 3176 τέμνων
1674 3108 1739 3176 τῇ

181 3197 374 3267 γνώμη
417 3197 515 3268 τὴν
550 3197 708 3267 φύσιν
739 3197 1047 3269 ἐλέγχηται,
1081 3198 1216 3268 πρός
1250 3215 1370 3251 τινα
1400 3197 1506 3250 τῶν
1536 3197 1742 3266 ἀνθρώ-

183 3305 300 3340 πων
335 3287 654 3356 διεστηκώς,
693 3288 974 3358 ἄνθρωπος
1013 3287 1108 3340 ὧν.
1157 3287 1316 3340 Οὕτω
1364 3287 1474 3359 γὰρ
1518 3287 1583 3341 ἂν
1614 3289 1742 3340 ἑνω·

183 3376 370 3446 θείῖης
423 3380 522 3446 τῆς
565 3377 789 3447 γνώμης
840 3377 918 3447 τῷ
968 3377 1113 3448 λόγῳ
1171 3380 1269 3448 τῆς
1303 3377 1538 3447 φύσεως,
1583 3378 1742 3450 ήτοῢ

183 3467 318 3520 θεοῦ
371 3468 505 3536 πρὸς
535 3467 633 3539 τὴν
661 3468 822 3537 φύσιν
849 3469 1162 3538 καταλλαγὴ
1207 3469 1448 3536 γίνεσθαι
1484 3471 1743 3540 πέφυκεν,

183 3560 266 3612 ὅτι
336 3547 472 3632 μήτε
502 3559 728 3616 δυνατὸν
769 3560 968 3633 ἑτέρως
1015 3561 1156 3616 κατὰ
1196 3561 1293 3633 τὴν
1337 3563 1561 3635 γνώμην
1608 3563 1745 3634 πρὲις

183 3651 381 3723 ἑαυτὴν
418 3654 814 3718 στασιάζουσαν
841 3653 939 3724 τὴν
976 3653 1159 3723 φύσιν,
1192 3655 1292 3725 τὴν
1323 3655 1477 3708 θείαν
1527 3657 1621 3709 καὶ
1652 3657 1746 3709 ἀν·-

183 3731 476 3810 εκλάλητον
525 3743 886 3807 ὑποδέξασθαι
954 3743 1384 3813 συγκαταϐασιν.
1419 3747 1528 3799 Καὶ
1580 3748 1742 3816 τυχὸν

181 3834 271 3886 διά
303 3833 462 3887 τοῦτο
503 3837 764 3908 πρότερον
809 3838 954 3906 ἡμᾶς
988 3835 1236 3906 βούλεται
1268 3838 1366 3900 τὰς
1411 3839 1546 3908 πρὸς
1581 3838 1742 3908 ἀλλή-

179 3925 308 3990 λους
349 3927 616 3979 ποιεῖσθαι
666 3929 1009 3996 καταλλαγάς
1046 3930 1074 3981 6
1111 3929 1276 3993 Θεὸς,
1330 3930 1426 4000 οὐχ
1475 3929 1561 3983 ἵνα
1614 3931 1741 4001 παρ’

179 4016 340 4088 ⁴ημῶν
375 4017 518 4087 μάθῃ
568 4019 1027 4072 καταλλάττεσθαι
1074 4021 1184 4082 τοῖς
1223 4021 1617 4090 ἁμαρτάνουσι,
1649 4021 1743 4073 καὶ

179 4107 290 4160 τῶν
340 4107 548 4160 πολλῶν
585 4109 887 4178 συγχωρεῖν
939 4113 1033 4163 καὶ⁴
1086 4109 1329 4183 φοϐερῶν
1382 4111 1742 4182 ἐγκλημάτων

177 4197 278 4270 τὴν
305 4197 532 4263 ἔκτισιν,
558 4199 676 4253 ἀλλ’
704 4201 790 4252 ἵνα
818 4203 962 4272 ἡμᾶς
990 4202 1209 4274 καθάρῃ
1233 4203 1442 4270 παθῶν,
1476 4205 1567 4257 καὶ
1595 4204 1742 4277 δείξῃ

177 4291 582 4363 συμϐαίνουσαν
611 4294 680 4362 τῇ
729 4293 909 4361 σχέσει
948 4295 1047 4362 τῆς
1079 4294 1298 4364 χάριτος
1344 4294 1441 4364 τὴν
1477 4292 1585 4346 τῶν
1615 4311 1744 4362 συγ-

1845 3101 2262 3170 perturbatione
2311 3103 2571 3168 dimittit,
2616 3104 2817 3173 quibus
2866 3103 3126 3168 dimittit,
3169 3104 3249 3160 sic
3299 3105 3415 3174 ipse

1846 3209 2062 3262 quoque
2090 3194 2142 3247 in
2172 3195 2238 3248 iis
2261 3211 2380 3264 qure
2409 3195 2682 3260 accidunt,
2710 3195 3142 3265 imperturbatus
3181 3211 3244 3251 ac
3271 3205 3418 3250 tran-

1845 3284 2026 3354 quillae
2063 3287 2260 3339 mentis
2294 3301 2542 3350 manens,
2577 3287 2722 3355 quod
2755 3287 2996 3341 oﬂensus
3028 3296 3130 3352 est,
3165 3287 3416 3352 dimittit,

1847 3371 2017 3424 nullis
2050 3387 2238 3425 eorum
2266 3389 2386 3442 quae
2417 3375 2593 3428 tristia
2625 3375 2680 3429 in
2711 3391 2836 3430 eum
2871 3379 3268 3446 praecesserunt
3294 3378 3415 3431 ani-

1845 3477 1994 3515 mum
2039 3463 2316 3517 informari
2357 3466 2572 3530 sinens,
2605 3467 2928 3535 nequando,
2961 3466 3056 3536 qui
3096 3455 3211 3537 ipse
3252 3467 3420 3522 homo

1845 3555 1936 3618 sit,
1957 3556 2043 3610 vel
2071 3556 2140 3609 ab
2166 3571 2275 3610 uno
2301 3557 2483 3626 aliquo
2513 3557 2794 3612 hominum
2821 3559 3112 3622 dissidens,
3136 3559 3418 3613 voluntate

1845 3645 2122 3716 animique
2158 3647 2431 3702 sententia
2466 3657 2716 3702 naturam
2752 3648 3002 3703 scindere
3037 3649 3414 3704 convincatur.

1843 3733 1934 3790 Sic
1973 3751 2208 3806 namque
2243 3739 2524 3792 voluntate
2565 3753 2690 3791 cum
2740 3747 2951 3792 natura:
2989 3739 3200 3792 ratione
3240 3737 3416 3804 unita,

1844 3836 2244 3896 comparatum,
2268 3837 2328 3880 ut
2360 3829 2456 3880 Dei
2493 3843 2617 3881 cum
2651 3835 2847 3880 natura
2873 3828 3248 3881 reconciliatio
3279 3843 3418 3896 pra:-

1844 3937 2040 3982 stctur.
2071 3929 2286 3997 Alioqui
2315 3929 2460 3983 enim
2493 3928 2718 3983 minime
2753 3929 2870 3982 ﬁeri
2905 3937 3110 3999 potest,
3141 3939 3201 3984 ut
3228 3930 3322 3984 Dei
3357 3945 3418 3986 se

1842 4019 2036 4084 nobis,
2083 4019 2250 4090 inque
2300 4019 2522 4074 modum
2566 4029 2814 4074 nostrum
2861 4019 3206 4083 inclinantis,
3248 4019 3420 4074 nullis

1844 4112 2033 4168 verbis
2080 4113 2461 4182 explicabilem
2507 4111 2666 4182 362
2713 4111 3082 4182 dignationem
3132 4110 3416 4180 suscipiat.

1843 4203 2012 4272 quue
2053 4202 2282 4257 forsitan
2333 4204 2386 4257 in
2433 4219 2596 4258 causa
2648 4203 2738 4267 sit,
2775 4218 2874 4256 cur
2917 4217 3016 4256 nos
3063 4201 3210 4270 ipsos
3247 4202 3416 4266 Deus,

1845 4293 2002 4362 prius
2029 4293 2167 4348 alios
2197 4293 2316 4348 aliis
2347 4295 2690 4350 reconciliari
2719 4294 2870 4360 velit,
2905 4309 2967 4372 ac
2997 4309 3118 4364 qua:
3149 4293 3290 4346 inter
3314 4307 3420 4346 nos

175 4381 542 4451 χωρουμένων
573 4381 810 4433 διάθεσιν
834 4381 932 4450 (7).
977 4381 1170 4450 Σαςῶς
1214 4383 1268 4435 δὲ
1315 4383 1622 4453 καθέστηκε
1649 4386 1740 4456 δῆ-

1847 4383 2154 4440 simultatcs
2179 4384 2384 4455 vigent,
2411 4385 2636 4440 omnino
2664 4401 3016 4456 componere,
3037 4401 3147 4440 non
3175 4393 3236 4440 ut
3259 4385 3416 4454 quasi

174 4472 287 4533 λον,
313 4473 395 4525 ὅτι
418 4475 514 4543 τῆς
539 4471 762 4542 γνώμης
793 4472 1086 4541 ὲνωθείσης
1114 4473 1189 4543 τῷ
1215 4473 1356 4544 λόγῳ
1379 4477 1476 4546 τῆς
1505 4475 1739 4542 φύσεως,

174 4565 539 4626 ἀστασίαστος
593 4562 750 4616 ἔσται
803 4562 938 4636 πρὸς
982 4564 1074 4616 τὸν
1129 4563 1260 4618 Θεὸν
1323 4569 1356 4635 ἡ
1435 4566 1542 4620 τῶν
1586 4567 1745 4622 τοῦτο

174 4654 620 4725 κατωρθωκότων
681 4655 1040 4726 προαίρεσις·
1101 4655 1260 4728 εἴπερ
1312 4657 1462 4710 οὐδὲν
1502 4661 1743 4728 πέφυκεν

173 4744 560 4816 ἐνθεωρεῖσθαι
592 4746 902 4816 παράλογον
947 4747 1026 4817 τῷ
1073 4746 1217 4818 λόγῳ
1253 4751 1351 4818 τῆς
1389 4749 1599 4816 φύσεως
1626 4794 1639 4816 ,
1684 4751 1744 4814 ὃς

171 4839 270 4890 καὶ
302 4837 464 4906 νόμος
505 4837 622 4889 ἐστὶ
653 4838 880 4906 φυσικός
926 4855 985 4890 τε
1031 4839 1124 4890 καὶ
1160 4837 1299 4902 θεῖος
1329 4838 1426 4911 (8),
1460 4841 1588 4894 ὅταν
1619 4841 1742 4895 καθ’

169 4929 366 4983 ἑαυτὸν
397 4930 795 5001 ἐνεργουμένην
823 4931 964 5004 λάϐῃ
993 4934 1090 5003 τῆς
1121 4931 1346 5002 γνώμης
1378 4933 1476 5004 τὴν
1505 4934 1740 5006 κίνησιν.

171 5022 237 5074 Ei
269 5021 325 5074 δὲ
359 5023 669 5091 παράλογον
711 5021 861 5074 οὐδέν
906 5023 1052 5075 ἐστιν
1086 5023 1142 5075 ἐν
1194 5022 1271 5092 τῷ
1325 5023 1472 5094 λόγῳ
1512 5026 1611 5094 τῆς
1641 5024 1742 5090 φύ-

176 5127 334 5174 σεως,
383 5111 605 5174 εἰκότως
637 5111 670 5181 ἡ
709 5110 900 5180 γνώμη
935 5113 1077 5164 κατά
1115 5111 1204 5164 τὸν
1242 5113 1397 5180 λόγον
1445 5116 1737 5184 κινουμένη

164 5203 270 5272 τῆς
305 5203 541 5271 φύσεως,
576 5201 980 5272 συμϐαίνουσαν
1006 5203 1116 5266 ἕξει
1159 5203 1247 5256 διά
1277 5203 1492 5258 πάντων
1520 5206 1595 5276 τῷ
1623 5205 1741 5276 Θεῷ

163 5297 272 5364 τὴν
301 5293 586 5364 ἐνέργειαν
614 5309 626 5322 ·
664 5291 786 5363 ἥτις
816 5293 932 5345 ἐστὶ
965 5291 1089 5363 [Fr.
1123 5293 1245 5364 ἦτις
1284 5292 1472 5366 ἔσται]
1502 5293 1742 5358 διάθεσις

164 5385 516 5456 ἔμπρακτος,
543 5387 608 5456 τῇ
638 5385 822 5456 χάριτι
852 5383 944 5437 τοῦ
972 5384 1132 5454 φύσει
1162 5385 1330 5438 καλοῦ
1370 5386 1506 5457 πρὸς
1538 5387 1740 5458 ἀρετῆς

161 5475 388 5545 γένεσιν
421 5495 486 5529 πε
495 5475 798 5547 ποιωμένη.

1843 4475 2019 4530 nostri
2053 4477 2319 4547 praeludio
2349 4477 2464 4547 ipse
2493 4477 2874 4548 peccatoribus
2907 4477 3247 4534 reconciliari
3285 4493 3418 4532 con-

1844 4563 2040 4629 discat,
2058 4567 2465 4636 multorumque
2485 4583 2548 4622 ac
2565 4568 2883 4622 immanium
2906 4569 3172 4624 scelerum
3197 4583 3418 4636 poenam

1845 4654 2192 4720 condonare;
2218 4655 2312 4709 sed
2343 4663 2402 4708 ut
2430 4672 2530 4710 nos
2559 4673 2588 4710 a
2621 4657 3136 4726 perturbationibus
3159 4657 3420 4726 vitiisque

1843 4746 2126 4809 emundet,
2161 4761 2484 4816 eorumque,
2514 4749 2717 4818 quibus
2745 4750 2901 4802 venia
2937 4749 3270 4819 indulgetur,
3298 4749 3424 4802 ani-

1844 4855 1994 4894 mum
2027 4840 2172 4894 haud
2202 4839 2502 4894 abhorrere
2527 4857 2556 4895 a
2586 4839 2993 4896 necessitudine
3021 4841 3206 4910 gratiae
3233 4850 3420 4894 osten—

1845 4931 1962 4984 dat.
1987 4931 2170 4984 Palam
2207 4933 2355 4984 enim
2391 4923 2740 5000 perspicuum
2773 4940 2879 4994 est,
2910 4933 3186 4985 voluntate
3223 4931 3420 4983 animi-

1846 5038 1954 5093 que
1993 5024 2268 5078 sententia
2311 5040 2436 5079 cum
2479 5033 2688 5078 naturae
2744 5023 2956 5078 ratione
3002 5023 3173 5084 unita,
3210 5021 3324 5074 fore
3357 5029 3422 5072 ut

1848 5125 2054 5196 quibus
2087 5125 2140 5180 id
2176 5125 2395 5180 demum
2431 5126 2720 5197 obtigerit,
2755 5125 2892 5178 nihil
2930 5139 2960 5177 a
2993 5123 3104 5178 Deo
3137 5122 3420 5176 voluntate

1847 5214 2156 5283 animisque
2189 5213 2521 5282 dissideant;
2555 5215 2757 5284 quippe
2787 5228 2910 5268 cum
2943 5213 3080 5266 nihil
3111 5211 3424 5264 abhorrens

1848 5320 1878 5358 a
1924 5305 2138 5360 ratione
2179 5314 2344 5375 atque
2383 5307 2654 5362 absonum
2696 5305 2749 5358 in
2795 5312 3005 5358 natura:
3045 5303 3160 5370 ipsa
3205 5301 3422 5354 ratione

1847 5395 2080 5463 intelligi
2109 5405 2302 5463 queat.
2328 5413 2448 5466 quae
2475 5405 2530 5452 et
2557 5397 2642 5450 lex
2678 5395 2940 5450 naturalis
2971 5403 3024 5448 et
3055 5392 3238 5446 divina
3270 5390 3420 5444 exsi—

1843 5493 1970 5550 stat,
2003 5500 2128 5540 cum
2166 5493 2372 5539 motum
2399 5487 2696 5542 voluntatis
2725 5503 2790 5540 ex
2819 5486 2932 5540 suis
2965 5485 3078 5552 ipsa
3107 5481 3420 5536 rationibus

159 5571 510 5638 exercitum,
555 5579 1094 5639 consentaneumque
1142 5573 1437 5644 acceperit.
1485 5575 1641 5642 Quod
1695 5579 1738 5633 si
1777 5579 1917 5633 nihil
1982 5579 2288 5634 abhorrens
2313 5596 2341 5634 a
2369 5581 2580 5636 ratione
2607 5589 2768 5650 atque
2829 5580 3094 5633 absonum
3125 5575 3176 5628 in
3207 5581 3422 5628 naturae

165 5665 390 5720 ratione
425 5663 664 5732 exsistit,
697 5664 896 5718 merito
963 5663 1216 5720 voluntas
1277 5681 1398 5738 qua:
1430 5681 1718 5727 moveatur
1748 5679 1811 5728 ut
1847 5679 2059 5728 natura:
2103 5671 2302 5728 rationi
2347 5681 2725 5744 comparatum
2773 5681 2888 5740 est,
2930 5668 3308 5740 operationem
3363 5667 3420 5722 in-
