3876 6314
501 303 607 367 903

1656 294 1714 352 s.
1755 275 2038 350 summ
2075 275 2579 349 coxrsssonis

3643 291 3752 356 ΞΜ

500 410 757 469 omnibus
818 408 929 462 Deo
955 399 1398 462 consentientem
1456 399 1716 464 habebit;
1782 398 2054 452 efﬁcacem
2120 397 2381 451 nimirum
2436 405 2598 465 alque
2646 394 2923 450 robustam
2977 395 3144 450 animi
3197 397 3592 463 all‘ectionem.
3642 405 3764 473 ejus

501 504 646 575 quod
677 510 872 556 natura
903 500 1108 554 bonum
1141 507 1225 552 est
1254 496 1426 567 gratia
1460 495 1753 557 imbutam,
1778 493 1845 545 ad
1881 491 2307 563 progignendam
2331 491 2616 544 virtutem.

573 595 662 648 Sic
692 593 860 662 igitur
891 592 945 644 in
977 590 1222 644 oratione
1255 588 1484 642 aﬂectus
1515 597 1619 653 est,
1645 589 1739 658 qui
1773 589 2073 658 spiritalem

2247 587 2404 640 Οὕτω
2437 587 2536 656 μὲν
2556 582 2670 653 οὖν,
2711 589 2739 640 ὀ
2769 589 2862 640 τὸν
2889 588 3190 656 γνωστικὸν
3229 590 3396 660 ἄρτον
3431 592 3614 644 αἰτῶν
3645 593 3759 647 es-

499 701 567 739 ac
594 683 877 752 sapientia:
901 696 1093 751 panem
1120 679 1291 748 petit;
1321 687 1447 747 post
1467 693 1632 748 quem
1657 679 1821 732 etiam
1847 678 1958 740 ille,
1981 677 2074 743 qui

503 776 574 828 ob
617 783 828 826 natura:
867 771 977 824 vim
1024 771 1253 840 ejusque
1299 767 1626 821 necessitate
1688 766 2074 836 quotidianum

502 865 769 918 duntaxat
816 873 1011 930 panem
1068 857 1190 927 (qui
1243 857 1453 910 scilicet
1499 855 1556 909 in
1607 855 1753 908 diem
1813 853 2076 923 suﬂiciat)

504 955 718 1026 quaerit,
745 951 1018 1007 consimili
1049 949 1214 1003 modo
1241 948 1539 1012 afﬁcietur;
1572 963 1767 1016 nempe
1795 947 2078 1000 dimittens

505 1046 854 1102 debitoribus
881 1043 1087 1104 debita,
1118 1051 1174 1095 ut
1203 1041 1296 1110 qui
1332 1054 1390 1093 se
1423 1048 1617 1092 natura
1649 1039 1932 1092 mortalem
1965 1051 2078 1090 non

507 1138 743 1200 nesciat;
774 1135 980 1203 quique
1006 1134 1116 1202 jam
1141 1130 1387 1200 quotidie
1411 1127 1557 1198 quod
1582 1137 1775 1181 natura
1798 1141 2081 1195 compara-

510 1236 625 1279 tum
666 1231 779 1287 est,
816 1235 929 1293 pne
973 1223 1095 1291 ejus
1138 1221 1380 1282 incerto,
1415 1226 1765 1288 exspectans,
1799 1217 2078 1271 voluntate

509 1329 672 1388 atque
690 1317 875 1371 animo
893 1315 1188 1369 antevertit
1203 1321 1477 1377 naturam,
1498 1317 1691 1381 sponte
1711 1311 1916 1364 mundo
1938 1327 2082 1364 mor-

513 1416 662 1471 tuus,
689 1406 766 1459 uti
800 1405 988 1460 divino
1019 1418 1338 1472 expressum
1374 1402 1597 1456 oraculo
1629 1411 1752 1460 est;
1787 1401 2008 1472 Propter
2031 1412 2080 1456 te

511 1497 892 1565 mortiﬁcamur
929 1504 1036 1548 tota
1074 1496 1157 1548 die
1181 1494 1257 1559 ⁹⁶;
1295 1495 1541 1547 animati
1579 1510 1759 1548 sumus
1794 1495 1926 1552 sicut
1963 1510 2081 1547 oue:

511 1589 780 1642 occisionis
804 1587 879 1652 ³¹;
911 1587 1115 1655 quique
1143 1585 1281 1639 adeo
1309 1584 1481 1637 amice
1510 1584 1765 1638 omnibus
1796 1585 2080 1638 consocie-

514 1690 622 1743 tur,
652 1695 718 1733 ne
745 1693 908 1748 quam
939 1677 1105 1746 hujus
1136 1675 1322 1730 saeculi
1358 1675 1641 1744 pravitatis
1674 1682 1858 1728 notam
1893 1689 2081 1728 secum

511 1771 728 1833 inferat,
753 1784 877 1824 cum
908 1767 974 1821 ad
1009 1767 1157 1820 illam
1186 1766 1321 1820 senii
1352 1773 1630 1834 expertem
1656 1765 1823 1818 vitam
1855 1764 2082 1818 commi-

512 1861 777 1929 grandum
801 1859 939 1924 erit;
967 1873 1262 1927 paremque
1293 1857 1419 1912 inde
1447 1858 1516 1912 ab
1541 1857 1782 1912 omnium
1803 1857 1994 1911 Iudice
2019 1871 2084 1911 ac

514 1953 822 2013 Salvatore,
849 1964 951 2018 pro
987 1964 1054 2002 eo
1083 1949 1229 2018 quod
1257 1949 1367 2002 vita
1403 1949 1505 2003 hac
1539 1949 1743 2002 abusus
1771 1956 1885 2011 est,
1909 1948 2084 2002 vicem

517 2041 764 2110 recipiat.
792 2039 1048 2108 Utrisque
1080 2053 1314 2108 namque
1343 2054 1408 2092 ex
1441 2054 1631 2093 eorum
1666 2038 1992 2101 rationibus,
2021 2052 2086 2091 ac

515 2131 662 2201 quod
703 2130 977 2186 conducat
1019 2129 1325 2183 necessaria
1369 2138 1482 2193 est,
1517 2127 1720 2182 munda
1763 2128 1820 2181 in
1860 2142 1957 2182 eos
1989 2124 2085 2196 qui

514 2223 729 2294 injuria:
744 2222 952 2291 aliquid
970 2221 1222 2285 fecerint,
1236 2221 1400 2274 animi
1418 2220 1669 2286 affectio;
1694 2234 1818 2274 cum
1841 2218 2086 2273 omnium

515 2315 708 2385 gratia,
728 2322 844 2369 tum
872 2314 1105 2368 maxime
1131 2312 1204 2367 ob
1227 2313 1560 2382 reliquarum
1589 2311 1645 2366 in
1668 2309 1933 2365 orationis
1956 2325 2088 2364 con-

513 2415 666 2462 textu
699 2405 1093 2461 sententiarum
1125 2404 1268 2468 vim,
1293 2418 1416 2473 qua:
1447 2404 1563 2472 ipsa
1595 2403 1650 2456 in
1683 2403 1832 2457 hunc
1861 2403 2086 2456 modum

517 2514 574 2553 se
600 2497 765 2552 habet
793 2514 806 2550 :

585 2589 743 2661 363
777 2585 847 2643 Et
874 2605 939 2642 ne
966 2604 1059 2643 nos
1087 2587 1284 2658 inferas
1311 2588 1366 2641 in
1395 2589 1766 2653 tentationem;
1797 2587 1889 2642 sed
1921 2586 2086 2642 libera

519 2696 610 2735 nos
641 2699 673 2734 a
701 2679 861 2734 malo.

587 2768 683 2824 His
717 2769 864 2824 enim
903 2767 1185 2838 Scriptura
1220 2767 1525 2839 signiﬁcat,
1563 2768 1677 2824 fore
1722 2779 1784 2824 ut
1819 2770 1925 2826 nisi
1963 2771 2088 2841 quis

517 2861 618 2923 iis.
661 2877 692 2915 a
739 2861 941 2930 quibus
981 2859 1204 2915 offensa:
1246 2859 1452 2930 aliquid
1504 2861 1806 2930 acceperit,
1846 2861 2088 2931 perfecte

520 2952 816 3022 indulgeat,
844 2951 1215 3021 mundumque
1244 2967 1275 3005 a
1301 2967 1527 3007 raneore
1553 2952 1820 3015 animum,
1845 2952 2120 3007 reconci-.

519 3041 763 3097 iiationis
791 3059 914 3097 cum
942 3042 1190 3112 proximo
1218 3043 1340 3096 luce
1368 3043 1770 3112 praenitentem,
1797 3043 1906 3098 Deo
1937 3043 2091 3098 exhi-

518 3133 667 3195 beat,
694 3149 723 3186 a
755 3134 1020 3187 bonorum
1050 3148 1172 3201 quae
1194 3141 1415 3201 ex0ptat
1437 3132 1686 3202 votisque
1715 3132 2085 3203 prosequitur,

2176 694 2356 730 κειται
2387 679 2840 748 προσευχόμενος,
2872 680 2991 747 μεθ’
3017 679 3077 731 ὃν
3119 683 3372 742 κακεῖνος
3409 685 3440 735 ὀ
3473 684 3646 746 μόνον
3672 686 3760 737 tia

2176 769 2455 838 ἐφήμερον
2484 769 2647 839 ἄρτον
2669 769 2943 839 ἐπιζητῶν
2970 771 3058 822 διὰ
3085 771 3185 840 τὴν
3214 771 3337 838 βίαν
3369 776 3473 843 τῆς
3512 780 3758 841 giae-sing.

2175 860 2318 912 κατὰ
2370 858 2464 912 τδν
2516 861 2675 912 αὑτὸν
2715 860 3089 932 διατεθήσεται
3138 864 3373 932 τρόπον·
3423 868 3596 931 (iga;
3649 871 3756 931 τοῖς

2175 949 2481 1017 ὀφειλέταις
2519 952 2588 1005 τὰ
2632 951 3010 1022 ὀφειλήματα,
3043 947 3131 1006 οἷα
3163 953 3228 1022 δὴ
3259 955 3458 1020 γνοὺς,
3500 958 3586 1008 ὅτι
3622 961 3756 1010 κατὰ

2177 1038 2341 1108 φύσιν
2389 1041 2625 1110 ὑπάρχει
2682 1041 2910 1112 θνητὸς,
2954 1043 3047 1094 καὶ
3098 1043 3284 1096 λοιπὸν
3332 1046 3459 1099 καθ’
3517 1048 3754 1116 ἑκάστην

2179 1132 2395 1203 ἡμέραν
2442 1133 2531 1185 διὰ
2566 1132 2665 1202 τὴν
2713 1133 2936 1204 άδηλίαν
2962 1134 3023 1186 τὸ
3054 1135 3213 1203 φύσει
3253 1139 3510 1204 πεφυκὸς
3542 1140 3748 1210 ἐκδεχὸ-

2182 1240 2376 1293 μενος,
2424 1223 2801 1294 προλαμϐάνει
2840 1224 2942 1295 τὴν
2985 1224 3148 1293 φῦσιν
3178 1227 3321 1278 κατὰ
3349 1228 3451 1296 τὴν
3488 1228 3722 1298 γνώμην
3743 1247 3754 1256 ·

2181 1315 2500 1386 αὐθαίρετος
2523 1317 2715 1385 νεκρὸς
2745 1316 2883 1386 πρὸς
2913 1317 3005 1370 τὸν
3030 1317 3234 1387 κόσμον
3273 1319 3596 1388 γινόμενος,
3624 1323 3758 1372 κατά

2177 1409 2240 1462 τὺ
2275 1408 2482 1478 φάσκον
2534 1407 2734 1476 λόγιον,
2790 1409 2870 1461 ὅτι
2906 1409 3154 1462 Ἕνεκεν
3191 1410 3310 1464 σοῦ
3344 1414 3759 1479 θανατούμεθα

2179 1499 2337 1568 ὅλην
2401 1499 2518 1567 τὴν
2564 1499 2792 1569 ἡμέραν
2820 1517 2834 1530 ’
2897 1502 3300 1572 ἐλογίσθημεν
3353 1503 3442 1570 ὡς
3495 1507 3757 1568 πρόϐατα

2180 1590 2458 1660 σφαγῆςο
2507 1593 2601 1646 καὶ
2641 1591 2731 1645 διά
2777 1594 2936 1646 τοῦτο
2982 1594 3342 1665 σπενδόμενος
3393 1596 3650 1658 ἅπασιν,
3680 1597 3758 1649 ἵνα

2185 1669 2352 1752 μηδὲν
2375 1682 2552 1752 ἑαυτῷ
2575 1684 3067 1754 συνεπικομίζηται
3097 1685 3393 1755 γνώρισμα
3433 1689 3542 1757 τῆς
3571 1686 3763 1757 9.9161;-

2185 1775 2304 1844 ρίας
2332 1773 2426 1826 τοῦ
2451 1773 2546 1825 νῦν
2577 1773 2794 1837 αἰῶνος,
2821 1775 2958 1844 πρὸς
2981 1775 3082 1846 τὴν
3103 1777 3298 1846 ἀγήρω
3325 1777 3480 1848 ζωὴν
3510 1779 3764 1846 μεθιστά-

2189 1880 2349 1932 μενος
2375 1879 2390 1892 ο
2421 1865 2514 1915 καί
2545 1862 2686 1935 λάϐῃ
2714 1866 2865 1932 παρὰ
2890 1864 2985 1917 τοῦ
3015 1863 3205 1935 κριτοῦ
3234 1867 3333 1919 καὶ
3362 1867 3634 1937 Σωτῆῳς
3663 1867 3762 1918 τῶν

2116 1933 2158 1988 Β
2184 1953 2342 2011 ὅλων.
2375 1946 2451 2006 ὧν
2489 1933 2722 2007 ἐνταῦθα
2758 1933 3105 2026 προκέχρηκε
3146 1955 3244 2026 τὴν
3298 1958 3431 2027 ῐσην
3469 1933 3761 2012 ἀντίδοσιν.

2199 2043 2498 2112 Ἀναγκαία
2519 2043 2628 2114 γὰρ
2660 2044 2990 2116 ἀμφοτέροις
3035 2045 3171 2114 πρὸς
3224 2046 3327 2117 τὴν
3372 2047 3539 2116 σφῶν
3594 2050 3762 2103 αὐτῶν

2185 2134 2524 2188 λυσιτέλειαν
2552 2136 2893 2207 καθέστηκεν
2935 2137 2968 2206 ή
3008 2135 3227 2208 καθαρά
3266 2138 3411 2208 πρὸς
3441 2140 3755 2203 τοὺς-,λελυ-

2187 2225 2435 2296 πηκότας
2466 2225 2706 2290 διάθεσις
2734 2244 2748 2256 ·
2788 2225 3008 2280 πάντων
3042 2229 3140 2298 μὲν
3182 2228 3377 2282 ἕνεκεν
3399 2268 3420 2294 ,
3449 2229 3753 2298 miltiam;

2185 2315 2244 2369 δὲ
2267 2315 2357 2369 διά
2382 2315 2494 2368 τῶν
2527 2315 2864 2386 λειπομένων
2887 2317 3070 2388 ῥητῶν
3100 2317 3353 2390 δύναμιν,
3385 2318 3594 2372 τοῦτον
3621 2318 3762 2388 ἕχον-

2189 2419 2290 2458 σαν
2317 2405 2411 2459 τὸν
2440 2404 2661 2476 τρόπον,

2255 2582 2364 2635 Καὶ
2405 2579 2493 2651 μὴ
2542 2579 2889 2650 εἰσενέγκῃς
2912 2578 3067 2651 ἡμᾶς
3088 2583 3173 2648 εις
3195 2585 3566 2651 πειρασμὸν,
3617 2584 3762 2638 ἁ.υὰ

2179 2671 2367 2742 ῥῦσαι
2393 2672 2551 2742 ἡμᾶς
2573 2674 2692 2729 ἀπὸ
2718 2673 2824 2728 τοῦ
2845 2674 3131 2741 πονηροῦ.

2256 2766 2418 2836 Δηλοϊ
2443 2765 2553 2840 γὰρ
2584 2767 2643 2820 ὲν
2667 2766 2876 2830 τούτοις
2905 2767 2934 2818 ὀ
2958 2767 3112 2834 λόγος
3130 2804 3145 2828 ,
3200 2765 3276 2830 ὡς
3302 2769 3330 2820 ὀ
3361 2768 3444 2838 μὴ
3480 2772 3760 2840 συγχωρή-

2188 2875 2289 2922 σας
2310 2858 2532 2923 τελείως
2560 2860 2674 2922 τοῖς
2703 2859 2977 2924 πταίουσι,
3005 2859 3100 2911 καὶ
3123 2857 3370 2929 καθαράν
3396 2859 3589 2929 λύπης
3605 2879 3762 2931 παρα-

2189 2951 2396 3021 στήσας
2456 2950 2532 3021 τῷ
2577 2949 2696 3020 Θεῷ
2755 2951 2855 3020 τὴν
2910 2951 3133 3021 καρδίαν
3162 2991 3178 3016 ,
3221 2933 3236 2948 ’
3259 2950 3762 3023 λελάμπρυσμένην

2185 3041 2266 3112 τῷ
2319 3041 2459 3110 φωτὶ
2507 3043 2608 3112 τῆς
2644 3039 2779 3112 πρὸς
2806 3041 2896 3094 τδν
2923 3041 3089 3105 πέλας
3113 3039 3496 3110 καταλλαγῆς,
3530 3044 3635 3112 τῆς
3667 3043 3763 3093 =th

2188 3134 2476 3204 ηὑγμένων
2523 3132 2704 3186 καλῶν
2737 3132 3090 3198 ἀποτεύξεται
3112 3132 3332 3202 χάριτος
3351 3148 3365 3162 ο
3422 3134 3522 3186 καὶ
3551 3134 3635 3203 τῷ
3662 3151 3765 3186 τει-

518 3225 692 3297 gvatia
727 3225 969 3288 excidat;
999 3224 1258 3294 justeque
1285 3222 1497 3293 judicio
1530 3224 1815 3278 tentationi
1849 3239 1914 3277 ac
1945 3224 2089 3278 malo

2195 3222 2386 3296 ρασμῷ
2406 3263 2423 3288 ,
2482 3224 2576 3277 καὶ
2620 3222 2697 3294 τῷ
2727 3222 2950 3294 πονηρῷ
2995 3224 3137 3276 κατὰ
3161 3222 3380 3276 δικαίαν
3409 3224 3763 3294 ὲκδοθήσεται

516 3317 790 3372 obnoxius
827 3315 946 3379 fiat,
978 3325 1043 3369 ut
1075 3314 1290 3369 scilicet
1319 3315 1608 3369 emundari
1643 3314 1858 3370 delictis
1889 3313 2088 3369 docea-

525 3422 631 3471 tur,
664 3423 694 3460 a
729 3421 786 3460 se
821 3407 1106 3474 amputans
1131 3419 1202 3458 ac
1232 3403 1527 3468 amoliens,
1555 3403 1698 3472 quod
1733 3404 1871 3458 alios
1902 3403 2090 3458 crimi-

524 3509 701 3552 natur.
725 3495 1106 3550 Tentationem
1131 3503 1313 3549 autem
1341 3493 1433 3549 hic
1456 3503 1616 3548 vocat
1660 3493 1867 3562 peccati
1895 3494 2090 3563 legem,

523 3603 554 3642 a
585 3603 692 3656 qua
726 3586 987 3640 immunis
1019 3585 1202 3639 editus
1239 3585 1454 3654 primus
1486 3599 1706 3654 parens.
1736 3584 1932 3638 Malum
1962 3599 2094 3639 vero

523 3675 685 3740 dicit,
727 3690 924 3745 nempe
965 3674 1281 3738 diabolum,
1325 3688 1425 3744 per
1469 3689 1633 3743 quem
1681 3673 1799 3728 huic
1844 3674 2095 3730 humanae

523 3775 730 3821 natura:
767 3765 1012 3830 inolevit,
1043 3779 1108 3820 ac
1135 3779 1246 3834 quo
1271 3773 1495 3818 auctore
1527 3763 1788 3819 seductus
1819 3764 2003 3828 homo,
2035 3773 2096 3818 ut

524 3856 593 3911 ab
626 3870 693 3910 eo
721 3854 866 3924 quod
898 3854 950 3909 ei
983 3869 1308 3909 concessum
1351 3863 1500 3919 erat,
1533 3853 1602 3908 ad
1637 3853 1692 3908 id
1726 3869 1836 3923 quo
1869 3853 1944 3908 illi
1977 3862 2096 3908 erat

524 3948 873 4005 interdictum
917 3947 1084 4001 animi
1136 3945 1494 4022 cupiditatem
1544 3945 1894 4010 transferret,
1927 3955 1984 4010 et
2025 3945 2095 3998 ad

522 4039 761 4094 mandati
787 4039 1248 4109 trangressionem
1267 4047 1608 4101 verteretur;
1633 4051 1740 4104 qua
1766 4036 2092 4100 temeritate,

521 4121 662 4201 ejus,
697 4145 858 4200 quam
900 4145 999 4199 per
1036 4129 1265 4200 gratiam
1309 4142 1624 4184 concessam
1667 4134 1973 4196 acceperat,
2009 4127 2095 4181 in-

523 4220 896 4291 torruptionis
919 4221 1192 4290 jacturam
1220 4219 1370 4274 fecit.

592 4327 702 4378 Aut
725 4336 944 4385 rursus,
977 4322 1330 4376 tentationem
1362 4320 1584 4390 quidem
1619 4319 1862 4390 appellat
1907 4320 2100 4375 volun-

527 4412 727 4465 tarium
759 4409 930 4464 animi
969 4409 1024 4462 in
1059 4410 1242 4463 carnis
1280 4410 1562 4478 passiones
1593 4419 1761 4479 atque
1795 4411 1925 4464 vitia
1961 4427 2096 4466 con-

521 4517 782 4566 sensum;
817 4500 1019 4553 malum
1047 4514 1198 4563 vero,
1230 4500 1450 4552 modum
1478 4514 1592 4568 quo
1617 4500 1814 4555 vitiosa
1845 4500 2099 4555 libidino-

2190 3315 2414 3384 κρίσιν·
2491 3315 2579 3368 ἵνα
2629 3313 2776 3386 μάθῃ
2827 3313 3180 3382 καθαίρεσθαι
3223 3314 3613 3386 πλημμελῶν,
3674 3318 3764 3377 τὰς

2191 3407 2310 3458 κατ’
2346 3404 2520 3459 ἄλλων
2570 3405 2766 3460 ἑαυτοῦ
2812 3405 3034 3476 μομφὰς
3077 3406 3503 3476 ἀφαιρούμενος.
3562 3409 3762 3480 “etpu-

2193 3497 2330 3567 σμὸν
2381 3497 2439 3550 δὲ
2467 3496 2615 3564 λέγει
2642 3496 2737 3551 νῦν
2771 3497 2863 3550 τὸν
2892 3500 2990 3568 τῆς
3019 3497 3290 3570 ἁμαρτίας
3316 3500 3487 3567 νόμον
3509 3515 3526 3531 ·
3585 3500 3650 3552 ὃν
3673 3501 3764 3552 οὐκ

2192 3588 2330 3658 ἔχων
2368 3589 2399 3642 ὀ
2440 3587 2656 3660 πρῶτος
2684 3588 2968 3659 ἄνθρωπος
2995 3583 3155 3658 ἦλθεν
3183 3590 3266 3652 εἰς
3286 3589 3506 3657 γένεσιν
3525 3607 3540 3622 ο
3599 3607 3760 3659 πονη-

2197 3677 2287 3747 ρὸν
2314 3675 2371 3728 δὲ
2399 3715 2415 3740 ,
2449 3677 2541 3729 τὸν
2565 3675 2750 3730 τοῦτον
2779 3677 3100 3746 ὲμφύραντα
3127 3678 3191 3746 τῇ
3224 3675 3386 3744 φύσει
3415 3675 3529 3728 τῶν
3557 3674 3762 3744 ἀνθρὼ-

2193 3785 2310 3821 πων
2339 3766 2582 3821 διάϐολον
2604 3806 2620 3831 ,
2684 3767 2780 3820 καὶ
2818 3767 3081 3820 πείσαντα
3109 3765 3176 3818 δι’
3193 3767 3407 3834 ἀπάτης
3439 3766 3535 3820 τὸν
3561 3766 3761 3836 ἂνθρωο

2193 3875 2316 3923 πον,
2348 3858 2457 3912 άπὸ
2483 3857 2576 3911 τοῦ
2613 3857 3103 3928 συγκεχωρημένον
3132 3857 3270 3926 πρὸς
3295 3855 3358 3908 τὸ
3384 3856 3759 3926 κεκωλυμένον

2192 3950 2294 4019 τῆς
2337 3949 2516 4020 ψυχῆς
2567 3949 2889 4020 μετενέγκαι
2937 3948 3036 4019 τὴν
3081 3947 3300 4018 ἔφεσιν,
3362 3949 3461 4001 καὶ
3503 3950 3643 4018 προς
3673 3950 3759 4017 τὴν

2195 4043 2294 4110 τῆς
2342 4040 2493 4104 θείας
2555 4040 2774 4111 ἐντολῆς
2805 4023 3079 4111 τραπῆναι
3111 4039 3462 4108 παράϐασιν
3523 4037 3593 4110 ἧς
3615 4041 3756 4110 ἔργα

2195 4131 2418 4200 γέγονεν
2470 4132 2504 4202 ἦ
2579 4132 2682 4202 τῆς
2743 4131 2988 4203 δοθείσης
3039 4132 3182 4186 κατὰ
3236 4131 3400 4203 χάριν
3461 4132 3756 4202 ἀφθαρσίας

2195 4223 2472 4284 ἀπόθεσις.

2269 4313 2340 4366 Ἣ
2370 4311 2566 4375 πάλιν,
2625 4310 2930 4382 πειρασμὸν
2977 4309 3074 4381 μέν
3117 4326 3251 4381 φησι
3313 4310 3418 4382 τὴν
3448 4311 3555 4382 τῆς
3603 4311 3750 4381 ψυχῆς

2197 4405 2444 4458 ἑκούσιον
2503 4402 2640 4472 πρὸς
2684 4403 2755 4457 τά
2801 4403 2948 4473 πάθη
2999 4404 3098 4473 τῆς
3145 4403 3345 4472 σαρκὸς
3398 4406 3749 4458 συνδιάθεσιτ·

2198 4495 2433 4566 πονηρὸν
2473 4494 2528 4548 δὲ
2549 4535 2565 4559 ,
2624 4495 2715 4549 τὸν
2745 4497 2862 4548 κατ’
2883 4495 3164 4566 ἐνέργειαν
3186 4495 3648 4566 συμπληρωτικὸν
3672 4495 3749 4561 τῆς

524 4607 696 4662 saque
739 4590 960 4646 affectio
1003 4605 1098 4644 seu
1137 4588 1423 4658 dispositio
1467 4590 1521 4642 in
1565 4598 1690 4644 actu
1735 4590 2042 4660 completur
2083 4608 2089 4643 :

2204 4585 2486 4657 ἑμπαθοῦς
2527 4585 2821 4650 διαθέσεως
2861 4586 3094 4656 τρόπον’
3156 4579 3230 4639 ὧν
3271 4586 3487 4650 οὐδενος
3521 4588 3750 4644 ὀδίκαιις

526 4693 831 4752 matreque
856 4682 1050 4735 horum
1082 4679 1412 4737 liberabitur
1431 4679 1563 4751 justi
1585 4680 1786 4750 judicis
1808 4683 2098 4748 sententia,

523 4773 623 4842 qui
662 4787 772 4825 non
813 4770 1087 4825 dimiserit
1125 4768 1471 4824 debitoribus
1517 4769 1728 4836 debita;
1773 4771 1988 4825 tametsi
2032 4771 2099 4837 is,

527 4862 678 4916 nudo
710 4861 861 4916 vocis
894 4876 1028 4916 sono
1068 4861 1123 4915 in
1162 4860 1410 4915 oratione
1445 4860 1499 4915 id
1533 4860 1791 4932 elllagitet
1826 4879 1838 4914 :
1875 4862 2008 4932 quin
2044 4870 2102 4917 et

525 4969 654 5008 eum
701 4954 796 5024 qui
843 4969 909 5008 ea
956 4953 1027 5008 sit
1073 4951 1288 5018 indole,
1329 4953 1538 5022 peccati
1588 4954 1705 5024 lege
1754 4953 2100 5023 coinquinari

529 5044 704 5111 sinet,
735 5062 800 5099 ac
844 5045 940 5114 qui
984 5044 1157 5098 durus
1200 5043 1385 5098 animo
1432 5045 1505 5098 sit
1539 5045 1796 5114 justoque
1839 5044 2096 5113 rigidior,

531 5137 672 5189 man
711 5133 1130 5203 mancipandum
1165 5132 1409 5199 deseret;
1443 5133 1537 5202 qui
1573 5145 1768 5202 nempe
1807 5131 2098 5200 perturba-

533 5230 741 5284 tionum
787 5228 1011 5296 probra,
1043 5236 1226 5281 satore
1261 5225 1499 5289 diabolo,
1527 5234 1738 5279 natura:
1775 5223 2096 5294 praetulerit,

530 5322 689 5391 cujus
734 5321 878 5374 Deus
926 5318 1180 5373 conditor
1226 5325 1330 5372 est.
1372 5316 1441 5370 At
1491 5331 1670 5385 neque
1722 5314 1902 5369 carnis
1953 5315 2098 5368 ultro

531 5410 856 5465 libidinibus
879 5409 1137 5479 vitiisque
1164 5422 1284 5463 sese
1307 5407 1508 5462 dedere
1535 5406 1871 5477 prohibebit,
1896 5421 1998 5459 nec
2028 5405 2097 5458 ab

532 5503 648 5572 ejus
693 5500 1066 5571 dispositionis
1118 5499 1281 5553 modo
1329 5498 1596 5563 redimet,
1639 5513 1749 5567 quo
1803 5496 1919 5552 lucc
1969 5505 2094 5550 actu

605 5675 651 5709 ⁸⁸
674 5676 813 5731 Psal.
845 5692 990 5742 xun,
1016 5678 1107 5733 22.
1186 5679 1230 5710 "
1257 5677 1416 5730 Rom.
1442 5691 1556 5740 vm,
1584 5674 1674 5728 56.

2205 4676 2501 4748 ἐξαιρεῖται
2550 4677 2762 4748 κριτὴς,
2813 4677 2905 4730 τὸν
2955 4677 3030 4747 μὴ
3065 4679 3176 4740 τοῖς
3207 4677 3523 4744 ὀφειλέταις
3551 4680 3751 4747 ἀφιέντι

2200 4767 2272 4820 τά
2297 4766 2636 4838 ὀφειλήματα
2655 4782 2670 4796 ·
2719 4765 2819 4820 κᾶν
2846 4765 3006 4819 τοῦτο
3026 4766 3197 4836 ψιλῶς
3219 4767 3307 4820 διὰ
3335 4768 3436 4837 τῆς
3467 4769 3747 4840 προσευχῆς

2204 4857 2516 4927 ὲξαιτῆταιο
2577 4856 2714 4909 ἀλλὰ
2758 4857 2851 4910 καὶ
2898 4856 2977 4927 τῷ
3017 4857 3166 4928 νόμῳ
3209 4861 3307 4928 τῆς
3336 4859 3619 4929 ἁμαρτίας
3643 4874 3750 4923 ευτ’

2205 4951 2376 5019 χωρεῖ
2403 4947 2721 5018 μολύνεσθαι
2753 4947 2843 5001 τὸν
2865 4947 3125 5011 τοιοῦτον,
3161 4949 3253 5001 καὶ
3281 4949 3389 5001 ὑπὸ
3415 4949 3511 5002 τοῦ
3539 4946 3750 5017 πονηροῦ

2205 5038 2552 5110 κυριεύεσθαι
2585 5038 2676 5092 τὸν
2711 5039 2948 5109 σκληρὸν
2991 5039 3084 5092 καὶ
3117 5039 3396 5106 ἀπότομον
3427 5043 3527 5111 τὴν
3555 5040 3748 5109 γνώμῃ

2204 5130 2704 5200 ἐγκαταλιμπάνει·
2763 5125 2850 5184 οἷα
2891 5129 2958 5202 δὴ
3009 5131 3077 5184 τὰ
3118 5131 3263 5201 πάθη
3312 5131 3416 5201 τῆς
3448 5134 3666 5203 anuis;
3692 5124 3750 5183 ἄν

2207 5220 2443 5292 σπορεύς
2475 5221 2623 5274 ἔστιν
2653 5224 2681 5274 ὁ
2709 5220 2952 5284 διάϐολος
2973 5261 2991 5286 ,
3048 5223 3495 5293 προτετιμηκότα
3537 5224 3636 5292 τῆς
3668 5221 3749 5290 είς

2205 5329 2361 5376 σεως,
2397 5307 2462 5382 ἦς
2493 5312 2608 5364 ἐστι
2639 5311 2966 5382 δημιουργὸς
2997 5315 3026 5365 ό
3049 5311 3199 5376 Θεός.
3237 5315 3348 5367 Και
3378 5315 3492 5387 μὴν
3519 5317 3618 5368 καὶ
3643 5315 3751 5384 πρὶς

2201 5404 2268 5458 τὰ
2290 5403 2435 5474 πάθη
2466 5403 2566 5472 τῆς
2587 5404 2785 5473 σαρκὸς
2807 5405 3068 5469 ἑκουσίως
3093 5406 3571 5477 συνδιατώέμενον
3589 5409 3649 5460 οὗ
3669 5424 3751 5458 xv-

2201 5495 2339 5560 λύει,
2391 5495 2482 5548 καὶ
2513 5493 2607 5550 τοό
2633 5494 2752 5547 κατ’
2772 5495 3053 5565 ἐνέργειαν
3081 5498 3546 5569 συμπληρωτικοῦ
3575 5499 3751 5570 spor»
