3876 6314
139 269 247 333 905

1104 282 1505 345 EXPOSITIO
1542 285 1954 349 ORATIONIS
1992 288 2411 353 DOMINIC/E.

3279 302 3389 369 906

134 381 237 449 τῆς
292 379 411 431 κατ’
445 378 585 433 αὐτὰ
625 380 916 449 διαθέσεως
948 387 1009 441 οὐ
1040 388 1330 460 λυτροῦται
1350 408 1363 420 ·
1418 395 1499 446 ὅτι
1531 392 1705 447 παθιῖη

1821 397 2230 468 compleantur;
2253 402 2399 471 quod
2416 401 2678 458 nimirum
2697 405 3209 474 perturbationibus
3224 414 3393 471 vitiis-

134 472 524 524 ἁνυποστάτων
587 473 808 544 ἤττονα⁸
840 480 941 550 τὴν
994 481 1156 549 φύσιν
1204 485 1551 555 ἡγησάμενος
1575 480 1617 551 ,“
1650 488 1705 557 τὶ

1821 504 1949 556 que,
1976 502 2099 561 quae
2124 507 2229 548 nec
2256 491 2368 547 sint
2388 492 2634 562 quidem,
2661 472 2728 552 ac
2754 497 2890 552 nihil
2922 499 3053 565 sint,
3078 504 3393 571 posthabita

131 563 266 632 περὶ
320 561 493 614 ταῦτα
543 566 786 635 σπουδῇ,
848 569 939 622 τὸν
983 570 1186 643 ταύτης
1234 574 1390 641 λόγον
1436 574 1671 645 ἠγνόησε
1699 591 1712 605 ·

128 652 256 708 καθ’
280 652 337 705 ὃν
365 653 471 706 ἔδει
499 656 787 726 κινηθέντα
817 660 1018 728 γνῶναι
1050 665 1133 726 τίς
1159 664 1257 734 μὲν
1284 664 1499 733 φύσεως
1528 666 1716 736 νόμος,

126 744 217 807 τίς
258 743 315 796 δὲ
357 745 545 799 παθῶν
584 750 616 818 ή
659 748 777 802 καθ’
800 751 1010 822 αἵρεσιν
1035 755 1366 825 γνωμικῶς,
1398 757 1588 809 ἀλλὀὐ
1622 774 1715 826 cpu-

131 834 299 898 σικῶς
327 837 801 908 ἐπισυμϐαίνουσα
826 844 1063 914 κατέστη
1087 847 1359 916 τυραννίςν
1391 847 1485 901 καὶ
1504 848 1594 901 τὸν
1616 849 1715 918 μὲν

126 928 593 997 περιποιήσασθαι
642 934 763 995 ταῖς
804 940 1061 1002 φυσικαῖς
1103 938 1537 1009 συντηρούμενον
1566 942 1715 1010 ὲνερ-

123 1019 342 1087 γείαις,
374 1019 471 1090 τὴν
496 1020 552 1073 δὲ
594 1023 693 1092 τῆς
739 1025 965 1098 γνώμης
994 1028 1267 1083 ἀπελάσαι
1300 1031 1520 1102 μακρὰν
1546 1072 1562 1097 ,
1620 1034 1714 1087 καὶ

120 1109 205 1179 τῷ
231 1110 371 1180 λόγῳ
401 1111 731 1183 διατηρῆσαι
757 1116 855 1186 τὴν
880 1117 1043 1187 φύσιν
1065 1159 1080 1181 ,
1136 1121 1219 1188 ἐφ’
1239 1122 1437 1191 ἑαυτῆς
1469 1122 1711 1177 ἑστῶσαν

121 1202 377 1270 καθαρὰν
412 1205 505 1257 καὶ
536 1206 839 1278 ἀμώμητον
872 1208 1171 1283 [ἀμωμον],
1203 1214 1371 1284 χωρὶς
1401 1214 1592 1284 μίσους
1620 1216 1713 1269 καὶ

116 1293 491 1359 διαστάσεως·
546 1300 639 1350 καὶ
690 1302 754 1371 τῇ
802 1300 963 1369 φύσει
1018 1304 1179 1357 πάλιν
1227 1306 1567 1375 καταστῆσαι
1613 1307 1710 1378 τὴν

118 1383 352 1454 γνώμην
381 1387 740 1459 συνέμπορον,
776 1394 942 1463 μηδὲν
967 1396 1248 1460 παντελῶς
1279 1397 1440 1466 ὲπιφε
1452 1399 1707 1469 ρομένην,

112 1472 198 1531 ὧν
224 1481 252 1531 ὁ
276 1484 372 1551 τῆς
398 1481 614 1550 φύσεως
644 1487 742 1538 οὐκ
768 1488 1049 1541 ἐπιδίδωσι
1073 1489 1228 1558 λόγος
1246 1505 1259 1518 ·
1315 1492 1409 1544 καὶ
1433 1490 1522 1543 διά
1552 1491 1709 1544 τοῦτο

119 1572 284 1641 μῖσος
333 1574 477 1627 ἆπαν
503 1612 518 1637 ,
580 1578 671 1629 καὶ
715 1581 896 1642 πᾶσαν
927 1581 1022 1633 τοῦ
1056 1582 1197 1635 κατά
1225 1582 1386 1652 φύσιν
1416 1583 1708 1652 συγγενοῦς

113 1664 431 1734 ἀποστῆσαι
459 1666 767 1736 διάστασιν,
804 1672 889 1725 ἵνα
914 1674 1122 1745 ταύτην
1144 1675 1315 1744 λέγων
1346 1676 1444 1747 τὴν
1472 1678 1707 1748 προσευ-

114 1755 226 1825 χὴν
275 1732 649 1829 εἰσακούηται,
702 1732 795 1816 καὶ
842 1763 1034 1836 διπλῆν
1075 1732 1581 1840 ἀνθ’ἀπλῆςιπαρά
1612 1768 1706 1823 τοῦ
1738 1732 1782 1787 Β

112 1847 259 1901 Θεοῦ
292 1848 515 1921 δέχηται
542 1853 703 1925 χάριν
724 1898 741 1921 ,
806 1857 907 1928 τήν
936 1875 996 1911 τε
1023 1859 1134 1914 τῶν
1165 1860 1491 1930 φθασάντων
1523 1860 1707 1932 πλημ-

116 1937 454 2008 μελημάτων
483 1942 853 2016 συγχώρησιν,
891 1950 986 2003 καὶ
1012 1949 1112 2021 τὴν
1155 1951 1250 2003 ἐπὶ
1292 1950 1407 2013 τοῖς
1453 1949 1707 2020 μέλλουσι

114 2029 333 2099 σκέπην
390 2034 484 2087 καί⁸
534 2034 840 2107 λύτρωσινο
927 2040 1006 2103 εἰς
1056 2058 1116 2093 τε
1176 2040 1482 2112 πειρασμὸν
1534 2040 1707 2094 ἐλθεῖν

117 2120 201 2190 μὴ
252 2125 744 2196 συγχωρούμενος,
827 2132 922 2185 καὶ
974 2131 1054 2204 τῷ
1102 2133 1325 2204 πονηρῷ
1374 2132 1707 2205 δουλωθῆναι

115 2212 198 2282 μὴ
240 2214 561 2285 ἀφιέμενος,
595 2221 736 2293 ὑπὲρ
780 2222 920 2291 ἑνὸς,
972 2226 1065 2279 τοῦ
1102 2228 1215 2289 τοῖς
1259 2226 1428 2288 πέλας
1469 2225 1703 2296 ἑτοίμως

109 2303 337 2371 ἀφιέναι
367 2308 435 2360 τὰ
462 2309 649 2383 ὀφειλή
658 2329 826 2382 ματα.

1820 588 2040 647 natura,
2070 596 2181 651 quo
2213 598 2272 637 se
2305 582 2416 636 illis
2449 583 2633 639 studio
2665 584 2894 650 addixit,
2928 587 3091 659 hujus
3120 592 3389 649 rationem

1820 673 2126 743 ignoravit;
2180 690 2288 743 qua
2336 684 2546 729 motum
2597 685 2762 746 atque
2814 679 3169 750 instinctum,
3215 686 3389 757 legem

1817 771 2049 830 naturze,
2075 780 2324 835 quaenam
2357 766 2446 831 sit,
2480 782 2641 822 nosse
2672 784 2799 822 eum
2832 773 3104 840 oportuit;
3141 791 3390 845 quaenam

1819 853 1953 908 item
1988 855 2468 923 perturbationum
2501 857 2875 928 vitiorumque
2906 861 2990 916 vis
3023 878 3087 917 ac
3120 867 3387 935 tyrannis,

1816 960 1939 1014 quat
1964 962 2076 1000 non
2103 956 2321 1012 natura,
2350 948 2453 1003 sed
2474 948 2756 1028 voluntate
2788 966 2851 1005 ac
2881 951 3112 1009 arbitrio
3140 956 3192 1010 ei
3219 957 3392 1014 inole-

1814 1037 1895 1091 vit
1932 1056 1945 1090 :
1987 1052 2053 1092 ac
2091 1038 2240 1093 illam
2280 1039 2501 1108 quidem
2543 1039 2762 1111 (nempe
2802 1051 3012 1099 naturae
3046 1046 3241 1117 legem)
3282 1050 3389 1105 sibi

1814 1129 2106 1194 asciscere,
2137 1145 2302 1198 quam
2335 1131 2615 1186 naturales
2646 1132 2995 1201 operationes
3028 1148 3386 1206 conservant;

1814 1220 1956 1274 hanc
1978 1235 2106 1274 vero
2132 1219 2263 1290 (vim
2286 1222 2495 1281 scilicet
2517 1238 2581 1276 ac
2605 1222 2970 1293 tyrannidem)
2995 1228 3185 1293 procul
3207 1228 3390 1284 animo

1813 1312 2089 1382 ablegare,
2117 1321 2282 1382 atque
2306 1313 2519 1368 ratione
2550 1314 2838 1370 continere
2871 1326 3148 1381 naturam,
3178 1335 3301 1389 quae
3333 1320 3389 1375 in

1815 1420 1873 1459 se
1896 1406 2100 1460 munda
2124 1421 2188 1460 ac
2210 1405 2375 1477 365
2398 1406 2536 1462 labis
2562 1422 2721 1476 pura,
2744 1408 2865 1464 sine
2886 1409 3015 1464 odio
3038 1410 3390 1482 divortioque

1812 1497 2107 1563 consistat;
2144 1513 2448 1567 rursusque
2481 1508 2694 1569 natura:
2714 1500 3051 1556 voluntatem
3085 1518 3192 1558 una
3218 1505 3390 1559 comi-

1812 1596 1922 1641 tem
1954 1588 2188 1652 sociare,
2214 1587 2506 1657 quaa-nihil
2538 1603 2763 1657 prorsus
2795 1590 3013 1655 inferat,
3046 1607 3210 1661 quam
3239 1594 3388 1663 quod

1810 1685 2022 1732 natura:
2061 1678 2201 1732 ratio
2242 1677 2466 1743 tribuit;
2510 1694 2574 1733 ac
2610 1679 2842 1748 proinde
2880 1696 3043 1735 omne
3084 1681 3292 1747 odium,
3324 1697 3389 1739 ac

1811 1766 2080 1837 quidquid
2113 1767 2328 1824 dissidii
2366 1776 2472 1833 est,
2501 1769 2572 1824 ab
2610 1769 2679 1825 iis
2714 1786 2855 1839 quos
2894 1770 3142 1842 ejusdem
3178 1779 3391 1830 natura:

1806 1859 2161 1915 necessitudo
2190 1860 2490 1925 consociat,
2516 1860 2867 1926 submovere,
2895 1872 2955 1917 ut
2978 1862 3120 1917 hanc
3149 1864 3391 1919 recitans

1806 1952 2116 2007 orationem
2144 1951 2492 2016 exaudiatur,
2519 1951 2907 2022 duplicemque
2932 1968 2962 2007 a
2990 1952 3102 2007 Deo
3131 1968 3232 2023 pro
3260 1954 3391 2009 sim-

1808 2043 1937 2112 plici
1970 2042 2200 2114 gratiam
2233 2049 2634 2111 consequatur;
2672 2052 2788 2097 tum
2825 2043 3039 2099 scilicet
3071 2052 3135 2098 ut
3163 2054 3390 2114 praeter-

1808 2137 2010 2191 itorum
2038 2135 2197 2190 venia
2225 2134 2551 2189 delictorum
2584 2134 2841 2199 donetur,
2876 2144 2991 2189 tum
3029 2144 3090 2190 ut
3122 2136 3392 2193 adversus

1806 2227 1996 2281 futura
2043 2225 2141 2281 Dei
2192 2224 2448 2295 prasidio
2498 2231 2650 2279 tutus
2699 2224 2774 2279 sit
2824 2224 3003 2294 iisque
3053 2225 3324 2282 liberetur
3370 2245 3385 2281 :

1807 2325 1974 2386 atque
2015 2325 2077 2371 ut
2121 2330 2235 2370 non
2277 2315 2628 2385 permittatur
2664 2315 2855 2370 venire
2901 2316 2957 2369 in
3001 2316 3385 2382 tentationem,

108 2413 223 2453 nec
254 2402 652 2473 mancipandus
680 2408 825 2463 malo
851 2407 1170 2479 deseratur;
1203 2429 1315 2469 uno
1343 2414 1451 2471 hoc
1479 2414 1705 2471 nomine
1742 2428 1808 2468 ac
1836 2412 2017 2476 titulo,
2081 2409 2242 2480 quod-
2296 2418 2553 2479 prompto
2582 2410 2765 2464 animo
2796 2409 3059 2479 proximis
3087 2410 3275 2467 debita
3302 2425 3389 2466 re.

110 2488 324 2546 mittat.

188 2583 489 2654 Τοιγαροῦν
520 2588 612 2641 καὶ
639 2590 821 2659 ἡμεῖς,
883 2591 971 2646 ἴνα
1002 2596 1194 2666 μικρὸν
1218 2596 1556 2662 ἀναποδίζων
1587 2601 1708 2652 ἑπι-

108 2674 299 2744 τόμως
347 2677 557 2735 ἐπέλθω
607 2681 714 2734 τῶν
754 2684 1069 2754 εἰρημένων
1107 2689 1208 2759 τὴν
1237 2688 1486 2761 δύναμιν,
1551 2689 1708 2763 εἰπερ

109 2765 214 2820 τοῦ
240 2771 479 2840 πονηροῦ
514 2772 818 2845 ῥωσθῆναι,
877 2777 972 2829 καὶ
1007 2778 1085 2840 εἰς
1115 2781 1423 2851 πειρασμὸν
1446 2780 1707 2835 εἰσελθεῖν

109 2857 179 2909 οὐ
226 2856 563 2930 βουλόμεθα,
613 2864 996 2936 πιστεύσωμεν
1038 2867 1115 2937 τῷ
1147 2869 1285 2938 Θεῷ,
1342 2870 1435 2923 καί
1477 2870 1706 2940 ἀφῶμεν

108 2948 188 3001 τά
234 2949 590 3061 ρφειλήματῖ
626 2957 739 3018 τοῖς
789 2956 1096 3025 ὀφειλέταις
1142 2958 1338 3029 ἡμῶν·
1388 2960 1530 3015 Ἐὰν
1570 2962 1700 3029 γὰρ,
1730 3000 1775 3061 c

111 3042 287 3112 φησί,
337 3042 424 3111 μὴ
465 3044 658 3113 ἀφῆτε
708 3047 834 3113 τοῖς
855 3047 1193 3118 ἀνθρώποις
1218 3051 1290 3105 τὰ
1318 3050 1706 3121 ἁμαρτήματα

109 3132 334 3198 αὐτῶν,
390 3136 529 3190 οὔτε
578 3140 611 3190 ό
658 3138 862 3208 Πατὴρ
901 3141 1068 3211 ὑμῶν
1114 3146 1145 3196 ὁ
1180 3142 1457 3211 οὐράνιος
1482 3144 1704 3213 ἀφήσει

108 3226 287 3295 ὑμῖν·
344 3226 430 3280 ἵνα
486 3227 559 3300 μὴ
608 3230 785 3299 μόνον¹
815 3231 1007 3300 ἄφεσιν
1050 3232 1305 3304 λάϐωμεν
1346 3228 1421 3288 ὧν
1449 3234 1703 3305 πεπλημ-

115 3319 460 3390 μελήκαμεν,
494 3320 631 3375 ἀλλά
653 3322 861 3375 καὶτὸν
885 3324 1048 3394 νόμον
1073 3326 1388 3396 νικήσωμεν
1410 3326 1509 3395 τῆς
1533 3328 1705 3396 ἀμαρ-

107 3408 256 3473 τὶας,
317 3414 397 3474 είς
439 3410 538 3483 τὴν
581 3412 748 3466 αὐτοῦ
791 3417 990 3485 πεῖραν
1036 3417 1300 3470 εἰσελθεῖν
1345 3418 1445 3471 οὐκ
1470 3420 1702 3487 ἐγκατα-

108 3502 471 3571 λειπόμενοι·
536 3504 630 3558 καὶ
682 3506 772 3558 τὸν
844 3507 1035 3561 τούτου
1103 3512 1407 3583 γεννήτορά
1468 3511 1702 3584 πονηρὸν

110 3594 452 3663 πατήσωμεν
495 3595 638 3665 ὅφιν,
694 3596 787 3664 ἀφ’
814 3592 877 3651 οῦ
924 3599 1189 3670 ρυσθῆναι
1234 3600 1699 3672 παρακαλοῦμεν·

113 3686 552 3756 στρατηγοῦντος
606 3690 738 3759 ήμίν
808 3688 904 3743 τοῦ
977 3690 1072 3742 τὸν
1128 3692 1332 3761 κόσμον
1384 3693 1704 3764 νικήσαντος

109 3776 376 3847 Χριστοῦ,
403 3778 498 3832 καὶ
525 3782 639 3842 τοῖς
664 3780 851 3850 νόμοις
872 3780 982 3835 τῶν
1006 3782 1236 3836 ὲντολῶν
1262 3782 1700 3849 καθοπλίζοντος,

110 3869 216 3923 καὶ
250 3870 496 3939 νομίμως
527 3874 594 3943 τῇ
623 3871 734 3925 τῶν
758 3872 950 3927 παθῶν
985 3873 1277 3937 ἀποθέσει,
1334 3873 1472 3945 πρὸς
1503 3876 1704 3945 ἑαυτὴν

108 3962 182 4016 δι’
209 3962 434 4032 ἀγάπης
484 3963 583 4034 τὴν
624 3963 787 4033 φύσιν
820 3965 1127 4029 συνδέοντος
1149 3981 1165 3996 ο
1227 3965 1321 4018 καὶ
1352 3964 1487 4036 πρὸς
1515 3964 1705 4019 ἑαυτὸν

107 4056 280 4127 ἄρτον
304 4056 432 4109 ὄντα
462 4053 632 4126 ζωῆς,
655 4057 848 4127 σοφίας
871 4073 931 4110 τε
959 4057 1053 4110 καὶ
1079 4056 1334 4125 γνώσεως
1371 4058 1463 4110 καί
1493 4057 1703 4110 δικαιο-

111 4147 305 4218 σύνης,
355 4147 630 4212 κινοῦντος
677 4149 834 4219 ήμῶν
881 4148 1199 4219 ἀκορέστως
1228 4145 1328 4219 τῆν
1357 4148 1571 4219 ὗρεξιν·
1608 4148 1704 4201 καὶ

108 4241 183 4310 τῇ
217 4238 497 4308 πληρώσει
525 4238 621 4292 τοῦ
651 4239 929 4312 Πατρικοῦ
960 4240 1268 4312 θελήματος
1300 4242 1414 4304 τοῖς
1449 4241 1703 4310 ἀγγέλοις

117 4332 430 4403 ὁμολάτρας
484 4333 636 4402 ἡμᾶς
692 4332 1060 4397 καθιστῶντος
1084 4374 1100 4398 ,
1145 4335 1215 4404 τῇ
1258 4333 1399 4386 κατά
1446 4332 1538 4387 τὸν
1587 4333 1702 4405 βίον
1729 4356 1779 4415 D

114 4425 309 4495 ἀγωγῇ
356 4424 456 4495 τὴν
501 4426 821 4495 ἐπουράνιον
863 4425 1182 4497 εὐμιμήτως
1216 4424 1581 4496 ἐμφαίνοντας
1605 4426 1698 4479 εὐ-

114 4515 411 4587 αρέστησιν
432 4533 447 4547 °
505 4517 763 4571 κάκεῖθεν
809 4516 973 4571 πάλιν
1015 4518 1107 4569 ἐπὶ
1134 4515 1232 4587 τὴν
1256 4517 1566 4588 ἀκροτάτην
1591 4518 1701 4571 τῶν

115 4610 277 4664 θείων
307 4611 571 4665 ἀνάϐασιν
602 4611 738 4682 πρὸς
765 4611 857 4665 τὸν
885 4611 1107 4681 Πατέρα
1132 4610 1243 4665 τῶν
1266 4608 1462 4678 φώτων
1489 4610 1702 4679 ἐνάγον-

111 4718 246 4766 τος,
312 4703 407 4755 καὶ
456 4702 609 4765 θείας
656 4702 1107 4774 ἀπεργαζομένου
1146 4700 1361 4771 φύσεως
1391 4702 1699 4768 κοινωνοὺς,

110 4800 182 4869 τῇ
239 4798 381 4852 κατά
431 4799 593 4870 χάριν
654 4799 868 4870 μεθέξει
926 4797 1017 4852 τοῦ
1063 4795 1417 4867 Πνεῦματος,
1479 4794 1600 4849 καθ’
1635 4795 1700 4867 ἢν

110 4891 283 4944 τέκνα
323 4889 459 4943 Θεοῦ
512 4889 966 4961 χρηματίσωμεν,
1022 4888 1186 4942 αὑτὸν
1227 4886 1317 4940 τὸν
1363 4885 1575 4958 [marg.
1600 4882 1695 4939 Fr.

115 4983 343 5045 Ἀκουε,
373 4976 557 5055 Νεῖλε]
609 4981 815 5052 ταύτης
861 4980 1159 5052 αὐτουργὸν
1205 4980 1303 5050 τῆς
1332 4979 1572 5049 χάριτος,
1606 4978 1700 5033 καὶ

112 5074 257 5128 κατά
285 5074 447 5143 φύσιν
475 5076 568 5128 τοῦ
595 5075 807 5143 Πατρδς
829 5074 977 5138 Υἰδν,
1001 5073 1120 5126 ὅλον
1148 5072 1257 5126 ὅλοι
1285 5071 1408 5141 δίχα
1433 5087 1699 5141 περιγρα-

115 5163 225 5231 φῆς
259 5163 542 5235 ἀχράντως
570 5163 1021 5235 περικομίζοντες
1040 5181 1052 5193 ·
1091 5162 1149 5227 ἐξ
1180 5156 1261 5227 οὗ,
1295 5163 1389 5215 καὶ
1418 5162 1485 5214 δι’
1502 5157 1582 5222 οὗ,
1609 5162 1702 5215 καὶ

112 5256 173 5308 ὲν
219 5247 264 5322 ᾧ
307 5256 368 5308 τὸ
403 5253 541 5310 είναί
570 5274 629 5309 τε
664 5258 756 5310 καὶ
785 5256 1085 5319 κινεῖσθαι,
1154 5256 1250 5308 καὶ
1292 5252 1391 5326 ζῇν
1420 5253 1616 5325 ἔχομέν
1643 5272 1702 5307 τε

112 5346 214 5401 καὶ
244 5346 459 5418 ἕξομεν.

190 5440 334 5508 Πρὸς
381 5440 539 5492 τοῦτο
570 5440 626 5493 δὲ
670 5440 767 5510 τῆς
799 5438 1047 5501 θεώσεως
1078 5438 1137 5491 τὸ
1168 5437 1466 5508 μυστήριον
1494 5435 1705 5506 βλέπων

112 5531 249 5600 ἡμῖν
300 5531 440 5585 ἔστω
483 5534 582 5601 τῆς
627 5530 935 5602 προσευχῆς
983 5531 1011 5581 ὁ
1056 5529 1286 5592 σκοπὸς,
1349 5529 1435 5582 ἵνα
1465 5529 1705 5599 γνῶμεν,

185 5672 234 5704 ³⁸
268 5671 458 5727 Matth.
487 5687 558 5734 vr,
596 5672 680 5723 Μ.
797 5670 840 5700 ³9
869 5668 1005 5722 Gen.
1038 5684 1115 5733 ιιι,
1154 5669 1204 5722 l.

482 5760 753 5819 PATROL.
799 5757 913 5816 Gn.
969 5756 1064 5815 XC

1316 5668 1361 5699 ⁸ο
1387 5668 1546 5724 Joan.
1578 5684 1689 5733 xw,
1725 5667 1793 5721 55
1891 5670 1935 5749 ξι
1971 5669 2087 5727 Jac.
2124 5683 2159 5739 ι,
2188 5672 2275 5725 17.

1878 2596 2024 2666 Ergo
2053 2609 2154 2649 nos
2182 2609 2426 2664 quoque,
2453 2601 2533 2661 ut,
2564 2595 2837 2667 tantisper
2859 2596 3085 2652 reducta
3113 2598 3384 2665 oratione,

1806 2686 2082 2743 dictorum
2127 2686 2238 2740 vim
2297 2686 2625 2756 compendio
2675 2700 2982 2757 exponam,
3032 2686 3306 2756 siquidem
3354 2704 3387 2744 a

1804 2780 1950 2835 malo
1997 2778 2224 2834 liberari
2262 2778 2549 2843 volumus,
2589 2778 2704 2832 Deo
2748 2791 2959 2832 morem
2999 2793 3279 2848 geramus,
3321 2795 3388 2838 ac

1805 2870 2157 2927 debitoribus
2181 2869 2387 2925 nostris
2411 2868 2597 2924 debita
2626 2868 2970 2923 dimittamus
2994 2887 3006 2922 :
3038 2868 3097 2924 Si
3118 2872 3257 2924 enim
3283 2886 3387 2925 non

1805 2963 2136 3027 dimiseritis,
2183 2960 2395 3030 inquit,
2436 2960 2730 3015 hominibus
2776 2967 2989 3031 peccata
3038 2976 3250 3029 eorum,
3284 2978 3388 3019 nec

1805 3053 1970 3107 Pater
1994 3060 2163 3107 vester
2188 3050 2406 3106 catastis
2440 3051 2667 3105 dimittet
2702 3051 2839 3105 vobis
2860 3052 2934 3117 '3;
2974 3061 3036 3106 ut
3064 3068 3177 3106 non
3210 3054 3387 3108 solum

1808 3145 2136 3199 delictorum
2161 3144 2377 3199 veniam
2402 3158 2830 3212 consequamur,
2853 3158 3045 3198 verum
3068 3145 3233 3199 etiam
3261 3161 3389 3215 pec—

1807 3237 1914 3290 cati
1948 3236 2123 3306 legem
2154 3236 2461 3299 vincamus,
2492 3250 2635 3304 quos
2664 3236 2809 3290 Deus
2842 3250 2953 3289 non
2985 3235 3205 3290 deserat
3236 3248 3298 3291 ut
3332 3237 3389 3292 in

1806 3327 1955 3384 illius
1995 3329 2352 3383 tentationem
2387 3328 2688 3391 intremus;
2729 3328 2958 3398 ejusque
2987 3329 3388 3398 nequissimum

1805 3427 2093 3490 parentem
2128 3421 2461 3491 (serpentem
2496 3419 2709 3473 scilicet
2728 3419 2793 3483 ",
2822 3434 2852 3472 a
2880 3433 2992 3488 quo
3025 3430 3128 3473 nos
3162 3419 3388 3473 liberari

1806 3511 2083 3581 rogamus)
2105 3520 2483 3581 proteramus;
2504 3508 2745 3574 Christo,
2765 3510 2860 3579 qui
2881 3510 3146 3564 mundum
3166 3510 3301 3565 vicit
3317 3510 3388 3577 ‘°,

1804 3603 1967 3657 nobis
2019 3602 2159 3657 duce
2210 3618 2274 3657 ac
2327 3603 2695 3671 imperatore,
2737 3616 2953 3655 necnon
3004 3602 3387 3657 mandatorum

1805 3693 1961 3749 scitis
1994 3694 2153 3764 quasi
2188 3693 2358 3748 armis
2389 3693 2732 3757 instruente;
2771 3692 3123 3763 legitimeque
3159 3692 3390 3764 abjectis

1805 3783 2321 3852 perturbationibus
2364 3792 2529 3852 atque
2572 3781 2753 3846 vitiis,
2794 3782 3109 3837 dilectionis
3152 3783 3389 3838 vinculis

1804 3881 2060 3927 naturam
2109 3873 2217 3927 sibi
2260 3872 2619 3942 astringente,
2655 3883 2821 3940 atque
2866 3873 2934 3925 ad
2981 3886 3060 3938 se,
3094 3873 3188 3941 qui
3232 3872 3390 3942 panis

1806 3962 1951 4027 vitae,
1977 3962 2372 4032 sapientiaeque
2401 3968 2459 4016 et
2488 3961 2735 4016 scientiae
2762 3975 2826 4014 ac
2856 3962 3099 4032 justitiaet
3117 3962 3209 4028 sit,
3239 3962 3388 4017 insa-

1806 4054 1985 4109 tiabili
2017 4053 2298 4110 desiderio
2330 4053 2632 4124 appetitum
2665 4061 2918 4108 nostrum
2953 4053 3253 4119 llliciente;
3289 4069 3387 4119 ac,

1807 4146 1902 4215 qui
1936 4145 2118 4200 Patris
2148 4144 2488 4199 voluntatem
2522 4143 2956 4214 adimpleamus,
2989 4158 3150 4213 pares
3183 4144 3390 4214 angelis

1807 4237 2052 4292 cultores
2080 4251 2147 4291 ac
2177 4235 2500 4291 adoratores
2530 4234 2820 4301 reddente,
2852 4233 3121 4289 institutis
3144 4235 3269 4290 vitae
3298 4250 3389 4290 ra-

1808 4327 2055 4383 tionibus
2075 4342 2401 4398 morumque
2424 4326 2739 4397 disciplina,
2761 4341 2869 4397 qua
2898 4326 2978 4381 illi
3001 4326 3212 4396 accepti
3239 4336 3387 4393 sunt,

1806 4419 2088 4475 ctelestem
2114 4418 2242 4474 vita:
2272 4419 2542 4474 rationem
2576 4419 2839 4489 praeclare
2870 4419 3192 4474 aamulantes
3224 4430 3390 4490 atque

1807 4511 2115 4567 imitatione
2140 4510 2463 4577 reddentes;
2495 4510 2737 4582 indeque
2761 4526 2954 4566 rursus
2976 4510 3044 4565 ad
3072 4526 3388 4581 supremum

1809 4602 2126 4658 divinorum
2156 4618 2447 4659 ascensum
2478 4603 2732 4673 (Patrem
2765 4602 2979 4658 scilicet
3008 4601 3285 4656 luminum
3306 4601 3387 4672 ⁸³)

1810 4691 2128 4759 inducente,
2160 4709 2225 4749 ac
2262 4692 2463 4749 divinae
2502 4702 2787 4749 consortes
2828 4701 3038 4747 natura:
3055 4691 3123 4757 δ’,
3155 4691 3390 4761 Spiritus

1808 4786 1997 4856 gratiae
2041 4786 2443 4856 impartitione,
2483 4785 2784 4850 reddente;
2835 4800 2945 4855 qua
2992 4784 3254 4838 nimirum
3293 4784 3390 4838 Dei

1809 4878 1907 4933 ﬁlii
1943 4894 2164 4945 sumus,
2197 4879 2373 4950 ipsum
2416 4880 2538 4951 ejus
2574 4878 2707 4933 doni
2754 4886 3069 4941 auctorem,
3102 4877 3391 4945 Patrisque

1809 4976 2005 5025 natura
2032 4970 2231 5026 Filium
2265 4979 2441 5025 totum
2477 4970 2577 5025 toti
2609 4970 2746 5025 citra
2781 4984 3002 5026 omnem
3041 4968 3392 5023 circumscri-

1808 5064 2056 5133 ptionem
2087 5065 2413 5118 intemerate
2439 5061 2926 5126 circumferentes;
2959 5076 3025 5115 ex
3051 5075 3182 5129 quo,
3208 5068 3264 5113 et
3291 5072 3390 5127 per

1811 5170 1996 5225 quem,
2018 5165 2075 5211 et
2105 5156 2162 5209 in
2185 5170 2317 5224 quo,
2342 5162 2402 5208 ut
2429 5154 2601 5208 simus
2627 5160 2683 5207 et
2705 5166 3024 5206 moveamur
3054 5158 3218 5219 atque
3239 5150 3391 5203 viva-

1812 5261 1935 5302 mus
1952 5247 2001 5279 ”
2025 5256 2081 5302 ct
2109 5247 2377 5303 habemus
2406 5255 2462 5300 et
2484 5244 2730 5300 habituri
2761 5258 2971 5297 sumus.

1884 5437 1964 5492 Ad
1997 5438 2103 5491 hoc
2129 5445 2313 5492 autem
2344 5436 2506 5491 nobis
2530 5434 2892 5491 deiﬁcationis
2920 5431 3237 5503 mysterium
3272 5443 3391 5495 spe-

1817 5537 1928 5584 ctet
1954 5529 2226 5584 orationis
2243 5543 2463 5598 scapus,
2490 5536 2551 5584 ut
2578 5527 2900 5583 noverimus
2927 5523 3087 5596 365
3111 5522 3299 5592 quales
3325 5535 3391 5575 ex

2376 5670 2424 5750 δή
2450 5668 2498 5725 ll
2526 5669 2674 5724 Petr.
2704 5684 2742 5735 ι,
2770 5668 2822 5722 ι.
2900 5666 2946 5698 ⁸³
2968 5665 3091 5720 Act.
3125 5677 3255 5729 xvu,
3294 5661 3390 5716 ‘28.

2972 5754 3050 5822 29
