3876 6314
493 289 599 342 907

1658 277 1718 336 S.
1759 273 2044 335 MAXIMI
2083 269 2598 332 CONFESSORIS

3671 267 3784 331 ωδ

489 391 698 460 quibus
726 385 1004 458 Unlgeniti
1037 399 1140 440 nos
1169 398 1270 455 per
1301 397 1527 439 carnem
1554 381 1861 437 exinanitio
1888 379 2073 436 reddi-

2177 377 2295 431 ἀνθ⁹
2319 379 2485 441 οἴων,
2538 375 2686 438 οἴους
2737 376 2887 444 ἡμᾶς
2935 376 2970 446 ἡ
3011 375 3102 429 διὰ
3146 375 3352 445 σαρκὸς
3393 373 3642 437 κένωσις
3685 375 3782 426 τοῖν

490 483 667 544 derit,
697 497 760 535 ac
784 479 953 542 unde,
975 492 1086 547 quo
1118 476 1234 546 (qui
1264 474 1509 529 intimam
1536 489 1726 529 rerum
1751 473 1916 542 hujus
1945 471 2072 525 uni-

492 573 638 628 versi
672 571 893 635 sedem,
919 569 1071 641 gravi
1103 585 1207 623 nos
1243 567 1454 638 peccati
1492 581 1662 622 onere
1693 564 2071 634 deprimente,

492 663 902 734 receperamns)
949 659 1361 730 benignissima:
1406 673 1509 712 nos
1550 657 1791 712 dexterae
1829 653 2074 724 potentia

490 757 771 818 evexerit,
808 752 1222 823 impensiusque
1261 764 1391 805 eum
1435 749 1761 818 diligamus,
1796 746 1892 817 qui
1933 746 2076 799 banc

492 847 658 903 nobis
710 846 944 900 salutem
998 842 1235 913 sapienti
1289 841 1430 895 adeo
1479 840 1714 895 consilio
1772 838 2072 902 struxerit;

493 940 808 1009 nostrisque
841 937 980 992 adeo
1010 936 1113 1005 ipsi
1147 933 1480 997 actionibus,
1511 934 1734 1003 plenum
1768 931 2073 985 orationem

492 1033 753 1088 eﬂectum
781 1036 1162 1090 consecutam,
1187 1035 1581 1088 monstremus,
1609 1034 1776 1093 atque
1804 1037 1954 1085 eum,
1977 1019 2075 1090 qui

493 1139 622 1178 vere
661 1137 762 1191 per
794 1119 1027 1190 gratiam
1057 1117 1223 1172 Pater
1253 1123 1370 1180 est,
1401 1116 1575 1170 Deum
1605 1130 1710 1169 nos
1740 1113 2072 1183 praedicare,

495 1214 706 1284 liquido
743 1209 1130 1275 ostendamus;
1173 1223 1285 1262 non
1324 1221 1458 1262 vero
1491 1221 1643 1270 eum,
1673 1206 1770 1276 qui
1810 1221 1909 1276 per
1943 1219 2075 1275 pro-

495 1307 850 1363 brosissimos
895 1303 1128 1358 aﬂectus
1167 1301 1444 1370 vitiaque,
1489 1309 1745 1354 naturam
1788 1297 2074 1368 tyrannice

495 1408 729 1455 conatur
751 1397 1064 1468 opprimere
1088 1409 1154 1448 ac
1174 1393 1278 1448 sibi
1305 1391 1563 1448 addicere
1590 1391 1816 1462 (malum
1841 1390 2073 1461 scilicet)

497 1493 628 1546 vita
659 1505 762 1544 nos
791 1494 1076 1559 parentem
1105 1485 1313 1540 habere
1341 1481 1632 1538 manifeste
1663 1480 1984 1552 prodamur,
2011 1496 2076 1536 ac

501 1580 902 1651 imprudentes,
933 1579 1101 1632 vitam
1129 1583 1311 1630 morte
1335 1579 1772 1638 commutemus;
1803 1569 2076 1640 siquidem

499 1673 574 1727 ita
610 1679 1009 1740 comparatum,
1041 1677 1104 1722 ut
1137 1675 1371 1736 uterque
1405 1664 1639 1720 clientes
1669 1676 1802 1717 suos
1833 1662 1924 1716 bis
1953 1676 2076 1732 quae

2173 465 2452 531 Μονογενο
2487 481 2517 526 ς
2554 467 2958 535 ἀπιρτάσατο·
2997 465 3092 518 καὶ
3117 465 3320 527 πόθεν,
3373 464 3520 526 ποῦ,
3555 466 3696 528 τοὺς
3721 467 3783 519 τι

2173 555 2486 608 κατώτατον
2527 556 2622 609 τοῦ
2663 557 2864 619 παντὸς
2896 557 3188 626 εἰληφότας
3226 558 3470 628 χωρίον,
3530 560 3619 620 ei;
3645 555 3781 628 ὅπερ

2175 650 2323 719 ἡμεῖς
2353 649 2416 701 τὸ
2443 651 2542 722 τῆς
2571 650 2848 719 ἁμαρτίας
2877 651 3044 720 βάρος
3073 651 3354 712 κατέωσε,
3386 651 3635 719 δυνάμει
3665 653 3780 721 ςελ-

2173 739 2468 810 ἀνθρὼπου
2500 742 2686 811 χειρὸς
2712 741 3026 794 ἀνεϐίϐασε·
3065 744 3162 795 καὶ
3194 742 3364 795 πλέον
3387 744 3591 812 arati;
3603 761 3778 813 σωμεν

2173 831 2266 884 τὸν
2294 832 2499 901 ταύτην
2524 831 2667 884 οὕτω
2695 832 2875 899 σοφῶς
2896 833 3032 902 ἡμῖν
3055 832 3155 901 τὴν
3177 831 3466 902 σωτηρίαν
3491 835 3779 901 ἑτοιμασα-

2177 941 2340 994 μενον
2360 941 2374 954 ·
2434 924 2529 977 καὶ
2569 923 2638 975 δι’
2657 917 2734 976 ὧν
2764 925 3078 993 πράττομεν
3103 963 3119 985 ,
3173 923 3447 993 δεέξωμεν
3478 927 3586 995 τὴν
3616 943 3777 995 προς.

2175 1016 2343 1086 ευχὴν
2395 1013 2822 1084 πληρουμένην,
2879 1014 2976 1066 καί
3017 1013 3108 1065 τὸν
3156 1013 3374 1083 ἀληθῶς
3426 1015 3581 1067 κατά
3626 1016 3776 1084 χάριν

2175 1107 2398 1178 Πατέρα
2442 1106 2577 1159 Θεὸν
2623 1105 2884 1174 ᾳανῶμεν
2928 1107 3327 1174 κηρύττοντες·
3383 1106 3532 1159 ἀλλά
3583 1109 3665 1176 μὴ
3697 1108 3775 1158 δια

2175 1199 2284 1251 τῶν
2313 1198 2506 1252 παθῶν
2534 1199 2636 1268 τῆς
2658 1197 2917 1268 ἀτιμίας,
2968 1199 3060 1250 τὸν
3088 1199 3176 1252 ἀεὶ
3200 1199 3554 1268 τυραννικῶς
3584 1200 3775 1251 δεσπο-

2175 1289 2292 1353 ζειν
2356 1288 2741 1360 ἐπιχειροῦντα
2806 1290 2906 1360 τῆς
2954 1291 3172 1358 φύσεως
3217 1291 3503 1361 πονηρὸν.
3562 1291 3774 1361 ἔχοντες

2174 1380 2270 1434 τοῦ
2301 1380 2420 1450 βίου
2446 1380 2660 1451 πατέρα
2692 1380 2881 1449 σαφῶς
2910 1381 3341 1452 ἀποδειχθῶιιεν,
3394 1383 3498 1436 καὶ
3527 1385 3772 1455 λάθωμεν

2177 1471 2323 1542 ζωῆς
2368 1471 2951 1538 ἀντικαταλλάττοντες
2996 1473 3259 1527 θάνατον’
3309 1476 3630 1548 ἐπειδήπερ
3673 1479 3772 1530 τῶν

2176 1561 2491 1628 προσόντων
2543 1563 2805 1634 ἑκάτερος
2862 1562 3075 1634 [ηιατς.
3109 1565 3139 1617 6
3166 1564 3300 1627 Θεὸς
3333 1566 3593 1635 δηλονότι
3613 1608 3630 1631 ,
3686 1572 3772 1621 καὶ

2175 1655 2205 1708 6
2223 1653 2493 1726 διάϐολος]
2514 1658 2627 1718 τοῖς
2651 1655 3032 1727 προσχωροῦσι
3057 1657 3332 1710 ποιεῖσθαι
3361 1659 3665 1728 μετάδοσιν
3682 1661 3773 1713 ςέο

497 1738 798 1834 suppetunt
824 1759 1201 1831 impartiatur;
1235 1757 1317 1813 sic
1341 1755 1606 1811 nimirum
1639 1763 1701 1808 ut
1729 1754 1822 1808 ille
1849 1751 2073 1822 quidem

2177 1761 2368 1813 φυκεν·
2402 1748 2432 1798 6
2459 1746 2578 1815 μὲν,
2631 1746 2802 1799 ἀΐδιον
2825 1747 2970 1817 ζωὴν
2997 1748 3111 1810 τοῖς
3135 1747 3432 1813 ἀγαπῶσιν
3461 1749 3634 1802 αὐτὸν
3657 1767 3773 1818 χορ-

496 1858 670 1910 vitam
701 1864 990 1915 aeternam,
1023 1851 1132 1915 his,
1167 1849 1263 1918 qui
1299 1849 1479 1919 ipsum
1512 1846 1771 1916 diligunt,
1801 1841 2076 1899 submini-

496 1953 660 2008 stret;
689 1943 780 1996 hic
802 1956 957 2004 vero,
975 1939 1084 2003 his,
1105 1937 1200 2008 qui
1225 1936 1294 1992 ad
1321 1937 1500 2007 ipsum
1527 1933 1819 1998 accedunt,
1841 1939 2077 1988 mortem

497 2036 781 2105 importet,
804 2046 995 2088 earum
1023 2029 1373 2100 suggestione
1400 2027 1793 2092 tentationum,
1814 2040 1940 2097 qua:
1963 2037 2077 2080 non

497 2124 860 2182 illubentibus
889 2121 1053 2176 nobis
1086 2120 1432 2190 ingeruntur.

565 2213 778 2283 Duplex
823 2211 972 2266 enim
1010 2218 1096 2264 est
1145 2208 1436 2279 (quantum
1482 2222 1550 2262 ex
1589 2205 1876 2276 Scriptura
1907 2204 2080 2261 disci-

496 2303 643 2374 mus)
699 2299 1020 2356 tentationis
1072 2312 1587 2373 genus:_quorum
1639 2298 1902 2361 alterum,
1948 2297 2078 2352 libi-

496 2395 684 2450 dinem
725 2391 932 2456 habet;
991 2390 1252 2453 alterum,
1305 2388 1554 2442 dolorem
1609 2402 1675 2442 ac
1728 2389 2076 2452 cruciatum;

495 2495 660 2555 atque
691 2483 946 2545 alterum,
996 2496 1027 2534 a
1074 2481 1248 2535 libera
1293 2479 1578 2534 voluntate
1629 2489 1756 2543 est;
1803 2479 2073 2544 alterum,

496 2575 687 2633 invitis
736 2573 993 2628 infertur.
1034 2571 1110 2626 Ac
1157 2570 1293 2626 illud
1337 2570 1585 2641 quidem,
1614 2570 1826 2640 peccati
1874 2583 2076 2639 parens

495 2677 601 2733 est,
647 2666 702 2720 in
774 2663 923 2734 quod
960 2677 1120 2718 orare
1163 2661 1324 2716 nobis
1374 2669 1708 2731 praceptum
1767 2669 1876 2722 est,
1917 2661 2076 2730 juxta

496 2757 714 2814 Domini
763 2755 1094 2819 doctrinam,
1141 2768 1213 2808 ne
1243 2753 1533 2818 intremus,
1573 2767 1699 2807 cum
1735 2753 1814 2807 ait
1849 2770 1863 2806 :
1912 2751 1982 2809 Et
2011 2767 2077 2806 ne

496 2869 590 2907 nos
629 2849 832 2920 inferas
883 2849 940 2901 in
989 2847 1349 2901 tentationem.
1403 2845 1472 2900 Et
1515 2845 1806 2916 :Vigilate,
1858 2854 1918 2899 ut
1970 2861 2077 2900 non

493 2941 701 2997 intretis
727 2941 783 2994 in
829 2939 1174 2992 tentationem
1199 2937 1276 3002 “;
1313 2936 1458 2991 istud
1489 2951 1644 3000 vero,
1684 2936 1893 3006 peccati
1928 2936 2076 2992 ultor

495 3040 602 3098 est,
653 3032 763 3095 his,
815 3044 955 3098 quos
994 3028 1181 3083 invitis
1233 3027 1490 3082 inductos
1525 3027 1885 3095 sustinemus,
1913 3027 2072 3084 labo-

2175 1836 2349 1906 ηγῶψ
2379 1839 2408 1889 6
2432 1837 2509 1900 δὲ,
2541 1835 2771 1890 θάνατον
2795 1839 2860 1907 τῇ
2883 1837 2993 1891 τῶν
3015 1838 3283 1892 ἑκουσίων
3306 1839 3565 1911 ὑποϐολῇ
3591 1857 3770 1912 πειρα-

2180 1926 2336 1998 σμῶν
2359 1929 2473 1992 τοῖς
2500 1925 2813 1995 ἐγγίζουσιν
2833 1927 3097 1998 ἐμποιῶν.

2247 2197 2432 2262 Διττδς
2488 2197 2598 2270 γὰρ
2675 2198 2818 2252 κατά
2864 2197 2962 2268 τὴν
3006 2197 3228 2270 Γραφὴν
3285 2199 3406 2253 τῶν
3448 2201 3768 2273 πειρασμῶν

2175 2290 2206 2346 6
2226 2292 2444 2361 τρόπος·
2481 2294 2510 2344 6
2537 2291 2658 2361 μὲν,
2693 2291 2961 2360 ἡδονικὸς,
2989 2293 3017 2345 6
3041 2291 3118 2370 δξ,
3148 2292 3436 2362 ὀδυνηρό,’
3472 2298 3579 2348 καὶ
3605 2297 3635 2348 6
3658 2298 3766 2366 μὲν,

2177 2381 2600 2452 προαιρετικὸς,
2635 2384 2664 2434 6
2711 2382 2798 2446 δὲ,
2848 2383 3232 2453 ἀπροαίρετος.
3289 2384 3407 2436 Καὶ
3451 2387 3481 2438 6
3533 2389 3639 2455 μὲν
3681 2389 3768 2456 τῆς

2177 2471 2454 2542 ἁμαρτίας
2498 2475 2798 2543 γεννήτωρ,
2825 2473 2905 2534 είς
2947 2473 3007 2526 ὃν
3047 2473 3330 2538 εἰσελθεῖν,
3381 2477 3539 2530 κατά
3566 2479 3768 2548 τὴντώ

2175 2563 2382 2636 Κυρίου
2412 2563 2655 2634 διδαχὴν,
2683 2563 3018 2634 ἀπεύχεσθαι
3048 2567 3519 2636 προσετάγημεν,
3547 2571 3768 2638 φάσκον·

2175 2671 2289 2718 τος·
2321 2655 2428 2709 Kal
2453 2654 2540 2724 μὴ
2563 2656 2916 2725 εἰσενέγκῃς
2941 2655 3101 2726 ἡμᾶς
3127 2660 3216 2724 εις
3240 2665 3621 2730 πειρασμόν.
3653 2666 3765 2727 Καὶ,

2175 2746 2532 2816 Γρηγορεῖτε
2549 2787 2565 2811 ,
2595 2747 2694 2800 καὶ
2731 2749 3166 2816 προσεύχεσθε,
3209 2750 3312 2803 ἵνα
3332 2751 3429 2819 μὴ
3459 2756 3768 2823 εἰσέλθητε

2174 2838 2263 2900 είς
2284 2838 2639 2905 πειρασμόν-ο
2673 2838 2702 2890 6
2725 2837 2804 2903 δὲ,
2848 2838 2948 2907 τῆς
2980 2839 3258 2910 ἁμαρτίας
3285 2843 3571 2915 τιμωρὸς,
3618 2847 3770 2900 dum.

2178 2925 2314 2987 σίοις
2362 2924 2540 2977 πόνων
2577 2925 2866 2996 ἐπιφοραῖς
2899 2927 2997 2996 τὴν
3029 2927 3499 3000 φιλαμαρτὴμονα
3538 2935 3770 2998 κολάζων

2173 3013 2449 3069 διάθεσιν·
2505 3015 2564 3069 ὃν
2594 3017 2648 3068 εῐ
2688 3033 2774 3080 τις
2821 3019 3125 3091 ὑπομείνῃ,
3163 3022 3260 3082 καὶ,
3298 3023 3553 3092 μάλιστα
3584 3029 3769 3092 κακίας

494 3123 674 3186 ribus,
699 3120 907 3190 peccati
937 3127 1210 3173 amantem
1239 3118 1485 3173 animum
1542 3119 1847 3189 castigans;
1877 3119 2071 3175 istius-

2176 3105 2324 3176 ἥλοις
2377 3106 2477 3159 οὐκ
2520 3108 2985 3178 ἐμπεπαρμένος,
3045 3111 3337 3167 ἀκούσεται
3386 3116 3488 3169 τοῦ
3537 3120 3768 3187 μεγάλου

496 3213 646 3267 modi
692 3210 1050 3266 tentationem
1095 3209 1139 3265 si
1174 3209 1300 3278 quis
1343 3208 1672 3264 sustinuerit
1722 3211 1790 3280 (is
1838 3211 2075 3266 maxime

494 3303 590 3372 qui
636 3300 894 3355 vitiorum
928 3313 993 3352 ac
1041 3297 1302 3368 nequitia;
1344 3297 1512 3352 clavis
1544 3297 1770 3352 minime
1825 3298 2076 3353 conﬁxus

495 3393 589 3464 sit)
619 3391 841 3446 beatum
865 3387 1130 3445 Iacobum
1169 3387 1373 3442 diserte
1413 3387 1741 3443 clamantem
1779 3387 2074 3443 auditurus

490 3492 626 3538 est:
672 3481 839 3538 Omne
899 3480 1153 3550 gaudium
1207 3480 1525 3546 existimate,
1579 3479 1794 3548 fratres,
1848 3497 1967 3534 cum
2019 3481 2076 3534 in

495 3577 810 3630 tentationes
869 3575 1047 3628 varias
1098 3571 1418 3637 incideritis;
1481 3573 1608 3642 quia
1663 3573 1904 3642 probatio
1949 3572 2077 3642 ﬁdei

494 3675 680 3722 vestrm
725 3666 1038 3736 patientiam
1083 3670 1369 3734 operatur;
1414 3663 1674 3734 patientia
1719 3672 1898 3718 autem
1947 3681 2073 3734 pro-

494 3761 797 3824 bationem;
827 3758 1064 3830 probatio
1109 3763 1285 3811 autem
1317 3773 1447 3828 opus
1485 3757 1772 3828 perfectum
1795 3757 1984 3811 habeat
2007 3756 2071 3810 ".

495 3851 801 3921 Utrumque
849 3858 1033 3906 autem
1081 3848 1448 3904 tentationum
1477 3862 1654 3918 genus
1697 3847 1837 3918 (tum
1863 3847 2075 3902 scilicet

493 3958 684 4000 earum
738 3956 861 4012 quae
917 3956 948 3996 a
995 3939 1278 3996 voluntate
1324 3948 1487 4005 sunt,
1521 3950 1638 3996 tum
1677 3954 1798 4008 quae
1825 3938 2073 4012 exterius

495 4032 841 4106 ingeruntur)
881 4031 1117 4102 maligne
1164 4046 1442 4100 pravoque
1469 4029 1698 4085 consilio
1728 4029 1906 4083 malus
1941 4044 2072 4098 per-

496 4125 747 4196 sequitur
805 4121 1076 4191 enixeque
1141 4129 1330 4185 curat;
1372 4117 1614 4188 primum
1675 4115 1901 4186 quidem
1954 4117 2072 4186 ipse

495 4209 838 4274 seminando,
895 4206 1249 4277 corporisque
1279 4206 1623 4274 voluptatum
1655 4203 1916 4259 illecebra
1948 4202 2070 4258 ani~

493 4315 646 4356 mum
691 4297 1034 4370 proliciendo
1077 4311 1142 4350 ac
1190 4295 1478 4360 irritando,
1513 4303 1575 4349 ut
1625 4310 1654 4350 a
1710 4294 1898 4348 divina
1928 4294 2070 4350 dile-

494 4390 676 4445 ctione
730 4387 1095 4458 cupiditatem
1141 4392 1372 4450 avocet;
1406 4385 1666 4440 alterum
1718 4400 1886 4450 vero,
1947 4391 2070 4439 astu

2172 3198 2467 3270 διαρρήδην
2516 3199 2747 3268 βοῶντος
2775 3201 3067 3255 Ἰακώϐου*
3121 3205 3338 3258 Πᾶσαν
3382 3211 3594 3277 χαρὰν
3637 3213 3770 3281 mnf.

2174 3292 2389 3350 σασθε,
2412 3288 2665 3358 ἀδελφοί
2681 3308 2821 3360 μου,
2853 3292 2998 3346 ὅταν
3024 3297 3376 3365 πειρασμοῖς
3409 3305 3769 3372 περιπέσητε

2176 3381 2506 3446 ποικίλοις,
2562 3380 2652 3435 ὅτι
2700 3382 2765 3436 τὸ
2813 3382 3084 3454 δοκίμιον
3131 3386 3300 3456 ὑμῶν
3343 3389 3464 3458 τῆς
3511 3397 3768 3462 πίστεως

2176 3472 2499 3542 ὑπομονὴν
2527 3474 2966 3545 κατεργάζεταιο
2998 3478 3037 3545 ἡ
3060 3476 3128 3531 δὲ
3149 3481 3455 3550 ὑπομονὴ,
3483 3485 3764 3558 δοκιμήν·

2174 3563 2213 3631 ή
2240 3563 2308 3616 δὲ
2336 3564 2573 3634 δοκιμὴ,
2607 3569 2784 3636 ἔργον
2807 3567 3042 3622 τέλειον
3065 3569 3269 3638 ἐχέτω.
3315 3575 3694 3649 ’Δμφοτέρσυς
3713 3582 3765 3633 δὲ

2173 3655 2302 3718 τοὺς
2333 3659 2694 3727 πειρασμοὺς,
2739 3660 2830 3713 τὸν
2858 3660 3107 3716 ἑκούσιόν
3129 3681 3189 3717 τε
3237 3667 3457 3720 καὶτὸν
3489 3670 3762 3736 ἀκούσιον,

2174 3744 2428 3815 περιέπει
2474 3747 2802 3818 κακούργως
2839 3751 2868 3803 6
2909 3753 3173 3824 πονηρόςο
3231 3754 3325 3808 τὸν
3353 3756 3480 3826 μὲν,
3529 3761 3762 3833 σπείρων

2175 3837 2271 3890 καὶ
2303 3837 2620 3908 διερεθίζων
2646 3839 2744 3910 τὴν
2771 3840 2951 3914 ψυχὴν
2973 3845 3186 3915 ἡδοναῖς
3210 3845 3489 3918 σώματος,
3519 3853 3759 3926 ἀποστῇ-

2175 3944 2267 3981 σαι
2319 3928 2418 3998 τῆς
2472 3928 2623 3994 θείας
2667 3932 2887 4002 ἀγάπης
2947 3935 3046 4004 τὴν
3091 3935 3277 4006 ἔφεσιν
3323 3943 3757 4011 μηχανώμενος’

2173 4018 2264 4073 τὸν
2291 4019 2348 4073 δὲ
2384 4022 2714 4090 σοφιστικῶς
2747 4022 3073 4091 ὲξαιτεῖται,
3108 4027 3175 4080 δι’
3192 4028 3386 4097 ὀδύνης
3413 4032 3644 4104 φθεῖραι
3672 4037 3757 4104 τὴν

2173 4110 2334 4180 φύσιν
2383 4110 2725 4182 βουλόμενος,
2785 4115 2870 4170 ἵνα
2920 4115 3175 4188 βιάσηται
3213 4120 3311 4191 τὴν
3343 4121 3548 4194 ψυχὴν,
3575 4127 3755 4197 ἀτονία

2173 4203 2350 4258 πόνων
2379 4205 2815 4275 καταϐληθεῖσαν
2835 4247 2851 4273 ,
2911 4211 3050 4281 πρὸς
3076 4213 3174 4284 τὴν
3201 4213 3296 4266 τοῦ
3326 4214 3620 4282 κτίσαντος
3645 4219 3754 4272 δια-

2175 4294 2337 4365 ϐολὴν
2371 4296 2590 4365 κινῆσαι
2619 4297 2746 4359 τοὺς
2774 4297 3090 4370 λογισμούς.

2141 4383 2306 4456 366
2348 4383 2656 4456 fraudeque
2746 4387 3126 4459 deposcendo,
3197 4394 3302 4449 hoc
3354 4407 3648 4470 satagens,
3699 4411 3750 4455 ut

494 4483 683 4539 dolore
730 4495 795 4534 ac
855 4477 1104 4534 cruciatu
1165 4476 1490 4532 labefactata
1519 4487 1736 4541 natura,
1779 4477 2021 4532 animum
2087 4478 2367 4534 laboribus
2432 4479 2781 4535 fatiscentem
2823 4481 2892 4536 ad
2949 4482 3227 4540 Creatoris
3267 4487 3536 4560 injuriam
3578 4508 3747 4549 κα-

497 4573 762 4629 lumniam
821 4578 997 4640 cogat.

562 4661 675 4716 Nos
725 4675 880 4724 vero,
924 4674 1064 4729 quos
1107 4674 1218 4714 non
1268 4660 1474 4714 lateant
1518 4661 1646 4715 mali
1696 4663 1946 4729 consilia,
2011 4663 2067 4719 id
2097 4679 2148 4739 ι)

492 4752 717 4823 quidem
761 4765 934 4821 genus
972 4751 1292 4805 tentationis
1336 4751 1482 4820 quod
1521 4753 1801 4809 voluntate
1863 4756 2065 4811 comite

491 4853 598 4909 est,
621 4843 1005 4912 deprecemur,
1031 4857 1099 4896 ne
1133 4857 1164 4895 a
1189 4841 1377 4896 divina
1403 4843 1696 4900 dilectione
1729 4844 2065 4902 desiderium

489 4931 660 4988 animi
709 4931 1096 4986 abstrahamus
1132 4949 1144 4983 :
1180 4931 1324 5000 quod
1373 4941 1558 4987 autem
1601 4934 1904 4990 violentum
1958 4945 2062 5000 est,

491 5041 614 5079 cum
680 5023 778 5079 Dei
836 5022 1110 5093 permissu
1162 5033 1410 5094 nutuque
1473 5027 1777 5094 advenerit,
1839 5038 2064 5085 strenue

489 5115 729 5186 fortique
759 5116 943 5170 animo
981 5115 1388 5182 sustineamus,
1425 5125 1486 5171 ut
1523 5126 1732 5173 naturae
1767 5119 2061 5178 Auctorem

490 5206 594 5276 ipsi
648 5206 796 5261 clare
867 5215 1078 5261 natura:
1131 5222 1232 5261 nos
1293 5209 1604 5277 pratulisse
1667 5217 2060 5267 monstremur.

487 5294 706 5351 Utinam
746 5310 881 5348 vero
911 5309 1105 5350 omnes
1134 5296 1228 5365 qui
1255 5310 1454 5351 nomen
1486 5296 1702 5350 Domini
1732 5299 1906 5353 nostri
1931 5299 2060 5355 Jesu

484 5385 689 5443 Christi
729 5386 1068 5452 invocamus,
1105 5397 1220 5442 tum
1269 5403 1299 5442 a
1335 5387 1459 5443 vitae
1509 5387 1674 5458 hujus
1713 5390 2060 5446 delectabili-

490 5474 745 5547 bus,quae
775 5478 902 5531 mali
923 5479 1630 5551 suggestioncingeruntur,
1659 5491 1772 5535 tum
1799 5497 1830 5537 a
1856 5482 2058 5540 futurae

557 5647 599 5677 “
627 5648 814 5705 Matth.
844 5667 987 5716 xxva,
1023 5654 1110 5707 lii.
1191 5655 1233 5686 "’
1266 5654 1380 5709 Jac.
1414 5671 1451 5718 1,
1480 5655 1547 5722 Ως
1583 5657 1740 5710 Rom.
1773 5673 1825 5722 ν,
1855 5658 1909 5711 4.

2256 4663 2394 4716 Ἀλλ’
2414 4664 2789 4732 ἐπεγνωκότες
2814 4668 2974 4737 ἡμεῖς
3002 4668 3097 4722 τοῦ
3129 4671 3368 4742 πονηροῦ
3398 4674 3470 4728 τὰ
3495 4678 3751 4747 νοήματα,

2165 4753 2258 4808 τὸν
2302 4755 2399 4826 μὲν
2447 4755 2694 4810 ἑκούσιον
2741 4759 3112 4830 ἀπευξιῦμεθα
3160 4765 3509 4834 πειρασμὸν,
3569 4769 3654 4821 ἵνα
3682 4770 3748 4838 μὴ

2165 4846 2266 4915 τῆς
2293 4846 2438 4910 θείας
2483 4849 2704 4918 ἀγάπης
2735 4848 2832 4920 τὴν
2860 4849 3047 4920 ἔφεσιν
3078 4854 3486 4926 ἀποστήσωμεν
3507 4875 3522 4888 ·
3585 4861 3673 4913 τὸν
3699 4861 3748 4912 ὀὶ

2166 4937 2421 4992 ἀκούσιον
2483 4941 2846 5010 ἐπερχόμενον
2903 4947 3251 5016 συγχωρήσει
3297 4947 3436 5002 Θεοῦ
3489 4955 3743 5019 γενναίως

2165 5031 2568 5102 ὑπομείνωμεν,
2622 5035 2710 5088 ἵνα
2733 5035 2994 5105 φανῶμεν
3026 5041 3499 5111 προτετιμηκότες
3531 5045 3631 5114 τῆς
3657 5045 3746 5112 σὲ-

2165 5139 2338 5188 σεως,
2389 5123 2479 5177 τὸν
2518 5124 2740 5194 κτίστην
2779 5127 2879 5196 τῆς
2917 5127 3151 5194 φύσεως.
3213 5130 3435 5186 Γένοιτο
3461 5134 3525 5188 δὲ
3559 5138 3745 5198 πάντας

2164 5213 2310 5283 ἡμᾶς
2337 5215 2463 5278 τοὺς
2487 5216 2949 5287 ἐπικαλουμένους
2969 5219 3028 5272 τὸ
3053 5221 3224 5292 ὄνομα
3249 5223 3344 5276 τοῦ
3373 5226 3585 5292 Κυρίου
3608 5229 3745 5299 ἠρῶ)

2177 5304 2352 5375 ’1ησοῦ
2383 5307 2621 5378 Χριστοῦ
2647 5351 2663 5374 ,
2719 5309 2828 5364 τῶν
2858 5327 2919 5364 τε
2946 5311 3041 5365 νῦν
3071 5313 3244 5384 ἡδέων
3271 5315 3366 5369 τοῦ
3393 5321 3638 5392 πονηροῦ
3662 5322 3742 5373 λο-

2159 5398 2469 5470 τρωθῆναι,
2527 5402 2623 5455 καὶ
2660 5402 2770 5457 τῶν
2809 5403 3108 5473 μελλόντων
3146 5407 3416 5475 ἀλγεινῶν
3453 5413 3744 5484 ἐλευθερω-

2163 5486 2355 5558 θῆναι,
2418 5492 2482 5561 τῇ
2538 5492 2754 5562 μεθέξει
2801 5493 2902 5564 τῆς
2947 5495 3066 5549 κατ’
3096 5491 3236 5560 εἶδος
3289 5499 3402 5554 τῶν
3450 5502 3741 5570 μελλόντων
