3876 6314
200 301 312 368 909

1124 302 1527 365 EXPOSITIO
1582 305 1992 368 ORATIONIS
2049 304 2457 372 DOMINICIE.

3343 311 3448 378 910

201 421 428 485 ἀγαθων
451 411 797 474 ὑποστάσεως
812 452 828 479 ,
882 412 1211 487 ἐποφθείσης
1232 418 1365 487 ἡμῖν
1388 419 1447 471 ἐν
1473 418 1621 489 αύτῷ
1645 419 1778 490 Χρι-

1895 419 2135 476 tristibus
2159 435 2224 476 ac
2262 419 2651 476 cruciamentis
2690 434 2969 487 eruamur,
3012 420 3132 491 ipso
3184 435 3285 491 per
3320 437 3449 493 spe-

204 508 320 577 στῷ
350 507 427 575 τῷ
457 504 646 574 Κυρίῳ
672 503 858 574 ἡμῶν,
904 506 983 576 τῷ
1015 506 1159 577 μόνῳ
1194 508 1289 561 σὺν
1316 506 1491 580 Πατρὶ
1523 510 1616 562 καὶ
1641 510 1781 581 ἁγίῳ

199 598 483 669 Πνεύματι
532 594 871 667 δοξαζομένῳ

212 692 404 762 Ἀμήν.

951 598 1100 669 παρὰ
1157 600 1335 670 πάσης
1383 600 1485 671 τῆς
1527 601 1777 665 κτίσεως.

850 890 1123 947 ΣΧΟΛῙΔ.

271 980 341 1037 α’.
376 982 467 1036 Fr.
498 982 704 1036 Ταυτὸν
732 983 824 1035 ἐπὶ
852 982 986 1035 Θεοῦ
1013 980 1175 1052 βουλὴ
1199 981 1291 1034 καὶ
1316 980 1585 1051 βούλησις.

276 1074 341 1144 β’.
390 1075 664 1139 Ἔπαίνου,
719 1076 870 1144 φησὶ,
922 1074 1014 1127 καὶ
1049 1073 1215 1143 ψόγου
1251 1075 1392 1127 κατὰ
1420 1072 1578 1141 φύσιν
1602 1072 1777 1145 ὑπάρ-

194 1186 313 1240 χων
347 1168 373 1220 ό
399 1167 555 1235 λόγος
582 1166 864 1237 ἐλεύθερος
886 1206 900 1229 ,
948 1165 1135 1235 ἀπαθῆ
1169 1166 1315 1218 ποιεῖ
1341 1164 1432 1217 τὸν
1467 1166 1610 1235 μόνῳ
1636 1163 1776 1234 λόγῳ

194 1263 301 1331 ζῇν
327 1258 775 1330 προαιρούμενον·
812 1257 1063 1327 χωρίζειν
1089 1257 1288 1311 πείθων
1309 1256 1418 1310 τῶν
1441 1255 1777 1327 φθοροποιῶν

192 1351 301 1419 τῆς
348 1351 528 1420 ψυχῆς
577 1350 676 1421 τὴν
724 1349 1052 1419 ἐπιθυμίαν·
1115 1344 1184 1420 ἦς
1230 1349 1638 1418 ἀπογενομένης
1668 1347 1777 1401 τῶν

193 1442 402 1496 ὑλικῶν
422 1483 436 1509 ,
493 1442 614 1495 οὔτε
644 1443 753 1495 τῶν
778 1440 1169 1505 ἐπαινούντων,
1222 1438 1344 1494 οὔτε
1374 1440 1483 1494 τῶν
1502 1440 1777 1511 ψεγόντων

188 1536 275 1599 ὼς
298 1537 540 1606 πάσχων,
576 1535 604 1588 ό
632 1532 883 1598 καθ”ἐξιν
906 1535 1078 1604 πρᾶος
1108 1531 1439 1598 αἰσθάνεται,

268 1814 303 1865 γ
324 1834 338 1849 .
376 1795 501 1849 Ven.
530 1803 580 1848 et
604 1792 699 1848 Fr.
747 1792 988 1855 Ἀνίσους
1014 1790 1282 1853 διαθέσεις
1320 1790 1491 1857 λέγει,
1512 1788 1611 1851 τὰς
1639 1787 1777 1858 πρδς
1807 1751 1849 1807 Β

192 1888 401 1951 ἑαυτὰς
435 1888 532 1956 τὴν
559 1886 736 1957 ψυχὴν
770 1883 1105 1955 μορφούσας,
1156 1881 1250 1935 τοῦ
1275 1898 1333 1933 τε
1359 1879 1531 1950 θυμοῦ
1562 1880 1655 1933 καὶ
1679 1879 1777 1949 τῆς

193 1980 492 2049 ἐπιθυμίας
519 1980 789 2049 κινήσειςο
828 1970 903 2030 ὧν
932 1974 1214 2045 ἐλεύθερον
1245 1968 1385 2026 εἶναι
1413 1972 1492 2025 δεῖ
1525 1971 1616 2025 τὸν
1638 1971 1777 2040 Χρι-

193 2069 325 2123 στοῦ
357 2069 627 2140 μαθητήν·
664 2070 802 2139 μήτε
833 2068 987 2139 χύσει
1017 2066 1112 2119 τοῦ
1147 2065 1277 2135 περὶ
1298 2063 1525 2135 καρδίαν
1549 2062 1778 2132 αἵματος

194 2162 335 2233 πρὸς
361 2161 555 2231 ἡδονὰς
583 2160 979 2225 ὀλισθαίνοντα,
1017 2159 1154 2228 μήτε
1187 2155 1336 2221 ζέσει
1366 2152 1461 2208 τοῦ
1494 2154 1623 2226 περὶ
1646 2170 1778 2223 καρ-

192 2255 313 2307 δίαν
346 2254 573 2323 αϊματος
604 2252 741 2323 πρὸς
759 2251 928 2322 ὀργὰς
958 2249 1372 2319 ἐκμαινόμενον.

264 2344 325 2398 δ’.
365 2342 454 2397 Fr.
490 2342 680 2410 Λόγων
710 2342 954 2412 δηλονότι
988 2337 1304 2409 Ἑλληνικοῦ
1338 2339 1432 2391 καὶ
1460 2334 1772 2389 ἰουδαῖκοῦο

192 2429 270 2490 ὧν
317 2437 375 2490 ἐν
418 2434 641 2506 Χριστῷ
694 2432 973 2496 παντελῶς
1016 2432 1211 2494 οὐδείς.
1261 2430 1487 2500 Ἐπίσης
1519 2430 1628 2499 γὰρ
1676 2426 1777 2497 τῆς

193 2527 533 2597 πολυαρχίας
554 2568 569 2591 ,
623 2526 720 2580 καὶ
751 2526 848 2597 τῆς
879 2526 960 2579 ἐνὶ
989 2523 1264 2595 προσώπῳ
1294 2521 1776 2593 περιγραφομένης

196 2622 512 2691 μοναρχίας,
554 2620 582 2672 ὁ
610 2617 703 2671 τοῦ
730 2615 965 2690 Χριστοῦ
996 2615 1295 2688 καθαρεύει
1325 2615 1504 2683 λόγος.

265 2810 326 2858 ε’.
356 2802 446 2856 Fr.
471 2802 546 2854 oe
573 2800 681 2871 γὰρ
717 2798 863 2853 κατὰ
885 2796 1162 2868 γέννησιν,
1198 2796 1232 2867 ἢ
1262 2796 1509 2867 πρόοδον,
1540 2797 1660 2867 ἦτοι
1685 2796 1777 2850 ἐκ·

192 2913 409 2967 φανσιν.

269 2994 341 3052 ς’.
378 2986 467 3040 Fr.
505 2986 629 3048 Πῶς
669 3002 753 3048 τις
800 2983 1023 3037 δύναται
1071 2982 1287 3052 ἀφιέναι
1333 2982 1443 3044 τοῖς
1476 2980 1776 3050 ὀφειλέταις

191 3079 262 3133 τὰ
289 3078 630 3148 ὀφειλήματα
648 3095 663 3143 ;

264 3172 329 3236 ζ’.
380 3170 471 3225 Fr.
520 3171 651 3233 Ταῖς
693 3169 802 3224 τῶν
828 3168 1014 3239 ψυχῶν
1054 3167 1213 3239 ἡμῶν
1258 3166 1560 3221 διαθέσεσιν
1592 3167 1625 3236 ὴ
1653 3164 1773 3219 θεία

187 3263 420 3326 δεόντως
451 3262 823 3332 ἐφαρμόζεται
847 3260 1185 3331 δικαιοσύνη,
1216 3259 1439 3331 τοιαύτη
1466 3260 1597 3330 ἡμῖν
1630 3275 1774 3326 γινο-

193 3355 356 3426 μένη,
374 3356 517 3417 οἴους
549 3355 801 3426 ἀλλήλοις
819 3355 1043 3416 ἑαυτοὺς
1066 3352 1413 3423 πεποιήμεθα
1433 3365 1447 3380 °
1476 3352 1569 3405 καὶ
1599 3350 1773 3404 τοιοῦ-

188 3464 285 3501 τον
314 3451 445 3518 ἡμῖν
471 3448 653 3511 αὐτοῖς
686 3447 779 3500 τὸν
815 3447 947 3499 Θεὸν
985 3445 1319 3509 καθιστῶσα,
1355 3445 1500 3507 οἴους
1530 3442 1771 3513 φθάσαν-

192 3555 290 3602 τες
319 3539 429 3601 τοῖς
454 3535 840 3607 όμοιοπαθέσιν
872 3535 1095 3598 ἑαυτοὺς
1118 3533 1469 3605 διεθήκαμεν.
1545 3538 1562 3550 '

264 3715 335 3786 η’.
384 3714 442 3767 Ὀ
476 3714 575 3784 τῆς
598 3712 809 3783 φύσεως
838 3711 1013 3779 λόγος,
1046 3710 1200 3781 φησὶ,
1250 3709 1344 3761 καὶ
1372 3708 1533 3777 νόμος
1566 3707 1771 3774 γίνεται

189 3807 433 3878 φύσεως,
467 3808 759 3877 λαμϐάνων
789 3802 1185 3874 συμφωνοῦσαν
1214 3800 1313 3871 τὴν
1338 3798 1565 3871 γνώμην
1590 3801 1667 3861 εἰς
1691 3799 1773 3851 ἐν-

186 3898 413 3971 έργειαν
445 3899 553 3951 τῶν
587 3897 726 3952 κατὰ
755 3897 915 3966 φύσιν
943 3895 1242 3965 δυνάμεων.
1533 3904 1545 3917 '

1884 512 2024 567 ciem
2054 512 2239 567 donati
2262 512 2582 568 substantia:
2614 510 2886 566 bonorum
2908 511 3259 577 commercio,
3293 525 3451 582 cujus

1883 612 2103 673 aspectu
2152 603 2423 668 fruamur,
2478 603 2531 657 in
2564 603 2683 672 ipso
2710 601 2930 658 Christo
2976 602 3208 657 Domino
3235 610 3445 668 nostro,

1882 694 1977 762 qui
2027 693 2178 747 solus
2208 707 2333 747 cum
2361 693 2522 748 Patre
2562 701 2618 747 et
2668 692 2879 763 Spiritu
2928 703 3120 748 sancto
3167 709 3197 747 a
3248 694 3450 748 creatis

1881 782 2138 837 omnibus
2186 783 2457 837 laudatur.
2508 783 2696 838 Amen.

2530 890 2844 945 SCHOLIA.

1952 979 2003 1033 Ι.
2044 981 2141 1035 Dei
2173 981 2317 1036 idem
2350 980 2642 1036 consilium
2697 988 2781 1035 est
2828 994 2893 1034 ac
2938 968 3211 1038 voluntas.

1948 1072 2002 1125 2.
2043 1070 2180 1126 Cum
2213 1072 2360 1126 enim
2391 1072 2533 1125 ratio
2558 1080 2755 1125 natura
2780 1086 2811 1124 a
2844 1072 3004 1125 laude
3032 1082 3195 1142 atque
3233 1074 3450 1147 vitupea

1880 1161 1963 1217 rio
1990 1160 2166 1216 libera
2187 1162 2291 1228 sit;
2317 1177 2442 1216 eum
2471 1162 2539 1216 ab
2560 1161 2847 1217 affectibus
2882 1162 3179 1218 immunem
3208 1175 3446 1235 praestat,

1880 1252 1975 1324 qui
2000 1262 2061 1308 ut
2086 1253 2200 1308 sola
2224 1253 2371 1307 vivat
2393 1253 2605 1308 ratione
2634 1253 2688 1306 in
2714 1253 2958 1307 animum
2985 1254 3225 1321 inducit;
3251 1272 3448 1328 nempe

1879 1344 2115 1399 suadens
2147 1352 2205 1400 ut
2231 1344 2399 1399 animi
2430 1344 2783 1413 cupiditatem
2813 1344 2882 1399 ab
2908 1345 2975 1399 iis
3002 1345 3302 1412 abstrahat,
3329 1365 3450 1418 qua:

1879 1437 2287 1507 corruptionem
2326 1437 2616 1506 labemque
2648 1436 2934 1491 inducunt.
2979 1435 3114 1503 Qua,
3156 1452 3185 1490 a
3216 1440 3451 1495 terrenis

1878 1526 2156 1598 abiuneta,
2207 1525 2303 1595 qui
2357 1525 2550 1579 habitu
2598 1525 2749 1580 mitis
2792 1537 2896 1590 est,
2952 1541 3131 1595 neque
3163 1526 3452 1582 laudantes

1876 1618 2047 1672 sentit
2103 1630 2285 1685 neque
2335 1615 2731 1685 vituperantes,
2786 1615 2943 1685 quasi
3002 1618 3271 1672 alterutro
3338 1618 3454 1672 alii.

1878 1709 2077 1764 ciatur.

1949 1802 2003 1856 5.
2044 1800 2340 1871 lnaequales
2387 1797 2711 1854 affectiones
2751 1807 2934 1863 vocat,
2981 1799 3079 1853 irae
3128 1798 3340 1855 scilicet
3388 1815 3452 1855 ac

1878 1891 2199 1961 cupiditatis
2252 1899 2455 1957 motus,
2503 1905 2570 1944 ex
2612 1889 2699 1943 sui
2752 1889 2964 1944 ratione
2999 1891 3243 1944 animum
3284 1891 3458 1945 infer»

1878 1989 2112 2046 mantes,
2145 1998 2176 2036 a
2212 1980 2669 2052 quibusliberum
2694 1995 2815 2035 esse
2849 1989 3069 2050 oportet
3110 1981 3316 2036 Christi
3363 1982 3443 2036 di-

1878 2072 2183 2141 scipulum;
2231 2079 2292 2124 ut
2313 2085 2492 2139 neque
2543 2069 2825 2139 sanguinis
2851 2069 2999 2123 circa
3030 2085 3125 2124 cor
3157 2070 3451 2126 difl‘usione

1876 2161 1946 2215 ad
1975 2161 2233 2216 libidines
2261 2161 2601 2230 prolabatur,
2632 2175 2812 2229 neque
2862 2160 3145 2231 sanguinis
3178 2162 3324 2217 circa
3355 2178 3453 2217 cor
3526 2230 3527 2233 η

1877 2252 2200 2306 accensione
2246 2252 2340 2306 iraa
2377 2250 2565 2306 furore
2598 2251 2924 2305 concitetur.

1945 2343 2000 2396 4.
2043 2341 2271 2406 Horum,
2317 2340 2613 2396 Gracanici
2645 2340 2853 2394 scilicet
2892 2355 2956 2394 ac
2988 2341 3205 2397 Iudaici
3233 2359 3443 2399 sermo-

1876 2432 1999 2497 nis,
2046 2439 2245 2487 neuter
2290 2446 2519 2501 prorsus
2554 2431 2609 2485 in
2646 2430 2867 2487 Christo
2903 2440 3007 2487 est.
3044 2433 3278 2490 Perinde
3304 2436 3451 2490 enim

1876 2523 2082 2580 Christi
2116 2538 2300 2578 sermo
2339 2538 2403 2577 ac
2442 2522 2693 2578 doctrina
2717 2539 2748 2578 a
2782 2523 3092 2595 principatu
3124 2525 3280 2582 abest
3304 2527 3452 2584 inter

1876 2617 2080 2672 multos
2110 2616 2310 2680 diviso,
2338 2624 2395 2670 et
2420 2616 2487 2671 ab
2525 2630 2614 2681 eo,
2655 2616 2749 2687 qui
2784 2617 2901 2687 ipse
2938 2632 3102 2684 unus,
3127 2619 3291 2675 unius
3322 2636 3451 2692 per—

1878 2719 2025 2758 sonae
2055 2703 2321 2773 angustiis
2370 2713 2634 2758 arctatur.

1947 2792 2000 2847 5.
2038 2792 2160 2847 Non
2193 2793 2344 2847 enim
2385 2794 2758 2867 generatione,
2802 2804 2899 2850 aut
2938 2798 3289 2867 processione
3333 2801 3450 2858 sive

1877 2892 2002 2938 ortu
2037 2898 2102 2938 ac
2149 2883 2295 2953 quod
2327 2883 2581 2939 eluxerit.
2680 2866 2693 2883 ’

1950 2974 2002 3029 θ.
2043 2974 2294 3041 Quonam
2343 2975 2509 3030 modo
2550 2983 2734 3045 potest
2777 2976 2901 3047 quis
2946 2977 3227 3038 dimittere
3264 2983 3449 3040 debita

1802 3080 1849 3139 (ς
1879 3068 2261 3125 debitoribus?

1943 3160 1993 3213 7.
2036 3159 2229 3214 Divina
2266 3159 2663 3215 convenienter
2686 3161 2918 3232 justitia,
2958 3163 3123 3218 animi
3164 3166 3333 3220 nostri
3365 3166 3448 3223 af-

1871 3248 2109 3305 fectibus
2135 3256 2387 3317 aptatur;
2425 3250 2549 3303 talis
2571 3250 2785 3306 scilicet
2816 3251 2931 3321 ipsa
2964 3253 3124 3309 nobis
3154 3256 3447 3322 exsistens,

1872 3339 2064 3410 quales
2092 3340 2183 3394 alii
2211 3340 2335 3395 aliis
2353 3356 2453 3395 nos
2478 3341 2580 3410 ipsi
2603 3342 2950 3410 exsistimus;
2979 3344 3258 3416 Deumque
3285 3348 3449 3404 talem

1872 3431 2032 3485 nobis
2062 3432 2425 3498 constituens,
2462 3433 2652 3503 quales
2697 3449 2825 3505 erga
2867 3436 3116 3507 ejusdem
3152 3440 3317 3495 sortis
3340 3441 3446 3496 mi-

1873 3522 2038 3578 sellos
2078 3522 2331 3580 homines
2373 3535 2537 3595 atque
2588 3526 2847 3582 mortales
2894 3542 2998 3583 nos
3041 3528 3144 3599 ipsi
3190 3532 3445 3587 exhibui-

1873 3628 2013 3668 IDUS.

1941 3708 1994 3762 8.
2036 3710 2254 3765 Natura:
2284 3711 2424 3765 ratio
2458 3712 2512 3765 in
2536 3723 2745 3767 natura;
2790 3714 2962 3784 ipsam
2990 3714 3164 3786 legem
3193 3716 3445 3785 vertitur,

1872 3801 2210 3857 voluntatem
2244 3818 2531 3858 assumens
2574 3821 2695 3873 qua:
2746 3821 3028 3860 assensum
3075 3809 3314 3876 praebeat
3347 3826 3446 3863 na-

1873 3889 2132 3944 turalium
2173 3891 2480 3961 operationi
2524 3892 2725 3946 virium
2757 3910 2819 3947 ac
2855 3892 3192 3949 facultatum.

1084 4080 3433 4119 rm

256 4103 435 4114 ...υ-

1141 4235 1493 4299 MONITUM
1534 4235 1634 4295 AD
1672 4234 1967 4296 LIBRUM
2008 4234 2448 4297 ASCETICUM.

184 4408 191 4413 ‘
284 4393 537 4458 Maximi
610 4392 833 4453 librum
891 4388 1228 4451 asceticum
1277 4386 1381 4465 (id
1429 4392 1559 4465 est,
1610 4384 1693 4446 ad
1726 4384 2021 4465 pietatem
2061 4393 2478 4465 exercentem,
2524 4382 2797 4465 ut;dixit_
2818 4382 3103 4465 Nobilius
3151 4386 3259 4463 qui
3304 4387 3444 4465 ipse

182 4476 405 4539 Latine
440 4468 927 4551 reprtesentaVit,
966 4474 1027 4528 et
1055 4461 1451 4551 Betriacum
1486 4461 2177 4551 aliquotZChrysostomi
2215 4468 2275 4551 et
2315 4463 2557 4551 duabus
2594 4461 2801 4551 Basilii
2833 4462 3117 4551 epistolis
3153 4461 3256 4551 an.
3295 4461 3443 4551 1578

184 4554 409 4631 edidit)
463 4540 644 4631 nullo
686 4548 809 4608 alio
856 4540 1432 4631 cemmodiusloeo
1470 4540 1671 4604 visum
1719 4540 1890 4631 dare,
1933 4557 2121 4620 quam
2165 4541 2712 4631 ut__subnecterem
2757 4540 3033 4631 Orationi
3079 4543 3439 4631 Dominicis,

182 4633 283 4695 sic
323 4617 446 4710 pie,
485 4629 854 4698 luculenter,
888 4632 948 4710 et
988 4624 1066 4710 ad
1116 4621 1433 4710 charitatis
1477 4636 1756 4710 sensum,
1795 4621 1873 4707 ab
1917 4617 1995 4680 eo
2039 4620 2380 4710 expositae:
2418 4638 2606 4710 quam
2649 4617 3012 4709 charitatem
3047 4632 3118 4682 ac
3150 4617 3442 4710 dilectio:-

182 4697 361 4783 neni,
390 4697 523 4769 toto
567 4714 793 4767 nostra;
826 4697 1041 4763 Salutis
1070 4700 1325 4783 negotio
1361 4700 1604 4783 cunctis
1639 4697 1980 4783 dominam,
2016 4703 2077 4759 et
2120 4714 2382 4783 scopum
2426 4697 2751 4783 adfinem,
2790 4699 3197 4783 omniumque
3237 4700 3441 4783 admi-

180 4775 449 4850 randam
481 4783 1010 4864 complexionem,
1044 4787 1103 4864 et
1133 4775 1569 4864 sanctitatisrae
1598 4775 2017 4864 perfectionis
2041 4775 2269 4864 metam
2298 4778 2365 4864 in
2394 4791 2471 4864 eo
2500 4777 2802 4864 Maximus
2837 4775 3403 4864 mirificenlaudavit
3418 4798 3438 4853 ;

182 4866 556 4945 liquideque
605 4854 763 4945 adeo
808 4860 978 4945 nulla
1022 4857 1459 4945 allegoriarum
1500 4854 1785 4945 ambage,
1823 4860 1930 4915 aut
1971 4854 2115 4945 styli
2159 4855 2919 4945 productior'isanfractu,
2950 4855 3237 4945 familiari
3276 4858 3439 4945 duo:

182 4933 330 5008 nim
381 4933 701 5031 colloquio
751 4956 862 5028 sua
908 4938 1009 4999 hic
1052 4933 1330 5031 digessit,
1362 4941 1433 4995 ut
1476 4934 1678 5031 nullas
1724 4940 2126 5031 meas‘notas‘
2150 4933 2429 5031 primum
2460 4933 2848 5021 adhibendas
2889 4933 3234 5031 putat/prim
3272 4954 3287 4995 :
3324 4937 3442 4997 etsi

180 5024 329 5111 ipsa
362 5011 590 5085 Nobilii
621 5011 1171 5111 versiouunusqu‘e
1212 5014 1345 5111 fere
1390 5019 1497 5074 aut
1524 5013 1697 5111 ialter
1744 5011 2067 5111 scriptura)
2113 5012 2435 5111 locuszut
2470 5028 2551 5073 ne
2590 5012 2847 5111 omnino
2886 5011 2960 5111 iis
2999 5012 3299 5111 intactum
3336 5031 3439 5111 re-

180 5089 983 5180 linquerem,_suasit.7Hoc
1016 5089 1185 5180 certe
1228 5092 1464 5180 audens
1503 5091 1707 5180 dicam
1748 5089 1815 5180 in
1861 5089 2466 5180 Patrumaseeticis,
2520 5107 2667 5180 quin
2706 5094 2871 5180 tanta
2900 5090 3131 5151 Graecis
3148 5097 3435 5180 "exstant,

183 5197 264 5241 ac
308 5167 449 5250 quea
493 5167 695 5238 adhuc
744 5191 970 5250 magna
1014 5178 1246 5249 segete,
1288 5168 1857 5250 necdumrvulgata
1900 5167 2158 5250 possint
2195 5168 3093 5250 repraasentari,_ascetamque
3142 5168 3436 5250 formant,

186 5199 264 5241 ac
354 5199 449 5239 U83
493 5199 695 5238 annue
745 5199 970 5250 magna
1014 5199 1246 5249 susum,
1288 5199 1558 5231 lmuuuul
1612 5199 1850 5244 vulgatu
1902 5199 2142 5245 ιιυδδιιιι
2196 5199 2652 5246 rcprwauumu,
2694 5199 3093 5246 aauutauiquc
3142 5199 3436 5242 tunudut,

186 5199 347 5319 milia
394 5272 725 5317 occurrere
763 5253 934 5331 quod
972 5252 1036 5311 in
1060 5267 1156 5331 eo
1195 5265 1424 5331 genere
1472 5247 1723 5331 majoris
1754 5246 1955 5331 videri
1993 5246 2212 5331 possit,
2248 5252 2361 5331 aut
2389 5246 2555 5325 quod
2598 5245 2832 5331 utilius,
2875 5246 3152 5331 omnium
3197 5248 3438 5331 virtutis

184 5314 498 5413 palaestra
520 5314 910 5395 merentium
958 5330 1073 5390 teri
1128 5314 1446 5413 manibus,
1498 5314 1707 5413 inque,
1748 5323 1901 5396 illis,
1953 5314 2047 5383 vel
2099 5314 2827 5413 mo'nastieesreligiosa
2875 5326 3293 5413 institutione,
3340 5314 3437 5413 vel

184 5403 513 5476 communi
558 5414 694 5490 ipsa
733 5416 1119 5490 augustaque
1162 5406 1503 5490 Christiana
1547 5410 1714 5465 sorte
1755 5420 1825 5463 ac
1846 5403 2358 5490 nuncupatione,
2395 5403 2645 5490 assidue
2681 5403 2932 5490 versari.
2970 5404 3179 5463 Prodit
3209 5420 3285 5490 ex_
3320 5403 3439 5464 du-

190 5492 345 5570 plici
391 5494 527 5551 Em.
572 5480 739 5570 card.
774 5480 1061 5570 Mazarini
1092 5484 1233 5544 cod.
1265 5483 1768 5570 membranaceo,
1809 5480 2004 5542 altero
2041 5481 2321 5558 antiquo,
2368 5481 2564 5544 altero
2616 5480 3021 5559 bombycino,
3063 5481 3311 5543 emend.
3358 5498 3434 5543 ex

188 5560 453 5632 ineliore
503 5568 701 5645 Raph.
744 5563 1041 5635 Dufrenii,
1076 5578 1242 5626 nunc
1277 5560 1499 5639 Regio.
