3876 6314
441 313 539 380 9H

461 487 2479 524 ________________________.________.._.

1614 299 1674 360 S.
1716 294 2002 360 MAXIMI
2037 287 2546 356 CONFESSORIS

3624 283 3733 348 912

2491 485 2854 500 Μ.

1511 633 1650 691 ΤΟΥ
1704 629 1798 689 ΕΝ
1853 627 2081 687 ΔΙῚΟῙΣ
2134 624 2408 685 ΙΙΔΤΡΟΣ
2463 623 2664 684 ΗΜΩΝ

969 793 1700 931 ΜΑΞΙΜΟΥ
1755 795 2058 914 ΤΟΥ
2121 787 3226 912 ΟΜΟΔΟΓΗΤΟΥ

1519 1018 1888 1110 ΛΟΓΟΣ
1964 1012 2610 1105 ΑΣΚΗΤΙΚΟΣ

1644 1201 1806 1256 Κατὰ
1830 1198 2052 1254 πεῦσιν
2081 1195 2180 1252 καί
2205 1197 2552 1267 ἀπόκρισιν.

850 1513 981 1640 s.
1081 1512 1218 1635 P.
1313 1508 1462 1630 N.
1557 1497 2163 1628 MAXIM]
2221 1493 3327 1666 .CONFESSORIS

1446 1763 1865 1879 LIBER
1963 1753 2562 1872 ASCETIC
2584 1754 2752 1872 US

1586 1985 1652 2066 (ι.
1689 2003 1751 2046 ιε.
1801 2001 1881 2044 an
1913 1996 2222 2045 prmum
2268 1981 2617 2060 EXERCENS)

1425 2154 1549 2214 Per
1571 2146 2135 2225 interrogationem
2171 2155 2232 2209 et
2264 2145 2769 2225 responsionem.

846 2449 1007 2525 367
1072 2447 1374 2514 FRATER,
1411 2446 1658 2504 SENEX.

536 2553 588 2610 i.
627 2551 819 2608 Frater
848 2543 1213 2616 interrogavit
1235 2555 1424 2600 senem
1451 2541 1541 2596 his
1562 2539 1752 2596 verbis
1789 2554 1802 2592 :
1832 2537 2047 2593 Amabo

464 2655 540 2712 te,
575 2643 649 2700 mi
693 2639 1006 2706 Pater,'dic
1052 2636 1211 2699 mihi,
1246 2649 1356 2706 quo
1405 2641 1637 2706 spectet,
1686 2633 1880 2702 quisve
1929 2632 2051 2702 eius

465 2735 590 2792 ﬁnis
637 2732 783 2804 quod
821 2729 1088 2798 Dominus
1118 2727 1284 2780 homo
1325 2724 1502 2779 factus
1540 2718 1793 2776 est?Cui
1821 2732 2051 2789 respon-

465 2827 550 2882 dit
593 2840 761 2882 senex
790 2841 803 2876 :
835 2821 1004 2877 Miror
1041 2827 1117 2882 te,
1152 2817 1344 2880 frater,
1371 2814 1467 2885 qui
1524 2811 1772 2883 quotidie
1821 2809 2052 2882 Symbo—

466 2915 581 2970 lum
624 2911 750 2967 lidci
798 2909 1011 2972 audias,
1060 2903 1208 2975 quod
1250 2918 1339 2957 me
1396 2916 1460 2956 ea
1506 2900 1574 2954 de
1627 2913 1688 2952 re
1722 2896 2048 2967 interrogas.

466 3001 860 3057 Verumtamen
911 2993 1061 3050 istud
1112 2992 1338 3056 habeto,
1388 2988 1536 3060 quod
1567 2985 1837 3042 Dominus
1885 2986 2053 3039 homo

465 3095 644 3150 factus
673 3093 765 3157 sit,
797 3089 941 3153 finis,
977 3095 1168 3140 nostra
1211 3085 1361 3139 salus
1397 3082 1523 3136 fuit.
1556 3079 1639 3134 Ad
1669 3094 1833 3150 quem
1861 3077 2052 3145 frater,

471 3185 697 3239 Modum
755 3180 991 3250 explica,
1047 3177 1232 3232 Pater.
1294 3169 1603 3243 Respondit
1657 3185 1857 3226 senex:
1896 3167 2054 3236 Quod

466 3274 729 3331 nimirum
773 3271 940 3325 homo
981 3268 1050 3323 ab
1081 3265 1240 3321 initio
1269 3280 1302 3320 a
1333 3265 1448 3319 Deo
1491 3273 1731 3326 creatus,
1781 3269 1837 3316 et
1875 3262 1931 3315 in
1961 3277 2058 3331 pa-

433 3390 438 3392 -
469 3366 657 3423 radiso
673 3365 996 3427 collocatus,
1028 3360 1150 3429 ejus
1169 3355 1626 3427 transgressione,
1652 3353 1798 3424 quod
1828 3353 1881 3406 in
1903 3367 2058 3406 man-

468 3459 617 3514 datis
648 3462 959 3526 acceperat,
1008 3449 1314 3506 interitioni
1354 3439 1630 3516 mortique
1675 3445 1950 3500 obnoxius
1980 3443 2059 3498 fa-

467 3557 594 3602 ctus
621 3552 774 3611 erat;
814 3551 1040 3612 tumque
1086 3539 1242 3593 varia
1285 3537 1384 3592 Dei
1424 3534 1774 3606 providentia
1820 3549 1921 3604 per
1948 3547 2058 3588 om-

469 3662 572 3704 nes
599 3654 790 3700 aetates
837 3641 1215 3712 nequidquam
1248 3638 1585 3710 gubernatus
1624 3645 1787 3707 atque
1810 3636 2056 3705 adjutus,

473 3737 744 3809 nequiore
765 3747 984 3805 semper
1007 3739 1154 3788 statu
1177 3730 1484 3802 maiorique
1507 3729 1752 3800 nequitia
1779 3728 2054 3797 manebat,

2080 2322 2146 2334 —

2569 2439 2904 2503 ΑΔΕΛΦΟΣ,
2939 2441 2980 2492 Ο
3010 2433 3259 2492 ΓΕΡΩΝ.

2222 2543 2292 2590 α’.
2336 2534 2594 2606 Ἀδελφδς
2625 2532 2880 2606 ἠρώτησε
2915 2530 3170 2602 γέροντα,
3189 2528 3378 2598 λέγων
3401 2547 3418 2562 ο
3437 2531 3741 2602 Παραεῶ

2157 2647 2234 2696 σε,
2254 2631 2648 2702 Πάτερ,είπεῖν
2667 2643 2778 2698 μοι,
2802 2625 2885 2688 τίς
2906 2627 2933 2678 6
2960 2623 3160 2686 σκοπὸς
3186 2619 3256 2694 ἦν
3288 2626 3395 2695 τῆς
3424 2624 3524 2678 τοῦ
3551 2626 3741 2696 Rapio:

2151 2721 2650 2792 ὲνανθρωπήσεως;
2672 2719 2782 2772 Καὶ
2812 2720 2840 2771 6
2865 2717 3043 2786 γέρων
3069 2715 3402 2787 ἀποκριθεὶς
3444 2712 3597 2770 εἷπε·
3620 2717 3744 2770 Bas—

2155 2811 2314 2884 μάξω
2345 2829 2403 2865 σε
2423 2853 2437 2877 ,
2477 2812 2699 2880 Ἀδελφὲ
2723 2853 2738 2877 ,
2772 2811 2854 2862 ὅτι
2906 2808 3026 2862 καθ’
3054 2809 3269 2878 ἡμέραν
3315 2807 3419 2860 τοῦ
3481 2825 3549 2861 συ
3560 2810 3744 2879 μΰῶω

2152 2907 2368 2960 ἀκούων
2402 2907 2502 2976 τῆς
2533 2906 2792 2966 πίστεως,
2831 2903 2961 2973 ’περῖ⁸
2989 2901 3180 2954 τούτου
3214 2919 3282 2970 με
3326 2903 3576 2972 ἐρωτᾷς.
3615 2903 3745 2971 mira

2151 2998 2296 3066 λέγω
2317 3015 2418 3059 σοι,
2437 2997 2517 3050 ὅτι
2535 2997 2566 3049 6
2588 2996 2784 3058 σκοπὸς
2802 2993 2903 3065 τῆς
2919 2993 3011 3047 τοῦ
3029 2993 3232 3063 Κυρίου
3253 2994 3745 3065 ὲνανθσεως,

2154 3095 2188 3164 ἡ
2212 3092 2459 3164 ἡμετέρα
2505 3086 2574 3163 ἧν
2627 3089 2892 3159 σωτηρία.
2933 3087 3045 3141 Καὶ
3078 3089 3106 3140 6
3160 3087 3427 3154 Ἀδελφδς
3461 3085 3613 3141 εἷπε·
3637 3089 3746 3150 nc;

2153 3186 2354 3256 λέγεις,
2379 3183 2596 3256 nam;
2631 3182 2742 3236 Καὶ
2771 3180 3048 3251 ἀπεκρίθη
3075 3181 3104 3232 6
3141 3180 3354 3250 γέρωνο
3387 3179 3622 3250 Ἐπειδὴ
3653 3186 3748 3252 γὰρ

2153 3281 2183 3332 6
2220 3277 2507 3348 ἅνθρωπος
2531 3274 2818 3346 ἀπ’ἀρχῆς
2847 3273 3085 3342 γεγονὼς
3111 3273 3215 3326 ὑπὸ
3242 3271 3338 3326 τοῦ
3374 3272 3542 3337 Θεοῦ,
3578 3278 3674 3328 καὶ
3703 3279 3749 3327 ἐν

2153 3366 2233 3438 τῷ
2253 3365 2566 3436 παραδείσῳ
2591 3364 2786 3428 τεθεὶς,
2809 3363 2907 3434 τὴν
2929 3362 3148 3435 ἐντολὴν
3165 3363 3452 3433 παραϐὰς,
3483 3369 3551 3434 τῇ
3589 3367 3750 3436 φθορᾷ

2155 3459 2252 3514 καὶ
2284 3457 2363 3528 τῷ
2393 3456 2608 3526 θανάτῳ
2640 3456 2943 3508 ὑπέπεσεν⁸
2975 3450 3092 3508 εἶτα
3120 3457 3187 3526 τῇ
3223 3456 3453 3527 ποικίλῃ
3493 3459 3590 3511 τοῦ
3627 3459 3748 3511 Θεοῦ

2157 3550 2389 3622 προνοίᾳ
2415 3546 2557 3602 κατὰ
2585 3549 2767 3601 πᾶσαν
2816 3547 3010 3616 γενεὰν
3045 3549 3136 3601 καὶ
3165 3549 3363 3615 γενεὰν
3401 3550 3750 3621 κυϐερνώμε·

2156 3658 2284 3704 νος,
2319 3639 2586 3711 ἐπέμενεν
2628 3640 2723 3693 ἐπὶ
2758 3641 2821 3694 τὸ
2869 3643 3052 3710 χεῖρον
3091 3640 3420 3710 προκόπτων
3446 3685 3466 3708 ,
3497 3643 3607 3696 ὑπὸ
3652 3643 3751 3696 τῶν

2161 3732 2423 3788 ποικίλων
2444 3731 2547 3802 τῆς
2607 3731 2810 3802 σαρκὸς
2847 3724 3197 3803 ’παθημάτων
3243 3733 3523 3803 ἀγόμενος
3546 3735 3628 3805 τῷ
3656 3737 3753 3788 ἁπ-

471 3801 637 3902 quem
684 3828 852 3882 variae
887 3801 1081 3881 carnis
1119 3801 1396 3879 illecebrae
1455 3833 1522 3877 ac
1562 3821 1826 3877 libidines
1853 3819 1920 3876 ad
1961 3820 2059 3876 de-

2162 3824 2415 3906 ελπισμῷ
2456 3801 2558 3896 τῆς
2613 3801 2793 3896 Cum“
2829 3801 3023 3878 τοῦτον
3054 3825 3214 3896 χάριν
3246 3826 3275 3878 6
3324 3801 3631 3897 μονογενὴς
3667 3826 3750 3879 τοῦ

471 3919 809 3995 sperationis
845 3928 1132 3990 postremo
1173 3911 1501 3970 barathrum
1547 3913 1836 3985 adigerent
1878 3930 1892 3966 :
1934 3927 2057 3967 eam

470 4013 544 4069 ob
569 4025 709 4077 rem,
760 4009 1082 4080 unigenitus
1123 4006 1224 4062 Dei
1278 4005 1472 4071 Filius,
1517 4005 1734 4060 saeculis
1775 4001 2060 4072 antiquius

469 4105 716 4161 Verbum
762 4117 831 4157 ex
860 4102 972 4157 Deo
1001 4101 1166 4155 Patre
1211 4098 1508 4162 exsistens,
1554 4095 1682 4151 fons
1723 4095 1814 4150 ille
1843 4095 1970 4150 vitae
1995 4109 2061 4152 ac

472 4195 925 4259 immortalitatis,
973 4191 1136 4248 nobis
1180 4189 1455 4260 apparuit,
1508 4188 1605 4258 qui
1637 4185 1969 4242 sedebamus
2003 4187 2062 4242 in

472 4286 720 4342 tenebris
749 4293 808 4339 et
835 4281 1028 4337 umbra
1057 4279 1253 4333 mortis
1287 4279 1338 4345 ¹;
1377 4278 1699 4332 incarnatus
1743 4274 1812 4332 de
1851 4275 2062 4346 Spiritu

473 4382 668 4431 sancto
699 4385 877 4440 exque
903 4375 1094 4424 sancta
1113 4365 1361 4434 Virgine,
1387 4365 1513 4420 vitae.
1541 4364 1704 4419 nobis
1729 4364 1827 4419 Dei
1851 4365 2080 4432 aemula

473 4467 745 4522 rationem
809 4458 1092 4524 ostendit;
1157 4454 1477 4526 sanctisque
1534 4453 1810 4511 mandatis
1837 4465 2062 4511 contra-

475 4557 630 4620 ditis,
698 4569 763 4610 ac
818 4551 1093 4608 caelorum
1161 4563 1392 4620 regnum
1442 4548 1744 4618 pollicitus,
1800 4547 1908 4614 his,
1965 4549 2060 4620 qui

475 4648 696 4703 illorum
717 4643 1009 4714 disciplina
1028 4641 1304 4706 viverent,
1328 4649 1706 4710 aeternumque
1731 4639 2063 4710 supplicium

475 4754 671 4794 eorum
716 4737 934 4813 violatae
993 4731 1282 4804 religionis
1331 4739 1489 4787 reatu
1533 4731 1902 4788 comminatus
1933 4749 1948 4784 :
1979 4746 2066 4786 sa-

474 4829 644 4887 lutari
685 4828 930 4898 denique
982 4825 1316 4897 perfunctus
1347 4823 1626 4895 passione,
1680 4839 1857 4893 exque
1918 4839 2067 4878 mor-

481 4923 595 4978 tuis
626 4921 950 4983 suscitatus,
968 4916 1398 4974 resurrectionis
1418 4925 1745 4984 aeternaeque
1766 4914 1890 4969 vita;
1911 4929 2065 4984 spem

474 5014 638 5069 nobis
653 5011 960 5068 liberaliter
981 5008 1289 5076 concessit;
1314 5007 1733 5078 progenitorum
1763 5015 2068 5076 transgres-

2161 3917 2298 3972 Θεοῦ
2329 3918 2482 3982 Υἱὸς,
2507 3919 2540 3971 6
2587 3914 2918 3989 προαιώνιος
2945 3916 3117 3984 Λόγος
3163 3918 3192 3969 6
3230 3917 3296 3970 ὲκ
3330 3915 3472 3970 Θεοῦ
3519 3918 3748 3988 Πατρῦς.

2161 4015 2197 4083 ἠ
2416 4013 2517 4082 τῆς
2547 4010 2694 4080 ζωῆς
2719 4009 2813 4064 καὶ
2836 4011 2936 4080 τῆς
2960 4008 3264 4072 ἀθανασίας
3282 4049 3296 4071 ,
3316 4007 3602 4076 ἑπέφανεν
3634 4010 3750 4079 ἡμὶν

2162 4107 2275 4168 τοῖς
2307 4107 2364 4158 ὲν
2397 4104 2576 4156 σκότει
2601 4103 2696 4156 καὶ
2720 4103 2850 4172 σκιᾷ
2878 4101 3114 4156 θανάτου
3141 4101 3482 4171 καθημένοις
3500 4117 3516 4131 ·
3551 4119 3750 4170 σαρκω-

2163 4195 2278 4258 θεὶς
2309 4195 2376 4247 ἐκ
2399 4193 2715 4264 Πνεὺματος
2750 4193 2934 4261 ἁγίου,
2968 4195 3066 4247 καὶ
3107 4195 3206 4260 τῆς
3238 4194 3403 4260 ἁγίας
3437 4195 3745 4265 Παρθένου·

2164 4284 2258 4336 καὶ
2286 4282 2563 4336 πολιτείαν
2593 4284 2726 4351 ἡμῖν
2756 4281 3026 4346 θεοειδοῦς
3050 4283 3196 4353 ζωῆς
3233 4283 3486 4348 ἐπέδειξε
3510 4301 3527 4314 ο
3559 4286 3651 4337 καὶ
3679 4286 3747 4336 ἓν·

2164 4372 2325 4436 στολὰς
2357 4372 2516 4440 ἁγίας
2537 4370 2807 4435 δεδωκὼς,
2837 4375 2936 4426 καὶ
2984 4373 3266 4444 βασιλείαν
3295 4373 3558 4445 οὐρανῶν
3589 4376 3748 4439 ἐπαγ-

2164 4463 2485 4532 γειλάμενος
2509 4464 2622 4523 τοῖς
2646 4461 2768 4514 κατ’
2804 4461 2974 4525 αὐτὰς
3024 4449 3495 4532 πολιτευομένοις,
3529 4467 3623 4518 καὶ
3665 4465 3746 4516 κό-

2165 4553 2322 4607 λασιν
2371 4551 2591 4606 αἰώνιον
2643 4553 2758 4616 τοῖς
2808 4553 3241 4625 παραϐαίνουσιν
3286 4555 3634 4626 ἀπειλήσας·
3664 4557 3746 4608 καὶ

2167 4641 2358 4698 παθὼν
2385 4642 2446 4694 τὸ
2483 4642 2751 4712 σωτήριον
2783 4643 2987 4708 πάθος,
3024 4643 3119 4696 καὶ
3156 4645 3221 4698 ἐκ
3248 4647 3467 4716 νεκρῶν
3498 4645 3744 4707 ivncti;

2165 4737 2264 4808 τὴν
2297 4732 2488 4788 ἐλπίδα
2532 4733 2636 4803 τῆς
2680 4735 3034 4800 ἀναστάσεως
3069 4737 3164 4790 καὶ
3212 4739 3311 4807 τῆς
3345 4739 3578 4792 αἰωνίου
3614 4739 3746 4806 ζωῆς

2166 4827 2483 4901 ἐδωρήσατο
2514 4829 2645 4897 ἡμῖν
2675 4824 2798 4898 [Fn
2832 4828 3071 4898 alterque
3118 4827 3197 4883 Μ.
3240 4831 3373 4899 ἡμῖν
3397 4831 3746 4902 ἐχαρίσατοι·

2167 4922 2230 4976 τὸ
2286 4919 2605 4989 κατάκριμα
2636 4918 2702 4972 δι’
2733 4918 2986 4988 ὑπακοῆς
3037 4919 3207 4982 λύσας
3262 4919 3362 4989 τῆς
3426 4923 3748 4992 προγονικῆς

2170 5012 2446 5085 ἁμαρτίας
2470 5027 2487 5046 ο
2513 5013 2608 5065 καὶ
2628 5011 2688 5064 τὸ
2717 5012 2920 5084 κράτος
2937 5012 3032 5066 τοῦ
3050 5012 3285 5067 θανάτου
3315 5013 3548 5085 θανάτῳ
3563 5031 3750 5086 καταρ-

478 5109 651 5162 sionis
698 5115 935 5168 reatum,
975 5101 1308 5158 obedientia:
1353 5101 1574 5156 solvens
1615 5113 1843 5152 munere
1869 5137 1884 5161 ,
1917 5114 2059 5152 mor.

2169 5110 2343 5181 γήσας
2363 5124 2378 5137 ν
2416 5107 2526 5172 ίνα,
2562 5105 2768 5178 ὥσπερ
2801 5109 2872 5162 ἐν
2901 5107 2979 5174 τῷ
3022 5109 3204 5180 Ἀδὰμ
3233 5111 3464 5178 πάντες
3498 5109 3750 5174 ἀποθνή-

479 5198 658 5268 tisque
711 5195 1006 5267 imperium
1043 5201 1220 5249 morte
1279 5193 1572 5248 destruens
1600 5191 1620 5220 ’
1648 5208 1662 5257 ;
1695 5200 1775 5253 ut,
1821 5192 1954 5245 sicut
2006 5194 2059 5246 in

2168 5214 2453 5266 σκουσιν,
2466 5198 2656 5264 οὕτως
2671 5199 2741 5253 ἐν
2759 5199 2920 5265 αὐτῷ
2945 5200 3168 5268 πάντες
3193 5201 3746 5270 ζωοποιηθήσονται·

477 5291 650 5345 Adam
701 5306 878 5344 omnes
931 5289 1250 5350 moriuntur,
1295 5287 1371 5339 sic
1405 5287 1462 5340 in
1495 5301 1553 5339 eo
1595 5301 1773 5340 omnes
1803 5283 2064 5352 vivi/ieeu-

480 5391 568 5438 tur
611 5385 670 5437 ³ς
703 5383 871 5454 368
921 5380 1337 5449 ascendensque
1373 5379 1430 5433 in
1473 5379 1642 5434 cmlos
1690 5387 1746 5432 et
1776 5377 1844 5432 ad
1886 5377 2065 5432 Patris

482 5476 763 5534 dexteram
817 5474 1040 5538 sedens,
1077 5473 1347 5544 Spiritum
1396 5483 1647 5527 sanctum
1694 5472 1749 5526 in
1797 5471 1924 5526 vita:
1971 5485 2063 5524 ar-

481 5553 786 5622 rhabonem
825 5565 978 5621 misit
1045 5572 1108 5620 ut
1136 5563 1343 5619 nostris
1369 5564 1571 5618 animis
1600 5563 2061 5617 illuminationem

2171 5293 2268 5346 xal.
2295 5298 2375 5355 εἱς
2403 5293 2669 5361 οὐρανοὺς
2697 5291 2960 5357 ἀνελθὼν,
2996 5294 3092 5346 καὶ
3125 5295 3185 5347 ἐν
3228 5293 3376 5365 δεξιᾷ
3409 5293 3507 5346 τοῦ
3549 5294 3749 5364 Πατρικ

2170 5381 2481 5444 καθεσθεὶς,
2517 5382 2578 5434 τὸ
2617 5381 2841 5450 Πνεῦμα
2863 5384 2924 5437 τὸ
2964 5383 3121 5453 ἅγιον
3159 5384 3520 5455 κατέπεμψεν
3545 5387 3633 5449 εἰς
3659 5387 3749 5454 ἆῤ-

2172 5469 2393 5540 ραὂῶνα
2421 5472 2519 5542 τῆς
2548 5470 2726 5542 ζωῆςο
2757 5474 2854 5527 καὶ
2900 5464 2982 5536 είς
3035 5474 3316 5544 φωτισμὸν
3356 5476 3454 5528 καὶ
3488 5475 3750 5545 ἁγιασμδν

2169 5561 2278 5614 τῶν
2307 5562 2594 5634 ἡμετέρων
2621 5563 2844 5635 ψυχῶν·
2882 5567 2976 5620 καὶ
3001 5567 3077 5629 είς
3117 5565 3376 5636 βοήθειαν
3407 5566 3517 5620 τῶν
3565 5570 3750 5635 arms-

557 5709 575 5742 ¹
605 5707 710 5761 lsa.
743 5721 815 5771 Ix,
850 5707 914 5770 ‘2;
950 5707 1142 5760 Matth.
1184 5722 1256 5770 xv,
1301 5705 1386 5758 16.
1465 5705 1485 5734 ³
1521 5702 1691 5758 Hebr.
1721 5721 1778 5769 ιι,
1811 5705 1894 5758 iis.
1976 5704 2042 5758 ³1

2162 5719 2201 5756 r.
2238 5719 2325 5769 xv,
2371 5703 2442 5758 9.4
