3876 6314
215 285 326 349 913

1489 283 1721 347 LIBER
1756 272 2187 349 ASCETICUS.

3319 289 3454 367 ,914

215 402 462 473 ζομὲνωυ
509 399 647 471 ὑπὲρ
691 399 791 468 τῆς
833 398 1043 452 ἑαυτῶν
1095 399 1368 470 σωτηρίας
1408 397 1644 467 φυλάξαι
1691 396 1789 463 τὰς

1894 412 1954 454 ac
1979 397 2396 455 sanctimoniam
2436 398 2664 463 tribuat,
2692 404 3025 470 praestetque
3049 399 3313 457 auxilium
3349 403 3457 468 his,

216 492 436 554 ἐντολὰς
472 491 660 547 αὑτοῦ.
689 485 856 554 Οὗτος
899 486 966 562 ἦν
1002 493 1031 545 6
1058 490 1261 554 σκοπὸς
1306 492 1406 562 τῆς
1447 489 1543 545 τοῦ
1580 489 1785 563 Κυρίου

214 584 704 656 ἑνανθρωπήσεως,
732 583 808 648 ὡς
838 584 897 637 ὲν
931 583 1181 653 συντόμῳ
1214 583 1411 637 εἰπεῖν.

287 764 351 837 β’.
378 764 489 819 Καὶ
509 764 537 817 6
575 762 830 831 Ἀδελφὸς
851 757 1006 817 εἴπεο
1039 762 1202 824 Ποίας
1230 755 1322 815 οὖν
1350 758 1566 823 ἐντολὰς
1589 759 1788 829 ὀφείλω

214 858 443 927 ποιῆσαι
468 895 485 921 ,
517 855 734 925 Πάτερ,
773 854 860 908 ἵνα
892 854 958 907 δι’
992 852 1177 908 aiaqu
1226 853 1406 919 σωθῶ,
1438 851 1628 924 ἤθελον
1666 869 1785 907 συν-

213 947 398 1015 τόμως
450 943 700 999 ἀκοῦσαι.
748 944 859 1001 Καὶ
902 943 1177 1015 ἀπεκρίθη
1213 946 1242 997 6
1290 943 1468 1015 γέρων
1505 957 1518 972 '
1554 941 1727 1005 Αὐτὸς
1759 943 1788 1000 6

216 1037 421 1107 Κύριος
460 1030 582 1089 εἷπε
619 1036 759 1106 μετὰ
790 1035 889 1106 τὴν
934 1036 1232 1089 ἀνάστασιν
1281 1036 1393 1098 τοῖς
1446 1034 1782 1100 ἀποστόλοις

216 1126 634 1194 Πορευθέντες,
681 1128 1099 1196 μαθητεύσατε
1133 1126 1333 1182 πάντα
1369 1124 1441 1179 τὰ
1484 1124 1627 1191 ἔθνη
1648 1125 1789 1188 ’,ϐα-

218 1219 522 1285 πτίζοντες
544 1218 766 1284 αὐτοὺς
810 1220 896 1285 είς
926 1218 994 1272 τὸ
1036 1218 1223 1286 ὄνομα
1259 1216 1366 1272 τοῦ
1419 1216 1651 1285 Ειιτρὸς
1687 1214 1787 1272 καί

217 1310 324 1365 τοῦ
357 1310 491 1364 Υίοῦ
523 1309 619 1364 καὶ
645 1309 750 1363 τοῦ
787 1309 960 1379 ἁγίου
1003 1308 1345 1378 Πνεύματος
1367 1324 1380 1337 ο
1400 1303 1789 1371 διδάσκοντες

217 1400 439 1466 αὐτοὺς
458 1399 658 1468 τηρεῖν
673 1400 867 1453 πάντα
893 1400 1011 1453 ὅσα
1034 1397 1423 1468 ἐνετειλάμην
1443 1396 1603 1466 ὑμῖν.
1627 1395 1789 1449 ’Ὥστε

218 1488 309 1544 οὖν
329 1493 431 1545 ὅσα
463 1490 765 1545 ἐνετείλατο
798 1491 878 1544 δεῖ
918 1492 1103 1561 τηρεῖν
1126 1530 1140 1555 ,
1162 1490 1338 1545 πάντα
1378 1488 1666 1561 ἄνθρωπον
1694 1486 1789 1557 βα-

219 1582 513 1637 πτισθέντα
550 1584 629 1645 είς
660 1583 720 1636 τὸ
755 1582 928 1655 ὄνομα
951 1584 1049 1655 τῆς
1077 1582 1341 1647 ζωοποιοῦ
1374 1584 1468 1637 καὶ
1492 1583 1789 1654 θεαρχικῆς

221 1676 471 1746 Τριάδος.
494 1675 699 1729 Τούτου
724 1675 833 1747 γὰρ
859 1676 1021 1746 χάριν
1048 1679 1113 1747 τῇ
1147 1675 1281 1748 ὀρθῇ
1314 1674 1494 1729 πίστει
1527 1677 1555 1729 6
1586 1676 1789 1746 Κύριος

216 1767 317 1839 τὴν
349 1766 539 1821 πασῶν
566 1767 676 1821 τῶν
728 1767 960 1821 ἐντολῶν
1011 1766 1295 1832 συνέζευξε
1328 1767 1589 1839 τήρησινο
1617 1766 1692 1829 ὡς
1714 1767 1791 1821 εί-

216 1854 343 1919 δὼς,
382 1854 465 1910 ὅτι
495 1854 776 1926 ἀμήχανον
801 1855 901 1926 τὴν
936 1855 1065 1927 μίαν
1094 1855 1505 1926 διαζευχθεϊσαν
1527 1854 1628 1926 τῆς
1661 1855 1791 1926 μιᾶς

221 1944 418 2009 σώζειν
459 1945 550 1999 τὸν
599 1946 907 2017 ἄνθρωπον.
946 1945 1045 2000 Διὰ
1084 1944 1246 2000 τοῦτο
1298 1945 1395 2000 καὶ
1436 1946 1466 2000 6
1500 1943 1665 1999 Aa6l6
1691 1943 1792 2017 τὴν

217 2038 384 2109 ὀρθὴν
452 2037 633 2090 πίστιν
679 2037 816 2107 ἔχων
842 2077 857 2101 ,
892 2036 1031 2108 πρὸς
1083 2037 1174 2092 τὸν
1217 2036 1350 2091 Θεὸν
1402 2035 1556 2106 ἔλεγε
1581 2052 1597 2069 ο
1636 2035 1791 2105 Πρὸς

218 2128 423 2195 πάσας
454 2129 565 2193 τὰς
604 2129 857 2197 ἐντολάς
899 2144 1016 2184 σου
1078 2130 1505 2200 κατωρθούμην
1527 2145 1542 2160 ο
1584 2126 1793 2185 πᾶσαν

219 2218 364 2273 ὀδόν
388 2218 597 2272 ἄδικον
610 2218 892 2287 ἐμίσησα.
911 2218 1066 2272 Κατὰ
1095 2220 1201 2291 γὰρ
1231 2219 1410 2288 πάσης
1437 2218 1555 2273 ὁδοῦ
1581 2218 1788 2284 ἀδίκου,

218 2313 390 2369 πᾶσαι
419 2313 549 2382 ἡμῖν
577 2313 633 2364 αί
668 2311 882 2366 ἐντολαὶ
910 2312 1015 2366 ὑπὸ
1061 2311 1153 2367 τοῦ
1187 2312 1394 2382 Κυρίου
1424 2311 1754 2383 δεδώρηνται
1773 2329 1787 2344 ·

219 2406 312 2458 καὶ
351 2404 447 2458 ἐὰν
502 2402 843 2475 παραλειφθῇ
902 2404 1000 2474 μία
1028 2444 1043 2468 ,
1071 2404 1171 2474 τὴν
1218 2404 1601 2476 ἀντικειμένην
1650 2404 1789 2476 αὐτῇ

218 2496 336 2551 666v
356 2496 455 2566 τῆς
475 2496 675 2558 κακίας
695 2481 1006 2563 ἀντεισάγει
1030 2494 1268 2560 πάντως.

294 2677 363 2739 γ’.
384 2672 491 2724 Καὶ
522 2668 675 2725 εἶπεν
698 2672 726 2725 6
768 2671 1041 2741 Ἀδελφός
1074 2672 1183 2729 Καὶ
1215 2671 1296 2736 τίς
1320 2670 1561 2738 δύναται,
1585 2672 1791 2744 Πάτερ,

219 2764 423 2838 [πάσας
448 2765 545 2829 τὰς
569 2765 804 2829 ἐντολὰς,
821 2764 1085 2827 τοσαύτας
1111 2782 1174 2834 γε
1190 2763 1373 2829 οὔσας,
1404 2768 1576 2821 ποιεῖν
1600 2782 1615 2832 ;
1651 2767 1791 2840 Ἔφη

217 2860 249 2911 6
280 2859 493 2929 γέρων·
538 2858 594 2911 Ὀ
639 2858 730 2912 τὸν
781 2857 983 2928 Κύριον
1040 2856 1484 2928 ἐκμιμούμενος,
1522 2859 1617 2915 καὶ
1671 2856 1793 2915 κατ’

221 2950 365 3017 ἴχνος
394 2947 541 3018 αὐτῷ
570 2946 972 3000 ἐπακολουθῶν.
1005 2947 1116 3001 Καὶ
1137 2941 1290 2999 εἶπεν
1324 2948 1352 3001 6
1394 2946 1662 3016 Ἀδελφός·
1684 2946 1794 3002 Καὶ

216 3041 300 3135 τίς
322 3038 563 3110 δύναται]
594 3041 685 3092 τὸν
718 3039 920 3108 Κύριον
966 3038 1339 3111 μιμήσασθαι;
1362 3042 1389 3094 6
1432 3039 1540 3108 γὰρ
1587 3040 1791 3112 Κύριος
1815 3069 1864 3135 c

215 3128 286 3206 ἦν
313 3132 464 3196 Θεὸς,
500 3133 548 3185 εί
569 3131 664 3185 καὶ
693 3130 975 3202 ἄνθρωπος
1000 3130 1251 3199 γέγονεν·
1283 3130 1393 3201 ἐγὼ
1419 3130 1474 3186 δὲ
1500 3132 1790 3203 ἄνθρωπός

217 3226 336 3297 εἰμι
369 3223 709 3295 ἁμαρτωλὸς,
733 3223 827 3276 κα)⁸
862 3223 1077 3293 μυρίοις
1124 3221 1318 3276 πάθεσι
1356 3221 1748 3294 δεδουλωμένος
1772 3242 1786 3256 ο

216 3316 338 3378 πῶς
366 3311 459 3369 οὖν
486 3314 723 3385 δύναμαι
754 3313 845 3367 τὸν
897 3313 1101 3383 Κύριον
1146 3313 1523 3384 μιμήσασθαι;
1548 3316 1656 3370 Καὶ
1685 3316 1789 3370 άπ-

215 3408 413 3479 εκρίθη
447 3409 475 3461 6
505 3406 681 3477 γέρων
705 3423 719 3437 ο
755 3404 875 3459 Τῶν
906 3408 971 3477 τῇ
1021 3404 1120 3474 ὕλῃ
1150 3402 1243 3458 τοῦ
1286 3404 1489 3475 κόσμου
1530 3403 1788 3460 δεδουλω-

222 3498 421 3568 μένων,
455 3497 625 3559 οὐδεὶς
672 3496 893 3551 δύναται
944 3496 1035 3549 τὸν
1080 3496 1285 3565 Κύριον
1341 3495 1708 3567 μιμήσασθαι·
1738 3498 1788 3552 οί

216 3590 278 3645 δὲ
303 3590 585 3660 δυνάμενοι
616 3587 795 3656 λέγειν
813 3605 826 3619 ’
856 3587 1011 3642 Ἰδοὺ
1040 3587 1209 3657 ἡμεῖς
1240 3588 1557 3656 ἀφήκαμεν
1572 3586 1786 3653 πάντα,

215 3683 317 3738 καὶ
345 3680 851 3751 ἠκολουθήσαμέν
872 3695 969 3735 σοι
992 3697 1005 3709 ·
1034 3680 1231 3733 ἐκεῖνοι
1260 3679 1595 3750 λαμϐάνουσι
1639 3679 1791 3736 δύνα-

220 3793 314 3846 μιν
352 3773 445 3827 τοῦ
478 3791 538 3827 τε
583 3772 928 3844 μιμήσασθαι
965 3772 1149 3834 αὐτὸν,
1191 3771 1284 3824 καὶ
1316 3770 1409 3823 τοῦ
1445 3771 1580 3840 πρὸς
1612 3772 1791 3834 πάσας

216 3866 319 3930 τὰς
345 3865 561 3929 ἐντολὰς
591 3865 754 3919 αὑτοῦ
784 3862 1148 3931 κατορθῶσαι.
1175 3861 1284 3916 Καί
1308 3879 1472 3931 φησιν
1508 3862 1783 3930 Ἀδελφός·

217 3959 387 4013 Ποίαν
425 3958 693 4028 δύναμιν;
732 3957 1005 4028 ἀπεκρίθη
1044 3957 1072 4008 6
1105 3956 1304 4026 γέρων·
1354 3954 1529 4009 Αὐτοῦ
1559 3955 1791 4009 ἄκουσον

219 4049 470 4117 λέγοντος
515 4067 529 4081 ⁸
588 4048 742 4105 Ἰδοὺ
788 4047 1016 4104 δέδωκα
1061 4046 1203 4116 ὑμῖν
1235 4045 1529 4108 ἐξουσίαν
1581 4044 1791 4099 πατεῖν

215 4141 424 4195 ἐπάνω
456 4142 647 4208 ὄφεων
675 4139 772 4193 καί
806 4140 1140 4205 σκορπίων,
1182 4138 1281 4191 καί
1310 4138 1409 4192 ἐπὶ
1442 4139 1654 4196 πᾶσαν
1677 4137 1795 4199 τὴν

218 4212 486 4349 figi-algetis
550 4211 653 4265 τοῦ
701 4210 958 4278 ἐχθροῦο
1012 4212 1113 4266 καί
1156 4209 1340 4265 οὐδὲν
1379 4210 1537 4279 ὑμᾶς
1587 4209 1660 4262 οὐ
1705 4208 1793 4278 μὴ

305 4300 361 4336 ικ
407 4298 524 4338 σει.

1886 491 1982 561 qui
2015 507 2117 563 pro
2152 507 2251 548 sua
2306 493 2483 548 salute
2524 493 2784 548 mandata
2832 507 3055 550 servare
3096 497 3458 555 contendunt.

1886 581 1987 641 llic
2034 582 2296 638 nimirum
2341 582 2488 650 finis,
2518 598 2698 655 eoque
2725 592 2958 655 Spectat,
3009 585 3155 654 quod
3195 588 3461 646 Dominus

1887 674 2051 729 homo
2103 673 2301 743 factus,
2362 682 2423 730 ut
2484 673 2565 731 sic
2612 675 2803 745 paucis
2848 676 3050 730 dicam.

1954 765 2009 820 2.
2045 765 2298 836 Dixitque
2353 764 2524 821 frater
2566 782 2580 821 :
2617 765 2794 821 Velim
2826 781 2895 821 ex
2926 774 2999 832 te,
3026 768 3207 831 Pater,
3259 769 3451 839 paucis

1886 854 2112 920 audire,
2169 870 2418 925 quaenam
2449 871 2535 912 me
2569 863 2823 926 oporteat
2875 857 3133 933 mandata
3166 858 3369 924 facere,
3401 868 3461 919 ut

1886 963 1986 1017 per
2019 947 2111 1005 illa
2160 963 2388 1018 compos
2426 949 2621 1006 salutis
2647 949 2871 1006 efiiciar.
2918 952 3227 1022 Respondit
3254 969 3457 1011 senex:

1887 1038 2006 1107 Ipse
2030 1039 2313 1104 Dominus,
2346 1054 2473 1093 cum
2499 1055 2568 1095 ex
2607 1040 2841 1095 mortuis
2878 1043 3295 1108 resurrexisset,
3323 1042 3461 1096 dixit

1888 1128 2206 1199 discipulis:
2231 1129 2452 1195 Euntes,
2480 1131 2658 1185 docete
2691 1147 2869 1185 omnes
2905 1140 3105 1201 gentes,
3138 1132 3460 1203 baptizantes

1888 1234 1973 1273 eos
2023 1220 2079 1273 in
2123 1221 2333 1275 nomine
2393 1220 2573 1281 Patris
2617 1229 2669 1275 et
2718 1221 2843 1279 Filii
2894 1232 2944 1279 et
2995 1221 3225 1294 Spiritus
3269 1224 3460 1292 sancti,

1888 1309 2125 1367 docentes
2171 1328 2255 1367 eos
2279 1328 2490 1369 servare
2516 1314 2718 1380 omnia,
2746 1330 3067 1385 quaecunque
3094 1315 3340 1371 mandavi
3370 1331 3461 1370 vo-

1888 1402 1967 1459 bis
1997 1402 2037 1455 ‘.
2062 1402 2428 1468 Quamobrem
2457 1404 2643 1463 omnia
2671 1420 2893 1461 servare
2926 1420 3153 1463 necesse
3183 1414 3285 1471 est,
3311 1422 3462 1475 qua:-

1889 1507 2107 1562 cunque
2156 1494 2455 1560 mandavit,
2505 1495 2755 1565 quisquis
2783 1496 3097 1555 mortalium
3142 1496 3199 1552 in
3240 1496 3463 1555 nomine

1888 1582 2119 1641 vivificai
2162 1600 2227 1640 ac
2270 1585 2479 1645 deificze
2536 1584 2826 1643 Trinitatis
2880 1586 3190 1657 baptizatus
3228 1594 3334 1643 est.
3376 1586 3466 1641 ld-

1891 1674 2040 1730 circo
2074 1676 2223 1731 enim
2258 1676 2524 1733 Dominus
2562 1685 2725 1733 recta:
2752 1676 2879 1735 fidei
2916 1678 3162 1733 omnium
3201 1678 3463 1733 observa—

1894 1766 2096 1825 tionem
2140 1767 2523 1825 mandatorum
2569 1767 2868 1839 copulavit,
2902 1767 3107 1839 quippe
3141 1768 3236 1837 qui
3274 1768 3462 1834 sciret,

1889 1858 2014 1917 ﬁeri
2063 1874 2177 1916 non
2222 1875 2407 1930 posse,
2463 1868 2526 1914 ut
2582 1875 2756 1916 unum
2799 1859 2868 1915 ab
2901 1860 3076 1917 altero
3128 1860 3462 1931 disjunctum

1888 1948 2123 2019 salutem
2161 1948 2374 2005 homini
2408 1956 2716 2023 praestaret.
2746 1948 3045 2020 Propterea
3072 1950 3237 2007 etiam
3266 1948 3462 2017 David,

1889 2038 1986 2114 qui
2032 2047 2186 2096 certa
2243 2039 2510 2111 praeditus
2552 2039 2661 2096 fide
2702 2046 2871 2105 esset,
2929 2039 2999 2095 ad
3041 2039 3334 2097 Dominum
3376 2037 3463 2093 div

1890 2128 2092 2184 cebat:
2137 2128 2219 2183 Ad
2265 2129 2449 2184 omnia
2504 2128 2761 2187 mandata
2793 2135 2887 2185 tua
2919 2128 3182 2199 dirigebar
3211 2143 3230 2187 :
3256 2142 3465 2185 omnem

1892 2219 2038 2275 viam
2111 2206 2354 2292 iniquam
2425 2218 2544 2274 odio
2621 2217 2781 2277 habui
2826 2218 2885 2273 ⁸..
2952 2216 3231 2276 Adversus
3310 2215 3460 2275 enim

1839 2312 1857 2326 '
1890 2324 2109 2367 omnem
2156 2310 2302 2365 viam
2342 2308 2672 2380 iniquitatis,
2707 2309 2890 2365 omnia
2925 2308 3086 2363 nobis
3145 2322 3177 2361 a
3228 2306 3461 2360 Domino

1891 2399 2149 2459 mandata
2194 2400 2394 2457 donata
2444 2408 2574 2459 sunt
2607 2417 2619 2453 :
2655 2415 2718 2456 ac
2758 2399 2802 2454 si
2845 2398 2930 2453 vel
2990 2412 3161 2453 unum
3200 2396 3459 2463 defuerit,

1892 2492 2157 2551 contrarii
2204 2492 2327 2549 vitii
2376 2492 2520 2549 viam
2578 2506 2644 2548 ac
2690 2489 2911 2548 malitiae
2954 2490 3179 2545 omnino
3220 2489 3463 2547 vicissim

1892 2584 2124 2642 inducit.

1961 2674 2015 2729 '5.
2044 2672 2300 2742 Dixitque
2364 2671 2535 2729 frater
2589 2672 2978 2742 :Ecquisnam,
3040 2671 3222 2736 Pater,
3280 2671 3463 2727 omnia

1892 2764 2168 2831 mandata,
2200 2778 2320 2835 quae
2355 2772 2462 2820 tam
2504 2764 2677 2821 multa
2709 2764 2840 2829 sint,
2876 2762 3101 2833 exsequi
3134 2763 3353 2834 potest?
3380 2762 3465 2821 Ad

1892 2871 2055 2926 quem
2088 2870 2295 2913 senex:
2335 2855 2439 2921 Qui
2480 2854 2776 2911 Dominum
2816 2854 3085 2934 imi-tatur,
3116 2862 3283 2923 atque
3318 2853 3466 2908 illius

1891 2947 2124 3019 vestigia
2161 2946 2433 3018 sequitur.
2482 2945 2620 3003 Tum
2648 2946 2818 3001 frater
2861 2963 2875 2999 :
2907 2945 3169 3011 Quisnam
3198 2957 3330 2999 vero
3361 2943 3466 2997 Do-

1893 3038 2102 3095 minum
2132 3037 2337 3094 imitari
2374 3037 2593 3107 potest?
2644 3036 2908 3093 Dominus
2934 3037 3083 3091 enim
3128 3037 3273 3091 Deus
3323 3040 3462 3103 erat,

1892 3130 2110 3189 tametsi
2150 3130 2316 3185 homo
2363 3129 2544 3186 factus
2593 3136 2751 3186 erat:
2788 3144 2890 3200 ego
2919 3137 3103 3183 autem
3141 3128 3307 3181 homo
3335 3141 3464 3196 pec-

1890 3228 2042 3276 cator
2087 3234 2232 3285 sum,
2263 3218 2681 3289 innumerisque
2728 3218 2879 3273 vitiis
2906 3232 2969 3274 ac
2995 3216 3284 3273 affectibus
3308 3231 3465 3271 man-

1888 3313 2118 3384 cipatus.
2162 3310 2407 3378 Quanam
2451 3310 2619 3380 igitur
2656 3308 2871 3364 ratione
2916 3307 3209 3363 Dominum
3262 3304 3467 3360 imitari

1888 3403 2132 3474 possim?
2189 3401 2499 3473 Respondit
2554 3409 2740 3457 autem
2783 3415 2985 3455 senex:
3052 3398 3224 3453 Nemo
3272 3412 3466 3451 eorum

1888 3495 1982 3566 qui
2022 3495 2253 3553 terrenis
2286 3492 2471 3549 saeculi
2521 3492 2689 3549 rebus
2722 3490 2925 3547 addicti
2959 3488 3142 3543 animo
3181 3495 3328 3553 sunt,
3357 3488 3466 3542 Do-

1888 3588 2098 3643 minum
2129 3586 2331 3643 imitari
2376 3593 2585 3661 potest;
2634 3582 2730 3640 sed
2764 3582 2824 3649 ii,
2865 3581 3070 3653 quibus
3112 3579 3349 3636 liberum
3383 3586 3468 3633 est

1889 3679 2073 3735 dicere
2110 3696 2123 3733 :
2154 3677 2287 3733 Ecce
2307 3694 2400 3733 nos
2435 3676 2745 3747 reliquimus
2777 3675 2978 3738 omnia,
3018 3677 3067 3727 et
3090 3672 3253 3725 secuti
3286 3686 3467 3724 sumus

1892 3780 1940 3825 te
1992 3771 2046 3836 ⁶;
2087 3768 2165 3825 illi
2211 3769 2469 3823 virtutem
2506 3765 2807 3834 accipiunt,
2851 3770 2966 3818 tum
3016 3776 3143 3816 eum
3194 3759 3466 3825 imitandi,

1893 3867 2008 3914 tum
2061 3865 2122 3913 ut
2165 3859 2285 3925 ejus
2330 3856 2514 3909 omnia
2570 3854 2827 3908 mandata
2875 3852 3227 3921 adimpleant.
3271 3850 3470 3919 Aitquc

1890 3944 2102 4000 frater:
2169 3943 2473 4009 Quamnam
2536 3939 2845 3996 virtutem?
2888 3939 3195 4007 Respondit
3254 3953 3465 3992 senex:

1890 4034 2033 4091 Audi
2055 4048 2181 4090 eum
2212 4032 2522 4089 dicentem:
2550 4030 2675 4085 Ecce
2701 4029 2818 4082 dedi
2841 4028 2980 4083 vobis
3008 4036 3323 4098 potestatem
3354 4026 3469 4080 cal—

1891 4124 2046 4179 candi
2073 4139 2232 4193 super
2261 4131 2525 4189 serpentes
2559 4128 2609 4174 et
2647 4120 2963 4189 scorpiones,
3000 4126 3047 4172 et
3076 4135 3235 4189 super
3264 4135 3469 4173 omnem

1890 4215 2138 4271 virtutem
2174 4212 2418 4268 inimici:
2457 4220 2505 4265 et
2536 4209 2668 4267 nihil
2718 4210 2854 4264 vobis
2906 4206 3101 4263 nocebit
3144 4208 3187 4265 ⁷,

291 4407 354 4462 6'.
394 4406 610 4477 Ταύτην
639 4405 744 4477 τὴν
767 4405 996 4477 δύναμιν
1028 4407 1123 4461 καὶ
1152 4405 1253 4478 τὴν
1275 4404 1520 4473 ἐξουσίαν
1547 4405 1727 4459 λαϐὼν
1760 4409 1789 4461 6

1961 4407 2127 4479 369
2157 4408 2210 4463 4.
2235 4405 2347 4461 Hac
2370 4405 2575 4460 virtute
2602 4419 2667 4462 ac
2692 4410 2962 4476 potestate
3001 4408 3250 4473 accepta,
3287 4400 3471 4455 aiebat

219 4498 455 4562 Παῦλος,
484 4497 636 4565 ἔλεγε
655 4496 943 4567 ’Μιμηταί
962 4514 1083 4566 μου
1109 4496 1371 4566 γίνεσθε,
1404 4496 1598 4563 καθὼς
1629 4495 1791 4569 κάγὼ

216 4587 501 4658 Χριστοῦ.
529 4586 640 4640 Καὶ
683 4586 878 4639 πάλιν·
912 4585 1035 4637 Οὐκ
1090 4583 1225 4638 ἐστι
1287 4584 1405 4637 νῦν
1463 4583 1793 4654 κατάκριμα

217 4679 347 4741 τοῖς
376 4679 447 4732 ἐν
498 4675 729 4746 Χριστῷ
766 4673 1004 4743 Ἰησοῦ,
1040 4673 1127 4743 μὴ
1176 4674 1327 4728 κατὰ
1378 4673 1576 4743 σάρκα
1631 4690 1793 4744 περιο

218 4769 541 4833 πατοῦσιν,
568 4767 731 4822 ἀλλὰ
772 4766 921 4821 κατὰ
946 4764 1201 4835 πνεῦμα.
1243 4763 1359 4820 Καὶ
1410 4764 1598 4821 πάλιν·
1630 4770 1695 4823 Ol
1726 4766 1794 4820 δὲ

219 4859 328 4916 τοῦ
375 4858 635 4928 Χριστοῦ
657 4900 673 4923 ,
704 4857 819 4925 τὴν
844 4854 1040 4924 σάρκα
1074 4853 1471 4921 ἐσταύρωσαν
1517 4854 1639 4909 σὺν
1670 4855 1794 4921 τοῖς

220 4950 539 5020 παθήμασι
572 4948 671 5002 καὶ
715 4946 843 5013 ταῖς
877 4945 1234 5015 ἐπιθυμίαις.
1263 4945 1372 4997 Kal
1402 4944 1561 4999 πάλιν
1582 4963 1594 4977 ο
1629 4947 1793 5016 Ἐμοὶ

220 5044 450 5111 κόσμος
475 5039 874 5107 ἐσταύρωται,
903 5034 1064 5106 κάγὼ
1092 5035 1171 5101 τῷ
1195 5036 1421 5105 κόσμῳ.

233 5133 243 5142 ’
293 5133 509 5205 ε’.Περ1¹
545 5131 749 5201 ταύτης
774 5130 873 5199 τῆς
899 5128 1148 5194 ἐξουσίας
1179 5130 1271 5181 καὶ
1303 5128 1554 5198 βοηθείας
1587 5146 1798 5202 προφη-

221 5222 395 5277 τεύων
422 5225 449 5276 6
474 5221 656 5286 Aa6l6,
680 5220 834 5289 ἔλεγε
863 5237 879 5253 ·
928 5222 988 5276 Ὀ
1018 5218 1311 5275 κατοικῶν
1338 5220 1671 5289 ἐνβοηθείᾳ.
1691 5222 1797 5276 τοῦ

234 5313 550 5381 Ὑψίστου,
585 5312 655 5365 ἐν
681 5311 882 5380 σκέπῃ
926 5310 1032 5364 τοῦ
1075 5310 1223 5364 Θεοῦ
1254 5310 1358 5365 τοῦ
1402 5311 1664 5378 οὐρανοῦ
1694 5314 1799 5368 αὺ-

1890 4500 2092 4557 Paulus
2127 4515 2141 4553 :
2177 4498 2479 4555 Imitatores
2508 4496 2610 4551 mei
2640 4501 2821 4561 estote,
2841 4495 2975 4550 sicut
3002 4500 3052 4546 et
3077 4508 3168 4563 ego
3199 4491 3393 4546 Christi
3418 4492 3463 4544 ⁸.

1891 4590 1960 4645 Εῐ
1988 4589 2190 4644 iterum
2226 4605 2240 4642 :
2282 4587 2445 4643 Nulla
2475 4588 2598 4658 jam
2635 4587 2910 4643 damnatio
2952 4593 3028 4640 est
3065 4585 3177 4650 his,
3212 4585 3301 4655 qui
3347 4593 3470 4637 sunt

1891 4683 1948 4736 in
1977 4680 2181 4737 Christo
2212 4679 2373 4745 Iesu;
2406 4681 2496 4750 qui
2538 4696 2642 4735 non
2673 4678 2963 4733 secundum
3012 4693 3229 4731 carnem
3282 4676 3467 4730 ambu-

1895 4770 2048 4837 lant,
2105 4770 2196 4825 sed
2241 4770 2529 4824 secundum
2586 4769 2832 4840 spiritum
2857 4766 3003 4823 °.Ac
3066 4781 3261 4821 rursus
3310 4781 3323 4820 :
3366 4764 3471 4830 Qui

1891 4873 2015 4923 sunt
2063 4862 2278 4929 Christi,
2311 4878 2527 4917 carnem
2572 4878 2728 4917 suam
2767 4858 3140 4928 cruci/inerunt
3168 4875 3287 4913 cum
3334 4858 3470 4913 vitiis

1894 4966 1943 5013 et
1970 4957 2399 5030 concupiscentiis
2418 4957 2484 5011 ³ο.
2510 4956 2827 5029 lterumquc
2846 4971 2859 5007 :
2881 4954 3007 5008 Mihi
3035 4953 3260 5011 mundus
3297 4953 3471 5007 cruci-

1894 5051 2031 5120 ﬁxus
2061 5058 2157 5117 est,
2186 5059 2237 5106 et
2261 5066 2353 5121 ego
2384 5049 2578 5104 mundo
2599 5048 2663 5102 “.

1964 5142 2018 5196 5.
2060 5141 2137 5197 De
2169 5141 2273 5197 hac
2299 5147 2570 5210 potestate
2605 5146 2663 5195 et
2692 5136 2901 5193 auxilio
2932 5134 3239 5193 vaticinans
3274 5130 3467 5199 David,

1898 5230 2116 5286 aiebat:
2158 5229 2262 5296 Qui
2303 5229 2508 5285 habitat
2536 5229 2591 5282 in
2631 5228 2902 5299 adjutorio
2933 5224 3211 5290 Altissimi,
3248 5225 3303 5277 in
3343 5240 3468 5294 pro-

1900 5322 2117 5383 tectione
2138 5320 2235 5376 Dei
2259 5320 2373 5376 caeli
2402 5319 2831 5375 commorabitur.
2868 5316 3008 5371 Dicet
3056 5316 3280 5369 Domino
3309 5330 3327 5367 :
3358 5313 3468 5367 Ad-

223 5404 600 5471 λισθήσεται.
643 5405 802 5472 Ἑρεῖ
855 5401 934 5469 τῷ
986 5402 1201 5471 Κυρίῳ·
1237 5403 1639 5473 Ἀντιλήπτωρ
1678 5423 1790 5474 μου

1894 5410 2043 5481 jutor
2072 5425 2217 5464 meus
2250 5426 2301 5467 es
2330 5418 2407 5473 tu,
2433 5416 2481 5461 et
2516 5407 2777 5477 refugium
2810 5421 3000 5470 meum,
3046 5404 3185 5459 Deus
3226 5419 3391 5462 meus,
3421 5411 3470 5455 et

224 5492 299 5563 εἴ,
324 5497 422 5550 καί
464 5494 777 5566 καταφυγή
827 5512 968 5564 μου,
1005 5497 1037 5547 ό
1080 5494 1223 5559 Θεός
1266 5512 1387 5563 μου
1416 5535 1431 5559 ,
1465 5496 1563 5548 καὶ
1616 5496 1790 5549 ἐλατιῶ

1900 5498 2122 5568 sperabo
2169 5499 2225 5552 in
2298 5497 2504 5551 eum“.
2552 5494 2859 5564 Paucisque
2920 5492 3259 5563 interjcctis,
3302 5488 3473 5563 Super

256 5595 260 5600 ’
297 5619 319 5650 ⁵
351 5618 543 5672 Matth.
580 5632 763 5681 xxvtu,
796 5616 883 5677 19,
913 5614 1001 5668 ‘20.
1111 5616 1132 5647 ⁸
1166 5614 1306 5669 Psal.
1344 5631 1523 5681 cxvm,
1596 5615 1715 5671 129.

1894 5617 2018 5671 Psal.
2060 5632 2186 5681 xv",
2223 5617 2313 5670 27.
2425 5616 2445 5648 '
2469 5615 2604 5672 Luc.
2640 5626 2695 5682 x,
2744 5613 2830 5669 19.
2940 5613 2960 5644 ⁸
2996 5610 3229 5681 Philipp.
3271 5625 3351 5678 nt,
3383 5609 3470 5667 17.

227 5688 247 5719 ⁹
284 5687 441 5745 Rom.
481 5703 594 5751 νιιι,
628 5689 675 5740 1.
756 5687 799 5719 ¹⁰
825 5684 999 5739 Galat.
1033 5700 1087 5749 ν,
1110 5683 1200 5739 24.
1280 5685 1317 5715 ¹¹
1346 5684 1519 5739 Galat.
1556 5702 1626 5752 vr,
1665 5687 1751 5741 M.

1904 5688 2047 5743 Psal.
2086 5701 2170 5752 xc,
2208 5686 2257 5751 1,
2301 5689 2355 5741 2.
