3876 6314
419 296 522 361 915
557 337 564 344 -

1589 293 1650 354 S.
1691 292 1978 354 MAXIMI
2015 291 2520 355 CONFESSORIS

3572 294 3669 360 916

420 408 658 477 aspidem
691 414 739 459 et
764 403 1063 460 basiliscum
1116 375 1408 465 mscendes,
1454 405 1502 451 et
1526 397 1853 452 coneulcabis
1883 398 1989 452 leo-

2107 400 2182 452 ἔπ’
2205 399 2415 453 αὐτόν.
2461 397 2571 452 Kal
2601 398 2715 466 μετ’
2767 397 2956 466 ὀλίγαο
2987 397 3113 452 Ἐπί
3145 398 3387 453 ἀσπίδα
3427 401 3529 453 καὶ
3561 403 3678 465 ,ϐα-

419 515 541 554 nem
567 507 617 552 et
645 497 925 560 draconem
954 511 972 549 :
1007 495 1255 555 quoniam
1277 491 1476 562 angelis
1509 493 1616 546 suis
1638 491 1912 545 mandavit
1928 491 1992 544 de

422 597 492 652 te,
529 595 586 640 ut
604 586 904 639 custodiant
948 592 998 637 te
1021 585 1078 638 in
1108 581 1346 636 omnibus
1369 581 1465 634 viis
1493 580 1597 634 tuis
1617 579 1681 632 ¹³.
1711 579 1778 633 Hi
1807 587 1990 632 autem

420 676 516 747 qui
540 673 898 738 carnLanimo
918 673 1123 728 addicti
1155 679 1306 735 sunt,
1337 684 1401 724 ac
1434 679 1780 723 terrenorum
1805 682 1992 722 amore

421 776 709 832 tenentur,
745 766 872 822 vide
895 781 962 820 ex
1009 765 1104 819 illo
1124 763 1256 834 quid
1289 761 1536 825 audiant,
1583 759 1684 826 Qui
1719 768 1864 815 amat
1899 777 1994 828 pa-

421 867 556 913 trem
580 865 675 912 aut
706 865 934 910 matrem
960 853 1238 924 plusquam
1280 867 1383 916 me,
1403 866 1508 904 non
1530 858 1604 903 est
1627 865 1709 902 me
1722 849 1905 919 dignus
1927 848 1990 901 ιδ.

417 948 728 1017 Paucisque
767 943 1072 1014 interiectis
1106 959 1124 996 :
1149 941 1218 996 Et
1259 942 1351 1012 qui
1395 957 1501 994 non
1557 939 1742 1009 accipit
1789 953 1995 992 crucem

417 1047 596 1104 suum,
634 1047 685 1092 et
718 1044 836 1108 post
866 1052 948 1090 me
973 1037 1232 1105 sequitur,
1257 1051 1362 1088 non
1404 1043 1480 1087 est
1529 1047 1612 1086 me
1637 1032 1848 1102 dignus.
1899 1031 1991 1095 Et,

421 1127 529 1195 Qui
563 1145 668 1183 non
699 1127 967 1182 renuntiat
993 1125 1232 1179 omnibus
1253 1164 1267 1189 ,
1311 1139 1428 1194 qua:
1458 1123 1709 1193 possidet,
1762 1137 1867 1174 non
1896 1135 1992 1190 po-

422 1228 522 1274 test
552 1235 700 1273 meus
730 1234 838 1272 esse
861 1215 1149 1287 discipulus
1173 1215 1237 1270 ¹⁸.
1274 1213 1378 1280 Qui
1403 1227 1534 1282 ergo
1570 1211 1720 1265 illius
1748 1208 1996 1278 discipu-

421 1307 512 1364 lus
545 1307 666 1363 ﬁeri
703 1307 928 1378 cogitat,
974 1307 1204 1376 ejusque
1245 1304 1446 1374 dignus
1474 1301 1746 1366 inveniri,
1778 1313 1998 1356 necnon

424 1400 496 1455 ab
523 1414 592 1455 eo
615 1400 877 1455 virtutem
905 1397 1158 1467 accipere
1197 1396 1490 1451 adversum
1529 1393 1758 1463 spiritus
1797 1390 1996 1462 nequi-

424 1492 536 1557 tiae,
565 1492 615 1548 is
662 1491 732 1548 ab
753 1491 902 1546 omni
931 1488 1138 1545 carnali
1179 1487 1471 1544 affectione
1503 1484 1769 1549 abscedit,
1795 1483 1997 1539 nudat-

425 1600 536 1654 que
586 1585 828 1655 seipsum
858 1580 1009 1636 omni
1061 1588 1410 1636 terrenorum
1457 1593 1678 1644 amore;
1729 1584 1891 1646 atque
1941 1574 1998 1629 in

311 1672 314 1676 ί
424 1676 576 1732 hunc
605 1675 828 1731 modum
864 1673 1130 1729 adversus
1165 1671 1474 1726 invisibiles
1503 1670 1692 1725 hostes
1717 1677 1998 1725 certamen

422 1785 526 1840 pro
557 1769 705 1825 illius
734 1766 1006 1824 mandatis
1035 1766 1159 1832 init,
1189 1763 1336 1819 haud
1370 1764 1532 1820 aliter
1561 1779 1623 1820 ac
1658 1763 1775 1832 ipse
1808 1761 1996 1816 Domi-
2027 1733 2074 1793 Β

423 1877 534 1918 nus
559 1878 618 1918 se
661 1861 825 1917 nobis
853 1859 1167 1928 exemplum
1198 1857 1488 1923 exhibuit,
1521 1865 1640 1912 tum
1687 1856 1745 1910 in
1776 1853 1997 1909 deserto

425 1954 497 2009 ab
529 1953 750 2008 illorum
790 1954 930 2010 duce
957 1962 1218 2020 tentatus,
1252 1962 1368 2009 tum
1421 1953 1478 2008 in
1505 1953 1729 2008 deserto
1774 1951 1843 2005 ab
1872 1951 1997 2005 illo-

423 2057 550 2098 rum
577 2042 716 2098 duce
769 2051 1029 2109 tentatus,
1059 2052 1196 2109 tum,
1231 2059 1356 2099 cum
1396 2059 1454 2099 se
1494 2043 1706 2100 mundo
1737 2041 1997 2106 dedisset,

425 2132 497 2189 ab
536 2132 624 2199 iis,
659 2133 756 2203 qui
788 2133 938 2188 illius
967 2134 1273 2204 agebantur
1299 2133 1503 2189 afflatu.

2093 492 2382 546 σιλίσκον
2401 489 2683 558 ἐπιϐήσῃ,
2722 489 2820 542 καὶ
2847 489 3296 556 καταπατήσεις
3330 489 3556 544 λέοντα
3578 493 3676 546 καί

2093 583 2427 653 δράκονταο
2461 583 2552 636 ὅτι
2605 581 2730 646 τοῖς
2784 581 3064 650 ἀγγέλοις
3108 581 3298 636 αὑτοῦ
3347 583 3682 638 ἐντελεῖται

2093 673 2227 742 περὶ
2261 672 2377 727 σοῦ
2405 712 2420 736 ,
2451 671 2557 725 τοῦ
2595 670 2960 739 διαφυλάξαι
3010 686 3085 723 σε
3144 670 3214 723 ἐν
3265 671 3498 738 πάσαις
3548 672 3678 740 ταῖς

2095 767 2256 834 όδοῒς
2303 785 2439 821 σου.
2479 767 2544 818 Οἱ
2574 765 2632 819 δὲ
2660 767 2726 836 τῇ
2771 765 2935 833 σαρκὶ
2981 764 3406 834 προσκείμενοι,
3451 769 3548 819 καὶ
3581 767 3677 838 τὴν

2097 856 2229 927 ὓλην
2263 855 2584 924 ἀγαπῶντες
2611 853 2702 907 τοῦ
2731 853 2961 922 κόσμου,
2998 853 3164 908 ἄκουε
3212 857 3341 906 ποῖα
3377 857 3512 924 παρ’
3538 855 3674 926 [ΛΠ.

2096 949 2326 1004 ἄκουσον
2360 949 2410 1002 τί
2450 949 2605 1018 παρ’.
2651 946 2748 1002 Fr.
2797 946 2962 1001 ἄκουε
2993 941 3104 1019 οἷα]
3135 948 3300 1000 αὐτοῦ
3342 950 3673 1002 ἀκούουσιν·

2107 1038 2172 1092 '0
2201 1037 2392 1108 φιλῶν
2441 1037 2666 1107 πατέρα
2691 1038 2729 1106 ἢ
2751 1038 2981 1108 μητέρα
3030 1038 3184 1107 ὑπὲρ
3217 1037 3357 1107 ἐμὲ,
3399 1042 3514 1093 οὐκ
3548 1039 3678 1093 ἐστι

2092 1148 2211 1202 μου
2237 1129 2424 1195 ἄξιος.
2459 1131 2568 1184 Καὶ
2609 1129 2725 1200 μετ’
2757 1130 2914 1198 ὀλίγα
2945 1147 2960 1160 ο
2994 1129 3105 1184 Καὶ
3154 1129 3223 1194 ὃς
3269 1131 3343 1184 οὐ
3385 1131 3680 1200 λαμϐάνει

2095 1222 2203 1276 τὸν
2230 1220 2498 1288 σταυρόν
2548 1221 2735 1276 αὑτοῦ
2781 1221 2877 1275 καὶ
2919 1220 3246 1275 ἀκολουθεῖ
3295 1222 3494 1275 ὀπίσω
3535 1241 3680 1292 μου,

2097 1313 2210 1366 οὐκ
2242 1311 2374 1365 ἐστι
2401 1329 2520 1381 μου
2541 1311 2730 1378 ἄξιος.
2759 1313 2890 1376 Καὶ,
2911 1313 3113 1378 Ὅστις
3136 1315 3248 1366 οὐκ
3265 1312 3682 1369 ἀποτάσσεται

2097 1402 2250 1458 πᾶσι
2299 1403 2424 1469 τοῖς
2469 1402 2854 1472 ὑπάρχουσιν
2902 1403 3093 1469 αὐτῷ,
3147 1406 3220 1458 οὐ
3257 1403 3517 1458 δύναταί
3564 1424 3682 1474 μου

2097 1488 2249 1546 εἶναι
2273 1491 2566 1561 μαθητής.
2611 1492 2672 1545 Ὀ
2698 1488 2790 1546 οὖν
2814 1493 2983 1546 θέλων
3018 1492 3276 1561 γενέσθαι
3305 1493 3477 1547 αὐτοῦ
3508 1495 3684 1565 μαθη-

2097 1583 2217 1654 τὴς,
2252 1585 2345 1637 καὶ
2378 1583 2528 1651 ἄξιος
2571 1584 2738 1639 αὐτοῦ
2788 1585 3078 1656 εὑρεθῆναι
3109 1601 3122 1615 ο
3161 1586 3255 1638 καὶ
3285 1584 3523 1656 δύναμιν
3552 1589 3682 1658 παρ’

2101 1675 2266 1730 αὐτοῦ
2315 1676 2502 1730 λαϐεῖν
2553 1677 2693 1731 κατὰ
2735 1677 2844 1731 τῶν
2895 1677 3223 1746 πνευμάτων
3252 1678 3354 1747 τῆς
3389 1680 3683 1750 πονηρίας,

2103 1767 2327 1839 χωρίζει
2357 1767 2550 1822 ἑαυτὸν
2567 1770 2746 1838 πάσης
2783 1771 3048 1841 σαρκικῆς
3068 1771 3302 1841 σχέσεως
3326 1789 3340 1802 ο
3363 1772 3461 1824 καὶ
3487 1772 3686 1841 γυμνοῖ

2105 1858 2299 1912 ἑαυτὸν
2330 1857 2511 1928 πάσης
2549 1859 2738 1928 ὑλικῆς
2767 1861 3175 1929 προσπαθείαςο
3210 1862 3306 1915 καὶ
3334 1861 3511 1924 οὕτως
3549 1862 3688 1932 πρὸς

2105 1950 2232 2013 τοὺς
2279 1951 2545 2022 ἀοράτους
2598 1949 2826 2021 ἐχθροὺς
2873 1952 3016 2023 ὑπὲρ
3067 1953 3175 2006 τῶν
3239 1953 3476 2006 ἐντολῶν
3518 1952 3687 2007 αὑτοῦ

2107 2039 2434 2109 ἀγωνίζεται
2455 2057 2469 2071 ·
2499 2041 2574 2104 ὼς
2605 2040 2765 2104 αὐτὸς
2795 2043 2824 2093 6
2860 2043 3069 2112 Κύριος
3115 2042 3306 2096 ἑαυτὸν
3351 2042 3528 2096 τύπον
3552 2045 3686 2112 ἡμῖν

2109 2131 2406 2202 παρέσχεν,
2440 2133 2498 2185 ἔν
2526 2149 2583 2185 τε
2617 2136 2684 2204 τῇ
2720 2134 2912 2204 ἐρήμῳ
2945 2133 3051 2188 ὑπὸ
3081 2133 3176 2188 τοῦ
3219 2134 3470 2207 ἀρχηγοῦ
3505 2133 3687 2189 αὐτῶν

424 2224 824 2296 πειραζόμενος
843 2241 856 2254 ’
893 2226 986 2279 καὶ
1012 2226 1071 2280 ἐν
1092 2228 1157 2298 τῇ
1199 2225 1490 2297 οἰκουμένῃ
1542 2223 1732 2291 ἐλθὼν,
1754 2223 1858 2277 ὑπὸ
1885 2223 1995 2277 τῶν
2033 2222 2126 2276 ὑπ’
2152 2222 2318 2276 αὑτοῦ
2349 2224 2775 2294 ἐνεργουμένων.

494 2319 548 2374 6.
575 2319 714 2376 Tum
754 2319 923 2375 frater
968 2339 980 2375 :
1018 2322 1087 2375 At
1120 2321 1290 2375 multa
1333 2328 1482 2386 sunt,
1530 2319 1740 2390 inquit,
1776 2318 1993 2374 Domini

2173 2323 2247 2384 ς’.
2263 2317 2676 2387 ΚαὶόἋδελφὸς
2697 2312 2850 2372 εἶπεν
2867 2335 2881 2350 ·
2919 2319 3077 2373 Ἀλλά
3105 2321 3299 2376 πολλαί
3323 2323 3454 2384 εἰσι,
3480 2323 3686 2393 Πάτερ,

422 2409 712 2476 mandata;
745 2418 801 2465 et
829 2411 954 2482 quis
982 2409 1166 2465 animo
1207 2425 1394 2465 coram
1438 2409 1622 2464 omnia
1654 2409 1856 2464 habere
1900 2424 1999 2479 po-

2107 2411 2159 2464 αί
2186 2409 2281 2463 τοῦ
2311 2409 2516 2480 Κυρίου
2549 2408 2788 2462 ἐντολαι·
2819 2411 2914 2464 καὶ
2945 2412 3029 2474 τίς
3061 2411 3286 2465 δύναται
3319 2413 3510 2476 πάσας
3545 2413 3688 2484 ἔχειν

424 2511 554 2568 test,
589 2509 652 2556 ut
673 2516 776 2572 pro
797 2502 1056 2558 omnibus
1091 2501 1393 2557 certamine
1420 2501 1750 2568 contendat;
1786 2501 1873 2555 vel
1899 2516 2000 2571 ego

2107 2497 2246 2551 κατά
2275 2497 2419 2563 νοῦν,
2445 2498 2532 2552 ἵνα
2559 2499 2699 2568 ὑπὲρ
2741 2499 2932 2553 πασῶν
2962 2501 3300 2570 ἀγωνίσηται
3322 2519 3336 2567 ;
3363 2503 3480 2572 ἐγὼ
3506 2505 3564 2557 δὲ
3592 2506 3691 2574 μά-

424 2594 688 2660 maxime,
722 2595 818 2664 qui
864 2593 1072 2665 fragilis
1102 2591 1385 2648 memorias
1415 2607 1559 2659 sum,
1617 2607 1721 2648 nec
1750 2591 1998 2663 plurium

2107 2589 2279 2652 λιστα,
2319 2588 2597 2656 ὀλιγόνους
2650 2590 2946 2660 ὑπάρχων;
2997 2593 3262 2663 σύντομον
3303 2594 3464 2662 λόγον
3500 2596 3688 2665 ἤθελον

425 2699 653 2757 possum
706 2683 1257 2740 meminisse?Velim
1310 2684 1501 2740 audire
1547 2682 2000 2755 compendiosum

2107 2678 2357 2743 ἀκοῦσαι,
2391 2679 2477 2732 ἵνα
2510 2679 2671 2733 αὐτὸν
2699 2681 2938 2751 κρατῶν,
2960 2681 3029 2735 δι’
3050 2682 3214 2736 αὐτοῦ
3244 2685 3557 2754 ἐσωζόμην.
3583 2686 3690 2738 Kal

425 2791 761 2842 sermonem,
818 2784 878 2831 ut
904 2792 1030 2832 eum
1057 2785 1242 2832 mente
1266 2783 1482 2841 tenens,
1526 2776 1676 2832 illius
1712 2791 1815 2846 ope
1853 2790 1990 2830 mere

2107 2769 2368 2842 ἀπεκρίθη
2395 2773 2423 2824 6
2454 2771 2655 2842 γέρωνο
2674 2772 2738 2825 El
2760 2773 2855 2826 καὶ
2880 2773 3070 2827 πολλαί
3097 2775 3256 2840 εἰσιν,
3295 2775 3546 2845 Ἀδελφὲ,
3577 2775 3689 2828 ἀλλ’

427 2866 548 2936 ipse
603 2865 766 2923 saluti
823 2865 1190 2920 consulerem.
1241 2863 1544 2934 Respondit
1577 2878 1746 2919 senex
1786 2863 1998 2918 :Multa

2107 2862 2188 2917 ἑνὶ
2241 2863 2384 2934 λόγῳ
2445 2863 2992 2933 ἀνακεφαλαιοῦνται,
3059 2866 3118 2918 ὲν
3152 2865 3265 2936 τῷ,
3323 2867 3692 2936 ’Δτα-τήσεις

428 2958 654 3030 quidem
689 2965 839 3022 sunt,
891 2956 967 3011 mi
1020 2955 1210 3022 frater,
1265 2955 1324 3010 in
1351 2969 1462 3009 uno
1513 2963 1698 3010 tamen
1744 2967 1998 3008 sermone

2107 2954 2332 3022 Κύριον
2363 2954 2472 3008 τὸν
2532 2955 2681 3009 Θεόν
2724 2969 2843 3010 σου
2889 2955 2958 3021 ἐξ
3004 2956 3154 3024 ὅλης
3187 2957 3299 3025 τῆς
3331 2958 3551 3025 ισχύος
3575 2975 3691 3012 σου

430 3066 645 3106 summa
672 3051 1042 3122 colliguntur;
1073 3047 1222 3120 quod
1269 3047 1482 3103 scilicet
1508 3046 1713 3102 dicitur
1747 3062 1766 3100 :
1800 3043 1999 3116 Diliges

2107 3045 2208 3100 καί
2235 3045 2305 3111 ἐξ
2335 3044 2478 3113 ὅλης
2505 3043 2616 3114 τῆς
2643 3045 2916 3113 διανοίας
2939 3062 3055 3102 σου
3088 3063 3103 3080 ο
3131 3048 3229 3102 καὶ
3263 3048 3371 3102 τόν
3417 3050 3694 3116 πλησίον

428 3143 712 3197 Dominum
747 3142 914 3198 Deum
963 3148 1110 3195 tuum
1147 3155 1211 3195 ex
1242 3149 1351 3194 tota
1398 3139 1701 3210 fortitudine
1733 3145 1824 3191 tua
1852 3146 1900 3190 et
1938 3153 2004 3191 ex

434 3241 545 3288 tota
580 3242 751 3288 mente
786 3241 907 3298 tua;
935 3239 983 3287 et
1007 3233 1307 3303 proximum
1339 3239 1487 3284 tuum
1523 3231 1660 3283 sicut
1690 3227 1999 3299 teipsum":

434 3341 521 3392 ac,
556 3327 651 3396 qui
684 3339 854 3380 unum
900 3324 1050 3379 hunc
1096 3337 1410 3380 sermonem
1445 3335 1666 3376 servare
1695 3319 2002 3386 contendit,

434 3416 620 3471 omnia
665 3415 829 3472 simul
877 3413 1136 3470 mandata
1173 3413 1384 3484 implet.
1418 3413 1540 3468 Non
1577 3421 1761 3484 potest
1798 3420 2002 3476 autem,

434 3505 517 3559 uti
541 3507 652 3578 jam
679 3506 735 3560 in
768 3504 1149 3576 superioribus
1181 3503 1391 3560 dictum
1421 3512 1527 3570 est,
1569 3504 1664 3574 qui
1693 3518 1725 3557 a
1754 3510 2005 3558 terreno-

436 3613 560 3652 rum
589 3597 880 3653 affectione
907 3596 1152 3651 animum
1184 3611 1298 3651 non
1343 3595 1676 3667 abjunxerit,
1727 3602 1822 3650 aut
1845 3594 2008 3666 370

433 3689 611 3744 Deum
659 3703 790 3744 vere
836 3687 1065 3760 diligere
1116 3697 1212 3743 aut
1261 3687 1610 3768 prpximum;
1643 3685 1790 3757 quod
1841 3686 2006 3742 simul

436 3777 680 3832 terrenis
708 3775 870 3843 affici,
924 3778 1210 3848 Deumque
1261 3777 1515 3848 diligere,
1571 3776 1717 3832 haud
1765 3791 2006 3847 unquam

436 3863 750 3936 contigerit.
804 3863 963 3932 Quod
998 3865 1074 3920 ita
1108 3864 1374 3921 Dominus
1403 3865 1731 3938 designavit,
1759 3866 2004 3921 cumait:

434 3953 601 4011 Nemo
640 3963 806 4028 potest
838 3957 1034 4012 duobus
1076 3957 1301 4012 dominis
1349 3959 1545 4012 seruire
1569 3960 1634 4012 "’.
1681 3959 1787 4014 Et:
1816 3958 2007 4014 Nullus

435 4057 600 4118 potest
649 4048 751 4108 Deo
787 4051 981 4105 servire
1016 4059 1067 4104 et
1118 4066 1430 4105 mammona:
1453 4051 1518 4105 “'.
1548 4049 1826 4117 Quantum
1861 4051 2009 4104 enim

436 4151 596 4191 mens
617 4145 805 4192 nostra
827 4135 1028 4191 affectu
1057 4136 1295 4192 terrenis
1333 4135 1502 4193 rebus
1522 4135 1868 4202 adhaarescit,
1902 4136 2012 4190 illis

441 4228 825 4309 mancipatur,
858 4228 1178 4300 spernitque
1231 4228 1331 4284 Dei
1359 4227 1816 4300 transgrediendo
1852 4243 2012 4284 man-

440 4317 650 4373 datum.

2107 3150 2226 3191 σου
2253 3135 2334 3203 ὡς
2362 3136 2599 3190 ἑαυτόν.
2621 3137 2732 3190 Kal
2754 3138 2782 3190 6
2810 3135 3212 3208 ἀγωνιζόμενος
3237 3137 3431 3192 τοῦτον
3463 3141 3691 3210 κρατεῖν

2106 3227 2199 3282 τὸν
2228 3226 2384 3295 λόγον
2409 3267 2425 3292 ,
2459 3227 2639 3291 πάσας
2676 3226 2812 3298 ὁμοῦ
2869 3227 2971 3291 τὰς
3022 3228 3244 3292 ἐντολὰς
3287 3229 3568 3300 κατορθοῖ.
3615 3231 3690 3282 Οὔ

2107 3317 2330 3374 δύναται
2356 3317 2416 3372 δέ
2445 3335 2530 3382 τις
2577 3318 2652 3390 μὴ
2690 3319 2930 3391 χωρίσας
2962 3319 3153 3372 ἑαυτὸν
3173 3361 3189 3386 ,
3219 3319 3294 3383 ὡς
3339 3321 3690 3390 προείρηται,

2107 3409 2209 3480 τῆς
2235 3409 2344 3463 τῶν
2389 3409 2589 3464 ὕλικῶν
2642 3411 3042 3482 προσπαθείας,
3072 3410 3195 3466 οὔτε
3243 3411 3335 3464 τὸν
3373 3411 3532 3473 Θεὸν,
3564 3411 3692 3464 οὔτε

2107 3501 2200 3556 τὸν
2261 3501 2488 3573 πλησίον
2541 3502 2826 3573 ἀγαπῆσαι
2873 3502 3112 3574 γνησίως
3153 3515 3170 3531 ⁸
3201 3500 3391 3572 ἐπειδὴ
3441 3501 3580 3570 ὁμοῦ
3624 3504 3688 3569 τῇ

2111 3592 2213 3666 ὕλῃ
2243 3584 2597 3663 προσκεῖσθαι
2627 3632 2642 3656 ,
2673 3593 2768 3646 καὶ
2803 3592 2895 3646 τὸν
2945 3591 3076 3645 Θεὸν
3119 3591 3406 3660 ἀγαπῆσαι
3431 3631 3447 3655 ,
3474 3591 3691 3660 ἀμήχα-

2110 3701 2220 3738 νον.
2240 3685 2352 3739 Kal
2382 3683 2540 3737 τοῦτό
2575 3684 2724 3737 ἐστιν
2761 3683 2790 3737 6
2813 3683 2962 3751 λέγει
2988 3683 3017 3736 6
3051 3681 3258 3752 Κύριος
3278 3697 3292 3710 ·
3332 3681 3547 3747 Οὐδεὶς
3588 3681 3691 3734 δύ’

2109 3794 2284 3832 ναται
2316 3777 2459 3831 δυσὶ
2493 3776 2724 3844 κυρίοις
2747 3774 3078 3830 δουλεύειν.
3099 3773 3209 3828 Καί
3230 3789 3244 3804 ·
3276 3773 3491 3839 Οὐδεὶς
3514 3773 3691 3828 δύνα-

2111 3887 2205 3923 ται
2228 3867 2349 3934 Θεῷ
2375 3868 2691 3922 δουλεύειν
2718 3866 2818 3922 καὶ
2855 3865 3128 3937 μαμωνᾷ.
3157 3866 3330 3920 Ὅσον
3367 3866 3479 3937 γὰρ
3510 3868 3540 3919 6
3567 3867 3689 3930 νοῦς

2109 3960 2272 4032 ήμῶν
2301 3959 2408 4013 τῶν
2430 3959 2523 4013 τοῦ
2556 3960 2760 4030 κόσμου
2788 3959 3070 4028 ἀντέχεται
3114 3959 3483 4028 πραγμάτων,
3514 3958 3688 4010 δεδού.

2111 4053 2279 4108 λωται
2304 4054 2520 4123 αὐτοῖςξ,
2556 4053 2652 4108 καὶ
2682 4054 3015 4124 καταφρονεῖ
3034 4050 3132 4122 τὴν
3161 4051 3381 4122 ἐντολὴν
3421 4050 3518 4105 τοῦ
3556 4051 3689 4105 Θεοῦ

2113 4144 2484 4216 παραϐαίνων.

549 4449 564 4464 .
603 4409 692 4464 Ait
737 4411 906 4464 frater
935 4427 949 4463 :
977 4409 1190 4476 Quibus
1247 4410 1414 4466 rebus
1459 4411 1629 4478 dicis,
1679 4411 1878 4466 Pater?
1907 4411 2003 4464 lte-

2189 4418 2252 4495 CI'.
2295 4419 2405 4472 Kal
2432 4420 2461 4472 6
2511 4418 2762 4490 Ἀδελφὺς
2796 4414 2951 4473 εῖπε³
2989 4407 3164 4472 Ποίων
3208 4418 3559 4488 πραγμάτων
3606 4417 3689 4472 λέ-

441 4499 665 4568 spondit
693 4512 858 4553 senex
886 4515 898 4551 :
930 4498 1101 4565 Cibis,
1127 4500 1398 4570 pecuniis,
1422 4501 1663 4570 praediis,
1691 4501 1883 4571 gloria,
1916 4516 2012 4556 co-

442 4589 624 4658 gnatis
651 4605 748 4644 seu
781 4589 1057 4655 afﬁnibus,
1088 4601 1144 4646 et
1188 4592 1480 4662 ejusmodi.
1503 4593 1585 4648 Ad
1613 4608 1776 4662 quem
1800 4593 2006 4649 frater:

443 4677 638 4745 Quaeso
669 4687 757 4745 te,
801 4679 982 4746 Pater,
1013 4682 1265 4751 nunquid
1302 4697 1410 4736 non
1461 4699 1525 4738 ea
1555 4685 1700 4739 Deus
1745 4686 2010 4753 condidit,

445 4779 610 4841 atque
654 4771 971 4827 hominibus
1009 4774 1214 4829 utenda
1243 4776 1562 4831 concessit?
1591 4777 1894 4847 Respondit
1923 4794 2013 4834 se-

445 4876 551 4917 nex
575 4879 590 4916 :
628 4861 769 4917 Sane
799 4862 973 4933 liquet
997 4865 1170 4918 Deum
1195 4879 1259 4920 ea
1283 4866 1612 4934 condidisse,
1645 4877 1808 4939 atque
1833 4870 2013 4925 homi-

446 4952 613 5008 nibus
635 4953 838 5008 utenda
888 4953 1205 5011 tradidisse.
1239 4956 1433 5012 Omnia
1469 4959 1617 5014 enim
1659 4975 1690 5014 a
1724 4962 1836 5017 Deo
1871 4963 2015 5018 bona

446 5047 668 5101 condita
696 5049 906 5114 sunt”,
941 5056 1005 5103 ut
1034 5049 1175 5104 bene
1212 5051 1320 5106 illis
1355 5054 1584 5121 utendo,
1621 5055 1734 5110 Deo
1768 5056 2015 5124 placere-

446 5152 588 5191 mus.
623 5137 734 5192 Nos
791 5137 1074 5194 enimvero
1104 5140 1200 5210 qui
1244 5141 1446 5198 infirmi
1488 5160 1554 5199 ac
1599 5146 1804 5198 terreni
1833 5144 2017 5200 animo

447 5226 640 5292 simus,
674 5243 766 5284 res
810 5238 1060 5286 terrenas
1091 5231 1407 5289 dilectionis
1455 5243 1732 5305 praecepto
1772 5237 2019 5305 praetuli-

446 5334 599 5385 mus;
638 5319 858 5390 illisque
889 5322 1093 5389 affecti,
1152 5324 1472 5381 hominibus
1525 5342 1862 5397 pugnamus;
1891 5343 2018 5383 cum

446 5427 546 5482 par
575 5420 743 5478 esset,
778 5423 840 5468 ut
861 5414 929 5469 iis
958 5415 1216 5471 omnibus
1247 5431 1370 5486 qua:
1399 5417 1454 5472 in
1485 5425 1764 5488 aspectum
1790 5419 2015 5486 cadunt,

2118 4527 2251 4579 γεις,
2287 4509 2517 4580 Πάτερ;
2559 4511 2669 4564 Kal
2700 4512 2729 4564 6
2771 4511 2950 4582 γέρων
2993 4509 3297 4580 ἀπεκρίθη·
3351 4511 3686 4581 Βρωμάτων,

2116 4601 2416 4673 χρημάτων
2438 4643 2452 4667 ,
2493 4602 2788 4672 κτημάτων
2809 4642 2824 4667 ,
2853 4601 3033 4669 δόξης,
3092 4601 3396 4670 συγγενῶν,
3457 4603 3555 4655 καὶ
3587 4601 3688 4654 τῶν

2115 4689 2262 4759 ἑξῆς.
2289 4688 2398 4741 Kal
2419 4690 2448 4742 6
2482 4688 2732 4758 Ἀδελφὸς
2752 4684 2923 4742 εἶπενο
2960 4689 3112 4753 Εἰπὲ,
3137 4690 3338 4760 Πάτερ,
3361 4688 3485 4759 οὐχὶ
3513 4693 3541 4742 6
3564 4689 3689 4750 856;

2117 4779 2257 4833 αὐτά
2293 4777 2496 4846 ἔκτισε,
2514 4780 2608 4833 καὶ
2644 4782 2756 4844 τοῖς
2781 4780 3090 4852 ἀνθρώποις
3119 4783 3198 4844 είς
3222 4783 3418 4852 χρῆσιν
3453 4783 3646 4838 δέδωκε
3671 4799 3687 4845 ;

2115 4873 2208 4927 καὶ
2253 4873 2370 4935 πῶς
2421 4871 2636 4926 κελεύει
2690 4873 2869 4926 αὐτῶν
2905 4873 2979 4944 μὴ
3013 4874 3334 4943 ἀντέχεσθαι
3366 4872 3492 4946 [οίι.
3532 4876 3692 4928 ἀπτε-

2118 4963 2286 5036 σθαι];
2311 4963 2422 5017 Kal
2449 4963 2721 5034 ἀπεκρίθη
2749 4965 2778 5016 6
2808 4963 2986 5034 γέρων
3005 4980 3018 4995 ο
3038 4963 3206 5033 Δῆλον
3233 4965 3315 5016 ὅτι
3338 4965 3367 5016 6
3402 4964 3539 5029 Θεὸς
3560 4964 3692 5018 αὐτὰ

2116 5054 2318 5120 ἔκτισε,
2349 5055 2440 5107 καὶ
2471 5054 2703 5107 δέδωκεν
2723 5055 2802 5117 εἰς
2831 5057 3028 5126 χρῆσιν
3056 5057 3170 5116 τοῖς
3206 5054 3544 5124 ἀνθρώποις.
3566 5055 3688 5117 Kal,

2117 5145 2260 5200 καλὰ
2294 5145 2470 5198 πάντα
2504 5145 2572 5199 τὰ
2611 5145 2715 5198 ὑπὸ
2762 5145 2858 5198 τοῦ
2894 5145 3030 5198 Θεοῦ
3079 5145 3362 5213 γεγονότα,
3389 5147 3479 5199 ἵνα
3519 5146 3692 5207 καλῶς

2118 5237 2302 5299 αὐτοῖς
2357 5234 2725 5306 χρησάμενοι,
2757 5235 2837 5305 τῷ
2890 5235 3010 5306 Θεῷ
3055 5235 3553 5308 εὑαρεστήσωμενο
3583 5236 3692 5289 ἀλλ’

2119 5329 2280 5398 ἡμεῖς
2301 5327 2546 5390 ἀσθενεῖς
2574 5326 2746 5389 ὄντες,
2767 5327 2863 5379 καὶ
2885 5325 3060 5379 ὑλικοὶ
3083 5329 3148 5396 τῇ
3166 5326 3378 5398 διανοίᾳ
3404 5326 3572 5399 [ἄλλ.
3597 5327 3694 5394 τὴν

2120 5418 2361 5472 διάνοιαν
2383 5415 2428 5490 ἶ.
2466 5419 2917 5490 προετιμήσαμεν
2969 5417 3040 5472 τά
3099 5417 3260 5472 ὑλικά
3302 5419 3407 5488 τῆς
3479 5418 3693 5486 ἐντολῆς

524 5641 567 5672 ¹³
597 5641 739 5721 Psal.
762 5643 884 5721 sed
900 5643 1052 5696 1-15.
1087 5644 1172 5721 -ξδ
1209 5642 1475 5715 Μιιῑῑὴςι,
1512 5647 1599 5701 57.
1681 5649 1723 5681 ’⁸
1758 5655 1891 5704 Luc.
1929 5665 2036 5715 xlv,
2069 5649 2156 5718 35,
2186 5650 2278 5706 54.
2358 5652 2401 5685 ¹⁸
2425 5650 2588 5707 Marc.
2623 5667 2718 5720 xu,
2744 5650 2832 5706 30.
2916 5653 2957 5686 "
2989 5651 3180 5708 Matth.
3218 5652 3403 5721 πει.
3481 5653 3524 5684 ι’
3552 5651 3688 5707 Luc.

452 5723 560 5774 xvi,
602 5711 686 5764 i3.
765 5712 806 5741 "
841 5712 977 5766 Gen.
1014 5728 1050 5778 ι,
1087 5713 1173 5767 3L
