3876 6314
205 311 314 378 91¹7

1483 306 1717 367 LIBER
1752 306 2183 369 ASCETICUS.

3352 300 3461 368 918

201 426 306 493 τῆς
353 417 572 489 ἀγάπης
593 432 607 447 ⁸
640 415 734 471 usi
770 413 948 469 αὐτῶν
994 413 1377 485 ἀντεχόμενοι,
1406 407 1522 477 τοῖς
1571 414 1785 486 ἀνθρώ-

1910 429 2117 485 psoque
2161 428 2415 484 corpore,
2482 413 2723 486 cujusvis
2777 412 3066 468 hominum
3113 412 3467 469 dilectionem

205 528 335 575 ποις
375 506 659 580 μαχόμεθα
685 522 700 538 ο
732 506 852 559 δέον
910 505 1130 559 πάντων
1177 505 1286 559 τῶν
1329 505 1644 577 ὁρωμένων,
1686 496 1782 560 xai.

204 601 375 656 αὐτοῦ
401 599 497 654 τοῦ
523 598 793 669 σώματος,
820 597 919 667 τὴν
948 596 1151 660 παντὸς
1189 595 1478 667 ἀνθρώπου
1509 597 1782 666 προτιμῆ-

205 708 299 746 σαι
328 690 583 760 ἀγάπην·
615 690 736 759 ἥτις
765 688 911 740 ἐστὶν
935 685 1223 757 γνώρισμα
1244 686 1342 756 τῆς
1374 686 1452 749 είς
1481 685 1615 739 Θεὸν
1641 685 1785 754 ἀγά-

203 802 346 856 πης,
378 782 565 846 καθὼς
594 782 755 845 αὐτὸς
801 783 830 835 6
860 780 1061 850 Κύριος
1093 781 1151 832 ὲν
1182 777 1535 848 Εὐαγγελίοις
1576 776 1786 832 δείκνυ-

207 891 321 931 σιν·
360 875 414 927 '0
444 871 694 943 ἀγαπῶν
721 873 827 941 ἐμὲ
847 912 863 939 ,
899 872 1034 943 φησὶ
1056 912 1071 937 ,
1099 872 1207 936 τὰς
1247 870 1502 936 ἐντολάς
1534 886 1655 939 μου
1684 885 1787 936 τη-

199 967 404 1038 ρήσει.
431 966 539 1019 Καὶ
571 964 655 1028 τίς
684 966 832 1018 ἐστιν
863 965 896 1034 ἡ
952 962 1139 1033 ἐντολὴ
1187 962 1255 1033 ἢν
1289 962 1651 1033 τηρήσαντες,
1684 962 1784 1013 αύ-

205 1062 303 1115 τὸν
357 1059 760 1129 ἀγαπήσωμεν,
813 1054 979 1108 αὑτοῦ
1028 1053 1278 1117 ἄκουσον,
1304 1052 1555 1120 λέγοντος
1578 1067 1591 1081 ·
1626 1052 1791 1121 Αὕτη

206 1151 280 1205 δέ
300 1152 472 1205 ἐστιν
501 1151 539 1218 ἠ
568 1147 789 1215 ἐντολὴ
813 1149 850 1217 ἠ
878 1145 1017 1217 ἐμὴ,
1038 1146 1139 1200 ἵνα
1163 1144 1430 1214 ἀγαπᾶτε
1451 1144 1784 1212 ἀλλήλους.

220 1248 387 1318 Ὁρᾷς
431 1246 514 1300 ὃτι
561 1247 591 1314 ἡ
642 1242 889 1314 ἀλλήλων
941 1241 1170 1310 ἀγάπη,
1195 1238 1296 1310 τὴν
1337 1241 1417 1303 είς
1466 1238 1600 1293 Θεὸν
1650 1235 1793 1305 ἀγά-

207 1356 323 1409 πην
362 1338 697 1407 συνίστησιν,
713 1335 837 1406 ἥτις
881 1335 1000 1388 ἐστὶ
1029 1334 1303 1405 πλήρωμα
1333 1332 1515 1402 πάσης
1547 1330 1683 1384 Θεοῦ
1707 1330 1793 1382 ὲν-

207 1429 404 1498 τολῆς;
431 1427 531 1480 Διά
561 1423 719 1477 τοῦτο
752 1417 844 1476 οὖν
874 1418 1089 1476 κελεύει
1116 1421 1298 1475 αὐτῶν
1327 1420 1402 1491 μὴ
1432 1417 1786 1489 ἀντέχεσθαι·

209 1521 350 1576 ἀλλὰ
380 1519 474 1574 καὶ
509 1515 880 1583 ἀποτάξασθαι
928 1516 1062 1569 πᾶσι
1094 1515 1207 1575 τοῖς
1247 1510 1586 1581 ὑπάρχουσιν
1618 1508 1790 1579 αὐτῷ,

210 1614 392 1668 πάντα
421 1612 515 1665 τὸν
548 1609 696 1680 αὐτῷ
742 1606 1072 1679 μαθητεύειν
1109 1602 1524 1683 ἐπιθυμητικῶς
1576 1601 1787 1671 ἔχοντα.

285 1712 356 1777 η’.
375 1706 485 1758 Καὶ
508 1706 536 1757 6
572 1702 823 1771 Ἀδελφδς
850 1695 1024 1754 εἴπεν*
1053 1698 1271 1768 Ἐπειδὴ
1294 1690 1465 1759 εἶπες,
1496 1694 1792 1764 Πάτερ,ὃτι

1889 507 2069 578 pluris
2117 496 2461 571 faceremus;
2486 521 2608 575 qua:
2638 505 2897 561 videlicet
2937 505 3144 562 indicio
3191 515 3279 561 est
3322 505 3472 561 illius

1895 597 2207 661 charitatis,
2238 611 2361 667 quat
2389 596 2457 651 ad
2488 597 2660 650 Deum
2696 603 2801 661 est,
2831 596 2911 650 uti
2940 596 3058 665 ipse
3098 596 3362 651 Dominus
3411 595 3468 650 in
3554 660 3555 667 η

1891 687 2205 758 Evangeliis
2227 687 2500 742 ostendit:
2534 685 2638 752 Qui
2658 687 2830 758 diligit
2854 703 2955 754 me,
2979 687 3177 757 inquit,
3213 687 3470 741 mandata

1890 797 2010 835 mea
2037 780 2346 834 servabit“.
2390 779 2676 846 Quodnam
2701 794 2833 833 vero
2860 778 3180 833 mandatum
3212 778 3302 843 sit,
3323 777 3470 847 quod

1892 872 2165 928 servando
2195 872 2373 942 ipsum
2415 870 2811 936 dilexerimus,
2845 870 2976 924 audi
3013 870 3194 939 ipsum
3236 868 3469 937 loquen-

1893 971 2003 1021 tem
2034 981 2047 1016 :
2079 963 2192 1018 Hoc
2244 970 2321 1017 est
2362 971 2681 1034 praeceptum
2731 979 2928 1028 meum,
2974 967 3032 1015 ut
3062 961 3295 1030 diligatis
3339 961 3472 1014 invi-

1893 1072 2001 1110 cem
2024 1055 2090 1109 “.
2109 1053 2450 1124 Vides,quod
2476 1053 2587 1107 alii.
2605 1054 2744 1108 alios
2764 1053 3057 1123 diligamus
3073 1093 3088 1117 ,
3112 1052 3471 1107 dilectionem

1893 1147 1952 1201 in
1984 1147 2158 1201 Deum
2200 1144 2440 1200 conﬂare
2490 1159 2555 1199 ac
2607 1143 3015 1207 commendare,
3045 1158 3169 1213 quae
3220 1142 3471 1198 omnium

1896 1238 1993 1293 Dei
2021 1245 2423 1308 praeceptorum
2453 1236 2742 1306 plenitudo
2784 1236 2929 1293 est"
2952 1235 2975 1289 ‘I
2999 1235 3059 1291 ιιι
3101 1235 3269 1305 igitur
3291 1248 3472 1288 causa:

1895 1338 1979 1384 est
2005 1344 2106 1384 cur
2122 1329 2317 1400 jubeat
2350 1327 2438 1382 his
2472 1343 2584 1382 non
2616 1326 3036 1393 adhaerescere;
3064 1325 3159 1380 sed
3189 1334 3250 1379 ut
3272 1325 3338 1389 is,
3373 1323 3473 1393 qui

1894 1421 2015 1492 ejus
2035 1420 2187 1490 cupit
2216 1435 2337 1476 esse
2371 1419 2677 1489 discipulus
2696 1459 2712 1485 ,
2752 1418 3034 1474 renuntiet
3066 1418 3323 1474 omnibus
3349 1433 3473 1487 qua:

1897 1509 2169 1580 possidet.

1969 1685 2023 1741 8.
2088 1686 2228 1741 Tum
2281 1686 2452 1743 frater
2494 1685 2998 1758 :Quandoquidem
3032 1686 3243 1751 dixisti,
3285 1686 3470 1749 Pater,

209 1796 332 1850 δέον
355 1796 571 1848 πάντων
598 1792 708 1846 τῶν
739 1788 1166 1862 ὁρωμένων,καὶ
1194 1785 1359 1842 αὐτοῦ
1397 1784 1491 1839 τοῦ
1519 1784 1794 1853 σώματος,

1910 1794 1999 1849 par
2024 1792 2182 1844 esse,
2232 1786 2295 1833 ut
2336 1778 2506 1834 rebus
2546 1779 2839 1846 omnibus,
2875 1795 2999 1849 quae
3043 1779 3145 1834 sub
3188 1785 3482 1849 aspectum

209 1886 313 1956 τὴν
347 1883 549 1946 παντὸς
587 1881 876 1951 ἀνθρώπου
926 1877 1263 1950 προτιμῆσαι
1285 1875 1528 1944 ἀγάπην,
1559 1873 1676 1936 πῶς
1709 1870 1796 1925 δύ-

210 1995 387 2049 ναμαι
435 1976 527 2029 τὸν
567 1972 829 2046 μισοῦντά
873 1988 940 2041 με
981 1969 1077 2023 καὶ
1128 1967 1609 2039 ἀποστρεφόμενον
1654 1965 1795 2033 ἀγα-

213 2070 412 2138 πῆσαι;
442 2069 503 2121 Ei
528 2067 585 2120 δὲ
628 2064 721 2119 καὶ
772 2064 957 2133 φθονεῖ
1010 2078 1122 2132 μοι,
1157 2059 1252 2114 καὶ
1291 2057 1580 2129 λοιδορίαις
1627 2072 1796 2110 κατα-

212 2160 446 2228 τοξεύει,
478 2158 573 2213 καὶ
605 2157 789 2218 δόλους
814 2152 1217 2216 κατασκευάζει
1244 2190 1258 2215 ,
1288 2149 1384 2203 καὶ
1421 2147 1796 2201 ἐπιϐουλεύειν

213 2252 507 2323 ἐπιχειρεῖ,
535 2249 653 2311 πῶς
689 2247 925 2317 δύναμαι
960 2244 1122 2298 αὑτὸν
1154 2241 1466 2313 ἀγαπῆσαι;
1490 2238 1654 2292 Φύσει
1680 2255 1793 2308 μοι,

215 2346 424 2413 Πάτερ,
464 2340 716 2412 φαίνεται
779 2336 936 2391 τοῦτο
986 2335 1270 2400 ἀδύνατον,
1313 2333 1410 2385 τοῦ
1456 2329 1663 2392 πάθους
1695 2328 1797 2398 τῆς

215 2438 396 2507 λύπης
422 2432 669 2505 φυσικῶς
696 2430 789 2484 τὸν
823 2428 1137 2499 λυπήσαντα
1161 2422 1600 2494 ἀποστρέφεσθαι
1631 2421 1800 2487 ἀναγ-

216 2525 500 2589 κάζοντος.
536 2520 645 2575 Καὶ
670 2517 942 2589 ἀπεκρίθη
973 2517 1001 2569 6
1033 2516 1231 2585 γέρων·
1282 2513 1406 2566 Ἐπὶ
1437 2510 1535 2582 μὲν
1559 2509 1669 2562 τῶν
1700 2510 1794 2579 έρ-

218 2617 399 2671 πετῶν
432 2615 527 2669 καὶ
561 2611 670 2665 τῶν
700 2609 904 2681 θηρίων
938 2607 1047 2660 τῶν
1092 2605 1196 2659 ὑπὸ
1242 2603 1457 2673 φύσεως
1489 2599 1795 2670 ἀγομένων,

218 2709 300 2779 τῷ
318 2708 431 2762 ὄντι
461 2704 721 2759 ἀδύνατον
758 2700 832 2771 μὴ
872 2698 1091 2760 πάντως
1137 2693 1448 2766 ἀμύνασθαι
1479 2692 1603 2744 ὅσον
1639 2689 1799 2743 δύνα-

216 2789 323 2856 ται
367 2798 430 2851 τὸ
466 2793 808 2851 καταπονοῦν
837 2808 851 2822 ο
882 2790 976 2843 ἐπὶ
1018 2790 1076 2843 δὲ
1107 2788 1216 2841 τῶν
1267 2786 1387 2839 κατ’
1433 2782 1618 2838 εἰκόνα
1661 2780 1798 2835 Θεοῦ

222 2891 574 2955 κτισθέντων,
606 2886 701 2939 καὶ
729 2885 873 2954 λόγῳ
905 2881 1189 2953 ἀγομένων
1208 2896 1222 2911 ·
1249 2878 1345 2933 καὶ
1373 2875 1626 2945 γνώσεως
1661 2874 1798 2927 Θεοῦ

221 2980 689 3048 καταξιωθέντων,
726 2976 823 3030 κει)⁴
860 2975 1025 3045 νόμον
1071 2970 1202 3043 παρ’
1255 2968 1421 3025 αὐτοῦ
1467 2967 1799 3037 δεξαμένων,

222 3074 454 3131 δυνατὸν
481 3071 606 3133 τοὺς
628 3067 937 3130 λυποῦντας
964 3065 1040 3137 μὴ
1068 3060 1528 3131 ἀποστρέφεσθαι,
1559 3058 1654 3113 καὶ
1677 3058 1804 3122 τοὺς

1900 1870 2125 1938 cadunt,
2167 1871 2395 1941 ipsoque
2439 1886 2691 1941 corpore,
2730 1872 2976 1942 cujusvis
3010 1870 3297 1926 hominum
3337 1870 3477 1924 dile-

1899 1968 2141 2021 ctionem
2174 1964 2354 2034 pluris
2407 1962 2702 2031 faciamus;
2739 1963 2963 2033 quinam
3018 1964 3139 2019 ﬁeri
3181 1971 3365 2034 potest
3411 1971 3484 2019 ut~

1899 2072 2027 2112 eum
2040 2056 2266 2127 diligam
2283 2056 2379 2126 qui
2396 2071 2485 2111 me
2500 2055 2668 2110 habet
2683 2054 2813 2110 odio
2826 2062 2884 2111 et
2904 2064 3192 2110 aversatur
3208 2056 3231 2109 ?
3245 2053 3402 2121 Quod
3426 2054 3481 2110 si

1899 2148 2069 2202 etiam
2126 2146 2335 2201 invidia
2399 2146 2601 2216 agitur,
2651 2146 2902 2216 petitque
2934 2147 3193 2203 convitiis
3221 2154 3280 2202 et
3318 2147 3481 2203 dolos-

1902 2240 2068 2294 struit
2098 2253 2164 2294 ac
2190 2238 2420 2293 insidias
2446 2238 2797 2293 machinatur
2827 2239 3011 2293 :hunc
3032 2239 3313 2309 quomodo
3341 2240 3477 2294 dili-

1901 2346 2031 2403 gere
2053 2347 2277 2401 possum
2299 2332 2599 2397 iVidetur,
2624 2331 2812 2397 Pater,
2844 2331 2952 2385 hoc
2978 2331 3036 2385 in
3067 2330 3150 2386 eis
3182 2346 3477 2386 numeran-

1901 2423 2055 2490 dum,
2080 2439 2202 2493 quae
2249 2432 2447 2478 natura
2491 2422 2609 2476 ﬁeri
2651 2437 2764 2476 non
2799 2430 3050 2491 possunt,
3096 2420 3246 2491 quod
3270 2435 3476 2490 nempe

1901 2514 2178 2583 passionis
2232 2514 2393 2568 dolor
2437 2512 2713 2581 illatasque
2764 2526 2962 2566 sensus
3009 2511 3225 2581 injuria:
3276 2516 3477 2564 natura

1903 2609 2080 2673 cogat,
2112 2609 2173 2656 ut
2216 2602 2432 2657 infenso
2465 2601 2648 2656 animo
2688 2601 2746 2656 in
2780 2616 2909 2656 eum
2943 2602 3117 2655 simus
3138 2641 3153 2666 ,
3186 2599 3283 2670 qui
3328 2599 3478 2655 illius

1902 2700 2098 2747 auctor
2125 2692 2373 2747 exsistat.
2402 2692 2823 2761 Responditque
2873 2706 3042 2747 senex
3072 2709 3087 2745 :
3111 2691 3173 2745 In
3206 2688 3481 2760 serpenti-

1904 2783 2011 2839 bus
2038 2782 2265 2853 quidem
2295 2790 2352 2837 et
2387 2783 2606 2850 bestiis,
2642 2800 2764 2853 qua:
2790 2791 2987 2838 natura
3017 2792 3256 2854 aguntur
3280 2821 3295 2847 ,
3328 2782 3478 2837 haud

1860 2920 1865 2925 .
1904 2875 2067 2945 plane
2098 2874 2218 2929 ﬁeri
2258 2875 2453 2945 possit,
2494 2884 2557 2930 ut
2584 2875 2744 2946 371
2769 2890 2882 2930 non
2913 2876 3160 2940 omnino,
3192 2873 3375 2943 quoad
3408 2874 3477 2927 li-

1907 2973 2052 3035 ceat,
2097 2966 2456 3035 ulciscantur,
2483 2966 2634 3037 quod
2658 2967 2968 3023 molestiam
2998 2966 3132 3022 facit
3158 2985 3171 3020 :
3197 2965 3255 3019 in
3288 2966 3356 3020 iis
3378 2979 3478 3018 au-

1908 3068 2043 3127 tem,
2065 3060 2161 3130 qui
2187 3059 2257 3115 ad
2277 3060 2376 3115 Dei
2418 3060 2712 3130 imaginem
2766 3059 2975 3115 conditi
3018 3066 3145 3115 sunt
3175 3068 3233 3114 et
3262 3056 3483 3111 'ratiOne

227 3163 522 3237 μισοῦντας
571 3161 812 3230 ἀγαπᾷν.
867 3157 960 3211 Διὸ
996 3157 1092 3210 καὶ
1140 3157 1170 3209 6
1208 3153 1452 3225 Κύριος,
1495 3148 1803 3220 Ἀγαπᾶτε,

1912 3149 2216 3216 ducuntur,
2261 3150 2473 3221 Deique
2506 3150 2738 3205 scientia
2781 3149 2992 3221 dignati
3037 3158 3186 3213 sunt,
3214 3156 3289 3203 ἐι
3317 3146 3386 3201 ab
3413 3159 3481 3200 eo

224 3255 422 3325 λέγων,
454 3251 597 3317 τοὺς
624 3248 879 3319 ἐχθροὺς
931 3245 1103 3317 ὑμῶν
1128 3262 1143 3277 ·
1176 3245 1379 3310 καλῶς
1411 3241 1655 3308 ποιεῖτε,
1679 3239 1806 3307 τοῖς

220 3346 518 3420 μισοῦσιν
538 3341 823 3413 ὑμᾶς-,καὶ
855 3340 926 3393 τὰ
953 3338 1101 3408 ἑξῆς,
1127 3337 1228 3408 οὐχ
1259 3335 1335 3400 ὡς
1360 3334 1596 3391 ἀδύνατα
1626 3332 1805 3388 ἐντέλ-

226 3441 404 3505 λεται,
426 3436 541 3492 ἀλλ’
564 3435 639 3498 ὡς
665 3431 869 3486 δυνατά
896 3430 1139 3502 δηλονότι
1159 3447 1171 3462 ο
1195 3428 1319 3483 ἐπεὶ
1345 3428 1449 3482 οὐκ
1490 3428 1555 3483 ἂν
1579 3424 1806 3481 ἐκόλασε

230 3533 326 3585 τὸν
351 3528 776 3599 παραϐαίνοντα.
802 3524 963 3594 Δηλοῖ
994 3523 1051 3577 δὲ
1079 3521 1237 3586 αὐτὸς
1267 3522 1296 3574 6
1316 3520 1563 3591 Κύριος,
1620 3517 1808 3579 αὐτοῖς

229 3624 345 3685 τοῖς
374 3620 554 3691 ἔργοις
581 3618 712 3688 ἡμῖν
731 3613 941 3679 δείξας·
980 3611 1143 3666 καὶοὶ
1186 3608 1432 3681 μαθηταὶ
1464 3606 1630 3661 αὑτοῦ
1666 3605 1807 3661 πάν-

230 3730 327 3776 τες
346 3710 487 3781 ὑπὲρ
510 3709 610 3779 τῆς
643 3708 724 3770 είς
753 3706 845 3760 τὸν
879 3703 1107 3773 πλησίον
1142 3702 1362 3771 ἀγάπης
1387 3699 1549 3771 μέχρι
1575 3698 1827 3768 θανάτου,

233 3803 658 3873 ἀγωνισάμενοι,
689 3799 785 3855 καὶ
813 3797 956 3867 ὑπὲρ
982 3796 1093 3851 τῶν
1128 3792 1569 3848 ἀποκτεινάντων
1590 3788 1833 3860 θερμῶς,

236 3896 690 3970 προσευξάμενοι.
741 3890 883 3945 Ἀλλ’
932 3888 1123 3958 ἐπειδὴ
1156 3887 1318 3958 ἡμεῖς
1367 3882 1533 3954 ἐσμὲν
1572 3879 1813 3951 φιλόῦλοι

234 3989 337 4044 καὶ
371 3987 663 4059 φιλήδονοι,
693 3983 791 4039 καὶ
821 3982 1000 4037 ταῦτα
1051 3980 1151 4051 τῆς
1186 3977 1406 4046 ἐντολῆς
1449 3973 1649 4044 μᾶλλον
1673 3986 1812 4044 προ-

235 4078 533 4149 τιμῶντες,
555 4076 644 4130 διὰ
690 4073 853 4128 τοῦτο
897 4073 1025 4134 τοὺς
1081 4068 1377 4143 μισοῦντας
1423 4062 1708 4134 ἀγαπῆσαι
1750 4062 1811 4114 οὐ

237 4146 517 4237 δυνάμεθα
533 4181 547 4195 ·
573 4163 708 4218 ἀλλά
735 4162 832 4215 καὶ
856 4159 981 4223 τοὺς
1005 4154 1334 4225 ἀγαπῶντας
1366 4152 1454 4205 διὰ
1485 4148 1660 4205 ταῦτα
1688 4146 1816 4200 πολ-

238 4259 401 4321 λάκις
455 4249 932 4323 ἀποστρεφόμεθα,
965 4246 1170 4315 θηρίων
1203 4243 1297 4297 καὶ
1348 4238 1594 4312 ἑρπετῶν
1637 4237 1816 4307 χεῖρον

1906 3242 2084 3313 legem
2118 3247 2474 3311 acceperunt,
2502 3240 2695 3310 utique
2727 3239 2845 3295 ﬂeri
2868 3249 3076 3310 potest,
3121 3246 3184 3293 ut
3220 3237 3360 3293 nihil
3393 3237 3481 3290 in-

1906 3333 2063 3390 fenso
2091 3333 2277 3388 animo
2299 3333 2412 3388 sint
2431 3332 2487 3387 in
2508 3347 2626 3399 eos,
2649 3332 2746 3402 qui
2785 3332 3002 3403 injuriae
3034 3338 3291 3386 auctores
3315 3336 3479 3393 sunt,

1906 3432 1964 3480 et
1989 3432 2050 3480 ut
2081 3439 2179 3480 eos
2208 3423 2455 3494 diligant,
2477 3423 2575 3494 qui
2606 3423 2866 3478 oderunt.
2901 3421 3269 3488 Quamobrem
3315 3418 3483 3472 etiam

1907 3514 2197 3579 Dominus,
2239 3514 2369 3570 dum
2412 3514 2491 3569 ait
2534 3531 2547 3568 :
2584 3512 2803 3584 Diligite
2831 3514 3071 3568 inimicos
3110 3518 3307 3565 vestros
3345 3526 3363 3565 :
3394 3509 3483 3564 be-

1908 3606 2135 3677 nefacite
2170 3606 2257 3672 iis,
2292 3606 2380 3676 qui
2403 3605 2625 3660 oderunt
2675 3604 2850 3669 vos”,
2882 3611 2940 3659 et
2992 3619 3116 3673 quae
3153 3608 3484 3672 sequuntur,

1910 3713 2021 3753 non
2050 3698 2169 3753 haec
2215 3704 2475 3767 tanquam
2528 3695 2891 3766 impossibilia
2913 3696 3092 3766 jubet,
3123 3695 3218 3751 sed
3266 3703 3329 3749 ut
3367 3708 3488 3761 quae

1910 3789 2171 3844 nimirum
2200 3787 2317 3842 fleri
2349 3787 2580 3857 possint.
2625 3788 2922 3855 Palamque
2966 3786 3097 3842 facit
3134 3786 3252 3855 ipse
3297 3784 3487 3839 Domi-

1911 3893 2038 3944 nus,
2068 3879 2187 3947 ejus
2207 3876 2371 3930 nobis
2396 3874 2711 3930 dilectionis
2734 3875 2902 3929 rebus
2922 3874 3055 3943 ipsis
3092 3873 3435 3928 luculentum
3456 3888 3489 3927 a

1912 3982 1973 4023 se
2015 3966 2294 4036 specimen
2330 3963 2540 4029 factus;
2571 3964 2692 4034 ejus
2719 3978 2940 4034 quoque
2982 3976 3173 4017 omnes
3203 3960 3484 4031 discipuli,

1917 4057 2052 4113 dum
2099 4056 2170 4113 ad
2223 4064 2460 4112 mortem
2503 4070 2679 4126 usque
2712 4053 3025 4110 dilectionis
3058 4052 3293 4123 proximi
3325 4066 3489 4107 causa

1915 4148 2287 4214 decertarunt,
2316 4156 2374 4204 et
2398 4161 2499 4219 pro
2522 4146 2612 4202 his
2655 4146 2752 4217 qui
2795 4144 3124 4199 occiderunt
3173 4142 3345 4197 animi
3376 4141 3489 4195 fer-

1913 4254 2049 4295 vore
2080 4246 2400 4294 oraverunt.
2449 4235 2608 4303 Quod
2631 4235 2917 4291 enimvero
2951 4232 3188 4288 terrenis
3228 4232 3397 4288 rebus
3426 4246 3492 4287 ac

238 4349 577 4419 διακείμενοι
607 4360 622 4376 ο
654 4344 750 4397 καὶ
797 4340 885 4394 διά
935 4337 1092 4392 τοῦτο
1150 4337 1261 4400 τοῖς
1312 4333 1482 4404 ἴχνεσι
1536 4329 1632 4384 τοῦ
1679 4327 1803 4382 Θεοί

1916 4329 2188 4399 voluptati
2232 4342 2421 4383 amore
2452 4324 2685 4396 impensi
2728 4339 2940 4389 sumus,
2973 4323 3201 4393 haecque
3233 4321 3492 4376 mandato

240 4409 609 4508 ἀκολούθῆσαι
672 4432 747 4505 μὴ
795 4429 1104 4500 δυνάμενοι,
1131 4426 1255 4480 οὐδὲ
1294 4424 1386 4479 τὸν
1423 4421 1626 4477 σκοπὸν
1648 4420 1803 4474 αὐτοῐ

1918 4419 2096 4489 pluris
2125 4417 2384 4482 facimus,
2426 4415 2634 4471 idcirco
2662 4429 2759 4470 eos
2805 4413 2903 4484 qui
2930 4427 3034 4467 nos
3073 4411 3312 4466 oderunt
3343 4409 3492 4463 haud

241 4532 449 4603 γνῶναι
477 4498 779 4605 δυνάμεθα,
800 4524 889 4576 ἵνα
926 4498 1183 4591 λάϐωμεν
1215 4517 1462 4587 δύναμιν.

1922 4509 2155 4580 diligere
2186 4521 2515 4578 possumus;
2546 4504 2681 4574 quin
2705 4511 2763 4560 et
2795 4518 2988 4558 eorum
3014 4516 3179 4557 causa
3206 4501 3262 4555 in
3280 4514 3375 4555 eos
3397 4498 3493 4569 qui

243 4593 499 4696 diligant,
544 4593 694 4675 haud
760 4631 909 4681 raro,
960 4612 1171 4669 bestiis
1237 4625 1303 4665 ac
1362 4607 1718 4678 serpentibus
1766 4602 2010 4659 deterius
2064 4601 2270 4665 affecti,
2332 4599 2548 4655 infenso
2589 4598 2787 4652 'animo
2839 4610 3076 4651 sumus:
3137 4593 3494 4664 quamobrem

243 4689 413 4774 etiam
476 4689 575 4768 Dei
609 4709 835 4779 vestigia
884 4704 1042 4775 sequi
1104 4718 1215 4759 non
1248 4701 1516 4766 valentes,
1586 4715 1663 4755 ne
1689 4699 1809 4770 ejus
1830 4697 2054 4768 quidem
2090 4709 2341 4766 scopum,
2399 4708 2465 4748 ac
2509 4692 2633 4763 quis
2661 4691 2740 4747 illi
2775 4690 2900 4745 ﬁnis
2931 4689 3023 4756 sit,
3075 4702 3272 4759 capere
3305 4701 3497 4757 possu-

245 4824 394 4876 mus,
422 4815 484 4862 ut
512 4806 777 4861 virtutem
813 4801 1100 4868 roburque
1134 4795 1490 4865 accipiamus.

319 4904 385 4958 θ¹.
409 4902 522 4956 Καὶ
552 4903 581 4954 6
625 4897 878 4967 Ἀδελφὸς
904 4892 1077 4949 εἶπενο
1096 4892 1253 4957 Ἰδοὺ,
1282 4890 1486 4960 Πάτερ,
1531 4889 1824 4944 κατέλιπον

248 4997 453 5059 πάντα,
487 4991 828 5061 συγγένειαν,
864 4985 1135 5058 ὓπαρξιν,
1170 4984 1403 5055 τρυφὴν,
1443 4983 1537 5036 καὶ
1593 4982 1694 5053 τὴν
1740 4981 1827 5034 δό-

249 5090 352 5157 ξαν
376 5086 471 5141 τοῦ
503 5086 733 5155 κόσμου,
766 5081 861 5136 καὶ
887 5079 1040 5134 οὐδὲν
1066 5062 1341 5146 κέκτημαι
1365 5074 1423 5127 ὲν
1446 5072 1525 5144 τῷ
1556 5072 1656 5143 βίῳ
1685 5072 1826 5142 πλὴν

248 5179 348 5234 τοῦ
375 5177 628 5248 σώματος
647 5191 662 5207 ο
695 5174 791 5228 καὶ
818 5171 910 5227 τὸν
930 5168 1157 5238 ἀδελφὸν
1190 5166 1451 5238 μισοῦντά
1477 5181 1543 5235 με
1574 5164 1669 5217 καὶ
1690 5163 1824 5217 ἀπο-

256 5270 622 5340 στρεφόμενον
653 5263 933 5334 ἀγαπῆσαι
961 5261 1022 5315 ού
1050 5260 1287 5329 δύναμαι
1310 5271 1323 5285 ·
1346 5256 1397 5308 εί
1446 5254 1540 5309 καὶ
1571 5253 1827 5325 βιάζομαι

255 5360 427 5417 κακὸν
460 5359 581 5413 ἀντὶ
629 5354 801 5410 κακοῦ
828 5352 949 5407 κατ’
981 5350 1261 5421 ἐνέργειαν
1298 5346 1372 5418 μὴ
1416 5344 1824 5400 ἀνταποδοῦναι.

255 5448 391 5509 Elius
419 5445 512 5504 οὗν
562 5450 615 5502 τί
655 5446 855 5516 ὀφείλω
895 5444 1151 5513 ποιῆσαι,
1180 5440 1268 5494 ἵνα
1317 5437 1528 5510 δυνηθῶ
1560 5436 1723 5491 αὐτὸν
1762 5438 1830 5490 ὲκ

258 5542 486 5613 καρδίας
517 5537 879 5611 ἀγαπῆσαι,ἢ
920 5537 1012 5589 καὶ
1053 5535 1141 5587 τὸν
1185 5532 1601 5603 καθοιονδήποτε
1629 5529 1829 5601 τρόπον

262 5635 515 5690 θλίϐοντά
547 5631 643 5685 καὶ
672 5627 1107 5685 ἐπιϐουλεύοντα.

2001 4886 2054 4941 9.
2107 4885 2365 4955 Dixitque
2412 4883 2582 4937 frater
2610 4899 2623 4935 :
2653 4881 2792 4936 Ecce
2811 4920 2825 4945 ,
2851 4879 3034 4943 Pater,
3065 4875 3262 4945 reliqui
3288 4873 3494 4937 omnia,

1930 4978 2329 5049 cognationem,
2355 4971 2737 5035 substantiam,
2759 4969 3003 5031 delicias,
3038 4964 3228 5020 mundi
3246 4962 3496 5034 gloriam,

1930 5087 2035 5126 nec
2062 5079 2260 5141 praeter
2287 5083 2411 5137 corr
2424 5082 2487 5121 us
2522 5065 2579 5119 in
2597 5064 2710 5118 vita
2738 5061 2944 5131 aliquid
2974 5058 3253 5129 possideo,
3278 5072 3383 5111 nec
3412 5062 3497 5109 ta-

1931 5178 2056 5218 men
2092 5161 2311 5216 fratrem
2335 5158 2430 5228 qui
2456 5156 2584 5212 odio
2615 5154 2813 5209 habeat
2838 5167 2901 5206 ac
2937 5155 3242 5212 aversetur,
3274 5146 3498 5215 diligere

1931 5254 2118 5319 valeo;
2154 5264 2467 5322 quanquam
2495 5262 2565 5301 ne
2607 5245 2787 5314 reipsa
2815 5241 3017 5296 malum
3050 5255 3152 5309 pro
3192 5238 3334 5291 malo
3372 5233 3497 5288 red-

1932 5345 2080 5409 dam,
2111 5359 2200 5399 me
2228 5343 2345 5413 ipse
2378 5339 2611 5395 cohibeo
2636 5345 2800 5406 atque
2830 5348 3016 5390 caveo.
3050 5331 3150 5386 Dic
3177 5344 3324 5398 ergo,
3367 5324 3501 5396 quid

1934 5435 2070 5490 mihi
2108 5435 2250 5489 facto
2278 5447 2437 5513 opus,
2465 5437 2526 5484 ut
2554 5445 2619 5484 ex
2657 5427 2842 5482 animo
2879 5424 3105 5493 diligere
3134 5421 3363 5481 valeam,
3388 5417 3503 5472 sive

1935 5527 2101 5581 etiam
2125 5524 2218 5594 qui
2263 5507 2373 5576 ullo
2403 5519 2567 5575 modo
2599 5517 2902 5572 molestiam
2938 5513 3102 5569 faciat
3135 5520 3190 5566 et
3209 5507 3411 5580 afﬂigat
3440 5523 3504 5563 ac

1937 5617 2162 5673 insidns
2188 5622 2381 5670 struat.

337 5745 381 5779 ”
412 5743 567 5799 Joan.
601 5759 708 5813 xlv,
739 5743 824 5797 15.
902 5740 945 5773 ³³
977 5736 1130 5794 Joan.
1162 5753 1248 5805 xv,
1279 5734 1363 5790 iit.
1442 5734 1485 5765 “
1513 5733 1669 5788 Rom.
1704 5747 1815 5799 xm,
1854 5727 1933 5784 ιθ.
2012 5730 2054 5761 ²³
2087 5727 2275 5783 Matth.
2312 5743 2363 5796 ν,
2393 5726 2492 5795 il;
2523 5725 2654 5780 Luc.
2688 5738 2761 5789 vt,
2784 5721 2874 5776 ’27.
