3876 6314
449 283 554 351 919

1634 283 1693 342 S.
1735 280 2023 343 MAXIMI
2061 279 2570 343 CONFESSORIS

3607 281 3708 346 om

519 391 826 464 Respondit
875 406 1040 447 senex
1071 409 1084 445 :
1110 391 1256 446 Fieri
1287 405 1398 446 non
1439 396 1623 462 potest
1660 399 1722 446 ut
1765 405 1893 446 eum
1932 388 2017 460 qui

2203 391 2314 443 Καὶ
2345 383 2620 461 ἀπεκρίθη
2646 391 2675 444 6
2703 389 2902 461 γέρων⁶
2945 387 3234 444 Ἀδύνατόν
3268 406 3395 444 τινα
3421 389 3710 460 ἀγαπῆσαι

447 485 638 558 afﬂigit
664 494 965 554 auctorque
1011 485 1276 540 molestia:
1308 493 1412 551 est,
1449 483 1577 554 quis
1607 484 1818 555 diligat,
1849 497 2027 553 quan-

448 576 652 631 tumvis
677 575 912 630 terrenis
939 575 1123 630 ὃπουιί
1159 576 1328 630 rebus
1349 576 1605 630 nuntium
1636 573 1912 630 remisisse
1941 572 2028 627 vi-

449 669 642 726 detur.
672 666 780 722 nisi
813 667 1034 724 Domini
1072 682 1302 739 scopum
1348 683 1479 724 vere
1533 665 1876 738 cognoverit.
1930 665 2028 720 Sin

449 767 634 815 autem
681 758 778 813 illo
824 758 1063 813 donante
1098 774 1262 815 nosse
1294 759 1570 830 potuerit,
1603 758 1929 829 studeatque
1961 773 2027 812 ex

448 851 570 922 ejus
589 850 803 914 ratione
842 850 1145 916 ambulare,
1167 866 1295 905 eum
1315 851 1410 921 qui
1432 851 1563 906 odio
1577 851 1778 906 habeat
1803 859 1860 905 et
1887 849 2026 904 allii-

448 948 564 1014 gat,
588 957 657 997 ex
685 943 871 1005 animo
893 941 1124 1012 diligere
1157 942 1382 1012 poterit,
1413 950 1475 996 ut
1495 955 1552 996 et
1573 940 1809 1011 apostoli
1834 940 2026 1010 dilige-

449 1032 606 1098 bant,
638 1031 732 1101 qui
755 1031 910 1086 illum
946 1032 1352 1102 cognovissent.

521 1122 609 1177 10.
646 1123 788 1177 Tum
828 1122 1000 1178 frater
1033 1140 1046 1176 :
1080 1123 1232 1194 Rogo
1259 1133 1333 1190 te,
1367 1124 1550 1190 Pater,
1590 1123 1735 1180 scire
1769 1123 2024 1195 quisnam

448 1214 669 1270 Domini
704 1229 906 1284 scopus
949 1215 1243 1271 exstiterit.
1283 1215 1365 1272 Ad
1393 1231 1559 1286 quem
1592 1230 1759 1270 senex
1786 1232 1799 1268 :
1831 1214 1888 1270 Si
1915 1215 2024 1270 Do-

447 1306 585 1360 mini
618 1320 848 1376 scopum
879 1321 1042 1361 nosse
1067 1307 1173 1372 vis,
1206 1310 1439 1363 solerter
1460 1306 1610 1362 audi.
1632 1305 1805 1377 Igitur
1834 1305 2024 1361 Domi-

446 1411 557 1452 nus
589 1405 780 1452 noster
803 1396 963 1453 Jesus
984 1397 1262 1460 Christus,
1288 1412 1412 1453 cum
1442 1397 1590 1452 Deus
1621 1405 1820 1452 natura
1854 1404 2023 1460 esset,

447 1504 514 1545 ac
551 1503 651 1560 per
687 1503 956 1544 summam
1002 1489 1352 1544 clementiam
1386 1487 1786 1559 hominumque
1831 1504 2023 1543 amore

446 1579 616 1636 homo
646 1579 764 1634 ﬁeri
793 1579 1050 1650 dignatus
1089 1579 1250 1649 372
1283 1588 1449 1643 esset,
1485 1586 1649 1634 natus
1677 1593 1744 1634 ex
1767 1579 2019 1639 muliere,

447 1670 554 1725 sub
604 1670 723 1741 lege
758 1669 936 1726 factus
981 1679 1088 1736 est,
1135 1678 1196 1724 ut
1236 1678 1431 1725 auctor
1467 1670 1690 1725 divinus
1727 1670 2023 1741 Apostolus

445 1768 532 1815 est
553 1760 632 1826 “;
661 1775 772 1830 quo
824 1761 1088 1815 nimirum
1123 1768 1184 1814 ut
1240 1760 1442 1824 homo,
1493 1761 1734 1816 mandati
1767 1762 2026 1817 observa-

445 1848 621 1914 tione,
685 1857 930 1904 veterem
984 1849 1177 1904 Adami
1218 1851 1661 1906 maledictionem
1716 1867 2026 1922 noxamque

447 1948 741 1995 everteret.
767 1940 904 1995 Cum
947 1941 1131 2010 itaque
1165 1941 1244 1996 illi
1274 1943 1616 2012 exploratum
1640 1950 1820 2008 esset,
1855 1951 2023 1998 totam

447 2029 625 2100 legem
654 2045 720 2085 ac
744 2031 1041 2099 prophetas
1081 2032 1138 2086 in
1170 2032 1389 2088 duobus
1420 2033 1557 2103 legis
1582 2033 1854 2088 mandatis
1885 2049 2023 2102 pen-

448 2118 615 2186 dere;
652 2119 782 2174 hinc
812 2121 1107 2176 nimirum:
1143 2123 1340 2194 Diliges
1375 2123 1656 2178 Dominum
1687 2124 1854 2178 Deum
1877 2134 2024 2178 tuum

449 2227 516 2266 ea:
541 2219 649 2266 toto
671 2213 827 2266 corde
854 2222 965 2280 tuo,
983 2225 1032 2268 et
1056 2217 1360 2286 prox-imum
1396 2217 1531 2270 sicut
1557 2215 1816 2281 teipsum;
1846 2216 1963 2270 haec
1992 2230 2024 2270 a

449 2300 725 2371 principio
749 2311 806 2357 et
839 2303 894 2356 in
936 2303 1100 2358 ﬁnem
1129 2320 1303 2374 usque
1334 2321 1402 2360 ex
1435 2305 1676 2360 humana
1702 2306 1914 2362 studuit
1937 2322 2027 2361 ra-

452 2393 605 2448 tione
638 2409 880 2450 servare.
922 2395 1028 2461 Qui
1053 2405 1236 2451 autem
1272 2412 1303 2450 a
1337 2397 1611 2466 principio
1636 2399 1912 2454 hominem
1941 2415 2026 2454 se-

447 2484 628 2550 duxit,
675 2487 906 2556 ejusque
958 2487 1190 2542 victoria
1245 2491 1441 2544 mortis
1471 2490 1763 2560 imperium
1804 2492 2024 2563 (nempe

447 2574 718 2646 diabolus)
755 2577 986 2646 accepit,
1009 2593 1134 2633 cum
1171 2578 1418 2645 vidisset,
1446 2596 1557 2650 quo
1586 2587 1830 2652 tempore
1847 2582 2027 2653 bapti-

446 2683 567 2724 smo
590 2669 794 2724 tinctus
820 2678 925 2736 est,
963 2671 1142 2728 Patris
1185 2674 1499 2729 testimonio
1527 2675 1882 2741 celebratum,
1926 2691 2023 2732 co-

446 2766 786 2829 gnatumque
829 2760 1096 2832 Spiritum
1145 2771 1431 2830 sanctum,
1474 2781 1583 2835 qua
1621 2767 1787 2822 homo
1814 2775 1953 2834 erat,
1993 2785 2023 2824 e

445 2849 603 2906 ctelis
631 2851 928 2922 accepisse,
959 2862 1126 2924 atque
1171 2855 1228 2910 in
1256 2855 1534 2912 desertum
1560 2867 1622 2915 ut
1661 2859 1731 2915 ab
1751 2875 1819 2915 eo
1844 2869 2024 2915 tenta-
2061 2894 2078 2910 .

445 2949 602 2997 retur
621 2943 860 3008 venisse,
886 2959 1105 3000 omnem
1131 2946 1186 3000 in
1209 2962 1336 3002 eum
1365 2947 1494 3005 belli
1516 2951 1713 3006 molem
1730 2952 2020 3017 convertit,

2128 481 2221 534 τὸν
2270 480 2522 536 θλίϐοντα
2543 520 2559 544 ,
2590 482 2695 535 κᾶν
2747 485 2813 553 τῇ
2845 480 2945 552 ὕλῃ
2977 480 3074 534 τοῦ
3110 482 3321 552 κόσμου
3348 481 3530 548 ἔδοξεν
3581 484 3715 537 ἀπο-

2127 572 2414 638 τάξασθαι,
2445 573 2541 626 ἐὰν
2578 572 2654 644 μὴ
2706 572 2796 626 τὸν
2851 573 3055 626 σκοπὸν
3093 571 3191 625 τοῦ
3240 572 3454 646 Κυρίου
3488 575 3551 626 ἐν
3579 575 3715 644 an-

2129 664 2250 737 θεια
2277 664 2557 735 γινώσκῃ⁶
2593 664 2690 718 ἐὰν
2720 665 2780 718 δὲ
2825 665 2920 718 τοῦ
2973 666 3181 735 Κυρίου
3221 665 3372 736 αὒτῷ
3412 667 3716 736 χαριζομέ-

2126 773 2219 809 νου
2253 755 2453 828 δυνηθῇ
2503 754 2741 824 γνῶναι,
2770 757 2866 810 καὶ
2917 757 3123 830 σπεύδῃ
3162 760 3281 812 κατ’
3333 759 3500 812 αὑτὸν
3556 775 3713 829 περι-

2129 851 2341 912 πατεῖν,
2367 848 2590 902 δύναται
2637 851 2702 902 ἐκ
2734 850 2964 920 καρδίας
3004 851 3291 920 ἀγαπῆσαι
3327 851 3421 904 τὸν
3451 852 3713 921 μισοῦντα

2127 941 2224 994 καὶ
2255 939 2528 1008 θλίϐοντα,
2556 940 2750 1012 ὥσπερ
2808 941 2904 995 καὶ
2959 942 3009 995 οἱ
3060 942 3360 996 ἀπόστολοι
3407 943 3712 1010 ἐγνωκότες

2125 1032 2378 1103 ἠγάπων.

2199 1129 2249 1176 ι’.
2292 1123 2402 1176 Καὶ
2448 1116 2601 1176 εἶπεν
2641 1124 2670 1175 6
2713 1122 2966 1191 Ἀδελφός
2986 1139 3000 1154 ο
3029 1123 3141 1177 Καὶ
3182 1123 3269 1187 τίς
3299 1125 3330 1177 6
3371 1124 3584 1187 σκοπὴς
3623 1124 3711 1176 τοῦ

2125 1213 2331 1284 Κυρίου
2362 1208 2454 1283 ἦν,
2490 1212 2798 1284 παρακαλῶ
2830 1213 3066 1281 γνῶναι,
3102 1213 3307 1284 Πάτερ.
3347 1212 3464 1266 Καὶ
3494 1208 3656 1266 εἶπεν
3688 1215 3715 1266 ὁ

2123 1306 2322 1378 γέρων·
2363 1305 2488 1360 Ἐὰν
2519 1305 2614 1360 τὸν
2653 1305 2854 1360 σκοπὸν
2888 1305 2984 1360 τοῦ
3013 1306 3218 1376 Κυρίου
3266 1305 3480 1374 γνῶναι
3529 1306 3712 1377 θέλῃς,

2126 1397 2362 1462 συνετῶς
2387 1397 2639 1451 ἄκουσον.
2671 1397 2733 1450 '0
2774 1391 2869 1450 οὗν
2898 1398 3105 1468 Κύριος
3137 1398 3296 1468 ἡμῶν
3333 1397 3550 1467 Ἰησοῦς
3578 1399 3714 1468 Χριο

2125 1489 2270 1553 στδς,
2309 1488 2468 1558 φύσει
2516 1488 2649 1552 Θεὸς
2689 1488 2787 1550 ὢν,
2826 1488 2922 1541 καὶ
2953 1487 3241 1558 ἄνθρωπος
3278 1488 3369 1542 διὰ
3403 1486 3715 1556 φιλανθρω-

2124 1578 2256 1633 πίαν
2283 1578 2539 1647 γενέσθαι
2561 1575 2926 1642 καταξιώσας,
2957 1579 3022 1630 ἐκ
3041 1576 3303 1646 γυναικὸς
3339 1576 3562 1647 τεχθεὶς
3589 1567 3712 1647 [Fu

2124 1671 2360 1740 alterque
2387 1667 2466 1723 Μ.
2495 1667 2823 1740 γεννηθε¹ις],
2843 1667 2951 1722 ὑπὸ
2983 1667 3148 1738 νόμον
3176 1668 3420 1735 ἐγένετο,
3447 1667 3598 1721 κατὰ
3627 1668 3714 1721 τδν

2127 1767 2270 1819 θεῖον
2315 1761 2636 1816 Ἀπόστολον
2673 1777 2686 1788 '
2721 1761 2809 1816 ἵνα
2863 1760 2939 1824 ὡς
2993 1761 3282 1832 ἄνθρωπος
3333 1761 3437 1831 τὴν
3494 1761 3716 1829 ἐντολὴν

2127 1855 2390 1926 φυλάξας,
2423 1852 2521 1923 τὴν
2541 1851 2777 1922 ἀρχαίαν
2795 1851 2890 1905 τοῦ
2933 1851 3104 1922 Ἀδὰμ
3128 1851 3412 1922 ἀνατρέψῃ
3436 1851 3709 1920 κατάραν.

2126 1949 2303 2012 Εἰδὼς
2326 1945 2418 2001 οὖν
2447 1948 2475 2000 6
2514 1945 2740 2016 Κύριος,
2765 1945 2849 1999 ὅτι
2877 1945 2998 2008 ὅλος
3019 1947 3048 1998 ὁ
3075 1945 3238 2014 νόμος
3275 1945 3372 1996 καὶ
3408 1945 3463 1998 οἱ
3494 1945 3711 2014 προφῆ-

2125 2057 2213 2094 ται
2237 2043 2294 2093 ἐν
2327 2041 2448 2102 ταῖς
2479 2038 2602 2091 δυσὶ
2647 2037 2742 2091 τοῦ
2792 2039 2958 2108 νόμου
3002 2037 3305 2106 κρέμανται
3355 2036 3624 2100 ἐντολαῖς,
3655 2038 3710 2089 ἐν

2125 2134 2238 2204 τῷ,
2276 2133 2638 2203 Ἀγαπήσεις
2691 2132 2914 2199 Κύριον
2946 2120 3248 2184 tor-'8st
3272 2144 3390 2184 σου
3437 2130 3512 2194 ἐξ
3561 2130 3710 2195 ὅλης

2126 2226 2236 2294 τῆς
2283 2225 2533 2294 καρδίας
2587 2239 2726 2288 σου,
2750 2222 2848 2276 καί
2897 2221 3005 2276 τὸν
3031 2223 3301 2288 πλησίον
3325 2223 3408 2287 ὡς
3453 2223 3703 2277 ἑαυτόν-ο

2124 2318 2298 2374 ταῦτα
2325 2318 2420 2371 ἀπ’
2470 2317 2646 2388 ἀρχῆς
2685 2317 2780 2370 καὶ
2809 2317 2967 2386 μέχρι
3005 2314 3189 2379 τέλους
3239 2315 3474 2381 φυλάξαι
3507 2315 3710 2387 ἀνθρω-

2126 2411 2424 2480 ποπρεπῶς
2456 2409 2741 2463 ἔσπευσεν.
2784 2409 2841 2463 ’0
2869 2408 2925 2462 δὲ
2958 2407 3052 2463 ἀπ’
3078 2407 3252 2479 ἀρχῆς
3295 2410 3590 2478 ἀπατήσας
3617 2407 3706 2459 τὸν

2125 2501 2429 2571 ἄνθρωπον,
2457 2502 2551 2554 καὶ
2578 2499 2667 2554 διὰ
2699 2499 2859 2552 τοῦτο
2887 2500 3086 2569 κράτος
3119 2498 3371 2569 ἐσχηκὼς
3408 2498 3506 2552 τοῦ
3538 2497 3704 2552 θανά-

2125 2611 2240 2658 του,
2275 2593 2540 2659 διάϐολος,
2566 2593 2689 2647 ἰδὼν
2739 2593 2900 2647 αὐτὸν
2925 2594 3018 2646 ἐπὶ
3063 2591 3156 2646 τοῦ
3187 2591 3573 2663 βαπτίσματος
3602 2593 3706 2645 ὑπὸ

2125 2683 2217 2738 τοῦ
2251 2685 2464 2756 Πατρὸς
2509 2683 2978 2756 μαρτυρούμενον,
3013 2683 3108 2736 καὶ
3149 2683 3212 2736 τὸ
3253 2684 3523 2752 συγγενὲς
3551 2685 3704 2752 ἅγιον

2126 2776 2350 2847 Πνεῦμα
2389 2777 2466 2840 ὡς
2495 2777 2778 2847 ἄνθρωπον
2827 2775 2922 2830 ἀπ’
2957 2775 3202 2845 οὐρανῶν
3246 2775 3579 2845 δεχόμενον,
3610 2777 3707 2830 καὶ

2124 2869 2205 2933 είς
2225 2867 2322 2939 τὴν
2345 2869 2551 2940 ἔρημον
2576 2869 2710 2939 πρὸς
2724 2868 2786 2921 τὸ
2812 2867 3172 2937 πειρασθῆναι
3199 2867 3289 2919 ὑπ’
3322 2867 3491 2920 αὑτοῦ
3517 2867 3705 2936 ἐληλυ·

2127 2956 2278 3013 θότα⁶
2297 2959 2416 3012 ὅλον
2439 2959 2602 3012 αὐτοῦ
2633 2958 2722 3012 τὸν
2750 2959 2985 3029 πόλεμον
3015 2961 3136 3012 κατ’
3167 2957 3334 3013 αὑτοῦ
3359 2960 3704 3029 συνεκρότει,

445 3032 494 3087 si
521 3031 666 3089 forte
701 3034 848 3090 hunc
876 3052 1096 3107 quoque
1145 3039 1410 3097 inducere
1451 3050 1665 3111 posset,
1690 3051 1752 3097 ut
1800 3051 2017 3098 terrena

2127 3047 2181 3102 εί
2206 3065 2322 3113 πως
2350 3047 2551 3119 δυνηθῇ
2600 3049 2694 3104 καὶ
2730 3048 2892 3102 αὑτὸν
2938 3052 3162 3114 ποιῆσαι
3200 3049 3300 3118 τὴν
3348 3049 3448 3102 τοῦ
3495 3051 3704 3119 κόσμου

445 3124 640 3178 mundi
673 3125 874 3180 divinae
919 3126 1201 3185 dilectioni
1247 3133 1566 3190 anteferret.
1614 3135 1805 3192 Sciens
1834 3137 2021 3208 itaque

447 3211 705 3268 diabolus
732 3216 835 3271 tria
868 3217 984 3272 haec
1029 3233 1172 3286 esse,
1217 3222 1272 3275 in
1308 3225 1512 3293 quibus
1547 3227 1784 3282 humana
1823 3239 2022 3284 cuneta

444 3311 760 3372 vertuntur,
787 3307 943 3364 cibos
970 3309 1252 3378 nimirum,
1288 3316 1552 3383 pecunias
1587 3317 1824 3388 vitaeque
1857 3318 2022 3373 clari-

445 3400 638 3460 tatem,
685 3396 890 3466 quibus
942 3399 1109 3454 etiam
1161 3417 1445 3473 nunquam
1498 3421 1611 3461 non
1646 3407 1928 3463 hominem
1962 3409 2021 3464 in

444 3486 777 3555 perditionis
804 3489 1122 3546 barathrum
1163 3495 1304 3550 solet
1337 3496 1655 3565 detrudere,
1687 3500 1890 3570 triplici
1917 3501 2023 3557 hoc

445 3592 626 3634 cuneo
648 3595 777 3635 eum
807 3581 864 3637 in
889 3583 1110 3640 deserto
1149 3585 1380 3643 adortus
1405 3595 1491 3644 est
1519 3606 1533 3642 :
1569 3605 1804 3660 quorum
1835 3593 2022 3649 Domi-

444 3683 553 3725 nus
580 3669 756 3725 victor
787 3671 1040 3740 effectus,
1073 3675 1356 3747 diabolum
1383 3687 1534 3734 retro
1551 3681 1715 3752 jussit
1734 3682 1909 3738 abire.

513 3950 602 4005 ll.
638 3950 752 4008 Hoc
776 3953 946 4025 igitur
972 3956 1066 4012 Dei
1090 3958 1404 4017 dilectionis
1425 3962 1658 4035 insigne,
1694 3967 1850 4038 cujus
1875 3984 2016 4037 prae-

443 4051 664 4112 ceptum
697 4047 1272 4117 uttransgrederetur,
1300 4065 1427 4104 eum
1451 4053 2014 4123 nulla'promissorum

440 4133 768 4191 viobtinere
801 4137 870 4192 ab
925 4153 993 4194 eo
1022 4145 1262 4196 tentator
1305 4144 1604 4212 potuisset;
1633 4154 1695 4200 ut
1729 4148 1840 4217 jam
1883 4149 2018 4205 dile-

441 4225 644 4281 ctionis
687 4228 922 4297 proximi
970 4241 1306 4302 praeceptum
1354 4233 1587 4290 violaret
1630 4237 1686 4290 in
1729 4238 2016 4294 hominum

438 4313 807 4383 frequentiam
865 4319 1096 4374 veniens
1115 4361 1129 4387 ,
1161 4321 1677 4381 seelestissimorum
1700 4326 2012 4383 Judaeorum

2125 3137 2467 3210 προτιμῆσαι
2501 3137 2650 3208 ὓλην·
2679 3138 2776 3208 τῆς
2809 3139 2892 3202 είς
2933 3138 3066 3191 Θεὸν
3109 3139 3353 3210 ἀγάπης.
3390 3138 3566 3203 Εἰδὼς
3610 3136 3706 3195 οὖν

2119 3233 2149 3286 6
2177 3231 2424 3294 διάϐολος
2469 3231 2550 3284 ὄτι
2600 3231 2670 3284 τὰ
2714 3230 2844 3300 τρία
2874 3231 3050 3285 ταῦτά
3083 3232 3256 3296 εἰσιν,
3294 3233 3354 3284 ἐν
3387 3229 3471 3294 οἷς
3524 3234 3704 3288 πάντα

2119 3323 2345 3375 δονεῖται
2375 3320 2444 3374 τὰ
2467 3318 2782 3390 ἀνθρώπινα
2799 3321 2897 3394 [aL
2923 3324 3031 3376 πᾶν
3064 3325 3125 3375 τὸ
3145 3322 3541 3397 ἀνθρώπινον],
3563 3325 3706 3398 βρῶ-

2124 3430 2301 3484 ματα,
2329 3413 2494 3482 λέγω,
2523 3415 2617 3466 καὶ
2649 3415 2932 3484 χρήματα,
2957 3415 3052 3468 καὶ
3079 3414 3208 3478 δόξα
3227 3454 3242 3476 ,
3268 3415 3336 3468 δι’
3376 3409 3455 3469 ὧν
3486 3417 3586 3470 καὶ
3622 3419 3702 3481 εἰς

2118 3504 2180 3558 τὸ
2214 3503 2486 3576 βάραθρον
2529 3504 2630 3575 τῆς
2679 3504 2954 3568 ἀπωλείας
2981 3506 3070 3559 ἀεὶ
3114 3507 3402 3576 κατήγαγε
3430 3506 3533 3569 [αι.
3569 3526 3700 3562 κατ-

2120 3595 2261 3666 άγει.
2296 3595 2394 3652 Fr.
2423 3596 2654 3669 κατῆγε]
2677 3597 2768 3651 τὸν
2797 3597 3083 3665 ἄνθρωπον
3107 3615 3119 3626 ·
3143 3601 3225 3662 εἰς
3261 3600 3446 3654 ταῦτα
3465 3602 3537 3655 τὰ
3574 3602 3699 3672 τρία

2108 3689 2284 3748 ,αὐτὸν
2311 3690 2370 3742 ἐν
2399 3691 2467 3760 τῇ
2515 3689 2711 3760 ἐρήμῳ
2759 3689 3056 3758 ἐπείρασεν
3075 3727 3090 3750 ,
3115 3682 3192 3743 ὧν
3238 3693 3268 3742 ὀ
3307 3691 3518 3761 Κύριος
3545 3693 3700 3762 ἡμῶν

2119 3781 2382 3852 κρείττων
2424 3783 2615 3850 φανεὶς
2636 3821 2651 3847 ,
2687 3784 2769 3847 εἰς
2821 3783 3065 3838 τούπίσω
3096 3784 3298 3855 χωρεῖν
3350 3784 3431 3855 τῷ
3465 3785 3698 3854 διαϐόλῳ

2120 3870 2216 3943 lat.
2241 3873 2332 3926 τὸν
2367 3871 2636 3945 διάϐολον]
2662 3874 3015 3944 προσέταττε.

2191 3971 2277 4020 ια’.
2319 3965 2488 4020 Τοῦτο
2521 3962 2616 4021 οὖν
2639 3966 2700 4019 τὸ
2728 3965 3018 4038 γνώρισμα
3046 3969 3143 4038 τῆς
3169 3969 3250 4031 είς
3268 3967 3405 4021 Θεὸν
3444 3971 3696 4041 ἀγάπης,

2115 4051 2185 4127 ἧς
2216 4058 2314 4126 τὴν
2342 4056 2559 4127 ἐντολὴν
2588 4050 2746 4112 δι’ὧν
2775 4057 3085 4128 ἐπήγγελτο
3115 4060 3301 4112 πεῖσαι
3323 4059 3492 4114 αὐτὸν
3525 4078 3699 4130 παρα·

2117 4146 2277 4217 ϐῆναι
2312 4149 2388 4218 μὴ
2410 4148 2677 4219 δυνηθεὶς,
2711 4153 2811 4222 τῆς
2831 4152 2913 4214 είς
2943 4150 3033 4204 τὸν
3067 4150 3294 4222 πλησίον
3323 4152 3515 4207 λοιπὸν
3563 4155 3698 4222 ἁγά-

2117 4251 2226 4306 πης
2253 4236 2354 4306 τὴν
2398 4236 2636 4307 ἐντολὴν,
2685 4239 2765 4301 εἰς
2801 4237 2896 4308 τὴν
2949 4240 3275 4310 οἰκουμένην
3319 4241 3572 4306 ἐλθόντα,
3613 4241 3695 4294 διὰ

2116 4327 2225 4382 τῶν
2275 4329 2606 4399 παρανόμων
2670 4330 2942 4384 Ἰουδαίων
3017 4330 3296 4402 ἐνεργῶν,
3331 4333 3695 4405 παραϐαίνειν

441 4419 575 4458 usus
605 4420 806 4474 opera,
844 4409 1062 4462 cunctis
1111 4411 1328 4467 artibus
1376 4415 1610 4472 adnixus
1650 4427 1753 4473 est.
1801 4417 2013 4475 Idcirco

2124 4420 2282 4475 αὐτὸν
2325 4421 2392 4474 δι’
2449 4415 2524 4476 ὧν
2558 4424 2872 4492 ἐμηχανᾶτο
2922 4399 3237 4494 ἠγωνίζετο.
3285 4399 3494 4478 Τούτου
3535 4428 3694 4497 χάριν

439 4495 609 4565 igitur
655 4497 878 4552 interim
921 4499 1055 4555 dum
1077 4503 1194 4559 vias
1224 4506 1350 4561 vitae
1371 4506 1616 4576 doceret,
1663 4525 1728 4566 ac
1776 4513 2016 4568 ctelestis

437 4587 567 4641 vita:
589 4587 939 4657 disciplinam
968 4606 1134 4662 opere
1167 4605 1518 4665 monstraret,
1561 4604 2014 4659 resurrectionis-

437 4690 547 4744 que
589 4685 937 4734 mortuorum
967 4697 1165 4752 praeco,
1213 4686 1379 4741 vitam
1428 4697 1688 4745 aeternam
1739 4707 1805 4747 ac
1843 4695 2013 4749 coelo-

439 4781 565 4820 rum
595 4783 828 4837 regnum
862 4770 1118 4829 fidelibus
1148 4777 1517 4846 promitteret,
1551 4789 1864 4851 aeternaque
1885 4798 2014 4854 sup-

436 4857 604 4926 plicia
631 4858 936 4916 incredulis
965 4864 1111 4919 serio
1152 4866 1470 4934 intentaret,
1497 4877 1665 4939 atque
1697 4872 1762 4927 ad
1797 4881 2007 4928 certam

436 4947 702 5004 doctrinae
733 4950 921 5017 ﬁdem,
944 4955 1215 5023 stupenda
1241 4971 1308 5011 ac
1360 4957 1607 5013 inaudita
1633 4958 1819 5015 divina
1856 4962 2009 5033 signa

434 5037 648 5104 ederet,
681 5055 747 5094 ac
782 5041 973 5096 turbas
1019 5043 1087 5097 ad
1130 5044 1293 5100 fidem
1324 5047 1604 5114 invitaret,
1639 5052 2007 5121 nequissimos

433 5128 725 5185 hominum
754 5132 1062 5188 Pharisaeos
1105 5149 1170 5189 ac
1203 5135 1443 5204 Scribas,
1479 5139 1548 5194 ad
1581 5141 1762 5196 varias
1796 5143 1852 5198 in
1875 5158 2000 5199 eum

433 5223 726 5278 struendas
767 5224 1029 5292 insidias,
1082 5228 1393 5285 concitabat
1436 5249 1451 5286 :
1487 5248 1598 5303 quo
1642 5235 1853 5292 scilicet
1899 5237 2009 5292 vim

2116 4509 2436 4564 διδάσκοντα
2482 4511 2646 4565 αὐτὸν
2683 4513 2782 4576 τὰς
2827 4513 2982 4576 ὁδοὺς
3026 4514 3129 4583 τῆς
3184 4513 3363 4583 ζωῆς,
3404 4517 3506 4568 καὶ
3548 4517 3692 4586 ἔργῳ

2116 4601 2534 4656 ὑποδεικνύοντα
2569 4602 2670 4673 τὴν
2708 4603 2958 4674 οὐράνιον
2998 4604 3296 4669 πολιτείαν,
3330 4607 3424 4658 καὶ
3460 4608 3692 4661 ἀνάστα-

2115 4709 2202 4747 σιν
2229 4693 2438 4764 νεκρῶν
2488 4695 2927 4763 καταγγέλλοντα
2954 4736 2968 4760 ,
3003 4696 3098 4749 καὶ
3149 4695 3294 4767 ζωὴν
3350 4697 3571 4752 αἰώνιον
3599 4700 3689 4750 καὶ

2113 4783 2393 4853 βασιλείαν
2416 4785 2663 4855 οὐρανῶν
2686 4788 2798 4849 τοῖς
2819 4786 3170 4841 πιστεύουσιν
3195 4787 3687 4858 ἐπαγγελλόμενον·

2110 4879 2222 4939 τοῖς
2269 4875 2324 4928 δὲ
2369 4876 2618 4939 ἀπίστοις
2670 4877 2891 4932 κόλασιν
2936 4877 3155 4933 αἰώνιον
3203 4879 3554 4943 ἀπειλοῦντα,
3597 4879 3688 4933 καὶ

2111 4967 2248 5038 πρὸς
2283 4967 2574 5038 βεϐαίωσιν
2606 4968 2714 5022 τῶν
2748 4969 3060 5039 λεγομένων
3081 4971 3181 5034 τὰς
3201 4971 3542 5040 παραδόξους
3571 4969 3688 5023 θεο-

2114 5059 2316 5130 σημίας
2352 5060 2810 5132 ἐπιδεικνύμενον,
2838 5061 2930 5114 καὶ
2981 5063 3062 5126 είς
3109 5061 3291 5115 πίστιν
3319 5062 3449 5124 τοὺς
3501 5063 3688 5133 ὄχλους

2113 5151 2589 5222 προσκαλούμενον
2614 5194 2629 5220 ,
2666 5153 2932 5207 συνεκίνει
2973 5154 3103 5217 τοὺς
3145 5154 3500 5224 παρανόμους
3528 5155 3688 5222 Φαρι-

2110 5243 2294 5306 σαίους
2320 5242 2415 5296 καὶ
2442 5243 2825 5314 Γραμματεϊς,
2857 5243 2940 5306 είς
2968 5243 3067 5306 τὰς
3097 5243 3217 5297 κατ’
3246 5242 3415 5296 αὑτοῦ
3436 5243 3685 5301 ποικίλας

430 5325 554 5366 eam
585 5313 950 5369 tentationum
976 5315 1120 5371 ferre
1154 5333 1265 5372 non
1290 5322 1499 5389 valens,
1525 5333 1586 5378 ut
1617 5327 1842 5396 quidem
1864 5328 2012 5385 vidc-

2124 5333 2395 5398 ιπιϐουλάς
2410 5350 2424 5364 ’
2442 5334 2528 5387 ἵνα
2550 5313 2675 5398 τοὺς
2706 5335 3047 5406 πειρασμοῦς
3066 5335 3411 5402 ὑπενεγκεῖν,
3429 5335 3508 5397 ὡς
3527 5333 3686 5404 ᾤετο.

431 5400 613 5468 batur,
647 5404 706 5458 in
719 5419 912 5459 eorum
935 5406 1031 5476 qui
1055 5407 1136 5462 sic
1159 5423 1252 5464 eas
1279 5421 1584 5480 necterent,
1609 5416 1804 5494 _odium
1830 5430 2010 5476 verte-

2107 5422 2182 5495 μὴ
2203 5423 2515 5494 δυνάμενος,
2556 5427 2637 5490 είς
2677 5429 2832 5497 μῖσος
2862 5425 2974 5479 τῶν
3019 5425 3478 5479 ἐπιϐουλευόντων
3508 5440 3685 5495 παρα·

432 5502 536 5559 ret,
573 5504 738 5564 atque
772 5496 830 5549 in
864 5512 992 5552 eum
1020 5499 1243 5555 modum
1278 5503 1549 5560 intentum
1601 5507 1762 5564 finem
1827 5513 2004 5568 scele-

2124 5519 2287 5588 τραπῇ
2307 5531 2320 5546 ⁸
2353 5518 2444 5571 καὶ
2487 5517 2662 5583 οὕτως
2690 5519 2783 5573 τοῦ
2834 5518 3038 5573 σκοποῦ
3072 5519 3100 5572 6
3127 5519 3383 5590 ἀλάστωρ
3429 5517 3684 5587 ἐπιτύχῃ,

509 5668 554 5700 ³⁸
585 5671 760 5726 Galat.
789 5691 862 5742 tv,
897 5679 951 5730 4.
1027 5681 1071 5711 ’⁵
1105 5678 1294 5732 Matth.
1328 5695 1416 5748 xx,
1458 5682 1545 5735 57.
