3876 6314
201 329 307 394 99.1

1465 339 1696 400 LIBER
1731 337 2152 401 ASCETICUS.

3331 339 3440 406 922

206 437 535 512 παραϐάτην
563 439 664 510 τῆς
689 440 909 512 ἐντολῆς
941 443 1041 515 τῆς
1073 445 1152 509 είς
1184 445 1275 500 τὸν
1305 445 1529 518 πλησίον
1552 449 1752 518 ἀγάπης

1871 448 2144 504 stissimus
2169 449 2466 515 obtineret,
2489 449 2583 521 qui
2618 449 2930 506 dilectionis
2961 448 3198 521 proximi
3227 450 3442 507 violata:

207 533 511 602 ἀποφήνας.

279 625 367 696 ιβ’.
395 625 453 678 '0
477 625 534 678 δὲ
555 625 778 696 Κύριος,
805 625 901 680 ἅτε
912 626 1064 692 Θεὸς,
1081 627 1236 692 εἰδὼς
1251 628 1414 682 αὐτοῦ
1435 630 1505 684 τά
1521 629 1770 700 ἐνθύμια,

205 716 269 770 οὐ
290 715 418 779 τοὺς
442 715 708 770 ὑπἀὐτοῦ
738 717 1162 788 ἐνεργουμένους
1179 719 1408 789 ἐμίσησε
1447 721 1773 790 Φαρισαίους

209 807 351 878 (πῶς
371 807 480 878 γὰρ
509 807 667 876 φύσει
694 807 896 876 ἀγαθὸς
921 807 1066 880 dna),
1090 809 1225 865 ἀλλά
1240 809 1331 865 διά
1353 811 1452 880 τῆς
1478 813 1560 876 είς
1577 811 1774 874 αὐτοὺς

203 899 464 968 ἀγάπης,
491 898 584 950 τὸν
638 898 967 968 ἐνεργοῦντα
1016 899 1256 970 ἠμύνετο
1289 915 1303 929 ⁸
1338 901 1434 955 καὶ
1490 902 1618 965 τοὺς
1671 902 1770 972 μὲν

205 989 632 1058 ἐνεργουμένους
655 1029 670 1052 ,
710 990 806 1044 ἀτε
871 989 1202 1059 δυναμένους
1253 992 1328 1062 μὴ
1381 992 1765 1062 ἐνεργεῖσθαι·

203 1078 466 1141 ἑκουσίως
493 1078 548 1130 δὲ
576 1079 670 1132 τοῦ
704 1079 1052 1150 ἐνεργοῦντος
1083 1081 1171 1135 διὰ
1203 1082 1471 1153 ρᾳθυμίαν
1503 1083 1768 1154 ἀνεχομέ-

201 1187 350 1233 νους,
385 1171 673 1236 ἐνουθέτει,
707 1170 955 1242 ἤλεγχεν,
985 1172 1280 1239 ὠνείδιζεν,
1315 1175 1645 1241 ἐταλάνιζεν,
1676 1177 1768 1229 εύ-

200 1259 440 1330 εργετῶν
464 1261 563 1314 οὑκ
594 1261 845 1324 ἐπαύετο,
864 1263 1347 1334 βλασφημούμενος
1375 1267 1765 1338 ὲμακροθύμει,

200 1350 427 1419 πάσχων
457 1351 717 1420 ὑπέμενε,
749 1353 926 1406 πάντα
977 1354 1047 1406 τὰ
1090 1355 1189 1424 τῆς
1239 1356 1461 1426 ἀγάπης
1503 1356 1640 1428 ἔργα
1689 1359 1767 1422 είς

197 1437 400 1500 αὐτοὺς
431 1439 766 1494 ἐνεδείκνυτο
788 1443 914 1497 ’τὸν
967 1443 1024 1497 δὲ
1056 1445 1402 1515 ἐνεργοῦντα,
1426 1450 1495 1519 τῇ
1524 1450 1605 1512 είς
1640 1451 1766 1514 τοὺς

197 1526 626 1598 ἑνεργουμένους
673 1531 1054 1606 φιλανθρωπίᾳ
1081 1535 1350 1606 ἠμύνετο·
1381 1537 1427 1592 ὢ
1462 1539 1762 1610 παραδόξου

199 1617 468 1688 πολέμουί
510 1621 630 1675 ἀντὶ
657 1623 751 1676 τοῦ
793 1624 1016 1706 μίσους,
1055 1626 1154 1699 τὴν
1207 1629 1428 1702 ἀγάπην
1462 1631 1765 1686 ἐπιδεικνύ-

198 1722 384 1777 μενος,
405 1713 498 1765 καὶ
526 1714 822 1786 ἀγαθότητι
845 1715 1052 1786 βάλλων
1070 1719 1161 1776 τὸν
1188 1721 1289 1792 τῆς
1312 1723 1510 1786 κακίας
1529 1725 1760 1794 πατέρα.

1871 554 2028 594 reum
2059 540 2279 596 tandem
2312 540 2608 596 effecisset.

1944 631 2030 684 12.
2061 632 2326 687 Dominus
2346 639 2551 698 autem,
2577 633 2670 704 qui
2701 642 2762 689 ut
2783 635 2928 689 Deus
2974 633 3122 687 illius
3170 631 3441 702 cogitatus

1867 736 1932 777 ac
1963 722 2191 776 consilia
2231 737 2342 776 non
2374 725 2636 788 nesciret,
2679 724 2839 794 373
2873 722 3083 777 aﬂlatos
3107 722 3174 776 ab
3202 738 3268 776 eo
3295 721 3441 776 Pha-

1869 811 2059 867 risazos
2099 811 2242 866 nihil
2294 812 2424 868 odio
2473 824 2798 883 prosecutus
2826 822 2910 869 est
2943 831 2956 868 :
2985 813 3262 883 quomodo
3291 813 3439 866 enim

1866 901 1960 970 qui
1985 907 2180 956 natura
2207 901 2385 957 bonus
2405 904 2588 957 esset?
2609 903 2725 969 sed,
2757 919 2862 976 qua
2878 919 2974 958 eos
2995 903 3289 957 dilectione
3313 918 3441 971 pro-

1867 991 2222 1060 sequebatur,
2259 990 2529 1046 aﬁlautem
2557 1007 2652 1046 eos
2675 992 3064 1046 ulciscebatur.
3097 993 3174 1044 Ac
3210 990 3435 1060 quidem

1866 1080 2192 1150 recipientes
2227 1080 2488 1145 aﬁlatum,
2537 1091 2598 1135 ut
2624 1081 2825 1152 quibus
2856 1080 3092 1134 liberum
3126 1089 3273 1134 esset
3325 1095 3436 1132 non

1843 1170 2134 1238 recipere,
2172 1179 2478 1242 sponthue
2513 1187 2608 1226 sua
2663 1188 2762 1242 per
2801 1171 3129 1235 socordiam,
3169 1169 3438 1224 amantem

1849 1263 2240 1332 sustinerent,
2288 1264 2644 1334 corripiebat,
2686 1265 2975 1335 arguebat,
3031 1261 3436 1332 exprobrabat,

1863 1353 2202 1423 deplorabat,
2229 1355 2547 1410 demerendi
2578 1356 2787 1409 nullum
2821 1354 2983 1408 ﬁnem
3011 1353 3287 1406 faciebat:
3326 1365 3440 1404 ma-

1859 1441 2080 1498 ledictis
2108 1445 2402 1514 appetitus,
2435 1444 2630 1498 leviter
2667 1443 2899 1508 ferebat,
2925 1443 3161 1512 irrogata
3199 1441 3439 1498 sustine-

1861 1529 1957 1585 bat
2007 1533 2170 1598 mala,
2204 1533 2351 1587 nulla
2381 1547 2492 1586 non
2523 1532 2838 1587 dilectionis
2863 1547 3029 1602 opera
3066 1532 3121 1585 in
3154 1546 3249 1586 eos
3285 1529 3440 1584 exhi-

1861 1621 2026 1677 bebat
2063 1639 2077 1676 :
2107 1622 2163 1678 in
2194 1622 2491 1687 amantem,
2521 1623 2849 1678 humaniore
2875 1636 3042 1676 sensu
3071 1621 3126 1675 in
3168 1634 3266 1674 eos
3299 1632 3440 1688 quos

1859 1712 2090 1779 aﬁlaret,
2129 1714 2278 1769 ultor
2328 1714 2586 1770 saeviebat
2637 1715 2706 1787 (ο
2742 1713 3042 1769 inauditam
3096 1711 3228 1767 belli
3270 1711 3440 1764 ratio-

197 1797 404 1852 Τούτου
451 1802 610 1873 χάριν
659 1806 729 1860 τά
773 1808 1008 1863 τοσαῦτα
1053 1811 1196 1866 κακά
1241 1813 1371 1883 παρ’
1410 1814 1588 1868 αὐτῶν
1631 1793 1752 1870 ὐπο-

1865 1820 1988 1860 nem
2015 1804 2074 1875 l),
2117 1805 2210 1875 qui
2238 1821 2436 1875 nempe
2462 1803 2572 1858 odii
2597 1804 2716 1858 loco
2748 1803 3099 1858 dilectionem
3128 1797 3436 1866 exhiberet,
3466 1855 3469 1858 .

200 1892 413 1959 μείνας,
466 1896 662 1965 μᾶλλον
699 1899 757 1954 δὲ
803 1901 1166 1972 ἀληθέστερον
1213 1905 1388 1958 εἰπεῖν
1410 1946 1426 1970 ,
1456 1906 1522 1960 δι’
1548 1908 1763 1974 αὐτοὺς,

199 1980 365 2051 μέχρι
387 1982 618 2039 Θανάτου
645 1989 785 2060 ὑπὲρ
813 1991 912 2062 τῆς
945 1992 1163 2063 ἐντολῆς
1193 1995 1292 2065 τῆς
1318 1996 1539 2068 ἀγάπης
1563 1998 1768 2068 ἀνθρω-

192 2077 496 2145 ποπρεπῶς
547 2081 882 2149 ἠγωνίσατο·
909 2085 1003 2138 καὶ
1045 2086 1146 2157 τὴν
1186 2088 1394 2143 τελείαν
1420 2090 1574 2162 νίκην
1621 2093 1762 2148 κατά

185 2165 288 2218 τοῦ
314 2168 557 2224 διαϐόλου
591 2173 880 2244 ἀράμενος,
898 2177 991 2229 τὸν
1021 2179 1278 2246 στέφανον
1297 2180 1394 2249 τῆς
1418 2182 1763 2245 ἀναστάσεως

187 2255 336 2326 ὑπὲρ
371 2261 401 2329 ἡ
411 2260 524 2328 μῶν
557 2263 854 2336 ἀνεδήσατο
874 2285 888 2298 ο
925 2267 1021 2322 καὶ
1046 2268 1218 2333 οὕτως
1243 2271 1271 2324 ὀ
1298 2270 1416 2336 νέος
1453 2272 1642 2341 Ἀδὰμ,
1670 2273 1760 2326 τὸν

184 2348 422 2401 παλαιὸν
445 2352 799 2410 ἀνενεώσατο.
825 2359 934 2411 Καὶ
953 2357 1109 2412 τοῦτό
1142 2363 1288 2414 ἐστιν
1315 2362 1344 2415 δ
1380 2363 1526 2429 λέγει
1555 2365 1583 2415 ὁ
1621 2363 1759 2426 θεῖος

197 2438 521 2506 Ἀτξόστολος
545 2459 564 2476 ο
599 2446 777 2502 Τοῦτο
801 2451 1132 2517 φρονείσθω
1169 2453 1241 2506 ἐν
1283 2454 1505 2522 ὐμῑν,ὃ
1544 2455 1642 2508 καί
1690 2455 1760 2508 ἐν

182 2531 422 2598 Χριστῷ
451 2535 644 2601 Ἰησοῦ
687 2555 741 2592 κ.
778 2556 828 2593 τ.
860 2540 937 2604 ἐξ.

263 2717 350 2778 ιγ’.
379 2707 543 2776 Οὗτος
560 2711 654 2768 οὖν
675 2711 743 2786 ἦν
769 2717 797 2768 ό
827 2717 1026 2781 σκοπὸς
1051 2717 1144 2772 τοῦ
1170 2721 1398 2792 Κυρίου,
1439 2720 1526 2775 τνα
1552 2721 1630 2793 τῷ
1655 2723 1755 2793 μὲν

184 2800 364 2866 Ila.th
392 2804 675 2878 ὑπακούσῃ
725 2806 885 2877 μέχρι
921 2807 1150 2863 θανάτου
1186 2807 1262 2874 ὡς
1291 2810 1575 2882 ἄνθρωπος
1615 2812 1754 2883 ὑπὲρ

182 2892 364 2960 ἡμῶν,
407 2895 689 2962 φυλάττων
746 2898 844 2968 τὴν
882 2899 1102 2968 ἐντολὴν
1153 2900 1252 2968 τῆς
1278 2902 1498 2972 ἀγάπης
1521 2918 1534 2932 ο
1564 2902 1655 2955 τὸν
1699 2902 1754 2954 δὲ

181 2981 430 3036 διάϐολον
477 2986 752 3056 ἀμύνηται
784 2988 862 3058 τῷ
904 2990 1134 3060 πάσχειν
1183 2991 1274 3042 ὑπ’
1304 2991 1490 3055 αὑτοῦ,
1525 2992 1614 3045 διά
1647 2993 1754 3045 τῶν

1864 1894 2092 1965 vitiique
2149 1903 2430 1966 parentem
2478 1910 2542 1949 ac
2592 1895 2834 1958 malitiae,
2882 1893 3126 1948 bonitate
3179 1892 3435 1946 cederet.

1863 1985 2076 2040 Idcirco
2115 1995 2263 2040 tanta
2309 1986 2378 2040 ab
2410 1987 2511 2050 eis,
2545 1985 2660 2040 sive
2693 1985 2777 2056 (ut
2807 1984 2994 2038 verius
3043 1983 3260 2052 loquar)
3313 1981 3438 2034 illo-

1864 2092 1984 2130 rum
2022 2092 2206 2141 causa,
2242 2091 2534 2146 perpessus
2569 2076 2728 2140 mala,
2763 2076 2827 2129 ad
2861 2083 3096 2129 mortem
3127 2089 3298 2143 usque
3333 2089 3436 2142 pro

1862 2163 2174 2218 dilectionis
2226 2164 2484 2218 mandato
2545 2165 2925 2229 concertavit,
2965 2164 3314 2235 perfectaque
3365 2163 3433 2217 de

1861 2253 2082 2307 diabolo
2132 2264 2287 2324 parta
2334 2255 2588 2320 victoria,
2618 2258 2792 2310 nostri
2823 2271 3050 2309 munere
3073 2255 3434 2309 resurrectio-

1859 2343 1944 2396 nis
1967 2358 2224 2397 coronam
2252 2345 2553 2413 reportavit
2583 2363 2596 2398 :
2629 2345 2792 2413 idque
2823 2361 2948 2398 eum
2973 2344 3216 2407 modum,
3259 2359 3432 2398 novus

1857 2435 2054 2498 Adam,
2084 2442 2328 2488 veterem
2370 2436 2663 2503 reparavit.
2710 2421 2877 2504 quue
2904 2444 2987 2488 est
3015 2433 3161 2503 quod
3187 2435 3264 2488 ait
3291 2433 3434 2487 divi-

1855 2540 1963 2580 nus
2006 2525 2304 2595 Apostolus
2347 2543 2359 2577 :
2396 2525 2502 2578 Hoc
2559 2527 2745 2578 sentite
2786 2526 2840 2579 in
2897 2527 3059 2587 vobis,
3087 2525 3225 2595 quod
3284 2532 3334 2577 et
3374 2526 3430 2578 in

1856 2615 2063 2672 Christo
2089 2615 2213 2668 Iesu
2231 2616 2296 2679 '°,
2331 2623 2388 2670 et
2407 2631 2528 2685 qum
2555 2611 2878 2684 sequuntur.

1927 2708 2013 2761 15.
2051 2695 2204 2760 Hunc
2235 2722 2366 2775 ergo
2392 2705 2654 2760 Dominus
2683 2721 2905 2775 scopum
2933 2705 3034 2760 sibi
3070 2707 3430 2761 constitutum

1853 2798 2046 2863 voluit,
2081 2796 2315 2851 urPutri
2347 2799 2568 2867 quidem
2601 2798 2667 2852 ad
2702 2806 2931 2852 mortem
2962 2812 3136 2867 usque
3173 2805 3232 2850 ut
3265 2797 3430 2853 homo

1845 2904 1953 2958 pro
1979 2888 2141 2943 nobis
2167 2889 2428 2943 obediens
2463 2888 2622 2952 foret,
2655 2888 2923 2942 servando
2956 2888 3264 2943 dilectionis
3291 2905 3429 2958 prm-

1853 2987 2105 3049 ceptum;
2145 2980 2422 3034 diabolum
2467 2996 2598 3034 vero
2634 2980 3015 3043 ulcisceretur,
3060 2981 3128 3034 ab
3173 2996 3240 3034 eo
3286 2982 3428 3035 mala

184 3072 280 3124 ὑπ’
302 3073 465 3127 αὐτοῦ
492 3076 894 3147 ἐνεργουμένων
915 3080 1286 3150 Γραμματέων
1309 3082 1400 3136 καὶ
1419 3082 1746 3153 Φαρισαίων·

1856 3071 2230 3141 perpetiendo,
2263 3071 2482 3126 illorum
2514 3086 2699 3140 opera,
2726 3070 2818 3140 qui
2844 3071 2962 3141 ejus
2989 3070 3170 3125 aﬂlatu
3195 3083 3426 3142 ageren-

182 3165 279 3218 καὶ
310 3165 481 3230 οὓτως
509 3168 727 3239 ἐνίκησε
761 3169 839 3240 τῷ
861 3171 1113 3224 νικᾶσθαι
1157 3171 1439 3236 ἑκουσίως,
1481 3172 1572 3226 τὸν
1594 3173 1750 3244 νικᾷν

1856 3170 1941 3215 tur
1971 3161 2305 3233 (Scribarum
2347 3162 2554 3240 scilicet
2584 3169 2639 3216 et
2655 3161 3076 3229 Pharisaeorum)
3112 3179 3126 3214 :
3163 3170 3327 3231 atque
3351 3162 3426 3217 ita

181 3255 498 3320 ἐλπίσαντα,
528 3259 730 3312 καὶτὸν
750 3260 955 3328 κόσμον
985 3260 1255 3332 ἐρρύσατο
1282 3261 1378 3330 τῆς
1401 3261 1563 3315 αὑτοῦ
1587 3263 1749 3316 δυνα-

183 3345 388 3409 στείας.
443 3347 644 3402 Τοῦτον
689 3349 782 3403 τὸν
816 3351 1016 3421 τρόπον
1071 3353 1100 3405 ὁ
1125 3352 1354 3422 Χριστὸς
1378 3352 1438 3417 ἐξ
1467 3353 1751 3416 ἀσθενείας

181 3437 532 3511 ἐσταυρώθη·
563 3441 630 3495 δι’
663 3437 729 3513 ἧς
757 3443 1042 3506 ἀσθενείας
1069 3444 1160 3496 τὸν
1193 3443 1418 3498 θάνατον
1454 3445 1746 3516 ἐνέκρωσε,

179 3531 394 3584 καὶτὸν
426 3533 486 3585 τὸ
533 3533 732 3604 κράτος
778 3534 968 3603 ἔχοντα
1017 3533 1109 3587 τοῦ
1137 3534 1367 3588 θανάτου
1409 3537 1746 3607 κατήργησε.

180 3619 384 3676 Τοῦτον
412 3623 502 3677 τὸν
535 3625 732 3694 τρόπον
764 3627 906 3678 καὶὸ
937 3625 1144 3688 Παῦλος
1184 3628 1241 3679 ἐν
1287 3626 1463 3696 ἐαυτῷ
1509 3627 1744 3698 ἠσθένει,

178 3714 277 3768 καὶ
307 3715 578 3786 ἐκαυχᾶτο
607 3719 664 3770 ἐν
685 3720 805 3780 ταῖς
831 3718 1156 3782 ἀσθενείαις,
1181 3718 1268 3772 ἴνα
1305 3719 1654 3792 ἐπισκηνώσῃ
1689 3723 1746 3774 ἐν

173 3803 327 3874 αὑτῷ
355 3805 390 3874 ἡ
419 3805 649 3876 δύναμις
679 3807 773 3862 τοῦ
804 3805 1062 3879 Χριστοῦ.

251 3975 333 4030 ιδ’.
374 3975 589 4048 Ταύτης
606 3978 705 4048 τῆς
732 3979 887 4052 νίκης
923 3980 1012 4035 τὸν
1054 3981 1256 4055 τρόπον
1299 3979 1520 4052 μαθὼν,
1559 3979 1746 4049 ἔλεγεν

187 4067 457 4135 Ἐφεσίοις
487 4069 711 4138 γράφων
732 4085 744 4100 ο
775 4073 894 4146 Οὺιι
927 4071 1099 4126 ἐστιν
1122 4069 1263 4140 ὑμῖν
1306 4070 1345 4139 ἠ
1387 4069 1551 4138 πάλη
1595 4071 1748 4138 πρὸς

167 4156 320 4229 αἷμα
343 4160 440 4214 καί
470 4159 665 4228 σάρκα
693 4177 706 4190 ο
743 4162 902 4216 ἀλλὰ
934 4161 1084 4232 πρὸς
1107 4164 1213 4230 τὰς
1233 4162 1441 4232 ἀρχὰς,
1471 4163 1620 4232 πρὸς
1637 4163 1744 4229 τὰς

166 4252 482 4318 ἐξουσίας,
514 4251 609 4305 καὶ
642 4252 710 4305 τά
742 4252 887 4322 ἑξῆς.
923 4256 1024 4308 Τόν
1048 4270 1108 4308 τε
1138 4254 1361 4325 θώρακα
1389 4254 1486 4325 τῆς
1535 4253 1742 4309 δικαιο-

170 4343 344 4414 σύνης
396 4343 683 4398 ἀναλαϐεῖν
727 4361 880 4414 φησι,
918 4346 1012 4398 καὶ
1050 4347 1149 4416 τὴν
1193 4346 1620 4416 περικεφαλαίαν
1654 4346 1742 4398 ἐλ-

1849 3267 1955 3321 qua
2001 3261 2194 3322 sponte
2236 3254 2571 3317 vinceretur,
2607 3252 2955 3321 pollicentem
2999 3251 3104 3306 sibi
3138 3251 3425 3308 victoriam

1850 3343 2003 3409 vicit,
2046 3360 2222 3414 exque
2256 3345 2404 3399 illius
2446 3344 2689 3414 potentia
2732 3344 2999 3398 mundum
3046 3344 3318 3398 liberavit.
3367 3345 3425 3399 In

1847 3435 1998 3492 hunc
2022 3438 2244 3492 modum
2271 3437 2519 3493 Christus
2542 3454 2606 3493 ex
2638 3437 2951 3491 inﬁrmitate
2975 3436 3030 3489 in
3047 3451 3266 3490 crucem
3290 3436 3422 3489 sub-

1844 3527 1989 3582 latus
2041 3536 2124 3583 est
2155 3530 2231 3595 '7;
2264 3544 2436 3598 eaque
2467 3528 2782 3582 inﬁrmitate
2805 3535 3034 3582 mortem
3058 3526 3336 3589 exstinxit,
3362 3541 3423 3582 ac

1845 3635 1992 3683 eum,
2017 3621 2109 3689 qui
2137 3622 2328 3674 mortis
2355 3620 2591 3694 habebat
2626 3619 2936 3688 imperium,
2969 3618 3247 3673 destruxit
3273 3617 3338 3668 ’⁸.
3366 3617 3422 3669 ln

1846 3712 1994 3765 hunc
2027 3711 2248 3765 modum
2277 3721 2331 3765 et
2362 3713 2562 3766 Paulus
2593 3711 2648 3764 in
2683 3711 2880 3780 seipse
2916 3712 3185 3773 inﬁrmus,
3219 3710 3423 3779 gloria-

1843 3801 2008 3854 batur
2041 3801 2096 3854 in
2127 3800 2555 3865 inﬁrmitatibus,
2587 3808 2647 3854 ut
2678 3801 3012 3853 inhabitaret
3042 3800 3097 3853 in
3137 3814 3203 3854 eo
3248 3800 3422 3854 virtus

1841 3889 2047 3945 Christi
2088 3890 2156 3943 '9.

1917 3983 2004 4037 14.
2041 3981 2216 4052 Hujus
2259 3979 2502 4035 victoriae
2545 3977 2769 4034 modum
2801 3977 3140 4048 exploratum
3174 3977 3418 4044 habens,

1842 4074 1898 4128 in
1928 4074 2046 4129 haec
2075 4073 2239 4127 verba
2269 4072 2337 4126 ad
2369 4071 2635 4141 Ephesios
2665 4070 2940 4126 scribebat
2970 4087 2984 4123 :
3015 4069 3133 4124 Non
3169 4077 3244 4123 est
3274 4068 3420 4123 nobis

1843 4164 2143 4220 colluctatio
2189 4163 2435 4217 adversus
2462 4179 2678 4217 carnem
2723 4169 2770 4214 et
2812 4160 3145 4231 sanguinem,
3194 4161 3285 4214 sed
3326 4160 3412 4214 ads

1841 4273 2018 4310 versus
2060 4255 2384 4325 principatus
2431 4262 2480 4305 et
2512 4261 2789 4323 potestates
2825 4251 2892 4316 '°,
2940 4259 2997 4305 et
3027 4267 3148 4320 quae
3179 4266 3417 4320 sequun-

1841 4355 1955 4413 tur;
1982 4347 2246 4418 jubetque
2277 4354 2337 4400 ut
2373 4346 2601 4414 justitize
2646 4345 2922 4398 thoracem
2958 4351 3258 4406 assumant,
3304 4343 3419 4412 spei

166 4433 350 4497 πίδος,
379 4434 581 4487 καὶτὸν
606 4434 794 4504 θυρεὸν
819 4436 917 4505 τῆς
941 4436 1190 4502 πίστεως,
1223 4437 1316 4492 καὶ
1340 4437 1436 4509 τὴν
1469 4439 1740 4510 μάχαιραν

1856 4440 2070 4509 galeam,
2102 4445 2318 4491 scutum
2349 4437 2495 4502 ﬁdei,
2523 4435 2761 4506 gladium
2793 4434 3024 4504 spiritus
3050 4435 3116 4499 ⁸¹,
3145 4443 3205 4488 ιιι
3235 4435 3418 4488 omnia

165 4524 270 4578 τοῦ
299 4524 629 4596 πνεύματος,
664 4527 750 4582 ἵνα
778 4527 1046 4598 δυνηθῶσι
1077 4530 1250 4584 πάντα
1272 4530 1339 4583 τὰ
1367 4530 1494 4601 βέλη
1519 4531 1612 4584 τοῦ
1641 4549 1738 4584 πο-

163 4615 339 4686 νηροῦ
364 4616 430 4669 τὰ
448 4619 815 4688 πεπυρωμένα
838 4619 1046 4684 σϐέσαι,
1076 4622 1124 4674 oi
1154 4621 1289 4692 πρὸς
1320 4623 1445 4685 τοὺς
1475 4624 1739 4692 ἁοράτους

161 4707 400 4778 ἐχθροὺς
429 4708 519 4761 τὸν
543 4709 772 4780 πόλεμον
801 4710 1011 4780 ἔχοντες
1041 4730 1054 4744 ·
1082 4712 1228 4782 ἔργῳ
1255 4711 1375 4784 [Fr.
1400 4714 1471 4766 al.
1495 4717 1569 4768 Μ.
1591 4714 1733 4770 Nob.

159 4797 378 4870 ἔργοις]
432 4799 488 4852 δὲ
545 4801 636 4852 τὸν
667 4801 868 4870 τρόπον
901 4803 1000 4872 τῆς
1033 4804 1210 4872 πάλης
1259 4804 1734 4875 ἐπιδεικνύμενος,

159 4887 402 4955 Elis-rev"
429 4888 576 4956 Ἐγὼ
608 4883 722 4942 οὖν
749 4888 938 4955 οὕτως
970 4889 1177 4959 τρέχω,
1214 4889 1290 4952 ὡς
1329 4892 1440 4944 οὐκ
1459 4890 1697 4956 ἀδήλως
1717 4909 1730 4922 ·

159 4979 360 5044 οὕτως
397 4982 689 5040 πυκτεύω,
722 4980 803 5046 ὠς
838 4982 948 5034 οὐκ
975 4980 1120 5048 ἀέρα
1148 4981 1403 5048 δαίρων’
1435 4982 1734 5037 ἀλλ’ὐπο-

158 5067 350 5127 πιάζω
376 5086 496 5137 μου
526 5070 592 5123 τὸ
621 5069 792 5140 σῶμα
829 5069 928 5124 καὶ
960 5070 1317 5140 δουλαγωπὼ
1338 5112 1353 5137 ,
1384 5072 1598 5141 μήπως
1625 5073 1730 5127 ἅλα

156 5160 304 5221 ,ποις
330 5156 616 5224 κηρύξας,
651 5157 832 5223 αὐτὸς
860 5157 1144 5228 ἀδόκιμος
1169 5158 1441 5229 γένωμαι.
1477 5162 1587 5214 Καὶ
1631 5163 1734 5216 πάνο

157 5248 252 5300 λιν
269 5263 284 5276 ·
329 5248 492 5316 Ἄχρι
523 5247 632 5315 τῆς
665 5247 794 5314 ἄρτι
815 5247 969 5315 ὥρας
990 5247 1087 5301 καί
1113 5249 1407 5318 πεινῶμεν
1434 5250 1532 5303 καὶ
1561 5249 1738 5319 διψῶο

151 5355 280 5410 μεν
326 5340 424 5391 καί
471 5339 939 5408 γυμνητεύομεν,
992 5339 1091 5394 καὶ
1145 5340 1594 5410 κολαφιζόμεθα.
1627 5342 1737 5394 Kal.

158 5430 332 5483 πάλιν
354 5445 366 5458 ·
418 5431 518 5483 Ἐν
542 5431 706 5496 κόπῳ
734 5433 828 5484 καί
857 5431 1062 5500 μόχθῳ
1081 5447 1093 5461 ·
1113 5431 1181 5484 ἐν
1206 5431 1562 5500 ἀγρυπνίαις
1588 5435 1736 5485 πολ-

1845 4531 1950 4585 tela
1993 4529 2315 4600 nequissimi
2365 4531 2522 4600 ignea
2567 4529 2918 4598 exstinguere
2950 4529 3186 4592 valeant,
3218 4527 3418 4597 quibus

1842 4622 2103 4676 adversus
2131 4621 2318 4675 hostes
2359 4619 2664 4674 invisibiles
2709 4619 2911 4674 bellum
2943 4619 3089 4673 istud
3127 4619 3416 4673 incumbit.

1841 4713 2025 4766 Rebus
2048 4724 2228 4766 autem
2260 4713 2421 4766 luctas
2451 4712 2670 4765 modum
2709 4710 3025 4770 ostendens,
3051 4711 3232 4764 aiebat
3263 4728 3274 4762 :
3305 4709 3418 4780 Ego

1835 4803 2001 4872 igitur
2022 4805 2096 4856 sic
2121 4819 2293 4866 curro,
2317 4821 2417 4856 non
2437 4804 2588 4872 quasi
2616 4804 2668 4855 in
2698 4803 2953 4855 incertum
2974 4818 2990 4855 :
3010 4803 3084 4854 sic
3101 4817 3293 4872 pugno,
3313 4817 3416 4853 non

1838 4894 1992 4961 quasi
2036 4891 2200 4963 374
2251 4908 2426 4945 aerem
2475 4891 2756 4945 verberans
2793 4906 2810 4942 :
2853 4890 2944 4943 sed
2981 4889 3177 4958 castigo
3229 4903 3416 4956 corpus

1840 5000 2009 5036 meum
2031 4992 2077 5036 et
2103 4984 2155 5036 in
2180 4985 2481 5036 servitutem
2513 4982 2711 5052 redigo,
2741 4998 2804 5033 ne
2827 4981 2960 5049 forte
2989 4997 3107 5032 cum
3133 4978 3249 5031 aliis
3275 4993 3414 5046 pra:-

1830 5071 2152 5136 dicaverim,
2207 5075 2318 5143 ipse
2377 5072 2626 5142 reprobus
2676 5072 2868 5140 efficiar
2926 5071 2989 5122 δ’.
3041 5070 3108 5122 Ει
3157 5068 3409 5121 iterum:

1836 5160 2006 5230 Usque
2041 5160 2096 5215 in
2130 5163 2266 5215 hanc
2304 5163 2490 5215 horam
2521 5169 2570 5213 et
2599 5160 2853 5214 esurimus
2889 5169 2938 5212 et
2965 5161 3172 5212 sitimus
3205 5166 3251 5210 et
3287 5156 3413 5210 nudi

1829 5266 2032 5313 sumus,
2075 5257 2125 5302 et
2165 5248 2400 5319 colaphis
2433 5249 2686 5303 credimur
2731 5249 2795 5301 ³³.
2829 5249 3148 5317 Rursusque
3183 5264 3196 5300 ε
3231 5246 3294 5300 1η
3333 5245 3413 5299 ία-

1833 5343 1956 5396 bore
1987 5350 2036 5394 et
2066 5357 2304 5395 azrumna
2321 5358 2340 5406 ;
2369 5342 2423 5393 in
2459 5340 2648 5410 vigiliis
2695 5338 2891 5402 multis,
2923 5341 2978 5392 in
3007 5340 3201 5408 frigore
3229 5345 3277 5390 et
3308 5352 3409 5390 nu-

1834 5435 2034 5500 ditate;
2065 5441 2257 5504 prater
2287 5432 2386 5487 illa
2421 5449 2537 5504 qua:
2565 5441 2686 5486 sum
2719 5432 3032 5485 extrinsecus
3065 5432 3131 5478 ”.

155 5521 363 5588 λάκις,
404 5523 674 5594 ἐκψύχει
709 5523 808 5577 καὶ
839 5525 1186 5592 γυμνότητι,
1222 5523 1399 5592 χωρὶς
1434 5523 1554 5576 τῶν
1581 5526 1894 5594 παρεκτός.

237 5635 283 5665 ³⁸
311 5637 524 5706 Philipp

531 5676 544 5690 .
581 5653 640 5703 ιι,
673 5637 725 5692 5.
804 5637 848 5668 ⁸⁷
877 5637 921 5692 ll
952 5636 1076 5692 Cor.
1107 5655 1221 5704 xm,
1249 5639 1302 5693 4.
1381 5639 1426 5669 ’⁸
1455 5639 1619 5695 Ilebr.
1647 5656 1703 5706 ιι,
1736 5640 1822 5695 14.

1899 5641 1943 5672 ³⁸
1970 5640 2011 5694 ll
2037 5640 2160 5696 Cor.
2191 5655 2287 5708 xu,
2317 5639 2370 5694 9.
2484 5637 2528 5671 ³ο
2551 5638 2751 5708 Ephcs.
2782 5653 2854 5703 vt,
2889 5636 2976 5691 12.
3077 5633 3120 5666 ³¹
3153 5630 3288 5686 ibid.
3315 5630 3402 5698 Η,

163 5705 256 5760 15.
333 5707 376 5737 ³³
412 5705 580 5763 lCor.
608 5722 680 5765 ix.
712 5707 803 5768 26,
829 5708 918 5762 27.
993 5707 1036 5740 ³³
1065 5707 1234 5763 lCor.
1269 5724 1342 5770 IV,
1381 5709 1464 5763 11.
1540 5711 1584 5742 ⁸⁵
1618 5709 1662 5764 ll
1693 5713 1752 5767 Ut

1856 5725 1925 5776 ιιι,
1957 5711 2044 5765 27.
