3876 6314
515 325 622 390 923

1673 331 1732 394 S.
1777 329 2060 392 MAXIMI
2101 327 2609 390 CONFESSORIS

3679 329 3772 394 92$

592 441 674 496 f5.
710 439 886 510 Atque
932 440 1074 495 hanc
1117 441 1341 511 quidem
1387 443 1589 497 luctam
1637 445 1963 500 colluctatus
2009 460 2069 499 es

2265 449 2343 498 ιε’.
2378 444 2486 498 Καὶ
2513 443 2719 514 ταύτην
2750 442 2849 514 μὲν
2897 442 2994 514 τὴν
3019 443 3216 514 πάλην,
3248 441 3384 513 πρὸς
3411 443 3543 506 τοὺς
3586 443 3776 514 ήδσνάς

515 531 776 585 adversus
805 531 1081 586 daentoncs
1107 535 1446 603 voluptatum
1474 535 1530 588 in
1562 550 1726 590 carne
1761 536 2089 602 inccntorcs,

515 624 724 694 objecta
761 625 847 678 sui
882 627 1127 695 corporis
1153 627 1469 683 inﬁrmitate
1502 645 1598 684 eos
1628 630 1821 700 fugans
1853 649 1864 684 :
1894 631 2093 686 adver-

515 731 608 770 sus
639 727 821 770 autem
851 734 946 774 eos
974 719 1068 788 qui
1096 736 1289 791 pugnae
1318 737 1446 776 arce
1475 729 1727 790 suscepta
1757 722 1881 776 odia
1915 724 2093 778 susci-

514 815 654 872 tant,
687 823 918 878 eamque
964 811 1035 866 ob
1085 827 1222 877 rem,
1257 812 1352 882 qui
1396 815 1678 884 segniores
1717 816 1916 870 animis
1958 817 2089 885 sint,

511 897 776 955 adversus
810 903 931 972 pios
959 902 1212 958 homines
1249 905 1559 969 concitant;
1597 916 1657 960 ut
1693 907 1800 962 illis
1830 911 2090 964 tentanti-

512 990 617 1046 bus
652 995 852 1048 animis
876 994 1192 1051 fatiscentes
1225 995 1373 1066 ipsos
1405 998 1530 1052 odio
1563 997 1822 1064 habeant,
1853 1000 2096 1072 indeque.

510 1081 592 1134 rei
621 1082 809 1136 violati
843 1083 1156 1139 dilectionis
1202 1086 1446 1140 mandati
1488 1086 1653 1152 fiant;
1691 1087 1936 1146 victoria:
1968 1106 2088 1145 mo-

509 1169 639 1224 dum
683 1172 850 1228 rebus
894 1173 1027 1244 ipsis
1067 1184 1399 1241 monstrans,
1448 1177 1630 1232 aiebat
1659 1195 1672 1231 :
1699 1177 2086 1249 Maledicimur,

509 1271 557 1313 ct
599 1261 978 1329 benedicimus;
1015 1269 1427 1337 persecutionem
1469 1270 1722 1340 patimur,
1767 1279 1813 1324 et
1857 1274 2102 1326 sustine-

508 1369 657 1418 mus;
687 1354 1135 1426 blaspltemamur,
1179 1367 1227 1412 et
1259 1361 1588 1415 obsecramus
1621 1378 1639 1416 :
1669 1371 1925 1434 tanquam
1966 1367 2086 1435 pia-

505 1441 626 1497 cula
677 1447 860 1500 mundi
915 1448 1042 1516 facti
1097 1467 1310 1517 sumus,
1369 1454 1603 1507 omnium
1654 1455 2084 1524 rejectamentum

504 1551 667 1606 usque
703 1538 756 1591 in
790 1541 926 1592 hunc
964 1541 1098 1594 diem
1129 1543 1193 1596 ³⁸.
1231 1543 1366 1597 Nam
1409 1543 1684 1600 daemones
1716 1545 1962 1615 quidem,
1997 1548 2084 1603 id-

502 1629 652 1684 circo
682 1629 973 1686 dicacitate
1016 1633 1290 1702 mordere,
1332 1636 1600 1692 conviciis
1640 1648 1851 1708 petere,
1896 1655 2084 1710 perse-

500 1722 595 1789 qui
633 1723 958 1789 suadebant,
989 1733 1050 1782 ttt
1083 1725 1138 1780 in
1178 1727 1503 1794 mordentis,
1547 1730 1925 1797 conviciantis,
1958 1749 2085 1803 per-

2195 537 2254 589 ἐν
2287 538 2352 607 τῇ
2390 536 2553 608 σαρκὶ
2584 536 2940 606 ἐνεργοῦντας
2975 536 3203 589 ἐπάλαιε
3238 535 3506 605 δαίμονας
3545 535 3640 588 διὰ
3682 535 3779 604 τῆς

2195 628 2477 692 ἀσθενείας
2525 627 2620 681 τοῦ
2675 628 2808 682 ἰδίου
2865 628 3118 698 σώματος
3177 627 3378 690 αὐτοὺς
3422 624 3776 679 ἐπελαύνων*

2193 721 2332 792 πρὸς
2359 720 2417 773 δέ
2443 719 2569 782 τοὺς
2600 720 2680 784 εἰς
2712 721 2869 789 μῖσος
2912 716 3307 788 πολεμοῦντας,
3341 717 3439 770 καὶ
3501 717 3596 770 διὰ
3627 718 3781 770 τοῦτο

2191 815 2320 877 τοὺς
2337 814 2446 866 τῶν
2476 812 2782 883 ἀνθρώπων
2809 809 3206 882 ἀμελεστέρους
3228 809 3376 866 κατὰ
3397 809 3515 862 τῶν
3539 809 3780 862 εὐσεϐῶν

2191 907 2496 970 κινοῦντας,
2530 905 2616 959 ἵνα
2649 905 2716 959 δι’
2764 903 2946 957 αὐτῶν
2981 901 3372 974 πειραζόμενοι
3394 941 3410 966 ,
3449 901 3664 964 αὐτοὺς
3696 919 3777 969 μι-

2192 1001 2419 1070 σήσωσι,
2444 997 2538 1052 καὶ
2560 997 2657 1069 τὴν
2689 995 2909 1068 ἐντολὴν
2941 995 3040 1066 τῆς
3062 995 3282 1064 ἀγάπης
3302 993 3612 1062 παραδῶσι
3637 1008 3650 1020 ·
3683 994 3780 1046 πά-

2188 1088 2272 1142 λιν
2300 1088 2392 1142 τὸν
2419 1088 2620 1158 τρόπον
2648 1087 2747 1157 τῆς
2775 1086 2933 1153 νίκης
2959 1085 3142 1154 ἔργοις
3193 1085 3326 1154 ἡμῖν
3361 1083 3776 1148 ὑποδεικνύων,

2188 1179 2376 1248 ἔλεγεν
2398 1194 2411 1208 ·
2449 1177 2931 1245 Λοιδορούμενοι,
2950 1174 3352 1244 εὐλογοῦμεν-ο
3401 1172 3776 1242 amamus-ra,

2187 1270 2524 1339 ἀνεχόμεθα
2547 1282 2560 1296 ·
2628 1266 3197 1334 βλασφημούμενοι,
3261 1265 3774 1332 παρακαλοῦμεν·

2185 1356 2443 1426 ὡσπερεὶ
2469 1354 2815 1425 καθάρματα
2828 1353 2936 1408 τοῦ
2955 1355 3189 1422 κόσμου
3207 1352 3617 1421 ἐγενήθημεν,
3637 1354 3777 1405 πάνυ

2184 1469 2305 1506 των
2323 1451 2633 1519 περίψημα
2662 1448 2776 1515 ἕως
2810 1446 2962 1516 ἄρτι.
2997 1448 3063 1500 0i
3097 1446 3196 1516 μὲν
3227 1444 3338 1516 γάρ
3369 1445 3659 1516 δαίμονες,
3698 1447 3776 1498 διὰ

2184 1544 2341 1599 τοῦτο
2363 1544 2623 1615 λοιδορεῖν
2648 1541 2742 1595 καὶ
2771 1539 3112 1612 βλασφημεῖν
3141 1539 3237 1593 καὶ
3268 1539 3495 1592 διώκειν
3541 1541 3773 1594 ύπέᾶαλ-

2182 1636 2295 1701 λον,
2335 1637 2423 1690 ἵνα
2455 1636 2533 1699 εἰς
2557 1635 2712 1706 μῖσος
2739 1631 2833 1686 τοῦ
2858 1629 3224 1703 λοιδοροῦντος
3260 1631 3355 1683 καὶ
3382 1629 3772 1700 βλασφημοῦν-

2182 1745 2276 1792 τος
2303 1728 2398 1782 καὶ
2443 1726 2732 1790 διώκοντος
2782 1725 2946 1779 αὐτὸν
2994 1725 3292 1795 κινήσωσιο
3323 1724 3419 1776 τὸν
3459 1726 3676 1779 σκοπὸν
3701 1729 3770 1789 εἰς

499 1813 784 1881 sequentis
806 1815 1016 1882 odium,
1043 1819 1402 1887 apostolicum
1431 1829 1625 1889 pectus
1652 1821 1975 1889 incitarent;
2013 1840 2071 1880 eo

2183 1819 2280 1890 τὴν
2332 1819 2646 1890 παράϐασιν
2674 1818 2776 1889 τῆς
2804 1817 3023 1889 ἐντολῆς
3059 1817 3158 1887 τῆς
3180 1817 3407 1887 ἀγάπης
3430 1817 3681 1887 ἔχοντες.
3721 1822 3770 1872 '0

499 1903 760 1960 nimirum
791 1906 916 1973 line,
955 1916 1014 1962 ut
1044 1909 1230 1964 violati
1275 1910 1587 1968 dilectionis
1633 1915 1876 1970 mandati
1923 1933 2082 1972 reum

498 2005 852 2064 peragerent;
897 1997 1188 2068 Apostolus
1236 2018 1370 2056 vero
1420 2019 1531 2073 quo
1580 2005 1800 2059 illorum
1851 2009 2082 2064 consilia

497 2096 809 2154 spectarent
852 2105 961 2143 non
1010 2091 1288 2161 ignorans,
1331 2093 1632 2161 dicacibus,
1679 2097 2083 2156 benedictionis

497 2180 662 2234 verba
707 2183 1073 2250 rependebat;
1130 2198 1525 2258 persequentes
1565 2193 1906 2261 sustinebat;
1951 2186 2086 2251 con;

495 2271 654 2326 viciis
682 2283 931 2342 petentes
980 2277 1339 2347 obsecrabat;
1371 2289 1432 2336 ut
1460 2283 1723 2339 nimirum
1753 2302 1783 2341 a
1813 2287 2079 2344 daemoni-

493 2363 616 2430 bus,
647 2367 741 2436 qui
790 2369 978 2422 talium
1029 2380 1265 2438 actores,
1293 2385 1500 2440 essent,
1543 2393 1665 2433 sese
1695 2379 2078 2452 abjungerent,

493 2469 558 2508 ac
589 2471 715 2512 cum
747 2458 1138 2530 benignissimo
1179 2464 1292 2519 Deo
1322 2469 1787 2526 necessitudinem
1823 2472 2027 2528 inirent
2061 2493 2087 2530 ε’

493 2544 801 2617 horumque
835 2549 1147 2608 inccntores
1192 2554 1469 2613 daemones
1517 2559 1678 2616 lucta:
1726 2561 1832 2617 hoc
1877 2580 2079 2634 genere

492 2638 807 2706 collidebat,
851 2644 1055 2698 malum
1097 2645 1153 2700 in
1194 2647 1340 2704 bono
1371 2650 1437 2716 ³⁸,
1468 2650 1768 2710 Salvatoris
1803 2659 2075 2728 exemplo,

489 2744 707 2799 semper
749 2733 996 2789 vincens.
1031 2736 1200 2807 lnque
1246 2739 1394 2797 hunc
1435 2744 1657 2799 modum
1710 2745 1824 2816 ipse
1873 2750 2080 2818 pariter

489 2836 554 2876 ac
588 2823 788 2893 reliqui
833 2829 1066 2896 apostoli
1114 2839 1290 2885 totum
1344 2835 1613 2890 mundum
1661 2853 1692 2892 a
1735 2839 2077 2898 daemonibus

486 2915 832 2985 abjunctum,
875 2919 988 2975 Deo
1021 2924 1422 2992 conciliarunt;
1474 2944 1575 2984 suo
1609 2930 1715 3000 ipsi
1763 2947 1960 2988 occasu
2010 2949 2076 2990 ac

485 3009 663 3073 clade,
695 3011 915 3067 illorum
943 3014 1202 3082 victores,
1222 3019 1316 3088 qui
1341 3030 1492 3076 certa
1518 3023 1626 3078 sibi
1655 3040 1750 3094 spe
1782 3026 2071 3083 victoriam

2180 1912 2239 1966 δέ
2281 1910 2602 1974 Ἀπόστολος
2637 1909 2712 1980 μὴ
2750 1909 2961 1979 ἀγνοῶν
3006 1907 3076 1962 τὰ
3109 1909 3363 1978 νοήματα
3386 1909 3599 1973 αὐτῶν,
3653 1913 3770 1973 τοὺς

2182 2003 2560 2072 λοιδοροῦντας
2605 2001 2845 2072 ηὐλόγει,
2879 2000 2974 2054 καὶ
3004 1999 3112 2052 τῶν
3155 1999 3469 2054 διωκόντων
3503 2003 3765 2072 ἠνείχετο.

2182 2095 2427 2159 καὶτοὺς
2459 2093 2915 2165 βλασφημοῦντας
2967 2092 3288 2163 παρεκάλει,
3318 2092 3436 2145 τῶν
3472 2093 3578 2162 μὲν
3607 2094 3765 2148 ταῦτα

2181 2185 2548 2256 ἐνεργούντων
2586 2184 2894 2254 ἀποστῆναι
2934 2183 3224 2252 δαιμόνων,
3276 2181 3355 2252 τῷ
3387 2182 3448 2234 δέ
3477 2183 3678 2253 ἀγαθῷ
3701 2185 3766 2235 οὶ-

2180 2274 2475 2344 κειωθῆναι
2493 2271 2632 2342 Θεῷο
2658 2271 2788 2334 τοὺς
2817 2271 2872 2323 δὲ
2895 2269 3072 2324 ταῦτα
3099 2270 3467 2342 ἐνεργοῦντας
3490 2272 3762 2342 δαξμονας,

2179 2366 2356 2438 τούτῳ
2385 2365 2462 2435 τῷ
2493 2365 2680 2436 τρόπῳ
2719 2365 2818 2434 τῆς
2849 2363 3026 2433 πάλης
3061 2364 3317 2433 ἠμύνετο,
3353 2367 3416 2418 ἐν
3469 2367 3555 2436 τῷ
3590 2367 3764 2437 ἀγαθῷ

2179 2461 2268 2514 ἀεὶ
2302 2460 2466 2514 νικῶν
2499 2459 2559 2512 τὸ
2588 2458 2778 2523 κακὸν,
2805 2459 2946 2511 κατά
2978 2459 3075 2527 τὴν
3106 2459 3340 2529 μίμησιν
3365 2460 3464 2512 τοῦ
3496 2462 3763 2534 Σωτῆρος,

2179 2553 2275 2606 καὶ
2300 2551 2472 2614 οὕτως
2496 2551 2616 2604 ὅλον
2645 2550 2736 2602 τὸν
2762 2549 2965 2620 κόσμον
2986 2549 3092 2603 τῶν
3117 2549 3395 2618 δαιμόνων
3422 2554 3766 2622 ἀποστήσαν-

2179 2663 2269 2708 τες
2299 2644 2376 2715 τῷ
2408 2643 2527 2715 Θεῷ
2555 2641 2858 2714 ᾠκείωσαν,
2903 2641 3064 2704 αὐτός
3102 2659 3162 2694 τε
3192 2641 3290 2694 καὶ
3317 2643 3370 2694 οἱ
3407 2643 3596 2696 λοιποὶ
3643 2648 3762 2698 ἀπὸ·

2181 2738 2380 2801 στολοι,
2412 2737 2496 2790 διὰ
2531 2737 2701 2807 ἥττης
2726 2737 3049 2806 νικήσαντες
3087 2736 3212 2799 τοὺς
3246 2737 3410 2806 νικᾷν
3437 2737 3764 2801 ἐλπίσαντας

2178 2829 2278 2902 [(ιΙ.
2313 2829 2407 2882 καὶ
2455 2829 2852 2900 κρατήσαντες,
2885 2828 3012 2890 τοὺς
3044 2829 3268 2896 κρατεῖν
3301 2827 3432 2882 ὲλπ.
3472 2826 3581 2883 Fr.
3622 2835 3761 2899 νική-

2179 2940 2392 2987 σαντες,
2429 2921 2556 2984 τοὺς
2601 2923 2826 2992 κρατεῖν
2880 2918 3209 2991 ἐθέλοντας].
3267 2920 3400 2973 Ἐὰν
3426 2917 3531 2975 οὖν
3561 2926 3658 2975 καὶ
3687 2926 3761 2985 σὺ,

2186 3013 2438 3084 Ἀδελφέ,
2474 3012 2661 3066 τοῦτον
2707 3013 2988 3083 κρατήσῃς
3023 3011 3114 3066 τὸν
3159 3012 3387 3079 σκοπὸν,
3421 3012 3660 3070 δύνασαι
3681 3019 3762 3069 καὶ

485 3098 879 3156 ariolabantur.
915 3103 1058 3176 Ergo
1086 3114 1141 3160 tu
1173 3124 1414 3180 quoque,
1436 3112 1639 3182 frater,
1671 3115 1818 3173 hunc
1843 3134 2068 3190 scopum

2176 3106 2239 3158 σὺ
2272 3106 2398 3170 τοὺς
2437 3103 2724 3174 μισοῦντας
2749 3104 2998 3174 ἀγαπᾷνο
3031 3103 3155 3156 εἰδὲ
3187 3104 3260 3174 μή
3292 3119 3383 3172 γε,
3417 3104 3606 3168 ἄλλως
3632 3107 3760 3176 ἀμήε

483 3190 528 3243 si
574 3195 838 3259 tenueris,
887 3197 1094 3264 poteris
1125 3208 1181 3253 et
1216 3199 1331 3269 ipse
1367 3203 1622 3261 inimicos
1667 3208 1928 3280 diligere;
1978 3212 2066 3268 sin

482 3290 666 3338 autem
707 3300 836 3352 non,
866 3288 1016 3342 nulla
1051 3289 1106 3344 id
1136 3291 1346 3347 ratione
1372 3293 1637 3364 pnestare
1665 3302 1895 3369 poteris.

553 3375 640 3430 16.
682 3375 880 3448 Aitque
925 3380 1096 3436 frater
1123 3399 1136 3434 :
1165 3381 1256 3437 Sic
1289 3400 1481 3440 revera
1516 3397 1620 3455 est,
1651 3391 1835 3458 Pater,
1869 3405 1925 3450 et
1953 3411 2064 3451 non

481 3467 661 3531 aliter,
687 3484 752 3523 ac
777 3470 995 3525 locutus
1018 3487 1079 3527 es
1105 3490 1119 3527 :
1145 3488 1376 3544 eamque
1401 3478 1472 3532 ob
1497 3494 1613 3534 rem
1647 3481 1912 3539 Dominus
1938 3502 2064 3542 cum

480 3575 512 3614 a
537 3559 741 3616 Iudaeis
769 3563 1080 3619 maledictis
1121 3574 1424 3634 peteretur,
1460 3572 1708 3642 colaphis
1733 3576 2060 3648 caederetur,

478 3655 646 3718 atque
688 3651 792 3706 alia
827 3652 896 3707 ab
929 3653 1011 3708 eis
1047 3664 1352 3725 pateretur,
1391 3658 1716 3731 sustinebat,
1754 3667 2062 3727 miseratio-

479 3739 569 3795 nis
595 3740 794 3796 afl‘ectu
831 3742 886 3798 in
920 3759 1016 3800 eos
1049 3755 1252 3813 motus,
1283 3750 1434 3805 velut
1457 3753 1553 3822 qui
1582 3755 1960 3826 imprudentes
1984 3763 2064 3818 fa—

478 3843 668 3888 cerent
709 3849 774 3890 ac
797 3851 986 3892 errore
1017 3839 1228 3894 seducti
1275 3853 1480 3898 essent.
1517 3846 1673 3903 Unde
1715 3859 1772 3905 et
1807 3851 1864 3908 in
1895 3869 2061 3912 cruce

478 3924 696 3983 dicebat
729 3946 742 3982 :
774 3928 958 3994 Pater,
988 3932 1192 3988 dimitte
1216 3935 1356 4003 illis,
1388 3940 1514 4009 quia
1550 3944 1785 3998 nesciunt
1822 3948 1949 4016 quid
1974 3950 2057 4019 fa-

476 4018 621 4072 ciunt
656 4020 700 4054 ³⁷
737 4038 750 4075 :
798 4021 960 4093 375
992 4024 1198 4081 diaboli
1247 4037 1430 4083 autem
1479 4039 1536 4086 et
1582 4034 1894 4105 principum
1939 4018 2059 4110 ejus

476 4111 824 4169 vaferrimam
868 4127 1107 4174 mentem
1151 4119 1513 4193 fraudemque
1552 4124 1608 4178 in
1657 4141 1820 4181 cruce
1862 4129 2056 4183 trium-

475 4204 684 4273 phans;
711 4222 812 4277 pro
839 4209 1149 4268 dilectionis
1179 4215 1459 4282 mandato,
1491 4217 1571 4272 uti
1590 4217 1796 4285 dixisti,
1821 4221 1889 4274 ad
1913 4237 2058 4276 mor-

475 4303 586 4350 tem
613 4313 788 4368 usque
813 4300 1078 4358 adversus
1106 4305 1228 4360 illos
1249 4314 1488 4374 certans,
1509 4310 1780 4381 nobisque
1807 4311 2057 4369 tribuens

474 4387 544 4442 de
565 4389 675 4445 illis
696 4392 1002 4459 victoriam,
1019 4410 1084 4450 ac
1107 4399 1302 4455 mortis
1319 4400 1604 4458 destructo
1626 4402 1880 4474 imperio,
1897 4422 2052 4461 suam

2173 3215 2356 3268 χανον.

2245 3375 2342 3440 ις’.
2368 3373 2478 3427 Καὶ
2496 3376 2524 3427 6
2547 3372 2774 3440 ἀδελφὸς
2795 3370 2968 3426 εἶπενο
2999 3373 3114 3426 Ἐπ’
3138 3373 3422 3444 ἀληθείας,
3453 3375 3754 3446 Πάτερ,οῠ-

2169 3485 2279 3530 τως
2301 3467 2416 3520 ἐστὶ
2441 3465 2535 3519 καὶ
2553 3467 2652 3518 οὐκ
2675 3465 2880 3528 άλλως·
2911 3465 3002 3518 καὶ
3021 3465 3110 3518 διὰ
3132 3466 3292 3520 τοῦτο
3313 3468 3342 3518 6
3369 3468 3588 3538 Κύριος
3611 3471 3756 3538 βλασ-

2172 3559 2521 3629 φημούμενος
2548 3558 2642 3611 καὶ
2671 3557 3117 3628 κολαφιζόμενος,
3146 3559 3241 3612 καὶ
3262 3559 3331 3612 τὰ
3347 3559 3490 3613 ἄλλα
3515 3563 3751 3632 πάσχων,

2171 3650 2313 3722 ἅπερ
2343 3647 2544 3702 ἔπαθεν
2593 3648 2697 3701 ὑπὸ
2725 3648 2834 3702 τῶν
2893 3649 3178 3713 Ἰουδαίων,
3218 3650 3498 3720 ἠνείχετο,
3536 3655 3752 3715 ἐκείνοις

2172 3742 2273 3812 μὲν
2308 3742 2648 3812 συμπάσχων
2683 3741 2760 3806 ὡς
2812 3741 3067 3810 ἀγνοοῦσι
3122 3744 3218 3795 καὶ
3269 3744 3715 3816 πεπλανημένος
3737 3764 3748 3774 -

2168 3835 2250 3889 διὸ
2277 3837 2371 3889 καὶ
2399 3835 2586 3904 ἔλεγεν
2606 3835 2700 3888 ἐπὶ
2717 3833 2812 3888 τοῦ
2835 3834 3089 3908 σταυροῦ’
3113 3835 3327 3905 Πάτερ,
3347 3837 3507 3907 ἄφες
3533 3839 3744 3906 αὐτοῖς,

2165 3928 2247 3983 ὅτι
2279 3929 2380 3982 οὐκ
2414 3926 2512 3999 [αι.
2552 3927 2613 3981 ού
2649 3925 2780 3999 γὰρ]
2833 3927 3009 3980 οἴδασι
3058 3927 3111 3981 τί
3138 3927 3352 3981 ποιοῦσι
3378 3944 3395 3958 ’
3421 3929 3522 3982 τοῦ
3557 3931 3616 3983 δὲ
3646 3931 3745 3984 δια-

2166 4021 2322 4075 ϐόλου
2349 4022 2440 4075 καὶ
2472 4019 2581 4075 τῶν
2606 4020 2884 4090 ἀρχόντων
2915 4017 3082 4072 αὐτοῦ
3105 4019 3461 4090 θριαμϐεύων
3491 4023 3596 4093 τὴν
3627 4041 3744 4075 παν-

2163 4113 2388 4185 ουργίαν
2415 4112 2508 4166 καὶ
2533 4113 2631 4183 τὴν
2661 4112 2881 4182 ἀπάτην
2909 4113 3002 4165 ἐπὶ
3026 4113 3120 4166 τοῦ
3166 4113 3403 4185 σταυροῦ
3427 4130 3440 4142 ·
3473 4115 3622 4187 ὑπὲρ
3659 4115 3741 4182 τῆς

2163 4207 2384 4277 ἐντολῆς
2436 4207 2537 4276 τῆς
2589 4207 2830 4277 ἀγάπης,
2865 4205 3047 4270 καθὼς
3087 4202 3265 4271 εἶπας,
3299 4207 3471 4277 μέχρι
3523 4208 3738 4262 θανάτου

2165 4299 2302 4370 πρὸς
2327 4300 2524 4361 αὐτοὺς
2547 4298 2979 4367 ἀγωνισάμενος,
3005 4299 3098 4352 καὶ
3117 4299 3214 4369 τὴν
3236 4299 3361 4353 κατ’
3387 4301 3577 4354 αὐτῶν
3603 4305 3734 4367 vim

2163 4391 2294 4461 ἡμῖν
2344 4390 2742 4461 χαρισάμενος’
2781 4390 2877 4443 καὶ
2925 4388 3018 4442 τοῦ
3063 4389 3292 4443 θανάτου
3345 4391 3664 4454 καταλύσας

475 4477 532 4532 iu
581 4480 708 4535 vitae
759 4497 960 4539 munus
1007 4491 1469 4545 resurrectionem
1519 4493 1745 4550 donavit
1797 4498 2056 4554 universo

2175 4481 2382 4552 κράτος,
2416 4481 2517 4551 τὴν
2537 4481 2835 4535 ἀνάστασιν
2858 4480 3023 4534 αὐτοῦ
3062 4481 3143 4543 εἰς
3173 4479 3320 4551 ζωὴν
3352 4484 3524 4536 παντὶ
3553 4483 3633 4554 τῷ
3659 4483 3730 4534 κέ·

475 4568 700 4622 mundo.
735 4571 936 4626 Verum
973 4590 1068 4629 ora
1099 4592 1200 4646 pro
1221 4594 1329 4644 me,
1362 4581 1546 4647 Pater,
1581 4593 1642 4638 ut
1667 4585 1909 4654 perfecte
1939 4587 2049 4643 Do-

473 4657 610 4711 mini
654 4673 878 4730 se0pum
913 4665 1142 4736 ejusque
1179 4672 1553 4739 apostolorum
1601 4676 1908 4749 intelligere
1955 4697 2051 4736 va-

470 4746 646 4813 leam;
680 4753 992 4824 possimque
1025 4757 1175 4828 vigili
1208 4776 1272 4816 ac
1300 4763 1488 4818 sobrio
1525 4781 1647 4822 esse
1686 4769 1892 4836 animo,
1924 4787 2051 4826 cum

471 4843 807 4899 tentationes
833 4849 1165 4916 appetierint
1189 4893 1203 4918 ,
1230 4869 1333 4910 nec
1368 4854 1569 4912 diaboli
1595 4859 1824 4931 ejusque
1849 4863 2052 4920 daemo-

468 4947 601 4986 nutn
633 4937 848 4992 nescire
883 4939 1134 4995 consilia.

544 5024 627 5080 l7.
661 5027 963 5098 Respondit
985 5047 1152 5088 senex
1180 5052 1192 5088 :
1226 5035 1282 5091 Si
1304 5052 1368 5092 ea
1391 5054 1513 5108 qua:
1535 5039 1681 5097 dicta
1711 5052 1840 5098 sunt
1867 5051 2047 5100 tecum

466 5113 652 5170 animo
677 5117 878 5187 jngitcr
921 5123 1148 5189 recolas,
1191 5127 1398 5194 poteris
1425 5121 1536 5182 non
1572 5130 1829 5185 nescire:
1861 5133 1957 5187 sed
1992 5143 2049 5189 et

377 5203 390 5212 ”
466 5208 511 5263 si
547 5208 835 5281 intelligas,
879 5230 985 5283 qua
1019 5215 1135 5285 ipse
1179 5219 1391 5275 ratione
1424 5223 1671 5288 tentaris,
1718 5239 1782 5278 ea
1825 5241 2047 5296 quoque

467 5302 667 5356 tentari
713 5302 935 5359 fratrem
982 5315 1170 5374 tuum;
1204 5317 1370 5380 atque
1413 5312 1464 5365 ei
1502 5313 1724 5382 quidem
1773 5316 2048 5387 ignoscas,

465 5392 559 5461 qui
602 5401 846 5450 tentetur
873 5414 886 5450 :
914 5401 1171 5454 tentatori
1199 5411 1404 5466 autem,
1429 5405 1523 5473 qui
1560 5407 1615 5460 in
1649 5408 1768 5476 ejus
1798 5409 1891 5478 qui
1925 5419 2047 5466 ten-

470 5489 615 5537 tatur
658 5486 844 5541 odium
877 5491 1183 5558 propellere
1226 5495 1364 5559 vult,
1405 5497 1646 5561 resistas,
1692 5515 1794 5554 nec
1823 5501 2051 5555 fraudu-

467 5569 618 5630 lento
656 5578 777 5648 ejus
803 5581 1036 5649 consilio
1076 5599 1287 5640 morem
1321 5589 1558 5657 gesseris
1620 5589 1733 5646 lloc
1774 5593 1921 5647 enim
1962 5602 2049 5648 cst

2163 4591 2286 4645 σμῳ
2318 4573 2652 4644 ἐδωρήσατο.
2670 4573 2814 4626 Ἀλλ’
2853 4573 3014 4644 εῦχου
3041 4574 3182 4644 ὑπὲρ
3218 4573 3382 4643 ἐμοῦ,
3421 4567 3628 4647 Πάτερ,
3659 4574 3726 4624 ἵνα

2153 4661 2370 4724 τελείως
2402 4661 2672 4728 ἐξισχύσω
2723 4662 2928 4731 γνῶναι
2977 4664 3072 4716 τὸν
3113 4663 3317 4716 σκοπὸν
3365 4664 3466 4717 τοῦ
3513 4665 3722 4734 Κυρίου.

2153 4755 2247 4807 καὶ
2297 4753 2406 4807 τῶν
2450 4754 2762 4808 ἀποστόλων
2823 4755 3026 4808 αὐτοῦ’
3060 4756 3154 4808 καὶ
3197 4754 3420 4826 δυνηθῶ
3456 4759 3648 4827 νήφειν
3679 4757 3724 4807 ἐν

2150 4850 2262 4911 τοῖς
2287 4849 2498 4918 καιροῖς
2523 4847 2631 4899 τῶν
2667 4847 3013 4918 πειρασμῶν,
3046 4848 3140 4900 καὶ
3171 4847 3243 4917 μὴ
3277 4850 3500 4916 ἀγνοεῖν
3528 4852 3600 4903 τὰ
3622 4851 3723 4916 νοῆο

2155 4956 2301 5009 ματα
2331 4939 2426 4992 τοῦ
2456 4937 2706 4991 διαϐόλου
2742 4938 2839 4991 καὶ
2868 4937 2977 4992 τῶν
3006 4939 3280 5009 δαιμόνων
3313 4941 3509 4996 αὑτοῦ.

2224 5045 2308 5110 ιζ’.
2340 5045 2450 5097 Καὶ
2471 5045 2498 5098 6
2524 5045 2702 5115 γέρων
2725 5044 3067 5116 ἀποκριθεὶς,
3100 5040 3274 5098 εἶπεν
3314 5045 3446 5099 Ἐὰν
3468 5049 3580 5099 τῶν
3609 5062 3723 5113 προ-

2149 5133 2454 5205 ειρημένων
2478 5135 2622 5205 ἔχεις
2649 5135 2738 5190 ἀεὶ
2759 5136 2860 5204 τὴν
2879 5135 3131 5205 μελέτην,
3149 5136 3375 5190 δύνασαι
3397 5139 3477 5207 μὴ
3502 5138 3718 5205 ἀγνοεῖν,

2158 5225 2320 5279 Ἀλλά
2353 5227 2449 5280 καὶ
2475 5227 2570 5280 ἐὰν
2604 5228 2812 5296 συνιῇς,
2847 5228 2930 5280 ὅτι
2957 5225 3144 5298 ῶσπερ
3174 5227 3238 5279 σὺ
3269 5228 3536 5299 πειράζῃ,
3571 5227 3720 5283 οὔτως

2144 5318 2240 5369 καὶ
2269 5319 2297 5371 6
2325 5317 2551 5384 ἀδελφός
2585 5335 2680 5371 σου
2704 5315 3026 5388 πειράζεται
3046 5334 3061 5348 ο
3099 5321 3193 5372 καὶ
3226 5317 3304 5388 τῷ
3349 5318 3454 5386 μὲν
3479 5317 3718 5386 πειραζο-

2147 5411 2294 5482 μένῳ
2325 5411 2747 5480 συγγινώσκεις,
2783 5411 2863 5478 τῷ
2895 5411 2952 5463 δὲ
2982 5411 3299 5482 πειράζοντι
3327 5411 3542 5464 θέλοντί
3578 5429 3631 5463 σε
3657 5410 3719 5466 si;

2147 5506 2302 5571 μῖσος
2330 5504 2556 5572 ἀγαγεῖν
2599 5501 2694 5556 τοῦ
2734 5501 3138 5572 πειραζομένου
3193 5504 3475 5571 ἀντιστῇς,
3519 5503 3600 5572 μὴ
3633 5501 3715 5552 6:-

2143 5593 2358 5648 ακούων
2411 5595 2578 5650 αὐτοῦ
2627 5595 2708 5666 τῷ
2750 5599 3128 5669 μηχανήματι.
3165 5596 3277 5651 Καὶ
3317 5593 3478 5650 τοῦτό
3529 5585 3712 5648 ἐστινέ

542 5747 584 5777 ³⁸
619 5748 638 5800 ι
669 5749 794 5805 Cor.
831 5770 900 5821 tv,
943 5757 1022 5824 12,
1061 5759 1140 5811 15.
1231 5762 1271 5791 ³¹²
1309 5763 1465 5816 Rom.
1513 5782 1603 5832 xu,
1636 5767 1720 5820 ‘ll.
1805 5770 1844 5799 ³⁷
1876 5770 2008 5825 Luc.
2045 5788 2071 5825 Χ

2176 5814 2189 5840 ,
2223 5772 2308 5826 δι.
