3876 6314
81 329 202 395 925

1387 349 1620 413 LIBER
1655 355 2089 425 ASCETICUS.

3269 379 3376 442 9‘26

73 446 236 514 λέγει
283 447 312 500 ὁ
354 446 672 517 ἀδελφὸθεος
735 449 991 520 Ἰάκωϐος
1032 456 1092 511 έν
1148 461 1267 525 ταῖς
1301 463 1659 533 Καθολικαῖς·

1774 475 1924 544 quod
1957 476 2194 544 Iacobus
2220 479 2317 534 Dei
2359 478 2529 536 frater
2561 481 2638 537 ait
2674 481 2730 536 in
2763 480 3067 540 Catholicis
3108 502 3123 542 :
3162 485 3368 543 Subditi

88 537 469 608 'I‘a-ozeimte
519 539 600 606 τῷ
645 543 795 609 Θεᾷν
824 547 1148 615 ἀντίστητε
1171 552 1238 605 δὲ
1273 553 1354 620 τῷ
1390 556 1669 628 διαϐόλῳ,

71 631 176 684 καὶ
208 632 494 700 φεύξεται
522 634 621 703 ἀφ’
646 637 834 705 ὑμῶν.
878 639 1003 696 Ἐὰν
1037 638 1144 707 νῦν,
1171 643 1246 709 ὡς
1269 645 1502 718 εἴρηται,
1529 650 1670 721 ἔχεις

71 723 362 794 νηφόντως
390 725 490 797 τὴν
513 725 623 779 τῶν
656 740 1072 803 προειρημένων
1111 736 1473 804 ἀδιαλείπτως
1511 743 1671 812 μελέ-

70 831 201 884 την,
228 814 454 869 δύνασαι
487 817 688 884 γνῶναι
715 819 806 874 τὸν
831 823 1033 878 σκοπὸν
1051 825 1146 878 τοῦ
1183 828 1414 898 Κυρίου,
1448 831 1670 887 καὶτῶν

71 908 398 962 ἀποστόλων
419 909 584 962 αὑτοῦ
606 926 618 940 ·
650 911 744 964 καὶ
772 913 900 977 τοὺς
931 915 1030 985 μὲν
1069 916 1396 989 ἀνθρώπους
1423 922 1665 995 ἀγαπᾷν,

73 999 177 1052 καὶ
212 1001 558 1072 συμπάσχειν
613 1004 798 1069 αὐτοῖς
828 1006 1080 1061 πταίουσι
1103 1025 1118 1041 ο
1162 1012 1274 1075 τοῖς
1305 1012 1361 1066 δὲ
1409 1020 1669 1086 πονηροῖς

71 1092 332 1163 δαίμοσιν
355 1093 718 1159 ἀδιαλείπτως
747 1096 834 1151 διὰ
857 1099 956 1169 τῆς
981 1099 1203 1173 ἀγάπης
1227 1104 1502 1176 πολεμεῖν.
1525 1106 1587 1161 Εί
1608 1109 1667 1163 δὲ

73 1185 248 1254 ἐσμὲν
272 1183 460 1255 χαῦνοι
491 1188 584 1240 καὶ
607 1187 830 1258 ἀμελεῖς
857 1193 950 1245 καὶ
978 1193 1233 1266 ρᾴθυμοι,
1262 1197 1506 1269 καὶδταῖς
1535 1219 1666 1272 σαρο

73 1278 265 1339 κικαῖς
292 1276 509 1345 ἡδοναῖς
540 1279 631 1332 τὸν
665 1281 925 1351 λογισμὸν
969 1285 1291 1357 ὲμφύρομεν
1313 1329 1328 1353 ,
1379 1291 1502 1362 οὐχὶ
1540 1294 1667 1358 τοὺς

69 1368 360 1439 δαίμονας,
382 1369 497 1426 ἀλλ’
525 1373 753 1437 ἑαυτοὺς
795 1375 890 1428 καὶ
931 1377 1059 1440 τοὺς
1095 1378 1361 1449 ἀδελφοὺς
1397 1385 1666 1456 πολεμοῦ-

75 1474 220 1530 μεν·
273 1463 401 1526 τοὺς
428 1463 484 1516 δὲ
524 1463 786 1534 δαίμονας
827 1468 1028 1537 μᾶλλον
1057 1469 1126 1524 δι’
1148 1472 1328 1526 αὐτῶν
1368 1475 1666 1547 θεραπεύο-

73 1570 205 1623 μεν,
237 1554 375 1626 ῠπὲρ
407 1556 586 1610 αὐτῶν
614 1561 726 1622 τοῖς
756 1560 1066 1630 ἀνθρώποις
1098 1566 1421 1637 μαχόμενοι.

154 1653 243 1718 ιη’.
271 1647 378 1702 Καὶ
399 1650 426 1701 ὁ
457 1649 684 1720 ἀδελφὸς
712 1647 867 1708 εἶπεν
892 1671 907 1686 ο
944 1655 1132 1722 Οὕτως
1159 1658 1295 1729 ἔχει,
1319 1661 1505 1734 Πάτερ
1531 1681 1546 1696 ο
1568 1666 1662 1719 καὶ

69 1740 189 1810 γάρ
217 1741 281 1794 ὲκ
299 1741 400 1811 τῆς
425 1742 686 1811 ἀμελείας
717 1763 820 1815 μου
856 1747 943 1800 ἀεὶ
996 1749 1365 1821 λαμϐάνουσιν
1409 1756 1665 1827 ἀφορμάς

71 1832 204 1884 κατ’
237 1831 371 1903 ἐμοῦ
407 1834 457 1886 οἱ
486 1834 742 1906 δαίμονες
770 1853 784 1868 ·
833 1839 972 1892 ἀλλά
1009 1843 1316 1923 παρακαλῶ
1348 1863 1428 1909 σε,
1461 1826 1664 1921 Πάτερ,
1699 1826 1741 1881 Β

69 1921 255 1974 εἰπεῖν
288 1939 401 1992 μοι,
443 1923 561 1988 πῶς
589 1927 790 1994 ὀφείλω
831 1931 1141 2002 κτήσασθαι
1185 1921 1367 2006 νῆψιν.
1414 1939 1523 1992 Καὶ
1564 1942 1670 1993 ὰπ-

68 2011 272 2084 εκρίθη
296 2014 324 2066 6
346 2015 548 2086 γέρων*
583 2018 650 2070 Ἠ
675 2021 946 2091 παντελὴς
968 2025 1076 2078 τῶν
1107 2029 1312 2097 γηΐνων
1341 2031 1666 2103 ἀμεριμνία,

69 2103 178 2158 καὶ
208 2106 240 2175 ἡ
271 2107 500 2177 συνεχὴς
539 2107 663 2179 [Fr.
695 2111 930 2183 alterque
965 2114 1044 2169 Μ.
1096 2119 1287 2192 συχνὴ]
1339 2123 1539 2194 μελέτη
1568 2126 1668 2196 τῆς

70 2196 230 2262 θείας
271 2199 495 2271 Γραφῆς
532 2202 691 2273 φέρει
723 2203 819 2275 τὴν
863 2206 1040 2278 ψυχὴν
1069 2211 1150 2273 είς
1181 2212 1346 2278 φόϐον
1375 2215 1540 2269 Θεοῦ’
1575 2217 1667 2271 καὶ

71 2291 108 2342 6
138 2289 231 2342 τοῦ
273 2290 407 2345 Θεοῦ
439 2293 601 2361 φόϐος
642 2295 796 2366 φέρει
833 2299 932 2369 τὴν
967 2300 1129 2370 νῆψιν
1151 2319 1164 2334 .
1190 2306 1284 2358 καὶ
1310 2307 1428 2359 τότε
1458 2311 1489 2378 ἡ
1521 2309 1667 2381 ψυχὴ

76 2377 308 2450 ἄρχεται
336 2381 558 2450 βλέπειν
586 2385 713 2448 τοὺς
736 2386 820 2439 διὰ
843 2388 950 2441 τῶν
977 2392 1255 2463 λογισμῶν
1294 2377 1666 2466 πολεμοῦντας

77 2471 254 2542 αὐτὴν
303 2472 582 2544 δαίμονας,
639 2477 730 2528 καὶ
787 2479 1094 2549 ἀμύνασθαι
1119 2500 1132 2512 '
1169 2486 1296 2554 περὶ
1339 2480 1413 2540 ὧν
1445 2490 1472 2541 6
1502 2489 1666 2543 Aa6‘t6

78 2564 306 2633 ἔλεγενο
364 2567 473 2621 Καὶ
523 2569 761 2623 ἐπεῖδεν
819 2575 851 2625 ὀ
905 2574 1216 2645 ὀφθαλμός
1263 2597 1384 2648 μου
1426 2581 1498 2632 ἐν
1541 2582 1666 2648 τοῖς

75 2655 316 2724 ἐχθροῖς
351 2675 492 2726 μου.
526 2659 670 2731 Πρὸς
703 2661 908 2734 ταύτην
958 2667 1058 2735 τὴν
1093 2669 1270 2738 πάλην
1304 2670 1393 2724 καὶ
1437 2673 1465 2724 ὁ
1499 2689 1666 2742 κορυ-

75 2746 244 2814 φαῖος
267 2746 374 2798 τῶν
410 2748 726 2804 ἀποστόλων
754 2753 958 2824 Πέτρος
989 2755 1272 2827 διεγείρων
1318 2760 1445 2823 τοὺς
1489 2761 1664 2831 μαθη-

69 2835 199 2902 τὰς,
231 2837 382 2905 ἔλεγε
403 2853 418 2868 ·
447 2839 716 2908 Νήψατε,
751 2844 1183 2914 γρηγορήσατε,
1221 2847 1311 2902 ὅτι
1363 2853 1397 2904 ὁ
1438 2851 1663 2905 ἀντίδι-

70 2945 190 2992 κος
221 2927 388 2996 ὑμῶν
416 2929 721 2998 διάϐολος,
756 2935 836 2999 ὠς
863 2935 1022 2989 λέων
1048 2936 1388 3008 ὠρυόμενος
1417 2957 1664 3010 περιπα-

68 3019 186 3079 τεῖ.
212 3019 400 3087 ζητῶν
461 3023 595 3078 τίνα
624 3027 885 3095 καταπίῃ
905 3043 920 3058 ο
962 3023 1011 3096 ᾦ
1041 3029 1365 3101 ἀντίστητε
1417 3037 1654 3103 στερεοὶ

67 3108 156 3178 τῇ
173 3112 391 3166 πίστει⁶
421 3115 512 3167 καὶ
540 3116 567 3167 ὁ
585 3115 786 3186 Κύριος
813 3118 871 3171 δέ
890 3134 904 3148 ⁸
938 3122 1299 3191 Γρηγορεῖτε
1345 3127 1441 3179 καὶ
1469 3142 1658 3197 προσ-

67 3203 346 3269 εύχεσθε,
385 3205 485 3257 ἵνα
509 3207 596 3275 μὴ
624 3208 939 3276 εἰσέλθητε
975 3213 1062 3277 είς
1108 3217 1466 3285 πειρασμόν.
1510 3217 1568 3270 Ὁ
1601 3219 1658 3273 δὲ

81 3296 512 3368 Ἐκκλησιαστής
570 3317 754 3370 φησιν’
817 3302 960 3357 Ἐὰν
981 3305 1219 3375 πνεῦμα
1246 3309 1353 3363 τοῦ
1376 3308 1657 3373 ἐξουσιά-

67 3385 275 3454 ζοντος
332 3389 524 3460 ἀναϐῇ
560 3391 659 3445 ἐπὶ
713 3393 810 3459 σὲ,
851 3395 1040 3450 τόπον
1091 3412 1209 3453 σου
1233 3400 1321 3469 μὴ
1349 3401 1513 3472 ἀφῇς
1553 3401 1652 3475 [σί.

64 3480 270 3554 εὖροι].
301 3483 477 3548 Τόπος
505 3485 563 3538 δὲ
591 3486 688 3540 τοῦ
727 3487 820 3543 νοῦ
854 3491 1059 3562 ἐστινὴ
1100 3493 1292 3566 ἀρετὴ,
1325 3495 1420 3549 καὶ
1447 3498 1480 3567 ή
1514 3499 1658 3567 γνῶ-

66 3588 183 3637 σις,
223 3574 317 3626 καὶ
353 3574 382 3626 6
416 3574 578 3642 φόϐος
606 3575 701 3630 τοῦ
727 3577 886 3634 Θεοῦ.
929 3580 987 3634 Ὀ
1010 3581 1068 3634 δὲ
1121 3581 1438 3652 θαυμαστὸς
1497 3587 1654 3640 Ἀπό-

66 3662 258 3730 στολος
294 3665 498 3738 σφόδρα
528 3669 808 3739 νηφόντως
832 3672 928 3726 καὶ
959 3673 1227 3742 γενναίως
1252 3677 1654 3750 ἀγωνιζόμενος

64 3755 289 3826 ἔλεγεν·
337 3759 442 3812 Ἐν
481 3761 660 3829 σαρκὶ
710 3764 822 3832 γὰρ
857 3765 1363 3835 περιπατοῦντες,
1401 3772 1472 3823 οὺ
1504 3773 1655 3826 κατὰ

62 3847 269 3918 σάρκα
293 3854 755 3922 στρατευόμεθα.
795 3856 869 3910 Τὰ
890 3859 998 3926 γὰρ
1023 3857 1185 3912 ὅπλα
1211 3858 1320 3928 τῆς
1339 3863 1655 3929 στρατείας

59 3941 240 4012 ἡμῶν
301 3946 374 3998 οὐ
423 3937 707 4014 σαρκικὰ,
754 3950 917 4004 ἀλλὰ
962 3949 1194 4006 δυνατὰ
1225 3953 1305 4018 τῷ
1337 3953 1460 4020 Θεῷ
1503 3956 1654 4023 πρὸς

59 4033 420 4102 καθαίρεσιν
458 4037 888 4108 ὀχυρωμάτωνο
928 4043 1262 4111 λογισμοὺς
1302 4047 1656 4117 καθαιροῦν-

59 4141 188 4192 τες,
221 4125 320 4179 καὶ
349 4125 474 4182 πᾶν
498 4128 715 4199 ὕψωμα
747 4132 1146 4203 ἐπαιρόμενον
1172 4137 1322 4191 κατὰ
1352 4137 1462 4206 τῆς
1503 4139 1652 4210 τνώο

59 4233 223 4283 σεως
252 4219 359 4272 τοῦ
390 4221 538 4275 Θεοῦ
555 4239 569 4253 ·
615 4223 714 4276 καὶ
747 4226 1284 4295 αἰχμαλωτίζοντες
1305 4229 1431 4285 πᾶν
1457 4234 1656 4302 νόημα

59 4312 156 4375 εὶς
187 4308 302 4378 τὴν
327 4312 613 4382 ὑπακοὴν
662 4315 772 4370 τοῦ
812 4318 1074 4384 Χριστοῦ
1100 4334 1113 4346 ·
1169 4321 1271 4375 καὶ
1321 4321 1392 4375 ἐν
1441 4323 1656 4394 ἑτοίμῳ

59 4402 315 4472 ἔχοντες
346 4403 663 4474 ἐκδικῆσαι
688 4407 896 4464 πᾶσαν
923 4411 1256 4478 παρακοήν.
1289 4413 1414 4468 Ἐὰν
1438 4410 1530 4469 οὖν
1560 4416 1656 4470 καὶ

61 4495 130 4547 σὺ
169 4495 380 4567 μιμήσῃ
431 4498 558 4561 τοὺς
599 4500 809 4568 ἁγίους,
849 4502 942 4556 καὶ
977 4503 1232 4574 ὲμπὸνως
1264 4507 1533 4580 σχολάσῃς
1578 4510 1656 4582 τῷ
1686 4513 1734 4573 D

59 4584 209 4654 Θεῷ,
244 4587 344 4661 ἔσῃ
366 4590 696 4660 νηφὸμενος.
708 4610 720 4632 ι

139 4676 226 4732 ιϐ’.
255 4680 365 4733 Καὶ
387 4681 415 4733 6
458 4682 709 4754 Ἀδελφὸς
733 4681 855 4740 εἷπε
879 4703 892 4717 ·
924 4688 1033 4742 Καὶ
1058 4689 1112 4742 τί
1129 4689 1327 4758 ὤφειλέ
1355 4709 1438 4754 τις
1456 4699 1651 4763 ποιεῖν,

56 4771 271 4842 Πάτερ,
309 4773 400 4827 ἵνα
430 4775 796 4842 ἀδιαλείπτως
823 4779 1028 4852 δυνηθῇ
1063 4782 1348 4852 σχολάζειν
1390 4785 1467 4856 τῷ
1495 4788 1650 4858 Θεῷ;

58 4865 178 4917 Καὶ
226 4867 498 4938 ἀπεκρίθη
548 4871 576 4922 ὁ
617 4870 815 4940 γέρων·
877 4873 1166 4928 Ἀδύνατον
1196 4875 1258 4928 τὸ
1282 4877 1407 4930 νοῦν
1433 4880 1654 4947 τελείως

62 4954 331 5026 σχολάσαι
352 4956 429 5028 τῷ
464 4958 604 5042 Θεῷ,
630 4961 725 5014 tam
757 4962 832 5032 μὴ
863 4964 960 5028 τὰς
985 4969 1136 5036 τρεῖς
1156 4967 1359 5032 ταύτας
1382 4973 1652 5043 κτήσηται

59 5048 270 5118 ἀρετάς
295 5065 309 5078 ·
344 5049 444 5120 τὴν
479 5037 699 5124 ἀγάπην
732 5054 894 5124 λέγω,
937 5058 1030 5110 καὶ
1059 5060 1158 5128 τὴν
1183 5037 1510 5133 ἐγκράτειαν
1546 5037 1652 5121 ’καὶ

60 5141 166 5212 τὴν
191 5143 525 5213 προσευχήν.
571 5144 638 5197 Ἦ
672 5146 770 5214 μὲν
804 5149 912 5218 γὰρ
938 5149 1150 5220 ἀγάπη,
1197 5153 1398 5224 ἡμεροῖ
1426 5157 1518 5210 τὸν
1558 5159 1652 5212 ου-

65 5233 170 5300 μόν
189 5249 204 5263 ·
238 5234 272 5303 ἡ
295 5233 352 5287 δὲ
377 5235 672 5306 ἐγκράτεια
699 5237 796 5308 (a),
834 5242 1086 5311 μαραίνει
1110 5244 1207 5315 τὴν
1242 5248 1541 5320 ἐπιθυμίαν
1564 5268 1579 5283 ο
1613 5252 1647 5323 ἡ

63 5322 123 5378 δὲ
158 5326 458 5398 προσευχὴ,
500 5329 722 5400 χωρίζει
749 5331 840 5387 τὸν
874 5333 998 5388 νοῦν
1048 5336 1265 5393 πάντων
1301 5340 1410 5394 τῶν
1442 5344 1647 5412 νοημάο

134 5464 183 5539 ξε
205 5463 318 5520 Jac.
352 5483 426 5532 ιν,
461 5469 513 5522 7.
620 5469 664 5502 ³³
692 5471 837 5527 Psal.
868 5489 978 5539 Llll,
1012 5475 1065 5531 9.

60 5533 188 5591 3-6.

139 5647 223 5720 (a)
274 5649 436 5734 Quod
459 5653 553 5709 hic
584 5657 879 5734 peculiaris
903 5659 1080 5715 virtus
1107 5660 1334 5728 dicitur,
1359 5664 1477 5734 ipsa
1507 5683 1652 5722 mar-

67 5735 307 5797 cescere
336 5722 564 5797 faciens,
584 5722 980 5797 fedomansque
1004 5744 1070 5784 ac
1099 5722 1396 5788 macerans'
1438 5751 1647 5792 concu-

78 5791 424 5863 piscentiam,
482 5795 621 5852 nihil
692 5797 841 5856 aliud
890 5791 974 5856 est
1044 5815 1207 5871 quam
1255 5803 1524 5872 ieiunium
1558 5791 1646 5865 “et

1165 5475 1210 5507 ⁶⁰
1247 5477 1269 5532 ι
1301 5479 1448 5535 Pctr.
1477 5498 1533 5548 v,
1571 5484 1622 5539 8.

1723 5484 1767 5520 ¹⁸¹
1818 5486 2010 5542 Matth.
2043 5504 2190 5560 xxvi,
2236 5489 2326 5546 41.

1777 575 1936 620 estote
1962 568 2102 635 Deo;
2125 571 2348 625 resistite
2373 582 2551 627 autem
2575 574 2804 640 diabolo,
2833 584 2882 630 et
2909 577 3072 648 fugiet
3093 595 3123 632 ιι
3146 579 3284 634 vobis
3308 581 3370 616 ³⁸⁸·

1777 656 2062 727 Siquidem
2090 661 2279 732 igitur,
2318 664 2397 717 uti
2441 665 2650 720 dictum
2683 676 2787 734 est,
2819 684 3012 724 eorum
3059 686 3181 740 quae
3225 671 3373 727 dicta

1775 759 1906 806 sunt
1934 754 2256 809 memoriam
2285 757 2538 828 pervigili
2571 760 2755 815 animo
2781 762 2969 832 jugem
3000 772 3182 818 tecum
3225 766 3374 836 cogi-

1776 842 2150 915 tationemque
2171 846 2455 914 habueris,
2481 850 2696 905 Domini
2726 868 2954 922 scopum
2979 855 3210 926 ejusque
3235 873 3368 926 apo-

1765 933 2040 994 _stolorum
2081 951 2245 992 nosse
2289 940 2528 1009 poteris;
2566 957 2630 996 ac
2673 943 2927 1000 homines
2970 946 3194 1016 quidem
3239 948 3368 1001 dili-

1771 1041 1936 1097 gere,
1985 1044 2292 1101 eorumque
2327 1031 2551 1088 oll‘cnsae
2595 1035 2884 1102 misereri,
2935 1038 3212 1110 simulque
3237 1056 3368 1095 vero

1770 1118 2048 1176 daemones
2072 1122 2360 1179 charitatis
2391 1134 2529 1180 nutu
2558 1127 2764 1198 jugiter
2790 1128 3113 1200 impugnare
3152 1132 3364 1186 licebit.

1769 1209 1864 1265 Sin
1894 1219 2077 1266 autem
2117 1215 2308 1270 molles
2336 1232 2400 1270 ac
2429 1219 2769 1290 negligentes
2799 1236 3104 1291 segnesque
3141 1239 3354 1285 sumus,

1769 1304 2193 1377 carnalibusque
2241 1310 2616 1381 voluptatibus
2661 1312 2908 1367 animum
2961 1314 3360 1386 immergimus,

1766 1408 1878 1448 non
1904 1395 2016 1466 jam
2051 1396 2364 1466 daemones,
2402 1401 2498 1456 sed
2547 1402 2652 1472 ipsi
2700 1419 2802 1458 nos
2845 1404 3153 1474 fratresque
3184 1405 3363 1475 impu-

1766 1501 1998 1557 gnamus
2024 1506 2038 1542 :
2066 1498 2228 1560 atque
2253 1490 2342 1548 his
2369 1495 2543 1564 magis
2567 1495 2802 1550 colimus
2825 1495 3121 1561 daemones,
3149 1498 3204 1551 in
3229 1514 3366 1568 quc-

1767 1580 1891 1630 rum
1922 1579 2152 1648 gratiam
2190 1579 2245 1634 in
2274 1581 2530 1636 homines
2561 1599 2895 1653 grassamus.

1839 1667 1925 1722 l8.
1954 1667 2045 1722 Ait
2071 1669 2241 1725 frater
2271 1688 2284 1724 :
2310 1671 2388 1726 lta
2414 1687 2473 1727 se
2501 1672 2617 1727 fere
2645 1689 2734 1728 res
2759 1674 2949 1740 habet,
2978 1675 3141 1730 Pater
3169 1693 3180 1728 :
3208 1691 3358 1729 scm-

1766 1773 1868 1828 per
1899 1760 2049 1814 enim
2097 1777 2164 1816 ex
2211 1778 2331 1817 mea
2372 1764 2702 1833 negligentia
2737 1766 3017 1821 daemones
3066 1767 3361 1822 adversum

1770 1864 1858 1903 me
1886 1859 2115 1905 sumunt
2135 1854 2472 1908 occasiones.
2499 1854 2605 1910 Sed
2629 1857 2827 1910 amabo
2854 1866 2926 1922 te,
2953 1857 3146 1923 dicito,
3171 1859 3356 1925 Pater,

1768 1957 1876 2010 qua
1901 1943 2114 1998 ratione
2145 1946 2409 2015 consequi
2432 1945 2595 2001 liceat
2621 1956 2861 2001 mentem
2886 1948 3124 2002 sobriam
3145 1965 3208 2003 ac
3229 1966 3358 2019 per—

1767 2031 2010 2101 vigilem.
2058 2034 2140 2088 Ad
2180 2051 2342 2105 quem
2393 2052 2597 2103 senex,
2644 2039 2924 2109 Abnegata
2971 2041 3153 2094 omnis
3199 2043 3359 2110 plane

1769 2131 2117 2178 terrenorum
2151 2141 2302 2192 cura,
2329 2129 2588 2199 jugisque
2618 2129 2818 2184 divinae
2849 2131 3146 2200 Scriptura:
3177 2132 3359 2186 medi—

1768 2214 1924 2281 tatio,
1954 2217 2008 2270 in
2033 2218 2129 2273 Dei
2161 2220 2414 2274 timorem
2442 2221 2661 2288 ferunt;
2692 2223 2900 2292 Deique
2935 2223 3100 2278 timor
3132 2225 3355 2293 vigilem

1766 2319 1932 2379 atque
1963 2311 2211 2366 sobrium
2239 2320 2459 2381 praestat
2490 2314 2735 2368 animum
2764 2333 2776 2366 :
2817 2315 3012 2383 hisque
3035 2315 3125 2369 ille
3160 2316 3354 2382 fultus,

1764 2407 1954 2462 videre
1987 2408 2182 2478 incipit
2206 2408 2482 2463 daamoues
2517 2410 2916 2479 cogitationum
2950 2411 3066 2464 acie
3092 2410 3236 2464 bello
3272 2410 3356 2466 fa-

1767 2499 2022 2569 tigantes,
2050 2508 2214 2569 atque
2240 2514 2336 2554 eos
2359 2501 2581 2566 ulcisci;
2611 2501 2678 2555 de
2701 2501 2904 2570 quibus
2928 2501 3111 2556 aiebat
3139 2502 3310 2556 David
3337 2519 3352 2555 :

1767 2590 1834 2644 Et
1864 2608 2024 2662 super
2051 2593 2288 2647 inimicos
2334 2610 2471 2646 meos
2512 2592 2742 2662 inspexit
2772 2591 2951 2645 oculus
2988 2609 3134 2646 meus
3175 2593 3238 2646 ’9.
3272 2592 3356 2648 Ad

1765 2681 1910 2736 hanc
1942 2696 2162 2751 quoque
2199 2683 2399 2736 luctam
2435 2684 2632 2737 Petrus
2677 2683 2935 2752 princeps
2979 2684 3354 2752 apostolorum

1765 2772 2066 2842 discipulos
2087 2773 2354 2839 excitans,
2375 2775 2557 2844 ajebat
2583 2792 2596 2827 :
2627 2773 2798 2828 Sobrii
2825 2783 3006 2840 estote,
3033 2784 3083 2828 et
3107 2777 3355 2846 vigilate;

1764 2863 1889 2932 quia
1923 2862 2258 2917 adversarius
2291 2873 2459 2918 vester
2491 2865 2753 2931 diabolus,
2780 2867 2944 2937 376
2981 2877 3237 2938 tanquam
3274 2869 3354 2924 leo

1764 2955 1998 3024 rugiens,
2038 2956 2221 3009 circuit
2268 2973 2509 3026 quarens
2553 2974 2712 3028 quem
2744 2946 2972 3026 devoret,
3012 2962 3094 3013 cui
3130 2963 3354 3016 resistite

1763 3045 1924 3115 fortes
1957 3049 2014 3100 in
2055 3047 2161 3115 ﬁde
2194 3048 2260 3102 ⁴⁰.
2296 3048 2440 3114 Quin
2475 3049 2642 3104 etiam
2684 3051 2951 3107 Dominus
2981 3071 2992 3105 :
3025 3052 3268 3124 Vigilate,
3304 3061 3355 3107 et

1764 3146 1932 3204 orate,
1960 3147 2016 3193 ut
2041 3157 2145 3193 non
2168 3143 2376 3195 intretis
2400 3143 2454 3195 in
2478 3145 2823 3197 tentationem
2850 3144 2918 3196 “.
2944 3144 3048 3198 Sed
3071 3153 3128 3198 et
3159 3145 3352 3199 Eccle—

1763 3230 1958 3286 siastes
1985 3233 2064 3286 ait
2092 3249 2105 3285 :
2135 3229 2192 3286 Si
2213 3233 2430 3302 spiritus
2458 3241 2768 3304 potestatem
2791 3236 3028 3288 habentis
3055 3237 3354 3290 ascenderit

1757 3339 1916 3392 super
1949 3332 2016 3390 te,
2050 3324 2222 3378 locum
2252 3333 2401 3378 tuum
2449 3342 2512 3379 ne
2554 3327 2812 3380 dimiseris
2848 3326 2913 3380 “.
2965 3328 3137 3381 Porro
3182 3328 3353 3384 animi

1757 3415 1933 3478 locus,
1961 3417 2142 3471 virtus
2177 3424 2261 3473 est
2304 3425 2361 3472 et
2389 3417 2645 3481 scientia,
2681 3434 2744 3473 ac
2789 3419 2954 3473 timor
2997 3419 3114 3474 Dei.
3163 3419 3352 3474 Admi-

1758 3507 1966 3562 randus
1994 3517 2178 3563 autem
2211 3508 2530 3580 Apostolus,
2552 3510 2734 3566 sobrie
2765 3511 3060 3566 admodum
3095 3520 3351 3568 strenue-

1757 3613 1866 3669 que
1911 3599 2223 3665 decertans,
2271 3600 2454 3656 aiebat
2483 3619 2496 3656 :
2521 3601 2586 3656 In
2625 3619 2785 3656 carne
2815 3605 2954 3656 enim
2996 3603 3348 3672 ambulantes,

1757 3706 1862 3743 non
1891 3691 2183 3758 secundum,
2203 3708 2418 3746 carnem
2456 3692 2764 3748 militamus.
2794 3693 2934 3748 Nam
2964 3711 3118 3748 arma
3148 3695 3352 3752 militia:

1756 3787 1952 3834 nostra:
1994 3796 2097 3833 non
2130 3779 2376 3834 carnalia
2408 3789 2554 3845 sunt,
2585 3782 2676 3834 sed
2713 3783 2950 3852 potentia
2980 3783 3090 3836 Deo
3135 3785 3206 3838 ad
3255 3785 3349 3838 de-

1753 3870 2096 3926 structionem
2125 3870 2513 3933 munitionum;
2540 3869 2760 3923 consilia
2787 3871 3132 3936 destruentes,
3165 3882 3214 3926 et
3237 3891 3350 3927 om-

1755 3978 1876 4016 nem
1912 3959 2246 4014 altitudinem
2293 3958 2631 4013 extollentem
2678 3976 2734 4014 se
2779 3961 3028 4014 adversus
3073 3963 3348 4017 scientiam

1753 4051 1885 4117 Dei;
1921 4051 2046 4105 etin
2077 4051 2436 4121 captivitatem
2466 4049 2757 4120 redigentes
2788 4068 2994 4105 onmem
3021 4053 3347 4108 intellectum

1752 4144 1808 4198 in
1841 4141 2142 4212 obsequium
2167 4141 2403 4195 Christi:
2431 4150 2478 4194 et
2519 4143 2573 4194 in
2598 4151 2843 4212 promptu
2879 4143 3125 4198 habentes
3166 4143 3347 4200 ulcisci

1755 4249 1961 4287 omnem
1988 4232 2394 4286 inobedientiam
2417 4231 2482 4286 "'.
2507 4232 2564 4286 Si
2593 4232 2761 4303 igitur
2796 4242 2854 4287 tu
2875 4250 3096 4304 quoque
3127 4243 3348 4292 sanctos

1754 4325 2002 4381 imitatus
2045 4325 2238 4392 fueris,
2283 4326 2684 4397 opcrosiusquc
2731 4327 2846 4383 Deo
2877 4328 3180 4396 vacaveris,
3214 4329 3346 4401 vigil

1753 4426 1919 4489 atque
1951 4417 2172 4474 sobrius
2201 4417 2336 4474 eris.

1826 4705 1912 4761 19.
1944 4705 2145 4777 Aitque
2186 4707 2399 4764 frater:
2430 4708 2706 4776 Quidnam
2739 4725 2893 4775 vero,
2919 4711 3102 4792 Pater,
3147 4710 3347 4782 aliquis

1755 4797 2001 4855 facturus
2022 4801 2112 4864 sit,
2139 4810 2198 4856 ut
2226 4802 2446 4857 assidue
2469 4804 2582 4858 Deo
2609 4819 2804 4860 vacare
2834 4804 3046 4874 possit?
3073 4804 3152 4859 Ad
3180 4820 3346 4876 quem

1754 4906 1923 4946 senex
1957 4893 2143 4947 :Fieri
2192 4910 2305 4948 non
2357 4903 2542 4965 potest
2590 4904 2649 4950 ut
2698 4896 2915 4951 animus
2960 4897 3198 4966 perfecte
3234 4899 3346 4952 Deo

1752 4988 1930 5047 vacet,
1960 4981 2066 5036 nisi
2100 4992 2210 5037 tres
2243 4983 2376 5038 istas
2407 4985 2639 5039 virtutes
2670 4986 2982 5054 paraverit;
3023 5001 3218 5054 nempe
3258 4986 3346 5040 di-

1751 5071 2068 5141 lectionem,
2101 5075 2490 5130 abstinentiam
2535 5077 2654 5148 (seu
2699 5077 2994 5147 jejunium)
3038 5084 3094 5130 et
3135 5077 3345 5131 oratio-

1750 5178 1900 5218 nem.
1936 5164 2169 5220 Dilectio
2198 5167 2347 5221 enim
2393 5166 2531 5221 iram
2578 5168 2734 5222 lenit.
2782 5168 3062 5238 Jejunium
3097 5183 3192 5223 seu
3217 5168 3346 5222 abs-

1755 5256 1988 5312 tinentia
2025 5258 2382 5328 cupiditatem
2417 5259 2639 5314 edomat
2677 5269 2841 5330 atque
2868 5269 3136 5326 macerat;
3169 5259 3345 5314 oratio

1755 5349 1824 5405 ab
1863 5351 2124 5405 omnibus
2166 5351 2438 5406 abstrahit
2481 5353 2924 5424 cogitationibus,
2976 5352 3188 5421 ipsique
3233 5351 3344 5405 Deo

2435 5492 2480 5522 "
2518 5490 2702 5547 Ecclc.
2734 5506 2789 5557 κ,
2821 5490 2876 5544 4.
2980 5489 3024 5520 ⁸³
3059 5488 3103 5542 ll
3129 5451 3252 5543 (ἔον.
3287 5504 3341 5555 x,

1758 5674 2127 5752 abstinentia;
2169 5694 2292 5752 quae
2339 5679 2520 5752 virtus
2567 5679 2924 5752 potissimum
2971 5678 3190 5751 corpori
3226 5694 3342 5738 me-

1755 5745 1938 5814 detur,
1971 5757 2108 5805 utet
2137 5745 2316 5807 oratio
2336 5750 2542 5806 animo.
