3876 6314
470 325 577 383 εει
1584 324 1597 341 ’
1627 312 1690 372 S.
1729 303 2016 370 MAXIMI
2055 295 2573 371 CONFESSORIS
3649 280 3765 345 νει

464 433 675 490 nudum
714 428 880 487 sistit.
913 426 1008 485 lite
1035 425 1204 498 igitur
1231 431 1347 481 tres
1373 421 1627 487 virtutes,
1657 425 1886 476 cunctas
1912 415 2049 471 alias
2076 417 2110 476 Α

2212 427 2280 474 ›ν,
2299 407 2407 498 οιαὶ
2442 404 2593 477 αὐτῷ
2610 401 2775 460 αὐτὸν
2794 400 3093 474 παρίστησι
3122 394 3342 469 γυμνὸν
3366 392 3451 465 τῷ
3478 389 3632 462 θεῷ.
3660 384 3762 491 Ab-
3844 440 3845 443 η

467 526 699 579 virtutes
725 484 1186 591 complectamur,
1217 533 1285 573 ac
1315 517 1421 575 nisi
1460 516 1569 572 illis
1609 513 1780 571 fultus
1807 510 2043 575 animus,

2212 518 2237 553 .t
2264 493 2360 553 οὖν
2380 498 2438 552 αἱ
2464 497 2614 568 τρεῖς
2638 494 2856 567 ἀρεταὶ,
2881 484 3404 561 συμπεριληπτικαὶ
3426 484 3547 536 εἱσι
3573 484 3762 534 πασῶν

466 616 581 671 Deo
608 628 803 670 vacare
828 628 939 668 non
969 620 1170 683 potest.

2212 592 2260 644 iv
2289 588 2501 661 ἀρετῶν
2522 604 2538 621 ⁸
2563 587 2659 642 καὶ
2684 587 2816 643 ἀνευ
2844 584 3050 640 τούτων
3076 581 3107 635 6
3126 579 3259 644 νοῦς
3279 578 3345 633 οὐ
3367 575 3613 631 δύναται
3643 587 3765 643 σχει-

2149 679 2335 747 λάξειν
2366 679 2445 750 τῷ
2474 676 2617 749 Θεῷ.

537 784 626 838 20.
662 782 754 840 Ait
788 783 956 839 frater
982 798 995 835 :
1026 781 1199 854 Rogo,
1226 782 1408 845 Pater,
1433 787 1494 836 ut
1516 779 1723 835 discam
1744 792 1812 833 ex
1839 783 1914 842 te,
1943 790 2052 846 qua

2223 779 2295 827 κ’.
2326 772 2491 827 Καὶό
2540 766 2798 838 ’Δδελφδς
2842 765 2959 824 εἷπε
2986 780 3001 795 ·
3039 757 3359 834 Παρακαλῶ
3418 773 3508 821 σε,
3563 755 3764 826 Πάτερ,

470 877 679 931 ratione
699 876 923 931 dilectio
951 876 1087 929 iram
1114 847 1286 929 leniat
1310 881 1366 927 et
1398 868 1736 941 mitiget.’Ad
1770 883 1932 938 quem
1962 881 2054 922 se-

2212 865 2375 929 ιθεῖν,
2414 863 2531 927 πῶς
2568 863 2602 933 ἡ
2661 860 2850 934 ἀγάπη
2900 859 3099 928 ήμεροῖ
3126 855 3219 907 τὸν
3250 850 3460 922 θυμόν.
3511 848 3636 902 Καὶ
3664 847 3767 900 ἀπ-

472 985 576 1021 nex
598 987 609 1020 :
630 967 768 1032 Quia
788 966 1000 1020 scilicet
1021 967 1142 1036 ejus
1158 971 1243 1020 est
1260 962 1538 1026 misereri,
1558 959 2055 1031 inque;proximum

2212 944 2350 1031 :pibq
2378 959 2407 1011 6
2429 956 2631 1027 γέρωνο
2668 951 2891 1021 Ἐπειδὴ
2912 949 3029 1021 ἔχει
3067 947 3127 1002 τὺ
3156 947 3352 1010 ἐλεεῖν,
3380 943 3489 996 καὶ
3513 941 3585 994 τὸ
3614 942 3765 1009 εὐερ-

472 1058 738 1114 beneiicia
771 1055 1043 1119 conferre,
1072 1061 1130 1109 et
1156 1053 1222 1109 ad
1250 1053 1403 1107 illum
1431 1052 1612 1105 lenem
1637 1030 1756 1104 esse
1783 1061 1847 1100 ac
1871 1045 2058 1115 longa—
2096 1040 2101 1043 ’

2212 1030 2336 1101 ετεῖν
2364 1045 2455 1099 τὸν
2497 1041 2726 1114 πλησίον
2750 1056 2765 1072 ⁸
2805 1038 2899 1094 καὶ
2928 1039 2993 1092 τὸ
3028 1034 3411 1108 μακροθυμεῖν
3460 1030 3559 1086 ἐπ’
3587 1030 3765 1091 αὑτὸν,

473 1152 698 1213 nimcm,
726 1149 1011 1216 illatasque
1041 1146 1109 1201 ab
1136 1160 1202 1200 eo
1232 1144 1481 1215 injurias,
1515 1150 1577 1197 ut
1620 1140 1820 1210 saepius
1849 1137 2057 1193 dictum

2212 1140 2255 1192 t‘.
2278 1136 2338 1190 τὸ
2363 1134 2655 1207 ὑπομένειν
2679 1135 2749 1188 τὰ
2775 1132 2867 1187 ὑπ’
2889 1130 3055 1184 αὐτοῦ
3087 1125 3439 1196 ὲπαγόμενα,
3461 1122 3545 1187 ὥς
3568 1122 3761 1175 τω).ὶά-

474 1251 578 1305 est,
613 1242 884 1310 patienter
914 1215 1077 1293 ierre.
1108 1238 1234 1292 llaec
1267 1251 1399 1305 ergo
1433 1249 1557 1289 cum
1589 1231 1810 1286 dilectio
1835 1228 2057 1292 habeat,

2212 1247 2251 1290 ις
2275 1229 2596 1299 εἰρήκαμεν.
2630 1224 2816 1280 Ταῦτα
2863 1218 2956 1277 οὗν
2983 1220 3183 1292 ἔχουσα
3219 1220 3253 1288 ὴ
3306 1216 3535 1287 ἀγάπη,
3572 1215 3763 1284 ἡμερὰ

478 1306 626 1405 ejus,
652 1334 742 1402 qui
780 1333 871 1385 illa
919 1332 1223 1385 instructus
1256 1327 1347 1392 sit,
1390 1326 1528 1380 iram
1569 1323 1705 1379 lenit
1737 1330 1795 1376 et
1827 1320 2058 1389 mitigat.

2212 1336 2253 1373 ιν
2294 1320 2464 1391 θυμὸν
2514 1318 2609 1373 τοῦ
2658 1317 2997 1388 κεκτημένου
3034 1311 3229 1382 αὐτήν.
3266 1308 3383 1363 Καὶ
3434 1310 3468 1361 6
3513 1306 3765 1376 ’Δδελῆδς

480 1423 618 1476 Tum
655 1420 869 1474 frater:
915 1419 1035 1473 Non
1082 1418 1277 1488 exigua
1323 1422 1452 1470 sunt
1495 1412 1616 1483 ejus
1662 1422 1891 1465 munera
1922 1424 1936 1460 :
1966 1405 2063 1461 sed

2212 1412 2318 1467 ἶπε·
2350 1413 2427 1466 Οὐ
2487 1411 2665 1484 μικρά
2715 1409 2786 1463 τά
2834 1407 2972 1479 ἔργα
3000 1404 3205 1474 αὐτῆς·
3242 1401 3382 1455 ἀλλά
3436 1399 3717 1471 μακάριος
3743 1399 3768 1449 6

481 1512 675 1567 beatus
723 1509 810 1564 cui
863 1509 1024 1563 licuit
1073 1487 1193 1562 eam
1245 1503 1494 1575 adipisci.
1547 1503 1661 1573 Ego
1706 1514 1838 1555 sane
1888 1496 1958 1551 ab
1999 1511 2093 1563 ea‘

2212 1507 2460 1577 ινάμενος
2481 1502 2791 1576 κτήσασθαι
2828 1500 3022 1569 αὑτήν.
3066 1495 3211 1564 Ἐγὼ
3245 1493 3307 1546 δὲ
3338 1492 3525 1553 ὅντως
3557 1487 3767 1561 μαιρῇ

482 1603 675 1674 procul
710 1609 955 1656 remotus
984 1613 1127 1654 sum.
1156 1598 1450 1659 Caeterum,
1482 1609 1636 1662 rogo,
1671 1592 1857 1655 Pater,
1893 1597 1955 1644 ut
1986 1587 2087 1642 di—-

2212 1604 2283 1672 ἱμι
2316 1598 2409 1653 ἀπ’
2442 1597 2636 1668 αὐτῆς.
2666 1593 2815 1663 Πλὴν
2857 1587 3167 1661 Παρακαλῶ
3208 1602 3293 1652 σε,
3342 1583 3555 1654 πάτερ,
3606 1581 3768 1634 εἰπεῖν

482 1708 576 1751 eas
605 1693 738 1763 quid
765 1692 839 1748 sit
868 1688 1246 1762 μακροθυμεῖν
1270 1689 1394 1756 (nos
1418 1683 1670 1740 dicamus
1696 1678 2070 1753 longanimiter

2212 1707 2286 1753 οι,
2311 1687 2366 1742 τί
2388 1688 2506 1741 ἐστι
2533 1685 2596 1739 τδ
2620 1681 3020 1756 μακροθυμεῖν.

484 1797 642 1853 egere
670 1781 893 1850 lenique
918 1777 1182 1849 patientia
1210 1776 1376 1844 esse).
2102 1765 2149 1825 Β

553 1873 644 1927 2|.
678 1849 982 1942 Respondit
1011 1884 1181 1925 senex
1212 1885 1227 1922 :
1257 1866 1466 1937 Nempe
1509 1863 1639 1920 forti
1673 1863 1857 1919 animo
1886 1861 1942 1915 in
1971 1857 2073 1915 ad—

2247 1868 2356 1925 κα’.
2390 1867 2502 1923 Καὶ
2535 1862 2812 1936 ἀπεκρίθη
2838 1862 2869 1916 6
2895 1859 3076 1932 γέρων
3097 1873 3113 1889 ο
3145 1855 3224 1912 Τδ
3256 1852 3644 1926 ἐγκαρτερεῖν
3662 1849 3774 1942 τοῖς

484 1963 661 2019 versis
685 1977 826 2026 esse,
855 1976 919 2015 ac
948 1959 1089 2014 mala
1115 1956 1411 2022 sustinere,
1445 1953 1877 2023 tentationisque
1902 1963 2087 2021 oppe-.

2212 1963 2391 2024 εινοῖς,
2422 1960 2517 2012 καὶ
2546 1957 2607 2011 τὸ
2641 1952 2939 2025 ὑπομένειν
2962 1947 3212 2020 πονηρά’
3242 1946 3345 2002 καὶ
3378 1944 3447 1998 τὸ
3490 1940 3771 2013 ἀναμένειν

490 2042 587 2110 riri
634 2053 821 2118 tinem,
861 2068 966 2108 nec
1002 2052 1143 2106 iram
1186 2060 1396 2105 temere
1421 2048 1690 2120 proferre,
1732 2054 1830 2101 aut
1865 2058 2077 2099 sermo-

2212 2054 2238 2108 δ
2266 2051 2419 2116 τέλος
2437 2050 2532 2104 τοῦ
2560 2043 2894 2118 πειρασμοῦ,
2927 2043 3024 2096 καὶ
3054 2040 3115 2095 τὸ
3138 2038 3215 2110 μὴ
3241 2036 3478 2105 ἐξάγειν
3502 2033 3685 2105 suam
3710 2031 3775 2093 ὥς

493 2161 617 2202 nem
663 2145 813 2213 loqui
847 2144 902 2198 in
952 2141 1291 2213 insipientia,
1335 2140 1423 2194 vel
1452 2137 1719 2209 suspicari
1749 2133 1956 2205 aliquid
1984 2139 2082 2189 aut

2212 2161 2359 2216 τυχε,
2382 2141 2516 2213 μηδὲ
2537 2140 2693 2208 λόγον
2710 2137 2893 2193 λαλεῖν
2915 2136 2974 2188 ὲν
3009 2129 3315 2203 ἀφροσύνῃ,
3356 2126 3506 2197 μηδὲ
3521 2215 3531 2216 7

491 2235 765 2305 cogitare,
822 2231 970 2302 quod
1018 2232 1202 2285 virum
1252 2208 1571 2298 religiosum
1620 2223 1804 2278 minus
1850 2221 2078 2287 deceat,

2218 2254 2235 2291 t
2323 2208 2525 2288 ἐννοεῖν
2546 2229 2657 2283 τῶν
2686 2229 2764 2300 μὴ
2786 2223 3104 2297 πρεπόντων
3122 2216 3396 2280 θεοσεϐεῖ,
3423 2213 3626 2279 καθὼς
3645 2208 3774 2266 sim

492 2324 954 2412 quemadmodum
983 2323 1060 2378 ait
1088 2321 1370 2391 Scriptura
1394 2337 1408 2373 :
1441 2317 1613 2389 Usque
1637 2316 1706 2371 ad
1731 2323 1935 2385 tempus
1963 2328 2082 2366 sus-

2212 2349 2217 2398 ι
2249 2325 2441 2396 Γραφή
2465 2340 2479 2352 ·
2516 2323 2672 2388 Ἕως
2690 2319 2902 2389 καιροῦ
2930 2317 3248 2381 ἀνθέξεται
3266 2312 3677 2384 μακρόθυμῡς
3696 2308 3774 2377 (ι),

492 2417 675 2473 tinebit
709 2415 814 2469 leni
852 2406 1112 2485 patientia
1147 2412 1309 2483 377
1344 2411 1446 2474 vir,
1480 2417 1530 2462 et
1554 2415 1733 2479 postea
1766 2411 2006 2475 erumpet
2039 2404 2087 2458 ei

2212 2417 2286 2475 ιαὶ
2314 2417 2573 2484 ὕστερον
2595 2409 2895 2470 ἀναδώσει
2920 2408 3081 2474 αὐτῷ
3104 2407 3501 2480 εὐφροσύνη·
3536 2405 3652 2468 ἓως
3673 2420 3776 2455 ιω-

486 2507 797 2576 jucunditas
846 2524 864 2562 :
907 2521 1069 2578 usque
1110 2507 1166 2558 in
1216 2512 1421 2574 tempus
1457 2501 1614 2555 verba
1660 2498 1990 2569 comprimet,
2036 2502 2088 2549 et

2212 2508 2296 2564 ›οῦ
2332 2508 2550 2576 κρύψει
2573 2504 2716 2571 τοὺς
2737 2504 2962 2573 λόγους
2992 2498 3181 2578 αὐτοῦ
3201 2515 3217 2529 ·
3270 2496 3376 2551 καὶ
3410 2496 3604 2565 χείλη
3656 2494 3779 2546 πλ-

498 2599 786 2655 multorum
812 2598 954 2654 labia
982 2597 1311 2652 enarrabunt
1342 2595 1456 2666 ejus
1483 2591 1823 2664 prudentiam
1844 2588 1910 2643 “.

563 2786 657 2841 ιιι.
695 2784 823 2840 “me
869 2783 1036 2854 igitur
1073 2776 1507 2850 longanimitatis
1539 2774 1705 2847 (lenis
1735 2773 1951 2828 scilicet
1994 2786 2091 2840 pa-

502 2873 731 2945 tientia)
776 2872 977 2929 indicia
1019 2876 1149 2926 sunt
1186 2886 1200 2922 :
1233 2882 1414 2938 neque
1461 2864 1517 2920 id
1549 2863 1735 2930 modo,
1771 2861 1867 2917 sed
1908 2870 1965 2916 et
2008 2874 2095 2914 sc-

504 2967 686 3037 ipsum
726 2963 1052 3019 teutationis
1085 2975 1308 3015 causam
1348 2956 1687 3020 existimare,
1720 2954 1840 3025 ejus
1873 2951 2096 3006 virtutis

492 3066 591 3115 .est
620 3057 927 3130 proprium.
965 3054 1294 3109 Fortevero
1322 3050 1489 3105 etiam
1532 3047 1615 3102 sic
1654 3060 1714 3101 se
1761 3058 1849 3099 res
1891 3042 2089 3108 habet;

507 3151 657 3223 quod
683 3165 876 3221 magna
902 3162 1029 3217 pars
1061 3160 1276 3210 eorum,
1307 3157 1429 3213 quas
1461 3140 1623 3196 nobis
1650 3138 1935 3201 eveniunt,
1965 3133 2095 3190 inde

508 3241 761 3298 accidant
803 3248 865 3294 ut
902 3239 1011 3292 illis
1055 3238 1389 3308 castigemur
1426 3250 1490 3290 ac
1532 3230 1879 3294 erudiamur,
1913 3243 1978 3284 ac
2008 3226 2096 3282 vel

509 3331 786 3403 praeterita
822 3328 1020 3384 delicta
1050 3327 1332 3391 tollantur,
1358 3324 1446 3380 vel
1476 3337 1585 3393 qua
1616 3330 1900 3390 torpemus
1927 3318 2101 3389 negli-

512 3422 694 3494 gentia
733 3419 1082 3486 emendetur,
1128 3426 1224 3474 aut
1264 3417 1505 3487 denique
1532 3424 1596 3470 ut
1624 3413 1826 3468 futuris
1860 3410 2100 3482 peccatis

511 3514 602 3568 via
638 3511 1025 3583 praecludatur.
1057 3508 1161 3577 Qui
1210 3508 1378 3580 igitur
1422 3506 1609 3560 animo
1646 3509 1865 3573 reputat
1905 3517 1974 3555 ex
2013 3500 2100 3557 his

515 3603 737 3673 aliquod
768 3603 822 3656 in
857 3617 1022 3656 causa
1061 3616 1204 3665 esse,
1235 3615 1336 3655 cur
1362 3597 1597 3653 tentatio
1625 3611 1763 3652 .eum
1801 3593 2098 3663 exceperit,

516 3693 829 3765 vapulando
874 3709 985 3749 non
1026 3692 1370 3763 indignatur,
1404 3689 1713 3761 praesertim
1742 3701 1865 3741 cum
1899 3695 1957 3741 et
1985 3685 2104 3755 ipse

517 3788 625 3844 sibi
660 3788 869 3858 peccati
912 3787 1169 3842 conscius
1203 3785 1275 3841 sit
1310 3801 1324 3839 :
1362 3798 1470 3839 nec
1501 3788 1758 3838 causatur
1795 3780 1970 3846 illum,
2004 3793 2107 3849 per

518 3894 684 3950 quem
738 3878 971 3935 tentatio
1026 3875 1228 3932 accidit
1283 3875 1445 3948 (nam
1497 3873 1614 3930 sive
1660 3874 1798 3938 hoc,
1833 3872 1950 3926 sive
1998 3870 2108 3927 alio

519 3997 744 4053 operam
778 3981 1118 4045 conferente,
1149 3979 1462 4034 divinorum
1501 3977 1838 4048 judiciorum
1877 3973 2107 4028 calicem

521 4073 748 4128 omnino
779 4072 971 4127 bibere
1015 4085 1144 4126 eum
1187 4066 1477 4140 oportuit),
1515 4065 1609 4122 sed
1643 4065 1701 4120 in
1733 4065 1907 4119 Deum
1935 4061 2110 4118 oculis

523 4166 822 4236 animoque
851 4166 1122 4230 intentus,
1151 4163 1202 4218 ei
1242 4161 1446 4234 gratias
1479 4159 1592 4231 agit
1629 4158 1788 4229 cujus
1823 4155 2112 4224 indulgen-

523 4257 599 4311 tia
623 4256 844 4321 accidit,
875 4270 1044 4326 seque
1073 4255 1189 4325 ipse
1215 4253 1422 4323 culpat,
1447 4265 1512 4306 ac
1538 4247 1708 4304 alacri
1734 4246 1919 4302 animo
1947 4242 2114 4300 disci-

524 4345 736 4413 plinam
790 4345 1057 4414 suscipit,
1102 4344 1256 4398 velut
1307 4357 1368 4398 se
1419 4339 1591 4396 David
1630 4338 1685 4393 in
1733 4334 1913 4392 Semei
1949 4335 2018 4403 “,
2048 4349 2145 4393 ac.

527 4437 672 4492 sicut
698 4435 802 4491 Job
833 4434 950 4504 ipse
981 4450 1041 4488 se
1076 4434 1134 4488 in
1177 4449 1368 4499 uxore,
1400 4431 1570 4502 gessit
1593 4429 1659 4483 “.
1703 4427 1974 4498 insipiens
2016 4441 2116 4483 au-
2142 4456 2188 4513 ι)

527 4535 661 4594 tem,
684 4526 822 4596 petit
851 4525 969 4595 ipse
995 4523 1217 4594 quidem
1248 4523 1394 4578 haud
1432 4536 1559 4576 raro
1593 4528 1653 4574 ut
1678 4520 1824 4574 Deus
1849 4518 2113 4574 miserea-

529 4624 658 4683 tur',
686 4613 1122 4672 misericordiam
1167 4623 1349 4670 tamen
1380 4613 1697 4668 venientem
1742 4625 1853 4665 non
1897 4608 2112 4681 recipit,

2187 2574 2316 2652 ᾲιῶν
2351 2574 2519 2668 [sm
2561 2592 2803 2658 πιστῶν,
2855 2574 3123 2665 ﬁdelium]
3155 2585 3611 2657 ἐκδιηγήσεται
3650 2583 3781 2637 σύτ-

2190 2702 2327 2743 εσιν
2361 2686 2572 2741 αὑτοῦ.

2265 2780 2371 2850 κβ’.
2405 2775 2593 2832 Ταῦτα
2622 2769 2715 2829 οὖν
2735 2776 2853 2828 ἐστι
2873 2773 2942 2826 τὰ
2963 2770 3323 2842 γνωρίσματα
3368 2768 3480 2839 τῆς
3531 2765 3786 2840 μακροθυ-

2198 2872 2326 2944 μίας
2344 2887 2358 2901 ’
2397 2870 2458 2923 οὐ
2490 2869 2651 2939 μόνον
2676 2866 2753 2930 δὲ,
2788 2864 2925 2918 ἀλλὰ
2953 2861 3045 2916 καὶ
3079 2858 3417 2929 λογίσασθαι
3438 2858 3648 2913 ἑαυτὸν
3670 2852 3786 2909 εἶναι

2197 2961 2375 3015 αἴτιον
2401 2958 2496 3012 τοῦ
2529 2952 2859 3026 πειρασμοῦ,
2891 2952 2993 3022 τῆς
3026 2947 3426 3021 μακροθυμίας
3460 2947 3623 3000 ἐστὶν
3659 2947 3783 2998 iam.

2201 3055 2363 3116 Ἴσως
2383 3050 2440 3103 δὲ
2466 3050 2562 3104 καὶ
2582 3046 2755 3109 οὕτως
2777 3045 2893 3116 ἔχει
2910 3059 2925 3075 ο
2968 3040 3154 3111 ἐπειδὴ
3195 3039 3268 3092 τά
3316 3037 3506 3091 πολλά
3538 3036 3654 3089 τῶν
3676 3052 3789 3102 συρ-

2200 3143 2496 3198 ϐαινόντων
2525 3141 2680 3210 ἡμῖν,
2706 3136 2842 3208 πρὸς
2874 3133 3158 3188 παίδευσιν
3193 3129 3358 3201 ἡμῶν
3381 3127 3789 3198 ἐπιωμὸαένει,

2197 3237 2232 3309 ἢ
2264 3235 2402 3306 πρὸς
2452 3229 2837 3303 παρελθόντων
2878 3223 3167 3297 ἁμαρτιῶν
3216 3219 3547 3293 ἀναίρεσιν.
3582 3219 3619 3290 ἢ
3673 3216 3789 3287 πρὶς

2199 3325 2504 3396 ἐνεστώσης
2554 3320 2818 3394 ἀμελείας
2866 3316 3173 3390 διόρθωσιν,
3216 3313 3252 3384 ἦ
3288 3313 3439 3383 πρὸς
3501 3311 3788 3381 μελλόντων

2202 3417 2619 3491 ἁμαρτημάτων
2652 3413 2762 3486 [αι.
2807 3404 3340 3481 πλημμελημάτων]
3386 3404 3706 3473 ἀνακοπὴν.
3743 3400 3787 3452 ’0

2202 3508 2295 3569 οὖν
2317 3508 2687 3580 λογιζόμενος,
2716 3506 2800 3559 ὅτι
2847 3502 2915 3557 δι’
2961 3500 3019 3555 ἓν
3064 3498 3271 3552 τούτων
3297 3494 3510 3563 συνέϐη
3559 3497 3590 3548 6
3622 3507 3787 3560 πειρα-

2204 3606 2360 3676 σμὸς,
2385 3603 2485 3654 οὐκ
2515 3597 2816 3667 ἀγανακτεῖ
2850 3592 3213 3662 τυπτόμενος,
3258 3588 3511 3657 μάλιστα
3555 3586 3657 3639 καὶ
3685 3600 3786 3676 συν·

2205 3668 2364 3758 ειδὼς
2409 3690 2590 3762 ἐαυτῷ
2637 3686 2947 3760 ἀμαρτίαςσ
2998 3682 3117 3736 οὐδὲ
3155 3680 3405 3734 αἰτιᾶται
3434 3677 3553 3739 τὸν,
3586 3676 3659 3728 δι’
3695 3668 3786 3727 οὗὲ

2206 3782 2541 3857 πειρασμόςο
2569 3779 2673 3834 κᾶν
2694 3777 2803 3848 γάρ
2833 3775 2902 3829 δι’
2930 3771 3116 3835 αὐτοῦ,
3149 3770 3253 3825 κᾶν
3272 3770 3341 3822 δι’
3369 3766 3566 3830 ἄλλου,
3593 3766 3789 3824 πάντες

2208 3856 2356 3931 πιεῖν
2397 3869 2512 3945 εἶχε
2543 3870 2651 3924 τῶν
2679 3867 2839 3922 θείων
2862 3864 3147 3938 κριμάτων
3164 3861 3227 3915 τὸ
3242 3860 3544 3930 ποτήριον·
3584 3857 3702 3910 ἀλλ’
3726 3856 3788 3915 εἰς

2206 3968 2300 4023 τὸν
2325 3965 2457 4020 Θεὸν
2482 3958 2801 4023 ἀποϐλέπει,
2829 3959 2924 4010 καὶ
2949 3954 3263 4026 εὐχαριστεῖ
3290 3949 3367 4021 τῷ
3399 3948 3787 4018 συγχωρήσαν-

2207 4076 2282 4123 τι,
2320 4055 2414 4110 καὶ
2467 4051 2662 4108 ἑαυτὸν
2719 4049 2984 4111 αἰτιᾶται,
3016 4048 3114 4100 καὶ
3160 4045 3373 4114 δέχεται
3409 4043 3514 4111 τὴν
3556 4038 3790 4092 misse”

2211 4145 2531 4219 προθύμως,
2561 4141 2752 4214 ὥσπερ
2777 4140 2805 4192 6
2831 4138 2998 4192 Aa6‘:8
3029 4136 3122 4190 ἐπὶ
3142 4135 3236 4189 τοῦ
3264 4131 3459 4204 Σεμεῖ,
3493 4137 3596 4183 καὶ
3621 4130 3785 4193 ὥπερ

2209 4240 2240 4294 δ
2260 4216 2396 4292 "res
2425 4233 2520 4290 ιπι
2546 4236 2642 4306 τῆς
2663 4229 2948 4302 γυναικός·
2984 4230 3015 4283 6
3042 4228 3099 4281 δὲ
3127 4228 3339 4297 ἄφρων,
3366 4224 3517 4277 αἰτεῖ
3547 4221 3652 4290 μὲν
3674 4216 3783 4270 πελ.

2211 4329 2371 4394 λάκις
2395 4327 2486 4382 τὸν
2523 4325 2658 4380 Θεὸν
2689 4322 2982 4393 ἐλεηθῆναι
3002 4335 3019 4351 ·
3044 4318 3341 4392 ἐρχόμενον
3371 4315 3432 4369 δὲ
3450 4315 3514 4368 τὺ
3536 4312 3707 4373 ἕλεος,
3732 4307 3783 4359 εὖ

2215 4418 2603 4493 παραδέχεται,
2645 4413 2833 4484 ἐπειδὴ
2865 4411 2966 4483 οὐχ
2995 4409 3075 4472 ὡς
3104 4408 3312 4471 ἐκεῖνος
3346 4404 3569 4477 ἧθελεν,
3604 4398 3782 4473 ἦλθεν·

2220 4513 2336 4569 ἀλλ’
2361 4512 2438 4577 ὡς
2464 4508 2646 4581 ἰατρὸς
2677 4506 2785 4562 τῶν
2811 4504 3001 4576 ψυχῶν
3031 4501 3335 4575 συμφέρειν
3378 4500 3656 4570 ἡγήσατο.
3694 4493 3783 4547 Kl!

2221 4606 2311 4661 διὰ
2338 4602 2498 4658 τοῦτο
2531 4599 2790 4675 ὀλιγωρεῖ
2844 4597 2940 4652 καὶ
2975 4595 3319 4668 θορυϐεῖται·
3370 4592 3473 4647 καὶ
3518 4588 3650 4642 ποτὲ
3684 4585 3782 4657 μὲν»

530 4798 582 4833 ⁸⁸
607 4797 788 4854 Eccle.
825 4813 864 4864 ι,
893 4796 987 4864 29,
1017 4794 1107 4851 50.
1179 4794 1227 4828 ’⁵⁸
1261 4794 1308 4850 Il
1342 4794 1478 4865 Reg.
1508 4808 1620 4858 ινι,
1654 4791 1741 4850 10.
1815 4791 1863 4825 ⁸⁸
1895 4789 2018 4847 Job.
2051 4803 2110 4855 ll,
2139 4785 2228 4843 10.

609 4955 683 5029 (ι)
731 4955 1062 5029 Ἀνθέξεται

536 5026 813 5098 integrum
845 5026 1089 5098 servavit

537 5088 762 5169 Regius,
784 5097 1085 5167 habuitque
1103 5095 1285 5169 Nobil.
1307 5095 1369 5149 In
1395 5088 1657 5169 Mazarin.
1683 5090 1810 5169 c_od.
1833 5088 2121 5169 sequentia

536 5160 788 5225 bre'viata
820 5160 1012 5231 erant;
1036 5183 1141 5222 nec
1177 5167 1312 5221 satis
1339 5180 1407 5219 ex
1436 5163 1576 5219 sacri
1616 5160 1907 5231 scriptoris
1933 5174 2122 5231 sensu,

542 5240 640 5294 καὶ
674 5239 904 5310 ὕστερον
937 5228 1202 5310 ἀναδώσει
1224 5235 1567 5310 τοὺςλλόχους
1601 5228 2121 5310 μετ’ἐὑιρροετιξναης⁸

538 5310 602 5363 τὸ
656 5297 960 5374 ἀνθέξεται,
999 5307 1144 5361 idem
1181 5321 1284 5369 ac,
1334 5297 1613 5368 ἀνέξεταί
1654 5301 1791 5356 dicit
1839 5297 2020 5374 Nobil.
2069 5297 2126 5352 in

541 5378 754 5442 Schol.,
774 5370 868 5433 sed
892 5370 1054 5448 longe
1079 5376 1224 5448 istud
1250 5376 1343 5430 hic
1371 5375 1555 5445 aptius
1568 5388 1632 5428 ac
1652 5370 1972 5448 expressius
2003 5386 2015 5421 :
2042 5377 2127 5448 est

543 5450 691 5505 enim
722 5440 803 5504 sic
827 5440 1113 5509 eohibére,
1156 5440 1420 5515 iramque
1439 5455 1636 5515 tenere
1649 5458 1713 5498 ac
1725 5440 2041 5515 infringere
2070 5446 2130 5515 et

544 5519 843 5575 sustinere.
886 5518 1047 5587 Vulg.
1103 5507 1366 5587 ⁷ἀνάδοσὶς
1405 5513 1743 5587 εὐφροσᾼόνης
1791 5507 1944 5581 legit,
1979 5507 2128 5587 quod

546 5588 813 5657 reddidit,
848 5586 919 5642 Et
948 5578 1138 5657 postea:
1164 5586 1387 5640 redditio
1407 5578 1805 5657 jucunditatis_:
1831 5578 1934 5657 περ
1964 5578 2129 5633 aliter

548 5656 644 5711 hic
665 5657 849 5713 Nobil.
878 5655 1180 5738 καξοζηλίᾳ
1222 5667 1379 5725 puto,

556 5740 796 5794 ponere;
833 5725 981 5792 quod
1030 5720 1168 5780 mihi
1196 5720 1299 5781 nec
1335 5720 1689 5782 Commodum
1733 5720 1889 5785 satis,
1933 5733 2038 5775 uec
2060 5733 2128 5773 ex

1106 4954 1517 5078 {Iaxpddvnoo
1546 4951 1705 5007 Hune
1737 4951 1923 5033 locum
1951 4946 2116 5005 nobis

1164 5064 1178 5078 .
1207 5024 1291 5078 CI.
1323 5023 1499 5078 Ranh.
1529 5022 1778 5078 Dufrenn
1812 5019 1936 5076 cod.
1966 5032 2116 5073 nunc

1164 5064 1178 5078 .
1207 5019 1291 5081 Cl.
1323 5019 1499 5092 Raph.
1529 5021 1778 5092 Dufrenii
1812 5019 1936 5076 eod.
1966 5032 2118 5092 nunc

1453 5653 1604 5709 atina
1626 5666 1725 5706 sua
1742 5650 1954 5706 Gra‘cis
1979 5663 2129 5703 com-
2154 5658 2159 5663 '

2220 4944 2330 5003 fide
2369 4938 2699 5012 interpretis
2726 4931 3286 5012 est.__Unde_Sixtinae
3340 4929 3643 5012 interpres,

2221 4998 2325 5071 nec
2362 4998 2640 5083 ipsesatis
2669 5006 2960 5083 expedite,
3003 5004 3074 5083 Et
3119 5011 3313 5083 postea,
3354 4998 3609 5083 reddetur
3647 5000 3693 5051 ei
3710 4998 3784 5083 ja-

2225 5072 2487 5140 cundiias.
2517 5082 2638 5136 Vox
2665 5072 2951 5135 ἀναδώσει,
2984 5076 3065 5130 sic
3102 5072 3353 5127 absolute
3380 5072 3588 5140 posita.
3618 5078 3785 5140 neutra

2224 5136 2460 5219 est,nec
2480 5136 2656 5207 aliter
2676 5146 3022 5219 exponenda,
3050 5159 3216 5213 quam
3248 5136 3397 5211 quod
3420 5140 3699 5195 Herodoto
3718 5136 3784 5219 di-

2197 5216 2431 5281 ’cuulur
2464 5221 2640 5291 πηγαὶ
2662 5216 2991 5291 ἀναδοῦναιζ
3019 5228 3317 5291 erumpere,
3352 5220 3591 5273 castore,
3640 5216 3786 5289 seet:-

2226 5280 2369 5362 rire;
2398 5301 2462 5349 ut
2487 5280 2637 5363 quod
2658 5290 2762 5345 lsa.
2792 5302 2940 5347 Lvm,
2964 5284 2997 5339 8
3021 5302 3036 5338 :
3057 5280 3202 5363 unc
3228 5280 3783 5363 eruntpctmatatitgl’

2228 5344 2636 5434 ίιῖιπὲηῂῖιῖιῖιξιξ
2675 5344 2989 5434 quanquam
3182 5362 3287 5415 est,
3345 5344 3670 5434 ῥαγῄσὶται.
3700 5344 3781 5434 5ιὲ

2225 5436 2535 5506 elegantius
2565 5419 2956 5506 J_esus_Sir:'ich.
2984 5424 3078 5494 qui
3110 5425 3229 5505 ipse
3272 5419 3502 5506 scripsit
3526 5419 3783 5506 Gram?

2227 5507 2283 5561 in
2315 5492 2425 5573 quo
2464 5503 2675 5573 lumina
2704 5497 2878 5573 Graeci
2918 5492 3214 5573 sermonis,
3248 5492 3356 5573 alia
3381 5493 3547 5573 longe
3562 5504 3719 5572 quam
3743 5498 3779 5535 II

2226 5562 2373 5631 LXX
2404 5572 2731 5631 Senioribus
2766 5586 2780 5621 :
2814 5568 2874 5621 in
2905 5566 3110 5635 quibus
3137 5563 3307 5635 etiam
3332 5562 3616 5616 laboravit
3644 5562 3781 5614 inter

2229 5663 2377 5717 pres,
2403 5654 2467 5702 ut
2493 5658 2604 5699 non
2628 5648 2886 5697 accurate
2907 5632 3096 5692 omnia
3129 5632 3416 5689 redderet.
