3876 6314
94 319 213 383 929

1375 324 1606 385 LIBER
1645 327 2080 389 ASCETICUS.

3250 338 3355 402 913:)

93 433 216 492 τοῖς
279 422 582 497 ἀνθρώποις
631 426 977 499 θυμομαχεϊο
1032 428 1162 483 ποτὲ
1196 429 1272 493 δὲ,
1326 431 1405 495 είς
1437 432 1527 484 τὸν
1557 431 1673 486 Θεδι

1793 451 1858 490 eo
1886 436 2031 506 quod
2058 452 2163 491 non
2201 453 2269 493 co
2300 440 2461 493 modo
2490 455 2550 495 ae
2584 440 2673 496 Ille
2708 441 2900 507 voluit,
2925 445 3105 511 venit;
3145 450 3238 503 sed
3264 467 3377 520 quo

95 519 440 589 βλασφημεῖ’
483 518 575 570 καὶ
625 519 725 586 μὲν
762 534 844 571 τοι
892 519 985 571 καὶ
1013 519 1111 588 τὴν
1156 521 1549 592 ἀγνωμοσύνην
1581 522 1691 575 δει-

94 613 273 673 κνύει,
300 611 392 663 καὶ
421 609 570 680 παρὰ
614 609 807 679 ῥάϐδον
834 610 905 679 (c)
932 611 991 662 οὐ
1024 610 1312 681 λαμϐάνει.

1797 526 2103 580 animorum
2153 529 2401 583 medicus
2444 530 2501 583 in
2552 546 2667 585 rem
2721 534 2969 589 conferre
3022 536 3373 597 existimavit.

1793 616 2161 682 Quamobrem
2225 621 2388 673 etiam
2449 621 2707 691 negligit,
2766 639 2829 677 ac
2893 641 3004 693 pra:
3066 630 3375 688 turbatione

91 708 321 766 aestuat;
368 713 431 753 ac
482 700 646 753 modo
680 700 913 769 quidem
965 702 1022 755 in
1064 702 1315 756 homines
1396 702 1477 758 ira
1551 706 1929 771 excandescit,
2010 706 2173 762 modo
2219 718 2400 764 autem
2450 713 2506 765 in
2555 712 2726 767 Deum
2771 713 2940 769 verba
3023 716 3376 787 blasphemiae

88 792 246 861 jacit,
279 800 441 861 atque
475 793 612 847 adeo
660 794 895 863 improbi
938 797 1104 850 animi
1138 797 1312 851 labem
1345 797 1548 867 prodit,
1580 815 1683 854 nec
1718 809 1916 871 praeter
1941 802 2153 871 virgam
2179 804 2326 858 aliud
2358 806 2573 876 recipit.

168 894 279 953 κγ’.
311 886 419 941 Καί
460 890 490 941 6
533 886 788 957 Ἀδελφδς
828 885 984 941 εἶπε·
1023 892 1219 956 Καλῶς
1264 887 1446 956 εἶπας,
1479 895 1679 966 Πάτερ⁶

93 978 235 1032 ἀλλά
274 979 578 1050 παρακαλῶ
607 981 783 1035 εἰπεῖν
816 1000 906 1052 μοι
933 983 1224 1049 καὶτοῦτο,
1263 984 1378 1049 πῶς
1414 987 1447 1057 η
1477 988 1682 1056 ἐγκρά-

91 1087 218 1122 τεια
248 1070 499 1140 μαραίνει
520 1069 618 1141 τὴν
648 1071 963 1140 ἐπιθυμίαν.
990 1074 1099 1127 Καὶ
1126 1074 1397 1146 ἀπεκρίθη
1424 1078 1452 1128 6
1481 1076 1682 1147 γέρωνο

107 1163 333 1233 Ἐπειδὴ
365 1163 663 1233 ἀπέχεσθαι
695 1167 841 1217 ποιεῖ
870 1162 1107 1230 πάντων,
1130 1165 1238 1220 τῶν
1272 1167 1346 1239 μὴ
1380 1168 1569 1238 χρείαν
1594 1169 1685 1221 ὲκ-

92 1256 477 1327 πληρούντων,
510 1256 625 1310 ἀλλ’
659 1257 852 1328 ἡδονὴν
898 1258 1270 1327 ἐμποιούντων
1292 1277 1307 1291 ο
1340 1262 1435 1313 καὶ
1471 1260 1685 1324 οὐδενὸς

98 1348 353 1418 μετέχειν
392 1350 556 1411 ποιεῖ,
606 1347 746 1416 πλὴν
780 1349 914 1417 πρὸς
942 1349 1002 1400 τὸ
1031 1348 1131 1418 ζῇν
1180 1349 1497 1417 ἀναγκαίων
1524 1365 1537 1379 ·
1562 1348 1682 1402 οὐδὲ

94 1439 165 1493 τά
200 1438 335 1510 ἡδέα
367 1438 604 1505 διώκειν,
643 1438 779 1492 ἀλλά
803 1441 870 1491 τὰ
900 1439 1153 1511 ὠφέλιμα
1176 1456 1190 1469 ⁸
1228 1443 1319 1494 καὶ
1343 1442 1681 1512 συμμετρετν

92 1531 150 1583 δὲ
183 1532 252 1601 τῇ
286 1530 446 1601 χρεία
474 1529 541 1583 τά
567 1527 828 1600 βρώματα
852 1531 944 1583 καὶ
972 1530 1041 1584 τὰ
1071 1530 1316 1599 πόματα⁶
1342 1531 1437 1583 καὶ
1462 1532 1563 1584 οὐκ
1586 1531 1681 1602 ὲᾷν

1861 895 1949 949 25.
1993 894 2061 950 Ει
2109 896 2247 952 dixit
2294 898 2511 952 frater:
2547 898 2721 966 Bene,
2773 901 2951 967 Pater,
3003 902 3223 971 dixisti;
3276 907 3371 961 sed

1788 986 1988 1040 amabo
2028 995 2101 1051 te,
2128 988 2233 1042 hoc
2267 1004 2487 1059 quoque
2521 990 2715 1056 addas,
2749 1008 2985 1061 quonam
3016 995 3179 1048 modo
3208 997 3369 1051 absti-

1788 1078 1979 1133 nentia
2002 1081 2501 1150 concupiscentiam
2532 1094 2771 1137 maceret
2796 1090 2959 1153 atque
2985 1086 3220 1139 edomct.
3262 1088 3365 1141 Rc-

1789 1170 2015 1239 spondit
2057 1187 2269 1226 senex:
2303 1171 2436 1238 Quia
2483 1173 2549 1228 iis
2597 1175 2853 1229 omnibus
2901 1177 3177 1231 abstinere
3218 1178 3368 1241 facit,

1788 1276 1912 1330 quae
1933 1277 2044 1315 non
2068 1270 2197 1316 sunt
2217 1264 2513 1317 necessarii
2537 1280 2688 1327 usus,
2718 1265 2813 1319 sed
2840 1266 3065 1319 delicias
3086 1267 3368 1336 praebent:

1786 1364 1891 1405 nec
1937 1351 2143 1420 aliquid
2190 1352 2321 1406 sinit
2362 1368 2602 1419 sumere,
2638 1370 2801 1423 quam
2844 1356 2989 1425 quod
3027 1372 3250 1411 necesse
3289 1366 3373 1411 est

1785 1440 1853 1494 ad
1887 1442 2053 1495 vitam
2087 1444 2498 1497 sustentandam
2534 1462 2548 1498 :
2577 1460 2679 1499 nec
2708 1445 2978 1515 permittit
3002 1462 3065 1501 ea
3093 1449 3369 1517 persequi,

1785 1545 1910 1600 quae
1960 1531 2140 1587 dulcia
2192 1542 2339 1597 sunt,
2371 1533 2465 1587 sed
2518 1549 2639 1603 quas
2692 1536 2866 1598 utilia,
2898 1545 2952 1589 et
2995 1546 3057 1590 ut
3094 1539 3278 1594 cibum
3317 1549 3374 1595 ct

92 1622 172 1693 τῷ
200 1621 328 1693 [Fr.
361 1617 433 1692 μὴ
483 1623 576 1692 ὲᾷν
607 1623 665 1675 ὲν
699 1620 800 1692 τῷ]
836 1619 1049 1691 σώματι
1080 1622 1341 1693 περιττὴν
1366 1622 1673 1693 ὑγρότητα·

1784 1629 1977 1691 potum
2028 1623 2093 1677 ad
2135 1624 2297 1694 justaa
2340 1625 2683 1680 necessitatis
2722 1627 2915 1681 modos
2957 1642 3370 1698 componamus,

96 1714 192 1767 καὶ
250 1714 419 1784 μόνην
469 1715 753 1784 συντηρεῖν
786 1715 885 1783 τὴν
940 1713 1085 1784 ζωὴν
1134 1713 1228 1765 τοῦ
1286 1713 1557 1783 σώματος,
1590 1714 1685 1766 καὶ

92 1804 455 1874 ἀνενόχλητον
509 1803 640 1856 αὐτὸ
688 1803 976 1872 φυλάττειν
1036 1805 1116 1866 είς
1165 1803 1341 1873 ὁρμὴν
1375 1803 1680 1865 συνουσίας.

94 1893 286 1956 Οὕτως
327 1890 418 1947 οὖν
448 1896 480 1964 ἡ
515 1894 815 1964 ἐγκράτεια
845 1894 943 1963 τὴν
978 1894 1271 1965 ἐπιθυμίαν
1307 1895 1590 1965 μαραίνει·
1645 1896 1678 1965 ἡ

93 1987 149 2039 δὲ
178 1987 366 2058 ἡδονὴ,
398 1989 491 2040 καὶ
516 1986 799 2058 πλησμονὴ
822 1986 930 2038 τῶν
956 1985 1260 2057 βρωμάτων
1284 1987 1376 2040 καὶ
1398 1985 1679 2057 πομάτων,

93 2077 449 2149 ὲκθερμαίνει
477 2078 575 2149 τὴν
607 2076 874 2147 γαστέρα,
906 2079 1001 2131 καὶ
1033 2078 1328 2148 ἀναφλέγει
1356 2079 1454 2150 τὴν
1499 2077 1681 2150 ὄρεξιν

94 2172 228 2242 πρὸς
260 2171 493 2242 αἰσχρὰν
541 2171 855 2241 ἐπιθυμίαν,
890 2172 985 2224 καὶ
1034 2171 1153 2225 ὅλον
1184 2173 1415 2226 συνωθεῖ
1447 2170 1508 2227 τὸ
1542 2173 1682 2238 ζῶον

95 2266 231 2336 πρὸς
252 2266 354 2335 τὴν
376 2265 573 2333 ἄνομον
596 2264 810 2335 [ἄλογον
830 2266 954 2335 fort.
991 2263 1089 2334 leg.
1117 2264 1297 2322 Nobil.
1323 2266 1461 2336 quod
1491 2281 1680 2320 anten-

93 2364 199 2411 tem
232 2356 435 2429 reddit]
476 2357 641 2428 μίξιν.
671 2355 803 2409 Τότε
850 2356 1121 2428 ὀφθαλμοὶ
1153 2358 1409 2421 ἀναιδεῖς,
1441 2358 1535 2411 καὶ
1558 2358 1677 2428 χεὶρ

94 2445 450 2514 ἀχαλίνωτος,
482 2443 702 2513 γλῶσσα
730 2444 967 2500 λαλοῦσα
1006 2446 1278 2520 θέλγητρα
1338 2446 1527 2515 ἀκοῆς,
1586 2446 1679 2499 καὶ

88 2531 183 2598 οῦς
214 2536 390 2605 ἀκοὴν
442 2534 676 2605 ματαίαν
724 2535 1190 2606 παραδεχόμενον’
1232 2536 1377 2599 νοῦς,
1418 2536 1511 2589 τοῦ
1542 2536 1676 2591 Θεοῦ

96 2627 482 2699 καταφρονῶν·
520 2626 804 2698 καὶψυχὴ,
850 2628 993 2680 κατὰ
1025 2627 1265 2682 διάνοιαν
1309 2629 1555 2698 μοιχείαν
1584 2631 1677 2698 ὲρ-

92 2718 392 2789 γαζομένη,
449 2718 541 2769 καὶ
599 2717 657 2771 τὸ
711 2718 869 2788 σῶμα
908 2718 1043 2789 πρὸς
1094 2716 1191 2789 τὴν
1220 2716 1457 2787 ἄθεσμον
1482 2716 1678 2787 πρᾶξιν

95 2809 495 2879 ἐκκαλουμένη.

167 2902 261 2957 κδ’.
305 2904 411 2955 Καὶ
440 2904 468 2954 6
508 2901 759 2969 Ἀδελφὸς
794 2900 929 2971 ἔφη·
978 2899 1096 2952 Ἐπ’
1135 2900 1412 2969 ἀληθείας,
1470 2901 1674 2974 Πάτερ,

1784 1726 1890 1767 nec
1915 1714 2223 1783 superfluos
2240 1714 2455 1784 corpori
2483 1714 2744 1771 humores
2765 1732 3145 1788 congeramus,
3166 1721 3369 1775 solam-

1782 1819 1890 1872 que
1945 1805 2193 1874 corporis
2244 1806 2409 1859 vitam
2464 1820 2685 1861 servare
2740 1807 3079 1875 studeamus,
3119 1818 3286 1879 atque
3340 1827 3372 1868 ιι

1782 1896 2039 1949 coitionis
2071 1897 2317 1966 appetitu
2366 1896 2603 1949 liberum
2636 1897 3031 1953 custodiamus.
3072 1899 3163 1954 Sic
3204 1901 3372 1970 igitur

1781 1985 2118 2041 abstinentia
2169 1986 2673 2056 concupiscentiam
2723 1996 2968 2041 macerat
3021 1997 3186 2058 atque
3240 1989 3373 2044 edo-

1783 2087 1939 2133 mat:
1976 2079 2229 2149 voluptas
2288 2092 2455 2142 vero,
2504 2077 2725 2147 cibique
2785 2093 2851 2133 ac
2899 2088 3063 2149 potus
3112 2081 3373 2137 saturitas

1780 2170 1960 2223 ventri
2003 2172 2241 2224 calorem
2275 2167 2553 2233 conciliat,
2581 2176 2638 2223 et
2675 2169 2743 2223 ad
2781 2172 2955 2241 turpis
2994 2170 3157 2240 378
3187 2170 3372 2224 libidi-

1779 2261 1867 2314 nis
1895 2261 2197 2330 appetitum
2227 2262 2498 2325 accendit,
2529 2268 2817 2330 totumque
2849 2262 3049 2315 animal
3085 2262 3151 2315 ad
3192 2262 3370 2331 illegi-

1780 2352 1929 2407 timze
1973 2354 2184 2424 copulae
2226 2354 2381 2407 devia
2422 2354 2725 2407 contrudit.
2760 2354 2915 2407 Tunc
2959 2354 3148 2408 lascivi
3197 2356 3366 2419 oculi,

1778 2442 2004 2497 effrenis
2029 2458 2243 2507 manus,
2264 2444 2450 2512 lingua
2472 2444 2704 2512 loquens
2728 2459 2848 2512 qua:
2866 2458 3031 2497 aures
3053 2445 3365 2511 mulceant;

1778 2534 1929 2587 auris
1952 2534 2198 2587 inanium
2226 2534 2419 2599 avida;
2448 2548 2604 2587 mens
2630 2534 2801 2587 Deum
2825 2549 3125 2603 spernens;
3152 2536 3369 2591 animus

1779 2639 1966 2678 secum
2014 2625 2131 2693 ipse
2176 2623 2449 2693 cogitandi
2495 2632 2619 2677 actu
2664 2624 2992 2683 adulterium
3037 2634 3278 2694 patrans,
3311 2634 3369 2681 et

1778 2716 1846 2770 ad
1878 2714 2113 2769 nefanda
2145 2715 2369 2770 sceleris
2400 2716 2517 2785 ipso
2543 2731 2709 2786 opere
2737 2730 2937 2785 corpus
2965 2730 3291 2786 provocans.

1847 2914 1936 2969 ‘24.
1981 2915 2071 2970 Ait
2099 2914 2267 2971 frater
2299 2933 2311 2969 :
2340 2916 2481 2972 Vere
2514 2917 2587 2971 ita
2619 2932 2699 2982 se,
2742 2917 2922 2982 Pater,
2958 2934 3046 2973 res
3077 2918 3263 2985 habet,
3302 2930 3365 2975 ut

94 2991 263 3055 οὕτως
312 2990 455 3060 ἔχει’
492 2989 627 3043 ἀλλὰ
683 2988 988 3060 παρακαλῶ
1041 2989 1231 3058 μαθεῖν
1276 2992 1370 3043 καὶ
1421 2993 1673 3064 περὶτῆς

1778 3006 1949 3071 dicis;
1991 3022 2181 3060 verum
2230 3023 2362 3078 rogo
2404 3017 2465 3062 ut
2508 3018 2564 3063 et
2607 3009 2674 3063 de
2717 3010 2964 3063 oratione
3003 3009 3221 3075 doceas,
3256 3028 3361 3081 qua

97 3084 423 3153 προσευχῆς,
450 3082 564 3144 πῶς
595 3082 815 3152 χωρίζει
837 3082 926 3134 τὸν
951 3080 1073 3133 νοῦν
1099 3083 1314 3136 πάντων
1340 3083 1448 3137 τῶν
1474 3086 1677 3155 νοημά-

97 3194 221 3230 των.
254 3175 369 3229 Καὶ
398 3156 666 3246 ἀπεκρίθη
695 3177 721 3227 ὁ
746 3174 921 3244 γέρων
944 3190 958 3204 ο
987 3173 1067 3225 Τὰ
1100 3176 1369 3244 νοήματα,
1404 3174 1513 3230 τῶν
1537 3195 1675 3249 πραο

96 3267 319 3337 γμάτων
351 3269 456 3321 εἰσὶ
500 3267 746 3335 νοήματα
770 3280 783 3294 ’
832 3265 942 3317 τῶν
969 3266 1023 3318 δὲ
1067 3268 1429 3336 πραγμάτων,
1476 3268 1545 3321 τὰ
1574 3269 1673 3339 μὲν

96 3359 227 3411 εἰσιν
260 3357 517 3426 αἰσθητά·
551 3356 619 3409 τά
669 3356 745 3421 δὲ,
791 3357 972 3428 νοητά.
1022 3357 1110 3409 Ἐν
1160 3357 1342 3421 αὐτοῖς
1371 3355 1463 3412 οὖν
1491 3362 1518 3413 6
1549 3361 1673 3425 νοῦς

92 3447 402 3517 διατρίϐων,
427 3447 493 3501 τὰ
525 3448 772 3516 νοήματα
797 3445 977 3500 αὐτῶν
1012 3447 1299 3517 περιφέρει
1320 3467 1333 3479 ·
1368 3450 1399 3519 ή
1433 3450 1489 3503 δὲ
1512 3453 1672 3522 χάρις

102 3540 190 3606 τῆς
213 3537 541 3609 προσευχῆς,
600 3535 677 3606 τῷ
712 3535 830 3605 θεῷ
859 3536 1117 3590 συνάπτει
1173 3539 1264 3591 τὸν
1319 3540 1474 3593 νοῦν.
1504 3540 1581 3611 τῷ
1614 3542 1671 3596 δὲ

95 3628 210 3699 Θεῷ
247 3629 612 3693 συνάπτουσα,
649 3627 887 3698 χωρίζεᾏ
923 3629 1142 3682 πάντων
1193 3629 1302 3683 τῶν
1360 3634 1665 3702 νοημάτων.

95 3719 225 3770 Τότε
254 3721 281 3771 6
302 3717 427 3780 νοῦς
453 3716 658 3787 γυμνὸς
696 3718 846 3788 αὐτῷ
878 3716 975 3789 [αι.
1008 3718 1086 3789 τῷ
1114 3719 1255 3791 ΘεῷΙ
1297 3723 1665 3792 προσομιλῶν,

93 3807 329 3879 θεοειδὴς
349 3808 578 3876 γίνεται.
611 3808 860 3872 Τοιοῦτος
885 3808 939 3862 δὲ
961 3810 1263 3879 γινόμενος,
1293 3812 1361 3865 τά
1392 3813 1668 3882 πρέποντα

94 3901 219 3971 παρ’
248 3899 415 3953 αὑτοῦ
450 3902 610 3965 αἰτεῖ,
640 3899 858 3970 καὶτῆς
883 3900 1120 3970 δεήσεως
1145 3900 1309 3955 αὑτοῦ
1340 3904 1400 3955 οὐ
1430 3904 1664 3975 διαμαρ-

91 3992 237 4045 τάνει
258 3992 409 4044 ποτέ.
442 3991 541 4044 Διά
567 3991 725 4043 τοῦτο
746 3985 843 4045 οὖν
869 3993 897 4044 6
928 3991 1248 4056 Ἀπόστολος
1274 3992 1669 4062 ἀδιαλείπτως

92 4080 301 4136 κελεύει
337 4079 760 4153 προσεύχεσθαι,
785 4081 873 4134 ἵνα
897 4081 990 4135 τὸν
1018 4081 1145 4136 νοῦν
1180 4082 1258 4153 τῷ
1280 4082 1401 4155 Θεῷ
1426 4084 1666 4155 συνεχῶς

95 4174 473 4237 συνάπτοντες,
525 4171 666 4225 κατά
722 4174 916 4244 μικρὸν
974 4173 1377 4245 ἀπορρήξωμεν
1429 4177 1529 4246 τῆς
1554 4176 1664 4230 τῶν

94 4264 288 4317 ὑλικῶν
322 4262 720 4335 προσπαθείας.

1776 3097 1867 3151 illa
1925 3100 2137 3153 ratione
2195 3100 2263 3152 ab
2325 3099 2583 3154 omnibus
2635 3100 3061 3169 cogitationibus
3122 3112 3360 3157 mentem

1775 3190 1989 3244 avellat.
2055 3190 2359 3261 Respondit
2420 3207 2586 3246 senex
2639 3210 2652 3245 ε
2703 3192 3074 3262 Cogitationes
3135 3209 3199 3249 ac
3272 3212 3360 3250 ra-

1773 3279 1983 3340 tiones,
2036 3296 2221 3334 rerum
2266 3281 2630 3351 cogitationes
2676 3290 2841 3351 atque
2894 3283 3139 3338 rationes
3192 3292 3357 3351 sunt;

1774 3385 1960 3423 rerum
2006 3380 2185 3425 autem
2226 3372 2345 3426 alia:
2395 3382 2523 3426 sunt
2561 3388 2681 3442 quae
2723 3374 2825 3427 sub
2868 3389 3089 3427 sensum
3128 3374 3354 3440 cadunt,

1773 3461 1892 3515 alia:
1921 3476 2042 3530 quae
2085 3461 2268 3515 animo
2318 3462 2720 3533 intelliguntur.
2757 3465 2817 3518 ln
2856 3465 2943 3520 his
2988 3465 3154 3535 igitur
3203 3482 3361 3523 mens

1772 3567 1980 3606 moram
2031 3552 2274 3619 trahens,
2310 3567 2499 3607 eorum
2534 3554 2896 3625 cogitationes
2935 3555 3252 3611 circumfert
3295 3572 3361 3611 ac

1772 3642 2043 3707 rationes;
2075 3644 2342 3698 orationis
2373 3654 2554 3699 autem
2592 3646 2786 3715 gratia,
2818 3655 3055 3700 mentem
3087 3648 3199 3701 Deo
3228 3664 3361 3701 eon-

1766 3731 1976 3801 jungit;
2008 3747 2182 3802 eaque
2215 3734 2331 3801 ipsa
2370 3734 2583 3788 ratione
2619 3742 2673 3788 et
2705 3736 2848 3803 quod
2890 3737 3000 3790 Deo
3039 3737 3355 3805 conjnngat,

1771 3836 1801 3875 a
1851 3822 2066 3875 cunctis
2116 3823 2546 3892 cogitationibus
2599 3840 2663 3879 ac
2721 3826 3031 3879 rationibus
3086 3827 3355 3897 abjnngit.

1769 3908 1927 3963 Tunc
1956 3910 2216 3965 nimirum
2248 3924 2404 3966 mens
2434 3914 2577 3967 nuda
2617 3928 2740 3966 eum
2769 3915 2881 3967 Deo
2910 3931 3137 3969 versans
3166 3917 3356 3985 illique

1768 4004 2127 4063 assuescens,’
2150 3998 2433 4054 deiformis
2463 4000 2687 4072 (divinis
2720 4002 2931 4057 scilicet
2979 4017 3207 4058 corusca
3253 4005 3354 4058 do-

1767 4087 1954 4159 tibus)
2002 4089 2205 4143 evadit.
2256 4090 2376 4145 1am
2426 4105 2558 4145 vero
2604 4107 2725 4161 qua:
2774 4093 2900 4147 talis
2942 4094 3199 4159 exsistat,
3233 4111 3356 4165 quae

1766 4178 1999 4235 honesta
2028 4182 2137 4236 sint
2170 4197 2235 4237 ac
2266 4182 2498 4237 deceant
2526 4182 2595 4238 ab
2629 4183 2723 4237 illo
2764 4184 2941 4253 petit,
2975 4199 3079 4238 nec
3108 4201 3350 4255 unquam

1766 4268 2066 4325 frustratur
2093 4272 2226 4342 quin
2264 4272 2516 4342 accipiat,
2554 4288 2676 4342 qum
2702 4275 2950 4328 oratione
2984 4274 3180 4330 oravit.
3214 4276 3353 4331 Hinc

93 4361 252 4432 igitur
282 4368 368 4415 est
405 4375 505 4414 cur
531 4360 826 4429 Apostolus
870 4361 980 4413 sine
1027 4363 1413 4416 intermissione
1461 4378 1620 4420 orare
1653 4366 1880 4438 jusserit
1917 4368 1983 4432 ",
2016 4378 2077 4422 ut
2119 4381 2317 4439 nempe
2351 4368 2568 4423 assidue
2597 4370 2708 4423 Deo
2737 4377 2975 4424 mentem
3011 4370 3347 4438 cepulantes,

91 4474 119 4511 a
154 4470 503 4512 terrenorum
538 4456 797 4525 paulatim
830 4455 1059 4510 libidine
1091 4456 1497 4528 abrumpamus.

158 4551 253 4604 κε’.
287 4551 399 4604 Καὶ
424 4552 452 4603 6
493 4547 747 4617 Ἀδελφὸς
778 4544 919 4601 εἷπε·
951 4551 1063 4603 Καὶ
1090 4551 1207 4615 πῶς
1233 4553 1261 4603 6
1282 4552 1408 4615 νοῦς
1436 4553 1659 4608 δύναται

1831 4556 1921 4611 25.
1962 4556 2054 4610 Ait
2089 4555 2259 4610 frater
2287 4573 2299 4608 :
2329 4556 2516 4624 Ecqua
2547 4569 2680 4610 vero
2708 4554 2922 4608 ratione
2954 4554 3066 4619 fiat,
3099 4562 3161 4608 ut
3194 4570 3349 4610 mens

92 4644 448 4707 ἀδιαλείπτως
479 4641 876 4713 προσεύχεσθαι
897 4660 910 4673 ·
960 4644 1055 4695 καὶ
1092 4643 1202 4714 γὰρ
1235 4644 1527 4713 ψάλλοντες
1576 4648 1671 4701 καὶ

92 4736 550 4804 ἀναγινώσκοντες
581 4734 674 4787 καὶ
715 4735 1172 4804 συντυγχάνοντες
1214 4736 1309 4788 καὶ
1355 4736 1669 4791 διακονοῦν-

89 4843 198 4891 τες,
256 4828 337 4891 εἰς
374 4826 544 4881 πολλὰ
596 4826 757 4879 αὐτὸν
791 4824 1149 4896 περισπῶμεν
1181 4828 1432 4897 νοήματα
1478 4845 1537 4881 τε
1576 4830 1672 4881 καὶ

92 4917 443 4989 θεωρήματα.
480 4918 589 4971 Καὶ
618 4917 887 4989 ἀπεκρίθη
916 4919 943 4969 6
969 4915 1147 4987 γέρων
1171 4933 1184 4946 °
1222 4918 1387 4971 Οὐδὲν
1410 4918 1516 4973 τῶν
1548 4920 1673 4973 ἀδυ-

91 5010 261 5063 νάτων
290 5013 324 5081 ἡ
357 5010 477 5063 θεία
532 5009 571 5062 Γ
577 5010 724 5082 ραφὴ
760 5010 1130 5080 προστάσσει·
1167 5010 1289 5063 ἐπεὶ
1320 5012 1415 5064 καὶ
1455 5011 1615 5074 αὐτὸς
1644 5012 1672 5065 6

156 5165 199 5196 "
231 5165 254 5218 Ι
289 5165 484 5223 Thess.
522 5182 576 5227 v,
605 5169 693 5221 17.

160 5301 230 5370 (c)
264 5303 366 5374 Kal
394 5305 552 5374 παρά
597 5303 842 5373 ῥάϐδον.
888 5301 1072 5374 Nobil.
1119 5294 1521 5374 πατρὶςμιθειι,
1582 5300 1661 5355 sic

92 5386 284 5440 nempe
311 5372 552 5429 breviata
592 5372 856 5437 dictione,
906 5381 962 5427 ct
1008 5373 1064 5426 in
1095 5388 1202 5441 qua
1240 5372 1399 5427 facile
1428 5372 1531 5425 fuit
1562 5386 1661 5425 ex-

92 5441 586 5516 scribentierrare.
618 5446 685 5499 Et
717 5457 995 5516 paternam
1038 5444 1242 5511 virgam
1272 5452 1569 5516 aversatur.
1600 5442 1660 5495 ln

93 5524 201 5580 quo
254 5512 394 5566 nihil
447 5512 725 5569 acuminis
766 5522 880 5575 est,
929 5520 1203 5580 certaeque
1258 5512 1553 5566 antithesis
1592 5526 1657 5564 ex

93 5577 307 5633 Maximi
350 5584 507 5649 genio
545 5603 558 5637 :
600 5586 736 5639 bene
774 5593 959 5639 autem
991 5582 1045 5634 in
1077 5577 1333 5650 lectione,
1367 5597 1530 5650 quam
1576 5596 1660 5634 se-

95 5663 253 5715 quor.
286 5650 562 5717 Significat
594 5655 739 5707 enim
772 5651 910 5707 nihil
959 5663 1140 5719 opera:
1178 5649 1400 5715 facere,
1443 5651 1537 5719 Qui
1581 5650 1660 5704 sic

98 5719 319 5774 moleste
340 5722 521 5788 habet,
546 5725 691 5793 quod
712 5724 1026 5793 castigatur,
1055 5719 1147 5788 qui
1168 5728 1223 5775 et
1249 5721 1654 5791 improbitatem

1766 4649 1885 4703 sine
1932 4647 2341 4702 intermissione
2387 4647 2545 4701 oret?
2578 4646 2915 4701 Psalmorum
2970 4646 3115 4699 enim
3177 4661 3349 4715 penso

1766 4747 1823 4794 ct
1848 4739 2106 4803 lectione,
2134 4745 2190 4793 et
2219 4752 2529 4793 sermonem
2560 4738 2839 4792 miscendo
2868 4752 2930 4789 ac
2962 4736 3346 4803 ministrando,

1768 4827 1825 4882 in
1875 4827 2077 4883 multos
2135 4843 2255 4882 eam
2317 4828 2588 4898 cogitatus
2646 4840 2912 4895 scnsaque
2969 4826 3343 4882 distrabimus.

1766 4919 2075 4990 Respondit
2112 4933 2280 4973 senex
2310 4934 2323 4970 :
2360 4917 2509 4976 Nihil
2547 4916 2818 4988 ejusmodi
2855 4916 3039 4969 divina
3066 4914 3346 4983 Scriptura

1769 5011 2035 5081 prmcipit,
2078 5009 2224 5080 quod
2273 5009 2519 5079 praestari
2570 5023 2681 5063 non
2725 5008 2917 5078 possit.
2964 5007 3100 5061 Nam
3134 5014 3190 5060 et
3227 5005 3344 5075 ipse

1764 5300 1982 5370 prodat,
2002 5318 2106 5356 ncc
2129 5303 2276 5357 levet
2300 5314 2474 5371 poenae
2500 5300 2877 5363 acerbitatem,
2898 5299 2994 5354 sed
3018 5300 3193 5369 magis
3217 5316 3342 5370 gra-

1764 5378 1875 5423 vet.
1903 5372 2059 5436 Quod
2095 5373 2217 5426 aliis
2250 5372 2555 5434 subditum,
2604 5371 2969 5441 παράκλησιν,
3000 5372 3177 5441 palam
3204 5373 3341 5439 glos-

1762 5455 1910 5511 sema
1935 5450 2038 5495 est.
2071 5441 2250 5495 Nolim
2280 5442 2533 5511 pluribus
2570 5438 2800 5495 onerare
2834 5441 3111 5511 chartam;
3139 5438 3338 5511 ipsum,

1760 5510 1956 5580 lector,
2017 5512 2061 5565 si
2114 5507 2309 5580 parato
2352 5511 2536 5564 animo
2588 5518 2874 5564 auctorem
2924 5508 3146 5580 adieris,
3191 5507 3340 5563 haud

1760 5578 1957 5633 leviter
1985 5596 2052 5634 ex
2093 5577 2185 5633 illo
2233 5581 2299 5634 ad
2342 5580 2669 5634 charitatem
2716 5589 2771 5634 et
2810 5577 3291 5647 compunctionem
3320 5618 3335 5643 ,

1759 5664 1880 5771 lquae
1930 5650 2044 5705 duo
2082 5652 2244 5706 nobis
2268 5652 2507 5705 maxima
2547 5649 2600 5703 in
2647 5650 2735 5704 via
2764 5646 3062 5721 spirituali,
3098 5646 3337 5703 aedifica-

1798 5733 1927 5771 CI’lS.

1798 5733 1927 5773 CI’lS.
