3876 6314
531 284 633 352 931

1702 278 1763 343 s.
1803 280 2094 343 MAXIMI
2134 277 2671 368 cousnssoms

531 398 829 472 Apostolus
855 404 911 453 et
940 394 1207 467 psallebat
1234 403 1291 449 et
1315 392 1531 468 legebat
1567 400 1626 449 et
1662 393 2034 462 ministrabat,
2058 401 2114 449 et

2228 392 2552 457 Ἀπὸστολος
2580 390 2675 446 καὶ
2695 389 2925 462 ἔψαλλεν
2945 387 3043 446 καὶ
3059 390 3403 457 ἀνεγίνωσκε
3435 388 3543 444 καὶ
3563 389 3806 461 διηκόνει,

534 499 719 546 tamen
753 490 871 544 sine
912 486 1327 542 intermissione
1364 486 1578 541 orabat.
1615 485 1773 541 Tunc
1810 487 1961 541 enim
2000 485 2126 556 quis

533 581 655 636 sine
697 578 1105 635 intermissione
1144 586 1285 644 orat,
1325 591 1452 632 cum
1497 576 1668 631 multa
1708 576 2022 634 reverentia
2060 591 2126 632 ac

499 687 743 738 ,amore,
777 672 889 726 Deo
920 679 1105 726 mente
1140 669 1407 735 adhaeret,
1438 676 1603 738 atque
1633 667 1704 723 ab
1746 668 1867 738 ejus
1905 682 2125 738 semper

532 779 630 834 spe
662 764 895 835 pendet;
940 771 998 819 et
1028 763 1083 817 in
1121 762 1402 825 omnibus,
1447 759 1721 830 quidquid
1755 767 1930 831 gerat,
1958 758 2125 830 quid-

531 856 663 927 quid
694 855 925 921 accidat,
956 855 1011 909 in
1038 854 1135 909 illo
1160 852 1418 909 ﬁduciam
1446 852 1631 907 habet.
1661 852 1722 906 In
1741 867 1871 906 eum
1899 849 2123 906 modum

530 945 762 1002 allectus
810 945 1128 1015 Apostolus,
1175 944 1358 999 aiebat
1397 960 1412 996 :
1448 942 1576 1008 Quis
1631 959 1723 997 nos
1772 941 2043 1013 separabit
2089 959 2124 996 a

530 1040 790 1095 charitate
826 1036 1061 1093 Christi?
1104 1034 1418 1099 tribulatio,
1463 1052 1535 1089 an
1580 1033 1884 1104 angustiis?
1915 1040 2124 1109 etquae

536 1141 851 1201 sequuntur
881 1128 950 1184 ⁸⁸.
1007 1130 1076 1183 Et
1120 1136 1245 1199 post
1298 1144 1473 1198 pauca
1509 1145 1522 1181 :
1557 1126 1743 1182 Certus
1792 1143 1910 1181 sum
1958 1126 2120 1191 enim,

532 1225 660 1294 quia
719 1238 886 1293 neque
949 1238 1124 1288 mors,
1177 1237 1341 1291 neque
1396 1221 1542 1284 vita,
1610 1235 1776 1290 neque
1845 1218 2021 1289 angeli
2053 1219 2118 1273 δ’.

531 1314 601 1368 Ει
652 1314 852 1368 iterum
901 1330 915 1366 :
963 1312 1028 1368 In
1088 1312 1331 1366 omnibus
1390 1310 1791 1364 tribulationem
1848 1310 2118 1379 patimur,

529 1404 623 1459 sed
673 1420 779 1457 non
826 1404 1233 1474 angustiamur;
1294 1403 1632 1472 aporiamur,
1675 1399 1765 1454 sed
1801 1415 1909 1453 non
1957 1398 2120 1454 desti-

532 1498 766 1563 tuimur;
837 1496 1255 1565 persecutionem
1321 1494 1581 1563 patimur,
1642 1491 1733 1546 sed
1793 1507 1900 1545 non
1963 1490 2120 1544 dere-

532 1588 858 1659 linquimur;
926 1586 1242 1656 dejicimur,
1294 1585 1388 1641 sed
1444 1601 1548 1639 non
1600 1585 1854 1656 perimus.
1900 1581 2122 1653 Semper

528 1680 992 1749 mortificationem
1029 1677 1196 1749 379
1233 1677 1447 1732 Domini
1483 1676 1610 1733 Jesu
1649 1678 1708 1731 in
1750 1689 1972 1747 corpore
2007 1676 2118 1730 cir-

527 1748 898 1842 cumferentes,
923 1780 984 1826 ut
1017 1748 1068 1826 et
1098 1771 1208 1825 uita
1246 1768 1374 1824 Iesu
1414 1769 1781 1841 manifestetur
1808 1771 1866 1824 in
1899 1768 2117 1824 mortali
2147 1748 2190 1804 Β

526 1878 689 1916 carne
722 1870 906 1915 nostra
942 1861 1006 1913 ⁸ο.

596 1951 685 2005 26.
728 1952 787 2005 ιη
831 1951 981 2005 hunc
1029 1950 1197 2021 igitur
1246 1949 1473 2006 modum
1519 1949 1750 2006 allectus
1789 1951 2113 2021 Apostolus,

527 2044 649 2099 sine
690 2043 1103 2099 intermissione
1138 2042 1359 2109 orabat;
1402 2043 1497 2112 qui
1539 2043 1596 2097 in
1635 2043 1897 2099 omnibus
1927 2045 2115 2118 operi-

528 2134 653 2201 bus,
693 2136 773 2189 uti
807 2134 1018 2189 dictum
1066 2140 1173 2199 est,
1210 2149 1277 2188 ac
1307 2133 1576 2203 quidquid
1614 2133 1925 2199 accidisset,
1952 2149 1985 2188 a
2016 2134 2117 2191 Dei

525 2238 623 2293 spe
656 2224 945 2294 penderet.
984 2223 1118 2277 Eam
1153 2222 1226 2277 ob
1266 2236 1383 2277 rem
1426 2222 1601 2278 sancti
1639 2237 1832 2279 omnes
1868 2222 2119 2280 aﬂlictio—

524 2314 692 2368 nibus
728 2322 897 2385 atque
939 2312 1204 2368 aerumnis
1234 2327 1452 2382 semper
1485 2313 1818 2384 gaudebant,
1853 2323 1917 2369 ut
1946 2314 2001 2369 in
2032 2314 2118 2370 di-

524 2404 668 2460 vinae
697 2405 984 2460 cbaritatis
1014 2402 1264 2457 habitum
1285 2417 1355 2458 ex
1381 2404 1490 2458 illis
1515 2404 1870 2475 proﬁcerent.
1902 2406 2115 2463 Idcirco

523 2496 710 2552 aiebat
755 2495 1058 2565 Apostolus
1085 2509 1101 2549 :
1132 2493 1502 2548 Libentissime
1542 2497 1707 2565 igitur
1748 2495 2017 2567 gloriabor
2058 2498 2116 2551 in

523 2588 926 2656 inﬁrmitatibus
946 2588 1098 2653 meis,
1115 2594 1173 2640 ut
1194 2586 1449 2640 inhabitet
1465 2588 1521 2642 in
1542 2605 1624 2642 me
1638 2590 1807 2644 virtus
1831 2588 2028 2644 Christi
2043 2589 2110 2645 “.

525 2680 833 2750 Paucisque
877 2678 1182 2752 interjectis
1209 2693 1225 2730 :
1256 2675 1389 2735 Cum
1439 2679 1708 2749 inﬁrmor,
1756 2687 1882 2735 tunc
1930 2690 2114 2752 potens

523 2787 641 2824 sum
674 2772 737 2824 ⁵².
782 2771 888 2826 Sed
933 2789 1012 2829 vae
1055 2775 1220 2831 nobis
1259 2774 1496 2839 miseris,
1527 2772 1673 2843 quod
1717 2773 1907 2827 relicta
1952 2772 2115 2829 nobis

524 2872 841 2919 sanctorum
865 2866 1091 2922 Patrum
1114 2869 1258 2935 vita;
1291 2867 1456 2938 idque
1480 2865 1537 2922 in
1558 2880 1724 2922 causa
1746 2872 1852 2933 est,
1879 2875 1940 2920 ut
1960 2865 2113 2921 omni

526 2955 758 3024 spiritali
793 2971 960 3026 opere
992 2958 1330 3015 deﬁciamur.

2226 484 2324 537 καὶ
2344 482 2702 545 ἀδιαλείπτως
2748 480 3093 553 προσηύχετο
3156 480 3541 545 ’Δδιάλειπτος
3566 483 3679 554 γάρ
3712 485 3806 538 ἐστι

2226 574 2528 648 προσευχὴ,
2567 575 2630 628 τὸ
2657 575 2746 629 τὸν
2775 573 2900 628 νοῦν
2933 573 3080 645 ἔχειν
3102 575 3165 628 ὲν
3198 573 3463 645 εὐλαϐείᾳ
3498 575 3677 648 πολλῇ
3730 580 3806 630 καὶ

2225 665 2376 736 πόθῳ
2404 664 2803 736 προσκείμενον
2822 662 2902 736 τῷ
2939 664 3007 717 Θε
3024 662 3081 732 ἶ»,
3113 663 3209 717 καὶ
3254 664 3355 734 τῆς
3407 664 3637 729 ἐλπίδος
3661 667 3801 720 αὐτοῦ

2225 757 2314 812 ἀεὶ
2366 754 2788 828 ἀποκρέμασθαι
2810 771 2825 786 ⁸
2862 754 2960 809 καὶ
2988 756 3069 819 είς
3099 745 3261 810 αὑτδν
3306 755 3548 827 caput»;
3576 758 3636 809 tv
3666 760 3801 822 πᾶσι,

2223 851 2337 913 τοῖς
2373 865 2433 902 τε
2470 848 2656 920 ἔργοις
2686 847 2779 903 καὶ
2807 848 2920 910 τοῖς
2956 846 3369 918 συμϐαίνουσιν.
3397 846 3602 909 Οὖυως
3623 848 3803 903 Buzzi.

2228 958 2390 1013 μενος
2419 941 2448 992 ό
2499 939 2841 1003 Ἀπόστολος,
2879 937 3034 1007 ἔλεγε
3056 954 3071 970 ⁸
3114 939 3211 1004 Τίς
3232 936 3400 1008 ἡμᾶς
3428 937 3687 1005 χωρίσει
3706 938 3804 992 ἀπὸ

2224 1030 2328 1100 τῆς
2354 1030 2593 1101 ἀγάπης
2623 1032 2730 1086 τοῦ
2750 1031 3010 1099 Χριστοῦ
3032 1046 3044 1058 ·
3069 1031 3316 1105 θλίψις
3346 1028 3389 1098 ἢ
3412 1031 3804 1098 στενοχωρίω

2222 1125 2319 1178 καὶ
2357 1125 2426 1179 τὰ
2464 1124 2612 1197 ἑξῆς.
2652 1125 2764 1178 Kal
2793 1126 2911 1195 μετ’
2946 1125 3137 1193 ὀλίγα’
3174 1123 3528 1192 Πέπεισμαι
3580 1123 3711 1192 τὰρ,
3734 1123 3801 1176 ὅτι

2223 1217 2361 1271 οὔτε
2382 1214 2663 1282 θάνατος,
2698 1218 2838 1272 οὔτε
2862 1214 2999 1288 ζωὴ,
3020 1216 3471 1285 obesam-8.101.
3501 1215 3630 1269 Kal
3648 1217 3799 1269 πάλιν

2235 1309 2332 1362 Ἐν
2389 1308 2573 1362 παντὶ
2607 1308 2967 1378 θλιϐόμενοι,
2994 1307 3094 1362 καὶ
3120 1309 3194 1362 οὺ
3233 1309 3804 1378 στενοχωρούμὲνοι-

2220 1401 2639 1471 ἀπορούμενοι,
2678 1401 2779 1454 καὶ
2819 1402 2933 1453 οὐκ
2979 1398 3465 1468 ἐξαπορούμενοι
3488 1414 3504 1429 ·
3554 1397 3808 1470 διωκόμε-

2218 1506 2335 1554 νοι,
2372 1490 2514 1545 ἀλλ’
2566 1492 2639 1545 οὐ
2682 1492 3303 1560 καταλιμπανόμενον
3351 1491 3805 1560 autemno-

2218 1601 2334 1650 νοι,
2363 1584 2503 1639 ἀλλ’
2538 1587 2651 1639 οὐκ
2671 1585 3099 1654 ἀπολλύμενοι.
3122 1583 3397 1639 Πάντοτε
3431 1584 3563 1653 τὴν
3612 1584 3807 1654 νέκρω-

2218 1693 2325 1733 σιν
2352 1676 2461 1732 τοῦ
2479 1677 2703 1745 Κυρίου
2750 1676 2957 1745 Ἰησοῦ
2982 1677 3053 1731 ἐν
3080 1674 3164 1742 τῷ
3184 1676 3423 1747 σώματι
3464 1677 3806 1746 περιφέρον-

2217 1785 2337 1835 τες,
2365 1769 2467 1823 ἵνα
2502 1760 2675 1837 καὶῆ
2710 1766 2821 1838 ζωὴ
2861 1769 2969 1825 τοῦ
3011 1767 3217 1838 Ἰησοῦ
3248 1768 3596 1839 φανερωθῇ
3650 1770 3721 1823 ἐν
3753 1768 3810 1836 τῇ

2215 1856 2407 1927 θνητῇ
2433 1858 2614 1928 σαρκί
2637 1858 2829 1928 ἡμῶν.

2288 1955 2402 2014 κς’.
2437 1947 2627 2012 Οὕτως
2652 1944 2744 2003 οὖν
2774 1951 2803 2002 ὁ
2833 1947 3160 2013 Ἀπόστολος
3179 1948 3573 2019 διακείμενος,
3602 1950 3809 2004 (latalat-

2216 2057 2371 2105 πτως
2407 2039 2511 2113 [αι.
2547 2040 2815 2113 διηνεκῶς
2845 2039 2941 2094 καὶ
2965 2039 3165 2113 salax]
3195 2042 3587 2113 προσηύχετιν
3614 2045 3677 2096 ὲν
3699 2044 3807 2097 πᾶσι

2215 2131 2324 2204 γὰρ
2361 2135 2475 2197 τοῖς
2505 2134 2713 2206 ἔργοις,
2763 2132 2840 2197 ὡς
2879 2132 3114 2205 εἴρηται,
3140 2133 3236 2186 καὶ
3266 2135 3386 2196 τοῖς
3419 2134 3807 2204 συμϐαίνωσιν

2215 2223 2388 2295 αὐτῷ,
2433 2224 2535 2296 τῆς
2567 2224 2783 2289 ἐλπίδος
2828 2223 2925 2278 τοῦ
2949 2223 3085 2278 Θεοῦ
3108 2224 3507 2295 ἀπικρέματο.
3538 2226 3649 2279 Διὰ
3674 2224 3805 2279 τοῦτο

2213 2317 2337 2381 ταῖς
2392 2315 2640 2388 θλίψεσιν
2696 2316 2785 2371 ἀεὶ
2829 2316 3052 2389 ἔχαιρον
3097 2317 3303 2382 πάντες
3335 2318 3389 2371 οἱ
3421 2317 3606 2387 ἅγιοι,
3636 2320 3719 2372 ἵνα
3741 2318 3805 2376 ti:

2215 2406 2328 2473 ἕξιν
2355 2405 2549 2461 ἔλθωσι
2568 2408 2668 2478 τῆς
2700 2406 2851 2471 θείας
2878 2409 3121 2479 ἀγάπης.
3163 2407 3278 2461 Kal
3310 2408 3405 2461 διὰ
3436 2407 3611 2462 τοῦτο
3642 2409 3804 2476 ἔλεγεν

2214 2500 2244 2552 ὁ
2290 2496 2615 2561 Ἀπόστολος
2642 2514 2656 2529 ·
2677 2496 2929 2552 Ἥδιστα
2965 2491 3082 2552 οῦν
3125 2494 3531 2566 καυχήσομαι
3580 2497 3656 2550 ἐν
3696 2495 3805 2561 ταῖς

2215 2588 2559 2653 ἀσθενείαις
2575 2605 2718 2658 μου,
2742 2589 2843 2642 ἵνα
2867 2587 3260 2656 ἐπισκηνώσῃ
3287 2588 3383 2641 ἐπ’
3410 2588 3529 2657 ἐμὲ
3556 2589 3600 2656 ἡ
3644 2587 3805 2641 δύνα-

2209 2699 2313 2751 μις
2338 2682 2444 2736 τοῦ
2489 2679 2771 2750 Χριστοῦ.
2821 2680 2932 2734 Καὶ
2967 2681 3083 2749 μετ’
3109 2679 3265 2748 ὀλίγα
3284 2695 3300 2710 ο
3334 2681 3535 2734 Ὅταν
3558 2677 3803 2741 ἀσθενεῖν,

2214 2774 2351 2827 τότε
2371 2771 2631 2838 δυνατός
2659 2775 2796 2842 ειμι.
2831 2769 2972 2823 Ἀλλ’
3002 2771 3130 2824 οὐαὶ
3155 2772 3292 2842 ἡμῖν
3324 2773 3445 2835 τοῖς
3474 2770 3713 2835 ἀθλίοις,
3734 2771 3805 2824 ὅτι

2214 2862 2585 2936 κατελίπομεν
2633 2864 2734 2934 τὴν
2762 2862 2883 2921 ὁδὸν
2914 2861 3025 2916 τῶν
3064 2862 3236 2931 ἁγίων
3265 2861 3567 2934 Πατέρων,
3606 2863 3703 2918 καὶ
3730 2862 3806 2916 δά

2211 2954 2371 3010 τοῦτο
2397 2954 2596 3028 ἔρημοι
2624 2956 2790 3024 ἐσμεν
2822 2954 3021 3018 παντὸς
3049 2952 3211 3024 ἔργου
3259 2953 3681 3025 πνευματικοῦ.

593 3047 685 3101 27.
726 3048 795 3102 Et
820 3021 961 3104 dixit
993 3050 1164 3107 frater
1201 3069 1215 3105 :
1246 3050 1389 3117 Quid
1414 3065 1594 3105 causae
1619 3026 1724 3113 est,
1752 3021 1935 3117 Pater,
1965 3049 2112 3119 quod

2285 3049 2390 3115 κζ’.
2552 3049 2581 3101 ὁ
2608 3021 2840 3119 ἁδελφὸς
2883 3041 3004 3101 εἷπε
3024 3064 3041 3080 ·
3201 3045 3292 3112 τί,
3330 3021 3546 3118 Πάτερ,
3571 3048 3678 3102 οὐκ
3706 3048 3804 3119 Exn

526 3140 1008 3208 compunctionem
1049 3158 1158 3197 non
1217 3143 1482 3201 habeam?
1535 3142 1843 3213 Respondit
1892 3159 2109 3198 senex:

525 3227 682 3295 Quod
714 3230 809 3286 Dei
843 3231 1098 3287 timorem
1129 3233 1200 3288 ob
1238 3234 1429 3289 oculos
1463 3249 1576 3288 non
1604 3234 1925 3291 habeamus.
1954 3235 2112 3303 Quod

525 3319 770 3373 omnium
801 3321 1069 3375 malorum
1112 3324 1327 3378 sentina
1366 3323 1495 3378 facti
1530 3339 1741 3391 sumus,
1778 3340 2012 3396 eamque
2041 3326 2113 3382 ob

526 3426 644 3465 rem
680 3412 1022 3467 tremendam
1055 3415 1152 3468 Dei
1186 3415 1452 3469 ultionem
1482 3415 1636 3470 velut
1666 3415 1871 3470 nudam
1908 3417 2117 3487 cogitaa

526 3501 735 3555 tionem
772 3518 838 3557 ac
867 3504 1099 3561 rationis
1133 3506 1453 3576 ﬁgmentum
1487 3507 1935 3576 contempsimus.
1963 3506 2110 3562 Alio-

524 3593 621 3661 qui
656 3593 782 3662 quis
820 3610 932 3649 non
975 3596 1162 3653 animo
1207 3605 1627 3668 compungatur,
1655 3598 1751 3667 qui
1778 3597 1999 3670 Moysen
2044 3615 2117 3655 ex

525 3681 624 3736 Dei
669 3697 906 3753 persona
939 3685 1129 3742 audiat
1165 3686 1223 3742 in
1262 3695 1581 3756 peccatores
1609 3686 1884 3743 dicentem
1922 3688 2113 3761 :lgnis

526 3790 775 3829 accensus
806 3785 881 3832 est
910 3778 967 3831 in
996 3777 1176 3847 furore
1207 3794 1321 3833 meo
1344 3794 1363 3832 :
1397 3778 1601 3833 ardebit
1634 3795 1796 3851 usque
1823 3779 1894 3834 ad
1918 3779 2113 3850 inferni

525 3867 830 3922 novissima.
854 3868 1135 3925 Devorabit
1159 3880 1358 3926 terram
1381 3879 1432 3924 et
1462 3871 1575 3942 ejus
1597 3872 1839 3942 germina
1866 3888 1885 3926 :
1913 3871 2111 3940 funda-

523 3965 704 4032 menta
757 3961 1015 4015 montium
1066 3962 1354 4017 comburet.
1407 3960 1747 4033 Congregabo
1802 3979 1964 4033 super
2023 3979 2111 4018 eos

521 4049 692 4113 mala,
741 4059 790 4104 et
827 4054 1057 4123 sagittas
1105 4070 1251 4111 meas
1287 4054 1553 4125 complebo
1585 4055 1642 4109 in
1676 4055 1749 4109 eis
1785 4054 1851 4108 ⁸⁸.
1890 4054 1960 4109 Ει
1991 4068 2112 4110 rur-

521 4155 643 4196 sum
678 4159 692 4196 :
729 4142 936 4200 Aeuam
978 4154 1035 4199 ut
1071 4147 1252 4218 fulgur
1293 4146 1533 4218 gladium
1570 4163 1769 4211 meum,
1802 4156 1853 4202 et
1888 4148 2110 4218 arripiet

513 4230 777 4300 judicium
815 4250 1011 4290 manus.
1042 4252 1194 4303 mea;
1225 4244 1274 4291 et
1308 4236 1529 4291 reddam
1561 4236 1821 4292 ultionem
1853 4238 2117 4305 hostibus,

521 4330 572 4375 et
609 4324 710 4389 his,
738 4324 832 4395 qui
875 4326 1100 4381 oderunt
1147 4342 1251 4393 me,
1299 4326 1591 4383 retribuam
1627 4326 1693 4380 “.
1738 4326 1933 4382 Isaiam
1975 4342 2109 4383 vero
2134 4394 2147 4405 θ

2216 3140 2530 3207 κατάνυξιν;
2563 3139 2673 3192 Kal
2702 3138 2981 3214 ἀπεκρίθη
3008 3139 3039 3193 ὸ
3065 3138 3265 3209 γέρωνο
3302 3138 3536 3212 Ἐπειδὴ
3560 3141 3665 3193 οὐκ
3694 3139 3800 3194 ἐστι

2214 3230 2543 3302 φόϐος-Θεοῦ
2587 3230 2848 3285 ἀπέναντι
2879 3230 2988 3285 τῶν
3011 3230 3309 3302 ὀφθαλμῶν
3346 3231 3537 3302 ἡμῶν.
3594 3233 3799 3303 Ἐτεέὴ

2214 3324 2434 3378 πάντων
2462 3322 2573 3377 τῶν
2621 3322 2809 3377 κακῶν
2835 3322 3142 3394 γεγόναμεν
3185 3324 3568 3390 καταγώγιον,
3607 3326 3705 3378 καὶ
3725 3324 3797 3375 διὰ

2211 3413 2389 3480 τοῦτο,
2416 3413 2493 3477 ὡς
2513 3412 2672 3483 ψιλοῦ
2698 3413 2972 3485 νοήματος
2998 3415 3499 3485 κατεφρονήσαμεν
3522 3415 3627 3484 τῆς
3658 3415 3795 3485 φοεεο

2212 3506 2316 3576 ρᾶς
2346 3504 2440 3559 τοῦ
2482 3504 2621 3559 Θεοῦ
2673 3505 2969 3570 κολάσεως.
3009 3506 3161 3559 Ἐπεὶ
3197 3505 3283 3570 τίς
3304 3506 3370 3560 οὐ
3399 3508 3793 3576 ara-savum.

2208 3596 2448 3664 ἁκούων,
2485 3592 2579 3648 τοῦ
2613 3595 2713 3665 μὲν
2741 3594 3020 3659 Μωῦσέως
3044 3594 3111 3648 ὲκ
3148 3595 3454 3667 προσώπου
3506 3597 3647 3650 Θεοῦ
3687 3598 3794 3667 περὶ

2204 3686 2322 3742 τῶν
2349 3686 2688 3759 ἁμαρτωλῶν
2722 3685 2979 3755 λέγοντος
2998 3724 3015 3749 ,
3054 3686 3139 3739 ὅτι
3165 3686 3293 3757 Πῦρ
3327 3687 3698 3744 ἐκκέκαυται
3736 3690 3793 3743 ἐι

2210 3780 2319 3836 τοῦ
2349 3781 2541 3850 θυμοῦ
2558 3796 2680 3849 μου
2698 3795 2714 3811 ·
2738 3778 3110 3846 καυθήσεται
3127 3777 3240 3845 ἕως
3260 3778 3417 3846 ᾅδου
3437 3782 3789 3836 κατωτάτω.

2211 3871 2628 3941 Καταφάτεται
2649 3869 2788 3941 γῆν,
2823 3869 3019 3924 καὶτὰ
3055 3868 3365 3940 γενήματα
3406 3872 3643 3941 αὐτῆς·
3668 3872 3791 3942 φλέο

2194 3964 2301 4029 ,εει
2334 3962 2579 4032 θεμέλια
2609 3960 2815 4030 ὀρέων.
2836 3959 3089 4026 Συνάξω
3114 3963 3204 4027 είς
3235 3962 3471 4029 αὐτοὺς
3502 3966 3685 4030 κακὰ,
3707 3962 3788 4019 ad

2210 4057 2285 4119 τὰ
2306 4054 2466 4121 ,βέλη
2487 4070 2610 4123 μου
2635 4054 3006 4121 ,συντελέσω
3047 4055 3137 4118 εὶς
3156 4053 3425 4120 αὑτούς;
3461 4056 3583 4111 Kal
3618 4057 3785 4110 πάλιν·

2213 4144 2409 4214 Παροξ
2416 4143 2537 4198 υνῶ
2559 4145 2641 4210 ὠς
2667 4143 2992 4212 ἀστραπὴν
3031 4143 3149 4211 τὴν
3177 4144 3498 4214 μάχαιράν
3522 4165 3671 4218 μου,
3704 4146 3785 4201 τοι

2209 4236 2523 4302 ἀνθέξεται
2542 4236 2827 4305 κρίματος
2849 4236 2888 4304 ἡ
2918 4252 3050 4305 χείρ
3075 4252 3196 4305 μου
3215 4253 3230 4268 ο
3271 4238 3377 4291 καί
3395 4238 3783 4295 ἀνταποδώσω

2209 4328 2395 4397 δίκην
2414 4327 2542 4394 τοῖς
2573 4327 2834 4397 ἐχθροῖς,
2863 4326 2964 4381 καί
3000 4327 3126 4394 τοῖς
3144 4328 3414 4398 μισοῦσι
3435 4348 3521 4400 με
3546 4333 3783 4387 ἀνταπο-

521 4410 850 4467 clamantem
898 4415 1136 4484 accipiat
1171 4432 1184 4469 :
1227 4406 1357 4480 Quis
1407 4415 1746 4470 annuntiabit
1789 4416 1930 4470 vobis
1968 4432 2107 4486 quoa

2216 4418 2401 4474 δώσω.
2436 4418 2544 4471 Τοῦ
2564 4418 2620 4471 δὲ
2649 4416 2870 4472 Ἦσαῖου
2903 4418 3157 4488 βοῶντος,
3182 4418 3280 4485 Τίς
3310 4419 3654 4490 ἀναγγελεῖ
3670 4420 3783 4491 ὑμῖν

519 4500 657 4571 ignis
712 4503 903 4557 ardet?
953 4503 1082 4569 Quis
1142 4507 1480 4561 annuntiabit
1533 4506 1674 4560 vobis
1730 4505 1901 4561 locum
1956 4513 2111 4563 teter-

522 4605 651 4645 num
678 4591 754 4645 ‘5?
782 4592 1065 4648 Ambulate
1098 4596 1154 4648 in
1191 4594 1304 4649 luce
1339 4595 1476 4665 ignis
1508 4594 1687 4661 vestri,
1718 4603 1767 4650 et
1790 4596 1845 4649 in
1863 4598 2107 4669 ﬂamma,

521 4697 683 4752 quam
726 4685 1065 4739 succendistis
1097 4686 1165 4741 “.
1229 4686 1299 4741 Et
1352 4686 1553 4742 iterum
1595 4704 1610 4741 :
1649 4686 2023 4759 Egredientur,
2060 4700 2112 4744 et

519 4772 764 4828 uidebunt
787 4776 1051 4831 cadauera
1090 4778 1381 4846 hominum,
1419 4779 1510 4849 qui
1543 4781 1879 4849 praevaricati
1903 4792 2025 4836 sunt
2051 4784 2109 4837 in

518 4880 621 4919 me.
662 4865 862 4921 Vermis
887 4869 1027 4923 enim
1049 4884 1231 4925 eorum
1256 4887 1361 4925 non
1392 4873 1667 4938 morietur,
1689 4882 1739 4927 et
1761 4875 1894 4944 ignis
1918 4890 2102 4930 eorum

517 4972 625 5011 non
653 4960 1014 5030 eastinguetur
1036 4978 1054 5017 :
1077 4971 1127 5016 et
1154 4972 1308 5017 erunt
1332 4964 1389 5018 in
1414 4964 1666 5019 visionem
1694 4966 1839 5019 omni
1856 4968 2008 5021 carni
2031 4967 2098 5023 ⁸⁷.

515 5048 808 5107 Jeremiam
839 5068 1060 5125 quoque
1087 5054 1361 5112 dicentem
1395 5074 1409 5110 :
1444 5056 1582 5112 Date
1617 5057 1845 5112 Domino
1871 5058 1980 5128 Deo
2015 5077 2102 5116 ve-

513 5150 625 5196 stro
655 5142 903 5215 gloriam,
936 5155 1225 5219 antequam
1255 5150 1700 5214 contenebrescat,
1728 5160 1778 5204 et
1811 5159 2100 5223 antequam

514 5233 781 5302 oﬂendant
839 5235 992 5305 pedes
1046 5239 1206 5291 vestri
1252 5238 1322 5292 ad
1367 5248 1571 5292 montes
1599 5238 1914 5311 caliginosos
1940 5242 2007 5296 ⁸⁸.
2030 5243 2099 5297 Et

514 5338 709 5379 rursus
738 5341 751 5378 :
779 5325 989 5392 Audite,
1014 5328 1240 5399 populus
1277 5329 1472 5385 stultus
1511 5335 1690 5386 etsine
1728 5333 1882 5387 corde
1912 5351 1929 5387 :
1961 5332 2099 5388 oculi

510 5416 606 5480 eis,
643 5424 694 5471 et
736 5433 839 5471 non
875 5418 1085 5485 vident;
1124 5437 1280 5475 aures
1320 5423 1414 5488 eis,
1446 5433 1495 5477 et
1531 5440 1636 5478 non
1662 5425 1904 5479 audiunt.
1949 5424 2100 5479 Nun-

511 5505 638 5567 quid
682 5521 763 5560 me
801 5522 904 5561 non
940 5508 1207 5577 timebitis,
1244 5511 1371 5565 dicit
1414 5511 1710 5569 Dominus?
1753 5522 1845 5569 aut
1889 5531 1922 5568 a
1964 5515 2099 5581 facie

584 5623 1105 5700 δ’]ξοηιεῇνιιι-,Δὸὄη
1160 5629 1205 5663 ⁸⁸
1235 5630 1371 5686 ibid.
1402 5632 1491 5687 '58.
1568 5634 1614 5667 ³⁸
1649 5633 1693 5689 ll
1716 5632 1825 5689 Cor
1875 5649 1949 5698 iv,
1981 5633 2069 5700 10,
2102 5634 2189 5690 11.

2212 4509 2303 4565 ὅτι
2348 4511 2470 4578 πῦρ
2518 4510 2747 4565 καίεται
2759 4527 2779 4575 ;
2829 4511 2923 4576 τίς
2959 4510 3286 4583 ἀναγγελεῖ
3306 4511 3461 4581 ὑμῖν
3491 4515 3605 4569 τὸν
3624 4517 3781 4568 τόαιτ

2210 4601 2320 4659 τὸν
2336 4600 2616 4667 nidis-tor;
2639 4603 2980 4671 Πορεύεσθε
3001 4601 3082 4668 τῷ
3102 4603 3250 4672 φωτί
3271 4604 3385 4659 τοῦ
3402 4607 3607 4675 πυρὸς
3622 4604 3781 4676 ὑμῶν.

2210 4695 2312 4750 καί
2346 4694 2421 4763 τῇ
2442 4695 2646 4766 φλογί,
2671 4689 2710 4767 ᾗ
2736 4686 3128 4761 ἐξεκαύσατε.
3152 4695 3263 4749 Kal
3294 4696 3465 4749 πάλιν
3489 4716 3503 4728 ·
3545 4696 3783 4763 Ἐξελπί-

2208 4800 2441 4847 σονται,
2477 4784 2576 4838 καὶ
2604 4783 2860 4853 ὄψονται
2882 4785 2955 4838 τὰ
2977 4783 3143 4837 κῶλα
3167 4781 3286 4837 τῶν
3307 4784 3667 4854 ἀνθράκων,
3684 4783 3783 4839 τέκ’

2209 4877 2707 4945 παραϐεϐηκότων
2727 4876 2796 4930 ἐν
2816 4875 2968 4945 ἐμοί.
3005 4875 3069 4930 '0
3094 4877 3204 4946 γὰρ
3228 4875 3489 4945 σκώληξ
3511 4878 3710 4932 αὐτῶν
3726 4877 3782 4926 ei-

2207 4965 2585 5034 τελευτήσει,
2622 4965 2720 5019 καὶ
2762 4965 2825 5019 τὸ
2862 4966 2983 5034 πῦρ
3015 4965 3216 5021 αὐτῶν
3257 4968 3333 5023 οὐ
3363 4969 3779 5034 σϐεσθήσεται·

2207 5057 2307 5111 καὶ
2341 5059 2589 5112 ἔσονται
2610 5059 2698 5123 εἰς
2727 5057 2943 5126 ὅρασιν
2969 5056 3138 5126 πάσῃ
3162 5057 3370 5126 σαρκί.
3403 5060 3514 5113 Τοῦ
3545 5061 3603 5113 δὲ
3642 5059 3784 5127 Ἰερε-

2210 5148 2332 5217 μίου
2359 5148 2613 5216 λέγοντος
2634 5166 2649 5182 ο
2679 5149 2824 5202 Δότε
2852 5148 2934 5215 τῷ
2983 5150 3183 5218 Κυρίῳ
3228 5145 3357 5221 [Fr.
3387 5153 3595 5221 Κυρίῳ
3611 5145 3782 5221 iuri-1'1

2208 5228 2330 5305 Θεῷ
2358 5239 2530 5310 ὑμῶν
2551 5239 2743 5305 δόξαν
2767 5239 2883 5309 πρὸ
2925 5240 3033 5295 τοῦ
3055 5240 3381 5311 σκοτάσαι,
3417 5245 3517 5297 καί
3551 5244 3669 5314 apd
3693 5240 3782 5295 τοξο

2205 5333 2554 5401 προσκόψαι
2601 5331 2746 5398 τοὺς
2795 5332 2989 5399 πόδας
3009 5334 3177 5403 ὑμῶν
3206 5334 3305 5387 ἐπ’
3353 5333 3781 5406 ὅρησιιστεινέ.

2205 5425 2317 5479 Kal
2357 5425 2553 5479 πάλιν·
2600 5425 2928 5481 Ἀκούσατε
2951 5424 3106 5491 λαὸς
3126 5426 3331 5495 μωρὸς
3350 5428 3453 5481 καί
3480 5427 3781 5497 ἀκάρὸιες·

2204 5517 2500 5588 ὀφθαλμοὶ
2537 5517 2765 5585 αὐτοῖς,
2796 5518 2894 5573 καί
2925 5520 2998 5572 οὐ
3014 5518 3365 5583 ,ϐλέπουσιν
3384 5536 3399 5550 ·
3424 5515 3550 5575 ὦτα
3570 5516 3785 5581 αὐτο-ἵεν

2291 5635 2336 5668 ⁸¹
2371 5635 2415 5690 ll
2442 5636 2570 5691 Cor.
2598 5651 2695 5700 xu,
2726 5635 2779 5691 9.
2858 5636 2904 5668 ⁸²
2937 5634 3074 5691 ibid.
3150 5634 3237 5692 10.
3343 5638 3392 5671 ⁸³
3437 5638 3607 5695 Dent.
3638 5650 3787 5699 uni.

510 5688 603 5757 22,
632 5691 721 5746 25.
796 5696 841 5726 “
878 5688 1013 5750 ibid.
1048 5698 1137 5752 41.
1212 5701 1257 5732 ³⁵
1288 5701 1390 5756 lsa.
1428 5688 1743 5771 κιχιιιᾼήί
1773 5688 1832 5738 7“
1858 5688 1961 5759 ἰδέ.
1990 5688 2114 5774 ἰηίι

2237 5705 2282 5738 δτ
2313 5688 2417 5761 [sal
2444 5688 2703 5788 esset
2734 5688 2827 5740 "5°
2853 5688 3070 5765 neas;
3094 5688 3323 5773 xii—1,16.
