3876 6314
135 274 240 340 933

1410 271 1643 332 LIBER
1679 271 2107 336 ASCETICUS.

3275 281 3386 348 tm

126 388 225 441 καὶ
255 387 368 440 οὐκ
395 382 746 436 ἀκούουσιν.
792 380 930 450 Ἔμέ
959 381 1030 433 οὐ
1060 379 1506 449 φοϐηθήσεσθε,
1535 383 1699 449 λέγει

1811 399 1921 436 mea
1967 400 2072 437 non
2125 384 2469 440 verebintini?
2509 390 2597 458 qui
2643 388 2793 458 posui
2837 404 3057 442 arenam
3106 399 3389 448 ternnnum

126 479 378 548 Κύριοςξ
416 475 453 543 ἢ
485 473 606 528 ἀπὸ
636 472 742 526 τοῦ
781 469 1108 539 προσώπου
1141 488 1261 539 μου
1299 473 1411 525 οὐκ
1443 473 1702 538 εὐλαϐη-

126 569 418 635 θῄσεσθε;
446 566 556 620 τὸν
598 563 942 630 ποιήσαντα
986 564 1151 632 ὅριον
1199 562 1451 632 ⁴ψάμμον
1483 561 1556 630 τῇ
1602 569 1706 617 θα-

121 659 356 726 λάσσῃ,
390 657 747 725 πρόσταγμα
780 655 1044 719 αἰώνιον,
1079 654 1178 708 καὶ
1227 656 1340 722 οὐχ
1373 654 1708 721 ὑπερϐήσε-

122 770 218 807 ται
244 769 262 816 ;
295 751 408 805 Καὶ
432 750 593 804 πάλιν
622 767 636 780 ·
673 749 994 803 Παιδεύσει
1023 765 1096 802 σε
1115 747 1154 815 ἡ
1187 749 1534 803 ἀποστασία
1565 765 1704 812 σου,

124 843 223 896 καὶ
258 842 296 908 ἡ
327 843 507 894 κακία
542 858 660 893 σου
685 839 917 908 ἐλέγξει
971 856 1063 893 σε.
1097 839 1206 894 Καὶ
1236 837 1435 908 γνῶθι.
1465 839 1562 892 καὶ
1593 838 1703 896 ἴδε.

123 935 215 988 ὅτι
243 937 460 1001 πικρόν
484 933 584 986 σοί
609 932 740 984 ἐστι
777 931 843 983 τὸ
882 931 1239 985 καταλιπεῖν·
1279 945 1354 984 σε
1381 929 1516 999 ἐμὲ,
1546 930 1707 998 λέγει

123 1023 359 1090 Κύριος.
398 1020 544 1088 Ἐγὼ
565 1019 869 1086 ἐφύτευσα
891 1018 1164 1087 ἄμπελον
1184 1021 1566 1088 καρποφόρον
1592 1019 1708 1071 mi.—

123 1130 250 1167 σαν
265 1110 580 1178 ἀληθινήνη
602 1111 729 1176 πῶς
753 1110 1062 1179 ἐστράφης
1085 1112 1174 1175 εἱς
1203 1110 1446 1177 πικρίαν
1461 1111 1498 1177 ἡ
1523 1109 1708 1178 (ipsis:

124 1208 238 1270 λος
261 1205 298 1272 ἡ
328 1203 614 1271 ἀλλοτρία
632 1220 650 1266 ;
667 1204 776 1255 Καὶ
800 1201 977 1254 πάλιν·
1005 1182 1126 1255 Οὖκ
1152 1201 1407 1255 ἐκάθισα
1431 1201 1576 1267 μετὰ
1601 1217 1711 1255 συ-

124 1294 365 1362 νεδρίου
393 1292 718 1354 παιζόντων
741 1291 907 1364 [δίπι.
956 1291 1254 1360 συνεδρίῳ
1282 1291 1481 1346 αὐτῶν
1505 1290 1704 1363 παιζ.]·

124 1387 268 1440 ἀλλ’
308 1386 699 1454 ηὐλαϐούμην
763 1384 884 1438 ἀπὸ
942 1383 1266 1451 προσώπου
1315 1386 1516 1452 χειρός
1568 1400 1706 1439 σου.

125 1479 481 1546 Καταμόνας
507 1474 835 1546 ἐκαθήμην,
878 1475 968 1529 ὅτι
1025 1476 1264 1543 πικρίας
1294 1474 1706 1543 ἐνεπλήσθην.

125 1570 228 1632 Τίς
251 1569 305 1621 δὲ
337 1570 397 1621 οὐ
423 1567 639 1637 φρίσσει
669 1567 764 1620 τοῦ
823 1566 1085 1638 Ἰεζεκιὴλ
1131 1566 1364 1632 ἀκούων,
1422 1567 1706 1634 λέγοντοςο

1809 475 1978 538 mari;
2019 485 2334 544 prteceptum
2360 485 2637 542 teternum,
2661 489 2708 532 et
2743 496 2847 533 non
2867 483 3295 552 supergredietur
3319 489 3385 539 δέ’.

1806 561 1875 615 Et
1915 563 2116 617 iterum
2150 581 2163 616 :
2196 564 2455 635 Corripiet
2488 575 2538 620 te
2569 567 2786 637 defectio
2822 580 2934 635 tua,
2966 581 3013 624 et
3058 573 3262 628 malitia
3296 583 3387 630 tua

1806 663 1994 724 arguet
2033 663 2099 709 te.
2137 656 2206 710 Et
2246 659 2398 720 scito,
2433 667 2483 711 et
2514 660 2648 723 vide,
2683 663 2808 730 quia
2857 679 3104 717 amarum
3157 667 3248 720 tibi
3291 677 3387 734 est,

1807 745 1946 815 quod
1972 747 2248 818 reliqueris
2285 766 2388 814 me,
2418 751 2541 804 dicit
2569 752 2734 822 380
2764 754 3039 810 Dominus.
3091 757 3200 828 Ego
3233 760 3390 829 plan-

1808 839 1916 890 tavi
1969 839 2175 892 vineam
2223 840 2556 910 fructiferam
2609 859 2788 896 veram
2838 862 3086 912 onmem;
3134 853 3392 919 quomodo

1807 944 1959 982 versa
2005 945 2058 982 es
2101 931 2157 982 in
2205 932 2639 998 amaritudinem,
2685 935 2803 986 vitis
2839 934 3017 989 aliena
3046 937 3126 990 ‘°?
3157 938 3392 994 lterum-

1807 1036 1915 1090 que
1948 1037 1961 1073 :
1988 1021 2108 1074 Non
2135 1023 2245 1076 sedi
2285 1040 2404 1077 cum
2453 1011 2673 1077 concilio
2702 1026 3030 1092 ludentium;
3055 1030 3146 1082 sed
3180 1031 3396 1084 verebar

1809 1127 1841 1163 ιι
1884 1109 2020 1178 facie
2060 1128 2250 1165 manus
2295 1121 2420 1167 tute.
2459 1112 2613 1168 Solus
2647 1116 2919 1180 sedebant,
2963 1118 3088 1186 quia
3137 1121 3395 1172 amaritu-

1809 1201 1930 1254 dine
1966 1201 2151 1272 plenus
2185 1219 2334 1257 eram
2357 1205 2420 1258 ⁶¹.
2458 1205 2801 1260 Ezecltielem
2825 1222 2954 1261 vero
2979 1209 3232 1274 audiens,
3268 1211 3394 1279 quis

1809 1306 1921 1346 non
1958 1293 2188 1348 horrore
2219 1296 2648 1350 contremiscat‘?
2678 1297 2982 1368 Effundam,
3019 1298 3216 1368 inquit,
3253 1303 3394 1354 iram

1809 1399 1982 1436 meam
2013 1400 2172 1454 super
2197 1393 2266 1452 te,
2308 1395 2357 1440 et
2379 1387 2646 1457 complebo
2671 1389 2902 1457 furorem
2935 1406 3110 1443 meum
3139 1390 3193 1444 in
3222 1401 3273 1444 te
3301 1409 3319 1446 :
3346 1402 3396 1445 et

1799 1475 2053 1544 judicabo
2077 1486 2124 1530 te
2145 1479 2200 1531 in
2224 1479 2320 1532 viis
2349 1479 2474 1548 tuis,
2498 1489 2548 1534 et
2574 1481 2707 1535 dabo
2729 1499 2888 1552 super
2910 1491 2959 1537 te
2980 1500 3157 1538 omnes
3191 1485 3394 1540 abomi-

1810 1567 2048 1621 nationes
2073 1575 2192 1623 tuas
2218 1586 2236 1623 :
2263 1579 2312 1623 et
2338 1587 2440 1626 non
2480 1583 2658 1644 parcet
2693 1574 2876 1628 oculus
2909 1592 3074 1641 meus,
3106 1592 3270 1648 neque
3303 1579 3394 1633 mi-

137 1661 358 1732 Ἐκχεῶ
383 1662 500 1729 τὴν
527 1659 712 1729 ὀργήν
727 1677 846 1730 μου
869 1660 967 1712 ἐπὶ
990 1659 1085 1721 σέ,
1109 1659 1204 1712 καὶ
1230 1658 1580 1713 συντελέσω
1604 1659 1704 1712 τὸν

1811 1658 2093 1723 serebitur;
2141 1668 2191 1712 et
2233 1670 2357 1716 tunc
2405 1680 2680 1733 cognosces
2728 1666 2852 1735 quia
2894 1681 2986 1736 ego
3036 1666 3292 1722 Dominus
3323 1670 3389 1723 ⁶¹.

126 1721 319 1824 θυμόν
346 1721 466 1822 μου
497 1721 764 1806 έεὶιάοὶ-
796 1750 895 1804 καὶ
937 1750 1118 1818 κρινῶ
1154 1765 1229 1804 σε
1268 1750 1338 1803 ἐν
1364 1749 1494 1815 ταῖς
1543 1748 1704 1814 ὁδοῖς

1811 1747 1942 1814 Quis
1988 1765 2118 1805 vero
2167 1767 2235 1806 ex
2289 1753 2530 1809 Dauielis
2571 1756 2758 1810 verbis
2807 1771 2918 1811 non
2964 1769 3389 1830 compungatur,

122 1863 265 1910 σου,
299 1847 393 1900 καὶ
416 1845 590 1898 δώσω
610 1845 707 1897 ἐπὶ
740 1843 814 1897 σὲ
842 1845 1037 1897 πάντα
1062 1843 1134 1895 τὰ
1148 1841 1539 1912 βδελύγματά
1563 1855 1702 1896 σουο

121 1940 229 1994 καὶ
249 1941 321 1994 οὐ
349 1939 621 2008 φείσεται
642 1942 675 1994 ό
694 1937 1001 2007 ὀφθαλμός
1017 1953 1157 2004 μου,
1177 1934 1302 1990 οὐδ’
1329 1936 1400 1989 σὺ
1416 1935 1502 2005 μὴ
1527 1933 1701 2004 eam.

121 2046 248 2085 σω·
281 2032 379 2084 καὶ
410 2032 543 2084 τότε
577 2027 884 2098 ἐπιγνώσῃ
945 2026 1035 2079 ὅτι
1097 2025 1212 2092 ἐγὼ
1245 2027 1480 2093 Κύριος.
1524 2025 1621 2087 Τίς
1647 2025 1706 2078 δὲ

119 2122 222 2176 τοῦ
272 2121 468 2190 Δανιὴλ
516 2119 728 2174 ἁκούων
777 2119 838 2172 οὺ
887 2116 1250 2183 κατανύγεται
1271 2132 1284 2145 ·
1313 2117 1705 2188 διαγράφοντος

122 2213 421 2284 διαρῤήδην
450 2210 548 2282 τὴν
570 2209 782 2281 ἡμέραν
813 2209 910 2278 τῆς
950 2207 1186 2278 φοϐερᾶς
1220 2208 1453 2277 κρίσεως
1471 2247 1488 2272 ,
1540 2208 1598 2261 ὲν
1623 2202 1706 2271 οἷς

124 2321 313 2374 φησιν’
351 2303 498 2371 Ἐγὼ
523 2303 749 2370 Δανιὴλ
771 2300 1085 2368 ἐθεώρουν,
1119 2299 1231 2365 ἕως
1265 2295 1338 2354 οὗ
1367 2300 1568 2366 θρόνοι
1589 2297 1707 2350 ἐτέ-

125 2400 345 2464 θησαν.
379 2395 488 2448 Καὶ
518 2395 780 2459 Παλαιὸς
802 2391 1037 2461 ἡμερῶν
1072 2389 1390 2458 ἐκάθησεν.
1429 2391 1499 2444 Τὸ
1531 2390 1706 2444 ἐνδυ⁴

124 2504 209 2557 μα
229 2487 413 2541 αὑτοῦ
442 2486 670 2541 λευκὸν
699 2486 843 2539 ὡσεὶ
884 2484 1030 2554 χιών
1051 2501 1066 2517 ·
1101 2484 1199 2538 καὶ
1224 2485 1261 2551 ἡ
1293 2482 1426 2551 θρὶξ
1461 2481 1572 2550 τῆς
1604 2499 1704 2535 κε-

123 2580 328 2650 φαλῆς
383 2579 570 2634 αὐτοῦ
608 2579 686 2645 ὡς
722 2579 884 2646 ἔριον
927 2576 1214 2645 καθαρόν.
1261 2575 1368 2629 Καὶ
1418 2576 1450 2628 ό
1492 2575 1706 2641 θρόνος

124 2673 314 2728 αὐτοῦ
346 2672 506 2742 φλὸξ
529 2672 720 2738 πυρός
747 2688 758 2700 ·
785 2673 839 2723 οὶ
866 2667 1067 2738 τροχοὶ
1093 2665 1282 2722 αὑτοῦ
1304 2666 1424 2734 πῦρ
1454 2664 1702 2734 φλέγον.

1807 1839 1939 1894 dum
1992 1845 2338 1898 tremendum
2387 1845 2578 1915 judicii
2626 1845 2773 1901 diem
2817 1847 2892 1902 ita
2939 1848 3242 1904 describit?
3279 1851 3394 1922 Ego

1807 1929 2000 1985 Daniel
2017 1934 2273 1998 videbam,
2297 1936 2461 1989 donec
2481 1938 2655 1991 throni
2676 1939 2832 2008 positi
2859 1949 2983 1993 sunt
3006 1956 3025 1994 :
3047 1949 3097 1994 et
3130 1941 3394 2011 Antiquus

1807 2024 2011 2078 dierum
2039 2027 2194 2080 sedit.
2229 2027 2606 2083 Vestimentum
2637 2031 2751 2097 eius
2779 2031 3061 2086 candidum
3085 2035 3238 2103 quasi
3265 2033 3357 2088 nix
3373 2051 3395 2100 ;

1807 2123 1857 2168 et
1877 2115 2104 2185 capillus
2133 2119 2320 2188 capitis
2351 2119 2466 2191 ejus
2489 2120 2642 2190 quasi
2672 2117 2802 2174 lana
2838 2120 2982 2176 alba.
3020 2122 3255 2177 Throuus
3279 2125 3394 2194 ejus

1805 2208 2024 2276 ﬂamma
2046 2209 2207 2279 ignis,
2232 2218 2280 2264 et
2315 2219 2445 2264 rotis
2468 2211 2582 2281 ejus
2603 2212 2740 2282 ignis
2769 2213 2982 2267 ardens.
3020 2213 3232 2269 Flavius
3257 2216 3392 2284 ignis

1807 2297 2069 2362 trahebat,
2103 2300 2372 2368 egrediens
2410 2303 2464 2354 in
2502 2311 2777 2370 conspectu
2820 2304 2954 2373 ejus.
2997 2303 3189 2359 Millies
3223 2305 3393 2361 millia

1807 2389 2181 2444 ministrabant
2208 2393 2274 2456 ei,
2311 2401 2358 2446 et
2393 2383 2582 2447 millies
2618 2398 2808 2451 centies
2841 2406 3060 2453 centena
3095 2400 3262 2454 millia
3303 2418 3392 2455 as-

1805 2483 2058 2536 sistebant
2109 2501 2292 2538 coram
2335 2502 2414 2540 eo.
2456 2487 2724 2542 Iudicium
2763 2491 2915 2555 sedit,
2959 2499 3010 2544 et
3054 2491 3175 2546 libri
3221 2497 3395 2565 aperti

1804 2581 1928 2626 sunt
1963 2573 2007 2604 ⁸³
2043 2591 2057 2626 :
2094 2575 2528 2646 uniuscujusque
2577 2578 2788 2634 scilicet
2817 2588 2974 2636 actus
3014 2591 3068 2636 et
3103 2599 3290 2653 opera.
3324 2585 3394 2639 Et

1807 2664 2008 2719 iterum
2045 2683 2058 2719 :
2093 2666 2423 2735 Aspiciebam
2460 2669 2514 2722 in
2552 2671 2750 2724 visione
2789 2673 2986 2738 noctis;
3025 2681 3074 2727 et
3114 2690 3228 2728 ecce
3273 2693 3394 2730 cum

124 2766 398 2834 Ποταμὸς
425 2764 615 2832 πυρὸς
633 2761 858 2825 εἷλκεν,
875 2760 1350 2829 ἐκπορευόμενος
1367 2757 1704 2826 ἔμπροσθεν

1811 2754 2026 2808 nubibus
2055 2753 2170 2808 cali
2193 2757 2345 2826 quasi
2387 2755 2552 2812 Filius
2588 2759 2813 2813 hominis
2846 2760 3106 2825 veniebat,
3133 2770 3184 2816 et
3224 2779 3394 2834 usque

122 2851 336 2907 αὐτοῦ.
382 2853 580 2904 Χίλιαι
622 2850 889 2920 χιλιάδες
941 2849 1363 2915 ἐλειτούργουν
1394 2845 1576 2910 αὐτῷ,
1605 2845 1704 2899 καὶ

1811 2844 1878 2897 ad
1903 2843 2194 2914 Antiquam
2238 2845 2442 2900 dierum
2473 2851 2728 2916 peruenit,
2777 2859 2826 2903 et
2863 2851 2919 2903 in
2963 2859 3238 2922 conspectu
3281 2855 3395 2924 ejus

113 2945 328 3014 μύριαι
347 2942 632 3012 μυριάδες·
664 2939 1177 3008 παρειστήκεισαν
1208 2937 1552 3006 ἔμπροσθεν
1594 2937 1704 2989 αὺ-

1811 2935 2013 2990 oblatus
2053 2945 2130 2991 est
2163 2939 2238 3003 ei;
2279 2947 2329 2992 et
2366 2938 2522 2992 datus
2548 2950 2625 2994 est
2661 2943 2762 3012 ipsi
2785 2943 3113 3013 principatus
3146 2951 3194 2997 et
3229 2946 3395 2999 honor

120 3037 258 3090 τοῦ.
283 3035 596 3104 Κριτήριον
623 3033 885 3095 ἐκάθισε,
921 3031 1020 3086 καὶ
1042 3032 1249 3096 ,ϐίϐλοι
1279 3027 1700 3098 ἠνεῴχθησανο

1811 3035 1858 3080 et
1884 3044 2124 3098 regnum.
2159 3028 2230 3083 Et
2257 3046 2436 3084 omnes
2464 3031 2664 3102 populi,
2711 3033 2898 3096 tribus,
2926 3032 3118 3104 linguae
3142 3035 3244 3105 ipsi
3282 3052 3395 3089 ser-

122 3126 199 3178 τὰ
221 3125 580 3198 πεπραγμένα
599 3124 829 3178 ἑκάστου
856 3122 1015 3194 δῆλον
1032 3124 1133 3175 ὅτι.
1161 3122 1271 3174 Καὶ
1293 3120 1474 3173 πάλινδ
1504 3117 1704 3174 Ἐθεώ-

1813 3119 1953 3172 vient
1989 3135 2008 3172 :
2047 3127 2096 3173 et
2135 3122 2363 3189 potestas
2399 3122 2511 3191 ejus
2545 3130 2774 3193 potestas
2820 3131 3018 3176 aeterna
3039 3141 3059 3189 ;
3092 3132 3141 3176 et
3171 3140 3394 3195 regnum

109 3234 279 3286 ρουν
308 3217 376 3269 ἐν
413 3215 660 3285 ὁράματι
681 3213 797 3282 ,τῆς
833 3213 1074 3279 νυκτὸς,
1127 3213 1224 3266 καὶ
1259 3210 1389 3266 ἰδοὺ
1412 3210 1566 3280 μετὰ
1589 3207 1704 3262 τῶν

1811 3210 1924 3278 ejus
1956 3226 2176 3280 regnum
2212 3227 2494 3266 wternum.
2540 3213 2757 3268 Horruit
2806 3215 3026 3284 spiritus
3074 3231 3255 3281 meus,
3301 3233 3395 3288 ego

118 3307 400 3378 νεφελῶν
423 3309 527 3362 τοῦ
552 3309 838 3376 οὐρανοῦ,
861 3307 942 3372 ὠς
969 3306 1100 3372 Υἱὸς
1119 3303 1432 3372 ἀνθρώπου
1463 3301 1704 3371 ἐρχόμε-

1813 3299 2023 3366 Daniel,
2052 3301 2107 3354 in
2141 3302 2320 3355 habitu
2372 3319 2506 3369 meo,
2545 3311 2595 3356 et
2636 3305 2857 3358 visiones
2901 3305 3088 3374 capitis
3133 3307 3236 3360 ntei
3277 3323 3395 3361 con-

115 3419 236 3466 νος
264 3398 378 3472 ’ἦν’
409 3401 507 3454 καὶ
544 3400 654 3466 ἕως
686 3400 792 3454 τοῦ
824 3396 1091 3453 Παλαιοῦ
1132 3394 1369 3464 ἡμερῶν
1393 3393 1659 3462 ἔφθασεν
1685 3409 1702 3425 ⁸

1811 3392 2154 3446 turbaverunt
2187 3410 2268 3447 me
2295 3395 2361 3446 “.

116 3495 227 3549 καὶ
257 3491 513 3548 ἐνώπιον
545 3494 731 3548 αὐτοῦ
779 3489 1170 3560 προσηνέχθη
1215 3485 1403 3552 αὐτῷ·
1443 3486 1541 3540 καὶ
1577 3482 1736 3550 αὐτῷ
1771 3484 1948 3552 ἐδόθη
2005 3486 2044 3552 ἡ
2089 3485 2244 3555 ἀρχὴ
2291 3487 2390 3540 καὶ
2441 3488 2480 3554 η
2529 3487 2665 3556 τιμὴ
2709 3488 2807 3542 καὶ
2853 3489 2890 3556 η
2927 3488 3239 3552 βασιλεία.
3274 3489 3384 3544 Καὶ

115 3587 354 3652 πάντες
380 3589 434 3639 οἱ
463 3585 621 3650 λαοὶ,
676 3584 883 3655 φυλαὶ,
934 3581 1206 3652 γλῶσσαι
1257 3579 1417 3644 αὐτῷ
1491 3577 1904 3634 δουλεύσουσι
1931 3593 1945 3609 ο
1980 3577 2077 3629 καὶ
2141 3578 2179 3645 ἠ
2245 3577 2499 3641 ἐξουσία
2565 3579 2772 3644 αὐτοῦ,
2813 3579 3066 3644 ἐξουσία
3117 3579 3392 3647 αἰώνιος⁹

113 3681 229 3738 καὶ
255 3684 290 3749 ή
310 3682 601 3746 ,βασιλεία
625 3679 832 3745 αὐτοῦ,
853 3677 1144 3744 ,ϐασιλεία
1187 3674 1441 3739 αἰώνιος.
1483 3671 1731 3741 Ἕφριξε
1767 3671 1834 3724 τὸ
1859 3670 2095 3739 πνεῦμὰ
2119 3688 2269 3740 μου,
2297 3671 2412 3743 ἐγὼ
2457 3672 2704 3741 Δανιὴλ,
2743 3673 2814 3726 ἐν
2849 3673 2924 3742 τῇ
2954 3674 3076 3738 ἕξει
3099 3692 3241 3744 μου,
3294 3673 3392 3728 καὶ
3423 3740 3426 3742 _

111 3779 191 3832 al
220 3775 462 3844 ὁράσεις
490 3775 601 3844 τῆς
629 3773 898 3842 κεφαλῆς
913 3790 1034 3842 μου
1061 3766 1527 3836 συνετάρασσόν
1543 3783 1641 3834 με.

203 3876 311 3939 κη’.
350 3868 445 3930 Τίς
475 3867 532 3920 δὲ
562 3866 652 3920 τοῦ
684 3866 848 3920 Δασιὸ
885 3864 1099 3918 ἁκούων
1132 3860 1194 3913 οὐ
1222 3858 1487 3929 φοϐεῖται,
1520 3855 1700 3923 λέγον-

109 3980 222 4027 τος
247 3979 260 3992 ·
296 3959 493 4024 Ἄπαξ,
514 3958 822 4024 ἐλάλησεν
848 3961 880 4012 o’
910 3957 1075 4020 Θεὸς,
1099 3954 1208 4006 δύο
1242 3950 1427 4006 ταῦτα
1447 3948 1705 4016 ἤκουσα,

111 4053 221 4108 ὅτι
251 4051 318 4106 τὸ
347 4049 565 4119 κράτος
589 4048 694 4102 τοῦ
729 4048 899 4109 Θεοῦ,
919 4047 1015 4100 καὶ
1038 4043 1176 4108 σοῦ,
1204 4043 1403 4110 Κύριε,
1422 4039 1487 4093 τὸ
1508 4039 1701 4102 ἐλεος’

110 4146 220 4200 ὅτι
251 4142 332 4197 σὺ
359 4140 694 4206 ἀποδώσεις
742 4139 978 4202 ἑκάστῳ
999 4136 1150 4194 κατὰ
1197 4134 1268 4188 τὰ
1317 4133 1460 4201 ἔργα
1496 4129 1703 4186 αὐτοῦ.

108 4235 245 4290 Καὶ
302 4233 465 4287 πάλιν
543 4232 640 4285 τοῦ
712 4226 1142 4298 Ἐκκλησιαστοῢ
1201 4224 1479 4292 λέγοντος·
1531 4220 1708 4286 Τέλος

106 4327 343 4393 λόγου,
402 4323 468 4377 τὸ
501 4321 624 4377 πᾶν
652 4319 864 4374 ἄκουε’
909 4319 1014 4372 τὸν
1054 4316 1202 4370 Θεὸν
1220 4313 1430 4384 φοϐοῦ,
1474 4309 1709 4375 καὶτὰς

1865 3855 1972 3915 28.
2013 3853 2146 3921 Quis
2173 3869 2304 3908 vero
2332 3854 2592 3908 Davidem
2629 3853 2862 3909 audiens
2889 3869 2997 3909 non
3025 3856 3230 3922 timeat,
3261 3855 3394 3910 dum

1812 3945 1892 4001 ait
1928 3965 1940 3999 :
1971 3944 2146 4000 Semel
2185 3944 2387 3999 locutus
2415 3953 2493 3999 est
2528 3945 2690 4010 Deus,
2723 3946 2825 4000 duo
2864 3947 2973 4000 haec
3013 3947 3190 4000 audivi
3219 3965 3234 4000 :
3267 3948 3394 4018 quia

1813 4046 2043 4108 potestas
2072 4036 2167 4091 Dei
2199 4044 2296 4100 est,
2337 4045 2386 4088 et
2431 4045 2544 4102 tua,
2572 4036 2816 4102 Domine,
2841 4039 3230 4104 misericordia;
3267 4043 3394 4109 quia

1811 4139 1868 4184 tu
1907 4128 2088 4183 reddes
2127 4129 2408 4198 unicuique
2436 4129 2598 4199 juxta
2636 4144 2797 4198 opera
2831 4145 2929 4182 sua
2961 4129 3026 4183 ⁸⁵.
3074 4130 3396 4200 Rursusque

1810 4219 2196 4274 Ecclesiastem
2238 4235 2252 4270 :
2285 4217 2427 4272 Finis
2473 4218 2750 4282 sermonis,
2798 4226 2966 4271 totum
3017 4219 3188 4272 audi:
3224 4221 3393 4275 Deum

1810 4310 1956 4374 time,
1995 4317 2045 4362 et
2089 4308 2348 4363 mandata
2393 4309 2506 4380 ejus
2549 4309 2786 4375 custodi;
2829 4310 2922 4363 hoc
2961 4311 3096 4363 enim
3141 4321 3216 4364 est
3255 4320 3392 4367 totus

107 4382 384 4482 ἐντολάς
405 4414 592 4472 αὐτοῦ
609 4413 914 4482 φύλασσε,
933 4410 1021 4463 ὅτι
1040 4409 1215 4462 τοῦτο
1234 4405 1352 4471 πᾶς
1381 4405 1704 4472 ἅνθρωπος·

1815 4403 1968 4455 homo
1990 4417 2008 4454 .'
2039 4402 2163 4471 quia
2194 4417 2346 4455 omne
2387 4401 2586 4471 factum
2617 4401 2838 4455 adducet
2868 4400 3008 4455 Deus
3033 4402 3087 4455 in
3105 4402 3391 4472 judicium,

107 4512 221 4566 ὅτι
250 4478 502 4577 σύμπαν
527 4478 863 4573 τὸϋποίημα
901 4502 1028 4566 ἀξει
1068 4505 1099 4555 ό
1137 4499 1281 4564 Θεὸς
1317 4499 1386 4551 ἐν
1418 4497 1614 4563 κρίσει
1644 4495 1704 4549 ἐν

1811 4493 1866 4546 in
1899 4494 2043 4547 omni
2087 4492 2225 4564 quod
2264 4492 2558 4564 neglectum
2590 4501 2688 4560 est,
2719 4495 2826 4548 sive
2867 4493 3079 4558 bonum,
3125 4495 3231 4547 sive
3274 4511 3392 4548 ma-

109 4602 311 4656 :sartl
331 4598 785 4668 παρεωραμένῳ,
810 4596 919 4649 ἐὰν
947 4591 1194 4662 ἀγαθὸν,
1241 4589 1338 4644 καὶ
1381 4588 1489 4642 ἐὰν
1525 4600 1711 4656 πονη-

113 4695 259 4767 μὸν.

199 4784 304 4840 κΘ’.
341 4783 437 4847 Τίς
479 4783 536 4835 δὲ
581 4781 647 4834 τὰ
674 4781 836 4851 ὃμοια
864 4778 1082 4833 ἁκούων
1122 4775 1217 4829 τοῦ
1273 4772 1598 4828 Ἀποστόλου
1625 4772 1713 4826 λέ-

105 4891 340 4946 γοντος,
366 4872 428 4926 οὐ
449 4873 641 4943 τρέμει
665 4887 678 4901 ·
705 4869 803 4924 Δεῖ
823 4869 933 4938 γὰρ
959 4868 1186 4931 πάντας
1221 4863 1380 4934 ἡμᾶς
1405 4863 1710 4933 παραστῆ-

102 4981 229 5022 ναι
253 4962 336 5028 τῷ
351 4960 580 5031 ,βήματι
630 4961 736 5015 τοῦ
775 4958 1058 5028 Χριστοῦ,
1076 4958 1179 5011 ἵνα
1217 4957 1536 5025 κομίσηται
1568 4954 1707 5008 ἐκα-

105 5072 278 5122 στος
303 5055 472 5125 ημῶν
507 5057 580 5108 τὰ
601 5054 698 5110 διὰ
721 5053 826 5107 τοῦ
851 5052 1148 5122 σώματος,
1171 5049 1292 5103 εἴτε
1322 5047 1564 5118 ἀγαθὸν,
1589 5047 1710 5101 εἴτε

105 5149 344 5207 κακόν.
367 5148 462 5212 Τίς
491 5144 584 5201 οὖν
615 5147 674 5200 οὑ
708 5147 970 5216 Θρηνήσει
1002 5146 1101 5214 τὴν
1123 5141 1379 5196 ἀπιστίαν
1406 5139 1583 5212 ἡμῶν,
1618 5139 1714 5220 καὶ

102 5245 231 5316 τὴν
256 5242 530 5311 τύφλωσιν
563 5241 664 5310 τῆς
691 5240 869 5310 ψυχῆς
917 5237 1076 5309 ἡμῶν
1095 5255 1107 5269 ·
1137 5237 1219 5290 ὅτι
1243 5235 1448 5289 τούτων
1495 5234 1712 5287 πάντων

107 5334 443 5399 ἀκούοντες,
471 5333 533 5387 οὐ
567 5331 956 5403 μετανοοῦμεν,
979 5332 1074 5384 καὶ
1098 5327 1311 5399 πικρῶς
1332 5326 1594 5396 κλαίομεν
1618 5325 1712 5378 ἐπὶ

106 5432 198 5501 τῇ
230 5429 466 5503 τοσαύτῃ
489 5430 644 5500 ἡμῶν
669 5424 901 5498 ἀμελείᾳ
935 5422 1030 5476 καὶ
1064 5419 1338 5492 ρᾳθυμίᾳ;
1370 5418 1438 5488 ἢν
1468 5416 1712 5486 «portato-

204 5638 252 5668 ³⁹
284 5635 486 5690 Jercm.
515 5650 572 5696 ν,
601 5632 691 5695 2-1,
721 5630 812 5683 εε.
890 5627 934 5658 ⁸ο
978 5625 1188 5696 ποι-επιιὲ
1212 5636 1272 5686 ιι,
1296 5619 1497 5696 Διεξει.

108 5713 170 5743 δ”
207 5707 342 5762 ibid.
377 5705 552 5759 12-15.

1577 5620 1617 5649 θ’
1650 5618 1854 5673 Jerem.
1887 5633 1974 5683 xv,
2008 5617 2092 5669 l7.
2171 5615 2214 5646 ⁶²
2261 5613 2459 5668 Ezech.
2491 5629 2584 5675 vn,
2618 5615 2671 5678 4,
2703 5613 2758 5666 9.

633 5682 842 5754 δυἰάέέιι.
872 5712 979 5762 ut,
1010 5694 1097 5761 12,
1129 5693 1211 5748 l3.
1262 5682 1334 5723 ’⁸⁸⁸
1361 5690 1542 5746 Eccle.
1571 5704 1662 5754 xu,
1700 5708 1704 5718 λ

1823 5690 1907 5742 14.
1965 5682 2024 5718 ⁷⁸⁷
2055 5686 2096 5740 ll
2128 5684 2256 5740 Cor.
2292 5700 2342 5747 ν,
2384 5684 2480 5747 1ος
2515 5684 2672 5739 liam.
2703 5699 2810 5750 xxv,
2844 5682 2933 5739 10.

1811 4583 1924 4639 lunt
1953 4584 2020 4638 ⁸⁵.

1879 4773 1970 4830 29.
1997 4773 2134 4841 Quis
2163 4788 2294 4829 vero
2319 4772 2449 4828 dum
2475 4787 2542 4827 ex
2570 4772 2834 4842 Apostolo
2866 4772 2955 4829 his
2986 4774 3185 4829 similia
3215 4777 3392 4843 audit,

1811 4881 1918 4920 non
1944 4865 2375 4920 contremiscat:
2408 4862 2623 4934 Oportet
2653 4865 2791 4917 enim
2831 4879 2923 4918 nos
2953 4881 3130 4920 omnes
3157 4869 3271 4921 sisti
3299 4871 3395 4921 tri-

1811 4956 1994 5011 bunali
2011 4955 2225 5020 Christi,
2238 4965 2297 5009 ut
2318 4955 2513 5024 referat
2530 4957 2888 5026 unusquisque
2905 4964 3288 5027 nostrum,qua3
3302 4974 3395 5027 per

1809 5067 1999 5121 corpus
2027 5050 2205 5120 gessit,
2241 5050 2348 5103 sive
2384 5049 2596 5113 bonum,
2625 5051 2733 5102 sive
2776 5048 2978 5103 malum
3005 5050 3070 5102 ⁸⁷.
3103 5049 3235 5115 Quis
3267 5065 3396 5120 ergo

1812 5157 1924 5196 non
1962 5141 2146 5210 lugeat
2176 5139 2616 5194 incredulitatem
2646 5149 2890 5193 nostram
2921 5155 2984 5194 ac
3016 5141 3215 5194 mentis
3241 5141 3383 5196 cazci-

1815 5241 2004 5297 tatem,
2036 5232 2182 5301 quod
2225 5231 2342 5286 haec
2383 5231 2566 5285 omnia
2598 5231 2886 5287 audientes
2914 5232 3238 5300 poenitentia
3285 5249 3394 5287 non

1815 5323 2092 5386 ducimur,
2120 5337 2224 5377 nec
2264 5336 2366 5390 pro
2404 5328 2552 5376 tanta
2601 5331 2788 5376 nostra
2828 5322 3158 5392 negligentia
3192 5338 3254 5378 ac
3287 5331 3396 5376 tor-

1801 5430 1953 5485 pore
1979 5415 2137 5485 381
2168 5429 2352 5469 amare
2385 5414 2609 5469 ﬂemus?
2637 5412 2782 5468 Hanc
2799 5412 3067 5468 Jeremias
3097 5414 3290 5484 procul
3317 5417 3394 5469 vi-

2865 5613 2910 5644 ⁶³
2942 5614 3074 5669 Dan.
3101 5629 3194 5680 vn,
3223 5614 3279 5682 9,
3309 5614 3374 5670 10
