3876 6314
147 325 246 386 937

153 501 334 568 κρίας
371 500 550 568 γέμει.
581 501 920 570 Σίιντριμμα
965 502 1060 558 καὶ
1108 504 1476 570 ταλαιπωρία
1504 503 1572 554 ἐν
1595 502 1722 566 ταῖς

153 591 319 656 όδοῖς
369 589 590 655 αὐτῶν,
635 591 732 644 καὶ
780 593 926 647 όδὸν
958 594 1204 660 εἰρήνης
1245 597 1356 647 οὐκ
1409 595 1717 663 ἔγνωσαν·

152 683 268 734 οὐκ
321 679 450 732 ἐστι
501 681 685 748 φόϐος
725 681 874 734 Θεοῦ
911 681 1198 736 ἀπέναντι
1241 683 1357 734 τῶν
1403 680 1723 750 ὀφθαλμῶν

147 769 470 828 αὺτῶνΔιά
491 771 648 823 τοῦτο
676 771 836 824 πάλιν
857 773 1177 842 προὸλέπων
1195 773 1263 826 τά
1291 773 1570 844 μέλλοντα,
1595 791 1660 824 πε
1671 773 1723 843 p‘t

147 865 249 932 τῆς
272 863 366 916 νῦν
397 863 554 934 ἡμῶν
589 865 832 934 πονηρᾶς
862 865 1139 933 διαγωγῆς
1169 865 1304 934 πρὸς
1336 865 1430 918 τὸν
1461 865 1723 934 Τιμόθεον

151 955 352 1024 γράφει
377 971 389 984 ·
427 952 607 1006 Τοῦτο
630 953 698 1005 δὲ
719 953 1000 1024 γίνωσκε,
1041 953 1128 1007 ὅτι
1155 955 1223 1008 ἐν
1256 955 1540 1024 ἐσχάταις
1577 953 1722 1022 ήμέ-

137 1063 284 1112 ραις
327 1043 738 1110 ἐνστήσονται
785 1045 974 1112 καιροὶ
1006 1047 1300 1114 χαλεποί·
1341 1046 1584 1099 ἔσονται
1613 1044 1723 1114 γὰρ

149 1139 206 1188 ol
254 1135 549 1202 ἅνθρωποι
609 1136 922 1202 φίλαυτοι,
969 1137 1358 1206 φιλάργυροι,
1413 1135 1718 1202 ἀλαζόνες,

148 1227 556 1294 ὑπερήφανοι,
611 1225 1008 1294 βλάσφημοι,
1067 1227 1354 1294 γονεῦσιν
1425 1227 1719 1291 ἀπειθεῖς,

147 1317 488 1386 ἀχάριστοι,
537 1317 790 1378 ἀνόσιοι,
822 1318 1124 1386 ἄστοργοι,
1170 1317 1488 1380 ἄσπονδοι,
1524 1317 1720 1370 διάϐο-

145 1411 270 1470 λοι,
302 1407 602 1474 ἀκρατεῖς,
631 1407 950 1476 ἀνήμεροι,
987 1407 1374 1477 ἀφιλάγαθοι,
1417 1407 1720 1476 προδόται,

147 1497 488 1564 προπετεῖς,
515 1498 696 1550 καὶτὰ
720 1497 862 1568 ἑξῆς.
896 1498 994 1550 Διὰ
1019 1498 1177 1550 τοῦτο
1210 1499 1330 1550 οὐαὶ
1360 1501 1512 1568 ἡμῖν,
1540 1499 1618 1552 ὄτι
1644 1501 1722 1562 εἰς

147 1589 222 1638 τὰ
253 1589 454 1658 ἔσχατα
497 1587 604 1640 τῶν
660 1589 846 1642 κακῶν
892 1591 1329 1659 κατηντήσαμεν.
1376 1589 1473 1652 Τίς
1521 1589 1629 1659 γὰρ
1662 1588 1722 1652 ἐξ

145 1679 332 1750 ἡμῶν,
367 1679 490 1732 εἱπέ
563 1697 676 1749 μοι.
737 1679 846 1731 τῶν
883 1679 1292 1750 προειρημένων
1336 1679 1520 1732 κακῶν
1573 1682 1720 1732 ἐστιν

1431 321 1664 382 LIBER
1702 319 2126 380 ASCETICUS.

151 409 272 466 ὑπὸ
308 407 378 462 τὰ
411 409 582 476 χειλη
611 405 834 462 αὐτῶν·
876 405 961 464 ὧν
981 411 1046 464 τὸ
1083 409 1276 472 στόμα
1309 411 1462 478 ἀρᾶς
1495 411 1594 464 καὶ
1629 425 1722 462 πι-
1749 417 1791 472 Α
1823 409 1917 463 biis
1949 425 2132 462 eorum
2171 425 2187 460 .·

3293 321 3398 382 ⁸3ῗὸ

2237 425 2460 478 quorum
2498 425 2552 462 os
2578 407 2939 462 maledictione
2967 417 3012 460 et
3037 411 3398 464 antaritudine

1823 501 2036 568 plenum
2067 507 2162 550 est.
2197 497 2452 552 Contritio
2498 507 2544 550 et
2580 500 2857 568 infelicitas
2891 500 2944 552 in
2977 501 3070 552 viis
3120 515 3320 562 coruin,
3346 511 3396 556 et

1823 593 1958 644 viam
1991 592 2132 660 pacis
2165 607 2270 642 non
2306 599 2652 660 cognoverunt
2684 607 2700 643 :
2733 607 2838 644 non
2865 599 2936 644 est
2967 592 3123 644 timor
3151 591 3245 645 Dei
3274 599 3397 644 ante

1823 682 1996 735 oculos
2025 697 2206 734 eorum
2239 681 2305 734 ⁷⁷.
2339 681 2550 734 Idcirco
2585 682 2786 736 iterum
2829 697 2948 752 qua:
2983 682 3168 736 futura
3211 693 3395 738 essent

1821 772 2132 842 praevidens
2195 772 2264 824 ad
2339 772 2689 826 Timotheum
2753 773 2946 826 scribit
2997 792 3007 826 :
3063 774 3172 828 Hoc
3221 785 3396 828 autem

1821 867 1972 927 scito,
2001 864 2138 934 quod
2165 865 2219 916 in
2234 865 2526 918 novissimis
2543 863 2718 918 diebus
2743 865 3014 918 instabunt
3047 876 3282 936 tempora
3309 885 3399 937 pe-

1822 951 2052 1005 riculosa
2078 967 2095 1003 :
2126 960 2280 1006 erunt
2308 952 2446 1004 enim
2471 951 2708 1004 homines
2724 952 2918 1021 seipsos
2934 961 3195 1018 amantes,
3221 956 3392 1019 avari,

1823 1042 1964 1110 fastu
1995 1041 2142 1107 elati,
2171 1042 2401 1112 superbi,
2429 1039 2693 1106 maledici,
2715 1043 3019 1110 parentibus
3047 1045 3392 1116 immorigeri,

1820 1133 2041 1202 ingrati,
2069 1132 2294 1198 scelesti,
2326 1135 2439 1186 sine
2469 1134 2678 1203 affectu,
2733 1133 2904 1200 inﬁdi,
2951 1134 3392 1202 calumniatores,

1821 1226 2250 1296 intemperantes,
2277 1227 2522 1291 immites,
2560 1224 2812 1278 bonorum
2841 1225 3180 1296 negligentes,
3213 1229 3397 1298 prodi-

1822 1326 1982 1380 tores,
2008 1317 2360 1382 temerarii",
2388 1325 2444 1371 et
2472 1333 2592 1386 quae
2633 1325 2961 1387 sequuntur.
3004 1319 3392 1386 Quamobrem,

1823 1423 1902 1462 vae
1945 1409 2123 1470 nobis,
2169 1407 2316 1477 quod
2369 1407 2420 1460 in
2464 1417 2710 1462 extrema
2745 1409 3012 1462 malorum
3049 1407 3392 1464 devenimus.

1822 1501 1958 1555 Nam
1992 1503 2115 1570 quis
2143 1509 2418 1566 nostrum,
2456 1500 2672 1566 amabo,
2722 1515 2918 1570 expers
2955 1509 3256 1556 esteorum
3283 1517 3398 1556 ma-

1821 1593 2020 1657 lorum,
2054 1607 2175 1662 quae
2195 1591 2469 1645 diximus?
2489 1591 2680 1645 Nonne
2715 1591 2770 1644 in
2799 1591 2959 1646 nobis
2981 1591 3266 1661 impletum
3289 1601 3394 1656 est,

1822 1681 1970 1752 quod
2011 1682 2086 1735 ita
2125 1680 2336 1736 cmlesti
2360 1679 2624 1734 vaticinio
2653 1679 2863 1734 dictum
2893 1681 3020 1734 est?
3046 1681 3237 1736 Nonne
3273 1697 3396 1735 om-

147 1771 441 1840 ἀμέτοχος.
476 1770 612 1838 Οὐχὶ
655 1769 747 1821 ἐπὶ
773 1769 928 1839 ἡμῶν
981 1769 1270 1841 ἐπληρώθη
1312 1771 1344 1840 ἡ
1383 1770 1717 1842 προφητεία;

1827 1789 1919 1826 nes
1949 1787 2141 1826 sumus
2187 1773 2326 1842 gulze
2373 1771 2588 1826 dediti?
2636 1771 2827 1826 Nonne
2874 1787 3066 1826 omnes
3111 1773 3396 1827 studemus

147 1861 232 1913 υύ
257 1861 454 1922 πάντες
493 1859 656 1928 ἐσμὲν
681 1859 1116 1930 γαστρίμαργοι;
1154 1860 1228 1910 Οὐ
1275 1861 1476 1924 πάντες
1512 1861 1720 1930 φιλήδο-

147 1967 274 2016 vet;
307 1951 379 2002 Οὐ
409 1949 608 2011 πάντες
642 1949 928 2018 ὑλομανεῖς
955 1949 1050 2002 καὶ
1089 1947 1326 2017 φιλότηοι
1353 1967 1365 2014 ;
1416 1951 1489 2003 Οὐ
1521 1949 1722 2012 πάντες

149 2037 458 2108 ονμὼδεις;
521 2040 594 2091 Ub
647 2038 846 2100 πάντες
879 2037 1208 2106 immutati;
1247 2039 1320 2089 Οὐ
1351 2040 1549 2101 πάντες
1595 2055 1722 2110 μνη-

149 2131 405 2196 σίκακοι;
462 2131 534 2184 Οὐ
589 2131 792 2194 πάντες
845 2129 1102 2198 προδόται
1149 2129 1329 2200 πάσης
1379 2130 1608 2200 ἀρετῆςς
1643 2129 1716 2182 Οὐ

147 2222 355 2284 πάντες
385 2221 644 2290 λοίδοροις
689 2221 762 2273 Οὐ
797 2219 994 2282 πάντες
1039 2219 1398 2288 φιλόσκοπται
1425 2217 1542 2290 [Fh
1573 2218 1722 2286 φιλο-

153 2309 464 2382 σκῶπται];
502 2311 575 2363 Οὐ
617 2311 814 2374 πάντες
867 2311 1190 2380 προπετεῖς;
1249 2311 1324 2362 Οὐ
1364 2309 1564 2372 πάντες
1601 2326 1722 2378 μισ-

147 2398 405 2464 άδελφοι;
433 2399 506 2452 Οὐ
538 2399 739 2460 πάντες
766 2397 1164 2468 τετυφωμένως
1197 2397 1270 2449 Οὐ
1306 2395 1502 2457 πάντες
1525 2391 1721 2456 ἀλαζό-

144 2505 272 2551 νες;
300 2489 371 2540 Οὐ
415 2489 614 2550 πάντες
669 2487 1040 2558 ὑπερήφανοι;
1072 2487 1144 2539 Οὐ
1190 2485 1387 2548 πάντες
1417 2481 1720 2548 κενόδοξοι;

145 2577 231 2628 Ui;
267 2579 464 2638 πάντες
489 2577 784 2646 ὑποκριταί
811 2593 826 2638 ;
857 2577 929 2629 Οὺ
971 2577 1168 2638 πάντες
1197 2575 1394 2639 δό).ιοι;
1430 2573 1502 2625 Οὐ
1527 2572 1722 2635 πάντες

145 2667 440 2738 φθονεροί;
481 2669 556 2720 Οὐ
584 2669 784 2731 πάντες
817 2668 1217 2730 ἀνυπότακτοι;
1248 2668 1320 2720 Οὐ
1352 2663 1554 2727 πάντες
1585 2667 1724 2735 ἀκη-

147 2759 404 2825 Stud-tati;
437 2757 514 2814 Οὐ
551 2761 752 2821 πάντες
789 2761 1077 2830 περίακτοι
1109 2757 1233 2830 [Ρτ.
1263 2756 1612 2832 περιάκταῑ];
1645 2759 1722 2810 οὐ

145 2853 352 2914 πάντες
383 2852 648 2922 ρᾴΟυμοι;
677 2853 748 2904 Ob
783 2852 980 2913 πάντες
1014 2853 1238 2922 ἀμελεῖς
1266 2850 1372 2904 τῶν
1412 2848 1504 2902 τοῦ
1541 2847 1726 2918 Σωτῆ-

147 2961 248 3016 ρος
273 2943 538 3007 ἑντολῶνς
575 2943 646 2996 Οὐ
682 2943 880 3004 πάντες
922 2944 1100 3010 πάσης
1151 2940 1350 3003 κακίας
1381 2939 1676 3009 ἀνάμεστοι
1705 2955 1722 3004 ;

148 3037 290 3104 Οὐχὶ
325 3035 624 3104 γεγόναμεν
645 3035 764 3087 ἀντὶ
794 3033 922 3086 ναοῦ
957 3033 1112 3098 Θεοῦ,
1131 3033 1256 3095 ναὸς
1285 3031 1554 3096 εἰδώλων;
1589 3031 1722 3100 Οὐχὶ

1821 1865 2064 1920 libidini?
2088 1863 2280 1918 Nonne
2310 1879 2501 1918 omnes
2542 1873 2892 1918 terrenorum
2917 1878 3104 1918 amore
3135 1879 3274 1933 pene
3307 1864 3395 1918 in—

1819 1953 2068 2008 sanimus
2114 1951 2290 2022 iisque
2339 1951 2615 2006 inhiamus
2639 1951 2662 2005 ?
2685 1953 2879 2006 Nonne
2918 1967 3110 2006 omnes
3145 1951 3396 2007 iracundi

1821 2045 2058 2100 sumus?
2089 2044 2287 2116 Nonne
2333 2059 2522 2100 omnes
2565 2059 2794 2100 rancore
2842 2043 3012 2098 animi
3067 2044 3396 2114 injuriarum

1823 2135 2085 2192 tenaces?
2109 2135 2300 2190 Nonne
2325 2146 2581 2206 perpetes
2613 2135 2932 2190 inimicitias
2951 2151 3142 2189 omnes
3169 2136 3397 2188 alimus?

1820 2231 2011 2284 Nonne
2067 2243 2258 2284 omnes
2307 2229 2528 2282 virtutis
2572 2229 2752 2284 omnis
2795 2227 3110 2298 proditores
3159 2225 3397 2282 sumus?

1821 2322 2012 2376 Nonne
2066 2337 2257 2376 omnes
2325 2319 2620 2376 maledici?
2692 2319 2885 2374 Nonne
2946 2333 3138 2372 omnes
3203 2317 3392 2372 convi-

1821 2415 2095 2470 ciatores?
2145 2414 2338 2468 Nonne
2379 2428 2572 2467 omnes
2625 2411 2906 2466 temerarii
2947 2427 3010 2465 ac
3049 2411 3397 2480 praecipites?

1819 2502 2012 2556 Nonne
2073 2517 2264 2554 omnes
2312 2499 2556 2552 fraterno
2605 2498 2734 2552 odio
2793 2497 3149 2552 laboramus?
3202 2498 3396 2552 Nonne

1822 2608 2012 2648 omnes
2037 2591 2208 2645 inﬁati
2241 2590 2461 2645 sumus?
2481 2589 2670 2644 Nonne
2705 2604 2896 2643 omnes
2919 2588 3396 2642 fastuosi?Nonne

1823 2699 2015 2740 omnes
2062 2681 2284 2752 superbi
2314 2683 2337 2735 ?
2366 2683 2557 2736 Nonne
2587 2696 2779 2736 onmes
2813 2680 2993 2734 inanis
3023 2681 3208 2750 gloria-
3235 2681 3395 2750 cupi-

1823 2775 1923 2830 di?
1955 2774 2146 2828 Nonne
2188 2787 2380 2835 omnes
2407 2771 2800 2826 simulatores?
2845 2770 3034 2824 Nonne
3069 2785 3259 2822 omnes
3299 2770 3398 2824 do-

1823 2865 1961 2921 losi?
1991 2865 2186 2920 Nonne
2216 2878 2408 2918 onmes
2437 2861 2650 2916 invidi?
2672 2861 2864 2916 Nonne
2895 2876 3087 2916 omnes
3110 2862 3348 2930 protervi
3373 2861 3398 2914 ?

1823 2953 2012 3007 Nonne
2062 2967 2254 3008 omnes
2295 2951 2553 3006 desidiosi
2580 2951 2603 3003 ?
2634 2951 2824 3006 Nonne
2871 2967 3063 3006 omnes
3123 2951 3398 3006 versatilis

1823 3041 1989 3096 animi
2013 3040 2248 3094 ?Nonne
2274 3055 2466 3092 omnes
2483 3037 2662 3110 pigri?
2683 3038 2872 3092 Nonne
2909 3053 3100 3092 omnes
3135 3039 3400 3106 neglectis

147 3126 278 3178 ἀντὶ
330 3125 641 3194 Πνεύματος
681 3123 860 3192 ἁγίου,
909 3126 1234 3192 πνευμάτων
1269 3123 1516 3194 πονηρῶν
1556 3125 1720 3190 ἐσμεν

1827 3139 2107 3198 torpemus
2139 3129 2437 3183 Salvatoris
2475 3129 2784 3181 mandatis?
2809 3129 3000 3182 Nonne
3028 3145 3220 3182 omnes
3247 3131 3396 3182 omni

101 3255 110 3263 .
149 3215 507 3282 καταγώγια;
555 3217 688 3286 Οὐχὶ
737 3215 1134 3283 πεπλασμένως
1187 3213 1276 3266 τὸν
1325 3214 1458 3266 Θεὸν
1503 3213 1722 3282 Πατέρα

149 3304 591 3375 ὲπικαλούμεοα;
646 3305 779 3374 Οὐχὶ
831 3305 951 3357 ἀντὶ
979 3305 1112 3356 υἱῶν
1155 3303 1289 3358 Θεοῦ
1347 3305 1452 3356 υἱοὶ
1497 3305 1724 3374 γεέννης

149 3398 497 3466 γεγόναμενς
541 3397 674 3466 Οὐχὶ
718 3397 958 3466 χείρονες
1004 3395 1110 3448 τῶν
1149 3395 1438 3458 Ἰουδαίων,
1467 3397 1514 3448 οἱ
1546 3395 1639 3447 νῦν
1666 3395 1726 3446 τὸ

151 3489 300 3558 μέγα
335 3485 569 3556 Χριστοῦ
602 3486 770 3556 ὄνομα
797 3489 1242 3557 περιφερόμενοι,
1269 3486 1607 3554 γεγόναμενς
1633 3483 1726 3536 καὶ

154 3579 361 3651 μηδεὶς
419 3579 797 3646 ἀγανακτείτω
856 3582 955 3647 τὴν
1003 3579 1257 3648 ἀλήθειαν
1315 3578 1546 3638 ἀκούων,
1606 3576 1727 3629 ἐπεὶ

151 3672 400 3723 κάκεῖνοι
423 3671 725 3739 παράνομοι
747 3669 897 3733 ὄντες
918 3667 1121 3736 ἔλεγον,
1154 3665 1355 3736 Ἠμεῖς
1376 3665 1483 3719 ἕνα
1501 3665 1728 3732 Πατέρα

151 3764 398 3831 ἔχομεν,
427 3761 534 3815 τὸν
559 3764 706 3815 Θεόν
730 3779 743 3793 ·
770 3761 884 3814 ἀλλ’
917 3763 1110 3830 ἥκουσιν
1141 3759 1290 3828 παρά
1333 3757 1426 3808 τοῦ
1455 3747 1726 3825 Σωτῆρος,

151 3855 239 3906 ὅτι
299 3851 494 3919 ’Υμεῖς
545 3851 612 3904 ἐκ
659 3849 764 3904 τοῦ
817 3851 1046 3917 Πατρός
1075 3845 1242 3916 ὑμῶν
1294 3846 1398 3898 τοῦ
1447 3845 1726 3897 διαϐόλου

152 3941 322 4004 ἐστὲ,
353 3941 449 3994 καὶ
481 3941 586 4006 τὰς
617 3940 931 4008 ἐπιθυμίας
963 3937 1072 3992 τοῦ
1091 3935 1318 4004 Πατρός
1339 3933 1506 4004 ὑμῶν
1530 3933 1728 3987 θέλετε

155 4047 372 4086 ποιειν.

1825 3237 2016 3278 sumus
2043 3221 2249 3276 malitia
2281 3221 2522 3290 repleti?
2555 3222 2742 3275 Nonne
2775 3238 2874 3289 pro
2903 3222 2995 3276 Dei
3031 3224 3254 3292 templo,
3287 3221 3398 3276 ido-

1825 3313 2002 3366 lorum
2028 3313 2320 3368 delubrum
2371 3313 2496 3367 facti
2530 3315 2761 3368 sumus?
2791 3314 2982 3368 Nonne
3029 3330 3128 3384 pro
3159 3315 3398 3384 Spiritus

1825 3403 2000 3458 sancti
2035 3405 2177 3468 aula,
2205 3405 2668 3474 nequissimorum
2695 3405 2988 3474 spirituum
3023 3405 3256 3473 mapalia
3300 3420 3400 3458 au-

1825 3493 2052 3546 dimus?
2107 3493 2295 3548 Nonne
2345 3493 2468 3549 ﬁcte
2515 3495 2686 3550 Deum
2771 3495 2986 3549 Patrem
3035 3495 3400 3548 invocamus?

1824 3579 2016 3635 Nonne
2053 3597 2153 3650 pro
2204 3581 2331 3635 ﬁliis
2370 3582 2490 3648 Dei,
2531 3582 2795 3652 gehent
2839 3581 2936 3636 ﬁlii
2983 3581 3113 3636 facti
3162 3579 3400 3638 sumus?

1824 3669 2017 3724 Nonne
2065 3671 2268 3726 Judaeis
2301 3673 2607 3728 deteriores
2629 3673 2924 3738 evasimus,
2953 3673 3047 3742 qui
3095 3689 3242 3728 nunc
3285 3687 3402 3725 ma-

1826 3777 1992 3830 gnum
2017 3761 2222 3815 Christi
2245 3777 2446 3816 nomen
2474 3763 2934 3818 circumferimus.
2969 3763 3082 3816 Nec
3109 3763 3400 3831 quisquam

1829 3849 2050 3917 indigne
2083 3849 2221 3902 lerat
2244 3851 2371 3902 dum
2407 3851 2562 3903 audit
2591 3852 2902 3912 veritatem,
2940 3860 3145 3904 cumet
3177 3851 3398 3903 scelesti

1829 3939 1908 3994 Illi
1939 3940 2278 4009 obiectarent
2301 3947 2463 4008 atque
2488 3939 2737 3994 dicerent
2780 3957 2792 3991 :
2831 3939 2936 3992 Nos
2987 3957 3151 3992 unum
3183 3939 3399 3992 Patrem

1829 4030 2099 4095 habemus,
2141 4030 2308 4084 Deum
2359 4031 2442 4095 7°;
2507 4029 2601 4084 sed
2657 4029 2951 4083 audierunt
3002 4045 3030 4084 a
3074 4029 3395 4084 Salvatore:

152 4127 318 4200 383
349 4127 444 4181 Vos
476 4141 538 4180 ea:
567 4134 714 4198 patre
745 4134 914 4180 vestro
941 4123 1146 4179 diabolo
1174 4125 1314 4188 estis,
1356 4129 1404 4176 et
1435 4123 1602 4193 patris
1629 4123 1786 4178 vestri
1816 4123 2074 4178 desideria
2105 4126 2261 4180 vultis
2285 4127 2468 4198 facere
2487 4123 2555 4176 ⁸³.

228 4221 327 4289 λγ⁹.
363 4221 488 4283 Πῶς
517 4217 609 4273 οὖν
648 4221 741 4273 καὶ
768 4221 928 4290 ἡμεῖς
958 4217 1274 4286 παραϐάται
1304 4217 1456 4276 ὄντες
1493 4215 1601 4268 τῶν
1632 4217 1720 4268 ἐν-

155 4313 326 4365 τολῶν
371 4311 558 4374 αὑτοῦ,
591 4313 659 4364 τά
706 4311 866 4380 ὅμοια
899 4311 1028 4380 παρ’
1064 4309 1227 4361 αὐτοῦ
1277 4309 1376 4360 οὐκ
1415 4303 1720 4374 ἁκούομεν;

167 4404 321 4457 Ἐπεὶ
366 4405 458 4458 καὶ
498 4405 526 4457 ὁ
571 4403 893 4466 Ἀπόστολος
931 4401 1058 4464 τοὺς
1101 4399 1380 4469 Πνεύματι
1417 4397 1722 4468 ἀγομένους

149 4491 308 4549 εἶπεν
332 4491 472 4549 εἶναι
507 4496 658 4557 υἱοὺς
681 4494 815 4547 Θεοῦ
835 4511 848 4524 ·
881 4495 1043 4547 Ὅσοι
1073 4491 1144 4560 γά
1164 4509 1212 4563 ρ,
1248 4491 1404 4560 φησὶ,
1427 4491 1723 4558 Πνεύματι

152 4587 306 4640 Θεοῦ
339 4589 601 4656 ἄγονται,
635 4583 802 4642 οὗτοί
830 4589 990 4639 εἰσιν
1017 4585 1132 4638 υἱοὶ
1167 4584 1332 4637 Θεοῦ.
1359 4583 1480 4645 Πῶς
1505 4577 1598 4635 οὖν
1631 4580 1724 4634 καὶ

149 4679 314 4747 ἡμεῖς
355 4680 418 4729 ἐκ
447 4675 538 4729 τοῦ
588 4675 820 4728 θανάτου
860 4674 1139 4743 ἀγόμενοι,
1192 4673 1297 4725 ulo‘t
1329 4671 1463 4725 Θεοῦ
1506 4669 1724 4723 ἀκούειν

149 4767 450 4837 δυνάμεθα;
485 4767 556 4820 Τὸ
587 4767 695 4836 γὰρ
729 4769 1006 4835 φρόνημα
1035 4763 1146 4832 τῆς
1172 4762 1416 4830 σαρκὸς,
1447 4761 1718 4825 θάνατος.

151 4859 220 4911 Οἱ
249 4857 304 4910 δὲ
334 4855 608 4926 Πνεῦματι
632 4858 908 4926 ἀγόμενοι,
941 4857 1004 4908 ἐκ
1033 4855 1150 4906 τῶν
1184 4853 1410 4922 καρπῶν
1431 4851 1521 4904 τοῦ
1559 4851 1724 4904 Ilvati-

153 4965 324 5017 ματος
358 4949 506 5017 δῆλοί
561 4950 718 5000 εἰσιν.
755 4947 993 5015 Εἴδωμεν
1030 4941 1123 4997 οὖν
1165 4945 1290 5006 τοὺς
1344 4942 1588 5013 καρποὺς
1625 4941 1718 4994 τοῦ

151 5039 296 5091 ιινεύ
306 5055 474 5108 ματος
491 5055 506 5069 ·
536 5039 598 5092 '0
623 5037 732 5108 γὰρ
764 5037 993 5105 καρπὸς
1017 5035 1123 5088 τοῦ
1145 5037 1510 5103 Πνεύματος,
1534 5035 1717 5103 φησιν,

148 5127 326 5179 ἐστὶν
352 5127 572 5194 ἀγάπη,
597 5127 768 5195 χαρὰ,
793 5126 1018 5194 εἰρήνη,
1045 5126 1439 5194 μακροθυμία,
1471 5125 1724 5192 χρηστό-

151 5233 286 5282 της,
326 5211 710 5286 ἁγαθοσύνη,
763 5217 987 5281 πίστις,
1043 5215 1342 5282 πραότης,
1392 5211 1722 5281 ἐγκράτεια.

150 5303 303 5375 Ἀρα
331 5307 526 5377 ἔχομεν
548 5307 720 5361 ταῦτα
752 5309 808 5360 ἐν
837 5307 1088 5370 ἐαυτοῖ;;
1120 5305 1264 5356 Ἀλλ’
1297 5303 1404 5356 aio:
1443 5303 1516 5372 μὴ
1541 5303 1725 5355 πάντα

153 5397 226 5449 τά
259 5399 492 5450 ἐναντία.
535 5397 658 5458 Πῶς
687 5394 780 5449 οὖν
811 5397 918 5449 υἱοὶ
963 5393 1098 5448 Θεοῦ
1141 5393 1360 5446 ἀκούειν
1412 5391 1722 5462 δυνάμεθα,

157 5489 254 5539 καὶ
280 5487 402 5558 οὐχὶ
438 5487 642 5558 μᾶλλον
676 5491 739 5540 ὲκ
768 5485 1130 5540 τοῦ-ἐναντίου
1157 5501 1173 5550 ;
1207 5483 1282 5536 Τὸ
1321 5485 1428 5555 γὰρ
1479 5483 1544 5536 ἐκ
1581 5497 1725 5544 τινος

227 5601 274 5633 ⁷⁷
298 5601 439 5654 Psal.
472 5613 586 5660 xm,
614 5599 680 5664 5;
705 5599 872 5652 Rom.
899 5614 978 5662 ιιι,
1012 5597 1194 5650 12-18.

159 5668 208 5701 ⁸⁸
237 5669 372 5725 ibid.
417 5671 472 5722 8.
549 5669 594 5699 ³³
623 5669 797 5722 Galat.
831 5685 884 5734 v,
923 5667 994 5720 22

365 5761 634 5844 Ριτιιρξ.
689 5759 808 5820 (in.
857 5756 975 5814 XC.

1270 5596 1314 5628 ⁷⁸
1343 5595 1388 5648 ιι
1414 5595 1556 5650 Tim.
1593 5611 1672 5658 ιιι,
1709 5595 1817 5649 lui.

1896 4219 1985 4271 35.
2027 4219 2315 4284 Quomodo
2359 4219 2524 4286 igitur
2557 4233 2655 4272 nos
2679 4233 2919 4287 quoque,
2960 4216 3052 4285 qui
3078 4217 3196 4286 ejus
3247 4233 3403 4272 mau-

1825 4305 2076 4358 datorum
2114 4313 2540 4374 transgressores
2587 4303 2778 4364 simus,
2829 4317 2936 4356 non
2972 4302 3159 4356 eadem
3201 4319 3269 4357 ex
3307 4305 3400 4358 illo

1826 4391 2158 4445 audiemus?
2195 4391 2328 4445 Nam
2360 4401 2414 4445 et
2437 4391 2750 4461 Apostolus,
2783 4403 2878 4444 cos
2925 4390 3018 4458 qui
3050 4389 3256 4458 Spiritu
3301 4391 3398 4446 Dei

1827 4491 2084 4550 aguntur,
2137 4481 2275 4534 ﬁlios
2307 4482 2402 4534 Dei
2455 4481 2830 4550 nuncupavit:
2869 4479 3173 4549 Quicunque
3219 4483 3398 4546 enim,

1829 4573 2026 4642 inquit,
2056 4573 2256 4642 Spiritu
2281 4573 2375 4625 Dei
2399 4581 2652 4643 aguntur,
2689 4572 2742 4626 Ιιὶ
2762 4581 2881 4624 sunt
2916 4569 3016 4640 ﬁlii
3049 4573 3226 4626 Dei“.
3251 4573 3400 4638 Quo-

1827 4681 1953 4719 nam
1983 4666 2150 4735 igitur
2177 4665 2338 4719 modo
2361 4681 2460 4718 nos
2494 4679 2711 4734 quoque
2738 4663 2830 4733 qui
2855 4680 2920 4717 ex
2953 4671 3126 4717 morte
3151 4680 3398 4734 agantur,

1829 4758 1925 4810 ﬁlii
1949 4757 2042 4810 Dei
2062 4757 2252 4810 audire
2283 4757 2616 4825 possumus?
2645 4755 2839 4809 Sensus
2870 4757 3007 4807 enim
3035 4757 3232 4818 carnis,
3261 4772 3401 4808 mors

1829 4861 1902 4904 est
1935 4851 1996 4903 ⁸².
2029 4850 2132 4916 Qui
2164 4857 2344 4903 autem
2374 4849 2582 4918 Spiritu
2611 4857 2866 4918 aguntur,
2891 4865 2957 4902 ex
2981 4847 3251 4901 fructibus
3275 4847 3400 4916 Spi-

1827 4941 1966 4993 ritus
2006 4938 2276 4992 manil‘esti
2301 4945 2446 4992 sunt.
2485 4937 2774 4992 Videamus
2813 4938 2974 5006 igitur
2997 4937 3208 4990 fructus
3229 4935 3402 5004 Spiri-

1829 5041 1918 5086 tus
1951 5049 1962 5083 :
1993 5029 2212 5083 Fructus
2239 5031 2378 5082 enim
2433 5027 2688 5098 Spiritus,
2743 5029 2938 5098 inquit,
2987 5036 3092 5092 est,
3143 5029 3400 5092 Charitas,

1829 5123 2103 5192 gaudium,
2143 5137 2278 5191 pax,
2331 5121 2708 5190 longanimitas
2734 5162 2747 5184 ,
2794 5121 3122 5190 benignitas,
3173 5118 3398 5182 bonitas,

1827 5211 1978 5280 ﬁdes,
2009 5211 2374 5274 mansuetudo,
2404 5213 2721 5264 continentia
2743 5211 2808 5263 ⁸³.
2840 5211 2978 5264 Νιιιιι
3011 5210 3127 5263 haec
3155 5207 3208 5262 in
3241 5209 3402 5262 nobis

1829 5303 2130 5358 habemus?
2153 5303 2366 5358 Utinam
2403 5319 2532 5356 vero
2569 5319 2670 5356 nec
2707 5302 2978 5355 contraria
3005 5301 3220 5354 omnia!
3249 5297 3400 5365 Quo-

1827 5407 1953 5445 nam
1987 5391 2152 5462 igitur
2177 5391 2338 5445 modo
2365 5391 2456 5444 ﬁlii
2476 5392 2592 5456 Dei,
2623 5401 2679 5444 et
2701 5407 2804 5444 non
2833 5392 3014 5460 potius
3046 5407 3075 5444 e
3099 5392 3398 5458 contrario,

1830 5479 2023 5534 audire
2057 5483 2388 5548 possumus?
2416 5479 2570 5546 Quod
2595 5479 2744 5534 enim
2770 5495 2836 5532 ex
2862 5479 3046 5548 aliquo
3077 5489 3262 5532 natum
3292 5489 3398 5544 est,

1929 5595 1974 5625 τ’
2005 5593 2162 5648 Joan.
2193 5611 2306 5658 vm,
2337 5595 2422 5647 Η.
2499 5593 2544 5624 ³ο
2575 5592 2710 5648 ibid.
2737 5593 2822 5645 Η.
2901 5593 2943 5624 ⁸¹
2973 5593 3131 5646 Rom.
3169 5608 3280 5658 vni,
3311 5593 3400 5651 Η.

2892 5753 2969 5813 30
