3876 6314
486 312 593 376 939

1679 304 1739 364 S.
1779 299 2069 364 MAXIMI
2104 295 2610 363 CONFESSORIS

3650 288 3761 353 9&0

488 425 707 497 parenti
726 425 905 480 simile
927 430 1031 479 est.
1059 418 1341 493 Signiﬁcat
1376 426 1559 474 autem
1579 418 1745 475 etiam
1776 418 2062 482 Dominus,

2170 414 2590 486 γεγεννημένον.
2611 412 2800 483 ὅμοιον
2820 408 2919 463 τοῦ
2930 405 3320 479 γεγεννηκίςος
3342 402 3485 497 εστι.
3510 400 3757 497 θηλοῖοὶ

491 518 562 573 iis
590 517 771 572 verbis
798 534 811 570 :
844 514 993 582 Quod
1017 521 1206 570 natum
1235 520 1393 567 estea:
1417 509 1641 582 Spiritu,
1665 512 1882 583 spiritus
1903 508 2061 577 est“;

488 624 591 665 nos
618 616 800 662 autem
830 620 1023 662 carnes
1050 604 1178 659 facti
1213 619 1424 668 sumus,
1455 602 1549 673 qui
1575 601 1863 657 desideriis
1883 599 2065 656 carnis

490 695 755 750 adversus
770 692 1027 764 spiritum
1049 702 1369 757 aestuemus,
1393 688 1751 760 quamobrem
1769 690 1934 744 etiam
1951 702 2066 743 mc-

489 786 598 841 rito
618 801 684 840 ex
709 785 803 839 illo
846 783 1102 839 audimus
1130 800 1144 836 :
1168 781 1288 837 Non
1310 781 1634 853 permanebit
1660 779 1890 851 Spiritus
1921 796 2064 834 meus

489 878 544 929 in
598 874 890 929 hominibus
934 874 1069 938 istis,
1111 872 1235 943 quia
1279 886 1464 925 carnes
1489 867 1697 923 sunt“.
1727 869 1865 935 Quia
1900 869 2065 940 igitur

493 966 706 1021 ratione
750 963 1049 1020 Christiani
1095 962 1287 1017 audire
1337 975 1660 1032 possumus,
1692 960 1788 1030 qui
1820 959 1876 1014 in
1903 959 2066 1016 nobis

491 1055 639 1124 quod
668 1053 874 1110 Christi
904 1053 975 1109 sit
1001 1053 1143 1108 nihil
1165 1052 1467 1108 habeamus
1493 1050 1518 1104 ’ἔ

506 1250 511 1255 λ
567 1256 657 1311 54.
700 1255 769 1310 At
797 1254 943 1310 dicet
979 1253 1209 1310 fortasse
1252 1254 1452 1325 aliquis
1481 1272 1494 1309 :
1529 1254 1715 1310 Fidem
1739 1253 1937 1320 habeo,
1970 1271 2066 1311 ea-

492 1360 601 1416 que
625 1345 680 1400 in
711 1361 836 1401 eum
866 1345 1002 1401 ﬁdes
1022 1346 1155 1400 satis
1183 1352 1268 1401 est
1300 1345 1367 1400 ad
1400 1346 1651 1401 salutem.
1680 1345 1750 1400 At
1772 1346 2070 1416 respondet

491 1435 729 1490 Jacobus
755 1434 835 1489 sic
866 1434 1159 1505 argutanti,
1188 1434 1408 1499 dicens:
1440 1433 1510 1488 Et
1536 1434 1797 1489 dwmones
1826 1436 2064 1502 credunt,

493 1533 546 1580 et
569 1526 974 1580 contremiscunt
1001 1522 1068 1578 °‘.
1102 1524 1171 1579 Et
1194 1526 1403 1584 iterum
1444 1542 1457 1578 :
1491 1524 1641 1580 Fides
1675 1528 1788 1581 sine
1823 1526 2068 1597 operibus

492 1621 704 1670 irwr‘tua
727 1624 803 1670 est
830 1616 886 1669 in
913 1616 1224 1687 semetipsa;
1248 1624 1305 1669 ut
1345 1625 1395 1670 et
1424 1633 1582 1688 opera
1610 1619 1722 1672 sine
1739 1616 1843 1685 ﬁde
1862 1616 1930 1673 ⁸⁷.
1951 1617 2078 1685 Qua-

491 1722 626 1763 vero
649 1696 868 1762 ratione
890 1706 1058 1762 etiam
1099 1706 1155 1762 in
1184 1723 1311 1762 eum
1341 1708 1639 1775 credimus,
1673 1719 1769 1765 aut
1797 1709 1849 1766 ei
1884 1709 1953 1766 de
1982 1709 2070 1765 fu-

2166 507 2261 560 καὶ
2287 505 2517 578 Κύριος,
2542 504 2718 573 λέγων
2735 518 2750 531 ·
2777 500 2850 558 Τὸ
2868 497 3310 571 γεγεννημένον
3329 496 3399 550 ἐκ
3425 492 3543 548 τοῦ
3572 493 3760 546 Πνεῦ-

2165 616 2371 670 ματος,
2403 596 2642 667 πνεῦμά
2662 597 2856 651 ἐστιν.
2883 593 3081 664 Ἦμεϊς
3104 590 3164 645 δὲ
3193 587 3512 659 γεγόναμεν
3552 584 3760 653 σάρκες

2152 691 2566 762 ἐπιθυμοῦντες
2611 689 2755 744 κατὰ
2785 686 2881 741 τοῦ
2930 684 3270 755 Πνεύματος.
3300 680 3401 734 καὶ
3462 676 3563 731 διὰ
3598 675 3760 729 τοῦτο

2164 780 2391 843 δικαίως
2413 776 2687 848 ἀκούομεν
2721 776 2852 849 παρ’
2884 772 3083 828 αὐτοῦ’
3118 772 3201 827 οὐ
3222 769 3311 840 μὴ
3348 767 3762 838 aptatam:er

2164 870 2234 927 τὸ
2261 868 2511 941 Πνεῦμά
2552 886 2673 939 μου
2701 869 2773 925 ἐν
2804 866 2928 935 τοῖς
2983 865 3319 935 ἀνθρώποις
3370 861 3644 926 τούτοις,
3668 859 3764 913 διὰ

2164 962 2234 1016 τὸ
2306 957 2462 1017 εῖναι
2535 959 2759 1026 αὐτοὺς
2818 958 3070 1027 σάρκας.
3126 954 3253 1019 Πῶς
3325 950 3427 1007 οὖν
3480 950 3766 1021 δυνάμεθα

2165 1054 2386 1108 ἀκούειν
2409 1046 2753 1126 Χριστιανοὶ.
2784 1052 2838 1105 τί
2873 1067 3006 1105 ποτε
3028 1046 3124 1104 τοῦ
3154 1045 3402 1102 Χριστοῦ
3447 1047 3515 1099 ὲν
3549 1044 3763 1104 ἑαυτοῖς

2169 1143 2246 1216 μὴ
2273 1144 2489 1215 ἔχοντες
2522 1158 2538 1208 ς

2237 1236 2331 1290 λδ’.
2381 1235 2522 1289 Ἀλλ’
2559 1236 2675 1306 ἐρεῖ
2697 1251 2781 1296 τις
2809 1234 2963 1298 ἴσως,
2999 1231 3081 1285 ὃτι
3113 1229 3265 1300 Ἕχω
3283 1228 3390 1299 τὴν
3429 1227 3655 1295 πίστιν,
3679 1229 3765 1280 καὶ

2167 1327 2329 1398 ἀρκεῖ
2359 1345 2451 1397 μοι
2481 1328 2516 1393 ἡ
2548 1327 2733 1389 πίστις
2763 1327 2796 1395 ἠ
2820 1327 2901 1389 εἰς
2930 1323 3094 1377 αὑτὸν
3118 1322 3258 1394 πρὸς
3286 1320 3613 1392 σωτηρίαν.
3631 1319 3765 1372 Ἀλλ’

2169 1418 2590 1487 ἀντιφθέγγεται
2626 1415 2779 1487 αὗτῷ
2829 1416 2859 1469 6
2922 1413 3200 1480 Ἰάκωϐος,
3269 1412 3486 1482 λέγων,
3544 1412 3633 1466 ὅτι
3666 1410 3766 1467 Kal

2170 1508 2244 1564 τὰ
2303 1509 2585 1579 δαιμόνια
2630 1507 2998 1563 πιστεύουσι
3022 1545 3038 1570 ,
3077 1506 3178 1560 καὶ
3226 1505 3612 1575 φρίσσουσι.
3665 1504 3769 1556 Καὶ

2168 1601 2359 1656 πάλιν·
2403 1602 2467 1656 Ἠ
2506 1601 2715 1665 πίστις
2767 1599 2948 1669 χωρίς
2991 1594 3109 1653 τῶν
3128 1598 3340 1666 ἔργων,
3389 1595 3597 1664 νεκρὰ
3645 1596 3768 1647 ἐστι

2169 1695 2300 1748 καθ’
2330 1692 2560 1760 ἑαυτήν
2580 1706 2595 1720 ⁸
2622 1692 2705 1759 ὡς
2735 1692 2836 1746 καὶ
2868 1689 2942 1743 τὰ
2966 1690 3111 1759 ἔργα
3131 1688 3275 1756 δίχα
3304 1689 3615 1753 πίστεως.
3653 1686 3771 1749 Πῶς

490 1800 634 1854 turis
663 1806 985 1870 prazstamus
1012 1797 1197 1864 ﬁdem,
1223 1799 1316 1870 qui
1343 1815 1413 1854 ne
1445 1800 1513 1854 de
1545 1801 1911 1871 temporaneis
1941 1802 2065 1872 qui-

2170 1779 2229 1833 δὲ
2253 1779 2349 1833 καὶ
2373 1780 2705 1851 πιστεύομεν
2729 1780 2809 1842 εἰς
2835 1777 3019 1839 αὐτὸν,
3068 1777 3100 1848 ἢ
3142 1778 3275 1847 περὶ
3306 1777 3425 1872 τῶν
3457 1777 3771 1847 μελλόντων

491 1890 616 1944 dem
654 1904 718 1944 ac
769 1904 891 1959 quae
925 1888 1091 1958 hujus
1135 1888 1260 1943 vita:
1301 1898 1450 1955 sunt,
1476 1889 1636 1945 fidem
1661 1892 1739 1946 illi
1766 1892 2068 1948 habemus?

491 1979 855 2046 Quamobrem
898 1979 1064 2034 etiam
1107 1980 1342 2035 terrenis
1384 1981 1549 2037 rebus
1579 1983 1781 2039 affectu
1815 1985 2066 2056 implica-

493 2083 638 2132 mur,
668 2083 732 2123 ac
760 2067 854 2139 qui
886 2068 1040 2123 carni
1065 2068 1333 2135 vivamus,
1373 2070 1637 2127 adversus
1676 2074 1930 2144 spiritum
1961 2077 2067 2131 mi-

492 2160 734 2231 litamus.
760 2158 863 2226 Qui
892 2167 1076 2215 autem
1107 2162 1238 2216 vere'
1265 2161 1486 2218 Christo
1515 2164 1886 2233 crediderant,
1913 2184 2069 2224 eum-

490 2264 599 2321 que
627 2259 823 2316 totum,
850 2251 1104 2306 mandata
1128 2251 1423 2322 implendo,
1452 2256 1650 2311 mentis
1680 2256 1801 2311 sinu
1835 2274 2068 2330 excepe-

491 2349 638 2408 rant,
665 2342 747 2397 sic
782 2341 1044 2396 nimirum
1074 2342 1332 2401 dicebant
1368 2364 1380 2398 :
1413 2345 1534 2400 Vivo
1571 2358 1768 2415 autem,
1806 2350 1928 2421 jam
1961 2368 2067 2406 non

491 2448 585 2504 ego
608 2449 622 2462 '
649 2433 772 2488 vivit
799 2441 977 2487 autem
1008 2434 1065 2487 in
1111 2449 1191 2488 me
1237 2435 1491 2492 Christus.
1525 2436 1677 2504 Quod
1724 2448 1902 2494 autem
1929 2459 2069 2498 nunc

490 2525 606 2578 vivo
624 2524 680 2578 in
709 2539 901 2589 carne,
930 2524 1035 2592 ﬁde
1062 2526 1174 2579 vivo
1208 2524 1330 2581 Filii
1363 2526 1483 2594 Dei,
1525 2531 1615 2601 qui
1671 2530 1856 2587 dilexit
1887 2551 1989 2603 me,
2017 2545 2067 2590 et

495 2614 713 2668 tradidit
752 2615 1089 2685 semetipsum
1134 2632 1230 2687 pro
1262 2633 1345 2671 me
1365 2616 1431 2672 ⁸⁸.
1463 2618 1676 2676 Idcirco
1699 2636 1826 2677 cum
1850 2639 1951 2694 pro
1970 2626 2067 2682 illo

493 2710 814 2772 paterentur
835 2703 904 2758 ad
943 2703 1191 2758 omnium
1224 2704 1456 2761 salutem
1488 2711 1914 2779 procurandam,
1944 2722 2065 2770 tan-

493 2808 659 2863 quam
686 2794 807 2864 ejus
827 2793 1004 2849 exacti
1033 2795 1361 2863 imitatores,
1383 2798 1609 2868 verique
1638 2799 1810 2870 ipsius
1828 2806 2064 2860 manda-

494 2874 675 2937 torum
696 2883 936 2938 cultores
955 2923 970 2949 ,
1020 2883 1279 2940 dicebant
1311 2902 1324 2938 :
1365 2884 1465 2950 Qui
1491 2888 1732 2944 conviciis
1762 2909 2062 2961 oneremur,

494 2973 881 3042 benedicimus;
912 2975 1002 3047 qui
1043 2979 1455 3047 persecutionem
1512 2982 1805 3050 patiamur,
1832 2987 2064 3039 sustine-

2169 1870 2320 1943 αὐτῷ
2338 1871 2692 1942 πιστεύομεν,
2724 1872 2774 1923 οἱ
2807 1870 2938 1942 περὶ
2961 1870 3071 1925 τῶν
3095 1857 3467 1942 προσχώρων
3491 1870 3602 1923 καὶ
3634 1886 3770 1937 παρ-

2168 1961 2337 2019 όντων
2357 1962 2505 2034 αὐτῷ
2518 1964 2593 2034 μὴ
2613 1961 2985 2025 πιστεύοντες*
3002 1963 3097 2014 καὶ
3116 1960 3206 2014 διὰ
3228 1958 3399 2019 τοῦτο
3414 1962 3541 2023 τοῖς
3570 1961 3770 2022 ὖλαοίς

2172 2057 2618 2128 συμφυρόμενοι,
2652 2054 2748 2108 καὶ
2775 2056 2841 2126 τῇ
2876 2054 3041 2124 σαρκὶ
3074 2051 3278 2118 ζῶντες
3300 2066 3317 2082 ο
3357 2052 3467 2107 καὶ
3502 2052 3662 2106 κατά
3682 2050 3766 2105 τοῦ

2170 2149 2491 2218 Πνεύματος
2549 2147 3015 2219 στρατευόμενοις
3075 2147 3139 2199 Ol
3171 2146 3229 2200 δὲ
3275 2145 3356 2215 τῷ
3414 2145 3663 2217 Χριστῷ
3715 2146 3767 2197 ἑν

2170 2241 2398 2313 ἀληθείᾳ
2427 2240 2842 2302 πιστεύσαντες,
2872 2240 2968 2291 καὶ
2988 2236 3109 2291 ὅλον
3129 2236 3295 2290 αὑτὸν
3325 2238 3387 2289 ὲν
3422 2238 3660 2299 ἑαυτοξ
3684 2237 3764 2290 bii

2168 2333 2280 2387 τῶν
2310 2331 2541 2387 ἐντολῶν
2578 2330 2995 2393 εἰσοικισαντες,
3043 2327 3216 2392 οὕτως
3257 2326 3493 2396 ἔλεγον·
3543 2325 3647 2380 Ζῶ
3681 2325 3761 2391 δὲ,

2171 2422 2374 2478 οὐκέτι
2400 2422 2537 2494 ἐγὼ,
2591 2420 2660 2492 ζῇ
2685 2421 2842 2475 δὲέν
2872 2420 3001 2490 ἐμοὶ
3035 2421 3069 2474 ὁ
3111 2419 3390 2488 Χριστός.
3431 2420 3510 2471 Ὅ
3540 2417 3619 2471 δὲ
3656 2417 3765 2470 νῦν

2170 2512 2243 2576 ζὶὖ
2293 2514 2366 2569 ἐν
2396 2513 2600 2582 σαρκὶ,
2634 2512 2710 2583 τῇ
2742 2513 2944 2567 πίστει
2987 2509 3059 2573 ζῶ
3087 2511 3194 2565 τοῦ
3237 2509 3376 2564 Υίοῦ
3426 2510 3546 2564 τοῦ
3593 2509 3759 2573 Θεοῦ,

2170 2605 2278 2661 τοῦ
2312 2604 2747 2677 ἀγαπήσαντός
2770 2621 2869 2674 με,
2916 2603 3015 2658 καὶ
3063 2601 3278 2670 δόντος
3323 2603 3559 2657 ἑαυτὸν
3612 2601 3760 2669 ὑπῲ

2168 2691 2337 2767 ἐμοῦ.
2387 2695 2490 2750 Διά
2534 2697 2692 2750 τοῦτο
2746 2696 3052 2766 πάσχοντες
3098 2694 3239 2766 ὑπὲρ
3291 2692 3466 2749 αὐτοῦ
3518 2693 3616 2747 διὰ
3669 2692 3761 2764 τὴν

2171 2789 2391 2843 πάντων
2427 2789 2726 2858 σωτηρίαν,
2761 2789 2838 2852 ὡς
2878 2788 3131 2873 ἀκριϐεῖς
3159 2786 3328 2840 αὐτοῦ
3364 2786 3640 2857 μιμηταὶ,
3670 2786 3759 2839 καὶ

2172 2878 2277 2932 τῶν
2308 2876 2538 2931 ἐντολῶν
2568 2877 2733 2930 αὐτοῦ
2764 2878 2976 2948 γνήσιοι
3002 2875 3266 2945 φύλακες,
3296 2874 3526 2942 ελεγον·
3551 2874 3756 2929 Aonio-

2161 2972 2448 3040 ρούμενοι
2509 2969 2919 3039 εὐλογοῦμεν,
2980 2966 3330 3037 διωκόμενοι
3389 2968 3751 3037 ἀνεχομεθα,

495 3083 645 3132 mus;
672 3068 760 3138 qui
776 3068 1067 3123 maledictis
1090 3076 1355 3139 petantur,
1374 3071 1701 3128 obsecramus
1715 3076 1759 3106 "
1776 3093 1791 3142 ;
1809 3076 1973 3148 384
1997 3093 2064 3133 eo

2170 3061 2714 3131 βλασφημούμενοι
2759 3057 3261 3127 παρακαλοῦμεν-⁸
3314 3057 3516 3129 ἐπειδὴ
3562 3059 3753 3128 ἢκουον

494 3157 705 3212 scilicet
728 3158 876 3229 quod
909 3174 1036 3213 eum
1070 3158 1369 3215 audiebant
1390 3160 1692 3218 dicentem:
1718 3163 1937 3238 Diligite
1958 3169 2075 3227 ini-,

495 3249 653 3302 micas
678 3258 894 3312 vestros,
921 3246 1202 3317 benefacite
1252 3250 1337 3315 iis,
1371 3252 1462 3321 qui
1497 3253 1719 3308 oderunt
1743 3272 1830 3310 vos
1857 3272 1876 3311 :
1911 3256 2066 3311 bene-

494 3340 647 3394 dicite
670 3338 1098 3397 maledicentibus
1121 3343 1261 3397 vobis
1297 3360 1315 3397 :
1344 3352 1494 3397 orate
1523 3361 1618 3415 pro
1646 3348 1730 3411 iis,
1763 3351 1850 3418 qui
1870 3348 2069 3405 laedunt

493 3430 696 3500 injuria
708 3431 777 3496 ’°,
802 3438 858 3486 et
885 3447 1008 3501 quae.
1037 3440 1380 3502 sequuntur;
1416 3442 1530 3489 tum
1546 3452 1615 3491 ex
1634 3437 1837 3503 verbis,
1864 3447 1978 3494 tum
2000 3455 2069 3495 ex

494 3519 796 3589 cperibus,
842 3521 935 3590 qui
981 3520 1037 3576 in
1068 3522 1150 3577 eis
1195 3522 1550 3593 operabatur,
1602 3541 1668 3582 ac
1691 3529 1849 3598 cujus
1882 3529 2068 3585 aﬂlatu

494 3607 819 3677 agebantur,
850 3607 1062 3679 liquido
1087 3610 1340 3667 Christus
1360 3613 1716 3683 prodebatur.
1743 3616 1855 3672 Nos
1881 3628 2068 3674 autem

495 3698 592 3768 qui
614 3698 872 3755 omnibus
894 3701 1014 3771 ejus
1036 3703 1310 3760 mandatis
1331 3714 1518 3761 contra
1548 3708 1851 3763 obnitimur
1871 3711 2069 3765 adver-

495 3805 664 3859 saque
696 3803 1037 3862 praestamus,
1073 3794 1279 3854 idcirco
1302 3798 1452 3852 omni
1495 3798 1839 3857 immunditia
1875 3817 1940 3858 ac
1968 3819 2062 3858 ne-

495 3883 668 3951 quitia
721 3885 915 3954 repleti
955 3900 1166 3942 sumus.
1214 3887 1581 3954 Quamobrem
1619 3891 1788 3947 etiam
1835 3909 1937 3963 pro
1972 3895 2069 3951 Dei

496 3971 723 4040 templo,
752 3971 950 4028 domus
981 3976 1372 4046 negotiationis
1410 3977 1593 4034 eﬂ‘ecti
1625 3995 1850 4047 sumus;
1882 3990 1937 4036 et
1968 3996 2069 4050 pro

493 4061 660 4117 domo
694 4064 962 4119 orationis
982 4105 998 4131 ,
1041 4066 1303 4136 spelunca
1342 4068 1615 4124 latronum
1637 4072 1683 4102 οι
1718 4089 1732 4124 :
1765 4087 1868 4142 pro
1907 4082 2067 4143 gente

494 4161 682 4208 sancta
706 4153 772 4220 ³⁸,
801 4170 938 4225 gens
956 4158 1235 4226 peccatrix
1268 4175 1282 4212 :
1307 4174 1407 4229 pro
1434 4159 1531 4215 Dei
1566 4161 1748 4232 plebe,
1776 4162 1932 4232 plebs
1967 4164 2037 4221 de

492 4243 638 4299 lictis
673 4244 837 4313 plena
864 4263 881 4299 :
901 4261 1001 4316 pro
1050 4256 1239 4304 sancto
1271 4249 1511 4317 semine,
1559 4267 1745 4308 semen
1789 4269 2063 4323 nequam:

492 4348 591 4402 pro
619 4334 744 4389 liliis
767 4335 886 4401 Dei,
909 4335 1002 4389 lilii
1034 4337 1286 4393 scelerati
1312 4339 1378 4407 “;
1404 4355 1472 4395 eo
1495 4340 1644 4411 quod
1669 4342 2069 4414 dereliquimus

2168 3152 2333 3207 αὐτοῦ
2367 3152 2650 3222 λέγοντος·
2721 3147 3010 3220 Ἀταπᾶτε
3052 3150 3198 3214 τοὺς
3242 3147 3504 3217 ἐχθροὺς
3551 3148 3747 3218 ὑμῶν’

2166 3240 2366 3308 καλῶς
2417 3238 2639 3295 ποιεῖτε
2694 3237 2821 3305 τοῖς
2856 3236 3153 3307 μισοῦσιν
3201 3235 3361 3305 ὑμᾶς
3378 3252 3394 3267 ·
3448 3237 3752 3305 εὐλογεῖτε

2164 3333 2309 3399 τοὺς
2335 3330 2788 3402 καταρωμένους
2810 3328 2987 3400 ὑμᾶς·
3006 3330 3427 3398 προσεύχεσθε
3447 3329 3613 3398 ὑπὲρ
3641 3328 3754 3383 τῶν

2165 3420 2614 3491 ἐπηρεαζόντων
2644 3419 2824 3493 ὑμᾶς,
2863 3421 2958 3474 καὶ
2992 3422 3059 3476 τὰ
3091 3421 3219 3491 ἑξῆς
3238 3436 3254 3448 ⁸
3291 3421 3393 3473 καὶ
3427 3421 3505 3473 ὲκ
3535 3420 3650 3473 τῶν
3678 3420 3751 3472 λε-

2166 3531 2279 3584 γων
2314 3511 2408 3567 καὶ
2452 3511 2561 3567 τῶν
2605 3512 2785 3585 ἔργων
2815 3514 2846 3567 ὁ
2895 3510 3135 3583 ἐνεργῶν
3176 3511 3237 3564 ὲν
3275 3512 3466 3575 αὐτοῖς
3521 3512 3751 3581 Χριστὸς

2166 3603 2523 3676 ἐφανεροῦτο·
2562 3605 2722 3677 ὴμεζς
2764 3603 2844 3670 δὲ,
2892 3603 3095 3675 ,ἐπειδὴ
3122 3602 3324 3666 πάσαις
3350 3604 3478 3667 toi;
3515 3603 3749 3665 hmini;

2166 3699 2333 3754 αὑτοῦ
2368 3699 2832 3770 ἀντιπράττομεν,
2862 3698 2951 3753 διὰ
2988 3698 3149 3752 τοῦτο
3178 3699 3364 3769 πάσης
3405 3698 3749 3770 ἀκαθαρσίας

2167 3791 2603 3861 ὲνεπλήσθημεν.
2646 3789 2761 3843 Καὶ
2785 3789 2874 3844 διὰ
2914 3790 3075 3844 τοῦτο
3101 3789 3598 3871 γεγόναμενηάντὶ
3626 3788 3747 3843 ναοῦ

2166 3880 2324 3948 Θεοῦ,
2343 3878 2487 3945 οἶκος
2508 3881 2775 3953 ἐμπορίου
2792 3894 2808 3908 ⁸
2833 3880 2929 3935 καὶ
2945 3880 3067 3934 ἀντὶ
3089 3880 3241 3934 οίκου
3269 3880 3747 3951 apostoli-5.6:»:-

2166 3971 2314 4026 λαιον
2328 3971 2562 4046 λῃστῶν*
2582 3972 2703 4027 ἀντὶ
2728 3972 2913 4035 ἔθνους
2933 3972 3266 4043 ἁγίου,ἐονος
3287 3972 3642 4043 ἀμαρτωλόνο
3665 3973 3745 4027 n1

2166 4064 2289 4119 ἀντὶ
2303 4064 2434 4117 λαοῦ
2451 4062 2609 4129 Θεοῦ,
2626 4063 2754 4128 λαὸς
2775 4063 2993 4136 πλήρης
3022 4063 3327 4135 ἁμαρτιῶνδ
3347 4064 3477 4118 ἀντὶ
3509 4067 3746 4137 σπέρμα.

2166 4173 2256 4220 τος
2288 4154 2464 4224 ἁγίου,
2496 4154 2720 4225 σπέρμα
2743 4154 2998 4227 πονηρόν·
3025 4154 3121 4208 καὶ
3137 4153 3263 4207 ἀντὶ
3279 4154 3418 4207 υἱῶν
3438 4154 3611 4218 Θεοῦ,
3652 4152 3743 4207 υἱοὶ

2124 4294 2129 4299 .
2167 4236 2381 4316 ἄνομοι,
2423 4246 2614 4316 ἐπειδὴ
2653 4245 3092 4318 ἑγκατελίπομεν
3131 4246 3231 4309 τὰς
3263 4245 3496 4309 ἐντολὰς
3523 4246 3621 4299 τοῦ
3649 4248 3743 4301 Κυ-

2172 4338 2310 4407 ρίου,
2357 4335 2453 4390 καὶ
2507 4336 2832 4407 δουλεύομεν
2865 4339 2980 4401 τοῖς
3018 4339 3281 4408 πονηροῖς
3327 4337 3624 4405 πνεύμασι
3669 4336 3739 4389 sa

492 4424 747 4478 mandata
789 4424 1041 4491 Domini,
1097 4426 1505 4499 immundisque
1552 4433 1701 4488 vitiis
1734 4449 1800 4489 ac
1844 4435 2063 4492 libidini

2170 4427 2276 4480 τῶν
2302 4427 2627 4498 ἀκαθάρτων
2658 4428 2871 4493 παθῶν,
2895 4429 2991 4483 καὶ
3013 4427 3458 4502 παρωργίσαμεν
3477 4429 3577 4483 τὸν
3604 4428 3740 4498 ἄτιον

492 4514 813 4585 mancipati,
846 4517 1203 4584 nequissimis
1230 4519 1521 4589 spiritibus
1550 4525 1870 4580 servitutem
1892 4527 2071 4583 servi-

492 4616 637 4666 mus,
664 4617 730 4656 ac
761 4602 1024 4657 Sanctum
1055 4604 1224 4661 lsrael
1242 4610 1716 4667 exacerbavimus.

448 4756 449 4759 η
560 4690 650 4746 35.
691 4688 824 4746 Eam
851 4692 922 4747 ob
949 4708 1066 4749 rem
1093 4695 1288 4766 lugens
1321 4714 1423 4755 nos
1465 4716 1695 4772 magnus
1736 4702 1927 4770 Isaias,
1950 4705 2066 4762 cla-

491 4788 627 4847 mat,
648 4783 744 4853 qui
772 4790 829 4839 et
858 4795 1060 4840 nostra:
1103 4786 1277 4842 ruinae
1300 4788 1461 4846 simul
1502 4806 1663 4861 opem
1701 4791 1847 4849 ferre
1885 4806 2064 4863 aveat,

490 4871 676 4941 aitque
705 4891 718 4927 :
750 4871 894 4938 Quid
929 4874 1098 4930 adhuc
1142 4878 1512 4946 percutiamini
1537 4879 1791 4935 addentes
1811 4883 2065 4953 iniquita-

491 4975 593 5017 tem
614 4964 639 5017 i'
663 4964 828 5021 Omne
865 4975 1028 5039 caput
1062 4969 1119 5022 in
1145 4969 1358 5037 dolore,
1423 4980 1474 5026 et
1534 4988 1625 5027 cor
1650 4989 1804 5028 omne
1835 4976 1894 5030 in
1940 4994 2065 5031 ma:-

490 5070 609 5110 rore
633 5072 651 5111 :
676 5075 709 5111 a
727 5057 942 5129 pedibus
969 5076 1131 5132 usque
1151 5061 1222 5115 ad
1237 5071 1397 5135 caput
1424 5081 1527 5118 non
1545 5073 1620 5118 est
1651 5066 1707 5119 in
1736 5081 1795 5119 eo
1823 5070 2026 5124 sanitas
2045 5085 2064 5124 :

490 5166 657 5218 neque
686 5151 897 5219 vulnus,
930 5170 1094 5226 neque
1113 5155 1267 5224 livor,
1306 5174 1473 5229 neque
1500 5157 1663 5230 plaga
1687 5170 1912 5215 tumens.
1941 5162 2063 5218 Non

488 5250 565 5294 est
594 5239 864 5313 malagma
897 5245 1196 5317 imponere,
1236 5265 1404 5320 neque
1436 5248 1631 5317 oleum,
1664 5267 1827 5323 neque
1870 5252 2065 5325 alliga-

490 5344 641 5389 turus
664 5336 731 5389 ’⁸.
760 5334 898 5390 Tum
923 5354 1056 5393 vero
1113 5340 1245 5409 quid
1287 5340 1418 5399 hinc
1447 5342 1697 5411 sequitur
1726 5361 1739 5397 :
1776 5343 2062 5415 Relinque-

490 5432 576 5477 tur
608 5421 725 5492 ﬁlia
783 5421 912 5478 Sion
941 5426 1076 5479 sicut
1109 5426 1509 5483 tabernaculum
1537 5431 1592 5485 in
1628 5432 1811 5499 vinea,
1845 5440 1895 5487 et
1926 5433 2062 5487 sicut

2164 4520 2263 4574 τοῦ
2296 4520 2537 4593 Ἰσραήλ.

2232 4701 2326 4756 λε’.
2352 4703 2447 4757 Διά
2475 4701 2635 4759 τοῦτο
2658 4701 2874 4774 θρηνῶν
2901 4704 3048 4774 ἡμᾶς
3074 4703 3103 4757 ὁ
3134 4703 3307 4776 μέγας
3320 4704 3585 4769 Ἦσαῖας,
3619 4704 3742 4775 xpe-

2164 4793 2270 4859 ζει,
2322 4793 2589 4865 βοηθῆσαι
2641 4795 2760 4865 ἃμα
2810 4794 3138 4866 βουλόμενος
3184 4797 3249 4867 τῇ
3304 4796 3522 4851 πτώσει
3572 4797 3739 4868 ἡμῶν,

2170 4884 2348 4954 λέγων
2363 4902 2376 4916 °
2415 4885 2476 4940 Τί
2522 4885 2609 4939 ἔτι
2661 4885 2936 4955 πληγῆτε
2996 4888 3429 4954 προστιθέντες
3467 4887 3738 4956 ἐνομίστέ

2172 4973 2351 5031 Πᾶσα
2388 4977 2625 5046 κεφαλὴ
2655 4979 2744 5044 είς
2789 4977 3002 5043 πόνον,
3051 4978 3152 5032 καὶ
3196 4976 3367 5032 πᾶσα
3401 4978 3623 5047 καρδία
3661 4982 3737 5042 εἷς

2170 5069 2410 5136 λύπηνο
2444 5068 2560 5122 ἀπὸ
2610 5066 2813 5121 ποδῶν
2843 5067 2956 5132 ἓως
3000 5067 3273 5137 κεφαλῆς
3308 5069 3425 5122 οὐκ
3464 5068 3644 5123 ἐστιν
3679 5068 3737 5120 ἐν

2170 5157 2330 5225 αὑτῷ
2384 5159 2748 5226 ὀλοκληρίω
2800 5159 2940 5213 οὔτε
2981 5159 3243 5229 τραῦμα,
3294 5160 3440 5214 οὔτε
3488 5160 3734 5230 μίας-ᾤ’.

2170 5252 2307 5306 οὔτε
2338 5250 2542 5321 πληγὴ
2587 5251 3082 5321 φλεγμίιίνουσαο
3133 5254 3247 5307 οὐκ
3283 5253 3420 5306 ἐστι
3460 5252 3737 5322 pilai-{ul

2168 5342 2479 5408 ἐπιθεῖναι,
2521 5344 2661 5398 οὔτε
2691 5343 2923 5406 ἔλαιον,
2958 5345 3096 5398 οὔτε
3138 5342 3581 5412 καταδέσμους.
3618 5337 3738 5395 Εἶτα

2166 5434 2220 5488 τί
2248 5433 2308 5487 τὸ
2331 5433 2425 5487 ἐπὶ
2443 5432 2678 5501 τούτοις
2716 5434 3365 5505 Ὲτκατιιλειφθήσεται
3414 5437 3457 5504 ἠ
3487 5433 3736 5502 dum

560 5621 784 5700 “Limn:
811 5638 890 5700 tu,
1054 5625 1100 5657 ”
1125 5625 1260 5700 Gen.
1297 5644 1370 5700 vi,
1407 5627 1459 5681 5.
1536 5628 1581 5660 ⁸⁸
1609 5628 1722 5700 Jac.
1754 5646 1811 5693 η,
1850 5629 1936 5684 i9.
2011 5631 2057 5664 ⁸⁷

2170 5630 2223 5687 d.
2251 5631 2342 5685 20.
2381 5632 2429 5664 ⁸⁸
2460 5630 2639 5686 Galat.
2662 5646 2727 5693 ιι,
2752 5630 2842 5684 20.
2919 5631 2964 5666 "
2999 5631 3023 5686 l
3051 5630 3178 5687 Cor.
3210 5649 3281 5700 Iv,
3312 5634 3395 5687 5%.
3474 5637 3521 5668 ”
3549 5635 3729 5690 Matth.

491 5702 544 5751 γ,
574 5690 659 5744 Μ.
736 5690 779 5720 ⁹ί
812 5692 1000 5746 Matth.
1036 5711 1143 5759 xxx,
1186 5696 1280 5763 l3;
1307 5690 1461 5751 lean.
1495 5714 1552 5764 ll,
1592 5699 1675 5753 l6.
1753 5690 1843 5754 ⁸³⁷1
1880 5700 2025 5754 Pclr.
2060 5721 2065 5756 ι

2170 5704 2203 5755 ι.
2280 5703 2325 5734 ’³
2356 5701 2459 5757 lsa.
2493 5717 2529 5765 I,
2564 5702 2616 5754 4.
2694 5690 2737 5733 έδ
2768 5701 2870 5755 lsa.
2898 5717 2936 5767 ι,
2968 5703 3019 5764 5,
3051 5702 3102 5756 6.
