3876 6314
147 319 244 384 9-H

1433 321 1660 383 LIBER
1696 321 2120 384 ASCETICUS.
3291 315 3395 383 952

152 430 307 484 Σιὼν
340 427 417 493 ὡς
437 424 640 496 σκηνὴ
665 429 734 482 ἐν
764 427 1092 497 ἀμπελῶνι,
1118 428 1213 483 καὶ
1230 429 1306 495 ὡς
1326 427 1715 497 όπωροςρυλά-

1828 441 2078 499 pona‘rum
2126 426 2360 480 custodia
2403 427 2454 477 in
2491 421 2871 486 cucumerario,
2904 423 3035 476 sicut
3067 423 3186 476 urbs
3219 439 3381 494 capu-

151 536 286 572 κιον
335 521 404 572 έν
472 518 838 586 σικυηλάτφ.
881 518 962 584 ὡς
1007 521 1188 585 πόλις
1219 521 1717 588 πολιορκουμένη.

151 611 367 678 Ταύτην
393 609 551 678 ἡμῶν
579 610 678 678 τῆς
704 609 884 679 ψυχῆς
927 611 1026 680 τὴν
1059 611 1338 680 ἐρήμωσιν
1368 610 1461 662 καὶ
1490 612 1520 663 ὁ
1563 609 1721 663 Ἀπό-

150 703 335 765 στολος
358 701 554 769 δηλῶν,
577 701 761 768 ἐλεγε-
798 700 909 756 Kal
956 701 1152 766 καθὼς
1191 704 1304 756 οὐκ
1349 701 1721 770 ἐδοκίμασαν

148 791 255 845 τὸν
294 791 443 850 Θεὸν
473 792 638 861 ἔχειν
663 793 735 846 έν
761 792 1098 862 ἐπιγνώσει,
1136 791 1479 860 παρέδωκεν
1497 791 1722 858 αὐτοὺς

147 886 182 935 ό
233 883 378 946 Θεὸς
423 886 513 948 εἰς
563 883 853 952 ἀδόκιμον
891 883 1076 945 νοῦν.
1121 883 1314 938 ποιεῖν
1358 882 1432 936 τὰ
1464 882 1550 952 μὴ
1580 885 1720 936 καθ-

145 974 412 1041 ήκοντα’
471 973 978 1043 πεπληρωμένους
1021 973 1190 1043 πάσῃ
1248 973 1468 1041 ἀδικίᾳ,
1517 973 1717 1040 κακίᾳ,

147 1067 432 1134 πονηρίᾳ,
481 1064 824 1133 πλεονεξίᾳ·
881 1065 1149 1135 μεστοὺς
1197 1065 1450 1133 φθόνου,
1505 1065 1718 1134 φόνου,

147 1157 378 1224 ἔριδος,
420 1156 626 1222 δόλου,
686 1158 1074 1225 κακοηθείας,
1109 1154 1509 1224 ψιθυριστὰς,
1552 1171 1722 1208 κατα-

145 1247 412 1313 λάλους,
476 1247 855 1318 θεοστυγεῖς,
905 1247 1215 1315 ὑϐριστὰς,
1268 1245 1720 1316 ὑπερηφάνους,

146 1339 466 1404 ἀλαζόνας,
497 1340 822 1408 ἐφευρετὰς
867 1339 1091 1402 κακῶν,
1123 1339 1410 1409 γονεῦσιν
1435 1337 1719 1404 ἀπειθεῖς,

145 1431 510 1498 ἀσυνέτους,
532 1432 928 1498 ἀσυνθέτους,
958 1433 1316 1502 ἀστόργους,
1347 1431 1720 1496 ἀσπόνδους,

148 1522 592 1591 ἀνελεήμονας·
650 1524 870 1588 οἵτινες
925 1523 992 1577 τὸ
1053 1522 1344 1593 δικαίωμα
1387 1523 1495 1576 τοῦ
1570 1519 1723 1576 Θεοῦ

149 1615 529 1683 ἐπιγνόντες,
553 1615 641 1669 ὅτι
661 1618 717 1668 οἱ
753 1619 826 1669 τὰ
884 1615 1130 1668 τοιαῦτα
1155 1613 1538 1682 πράσσοντες
1568 1611 1723 1677 ἄξιοι

146 1702 412 1758 θανάτου
462 1704 642 1768 εἰσιν,
685 1707 758 1758 οὐ
787 1705 982 1773 μόνον
1007 1703 1162 1758 αὐτὰ
1201 1704 1504 1768 ποιοῦσιν,
1557 1701 1722 1758 ἀλλά

1821 532 1986 594 gnata
2017 505 2256 576 θείης]ηο
2284 519 2478 576 anima}
2501 528 2700 573 nostrae
2731 515 3123 571 desolationem
3162 520 3392 585 Aposto-

1821 615 1910 669 lus
1933 630 2152 685 quoque
2180 613 2513 684 significans,
2547 611 2730 665 aiebat
2765 626 2778 662 :
2819 608 2885 662 Et
2913 609 3046 662 sicut
3075 625 3177 661 non
3205 609 3394 677 proba-

1822 714 2009 759 verunt
2044 705 2234 758 habere
2262 704 2426 758 Deum
2462 703 2518 756 in
2544 702 2752 764 notitia,
2775 699 2992 752 tradidit
3013 698 3132 752 illos
3166 697 3304 751 .Dcus
3339 701 3391 751 in

1822 797 2100 868 reprobum
2122 813 2353 856 sensum,
2383 803 2440 848 ut
2463 795 2659 864 faciant
2683 810 2747 847 ea
2800 808 2913 862 qua:
2933 808 3034 844 non
3061 792 3394 851 conveniunt,-

1822 886 2046 958 repletos
2073 888 2215 940 omni
2239 885 2538 956 iniquitate,
2572 875 2801 946 malitia,
2834 883 3088 952 nequitia,
3120 882 3344 934 avaritia
3376 921 3390 936 .

1821 977 2002 1048 plenos
2033 978 2252 1041 invidia,
2280 977 2436 1040 cwde,
2476 976 2615 1039 rixa,
2648 973 2788 1040 dolo,
2822 971 3153 1042 malignitate
3174 989 3191 1034 ;
3211 988 3396 1025 susur-

1821 1084 1998 1134 rones,
2045 1067 2383 1132 detractores,
2417 1065 2524 1120 Deo
2563 1063 2797 1128 odibiles,
2846 1061 3264 1124 contumeliosos,
3304 1077 3401 1113 su—

1822 1160 2027 1230 perbos,
2063 1161 2205 1230 fastu
2234 1157 2420 1221 elatos,
2452 1157 2714 1210 malorum
2745 1157 3057 1219 inventores,
3093 1153 3398 1224 parentibus

1821 1253 2202 1322 immorigeros,
2236 1252 2561 1320 insipientes,
2588 1247 2976 1315 incompositos,
3028 1246 3141 1300 sine
3190 1246 3400 1315 affectu.

1822 1342 2035 1410 inﬁdos,
2080 1341 2536 1396 immisericordes.
2589 1338 2689 1404 Qui
2725 1354 2842 1391 cum
2873 1338 3141 1407 justitiam
3189 1336 3285 1388 Dei
3312 1352 3400 1389 co-

1822 1435 2154 1504 gnovisseut;
2209 1434 2347 1504 quod
2382 1434 2465 1496 hi,
2529 1434 2616 1501 qui
2675 1429 2807 1484 talia
2849 1438 3044 1500 agunt,
3093 1429 3238 1499 digni
3295 1429 3401 1480 sint

1823 1533 2011 1589 morte,
2048 1541 2152 1578 non
2176 1524 2346 1579 solum
2377 1540 2454 1577 ea-
2473 1523 2702 1591 faciunt,
2746 1524 2837 1576 sed
2885 1523 3046 1576 etiam
3071 1521 3401 1575 consentiunt

1824 1615 2156 1684 facientibus.
2190 1614 2479 1684 Pr0pterea
2515 1613 2734 1666 tradidit
2777 1611 2898 1666 illos
2932 1611 3072 1665 Deus
3105 1612 3159 1664 in
3188 1609 3404 1680 probro-

1821 1723 1906 1761 sos
1941 1709 2170 1783 aﬁ'ectus,
2195 1715 2252 1759 ut
2281 1708 2569 1777 ignominia
2591 1707 2822 1776 aﬂiciant
2848 1720 3068 1773 corpora
3105 1718 3204 1756 sua
3231 1702 3286 1754 in
3318 1716 3405 1753 se-

144 1792 254 1846 καὶ
307 1794 755 1848 συνευδοκοῦσι
798 1794 924 1860 τοῖς
967 1793 1342 1863 πράσσουσι.
1387 1794 1492 1846 Διὰ
1540 1791 1720 1846 τοῦτο

1828 1799 2055 1869 metipsis
2079 1798 2146 1850 ³⁸.
2180 1799 2278 1852 ῐ-Ιίε
2313 1813 2440 1852 vero
2474 1797 2606 1866 quid
2631 1797 2851 1851 comes?
2879 1795 3185 1855 Revelatur,
3204 1791 3403 1860 inquit,

144 1888 495 1975 παρέδωκεν
513 1889 735 1956 αὐτοὺς
763 1893 796 1944 ό
835 1890 978 1957 Θεός
1023 1892 1110 1956 εἷς
1138 1889 1296 1956 πάθη
1326 1888 1583 1958 ἀτιμίας,
1611 1885 1718 1940 τοῦ

142 1979 528 2049 ἀτιμάζεσθαι
567 1982 640 2036 τὰ
676 1982 924 2052 σώματα
976 1981 1175 2036 αὐτῶν
1209 1982 1280 2034 ἐν
1319 1981 1572 2046 ἑαυτοῖς.
1609 1979 1720 2034 Καὶ

1823 1890 1909 1944 ira
1936 1888 2034 1944 Dei
2074 1887 2136 1942 de
2161 1888 2306 1951 ctelo,
2333 1905 2491 1958 super
2518 1904 2724 1942 omnem
2745 1888 3068 1957 impietatem
3117 1894 3165 1938 et
3192 1883 3407 1953 injusti-

1826 1981 1958 2033 tiam
1979 1980 2247 2033 hominum
2271 1979 2340 2041 ",
2369 1988 2425 2033 et
2445 1993 2566 2047 quae
2592 1986 2916 2046 sequuntur.

141 2071 204 2124 τί
227 2071 287 2124 τὸ
328 2071 422 2125 ἐπὶ
463 2073 713 2140 τούτοις;
763 2075 1300 2138 Ἀποκιιλύπτεται,
1341 2074 1527 2144 φησιν,
1574 2073 1720 2143 ὀργὴ
1762 2069 1910 2124 Θεοῦ
1968 2070 2071 2124 ἀπ’
2136 2069 2402 2138 οὐρανοῦ
2428 2069 2525 2122 ἐπὶ
2569 2067 2778 2123 πᾶσαν
2811 2067 3094 2122 ἀσέϐειαν
3129 2064 3227 2118 καὶ
3279 2063 3408 2118 ἁδι-

143 2163 294 2219 κίαν
317 2167 668 2233 ἀνθρώπων,
703 2167 797 2220 καὶ
827 2167 897 2221 τὰ
933 2166 1080 2237 ἑξῆς.

222 2255 330 2321 λς’.
361 2256 576 2328 Ταύτην
602 2260 702 2329 τῆς
719 2257 896 2334 ψυχῆς
922 2259 1199 2329 ἐρήμωσιν
1219 2257 1312 2311 καὶ
1329 2257 1358 2309 ὁ
1391 2254 1594 2327 Κύριος
1624 2269 1723 2324 μη·

143 2348 314 2415 νύων,
345 2348 530 2417 ἔλεγεν
552 2367 566 2380 ·
608 2350 1031 2419 Ἰερουσαλὴμ,
1091 2347 1482 2418 Ἰερουσαλὴμ
1509 2349 1548 2415 ἠ
1570 2349 1720 2402 ἀπο-

144 2442 478 2495 κτείνουσα
497 2441 641 2507 τοὺς
669 2442 998 2510 προφήτας,
1021 2441 1120 2497 καὶ
1147 2440 1551 2497 λιθοϐολοῦσα
1579 2439 1720 2504 τοὺς

144 2532 648 2601 ἀπεσταλμένους
675 2533 827 2600 πρὸς
867 2533 1092 2601 αὺτήν¹
1139 2532 1397 2597 ποσάκις
1445 2531 1722 2598 ἠθέλησα

143 2623 614 2692 ἐπισυναγαγεῖν
634 2626 706 2678 τὰ
725 2626 906 2678 τέκνα
933 2638 1072 2689 σου,
1094 2624 1174 2687 ὡς
1201 2623 1363 2690 ὅρνις
1392 2623 1464 2676 τὰ
1495 2621 1721 2675 νοσσία

143 2711 343 2779 αὐτῆς
378 2713 494 2767 ὑπὸ
517 2714 623 2781 τὰς
675 2714 995 2783 πτέρυγας,
1039 2715 1137 2769 καὶ
1189 2717 1302 2768 οὐκ
1332 2713 1718 2782 ἠθελήσατες

157 2801 310 2856 Ἰδοὺ
334 2803 564 2870 ἀφίεται
589 2806 623 2856 ὀ
646 2799 811 2868 οἶκος
838 2801 1006 2872 ὑμῶν
1033 2803 1271 2870 ἕρημος.
1309 2804 1368 2854 '0
1403 2801 1458 2854 δὲ
1493 2801 1721 2864 Ἡσαΐας

147 2893 344 2947 πάλιν⁸
387 2893 574 2961 Ὀρῶν
616 2894 777 2963 ἡμᾶς
833 2894 976 2959 τοὺς
1027 2893 1214 2960 δῆθεν
1261 2892 1568 2962 μοναχοὺς
1612 2891 1720 2955 τὰς

147 2983 494 3051 σωματικὰς
524 2984 896 3052 λειτουργίας
927 2981 1354 3046 ἐπιτελοῦντας
1369 2981 1581 3050 μόνον,
1611 2995 1718 3032 κα-

147 3073 599 3142 ταφρονοῦντας
617 3073 684 3126 δέ
709 3073 828 3126 τῶν
845 3071 1284 3142 πνευματικῶν,
1302 3071 1400 3123 καὶ
1424 3068 1520 3122 διὰ
1543 3066 1720 3120 τοῦτο
1749 3097 1792 3156 c

149 3165 623 3235 τετυφωμένους,
649 3165 879 3233 ἔλεγεν,
918 3163 1244 3215 Ἀκούσατε
1273 3160 1460 3227 λόγον
1479 3157 1720 3225 Κυρίου,

149 3257 442 3325 ἄρχοντες
465 3253 740 3322 Σοδόμων
765 3268 779 3284 ⁸
809 3250 1134 3320 προσέχετε
1159 3251 1348 3319 νόμον
1377 3248 1546 3312 Θεοῦ,
1576 3248 1726 3312 λαὸς

150 3347 479 3414 Γομόρῤας.
537 3343 598 3397 Τί
638 3359 742 3412 μοι
783 3339 1016 3408 πλῆθος
1058 3340 1179 3394 τῶν
1237 3338 1467 3395 θυσιῶν
1519 3336 1724 3418 ὑμῷνξ

150 3437 404 3504 Πλήρης
445 3434 584 3504 εἰμι.
632 3433 752 3487 τῶν
804 3431 1316 3501 ὁλοκαυτωμάτων
1360 3428 1575 3497 κριῶν·
1625 3427 1726 3482 καὶ

151 3526 339 3594 στέαρ
380 3524 597 3594 ἀρνῶν,
631 3524 730 3577 καὶ
774 3519 917 3592 αἷμα
974 3523 1208 3589 ταύρων
1249 3520 1350 3575 καὶ
1377 3519 1606 3589 τράγων
1652 3519 1724 3572 οὐ

145 3620 471 3686 βούλομαι.
512 3617 607 3681 Τίς
644 3616 756 3684 γάρ
786 3613 1107 3683 έξεζήτησε
1134 3613 1320 3666 ταῦτα
1346 3612 1413 3664 έκ
1453 3611 1570 3664 τῶν
1600 3627 1722 3678 χει-

139 3708 275 3776 ρῶν
308 3706 510 3777 ὐμῶνς
539 3705 752 3760 Πατεῖν
780 3704 895 3772 τὴν
932 3703 1136 3770 αὐλήν
1175 3719 1297 3771 μου
1355 3703 1428 3754 οὐ
1459 3699 1725 3768 προσθή-

156 3785 360 3854 σεσθε.
401 3798 536 3854 Ἐὰν
562 3797 778 3866 φέρητε
817 3795 1153 3862 σεμίδαλιν,
1179 3792 1462 3862 μάταιον·
1513 3789 1726 3858 θυμία-

149 3906 238 3959 μα
262 3888 430 3960 [Sixt.
459 3888 682 3956 μάταιον
711 3884 987 3956 Θυμίαμα,
1022 3899 1126 3937 non
1158 3884 1292 3936 satis
1326 3879 1728 3951 αριε],βδέλυ-

155 3977 278 4048 γμά
297 3979 402 4045 μοί
419 3978 572 4029 ἐστι.
620 3975 730 4041 Τὰς
772 3974 1102 4042 νουμηνίας
1126 3971 1291 4042 ὑμῶν
1319 3972 1417 4028 καὶ
1461 3971 1533 4026 τὰ
1582 3969 1729 4024 σάϐ-

156 4073 327 4129 ϐατα,
367 4067 467 4121 καὶ
513 4066 740 4135 ἡμέραν
767 4064 1046 4136 μεγάλην
1084 4068 1194 4118 οὐκ
1249 4062 1554 4133 ἀνέχομαι.
1609 4065 1728 4130 Νη-

154 4159 370 4211 στείαν
401 4157 499 4210 καὶ
530 4158 743 4224 ἀργίαν
763 4157 860 4209 καὶ
893 4156 1001 4221 τὰς
1032 4154 1240 4222 ἑορτὰς
1271 4152 1455 4221 ὑμῶν,
1493 4152 1662 4222 μισεῖ
1687 4153 1727 4218 ﬁ

155 4247 330 4317 ψυχή
361 4265 499 4316 μου.
553 4247 907 4316 Ἐγενήθητέ
935 4261 1037 4314 μοι
1068 4247 1155 4311 εις
1179 4244 1566 4314 πλησμονήν·
1597 4245 1731 4297 οὐκ·

154 4341 248 4394 ἐτι
279 4342 348 4394 οὐ
384 4339 471 4408 μὴ
503 4340 744 4393 ἀνοίσω.
803 4339 990 4390 Ὅταν
1027 4338 1133 4404 τὰς
1179 4339 1381 4405 χεῖρας
1427 4338 1731 4404 έκτεὶνητε

1841 2251 1850 2259 ’
1895 2249 1985 2305 56.
2033 2248 2182 2305 Hanc
2222 2266 2438 2320 quoque
2475 2250 2670 2305 animae
2707 2248 3100 2303 desolationem
3145 2245 3410 2300 Dominus

1825 2340 2172 2411 signiﬁcans,
2226 2341 2452 2395 aiebat:
2495 2339 2818 2402 Jerusalem,
2861 2337 3024 2407 385
3076 2335 3405 2398 Jerusalem,

1825 2447 1942 2502 quae
1974 2432 2159 2485 occidis
2176 2433 2475 2501 prophetas,
2513 2422 2572 2483 et
2606 2429 2812 2499 lapidas
2845 2416 2952 2491 eos,
2979 2428 3069 2497 qui
3099 2427 3168 2479 ad
3192 2433 3240 2478 te
3265 2424 3410 2478 missi

1822 2532 1977 2587 sunt,
2008 2524 2210 2592 quoties
2250 2522 2390 2575 volui
2439 2536 2758 2591 congregare
2809 2519 2950 2587 ﬁlios
2985 2527 3120 2580 tuos,
3157 2516 3410 2587 quemad-

1825 2614 2037 2666 modum
2084 2612 2288 2684 gallina
2334 2619 2614 2682 congregat
2666 2610 2836 2682 pullos
2883 2626 3002 2664 suos
3049 2609 3142 2662 sub
3181 2607 3320 2673 alas,
3358 2613 3408 2659 et

1825 2709 2040 2764 noluisti
2069 2709 2095 2762 .9
2128 2706 2262 2762 Ecce
2299 2706 2626 2777 relinquetur
2662 2705 2846 2759 domus
2897 2713 3071 2758 vestra
3117 2702 3322 2755 deserta
3337 2699 3406 2754 ".

1825 2796 2036 2850 Rursus
2065 2808 2197 2847 vero
2217 2792 2402 2857 lsaias,
2422 2807 2524 2847 nos
2546 2791 2805 2846 videlicet
2824 2789 3140 2852 monachos,
3173 2787 3264 2857 qui
3289 2801 3409 2842 cor-

1823 2886 2029 2957 poralia
2059 2885 2323 2939 duntaxat
2347 2884 2531 2936 munia
2558 2884 2842 2946 obeamus,
2865 2890 3280 2936 contemnamus
3306 2894 3408 2933 au-

1826 2989 1933 3033 tem
1959 2976 2244 3048 spiritalia,
2284 2984 2447 3044 atque
2486 2991 2552 3029 eo
2595 2975 2816 3030 nomine
2864 2972 3034 3027 inﬂati
3072 2972 3263 3036 simus,
3293 2971 3408 3040 spi-

1824 3073 1932 3127 ritu
1971 3073 2225 3135 intuens,
2266 3071 2447 3125 aiebat
2483 3087 2496 3124 :
2528 3070 2717 3144 Audite
2757 3071 2967 3124 verbum
3001 3067 3229 3132 Domini,
3262 3067 3411 3138 prin-

1831 3167 1968 3235 cipes
1990 3164 2372 3227 Sodomorum;
2403 3163 2657 3216 attendite
2685 3162 2783 3232 legi
2811 3161 2926 3225 Dei,
2951 3159 3173 3231 populus
3192 3159 3411 3215 Gomor-

1829 3257 1956 3308 rhw.
1998 3253 2111 3319 Quo
2164 3255 2291 3308 mihi
2347 3252 2629 3306 multitudo
2679 3251 3011 3305 victimarum
3057 3257 3352 3304 vestrarum
3385 3249 3411 3302 2

1829 3343 2029 3398 Plenus
2049 3359 2168 3397 sum
2191 3343 2506 3397 holocaustis
2527 3344 2792 3407 arietum;
2821 3351 2868 3394 et
2893 3341 3100 3411 adipem
3124 3357 3407 3411 agnorum,

1829 3440 1879 3486 et
1903 3434 2216 3503 sanguinem
2239 3442 2521 3486 taurorum
2552 3439 2602 3485 et
2627 3433 2892 3485 hircorum
2930 3430 3071 3484 nolo.
3100 3429 3228 3495 Quis
3268 3431 3410 3483 enim

1831 3523 2106 3594 acquisivit
2158 3524 2268 3578 licet:
2315 3522 2379 3575 de
2427 3522 2666 3576 manibus
2696 3522 2922 3576 vestris?
2953 3520 3176 3577 Calcare
3212 3523 3410 3575 atrium

1831 3631 2006 3669 meum
2059 3631 2164 3668 non
2202 3616 2504 3684 apponatis.
2547 3613 2606 3668 Si
2640 3615 2872 3684 afferatis
2913 3613 3167 3678 similam,
3208 3613 3411 3682 frustra

1830 3715 1948 3759 est:
1975 3707 2263 3769 incensum,
2299 3705 2622 3759 abominatio
2669 3707 2796 3758 mihi
2829 3715 2922 3759 est.
2973 3705 3282 3759 Neomenias
3327 3720 3413 3759 ve-

1829 3805 1969 3848 stras
1993 3804 2041 3848 et
2063 3793 2316 3860 Sabbata,
2351 3804 2399 3848 et
2418 3797 2555 3849 diem
2581 3812 2833 3866 magnum
2856 3813 2956 3848 non
2988 3797 3118 3864 fero.
3136 3795 3411 3865 Jejunium

1829 3895 1878 3939 et
1908 3886 2066 3954 ferias
2104 3895 2152 3940 et
2191 3886 2496 3955 festivitates
2517 3893 2717 3939 vestras
2739 3887 2845 3938 odit
2879 3887 3059 3939 anima
3093 3903 3228 3940 mea.
3262 3887 3411 3941 Facti

1827 3978 1948 4030 estis
1995 3978 2123 4030 mihi
2154 3977 2211 4031 in
2243 3976 2562 4030 satietatem.
2615 3975 2736 4030 Non
2781 3975 2930 4030 ultra
2964 3977 3250 4031 dimittam.
3278 3977 3410 4032 Cum

1829 4068 2164 4124 extenderitis
2225 4084 2414 4123 manus
2447 4058 2516 4122 ad
2551 4084 2670 4132 ,me,
2718 4078 2960 4123 avertam
2993 4067 3168 4122 oculos
3209 4083 3348 4123 meos
3375 4086 3410 4123 α

1829 4161 1992 4226 vobis,
2018 4169 2067 4214 et
2112 4178 2230 4215 cum
2246 4158 2721 4231 multiplicaveritis
2751 4161 3064 4230 orationem,
3087 4175 3191 4214 non
3245 4176 3410 4214 exau-

1831 4252 1997 4307 diam.
2029 4251 2302 4317 Quorsum
2329 4251 2506 4306 vero?
2552 4249 2742 4305 Manus
2774 4252 2917 4304 enim
2941 4257 3144 4316 vestrae,
3187 4250 3407 4319 inquit,

1829 4342 2091 4412 sanguine
2119 4341 2289 4411 plenae
2325 4349 2446 4396 sunt
2478 4342 2547 4406 ’9;
2582 4340 2788 4396 idcirco
2833 4340 3118 4406 nimirum,
3149 4341 3276 4411 quia
3321 4347 3411 4411 qui

155 4431 311 4498 πρός
360 4446 456 4498 με,
510 4426 872 4495 ἀποστρέψω
914 4428 1055 4492 τοὺς
1089 4425 1432 4495 ὀφθαλμούς
1474 4441 1594 4494 μου
1627 4423 1723 4492 ἀφ’

1835 4433 1943 4487 odit
1971 4433 2190 4502 fratrem
2221 4449 2398 4497 suum,
2450 4431 2712 4487 homicida
2775 4441 2850 4487 est
2879 4434 2919 4491 ί.
2969 4433 3206 4488 Proinde
3246 4433 3408 4502 quid-
3472 4507 3476 4511 _

154 4517 360 4589 ὑμῶν·
397 4520 496 4572 καὶ
537 4517 643 4571 ἐὰν
667 4517 1015 4585 πληθύνητε
1041 4515 1156 4583 τὴν
1190 4513 1426 4582 δέησιν,
1466 4516 1579 4567 οὐκ
1604 4515 1730 4567 εισ-

156 4612 500 4678 ακούσομαι
535 4606 722 4677 ὑμῶν.
787 4606 974 4672 Διατί;
1018 4609 1090 4660 Al
1149 4603 1260 4674 γὰρ
1315 4604 1510 4673 χεῖρες
1536 4601 1724 4673 ὑμῶν,

1833 4524 1968 4594 quid
2031 4533 2116 4578 est
2186 4524 2511 4595 disciplina},
2570 4525 2947 4595 religioseque
2997 4525 3410 4581 exercitationis

1832 4611 2100 4666 charitate
2140 4627 2250 4666 non
2274 4613 2492 4678 fultum,
2521 4613 2758 4667 alienum
2788 4629 2818 4668 a
2857 4609 2970 4668 Deo
2988 4622 3091 4669 est.

160 4703 354 4773 φησὶν,
409 4702 656 4770 αἵματος
720 4699 1006 4767 πλήρειςο
1069 4698 1254 4770 ἐπειδὴ
1309 4701 1343 4752 ό
1390 4698 1588 4768 μισῶν
1629 4700 1739 4754 τὸν
1775 4701 2045 4773 ἀδελφὸν
2104 4707 2313 4770 αὑτοῦ,
2350 4708 2861 4775 ἀνθρωποκτόνος
2907 4707 3060 4760 ἐστί.
3111 4705 3208 4760 Διὰ
3253 4705 3412 4758 τοῦτο

160 4800 317 4852 πᾶσα
350 4800 580 4864 ἄσκησις
609 4798 829 4866 ἀγάπην
895 4795 969 4866 μὴ
1010 4795 1206 4866 ἔχουσα
1237 4793 1490 4864 ἀλλοτρία
1513 4795 1605 4847 τοῦ
1668 4796 1802 4851 Θεοῦ
1841 4799 2188 4855 καθίσταται.
3222 4791 3234 4803 ’

237 4891 302 4954 ζ’.
355 4892 455 4944 Διὰ
504 4891 662 4944 τοῦτο
694 4891 788 4945 καὶ
838 4891 933 4962 τὴν
970 4891 1260 4961 ὑπόκρισιν
1296 4891 1454 4960 ἡμῶν
1494 4890 1730 4962 ἐλέγχων

159 4981 450 5052 πὸρῤωθεν
491 4981 694 5047 ἔλεγεν
738 4981 800 5033 '0
820 4978 970 5046 λαὸς
1003 4976 1200 5045 οὗτος,
1235 4979 1359 5046 τοῖς
1386 4980 1617 5047 χείλεσι
1655 4997 1732 5050 με

156 5071 322 5142 τιμᾷ’
350 5074 386 5140 ἡ
417 5071 485 5124 δὲ
507 5072 717 5140 καρδία
745 5070 943 5128 αὐτῶν
972 5072 1170 5139 πόρρω
1190 5071 1399 5139 ἀπέχει
1431 5073 1532 5126 ἀπ’
1564 5074 1731 5143 ἐμοῦ,

1909 4895 1996 4949 57.
2023 4896 2234 4950 Idcirco
2268 4895 2435 4950 etiam
2457 4905 2701 4952 nostram
2727 4895 2919 4966 procul
2949 4895 3288 4965 bypocrisim
3320 4911 3411 4949 ar-

1839 4999 2031 5054 guens,
2066 4986 2287 5040 aiebat:
2321 4985 2554 5056 Populus
2589 4988 2670 5040 hic
2704 4986 2854 5041 labiis
2897 5003 2978 5039 me
3008 4987 3252 5049 honorat,
3320 5001 3410 5038 cor

1841 5084 2017 5129 autem
2053 5091 2231 5129 eorum
2269 5075 2419 5147 longe
2446 5083 2520 5130 est
2548 5095 2579 5130 α
2618 5093 2740 5130 me:
2771 5079 2884 5131 sine
2911 5093 3074 5130 causa
3109 5085 3285 5129 autem
3319 5093 3409 5129 co-

152 5163 360 5234 ⁴μάτην
383 5163 451 5216 δὲ
474 5164 754 5218 σέϐονταί
766 5179 865 5232 με,
893 5164 988 5217 καὶ
1009 5165 1076 5217 τὰ
1103 5163 1250 5231 ἑξῆς.
1281 5164 1391 5217 Καὶ
1413 5163 1554 5236 ἅπερ
1609 5167 1666 5220 δὲ
1706 5170 1723 5221 ί

1844 5163 1956 5216 lunt
1989 5181 2070 5217 me
2094 5165 2137 5229 ²,
2161 5173 2220 5218 et
2255 5180 2376 5234 quae
2411 5174 2735 5235 sequuntur.
2774 5165 2918 5232 Quin
2949 5175 3005 5220 et
3037 5181 3120 5229 ea,
3149 5181 3270 5234 qua:
3305 5166 3408 5218 Dn-

160 5254 371 5323 Κύριος
403 5254 559 5323 ἡμῶν
584 5253 737 5321 ἔλεγε
761 5254 1058 5320 ταλανίζων
1083 5255 1209 5315 τοὺς
1231 5255 1579 5324 Φαρισαίους,
1605 5257 1723 5325 περῖ

1842 5255 2027 5310 minus
2071 5266 2261 5311 noster
2304 5259 2519 5312 locutus
2549 5266 2634 5332 est
2664 5257 2954 5327 deplorans
2995 5257 3316 5318 Pharisaeos,
3356 5257 3409 5310 in

161 5343 325 5414 ἡμῶν
346 5343 456 5411 ἐγὼ
481 5345 684 5409 ἀκούω,
714 5345 822 5398 τῶν
843 5344 937 5398 νῦν
972 5343 1299 5414 ὑποκριτῶν,
1329 5344 1440 5397 τῶν
1471 5345 1723 5417 τοσαύτης

1839 5361 1942 5400 nos
1975 5345 2120 5400 dicta
2146 5363 2248 5417 ego
2279 5349 2465 5414 audio,
2494 5350 2589 5418 qui
2607 5365 2756 5404 nunc
2788 5349 3195 5420 hypocrit'arum
3226 5347 3408 5400 album

161 5433 386 5504 χάριτος
406 5433 764 5502 ἀξιωθέντων,
792 5436 886 5489 καὶ
914 5433 1082 5504 χείρω
1107 5433 1329 5487 ἐκείνων
1352 5433 1734 5502 διακειμένων.

1844 5435 2172 5504 implemus:
2209 5439 2302 5506 qui
2340 5447 2486 5494 tanta
2522 5440 2728 5511 dignati
2769 5441 2964 5510 gratia,
2997 5441 3152 5510 pejus
3192 5439 3300 5493 illis
3338 5439 3412 5492 la-

238 5615 285 5688 ιι
314 5616 416 5670 lsa.
438 5631 478 5677 1,
507 5616 590 5688 ελ
635 5615 1150 5688 °f_no_m.n,as-52.
1226 5616 1269 5648 ετ
1313 5615 1442 5669 ibid.
1473 5615 1557 5669 ιε.
1633 5617 1723 5671 θοι

1828 5618 1901 5672 ιιι.
1929 5634 2074 5680 xxm,
2109 5619 2195 5682 57,
2228 5619 2312 5674 58.
2394 5623 2436 5653 ’θ
2473 5621 2573 5676 lsa.
2600 5638 2637 5688 ι,
2670 5621 2857 5677 10-15.
2934 5622 3002 5682 ¹.Ι
3037 5623 3190 5678 Joan.
3219 5638 3295 5688 ut,
3325 5622 3413 5678 15.

164 5685 189 5720 ι
223 5685 324 5738 lsa.
357 5701 498 5746 xxxx,
530 5686 626 5748 15;
659 5685 843 5738 Matth.
877 5702 960 5750 xv,
997 5684 1050 5741 8.
