3876 6314
464 301 578 365 ,943

1632 295 1699 354 S.
1732 295 2017 356 MAXIM]
2059 296 2569 357 CONFESSORIS

3678 302 3768 366 ομ

469 421 751 479 noramus.
791 416 934 471 Num
987 423 1044 470 et
1080 429 1183 469 nos
1221 413 1511 485 alligamus
1551 417 1720 468 onera
1761 414 1947 484 gravia
1997 422 2055 469 et

2167 415 2227 467 'II
2256 416 2378 486 οὐχὶ
2409 417 2505 469 καὶ
2551 416 2710 485 ἡμεῖς
2741 414 3049 487 δεσμοῦμεν
3088 417 3287 488 φορτία
3320 418 3509 487 βαρέα
3534 418 3636 470 καί
3662 420 3769 470 Ea:-

472 508 860 579 importabilia,
887 514 944 561 et
973 506 1309 576 imponimus
1345 506 1401 559 in
1435 506 1699 560 humeros
1741 504 2048 571 hominum,

470 611 525 653 et
555 598 812 651 nolumus
832 595 1006 666 digito
1035 610 1099 649 ea
1128 610 1350 651 movere
1378 595 1436 648 ’ί
1468 595 1607 649 Νιιιιι
1641 604 1699 649 ει
1733 610 1835 650 ιιοε
1867 594 2052 650 omnia

471 705 636 757 opera
668 695 855 742 nostra
880 687 1140 751 facimus,
1162 696 1221 742 ut
1247 688 1535 742 videamur
1563 687 1632 742 ab
1655 687 1982 742 hominibus
2001 686 2052 739 ⁸2

472 783 609 833 Num
642 787 698 833 ct
730 795 834 833 nos
870 793 1119 833 amamus
1154 778 1362 849 primos
1397 778 1680 832 recubitus
1716 777 1770 832 in
1795 781 1970 834 omnis
1996 786 2053 833 et

470 871 677 938 primas
720 869 882 923 sedes
930 869 987 922 in
1030 869 1317 922 hominum
1359 869 1618 934 coetibus,
1656 884 1722 924 ac
1759 867 1948 924 vocari
1982 868 2052 924 ab

474 962 793 1016 hominibus
838 960 1037 1027 Rabbi,
1084 961 1297 1016 Ranbi?
1325 977 1390 1016 ac
1429 962 1525 1032 qui
1570 963 1690 1019 haec
1726 978 1837 1018 non
1884 963 2052 1019 etiam

474 1062 636 1120 atque
662 1054 832 1107 etiam
862 1054 1128 1119 tribuant,
1147 1054 1215 1108 ad
1246 1063 1477 1109 mortem
1511 1069 1685 1125 usque
1708 1055 2052 1127 insequimur

474 1162 535 1197 :tc
571 1146 868 1200 vexamus?
895 1145 1037 1199 Num
1070 1153 1126 1200 et
1153 1160 1256 1200 nos
1289 1146 1517 1202 tulimus
1545 1148 1755 1203 clavem
1784 1148 2050 1214 scientiae.

473 1245 523 1289 et
562 1236 871 1291 claudimus
910 1251 1137 1307 regnum
1174 1237 1439 1292 caelorum
1486 1252 1672 1293 coram
1709 1239 2049 1307 hominibus,

479 1336 537 1378 ut
562 1341 662 1381 nec
686 1326 789 1396 ipsi
813 1326 1207 1396 ingrediamur,
1238 1342 1341 1380 nec
1372 1326 1498 1382 illos
1523 1327 1735 1397 ingredi
1754 1329 2053 1384 faciamus?

478 1420 616 1472 Num
640 1427 696 1471 et
729 1434 829 1473 nos
856 1418 1156 1474 circuimus
1185 1435 1334 1474 mare
1374 1429 1430 1473 et
1458 1420 1668 1475 aridam
1701 1431 1763 1477 ut
1785 1421 2051 1478 faciamus

480 1524 647 1561 unum
664 1508 1021 1580 proselytum,
1040 1509 1204 1579 336
1217 1518 1273 1564 et
1292 1509 1606 1578 cunifactus
1622 1510 1806 1575 fuerit,
1824 1512 2054 1568 facimus

478 1616 601 1653 eum
616 1600 881 1669 gehenna:
894 1599 1066 1653 filium
1079 1600 1249 1670 duplo
1262 1616 1424 1669 quam
1445 1602 1569 1656 nos?
1598 1602 1737 1656 Num
1759 1611 1815 1657 et
1831 1618 1933 1658 nos
1948 1602 2053 1658 du-

477 1708 569 1744 t'i‘S
614 1691 744 1746 caeci
784 1706 994 1754 sumus.
1029 1691 1124 1762 qui
1148 1693 1393 1746 colemus
1409 1692 1663 1758 culicem,
1695 1702 1747 1748 et
1784 1696 2053 1749 camelum

2158 505 2462 571 ὁάστακτα,
2522 511 2617 560 καὶ
2669 505 2988 577 ὲπιτίθεμεν
3020 508 3113 560 ἐπὶ
3146 509 3277 571 τοὺς
3310 508 3511 578 ὤμους
3545 508 3661 561 τῶν
3682 515 3761 563 αν-

2159 593 2422 663 θρώπων,
2452 594 2531 665 τῷ
2571 595 2629 649 δὲ
2679 595 2931 667 δακτύλῳ
2973 597 3133 668 ἡμῶν
3160 598 3225 650 οὐ
3271 597 3525 667 θέλομεν
3551 599 3759 667 κινῆται

2158 687 2335 752 αὑτάς
2393 687 2465 740 ’Ἠ
2524 687 2646 756 οὐχὶ
2702 688 2798 741 καὶ
2848 690 3046 759 ἡμεῖς,
3096 693 3278 744 πάντα
3314 691 3385 744 τὰ
3420 691 3572 761 ἔργα
3619 695 3757 763 ἡμῶν

2160 777 2423 849 ποιοῦμεν
2453 780 2591 850 πρὸς
2624 780 2688 833 τὸ
2717 779 2979 851 θεαθῆναι
3006 783 3121 845 τοῖς
3148 781 3515 853 ἀνθρώποιςς
3552 786 3627 837 'II
3654 787 3759 854 οὐχὶ

2159 868 2257 921 καὶΙ
2281 871 2315 939 ἡ
2323 868 2627 938 μεῖςνφιλοῦ
2636 887 2737 940 μεν
2752 869 2853 940 τὴν
2874 871 3282 942 πρωτοκλισίαν
3305 874 3367 927 ὲν
3387 876 3515 937 τοῖς
3535 874 3756 939 δείπνοις

2161 960 2387 1024 καὶτὰς
2431 961 2919 1033 πρωτοκαθεδρίας
2970 963 3029 1015 ὲν
3080 965 3202 1027 ταῖς
3241 970 3631 1033 συναγωγαῖς,
3676 970 3756 1019 καὶ

2161 1052 2446 1107 καλεῖσθαι
2491 1053 2598 1106 ὑπὸ
2633 1054 2740 1107 τῶν
2791 1052 3097 1123 ἀνθρώπων
3158 1052 3374 1119 Ῥαδσι,
3420 1055 3646 1109 Ῥα66ί’
3679 1062 3755 1111 καὶ

2159 1145 2288 1207 τοὺς
2312 1142 2486 1197 ταῦτα
2511 1146 2645 1214 ἡμῖν
2678 1144 2752 1214 μὴ
2784 1144 2991 1216 σφόδρα
3020 1144 3430 1214 ἀπονέμοντας,
3466 1148 3579 1210 ἓως
3614 1146 3755 1201 θανά-

2158 1254 2253 1291 του
2279 1234 2648 1307 πολεμοῦμεν;
2682 1238 2753 1290 ’Ἡ
2770 1237 2892 1307 οὐχὶ
2917 1236 3011 1289 καὶ⁸
3038 1238 3199 1307 ἡμεῖς
3229 1238 3456 1308 ἡραμεν
3494 1240 3603 1310 τὴν
3629 1242 3758 1292 κω.

2159 1328 2228 1382 δα
2255 1328 2358 1399 τῆς
2396 1328 2676 1397 γνώσεως,
2719 1330 2817 1382 καὶ
2852 1329 3110 1400 κλείομεν
3154 1328 3256 1401 τὴν
3306 1329 3611 1399 βασιλείαν
3669 1332 3759 1383 τῶν

2158 1419 2406 1491 οὐρανῶν
2438 1419 2754 1490 ἔμπροσθεν
2783 1418 2893 1473 τῶν
2918 1418 3244 1489 ἀνθρώπων,
3281 1420 3425 1490 μηδὲ
3452 1406 3623 1475 αὐτοὶ
3666 1425 3761 1475 εἰς·

2161 1513 2470 1583 ερχόμενοι,
2515 1511 2650 1583 μηδὲ
2679 1511 2880 1575 αὐτοὺς
2905 1511 3188 1575 ποιοῦντες
3207 1511 3490 1566 εἰσελθεῖν
3513 1530 3530 1578 ;
3558 1515 3632 1567 Ἦ
3658 1517 3763 1584 0-th

2161 1602 2258 1657 καὶ
2289 1603 2449 1673 ἡμεῖς
2481 1602 2820 1674 περιάγομεν
2860 1603 2963 1671 τὴν
3001 1602 3280 1656 θάλασσαν
3328 1603 3432 1656 καὶ
3458 1604 3570 1674 τὴν
3611 1603 3760 1676 hara

2164 1692 2395 1762 ποιῆσαι
2438 1691 2536 1746 ἕνα
2592 1690 2954 1761 προσήλυτον,
2984 1693 3081 1745 καὶ
3119 1693 3250 1745 ὅταν
3294 1693 3567 1764 γένηται,
3603 1694 3764 1748 ποιοῦ-

477 1781 808 1847 glutiamus?
830 1780 973 1835 Num
1003 1788 1058 1834 et
1084 1796 1185 1835 nos
1205 1781 1535 1835 mundamus
1558 1782 1704 1851 quod
1739 1782 1946 1837 deforis
1973 1789 2059 1837 est

2170 1799 2272 1852 μεν
2304 1782 2468 1836 αὑτὸν
2507 1782 2622 1835 υἱὸν
2651 1780 2879 1851 γεέννης
2922 1781 3241 1852 διπλότερον
3291 1784 3512 1854 ἡμῶνς
3558 1786 3633 1837 Ἦ
3664 1787 3765 1855 οὶῄ

479 1871 667 1925 caiicis
708 1880 765 1926 et
790 1869 1153 1940 .paropsidis;
1192 1871 1341 1941 quod
1379 1882 1561 1926 autem
1603 1884 1854 1927 nostrum
1906 1874 2056 1930 intus

484 1970 569 2013 est
617 1962 841 2029 plenum
887 1969 973 2014 est
1014 1960 1205 2030 rapina
1249 1970 1306 2014 et
1339 1961 1661 2030 iniquitate?
1697 1964 1944 2032 quinimo
1975 1964 2058 2018 in-

480 2050 823 2104 continentia
863 2050 1122 2120 turpique
1156 2049 1420 2104 libidine?
1454 2050 1594 2105 Num
1613 2060 1786 2106 etnos
1820 2054 2058 2108 decima-

480 2158 605 2196 mus
643 2152 821 2195 rutam
844 2152 901 2196 et
931 2151 1196 2207 meritam,
1235 2156 1511 2210 omneque
1535 2143 1676 2203 olus,
1707 2152 1762 2197 et
1788 2144 2058 2211 judicium

481 2250 545 2286 ac
581 2231 939 2287 dilectionem
980 2230 1078 2285 Dei
1119 2229 1629 2300 praetermittimus?
1650 2230 1800 2285 'Num
1852 2240 1910 2285 et
1956 2247 2059 2286 nos

482 2336 673 2374 smnus
704 2321 866 2374 sicut
910 2318 1165 2389 sepulcra
1209 2318 1468 2383 obscura,
1511 2319 1608 2388 qui
1654 2319 1792 2374 foris
1834 2320 2057 2389 quidem

476 2411 610 2481 justi
636 2409 1300 2478 hominibuspareamus,
1332 2407 1485 2462 intus
1511 2418 1694 2462 autem
1719 2408 1866 2477 pleni
1888 2409 2061 2465 simus

482 2502 758 2574 hypocrisi
782 2510 840 2556 et
866 2501 1221 2571 improbitate
1264 2507 1321 2554 et
1359 2499 1510 2553 omni
1546 2500 2060 2569 spurcitia'?Num

480 2605 536 2647 et
574 2608 676 2648 nos
703 2592 1042 2648 aedificamus
1078 2591 1332 2661 sepulcra
1372 2600 1679 2662 martyrum
1712 2598 1769 2645 et
1799 2606 2062 2646 ornamus

484 2692 836 2739 ntoiiuuieuta
862 2683 1261 2754 apostolorum,
1287 2691 1456 2753 atque
1489 2682 1598 2737 illis
1638 2682 1847 2737 similes
1870 2698 2064 2738 sumus

482 2780 575 2847 qui
611 2793 707 2832 eos
741 2776 1101 2832 occiderunt?
1129 2775 1264 2842 Quis
1306 2790 1440 2846 ergo
1481 2792 1592 2830 non
1623 2776 1825 2847 lugeat,
1860 2776 1954 2846 qui
1983 2776 2065 2830 sic

483 2871 664 2925 atl‘ecti
709 2870 887 2924 simus
919 2878 977 2923 et
1012 2868 1366 2924 laboremus?
1402 2867 1539 2935 Quis
1575 2875 1781 2923 tantam
1818 2876 2063 2922 nostram

484 2962 857 3031 captivitatem
892 2961 1152 3032 lacrymis
1187 2976 1298 3015 non
1332 2959 1729 3030 prosequatur?
1768 2960 2065 3028 Propterea

2159 1874 2254 1927 καὶ
2284 1875 2449 1944 ἡμεῖς
2484 1876 2657 1944 ἐσμεν
2714 1875 2901 1945 ὁδηγοὶ
2937 1872 3151 1942 τυφλοὶ,
3180 1872 3275 1926 τὸν
3328 1875 3579 1929 aco-2mm
3619 1877 3766 1929 suis.

2158 1968 2365 2031 ζοντες,
2392 1967 2486 2020 καὶ
2514 1967 2614 2036 τὴν
2647 1967 2897 2037 κάμηλον
2936 1966 3381 2033 καταπίνοντες;
3421 1969 3503 2020 Ἦ
3549 1971 3671 2039 οὐχὶ
3690 1974 3767 2022 zu".

2160 2059 2322 2129 ἡμεῖς
2344 2058 2720 2130 καθαρίζομεν
2749 2059 2808 2112 τὸ
2840 2058 3041 2126 ἔξωθεν
3080 2058 3176 2113 τοῦ
3212 2059 3503 2131 ποτηρίου
3558 2063 3657 2113 καὶ
3687 2062 3765 2131 τῆς

2161 2150 2478 2221 παροψίδος⁸
2534 2150 2596 2203 τὸ
2648 2151 2705 2204 δὲ
2752 2149 2954 2211 ἔσωθεν
2982 2149 3141 2221 ἡμῶν
3172 2151 3340 2221 γέμει
3380 2153 3663 2222 ἁρπαγῆς
3690 2154 3766 2205 καὶ

2160 2246 2474 2311 πλεονεξίας
2519 2246 2633 2319 [Fr.
2676 2248 2770 2302 καὶ
2806 2246 3199 2319 ἀκαθαρσίας]’
3239 2247 3458 2316 μᾶλλον
3511 2249 3577 2302 δὲ
3615 2252 3766 2320 inps»

2162 2337 2284 2401 σίας
2308 2355 2323 2402 ς
2353 2340 2424 2393 Ἦ
2452 2341 2573 2410 οὐχὶ
2603 2342 2697 2393 καὶ
2721 2341 2889 2411 ἡμεῖς
2919 2339 3382 2411 ἀποδεκατοῦμεν
3426 2343 3497 2394 τὸ
3535 2343 3766 2411 πήγανον

2162 2428 2258 2483 καὶ
2285 2429 2346 2483 τὸ
2375 2430 2663 2501 ἡδύοσμον,
2691 2432 2785 2485 καὶ
2813 2433 2922 2485 πᾶν
2943 2431 3199 2501 λάχανονο
3230 2434 3328 2486 καὶ
3356 2450 3511 2501 παρε
3522 2434 3757 2504 ρχὸμώε

2167 2520 2268 2590 τὴν
2319 2520 2501 2590 κρίσιν
2555 2522 2652 2575 καὶ
2683 2521 2778 2588 τὴν
2813 2523 3035 2592 ἀγάπην
3066 2522 3159 2576 τοῦ
3187 2523 3368 2590 Θεοῦ;
3401 2525 3481 2577 Ἦ
3516 2526 3649 2595 οὐχὶ
3688 2528 3768 2579 καὶ

2165 2612 2328 2680 ἡμεῖς
2362 2612 2532 2680 ἐσμεν
2560 2612 2636 2675 ὼς
2668 2612 2738 2666 τὰ
2771 2616 3014 2684 μνημεῖα
3057 2615 3125 2669 τὰ
3162 2614 3355 2686 ἄδηλα,
3421 2616 3641 2680 ἔξωθεν
3682 2618 3766 2686 μὲν

2164 2704 2481 2773 φαινόμενοι
2513 2705 2627 2767 τοῖς
2664 2703 2979 2775 ἀνθρώποις
3021 2707 3242 2771 δίκαιοι,
3282 2707 3506 2760 ἔσωθεν
3542 2709 3605 2762 δὲ
3632 2710 3766 2770 But-.3;

2169 2793 2357 2860 μεστοὶ
2384 2793 2730 2862 ὑποκρίσεως
2760 2792 2857 2846 καὶ
2890 2794 3123 2864 ἀνομίας
3168 2796 3263 2848 καὶ
3298 2798 3493 2866 πάσης
3527 2799 3765 2867 ἀκαθαρ-

2168 2884 2314 2943 σία;;
2355 2884 2426 2936 Ἦ
2467 2884 2588 2954 οὐχὶ
2632 2885 2726 2938 καὶ
2776 2885 2939 2956 ἡμεῖς
2980 2885 3379 2957 οἰκοδομοῦμεν
3407 2890 3548 2952 τοῦς
3574 2890 3766 2958 :sm;

2166 2975 2274 3027 τῶν
2315 2975 2647 3046 Μαρτύρων,
2704 2976 2802 3029 καὶ
2853 2974 3172 3047 κοσμοῦμεν
3222 2977 3294 3030 τὰ
3355 2983 3625 3049 μνημεῖα
3676 2981 3766 3031 1.3a

484 3054 674 3123 inclyti
701 3052 794 3105 lilii
827 3052 925 3107 Dei
959 3052 1197 3122 reputati
1220 3058 1350 3106 sunt
1379 3051 1436 3104 in
1465 3066 1591 3105 vasa
1622 3060 1815 3106 testea.
1846 3051 2061 3106 Idcirco

2178 3066 2538 3131 Ἀποστόλων,
2587 3066 2682 3119 καὶ
2712 3067 2878 3136 ἐσμὲν
2932 3067 3108 3136 ὅμοιοι
3149 3066 3258 3119 τῶν
3310 3069 3767 3122 ἀποκτεινάντων

486 3144 841 3194 obscuratum
881 3147 966 3193 est
1008 3153 1235 3202 aurum,
1282 3136 1631 3190 immutatum
1673 3146 1759 3191 est
1792 3137 2062 3206 optimum

486 3238 772 3300 argentum
799 3230 841 3283 °.
866 3228 1078 3283 Idcirco
1096 3226 1335 3282 Nazaraei
1353 3225 1484 3280 Sion
1512 3226 1637 3281 nive
1661 3226 2067 3296 Splendidiores

486 3322 615 3377 facti
644 3337 835 3376 sumus
870 3321 1026 3391 quasi
1058 3310 1379 3388 Ethiopes;
1407 3320 1502 3386 qui
1539 3317 1681 3372 lacte
1713 3318 2068 3372 candidiores

486 3421 664 3474 erant,
712 3425 877 3479 super
921 3416 1291 3462 atramentum
1338 3406 1609 3477 denigrati
1660 3414 1808 3461 sunt.
1856 3407 2068 3462 Idcirco

487 3502 846 3555 obtenebrata
874 3508 959 3554 est
981 3515 1147 3569 supra
1172 3498 1459 3569 fuliginem
1479 3497 1695 3568 species
1721 3506 1935 3552 nostra.
1962 3497 2068 3564 Qui

487 3592 871 3646 nutriebamur
908 3590 961 3644 in
1008 3589 1313 3655 coccineis,
1355 3589 1648 3658 amplexati
1693 3604 1884 3643 sumus
1923 3597 2069 3643 ster-

489 3700 619 3739 cora
648 3701 660 3739 :
690 3693 745 3739 et
779 3685 953 3755 major
974 3683 1119 3738 facta
1146 3690 1232 3739 est
1256 3683 1522 3754 iniquitas
1550 3691 1740 3737 nostra
1769 3697 1935 3753 super
1966 3682 2071 3736 ini-

489 3775 756 3844 quitatem
799 3772 1185 3828 Sodomorum.
1230 3772 1443 3829 Idcirco
1491 3772 1589 3827 ﬁlii
1628 3772 1740 3828 diei
1797 3780 1854 3828 et
1905 3771 2068 3837 lucis,

487 3867 617 3922 facti
645 3881 835 3921 sumus
867 3866 965 3920 filii
990 3865 1169 3921 noctis
1196 3873 1254 3921 et
1283 3864 1637 3920 tenebrarum
1665 3865 1707 3919 ".
1741 3863 1954 3919 Idcirco
1972 3862 2072 3918 filii

490 3973 666 4045 regni,
710 3974 765 4028 in
809 3971 951 4028 filios
978 3971 1246 4043 gehennae
1284 3971 1584 4026 evasimus.
1630 3969 1931 4038 Propterea
1973 3966 2072 4023 ﬁlii

489 4066 728 4130 Excelsi,
770 4065 916 4120 sicut
960 4064 1216 4120 homines
1253 4062 1542 4125 morimur,
1578 4068 1636 4116 et
1660 4061 1806 4116 sicut
1833 4075 1977 4115 unus
2004 4076 2073 4115 ex

490 4155 839 4226 principibus
864 4153 1116 4209 cadimus
1156 4153 1199 4206 ⁸.
1238 4153 1538 4222 Propterea
1570 4149 1760 4204 traditi
1792 4164 1986 4205 sumus
2016 4149 2072 4204 in

2169 3157 2403 3222 adt-00¢;
2457 3157 2541 3220 τίς
2597 3152 2690 3210 οὖν
2728 3156 2790 3209 οὐ
2826 3156 3050 3210 κλαύσει
3093 3158 3240 3227 ἡμᾶς
3272 3156 3461 3223 οὕτως
3495 3160 3765 3229 διακειμὲο

2168 3264 2318 3309 νους.
2346 3247 2440 3310 Τίς
2470 3247 2531 3299 οὐ
2568 3246 2832 3319 θρηνήσει
2885 3248 2987 3318 τὴν
3018 3248 3361 3319 τηλικαύτην
3396 3253 3568 3319 ἡμῶν
3621 3254 3765 3322 αἰχμ-

2169 3340 2442 3404 αλωσίαν;
2484 3339 2583 3393 Διὰ
2611 3337 2769 3392 τοῦτο
2804 3338 2909 3392 υἱοὶ
2935 3339 3071 3393 Θεοῦ
3103 3342 3151 3393 oi
3177 3341 3376 3411 τίμιοι,
3404 3342 3763 3414 ἐλογίσθημεν

2169 3429 2245 3491 ὡς
2282 3431 2479 3497 ἀγγεῖα
2511 3429 2831 3500 ὀστράκινα.
2870 3429 2970 3481 Διὰ
2996 3427 3158 3480 τοῦτο
3189 3428 3517 3501 ἡμαυρὼθη
3549 3432 3619 3483 τὸ
3648 3449 3762 3501 χρυ-

2173 3521 2306 3573 σίον⁹
2340 3520 2605 3592 ἠλλοιώθη
2634 3520 2696 3574 τὸ
2726 3520 2989 3591 ἀργύριον
3030 3520 3093 3574 τὸ
3123 3520 3352 3589 ἀγαθόν.
3391 3522 3504 3574 Διὰ
3540 3522 3699 3576 τοῦτο
3722 3523 3762 3574 si

2171 3610 2484 3681 Ναζωραῖοι
2524 3610 2686 3676 Σιὼν,
2720 3612 2771 3665 οῖ
2801 3612 2943 3684 ὑπὲρ
2984 3612 3142 3683 χιόνα
3166 3611 3523 3682 λάμψαντες,
3551 3616 3762 3683 γεγόνα-

2175 3721 2278 3775 μεν
2333 3705 2408 3768 ὡς
2443 3704 2719 3768 Αἰθίοπες·
2749 3706 2800 3758 οί
2827 3705 2968 3776 ὑπὲρ
3000 3703 3141 3774 γάλα
3172 3703 3601 3770 λευκανθέντες,
3634 3706 3757 3775 ὑπὲρ

2177 3796 2343 3866 μέλαν
2372 3795 2750 3867 ὲζοφώθησαν.
2779 3796 2879 3850 Διὰ
2906 3795 3068 3850 τοῦτο
3087 3797 3390 3850 ὲσκότασεν
3425 3799 3578 3869 ὑπὲρ
3614 3799 3758 3852 ἀπεό-

2172 3886 2272 3956 λην
2325 3885 2386 3938 τὺ
2435 3882 2575 3949 εἶδος
2623 3885 2799 3956 ἡμῶν.
2852 3888 2918 3941 Ol
2961 3886 3343 3959 τιθηνούμενοι
3392 3890 3496 3942 ἐπὶ
3537 3889 3758 3949 κόκκων.

2173 3976 2611 4048 περιεδαλὸμεθα
2642 3977 2896 4049 κοπρίαςο
2940 3978 3035 4032 καὶ
3077 3978 3430 4050 ὲμεγαλύνθη
3483 3982 3520 4051 ἡ
3578 3982 3760 4052 ἀνομία

2174 4066 2354 4138 ἡμῶν,
2387 4067 2529 4139 ὑπὲρ
2561 4068 2804 4139 ἀνομιῶν
2839 4068 3109 4140 Σοδόμων.
3138 4069 3239 4123 Διὰ
3266 4069 3431 4125 τοῦτο
3459 4074 3515 4125 οῖ
3549 4074 3659 4127 uio}
3677 4073 3761 4141 τῆς

2173 4156 2389 4225 ἡμέρας
2431 4157 2523 4211 καὶ
2567 4156 2662 4210 τοῦ
2691 4158 2890 4226 φωτὸς,
2932 4158 3041 4212 υίοὶ
3089 4159 3403 4230 γεγόναμεν
3452 4163 3655 4225 νυκτὸς
3682 4160 3762 4214 καὶ

492 4262 689 4302 manus
721 4247 965 4302 hostium
995 4244 1313 4315 iniquorum
1343 4242 1634 4314 (saevorum
1660 4241 1874 4297 scilicet
1901 4256 1966 4296 ac
1994 4240 2062 4298 fe-

2177 4250 2435 4312 σκάτους.
2462 4249 2564 4301 Διὰ
2586 4248 2746 4303 τοῦτο
2774 4250 2881 4303 υίοὶ
2909 4250 3010 4320 τής
3054 4249 3355 4320 βασιλείας,
3389 4253 3508 4305 υἱοὶ
3552 4252 3759 4321 γεέννης

492 4336 708 4391 rocium
736 4335 1070 4407 daemonum)
1100 4334 1327 4405 regique
1360 4334 1569 4405 injusto
1590 4342 1649 4389 et
1676 4332 2072 4389 scelestissimo

2178 4339 2512 4409 γεγόναμεν.
2544 4340 2646 4393 Διὰ
2663 4338 2824 4394 τοῦτο
2842 4341 2893 4393 oi
2925 4341 3033 4394 υίοὶ
3077 4339 3357 4410 Ὑψίστου,
3387 4342 3472 4406 ὡς
3501 4343 3756 4411 ἄνθρωαπ

496 4444 640 4497 ultra
686 4456 907 4515 omnem
962 4447 1164 4495 terram
1200 4439 1455 4508 (illorum
1500 4438 1763 4494 nimirum
1815 4438 2062 4511 principij

2184 4431 2621 4504 ἀποθνήσκομεν,
2654 4432 2750 4485 καὶ
2774 4431 2853 4495 ὡς
2898 4426 2984 4496 εἷς
3015 4431 3124 4487 τῶν
3153 4431 3436 4505 ἀρχόντων
3481 4436 3756 4509 πίει-ευμεν.

493 4535 620 4604 quia
642 4532 997 4603 peccavimus
1016 4547 1080 4587 ac
1104 4531 1293 4601 inique
1314 4532 1554 4602 egimus,
1578 4531 1836 4587 violando
1857 4531 2076 4588 Domini

496 4625 594 4679 Dei
645 4623 817 4678 nostri
864 4622 1123 4677 mandata
1149 4624 1194 4688 ’,
1226 4630 1284 4676 et
1319 4623 1697 4677 conculcando
1722 4622 1924 4677 Filium
1955 4623 2075 4690 Dei,

499 4732 565 4771 ac
590 4729 940 4771 communem
973 4713 1228 4769 ducendo
1268 4715 1591 4785 sanguinem
1641 4712 1957 4769 testamenti
2010 4713 2072 4766 ³⁸.

501 4809 606 4864 Sed
632 4814 699 4864 ne
722 4807 1019 4863 tradideris
1037 4822 1135 4862 nos
1157 4807 1213 4860 in
1235 4805 1397 4859 linem
1423 4814 1652 4875 prapter
1669 4818 1871 4858 nomen
1896 4811 2073 4870 tuum,

500 4901 751 4964 Domine,
803 4914 874 4955 ne
923 4898 1160 4969 dissipes
1208 4906 1601 4953 testamentum
1658 4902 1847 4958 tuum;
1894 4910 2077 4965 neque

500 5000 714 5046 avertas
751 4988 1185 5045 misericordiam
1210 4997 1358 5043 tuam
1385 5002 1416 5040 a
1443 4985 1625 5050 nobis,
1654 4992 1878 5055 propter
1911 4985 2079 5041 mise-

2182 4523 2281 4577 Διὰ
2321 4523 2479 4575 τοῦτο
2530 4522 2912 4595 παρεδόθημεν
2945 4523 3031 4587 είς
3063 4524 3253 4593 χεῖρας
3281 4522 3505 4595 alapa»
3537 4525 3756 4593 ἀνόμων.

2182 4610 2293 4664 τῶν
2334 4611 2543 4682 ἀγρίων
2582 4610 2729 4680 λέγω
2766 4611 3058 4683 δαιμόνων,
3087 4612 3183 4665 καὶ
3212 4610 3433 4682 βασιλεῖ
3470 4614 3649 4685 ἀδίκῳ
3681 4614 3761 4666 καὶ

2182 4702 2556 4773 πονηρωτάτῳ
2585 4701 2741 4773 παρὰ
2783 4704 2968 4757 πᾶσαν
3004 4703 3106 4773 τὴν
3145 4704 3269 4772 γῆν,
3301 4703 3519 4775 δηλαδὴ
3549 4706 3629 4774 τῷ
3656 4704 3762 4757 τού-

2181 4811 2289 4847 των
2319 4794 2561 4864 ἄρχοντι,
2589 4793 2673 4846 ὅτι
2698 4793 3020 4863 ἡμάρτομεν
3054 4796 3148 4848 καὶ
3176 4795 3572 4865 ἡνομὴσαμεν,
3602 4812 3761 4866 παριο

2179 4884 2376 4948 ὕάντες
2431 4885 2530 4948 τὰς
2611 4884 2831 4947 ἐντολὰς
2874 4885 3083 4955 Κυρίου
3172 4884 3267 4938 τοῦ
3341 4884 3486 4939 Θεοῦ
3582 4886 3765 4957 ἡμῶν,

2185 4977 2281 5031 καὶ
2305 4976 2788 5046 καταπατήσαντες
2808 4975 2899 5028 τὸν
2930 4974 3058 5030 Υίδν
3084 4975 3178 5029 τοῦ
3216 4976 3355 5030 Θεοῦ
3384 4978 3487 5031 καὶ
3531 4979 3601 5032 τὸ
3642 4973 3765 5047 clpa

501 5082 745 5136 rationes
775 5089 897 5136 tuas
927 5081 991 5147 “,
1032 5080 1195 5135 Pater
1235 5087 1443 5143 noster,
1485 5077 1579 5146 qui
1603 5091 1664 5131 es
1705 5077 1763 5131 in
1803 5076 1989 5143 caelis;
2025 5091 2057 5131 e

2188 5070 2286 5141 τῆς
2313 5068 2576 5139 διαθήκης
2627 5067 2806 5121 κοινὸν
2866 5068 3232 5140 ἡγησάμενοι.
3277 5069 3444 5123 Ἀλλὰ
3488 5070 3574 5141 μὴ
3604 5085 3767 5140 παρα-

501 5181 725 5241 propter
753 5171 966 5226 viscera
993 5169 1259 5241 unigeniti
1289 5167 1414 5222 Filii
1437 5168 1556 5237 tuif,
1596 5177 1938 5237 propterque
1974 5167 2062 5221 mi-

2185 5161 2315 5231 δὸης
2347 5160 2463 5233 lFr.
2511 5158 2790 5231 παραδῷς]
2842 5162 2995 5231 ἡμᾶς
3043 5162 3124 5223 είς
3152 5160 3309 5224 τέλος
3363 5160 3569 5215 διὰ“τδ
3615 5159 3769 5230 ὄνομά

502 5262 862 5317 sericordiam
889 5246 1132 5331 Spiritus
1155 5260 1352 5315 sancti.
1392 5258 1471 5314 Ne
1500 5258 1802 5315 memineris
1827 5259 2062 5327 iniquita

2192 5269 2313 5320 σου,
2342 5252 2542 5323 Κύριε,
2573 5253 2670 5305 καὶ
2706 5251 2782 5321 μὴ
2825 5251 3187 5323 δωσκεδὰοῃς
3231 5252 3329 5322 τὴν
3357 5250 3635 5322 διαθήκην
3666 5267 3766 5306 ωε·

504 5362 614 5408 tum
649 5362 953 5408 nostrarum
983 5354 1364 5419 antiquarum;
1404 5351 1501 5407 sed
1541 5352 1642 5405 cito
1674 5351 1963 5420 anticipant
1992 5365 2062 5402 no

2193 5347 2292 5400 καὶ
2327 5346 2402 5417 μὴ
2453 5347 2773 5417 ἁποοτήσῃς
2811 5344 2873 5397 τὸ
2906 5344 3059 5407 ἔλεός
3089 5361 3185 5397 σου
3211 5343 3307 5413 ἀφ’
3331 5344 3625 5415 ἡμῶν,διὰ
3660 5346 3770 5404 τοὺς

506 5446 872 5500 misericordia:
924 5453 1050 5509 tuae,
1104 5446 1230 5515 quia
1285 5459 1542 5514 pauperes
1599 5442 1724 5512 facti
1775 5456 1958 5494 sumus
2007 5440 2062 5493 m'

2197 5436 2514 5508 οῖκτιρμούς
2543 5452 2661 5498 σου,
2695 5434 2877 5505 Πάτερ
2907 5433 3067 5506 ἡμῶν
3093 5435 3123 5487 ὁ
3154 5436 3212 5488 ιν
3242 5436 3355 5498 τοῖς
3379 5434 3663 5505 οὐρανοῖς-
3686 5432 3770 5485 ni

580 5662 601 5693 ⁸
630 5659 766 5715 Luc.
793 5677 868 5722 ιιι,
906 5661 992 5713 46.
1067 5660 1087 5690 ⁵
1116 5660 1304 5713 Matth.
1337 5676 1410 5721 vr,
1441 5659 1492 5713 5.
1533 5659 1553 5690 ⁸
1587 5656 1776 5711 Matth.
1805 5672 1954 5721 χχιιι,
1982 5656 2062 5710 5ιὲ

2180 5653 2313 5709 Luc.
2341 5670 2414 5719 χι,
2446 5653 2536 5719 '59,
2562 5651 2647 5707 52.
2725 5649 2746 5682 ⁸
2769 5650 2974 5707 Tbrcn.
2999 5669 3038 5717 ι,
3069 5651 3134 5718 8;
3168 5652 3314 5722 ιν,1,
3342 5653 3399 5709 2.
3475 5653 3497 5684 '
3533 5654 3558 5708 ι
3592 5651 3769 5707 Thes:

511 5746 563 5789 ν,
595 5728 646 5782 5.
720 5730 740 5760 ⁸
774 5730 913 5782 Psal.
956 5744 1110 5794 Lxxx,
1138 5730 1191 5781 7.
1266 5730 1287 5760 ⁹
1319 5729 1452 5781 Dan.
1503 5743 1580 5792 ιιι,
1611 5727 1672 5779 5i
1704 5742 1857 5796 seqq.
1938 5728 1979 5758 ’°
2015 5726 2059 5779 II

2170 5766 2182 5779 .
2215 5741 2269 5792 ι,
2300 5724 2393 5779 28.
2471 5724 2512 5754 “
2544 5723 2680 5777 Dan.
2708 5736 2785 5788 ιιι,
2810 5722 2905 5795 54,
2936 5723 3026 5777 55.
