3876 6314
108 353 223 417 9ίῦ

1397 331 1623 395 LIBER
1663 324 2068 389 ASCETICUS

3289 329 3392 388 9&5

110 472 208 525 διὰ
239 469 299 523 τὸ
324 469 467 530 ἔλεος
489 463 579 517 τοῦ
617 464 768 532 ἁγίου
805 478 896 513 σου
929 460 1263 528 Πνευματος.
1295 454 1387 522 Μὴ
1414 449 1693 521 μνησθῇς

1820 463 1900 500 nis
1924 448 1983 496 τ’.
2000 446 2203 515 Adjnva
2219 444 2474 505 nos,Detts
2493 442 2738 497 vaator
2758 441 2918 513 387
2940 449 3130 506 noster,
3151 451 3199 493 et
3218 443 3396 510 propi—

107 558 292 629 ἡμῶν
324 555 584 626 ἀνομιῶν
609 553 888 623 ἀρχαίων·
934 550 1094 605 ἀλλὰ
1139 546 1288 616 ταχὺ
1336 545 1711 611 προκατειλη-

114 651 394 702 ϐέτωσίιν
429 645 579 715 ἡμᾶς
614 648 668 698 οἱ
705 643 994 711 οἰκτιρμοί
1040 658 1178 705 σου,
1211 639 1298 691 ὅτι
1331 637 1712 703 ἐπτωχεύσα-

109 758 234 810 μεν
260 740 517 808 σφόδρα.
574 737 895 802 Βοιῖθησον
949 733 1094 803 ἡμῖν·
1149 735 1182 786 0'
1231 730 1374 794 Θεὸς
1423 731 1454 781 ὀ
1509 725 1712 792 Σωτὴρ

115 831 565 900 ’ἡμῶν-,Ἕνεκεν
606 827 715 896 τῆς
743 827 930 894 δόξης
956 824 1065 878 τοῦ
1103 823 1393 890 ὀνόματός
1421 835 1560 881 σου,
1594 818 1678 870 Κύ
1698 846 1710 855 -

108 938 227 988 με,
251 920 438 986 ῥῦσαι
458 918 632 987 ἡμᾶς,
654 917 748 970 καὶ
777 915 1051 982 ἱλάσθητί
1073 912 1200 978 ταῖς
1224 911 1528 981 ἁμαρτίαις
1545 907 1713 979 ἡμῶν

115 1013 337 1065 ἕνεκεν
381 1009 487 1063 τοῦ
543 1008 834 1078 ὀνόματός
882 1024 1021 1072 σου,
1055 1005 1251 1076 Κύριε,
1315 1002 1573 1074 μνησθεὶς
1611 998 1710 1067 τῆς

117 1100 381 1170 ἀπαρχῆς
412 1099 571 1169 ἡμῶν
597 1098 662 1168 ἦν
688 1097 746 1163 ἐξ
770 1095 931 1167 ἡμῶν
968 1094 1055 1148 διὰ
1091 1091 1501 1162 φιλανθρωπίαν
1529 1087 1710 1141 λαϐὼν

115 1196 146 1246 ὁ
188 1192 489 1262 μονογενής
534 1205 625 1242 σου
656 1189 803 1250 Υἱὸς,
835 1186 977 1256 ὑπὲρ
1012 1185 1171 1256 ἡμῶν
1205 1184 1315 1254 ἔχει
1349 1183 1406 1234 ὲν
1436 1181 1708 1250 οὐρανοῖς,

117 1284 214 1336 ἵνα
256 1285 388 1353 ἡμῖν
425 1281 648 1352 βεϐαίαν
683 1280 780 1351 τὴν
814 1279 1006 1332 ἐλπίδα
1041 1278 1138 1348 τῆς
1174 1275 1448 1345 σωτηρίας
1476 1274 1709 1344 χαρίση-

119 1393 236 1429 ται·
269 1375 364 1428 καὶ
404 1374 476 1446 μὴ
519 1374 608 1426 διὰ
655 1373 754 1443 τὴν
788 1372 1106 1439 ’ἀπόγνωσιν
1140 1369 1358 1439 χείρους
1400 1365 1710 1434 γενώμεθα,

121 1468 216 1526 διὰ
263 1467 324 1520 τὸ
352 1467 532 1536 τίμιον
566 1465 733 1519 αὐτοῦ
787 1459 948 1535 αἷμα,
989 1463 1017 1515 ὃ
1067 1463 1208 1532 ὑπὲρ
1250 1461 1349 1531 τῆς
1378 1459 1472 1512 τοῦ
1504 1459 1708 1527 κόσμου

123 1553 274 1624 ζωῆς
325 1554 557 1625 ἐξέχεεν·
607 1554 695 1607 διὰ
743 1555 865 1615 τοὺς
918 1553 1106 1620 ἁγίους
1135 1550 1300 1604 αὐτοῦ
1353 1547 1710 1610 Ἀποστόλους

121 1646 225 1699 καὶ
253 1647 575 1719 Μάρτυρας,
607 1647 656 1700 οἳ
704 1646 846 1717 ὑπὲρ
871 1644 966 1699 τοῦ
991 1644 1252 1715 ὀνόματος
1290 1642 1455 1696 αὑτοῦ
1484 1642 1543 1694 τὸ
1582 1641 1712 1694 ἴδιον

125 1733 270 1810 αἷμα
301 1740 536 1809 ἐξέχεοψ
582 1740 669 1793 διὰ
706 1740 834 1800 τοὺς
883 1737 1069 1806 ἁγίους
1096 1737 1388 1806 Προφήτας
1420 1734 1512 1788 καὶ
1537 1733 1708 1785 Πατέ-

127 1849 232 1901 ρας
253 1834 348 1884 καὶ
383 1833 758 1902 Ιῐατριάρχας,
818 1831 1012 1893 οἵτινες
1043 1829 1381 1898 ἠγωνίσαντο
1410 1825 1708 1896 εὐαρεστῆ-

127 1939 223 1976 σαι
263 1923 340 1994 τῷ
369 1923 508 1992 ἁγίῳ
553 1940 646 1976 σου
688 1923 932 1991 ὀνόματι.
983 1919 1074 1989 Mi;
1109 1918 1343 1991 παρίδῃς
1390 1917 1490 1986 τὴν
1529 1915 1711 1984 δέησιν

124 2012 311 2083 ἡμῶν,
349 2012 539 2083 Κύριε,
578 2009 1192 2083 μηδὲέὲγκαταλμίίπῃς
1219 2008 1366 2078 ἡμᾶς
1405 2008 1484 2069 είς
1536 2004 1708 2068 τέλος.

127 2103 208 2156 UO
232 2104 338 2174 γὰρ
359 2104 450 2156 ἐπὶ
473 2106 588 2166 ταῖς
611 2103 979 2165 δικαιοσύναις
998 2101 1153 2172 ἡμῶν
1177 2098 1499 2160 πεποιθότες
1521 2095 1708 2167 ἐσμὲν,

128 2195 249 2250 ἀλλ’
280 2197 372 2248 ἐπὶ
406 2196 544 2249 ἐλέει
571 2195 649 2264 τῷ
681 2194 778 2266 σῷ,
813 2195 878 2247 δι’
910 2186 970 2247 οῦ
1023 2194 1086 2246 τὸ
1143 2193 1300 2260 γένος
1352 2191 1508 2263 ἡμῶν
1558 2207 1713 2261 περι-

130 2290 284 2358 ποιῇ.
332 2288 672 2358 Ἰκετεύομεν
721 2287 816 2340 καὶ
856 2283 1283 2357 παρακαλοῦμεν
1318 2283 1416 2354 τὴν
1448 2283 1548 2353 σὴν
1577 2283 1712 2350 ἁγα-

131 2375 358 2446 θότητα,
388 2378 472 2430 ἵνα
502 2378 576 2450 μὴ
607 2379 833 2448 γένηται
860 2379 937 2440 είς
972 2380 1146 2447 κρῖμα
1168 2377 1299 2448 ἡμῖν
1328 2375 1389 2428 τὸ
1421 2376 1710 2446 οἰκονομη-

134 2465 228 2519 θὲν
268 2471 399 2536 ἡμῖν
444 2468 547 2522 ὑπὸ
572 2468 668 2522 τοῦ
709 2467 1047 2538 Μονογενοῦς
1080 2485 1172 2520 σου
1203 2467 1333 2520 Υίοῦ
1365 2467 1502 2537 πρὸς
1538 2483 1714 2534 σωτη-

136 2556 262 2628 ρίαν
303 2560 620 2629 μυστήριον·
663 2560 756 2612 καὶ
802 2559 876 2630 μὴ
913 2558 1230 2630 ἁπορρίψῃς
1274 2559 1421 2628 ἡμᾶς
1467 2556 1574 2610 ἀπὸ
1613 2554 1710 2608 τοῦ

136 2647 433 2717 προσώπου
465 2667 578 2704 σου.
631 2651 722 2722 Μὴ
771 2651 997 2724 βδελύξῃ
1027 2650 1182 2720 ἡμῶν
1232 2651 1330 2720 τὴν
1362 2649 1708 2719 ἁναξιότητα’

135 2738 258 2792 ἀλλ’
301 2741 522 2811 ἐλέησον
558 2744 704 2812 ἡμᾶς
753 2743 895 2797 κατὰ
941 2744 1001 2796 τὸ
1054 2744 1198 2813 μέγα
1255 2759 1347 2794 σου
1403 2740 1572 2806 ἕλεος,
1619 2741 1714 2794 καὶ

136 2834 281 2888 κατὰ
331 2835 392 2888 τὸ
450 2835 650 2900 πλῆθος
694 2836 801 2890 τῶν
835 2837 1138 2906 οἰκτιρμῶν
1183 2853 1298 2901 σου,
1333 2834 1626 2902 παράγαγε
1646 2833 1714 2887 τὰ

135 2924 510 3006 ἁμαρτήματα
535 2925 644 2996 [Fr.
675 2925 912 2996 alterque
942 2925 1012 2979 M.
1044 2923 1394 2995 ἀνομήματα]
1423 2923 1603 2993 ἡμῶν,
1630 2923 1715 2976 ἵνα

141 3017 521 3086 ἁκατακρίτως
568 3017 959 3088 προσελθόντες
1007 3015 1343 3070 κατενώπιον
1399 3014 1498 3084 τῆς
1552 3014 1713 3082 ἁγίας

1815 539 1920 608 tius
1949 545 2058 588 esto
2083 533 2307 606 peccatis
2330 535 2521 587 nostris
2554 541 2766 603 propter
2795 547 2983 584 nomen
3016 539 3162 583 tuum
3188 531 3251 596 ’³,
3279 531 3388 584 Do-

1816 628 1984 690 mine,
2030 641 2241 680 memor
2277 633 2477 679 nostrte
2511 622 2883 687 delibalionis,
2921 638 3083 692 quam
3127 639 3192 676 ex
3230 622 3391 675 nobis

1813 735 1916 789 per
1946 735 2212 773 summam
2240 717 2634 787 benignitatem
2665 724 2720 770 et
2753 714 3106 769 clementiam
3143 714 3391 782 unigeni—

1813 817 1902 863 tus
1929 810 2097 862 Filius
2127 817 2252 862 tuus
2287 815 2589 876 acceptam,
2629 807 2681 858 in
2709 805 2862 860 emlis
2894 821 2996 874 pro
3020 805 3179 858 nobis
3201 804 3386 866 habet,

1813 901 1880 955 ad
1905 912 2112 955 certam
2142 899 2267 952 inde
2301 899 2462 952 nobis
2496 913 2646 968 spem
2673 896 2866 951 salutis
2897 897 3258 965 prazstandam
3293 913 3305 948 :
3336 907 3392 948 et

1813 1009 1902 1055 ne.
1931 992 2143 1061 abjecta
2184 990 2377 1044 salutis
2419 1005 2534 1058 spe.
2561 989 2779 1058 pejores
2805 987 3132 1052 evadamus;
3168 995 3392 1056 propter

1812 1087 1933 1154 ejus
1961 1083 2282 1154 sanguinem
2307 1098 2469 1152 quem
2490 1081 2688 1136 eﬂ‘udit
2710 1095 2810 1149 pro
2834 1080 3027 1134 mundi
3058 1081 3170 1134 vita
3205 1098 3217 1132 :
3267 1095 3392 1148 pro-

1813 1185 1936 1246 pter
1963 1177 2083 1245 ejus
2110 1184 2327 1229 sanctos
2348 1173 2626 1243 apostolos
2649 1179 2705 1226 et
2733 1173 3129 1242 martyres,qui
3154 1185 3254 1239 pro
3275 1171 3392 1240 ejus

1812 1268 2036 1321 nomine
2077 1265 2358 1336 proprium
2397 1263 2720 1334 sanguinem
2767 1260 3084 1317 effuderunt
3116 1278 3127 1312 :
3166 1269 3392 1329 propter

1814 1369 2034 1416 sanctos
2061 1359 2358 1430 prophetas
2388 1369 2443 1412 et
2473 1358 2663 1411 Patres
2694 1365 2750 1411 et
2786 1353 3149 1425 patriarchas,
3177 1353 3293 1421 qui,
3334 1363 3392 1404 ut

1813 1452 2024 1506 nomini
2052 1459 2240 1504 sancto
2267 1457 2360 1503 tuo
2386 1449 2687 1518 placerent,
2706 1461 2923 1501 omnem
2949 1460 3171 1514 operam
3197 1459 3392 1513 posue-

1814 1552 1963 1597 runt.
2007 1541 2088 1595 Ne
2125 1539 2446 1609 despexeris
2485 1536 2788 1591 orationem
2830 1541 3092 1596 nostram,
3139 1532 3388 1590 Domine,

1812 1646 1992 1701 neque
2034 1631 2386 1699 derelinquas
2422 1643 2524 1682 nos
2555 1629 2609 1680 in
2645 1625 2886 1680 ﬁnem“.
2912 1624 3100 1693 Neque
3141 1623 3288 1679 enim
3338 1623 3392 1674 in

1808 1722 2041 1794 justitiis
2077 1719 2285 1778 nostris
2315 1719 2573 1774 ﬁduciam
2615 1717 2902 1782 habemus,
2943 1715 3039 1769 sed
3083 1714 3138 1768 in
3169 1714 3391 1767 miscri—

1745 1784 1783 1837 Β
1814 1814 2002 1868 cordia
2047 1822 2161 1877 tua,
2200 1827 2267 1866 ex
2308 1825 2416 1880 qua
2451 1809 2693 1862 humano
2732 1805 2919 1876 generi
2955 1819 3144 1859 curam
3181 1805 3398 1872 imperi-

1813 1907 1900 1961 dis
1930 1906 1993 1958 ¹⁵.
2033 1903 2322 1974 Supplices
2367 1915 2621 1972 rogamus
2655 1906 2712 1953 et
2751 1897 3110 1951 obsecramus
3144 1895 3393 1965 benigni-

1813 2007 1981 2053 tatem
2037 2006 2208 2058 tuam,
2248 2010 2319 2049 ne
2369 1992 2516 2063 quod
2562 1989 2884 2061 unigenitus
2931 1987 3102 2042 Filius
3156 1994 3283 2040 tuus
3337 1987 3392 2039 in

1815 2091 2049 2146 salutem
2095 2087 2260 2142 nobis
2299 2084 2712 2155 dispensatione
2758 2080 3078 2152 mysterium
3110 2080 3297 2150 gessit,
3336 2080 3391 2130 in

1809 2181 2077 2254 judicium
2112 2186 2383 2240 vertatur,
2418 2181 2476 2229 et
2506 2189 2576 2228 ne
2608 2172 2868 2244 projicias
2899 2186 3001 2225 nos
3037 2186 3068 2225 a
3110 2170 3248 2224 facie
3280 2180 3387 2222 tua.

1811 2276 1892 2330 Ne
1933 2273 2188 2344 indignos
2221 2285 2324 2325 nos
2369 2265 2728 2329 abomineris,
2773 2263 2868 2318 sed
2914 2264 3180 2318 miserere
3218 2264 3389 2316 nostri

1813 2366 2118 2422 secundum
2152 2375 2405 2432 magnam
2439 2356 2876 2412 misericordiam
2907 2364 3076 2419 tuam,
3105 2364 3162 2408 et
3191 2369 3389 2408 secun-

1813 2458 1942 2512 dum
1991 2452 2401 2508 multitudinem
2442 2447 2857 2501 miserationum
2895 2454 3114 2499 tuarum
3159 2447 3394 2499 transit-1-

1813 2557 2040 2620 peccata
2075 2552 2264 2600 nostra
2303 2543 2369 2607 ’⁸,
2391 2548 2454 2594 ιιι
2483 2538 2785 2594 indemnati
2823 2553 2886 2592 ac
2908 2537 3116 2608 judicio
3147 2538 3308 2592 soluti
3337 2537 3394 2593 in

1814 2644 2172 2708 conspectum
2207 2641 2411 2689 sanctze
2453 2631 2639 2701 gloriae
2683 2638 2789 2684 tuae
2830 2629 3136 2693 venientes,
3179 2643 3386 2681 merea-

1815 2748 1940 2786 mur
1971 2727 2240 2799 unigeniti
2285 2724 2411 2779 Filii
2450 2722 2531 2777 tui
2565 2721 2795 2776 numine
2830 2720 3079 2790 protegi;
3120 2736 3299 2788 neque
3337 2731 3394 2772 ut

1815 2827 1962 2884 servi
2006 2837 2266 2893 nequam,
2316 2833 2424 2889 qua
2472 2815 2781 2886 premimur
2823 2821 3177 2884 peccatorum
3228 2814 3390 2867 mole.

1814 2899 2114 2974 eiﬁciainur
2133 2908 2596 2981 reprobi.Qu:eso,
2616 2907 2748 2960 here
2768 2905 3119 2973 omnipotens
3142 2904 3391 2963 Domine,

1816 3007 2014 3066 exaudi
2054 3005 2364 3061 orationem
2423 3009 2690 3063 nostram,
2737 2997 2865 3066 quia
2900 3005 3052 3050 extra
3092 3006 3142 3049 te
3181 2997 3392 3048 nullum

141 3125 238 3160 σου
281 3108 456 3178 δόξης,
483 3109 800 3179 ἁξιωθῶμεν
847 3111 944 3180 τῆς
997 3109 1204 3176 σκέπης
1256 3107 1348 3162 τοῦ
1393 3105 1710 3178 μονογενοῦς

1820 3102 1989 3156 alium
2031 3097 2288 3152 novimus
2335 3092 2401 3144 ³⁷.
2449 3090 2661 3144 Nomen
2704 3096 2859 3140 tuum
2914 3085 3233 3139 invocamus
3272 3104 3282 3137 :
3339 3094 3392 3136 tu

142 3216 238 3250 σου
273 3199 424 3265 Υίοῦ,
451 3202 543 3253 καὶ
578 3201 652 3271 μὴ
675 3201 749 3273 ὡς
778 3200 954 3254 δοῦλοι
982 3199 1211 3272 πονηροὶ
1239 3202 1356 3263 ταῖς
1387 3199 1707 3270 ἁμαρτίαις,

141 3289 459 3361 ἀποδόκιμοι
489 3290 598 3363 [Fr.
629 3291 804 3345 δοῦλοι
829 3293 1124 3363 ἁμαρτίας,
1157 3289 1502 3362 ἁποδόκιμοι]
1543 3289 1714 3360 γενώ-

145 3381 300 3449 μεθα.
334 3383 463 3447 Ναὶ,
499 3385 748 3437 Δέσποτα
780 3383 1155 3455 παντοδύναμε
1183 3383 1375 3454 Κύριε,
1395 3382 1712 3437 εἰσάκουσον

140 3473 238 3539 τῆς
281 3473 518 3544 δεήσεως
547 3475 722 3545 ἡμῶν,
759 3477 840 3529 ὅτι
865 3477 1024 3540 ἐκτὸς
1051 3473 1145 3530 σοῦ
1167 3477 1324 3530 ἄλλον
1342 3476 1440 3529 οὐκ
1468 3475 1709 3544 οἴδαμεν.

141 3563 216 3616 Τὸ
246 3564 416 3634 ὄνομά
447 3583 539 3618 σου
565 3566 922 3636 ὀνομάζομενο
969 3567 1033 3619 σὺ
1081 3567 1188 3637 γὰρ
1219 3562 1271 3619 εἷ
1309 3569 1337 3620 ὁ
1376 3565 1614 3636 ἐνεργῶν
1645 3565 1715 3617 τὰ

143 3654 320 3708 πάντα
353 3658 410 3708 ὲν
450 3658 606 3720 πᾶσι,
648 3659 744 3711 καὶ
779 3659 878 3728 τὴν
926 3658 1076 3729 παρὰ
1124 3657 1216 3711 σοῦ
1271 3659 1470 3719 πάντες
1519 3658 1714 3726 ἐπιζη-

141 3746 340 3815 τοῦμεν
365 3747 642 3819 βοήθειαν.
691 3749 1016 3818 Ἐπίϐλεψον
1067 3745 1184 3802 οὖν’
1217 3751 1281 3802 ἐκ
1327 3748 1420 3801 τοῦ
1461 3747 1714 3817 οὐρανοῦ,

144 3837 337 3905 Κύριε,
379 3839 474 3890 καὶ
518 3839 592 3891 ἴδε
651 3841 714 3892 ἐκ
751 3839 844 3892 τοῦ
878 3840 1028 3894 οἴκου
1069 3840 1166 3909 τῆς
1205 3838 1364 3906 ἁγίας
1406 3837 1564 3908 δόξης
1599 3855 1713 3892 σου.

144 3923 256 3979 Ποῦ
283 3926 430 3979 ἐστιν
463 3928 490 3979 ὁ
521 3929 677 3998 me;
706 3947 798 3983 σου
836 3931 930 3983 καὶ
971 3932 1004 3999 ἡ
1037 3929 1187 3999 ἰσχύς
1219 3946 1336 3996 σου;
1372 3928 1482 3982 Ποῦ
1516 3929 1631 3982 ἐστι
1657 3929 1720 3982 τὸ

144 4016 352 4082 πλῆθος
389 4016 480 4070 τοῦ
512 4018 694 4083 ἐλέους
732 4037 825 4074 σου
865 4021 960 4074 καὶ
1007 4020 1116 4073 τῶν
1153 4019 1459 4090 οἰκτιρμῶν
1493 4035 1610 4092 σου,
1636 4020 1718 4074 ὅτι

144 4106 372 4177 ἠνέσχες
415 4108 515 4178 τῆς
560 4109 819 4172 πτώσεως
855 4111 1145 4182 ήμῶν;“Σὺ
1188 4110 1298 4181 γὰρ
1327 4111 1485 4180 ἡμῶν
1528 4107 1581 4164 εἷ
1611 4113 1722 4166 Ila-

144 4200 270 4270 τὴρ,
303 4201 385 4254 ὅτι
430 4201 683 4272 Ἀϐραὰμ
714 4203 815 4256 οὐκ
843 4203 984 4268 ἔγνω
1033 4205 1203 4274 ἡμᾶς,
1233 4203 1328 4256 nati.
1374 4202 1592 4274 Ἰσραὴλ
1620 4203 1721 4256 οὐκ

146 4291 360 4358 ἐπέγνω
402 4293 567 4361 ἡμᾶς·
597 4291 734 4345 ἁλλὰ
787 4293 874 4356 σὺ,
922 4293 1117 4363 Κύριε,
1154 4291 1343 4362 Πατὴρ
1370 4291 1524 4362 ἡμῶν
1560 4291 1721 4364 ῥῦσαι

145 4380 312 4448 ἡμᾶς,
345 4380 425 4433 ὃτι
449 4381 541 4462 ἀπ’
572 4381 748 4452 ἀρχῆς
771 4381 832 4434 τὸ
855 4381 1026 4452 ὄνομά
1055 4387 1148 4434 σου
1183 4381 1243 4434 τὸ
1272 4380 1426 4449 ἅγιον
1456 4380 1541 4450 ἐφ’
1573 4382 1722 4452 ἡμᾶς

1819 3193 2025 3265 quippe
2070 3203 2132 3243 es
2171 3185 2266 3256 qui
2310 3180 2492 3237 omnia
2546 3180 2599 3233 in
2650 3177 2909 3235 omnibus
2951 3176 3196 3244 oper-aris
3240 3179 3300 3234 “,
3332 3191 3393 3226 ac

1818 3293 1974 3340 tuum
2005 3294 2196 3336 omnes
2241 3272 2504 3329 auxilium
2544 3269 2860 3340 quaerimus.
2901 3268 3096 3336 Aspice.
3129 3267 3293 3336 igitur
3329 3268 3394 3318 dc

1820 3371 2250 3440 caelo,Domine,
2284 3377 2342 3422 et
2367 3364 2492 3419 vide
2531 3362 2599 3416 de
2639 3361 2951 3415 habitaculo
2982 3369 3182 3412 saneta:
3210 3359 3395 3427 gloria:

1819 3480 1946 3528 ture.
1984 3465 2089 3523 Ubi
2128 3469 2214 3517 est
2251 3455 2530 3514 azmulatio
2558 3463 2668 3532 .tua
2717 3459 2773 3505 et
2815 3449 3080 3504 fortitudo
3119 3450 3249 3503 tua?
3295 3450 3392 3503 [Em

1820 3569 1904 3617 est
1952 3553 2251 3612 multitudo
2292 3544 2688 3604 misericordia:
2733 3551 2838 3596 tuae
2877 3548 2934 3596 et
2983 3540 3396 3602 miserationum

1823 3663 2062 3713 tuarum,
2109 3643 2258 3716 quod
2298 3637 2609 3698 sustinuisti
2651 3650 2752 3689 nos
2795 3634 3010 3687 ruinam
3055 3631 3269 3687 facere?
3318 3633 3398 3685 Tu

1821 3743 1970 3800 enim
1995 3757 2056 3796 es
2087 3739 2250 3794 Pater
2283 3739 2492 3794 noster,
2523 3728 2651 3798 quia
2681 3726 2956 3780 Abraham
2992 3741 3106 3778 non
3141 3727 3400 3794 cognmit

1823 3849 1945 3896 nos,
1962 3828 2196 3886 etlsrael
2219 3839 2321 3878 nos
2343 3837 2449 3876 non
2474 3818 2724 3888 agnovit:
2749 3816 2842 3871 sed
2865 3825 2942 3878 tu,
2964 3817 3218 3877 Domine,
3241 3819 3398 3870 Pater

1824 3933 2034 3988 noster,
2065 3919 2239 3974 libera
2281 3929 2401 3976 nos,
2437 3924 2602 3978 super
2626 3922 2764 3976 quos
2788 3906 3054 3959 nimirum
3079 3921 3109 3958 a
3127 3906 3401 3974 principio

1825 4028 2025 4070 nomen
2055 4015 2302 4066 sanctum
2335 4012 2514 4064 tuum,
2547 4007 2603 4053 et
2638 3996 2910 4067 unigeniti
2940 3996 3062 4049 Filii
3086 3995 3165 4050 tui
3195 3997 3399 4050 sancti-

1826 4121 1934 4177 que
1967 4101 2208 4174 Spiritus
2246 4105 2351 4150 est.
2387 4093 2499 4149 Cur
2531 4105 2719 4146 errare
2762 4103 2863 4142 nos
2890 4087 3069 4142 fecisti
3103 4103 3132 4140 a
3160 4087 3247 4140 via
3287 4097 3398 4146 tua,

1825 4195 2095 4254 Domine?
2148 4207 2216 4246 ne
2283 4185 2548 4254 corripias
2598 4197 2698 4236 nos
2752 4180 2810 4233 in
2858 4180 3010 4248 virga
3065 4179 3402 4249 judiciorum

1830 4301 2052 4345 tuorum
2091 4285 2155 4337 ι’.
2189 4283 2250 4338 Ut
2278 4279 2402 4350 quid
2429 4275 2693 4331 indurasti
2721 4273 2881 4328 corda
2914 4280 3116 4336 nostra,
3150 4289 3215 4325 ne
3256 4275 3404 4325 timc-

1831 4397 2007 4436 remus
2033 4387 2080 4429 te
2108 4376 2192 4428 ὀἳ
2225 4368 2571 4439 dereliquisti
2603 4381 2707 4421 nos
2740 4365 2978 4421 licentire
3000 4364 3240 4418 erroris?
3269 4364 3403 4418 Con-

145 4472 287 4534 ὲστι,
321 4471 418 4524 καὶ
461 4456 554 4524 τοῦ
602 4471 926 4541 μονογενοῦς
977 4489 1070 4525 σου
1115 4471 1269 4535 Υίοῦ,
1311 4471 1402 4524 καὶ
1438 4471 1531 4524 τοῦ
1563 4471 1712 4539 ἁγίου

1824 4480 1985 4535 verte,
2048 4465 2288 4525 Domine,
2330 4475 2504 4515 servos
2553 4465 2670 4510 tuos
2735 4456 2804 4520 “,
2868 4465 3092 4525 propter
3155 4468 3402 4509 sanctam

149 4580 243 4616 σου
270 4551 608 4633 Πνεῦματος.
641 4565 706 4617 Τί
735 4565 1047 4634 ὲπλάνησας
1074 4565 1242 4635 ἡμᾶς,
1272 4563 1466 4633 Κύριε,
1494 4564 1600 4616 ἀπὸ
1621 4564 1720 4634 τῆς

144 4655 266 4709 ὀδοῦ
297 4671 408 4709 σου·
451 4657 526 4728 μὴ
557 4658 854 4731 παιδεύσῃς
884 4659 1030 4729 ἡμᾶς
1070 4661 1134 4728 τῇ
1167 4657 1346 4728 ῥάϐδῳ
1370 4658 1481 4711 τῶν
1513 4661 1717 4730 κριμα-

142 4765 256 4800 των
285 4766 398 4803 σου.
443 4749 503 4802 Τί
539 4749 926 4819 ἐσκλήρυνας
971 4749 1142 4818 ἡμῶν
1185 4751 1288 4816 τὰς
1317 4749 1583 4818 καρδίας,
1614 4752 1720 4805 τοῦ

141 4839 229 4910 μὴ
267 4840 578 4920 εξοϐεῖσθαί
614 4857 729 4904 0'8;
764 4841 1161 4911 ἐγκατέλειψας
1201 4843 1347 4911 ἡμᾶς
1397 4843 1462 4911 τῇ
1502 4843 1726 4896 αὐτονο-

149 4929 252 5000 μίᾳ
275 4930 374 5000 τῆς
413 4929 660 4999 πλάνης;
709 4930 1135 4998 Ἐπίστροφον,
1169 4929 1376 4997 Κύριε,
1410 4930 1551 4996 τοὺς
1591 4931 1728 4986 6mi-

141 5024 296 5086 ,κους
351 5036 490 5085 σου,
552 5019 642 5074 διὰ
711 5022 810 5091 τὴν
841 5019 1002 5088 ἁγίαν
1075 5036 1169 5073 σου
1212 5020 1579 5088 Ἐκκλησίαν*
1641 5022 1728 5076 διὰ

1828 4557 2129 4616 Ecclesiam
2168 4564 2317 4608 tuam
2361 4568 2372 4579 ·
2412 4555 2638 4618 propter
2675 4553 2896 4600 sanctos
2924 4560 3116 4599 omnes
3150 4546 3245 4614 qui
3287 4546 3406 4597 ine--

1831 4661 1959 4706 runt
1982 4665 2010 4703 a
2043 4646 2334 4708 smculo,ut
2362 4639 2618 4694 modicum
2655 4637 2781 4708 quid
2806 4637 3108 4711 hereditate
3139 4639 3406 4705 posside-n-

1827 4760 1940 4798 mus
1953 4740 2140 4796 montis
2156 4736 2324 4791 sancti
2338 4733 2431 4786 tui.
2447 4730 2614 4801 388
2629 4728 2932 4785 Adversarii
2951 4729 3114 4782 nostri
3136 4729 3380 4782 conculca
3403 4763 3412 4767 -

1827 4841 2012 4890 uerunt
2067 4827 2434 4884 sanctuarium
2490 4829 2639 4874 tuum
2693 4836 2713 4873 :
2780 4819 2904 4888 facti
2960 4836 3142 4873 sumus
3194 4822 3328 4873 sicut
3377 4840 3408 4871 ιι

1831 4923 2108 4998 principio,
2148 4935 2267 4973 cum
2309 4932 2414 4970 non
2452 4911 2805 4967 dominareris
2852 4919 3038 4976 nostra,
3082 4927 3175 4964 nec
3218 4927 3409 4964 nomen

1835 5029 1987 5071 tuum
2013 5015 2314 5068 invocatum
2347 5015 2476 5060 esset
2501 5017 2660 5062 super
2688 5017 2783 5055 nos
2817 5002 2882 5054 ²¹.

147 5114 358 5176 πάντας
415 5113 542 5176 τοὺς
579 5115 676 5166 ἀπ’
722 5112 918 5176 αἰῶνος
981 5113 1168 5179 ἁγίους
1245 5099 1361 5176 σου,
1400 5113 1492 5166 ἵνα
1529 5115 1747 5183 ,μικρὸν
1787 5105 2341 5179 κληρονομήσωμεν
2393 5096 2499 5150 τοῦ
2553 5095 2730 5163 ὅρους
2785 5091 2892 5146 τοῦ
2919 5091 3092 5160 ἁγίου
3145 5108 3281 5145 σου,
3347 5096 3410 5145 Οἱ

143 5205 496 5259 ὑπεναντίοι
550 5204 720 5273 ἡμῶν
775 5203 1202 5270 κατεπάτησαν
1238 5204 1306 5258 τὸ
1346 5204 1613 5278 ἁγιασμα
1668 5222 1820 5262 σου·
1869 5199 2189 5273 ἐγενόμεθα
2240 5192 2319 5256 ὡς
2376 5188 2441 5242 τὸ
2487 5186 2588 5242 ἀπ’
2676 5182 2868 5254 ἀρχῆς
2927 5184 3026 5237 ὅτε
3065 5185 3174 5238 οὐκ
3223 5182 3412 5252 ἧρξας

145 5292 334 5362 ἡμῶν,
375 5293 519 5348 οὐδὲ
553 5292 858 5361 ἐπεκλήθη
883 5293 950 5347 τὸ
982 5294 1172 5364 ὄνομα
1204 5308 1318 5349 σου
1344 5295 1436 5362 ἐφ’
1463 5296 1641 5364 ἡμᾶς.

219 5388 320 5456 λη’.
357 5389 497 5442 Ἐὰν
518 5389 768 5458 ἀνοίξῃς
802 5391 908 5444 τὸν
943 5392 1223 5458 οὐρανὸν,
1278 5391 1490 5460 τρόμος
1530 5368 1722 5459 ξὶήψε-

150 5493 246 5530 ται
268 5479 530 5533 ὰπὸ“σοῦ
560 5479 688 5547 ὄρη,
730 5481 829 5534 καὶ
858 5481 1226 5547 τακήσονται
1259 5483 1340 5546 ὡς
1393 5484 1575 5550 κηρὸς
1601 5483 1721 5538 ἀπὸ

148 5568 476 5636 προσώπου
509 5570 615 5624 τοῦ
645 5573 836 5640 πυρός
856 5586 872 5604 ⁸
907 5572 1002 5625 καί
1035 5574 1398 5626 κατακαύσει
1434 5573 1552 5641 πῦρ
1581 5573 1722 5639 τοὺς

229 5705 272 5737 ¹¹
295 5705 439 5759 Psal.
473 5723 688 5770 Lxxvm,
718 5709 750 5761 8
849 5711 893 5741 ”
921 5709 1053 5763 ibid.
1081 5710 1134 5763 9.
1212 5712 1256 5741 ”
1283 5711 1423 5765 Psal.
1459 5727 1561 5774 ων,
1587 5712 1655 5774 ‘2;
1695 5726 1837 5776 xun,
1869 5710 1960 5763 25.

155 5776 281 5833 thcr
316 5791 428 5831 xm.
459 5777 512 5836 9.
543 5778 626 5830 i7.
706 5780 746 5810 ¹⁸
775 5780 792 5832 l
825 5779 952 5834 Cor.
983 5795 1078 5837 ιιι.
1109 5779 1162 5834 6.
1239 5781 1276 5810 ¹⁹
1305 5781 1406 5834 lsa.
1438 5797 1582 5848 um,
1613 5781 1778 5836 15-17

1901 5386 1989 5441 38.
2015 5383 2072 5438 Si
2107 5379 2378 5452 aperueris
2410 5373 2619 5440 emtum,
2654 5381 2857 5427 tremor
2885 5391 2918 5426 α
2948 5381 2998 5426 te
3023 5379 3222 5426 montes
3247 5376 3402 5424 corri-

1832 5481 1956 5549 piet,
1987 5486 2035 5529 et
2060 5475 2344 5542 liquescent
2367 5470 2501 5523 sicut
2523 5483 2646 5520 cera
2671 5483 2704 5518 a
2722 5466 2858 5535 facte
2874 5465 3009 5536 ignis
3034 5480 3050 5518 :
3071 5463 3410 5532 incendetque

1826 5572 1962 5643 ignis
2005 5565 2372 5628 adversarios;
2416 5569 2464 5614 et
2516 5558 2846 5614 tremendum
2896 5558 2994 5610 erit
3036 5572 3218 5610 nomen
3263 5567 3409 5609 tuum

2642 5700 2685 5729 ¹⁶
2716 5697 2859 5753 Psal.
2893 5712 2943 5760 L,
2981 5693 3149 5759 2,15.
3236 5696 3273 5726 ’τ
3311 5693 3406 5742 Iis-

2964 5767 3007 5797 “
3034 5765 3166 5822 ibid.
3197 5766 3282 5827 18,
3323 5768 3380 5818 iU

2077 5705 2120 5736 "
2151 5706 2287 5760 Dan.
2339 5717 2410 5765 Ix,
2445 5701 2529 5754 l8.

1880 5781 1923 5812 ¹⁰
1952 5778 2154 5835 Jerem.
2189 5791 2238 5827 ι.
2268 5771 2358 5826 24.
2434 5771 2476 5800 ²¹
2515 5770 2615 5824 lsa.
2653 5785 2760 5828 Lm.
2793 5769 2878 5823 l7.
