3876 6314
1614 289 1676 350 S.
1716 291 2002 353 ΜΑΧΙΜΙ
2043 294 2551 357 CONFESSURIS

3648 291 3743 357 918

451 393 794 449 adversariis.
830 391 964 449 Cum
990 394 1173 462 feceris
1200 392 1454 464 gloriosa,
1479 412 1512 451 a
1550 407 1599 452 te
1632 410 1835 457 montes
1862 412 2035 458 terror

2138 406 2544 473 ὑπεναντίους
2562 420 2578 439 ο
2632 402 2731 458 καὶ
2776 402 3030 474 ⁸φοϐερὸν
3053 398 3233 457 ἔσται
3276 399 3341 454 τὸ
3391 398 3601 470 ὄνομά
3631 418 3741 457 σου

451 485 719 553 corripiet.
746 483 786 538 Α
817 482 1008 538 δαειιίο
1032 500 1137 538 non
1163 486 1483 553 audivimus,
1503 505 1596 544 nec
1627 492 1871 547 viderunt
1891 494 2031 550 oculi

449 576 616 630 nostri
648 574 813 628 Deum
839 583 1036 646 printer
1069 584 1138 629 te.
1176 576 1254 643 ,Et
1293 594 1456 648 apem
1498 588 1612 645 tua,
1648 599 1766 653 qua:
1794 585 2034 654 facturus

449 684 502 721 es
539 667 916 723 sustinentibus
955 669 1392 736 misericordiam,
1442 672 1549 728 illis
1592 677 1896 743 obviabunt,
1943 680 2037 750 qui

444 760 710 830 justitiam
742 759 966 828 faciunt,
986 777 1050 825 ac
1082 762 1292 819 viarum
1318 773 1533 820 tuarum
1566 777 1721 822 erunt
1755 785 2032 826 memores.

446 850 583 906 Ecce
615 859 672 905 tu
712 853 882 907 iratus
923 867 997 917 es,
1038 859 1086 905 et
1128 869 1223 908 nos
1268 856 1596 924 peccavimus
1637 861 1704 911 “.
1753 858 2033 928 Quinimo,

444 952 803 1023 peccavimus
843 968 966 1019 nos,
1007 962 1066 1008 et
1110 962 1168 1009 tu
1207 969 1270 1010 es
1313 954 1491 1011 iratus
1527 975 1542 1011 :
1590 957 1794 1014 Idcirco
1829 961 2036 1015 erravi-

448 1061 588 1110 mus,
614 1054 662 1098 et
694 1044 822 1115 facti
844 1061 1026 1100 sumus
1056 1046 1319 1100 immundi
1358 1064 1451 1107 nos
1477 1064 1656 1105 omnes
1676 1066 1695 1105 :
1729 1052 1862 1106 sicut
1898 1069 2037 1122 pan-

448 1152 549 1190 nus
575 1143 919 1192 menstruam:
955 1138 1125 1192 omnis
1157 1137 1374 1208 justitia
1412 1149 1616 1205 nostra,
1649 1151 1703 1196 et
1738 1144 1872 1197 sicut
1906 1143 2039 1211 [alia

450 1226 767 1294 deﬂuximus
801 1235 1017 1298 propter
1040 1227 1242 1283 scelera
1265 1238 1488 1296 nostra;
1513 1232 1589 1286 sic
1610 1242 1792 1287 ventus
1829 1237 2039 1304 auferet

448 1329 565 1379 nos,
603 1322 655 1367 et
694 1331 799 1369 non
833 1326 909 1371 est
938 1319 1027 1386 qui
1064 1318 1265 1372 invocet
1302 1335 1492 1374 nomen
1521 1330 1691 1387 tuum,
1718 1329 1766 1375 et
1796 1325 1887 1393 qui
1927 1339 2038 1378 me-

449 1423 567 1460 mor
586 1408 675 1474 sit,
701 1416 759 1462 ut
789 1409 1171 1479 apprehendat.
1199 1409 1271 1465 Et
1317 1412 1555 1467 avertisti
1608 1413 1798 1483 [aciem
1828 1424 1978 1469 tuam
2000 1434 2041 1471 α

449 1498 620 1563 nobis,
664 1507 716 1553 et
762 1500 1028 1555 tradidisti
1075 1518 1169 1557 nos
1209 1512 1428 1574 propter
1464 1513 1681 1575 peccata
1723 1515 1928 1562 nostra.
1972 1506 2041 1564 Et

450 1605 613 1652 nunc,
640 1588 883 1657 Domine,
910 1590 1078 1647 Pater
1100 1602 1282 1649 noster
1306 1610 1360 1649 es
1395 1603 1487 1650 tu:
1517 1610 1613 1649 nos
1647 1604 1827 1651 autem
1862 1612 2042 1652 omnes

453 1676 645 1745 lutum,
693 1698 823 1752 opus
870 1700 1127 1741 manuum
1175 1694 1411 1740 tuarum.
1466 1686 1544 1742 Ne
1593 1688 1849 1743 irascaris
1892 1687 2041 1743 nobis

2132 497 2261 564 τοῖς
2282 495 2692 562 ὑπεναντίοις.
2739 493 2928 548 Ὅταν
2973 491 3165 558 ποιεῖς
3211 492 3293 553 τὰ,
3314 490 3575 557 ἔνδοξα,
3612 494 3738 559 τρό-

2133 605 2244 659 μος
2268 589 2530 657 λήψεται
2559 585 2681 641 ἀπὸ
2713 585 2832 639 σοῦ
2865 584 2996 654 ὄρη.
3038 584 3184 639 Ἀπὸ
3212 581 3322 636 τοῦ
3362 580 3603 649 αιῶνος
3635 585 3736 637 οὐκ

2133 680 2505 749 ἠκούσαμεν,
2556 677 2702 732 οὐδὲ
2740 679 2796 731 οὶ
2843 675 3142 746 ὀφθαλμοὶ
3183 672 3357 743 ἡμῶν
3380 672 3525 728 ἴδον
3571 675 3732 739 Θεὸν,

2135 771 2304 840 πλὴν
2326 770 2464 826 σοῦ.
2492 770 2602 825 Kal
2628 769 2705 825 τὰ
2726 769 2871 841 ἔργα
2893 783 3033 835 σου,
3060 767 3101 823 ἆ
3119 767 3407 834 ποιήσεις
3430 765 3566 833 τοῖς
3596 769 3735 821 ὐπο-

2131 863 2429 934 μένουσιν
2452 862 2630 917 ἔλεον
2656 879 2672 894 ’
2708 860 3166 931 συναντήσεται
3188 860 3302 931 γὰρ
3338 860 3475 926 τοῖς
3498 861 3734 915 ποιοῦσι

2137 955 2203 1008 τὸ
2255 953 2510 1021 δίκαιον,
2565 954 2660 1009 καὶ
2713 951 2834 1008 τῶν
2880 953 3039 1009 ὁδῶν
3086 968 3208 1009 σου
3241 951 3731 1022 μνησθήσονται.

2150 1044 2305 1102 Ἰδοὺ
2333 1045 2417 1100 σὺ
2443 1047 2761 1117 ὠργίσθης,
2801 1048 2900 1101 real
2940 1045 3115 1115 ⁴ἡμεῖς
3153 1043 3534 1114 ἡμάρτομεν.
3594 1045 3731 1100 M51-

2136 1136 2228 1191 λον
2278 1138 2337 1192 δὲ
2369 1138 2530 1210 ἡμεῖς
2574 1139 2918 1209 ἡμάρτομεν,
2980 1139 3075 1193 καὶ
3133 1139 3201 1192 σὺ
3256 1136 3595 1209 ὠργίσθηςο
3647 1137 3733 1191 Διὶ

2136 1227 2315 1283 τοῦτο
2351 1226 2802 1297 ἐπλανήθημεν,
2829 1227 2929 1281 real
2969 1225 3455 1296 ἐγενήθημεν-ὼς
3484 1224 3736 1292 ἀκάθαρ-

2138 1338 2235 1376 τοι
2256 1322 2480 1389 πάντες
2506 1321 2678 1392 ἡμεῖς
2697 1339 2710 1351 ο
2736 1322 2819 1388 ὡς
2839 1321 3030 1390 ῥάκος
3063 1321 3555 1391 ἀποκαθημένης
3572 1318 3732 1375 πᾶσι

2140 1415 2179 1480 ἡ
2207 1413 2565 1482 δικαιοσύνη
2598 1411 2784 1482 ἡμῶν⁹
2808 1413 2907 1466 καὶ
2935 1412 3239 1482 specum»
3269 1412 3358 1479 ὡς
3408 1412 3631 1481 φύλλα
3654 1411 3738 1464 διὰ

2141 1503 2265 1570 τὰς’
2297 1504 2552 1573 ἀνομίας
2600 1501 2795 1572 ἡμῶν,
2829 1502 3020 1569 οὕτως
3251 1500 3469 1573 ὅντως]
3526 1500 3739 1571 ἄνεμος

2139 1594 2296 1650 οἴσει
2328 1591 2510 1663 ἡμᾶς,
2556 1594 2656 1647 καὶ
2709 1595 2822 1647 οὐκ
2868 1593 3042 1646 ἐστιν
3088 1594 3123 1647 ό
3157 1592 3659 1661 ἐπικαλούμενος
3682 1593 3739 1647 τὸ

2144 1685 2334 1756 ὄνομα
2379 1702 2520 1753 σου,
2567 1684 2666 1739 καὶ
2722 1687 2757 1739 ό
2803 1684 3102 1754 μνησθεὶς
3129 1683 3584 1739 ἀντιλαϐέσθαι
3610 1700 3739 1740 σου.

449 1772 639 1840 valde;
673 1783 720 1827 et
747 1791 810 1828 ne
826 1776 881 1829 in
905 1785 1137 1847 tempore
1165 1780 1465 1833 memineris
1483 1789 1816 1850 peccatorum
1838 1788 2035 1834 nostro-

2144 1779 2254 1836 Kal
2288 1778 2678 1847 ἀπέστρεψας
2735 1779 2802 1831 τὸ
2854 1778 3185 1846 πρόσωπόν
3220 1794 3343 1832 σου
3396 1778 3509 1846 ἀφ’
3558 1778 3738 1847 ducar,

449 1881 589 1919 rum.
632 1866 701 1920 Et
734 1884 875 1921 nunc
917 1870 1093 1939 aspice
1123 1869 1264 1940 quod
1299 1887 1393 1925 nos
1426 1887 1606 1926 omnes
1645 1870 1871 1942 populus
1913 1878 2036 1925 tuus

447 1972 630 2012 sumus
648 1972 677 2011 ,ε
717 1961 900 2013 civitas
920 1961 1092 2017 sancti
1131 1963 1207 2015 tui
1232 1959 1359 2016 Sion
1385 1963 1594 2017 deserta
1615 1972 1691 2018 est
1719 1980 1737 2017 :
1774 1972 1829 2017 ut
1858 1962 2038 2017 deser-

452 2056 564 2102 tum
588 2048 732 2117 facta
767 2060 842 2105 est
874 2050 1195 2107 Jerusalem.
1230 2052 1296 2108 In
1338 2053 1762 2109 maledictionem
1787 2054 1933 2123 facta
1963 2061 2040 2108 est

450 2152 637 2205 domus
658 2153 829 2206 sancti
853 2153 1040 2217 nostri,
1060 2169 1123 2207 ac
1138 2152 1337 2224 gloria,
1360 2155 1443 2209 cui
1458 2154 1839 2210 benedixerunt
1862 2169 2041 2226 patres

451 2242 638 2307 nostri,
673 2243 785 2312 igni
819 2258 1069 2297 succensa
1110 2254 1208 2311 est,
1248 2254 1539 2316 cunctaque
1574 2245 1778 2317 inclyta
1820 2261 2038 2300 corrue-

450 2341 596 2387 runt.
631 2331 703 2387 Et
747 2333 803 2387 in
840 2333 919 2388 his
963 2334 1203 2389 omnibus
1240 2336 1559 2401 sustinuisti,
1588 2335 1833 2402 Domine,
1864 2344 1915 2389 et
1950 2343 2036 2391 ta-

448 2426 623 2492 cuisti,
649 2442 845 2497 nosque
868 2425 1024 2481 valde
1055 2426 1353 2482 humiliasti
1386 2428 1451 2483 ⁸⁵.

2143 1870 2247 1925 καὶ
2287 1869 2638 1939 παρέδωκας
2684 1864 2863 1939 ἡμᾶς,
2900 1868 2998 1924 διὰ
3047 1869 3154 1936 τὰς
3200 1869 3513 1939 ἁμαρτίας

2145 1964 2258 2025 Kal
2282 1965 2647 2033 νῦν,·Κύριε,
2673 1965 2876 2035 Πατὴρ
2901 1964 3069 2035 ἡμῶν
3098 1961 3158 2019 εἴ
3183 1966 3268 2020 σύ
3288 1983 3302 1995 ·
3322 1965 3514 2035 ἡμεῖς
3550 1965 3623 2019 δὲ
3638 1980 3739 2031 πη-

2143 2057 2277 2125 λὸς,
2298 2059 2478 2129 ἔργον
2508 2056 2630 2112 τῶν
2658 2058 2878 2127 χειρῶν
2904 2073 3022 2111 σου
3043 2057 3290 2122 πάντες.
3326 2055 3433 2123 Μὴ
3457 2055 3738 2124 ὀργισθῇς

2143 2149 2303 2221 ἡμᾶς
2344 2150 2604 2221 σφόδρα.
2644 2150 2743 2205 καὶ
2772 2149 2860 2219 μὴ
2896 2151 2966 2205 ἐν
3006 2147 3189 2217 καιρῶ
3228 2147 3540 2219 μνησθῆς
3567 2149 3739 2218 ἀμαρ-

2138 2242 2282 2297 τιῶν
2302 2242 2490 2315 ήμῶν.
2515 2242 2625 2297 Kal
2651 2240 2770 2297 νῦν
2793 2241 3128 2309 ὲπίϐλεψον
3150 2240 3241 2295 ὅτι
3266 2243 3429 2306 λαός
3448 2256 3582 2295 σου
3604 2240 3738 2294 πάγ-

2137 2350 2237 2401 τες
2261 2328 2464 2404 ἡμεῖρο
2511 2331 2694 2395 πόλις
2722 2331 2830 2386 τοῦ
2859 2332 3032 2399 ἁγίου
3066 2347 3185 2384 σου
3227 2329 3502 2400 ἐγενήθη
3528 2330 3740 2399 ἕρημος

2136 2425 2287 2482 Σιών
2306 2441 2321 2457 ·
2353 2424 2434 2491 ὡς
2458 2421 2681 2493 ἕρημος
2701 2419 2958 2492 ἐγενήθη
2994 2418 3422 2489 Ἰερουσαλήμ.
3449 2423 3569 2487 Εις
3606 2436 3739 2475 κατ·
3840 2418 3841 2469 1

449 2518 603 2586 άραν
657 2521 691 2573 ὁ
736 2515 901 2586 οἶκος
939 2518 1048 2573 τοῦ
1094 2519 1268 2587 ἁγίου
1309 2518 1502 2588 ἡμῶν,
1540 2519 1638 2575 καὶ
1682 2521 1722 2589 ἡ
1778 2518 1933 2586 δόξα
1993 2517 2076 2588 ἣν
2147 2517 2508 2586 ηὑλόγησαν
2572 2517 2628 2570 οί
2673 2513 2923 2584 πατέρες
2981 2511 3170 2582 ἡμῶν,
3232 2512 3507 2581 ἐγενήθη
3586 2514 3743 2581 πιφί-

451 2626 738 2679 καυστος,
772 2616 871 2668 καὶ
926 2615 1124 2669 πάντα
1169 2615 1243 2668 τὰ
1289 2616 1511 2685 ἔνδοξα
1545 2616 1874 2671 συνέπεσε.
1922 2614 2035 2669 Kal
2078 2611 2180 2667 cal
2204 2610 2359 2668 πᾶσι
2380 2612 2614 2677 τούτοις
2651 2609 2945 2680 ἠνέσχου,
2981 2608 3178 2677 Κύριε,
3215 2607 3321 2664 και
3349 2607 3742 2679 ὲσιώπησας,

450 2709 547 2763 real
573 2709 983 2777 ἐταπείνωσας
1007 2711 1167 2781 ἡμᾶς
1194 2712 1303 2777 ἕως
1337 2712 1596 2782 σφόδρα.

518 2805 609 2859 59.
630 2804 755 2859 Haec
769 2804 995 2876 quidem
1020 2806 1076 2861 in
1101 2805 1276 2877 ﬁgura
1322 2807 1498 2861 veteri
1532 2810 1738 2878 populo
1758 2822 2033 2874 evenere;

450 2912 602 2953 nunc
639 2905 823 2951 autem
856 2897 911 2952 in
947 2898 1111 2954 nobis
1144 2913 1278 2955 vere
1315 2899 1542 2970 impleta
1571 2909 1721 2965 sunt,
1751 2882 2038 2971 vicinisque

451 2991 646 3044 nostris
667 2989 1011 3046 dazmouibus
1033 2992 1377 3063 opprobrium
1408 2992 1537 3063 facti
1572 3009 1786 3059 sumus;
1817 2994 2040 3047 subsan-

2212 2795 2313 2851 λθθ.
2356 2794 2563 2865 Συνέὁη
2617 2795 2717 2865 μὲν
2741 2793 2917 2848 ταῦτα
2960 2792 3204 2857 τυπικῶς
3243 2793 3325 2863 τῷ
3377 2794 3617 2867 παλαιῷ
3657 2813 3742 2850 σου
3844 2844 3845 2849 η

2138 2891 2275 2961 λαῷ,
2307 2887 2402 2942 νῦν
2454 2887 2509 2941 δὲ
2554 2888 2635 2950 είς
2683 2885 2833 2958 ἡμᾶς
2908 2885 3176 2957 ἀληθινῶς
3219 2883 3334 2957 [αι.
3372 2886 3460 2949 ὡς
3504 2886 3740 2957 ἀληθῶς.
3844 2932 3845 2961 ᾗ

2141 2980 2226 3038 Sic
2271 2990 2319 3035 et
2344 2977 2477 3050 Fr.]
2517 2977 2908 3049 πεπλήρωται’
2963 2977 3063 3032 καὶ
3099 2976 3491 3046 ἐγενήθημεν
3512 2979 3741 3045 ὄνειδος
3844 2976 3845 3011 ἰ

448 3083 598 3137 natio
622 3089 671 3133 et
700 3079 880 3135 illusio
916 3083 995 3136 his
1052 3084 1145 3153 qui
1162 3091 1287 3137 sunt
1311 3085 1366 3139 in
1383 3085 1605 3139 circuitu
1624 3094 1806 3139 nostro
1841 3086 1908 3139 ”.
1934 3085 2035 3140 Ve-

2142 3073 2268 3140 τοῖς
2324 3071 2596 3141 γείτοσιν
2650 3068 2822 3140 ἡμῶν
2876 3068 3141 3145 δαίμοσι,
3196 3070 3619 3139 μυκτιρισμὸς
3648 3070 3739 3123 και
3846 3138 3847 3141 η

448 3190 576 3229 rum
611 3176 793 3244 aSpice
821 3175 890 3230 de
927 3174 1091 3240 cmlo,
1120 3183 1177 3230 et
1208 3175 1358 3239 vide,
1395 3185 1453 3231 et
1486 3178 1634 3231 salva
1668 3192 1771 3232 nos
1810 3185 2035 3247 propter

2141 3162 2489 3236 χλευασμὸς
2517 3160 2645 3228 τοῖς
2682 3161 2887 3228 κύκλῳ
2926 3158 3114 3230 ἡμῶν.
3160 3158 3305 3213 Ἀλλ’
3333 3159 3649 3230 ἐπίϐλεψιν
3684 3161 3739 3225 ἐξ

449 3282 654 3322 nomen
684 3276 935 3323 sanctum
963 3277 1148 3332 tuum;
1177 3276 1448 3338 notasque
1478 3268 1563 3323 fac
1589 3269 1750 3324 nobis
1772 3269 2035 3324 adversa-

448 3359 661 3413 riorum
685 3367 1003 3413 nostrorum
1033 3358 1348 3424 fraudes,et
1373 3360 1441 3415 ab
1463 3374 1657 3414 eorum
1688 3374 1791 3414 nos
1819 3359 2037 3415 insidiis

447 3450 667 3507 libera:
704 3466 810 3506 nec
849 3466 879 3504 a
915 3450 1076 3505 nobis
1114 3451 1383 3511 auxilium
1423 3459 1579 3506 tuum
1619 3451 1857 3518 auferas,
1905 3451 2035 3522 quia

447 3557 559 3598 non
603 3543 739 3599 satis
781 3541 967 3598 idonei
1004 3551 1196 3598 sumus
1228 3550 1290 3597 ut
1326 3542 1558 3598 adversa
1590 3542 1878 3599 vincamus
1917 3560 1932 3597 :
1976 3551 2035 3597 tu

446 3643 636 3691 autem
674 3644 875 3706 potens
898 3650 980 3701 es,
1013 3643 1075 3690 ut
1107 3634 1178 3689 ab
1206 3634 1465 3689 omnibus
1496 3634 1830 3691 adversariis
1857 3636 2036 3691 salvos

446 3733 679 3798 praestes
721 3742 786 3783 ac
824 3727 1151 3783 incolumes.
1186 3725 1379 3783 Salvos
1414 3742 1517 3783 nos
1552 3726 1655 3791 fac,
1687 3727 1941 3793 Domine,
1966 3743 2036 3782 ex

446 3820 640 3877 mundi
686 3822 853 3894 hujus
887 3821 1158 3878 molestiis
1200 3836 1266 3877 ac
1309 3820 1593 3891 periculis,
1629 3829 1857 3891 propter
1887 3835 2036 3876 sum-

446 3927 594 3968 mam
626 3913 928 3970 bonitatem
951 3924 1123 3981 tuam,
1156 3922 1217 3970 ut
1238 3929 1376 3984 pura
1400 3913 1741 3969 conscientia
1772 3921 2035 3983 superato

447 4005 631 4060 sazculi
661 4021 907 4077 aequore,
946 4006 1066 4062 sine
1099 4005 1333 4061 crimine
1366 4020 1431 4061 ac
1455 4005 1598 4061 labis
1629 4004 1754 4076 puri
1790 4013 2035 4061 astantes

449 4100 738 4155 tremendo
769 4109 865 4155 tuo
903 4099 1186 4166 tribunali,
1214 4107 1435 4155 aeternae
1471 4099 1597 4153 vitae
1627 4097 1851 4168 praemia
1897 4112 2034 4154 con-

447 4190 604 4261 sequi
631 4205 964 4246 mereamur.

518 4363 606 4419 40.
633 4363 729 4420 llis
753 4363 1015 4420 omnibus
1036 4365 1206 4420 frater
1234 4365 1459 4429 auditis,
1490 4380 1555 4420 ac
1582 4364 1743 4421 valde
1768 4380 2031 4436 compun-

447 4463 594 4513 ctus.
624 4453 883 4526 Iaerymis
908 4452 1164 4510 difﬂuens
1180 4454 1346 4525 389
1360 4456 1439 4510 ait
1462 4456 1611 4512 seni:
1634 4457 1824 4523 Plane,
1841 4456 2023 4523 Pater,
2059 4440 2102 4494 D

447 4550 511 4596 ut
539 4539 725 4606 video,
749 4540 901 4595 nulla
930 4541 1065 4596 mihi
1090 4557 1217 4613 spes
1245 4543 1439 4598 salutis
1462 4544 1683 4599 residua
1695 4554 1798 4600 est.
1822 4544 2038 4616 Quippe

446 4631 758 4701 iniquitates
794 4647 925 4686 meae
958 4648 1313 4705 supergressa!
1345 4642 1469 4689 sunt
1520 4644 1682 4707 caput
1732 4652 1907 4691 meum
1935 4638 1982 4671 “
2019 4655 2034 4692 :

446 4722 684 4778 obsecro
714 4730 901 4779 tamen
926 4732 988 4779 ut
1015 4724 1191 4791 dicas,
1217 4725 1354 4796 quid
1378 4725 1653 4797 agendum
1690 4735 1874 4798 putes.
1919 4727 2033 4784 lle-

447 4811 679 4883 spondit
709 4829 909 4870 senex:
940 4815 1148 4871 Salutis
1169 4817 1573 4887 consequendaa
1618 4819 1811 4884 moles,
1870 4834 2037 4890 supra

447 4904 720 4961 humanas
744 4905 968 4975 quidem
997 4906 1146 4963 vires
1170 4914 1257 4962 est
1286 4925 1298 4961 :
1331 4908 1476 4979 apud
1500 4909 1669 4965 Deum
1704 4918 1889 4965 autem
1917 4924 2035 4965 om-

446 4997 539 5052 nia
565 4997 851 5066 possibilia
878 5006 1029 5064 sunt,
1066 4999 1147 5054 uti
1177 5000 1447 5056 Dominus
1471 5001 1588 5071 ipse
1608 5002 1828 5057 locutus
1856 5012 1943 5057 est
1963 5003 2030 5057 ’τε

444 5088 880 5162 Prwoccupemus
907 5106 1041 5163 ergo
1077 5091 1266 5162 faciem
1288 5093 1402 5162 ejus
1434 5093 1489 5146 in
1510 5092 1869 5162 confessione;
1903 5093 2036 5147 adoo

446 5197 624 5237 remus
647 5190 695 5235 et
722 5181 1058 5251 procidamus
1081 5198 1143 5237 ac
1164 5181 1428 5252 ploremus
1457 5196 1641 5237 coram
1686 5180 1912 5237 Domino
1945 5184 2038 5253 qui

448 5276 568 5345 fecit
581 5290 699 5339 nos,
730 5276 857 5345 quia
883 5275 993 5344 ipse
1020 5282 1096 5328 est
1117 5273 1258 5328 Deus
1288 5282 1465 5328 noster
1496 5275 1543 5307 ⁸⁸
1570 5292 1584 5329 :
1630 5273 2030 5346 audiamusque

444 5382 571 5422 eum
601 5379 701 5436 per
730 5366 923 5421 Isaiam
945 5366 1220 5422 dicentem
1248 5383 1262 5420 :
1287 5366 1423 5422 Cum
1439 5381 1675 5422 reversus
1689 5369 2027 5439 ingemueris,

444 5457 624 5514 salvus
652 5459 755 5513 eris
777 5459 844 5513 ”.
877 5458 945 5514 Et
964 5459 1167 5513 iterum
1195 5474 1208 5512 :
1242 5457 1496 5530 Nunquid
1525 5476 1628 5514 non
1662 5459 1804 5515 valet
1839 5477 2028 5515 manus

518 5639 565 5669 "
588 5632 798 5695 Nahuin
828 5658 863 5702 ι,
899 5640 965 5704 5;
1004 5641 1108 5695 Isa.
1146 5655 1284 5703 wa,
1320 5641 1427 5696 L5.

454 5722 560 5773 ius,
594 5707 681 5761 ‘26.
757 5711 802 5739 "‘
837 5711 977 5766 [δεδι.
1010 5726 1257 5773 Lxxxxw,
1292 5711 1345 5766 ‘2.
1422 5711 1465 5742 ’θ
1495 5711 1597 5767 Isa.
1631 5727 1757 5771 xxx.
1796 5712 1875 5767 l5.

2140 3251 2394 3326 οὐρανοῦ,
2425 3251 2520 3304 καὶ
2555 3249 2653 3316 ἴδε,
2687 3249 2783 3303 καὶ
2811 3251 2988 3304 σῶσον
3025 3250 3173 3320 ἡμᾶς
3203 3248 3294 3303 διὰ
3322 3250 3389 3302 τὸ
3435 3251 3624 3320 ὄνομά
3652 3268 3738 3304 σου

2137 3346 2199 3399 τὸ
2248 3345 2434 3413 ἅγιον*
2490 3343 2584 3398 καὶ¹
2635 3341 2903 3413 γνώρισον
2954 3343 3088 3412 ἡμῖν
3124 3340 3225 3404 τὰς
3270 3340 3578 3411 μεθοδείας
3636 3342 3737 3395 τῶν

2139 3437 2476 3493 ὑπεναντίων
2498 3436 2688 3508 ἡμῶν⁸
2727 3436 2823 3490 καὶ
2856 3433 3020 3505 ῥῦσαι
3047 3434 3194 3505 ἡμᾶς
3228 3433 3296 3487 ἐκ
3337 3433 3458 3486 τῶν
3490 3451 3737 3506 puum-

2140 3531 2328 3600 μάτων
2364 3526 2571 3591 αὐτῶν,
2601 3527 2697 3582 καὶ
2722 3526 2797 3598 μὴ
2827 3525 3145 3598 ἀποστήσῃς
3175 3525 3267 3593 ἀφ’
3311 3523 3481 3595 ἡμῶν
3510 3525 3617 3596 τὴν
3645 3525 3736 3596 σὴν

2138 3620 2416 3692 βοήθειαν,
2447 3620 2715 3690 δαήμεῐς
2756 3618 2858 3689 οὐχ
2897 3617 3071 3673 ἱκανοί
3102 3621 3268 3689 ἐσμεν
3307 3617 3455 3688 πρὸς
3483 3618 3547 3670 τὸ
3584 3621 3737 3690 suis

2136 3712 2205 3765 τὰ
2234 3711 2659 3765 ἀντιπίπτονταο
2688 3709 2753 3763 σὺ
2786 3709 2843 3763 δὲ
2872 3708 3097 3771 δυνατὸς
3126 3703 3179 3761 εἴ
3220 3708 3302 3771 εἰς
3330 3707 3394 3760 τὸ
3434 3707 3639 3773 σώζειν
3674 3709 3733 3761 ἐκ

2136 3803 2353 3859 πάντων
2386 3801 2497 3855 τῶν
2522 3800 2804 3858 ἐναντίων.
2860 3801 3041 3855 Σῶσον
3085 3801 3251 3871 ἡμᾶς,
3282 3798 3489 3871 Κύριε,
3532 3802 3599 3854 ὲκ
3627 3801 3729 3853 τῶν

2135 3890 2412 3963 δυσχερῶν
2449 3888 2542 3946 τοῦ
2585 3890 2796 3961 κόσμου
2825 3890 3041 3951 τούτου.
3071 3890 3215 3945 κατὰ
3241 3889 3340 3963 τὴν
3380 3891 3731 3962 χρηστότητὰ

2137 4002 2254 4050 σου,
2290 3985 2380 4040 ἵνα
2410 3985 2469 4040 ἐν
2513 3982 2733 4055 καθαρᾷ
2764 3983 3069 4055 συνειδήσει
3099 3983 3160 4036 τὸ
3204 3982 3449 4052 πέλαγος
3481 3983 3581 4037 τοῦ
3618 3983 3728 4055 pios

2133 4078 2584 4149 διαπεράσαντες,
2620 4076 2904 4149 ἄμεμπτοι
2952 4078 3049 4130 καὶ
3080 4075 3334 4145 ἁκάραιοι
3375 4075 3462 4147 τῷ
3518 4075 3727 4148 Maps}

2137 4172 2345 4245 βήματι
2395 4189 2489 4229 σου
2544 4174 2952 4244 παραστάντες,
3002 4170 3328 4242 ἀξιωθῶμεν
3371 4171 3481 4242 τῆς
3512 4172 3725 4227 αἰωνίαν

2137 4267 2306 4337 ζωῆς.

2210 4359 2285 4428 μ’.
2314 4358 2502 4417 Ταῦτα
2540 4358 2717 4415 πάντα
2746 4355 2987 4421 ἀκούσας
3014 4357 3043 4409 ὁ
3074 4354 3482 4427 ’Δδελφδςικαὶ
3528 4355 3719 4426 apag:

2131 4452 2478 4519 κατανυγεὶς,
2510 4450 2648 4520 μετὰ
2678 4448 2929 4521 δακρύων
2969 4443 3091 4502 εἷπε
3135 4447 3216 4519 τῷ
3241 4448 3491 4518 γέροντι.
3522 4450 3601 4512 ὡς
3644 4448 3720 4512 ἐξ

2133 4537 2210 4599 ὧν
2250 4543 2462 4615 θεωρῶ,
2499 4542 2704 4614 Πάτερ,
2735 4543 2834 4612 οὐχ
2868 4540 3255 4595 ὑπολέλειπται
3303 4557 3400 4610 μοι
3429 4541 3594 4605 Uni;
3622 4558 3717 4593 σω-

2133 4635 2351 4707 τηρίας.
2373 4636 2439 4690 Αἱ
2465 4634 2576 4707 γὰρ
2604 4635 2843 4705 ἀνομίαι
2875 4651 2998 4704 μου
3035 4630 3349 4703 ὑπερῆραν
3383 4633 3509 4701 τὴν
3552 4651 3719 4703 πείρα·

2133 4725 2257 4792 λήν
2292 4743 2413 4797 μου
2438 4742 2453 4757 '
2511 4726 2650 4781 ἀλλὰ
2699 4725 3006 4796 παρακαλῶ
3063 4727 3239 4779 εἰπεῖν
3269 4740 3364 4796 μοι.
3412 4725 3470 4777 τί
3498 4724 3720 4793 ὢ-ξειὶον

2136 4818 2383 4888 ποιῆσαι.
2418 4817 2526 4873 Καὶ
2556 4818 2590 4871 ὁ
2615 4816 2801 4886 Γέρων
2819 4815 3141 4887 ἀποκριθεὶς
3166 4812 3288 4868 εἶπε
3309 4832 3325 4848 ο
3359 4815 3436 4873 To
3458 4815 3717 4883 σωθῆναι,

2131 4910 2285 4982 παρὰ
2317 4910 2417 4982 μὲν
2447 4907 2757 4980 ἀνθρώποις
2816 4908 3111 4962 ἀδύνατον·
3172 4908 3322 4979 παρὰ
3368 4907 3427 4962 δὲ
3474 4908 3561 4977 τῷ
3588 4905 3718 4975 Θεῷ,

2131 5003 2311 5057 πάντα
2342 5002 2566 5065 δυνατὰ,
2598 5001 2675 5065 ὡς
2703 5000 2867 5064 αὐτὸς
2914 4999 3020 5071 ἔφη
3069 5002 3096 5053 ὀ
3148 4998 3355 5070 Κύριος
3382 5016 3398 5029 ·
3454 4998 3719 5068 Προρσό

2131 5109 2334 5165 σωμεν
2364 5090 2479 5149 οὖν
2512 5093 2579 5147 τὸ
2594 5093 2925 5162 πρόσωπον
2941 5091 3129 5145 αὐτοῦ
3143 5091 3214 5144 ἐν
3241 5090 3683 5160 ἐξομολογήσει
3701 5130 3715 5151 ,

2133 5182 2658 5255 προσκυνήσωμεν
2687 5181 2784 5235 real
2827 5179 3292 5249 προσπέσωμεν,
3323 5178 3429 5232 καὶ
3451 5181 3721 5233 κλαύσω

2131 5295 2246 5348 μεν
2265 5276 2546 5331 ἐναντίον
2585 5273 2810 5343 Κυρίου
2844 5270 2958 5327 τοῦ
2995 5270 3367 5338 ποιήσαντος
3410 5269 3596 5339 ἡμᾶς,
3639 5267 3722 5322 ἔτι

2135 5369 2321 5435 αὑτός
2369 5368 2543 5422 ἐστιν
2570 5369 2605 5422 ό
2657 5364 2805 5430 Θεὸς
2834 5362 3037 5432 ήμῶνυ
3082 5361 3175 5417 καὶ
3221 5360 3519 5432 ἀκούωμεν
3562 5357 3721 5414 σῦτθῦ

2133 5460 2387 5531 λέγοντος
2418 5460 2507 5515 διὰ
2549 5459 2649 5530 τῆς
2689 5457 2910 5511 Ἡσαΐου
2962 5455 3149 5525 φωνῆς
3172 5492 3187 5520 ,
3218 5454 3302 5509 ὅτι
3345 5454 3535 5508 ὀταν
3576 5454 3722 5509 ἀπο-

1528 5644 1573 5672 ²⁸
1606 5642 1708 5696 Isa.
1742 5658 1882 5702 LXIV.
1920 5644 1976 5709 6,
2008 5644 2027 5697 1

2168 5643 2213 5676 ⁸⁸
2244 5643 2384 5699 Psal.
2414 5657 2632 5706 Lxxvm,
2671 5641 2723 5696 4.
2801 5639 2850 5671 ’⁸
2882 5637 3022 5695 Psal.
3059 5651 3265 5700 xxxvn,
3302 5635 3357 5693 5.
3437 5635 3481 5666 "
3515 5634 3711 5693 Matth.
