3876 6314
204 270 310 338 9i9

1473 271 1707 333 LIBER
1747 270 2173 332 ASCETICUS.

3358 256 3466 337 950

202 385 482 458 στραφῂς
511 385 606 444 καὶ
647 385 968 456 στενάξῃς,
1014 387 1146 441 τότε
1199 385 1469 456 σωθήσῃ.
1523 388 1635 441 Καὶ
1676 387 1778 440 πά-

1884 385 2095 441 Domini
2121 395 2178 440 ut
2209 387 2382 442 salvos
2404 387 2611 458 faciat?
2646 395 2738 442 aut
2777 397 3019 460 gravavit
3073 406 3254 446 aure".
3315 406 3467 443 suam

201 485 320 535 λιν·
357 481 454 549 Μὴ
499 482 610 534 οὐκ
669 480 866 548 ίσχύει
913 482 951 548 ἡ
993 480 1122 549 χεὶρ
1147 481 1366 548 Κυρίου
1400 480 1507 534 τοῦ
1549 482 1779 546 σῶσαι;

201 570 514 637 ἣέϐάρυνε
552 568 616 622 τὸ
646 564 756 634 οὖς
771 569 959 624 αὑτοῦ
1007 569 1114 624 τοῦ
1139 569 1225 640 μὴ
1255 570 1735 624 είσακούσασθαι
1760 587 1779 635 ;

215 663 402 716 Ἀλλὰ
429 662 503 715 τὰ
529 661 918 730 ἁμαρτήματα
946 659 1116 729 ἡμῶν
1141 660 1453 715 διιστῶσιν
1473 660 1782 730 ἀναμέσων

201 753 376 822 ἡμῶν
407 754 504 808 καὶ
533 753 640 807 τοῦ
671 752 820 807 Θεοῦ
839 769 853 783 '
887 752 986 806 καὶ
1011 751 1111 806 διὰ
1137 752 1244 818 τὰς
1274 751 1562 820 ἁμαρτίας
1583 751 1774 818 ἡμῶν,

201 837 552 907 ἀπέστρεψε
578 839 645 891 τό
674 838 999 908 πρόσωπον
1022 839 1230 903 αὐτοῦ,
1267 839 1372 892 τοῦ
1397 838 1483 907 μὴ
1504 838 1776 906 ἐλεῆσαι.

200 930 299 984 Διὸ
326 930 508 999 λέγει·
538 931 877 994 Λούσασθε,
925 929 1173 998 καθαροὶ
1214 929 1482 998 γίνεσθε·
1529 927 1782 997 ἀφέλετε

205 1027 316 1089 τὰς
336 1023 628 1091 πονηρίας
643 1022 764 1078 ἀπὸ
783 1021 904 1075 τῶν
925 1019 1320 1090 vultur-bad)?
1347 1020 1637 1074 ἀπέναντι
1664 1020 1783 1074 τῶν

201 1113 532 1184 ὀφθαλμῶν
571 1130 691 1183 μου
709 1129 723 1144 ο
760 1115 1080 1168 παύσασθε
1114 1112 1234 1166 τῶν
1255 1111 1556 1180 πονηριῶν
1576 1112 1742 1181 ὑμῶν
1765 1128 1780 1143 ·

199 1204 420 1276 μάθετε
501 1203 694 1258 καλὸν
760 1204 955 1259 ποιεῖν
981 1244 998 1267 ,
1083 1203 1449 1272 ἐκζητήσατε
1534 1204 1738 1272 κρίσιν
1763 1242 1780 1268 ,

201 1297 431 1364 ρύσατε
497 1295 912 1365 ἀδικούμενον,
975 1294 1220 1364 ’κρίνατε
1273 1293 1512 1362 ὀρφανῷ
1563 1291 1663 1346 καὶ
1697 1291 1786 1346 διο

203 1387 501 1440 καιώσατε
533 1385 748 1456 χήραν,
805 1386 904 1440 καὶ
961 1385 1155 1447 δεῦτε,
1207 1385 1310 1439 καὶ
1348 1383 1782 1454 διαλεχθῶμεν,

199 1477 370 1547 λέγει
400 1479 615 1545 Κύριος
639 1492 653 1507 ’
679 1477 778 1531 καί
804 1477 913 1531 ἐὰν
925 1469 1080 1530 ὦσιν
1109 1479 1169 1530 αὶ
1197 1476 1477 1546 ἁμαρτίαι
1502 1475 1662 1544 ὑμῶν
1705 1476 1785 1542 ὡς

203 1569 545 1641 φοινικοῦν,
603 1569 684 1634 ὡς
732 1569 908 1638 χιόνα
939 1565 1217 1623 λευκανῶ
1237 1584 1249 1597 ·
1291 1567 1400 1622 ἐὰν
1429 1567 1496 1620 δὲ
1527 1563 1678 1621 ὦσιν
1704 1567 1786 1634 ὡς

203 1665 518 1727 κόκκινον,
557 1661 700 1716 ὡσεὶ
719 1661 886 1727 ἔριον
905 1659 1200 1716 λευκανῶ.
1236 1660 1370 1725 Καὶ,
1415 1661 1548 1714 Ἐὰν
1573 1661 1787 1727 θέλητε

203 1753 312 1809 καὶ
329 1751 732 1820 εισακυύσητέ
755 1769 896 1819 μου,
923 1751 997 1804 τὰ
1020 1752 1212 1820 ἀγαθὰ
1231 1750 1341 1818 τῆς
1369 1751 1480 1820 γῆς
1500 1751 1782 1820 φάγεσθε.

215 1844 289 1898 Τὸ
328 1844 434 1912 γὰρ
461 1845 656 1911 στόμα
688 1843 913 1910 Κυρίου
932 1840 1203 1917 ἐλάλησε
1231 1841 1440 1895 ταῦτα.
1485 1843 1593 1894 Καὶ
1623 1841 1786 1896 πάλιν

203 1935 297 1988 διὰ
342 1934 513 2003 Ἰωήλ·
565 1931 1001 2002 Ἐπιστράφητε
1042 1933 1192 2000 πρός
1237 1948 1314 2002 με
1363 1932 1432 1997 ἐξ
1472 1933 1625 1999 ὅλης
1676 1931 1787 2000 τῆς

203 2024 454 2092 καρδίας
488 2023 686 2092 ὑμῶν’
736 2024 807 2076 ἐν
841 2025 1094 2092 νηστείᾳ
1134 2023 1231 2077 καὶ
1269 2024 1338 2077 ἐν
1371 2022 1655 2092 κλαυθμῷ
1688 2021 1786 2076 καὶ

202 2113 438 2179 κοπετῷ
461 2130 474 2144 °
516 2114 875 2185 διαρῤήξατε
911 2115 1018 2180 τὰς
1058 2113 1307 2184 καρδίας
1344 2113 1530 2182 ὑμῶν,
1574 2113 1670 2166 καὶ
1715 2115 1786 2167 οὐ

201 2205 283 2258 τὰ
327 2203 524 2274 ἱμάτια
573 2204 761 2275 ὑμῶν.
820 2205 1125 2274 Ἐλεήμων
1173 2207 1284 2274 γὰρ
1330 2203 1428 2256 καὶ
1471 2204 1787 2271 οἰκτίρμων

203 2297 338 2350 ἐστὶ
379 2297 614 2365 Κύριος,
642 2299 740 2352 καὶ
757 2298 1065 2368 μετανοῶν
1091 2297 1188 2349 ἐπὶ
1211 2296 1339 2363 ταῖς
1360 2297 1612 2361 κακίαις.
1643 2295 1786 2364 Πρὸς

169 2412 175 2416 ·
221 2383 482 2459 ἸεζεκιὴΧ
498 2389 576 2454 δὲ,
607 2389 702 2444 Υἱὲ
720 2389 1058 2458 ἀνθρώπου,
1077 2383 1249 2442 εἶπον
1265 2387 1344 2452 τῷ
1360 2388 1503 2453 οῑκῳ
1517 2387 1783 2454 Ἰσραὴλ,

208 2479 414 2546 Οὕτως
439 2481 803 2550 ἐλαλήσατε,
850 2481 1156 2550 λέγοντες,
1205 2482 1275 2535 Al
1327 2479 1554 2533 πλάναι
1595 2478 1784 2548 ἡμῶν,

207 2571 311 2624 καὶ
339 2574 399 2625 at
421 2572 656 2641 ἀνομίαι
679 2573 847 2641 ἡμῶν
865 2573 956 2642 ἐφ’
978 2571 1146 2640 ἡμῶν
1173 2571 1304 2625 ἐστι
1323 2589 1336 2601 ·
1371 2571 1469 2624 καὶ
1489 2571 1561 2624 ἐν
1577 2570 1786 2636 αὐταῖς

203 2663 506 2730 τηκόμεθα
529 2679 544 2693 ·
575 2662 673 2716 καὶ
702 2663 828 2729 πῶς
857 2661 1187 2732 ζησόμεθα;
1216 2659 1405 2718 Εἶπον
1441 2661 1665 2727 αὐτοῖς,
1695 2660 1787 2714 Ζῶ

205 2753 344 2822 ἐγὼ,
372 2754 536 2823 λέγει
565 2755 802 2822 Κύριος,
823 2757 905 2810 Οὐ
925 2756 1225 2824 ,ϐούλομαι
1254 2755 1362 2807 τὸν
1393 2753 1654 2809 θάνατον
1679 2753 1784 2809 τοῦ

203 2845 491 2911 ἀσεϐοῦς,
525 2845 684 2899 ὥστε
725 2846 1083 2915 ἐπιστρέψαι
1105 2846 1291 2900 αὐτὸν
1338 2846 1457 2900 ἀπὸ
1508 2844 1618 2915 τῆς
1640 2845 1784 2900 ὀδοῦ

203 2937 416 2999 αὑτοῦ,
443 2939 540 2990 καὶ
579 2937 689 3006 ζῆν
713 2939 930 2993 αὐτόν’
974 2937 1332 3007 ἀποστροφῇ
1360 2938 1785 3006 ἀποστρέψατε

1880 484 1938 529 ut
1969 495 2072 532 non
2108 479 2403 534 exaudiat?
2432 479 2535 534 Sed
2559 487 2775 550 peccata
2819 491 3001 536 nostra
3041 490 3293 552 separant
3328 484 3468 535 inter

1881 586 1977 623 nos
2007 578 2056 622 et
2081 570 2267 654 Deum,
2303 578 2349 624 et
2377 580 2588 644 propter
2617 581 2830 642 peccata
2867 576 3055 628 avertit
3091 574 3277 644 faciem
3313 590 3469 627 suam

1881 677 1914 714 a
1949 661 2118 724 nobis,
2147 670 2205 715 ut
2231 679 2334 716 non
2365 665 2685 716 misereatur
2703 663 2769 717 ³ο.
2814 664 3110 735 Propterea
3150 664 3225 718 ait
3251 681 3264 718 :
3293 663 3468 716 Lava-

1882 753 2033 818 mini,
2070 755 2253 808 mundi
2274 763 2474 810 estote:
2507 755 2710 824 auferte
2734 756 2935 810 scelera
2970 755 3032 809 ab
3056 755 3337 809 animabus
3381 770 3470 806 ve-

1879 847 2006 902 stris
2043 845 2105 899 de
2142 849 2426 916 conspettu‘
2450 847 2724 900 oculorum
2753 864 3022 912 meorum;
3055 855 3255 900 cessate
3305 863 3337 900 a
3370 863 3465 898 ne-

1881 936 2060 1006 quitiis
2083 936 2268 990 vestris
2294 951 2311 988 :
2336 936 2514 990 discite
2532 917 2679 989 bona.
2694 936 2885 1006 facere,
2911 935 3168 1006 exquirite
3183 935 3466 1005 judicium.

1885 1026 2106 1082 liberate
2144 1043 2482 1098 oppressum,
2493 1027 2733 1098 judicate
2764 1025 2993 1096 pupillos
3015 1035 3063 1078 et
3087 1013 3372 1094 instiﬁcaté
3397 1027 3470 1078 vi-

1882 1120 2068 1183 duam,
2091 1129 2139 1174 et
2173 1121 2362 1184 venite,
2416 1129 2464 1172 et
2498 1119 2844 1188 disputemus,
2902 1119 3026 1171 dicit
3054 1117 3309 1172 Dominus
3340 1133 3357 1171 :
3401 1117 3471 1170 Et

1881 1216 1928 1268 si
1954 1215 2149 1284 fuerint
2174 1222 2388 1283 peccata
2420 1223 2592 1266 vestra
2618 1214 2756 1266 sicut
2801 1213 3121 1284 plnenicium
3145 1251 3161 1274 ,
3211 1221 3470 1280 tanquam

1884 1307 2054 1360 nivem
2096 1305 2370 1369 dealbabo,
2423 1313 2472 1358 et
2521 1307 2566 1359 si
2627 1306 2836 1375 fuerint;
2875 1312 3132 1374 tanquam
3173 1303 3470 1366 coccinum,

1886 1398 2042 1468 quasi
2073 1397 2260 1451 lanam
2282 1396 2554 1450 dealbabo.
2593 1397 2680 1460 Et,
2713 1395 2772 1450 Si
2801 1395 3074 1450 volueritis
3097 1403 3147 1448 et
3199 1394 3472 1448 audieritis

1886 1506 1989 1555 me,
2019 1489 2156 1544 bona
2193 1497 2349 1544 terra:
2384 1490 2681 1543 comedetis.
2707 1488 2775 1543 0s
2812 1489 2949 1542 enim
2985 1487 3200 1542 Domini
3255 1489 3365 1541 Ιιωο
3397 1485 3473 1539 lo-

1885 1585 2064 1632 cutum
2100 1587 2174 1633 est
2204 1578 2270 1633 ".
2318 1578 2387 1632 Et
2411 1565 2610 1632 iterum
2646 1577 2817 1633 Joelis
2854 1577 3131 1646 przeconio
3167 1593 3180 1629 :
3240 1575 3471 1631 Conver-

1889 1671 2061 1723 timini
2093 1669 2163 1722 ad
2192 1686 2274 1723 me
2303 1671 2356 1722 in
2386 1678 2493 1723 toto
2517 1669 2670 1723 corde
2711 1678 2902 1732 vestro,
2935 1670 2990 1722 in
3013 1669 3223 1740 jejunio
3271 1676 3318 1720 et
3346 1670 3473 1738 [leta

1888 1769 1940 1814 et
1971 1758 2190 1829 planctu
2220 1776 2237 1814 :
2266 1761 2487 1813 scindite
2511 1759 2670 1813 corda
2700 1767 2896 1823 vestra,
2925 1768 2972 1812 et
3011 1775 3114 1814 non
3165 1759 3472 1814 vestimenta

1885 1860 2091 1914 vestra;
2118 1853 2242 1919 quia
2276 1851 2567 1903 misericors
2594 1858 2642 1902 et
2665 1850 2948 1903 miserator
2975 1848 3254 1912 Dominus,
3292 1857 3341 1900 et
3371 1863 3480 1916 pae-

1887 1943 2058 1994 nitens
2084 1957 2242 2013 super
2274 1940 2490 1994 malitiis
2519 1941 2582 1993 ³¹.
2612 1939 2692 1993 Ad
2716 1939 3064 1994 Ezechielem
3096 1945 3280 1991 autem
3313 1955 3326 1990 :
3371 1935 3475 1990 Fili

1887 2033 2132 2094 hominis,
2165 2032 2248 2084 dic
2278 2031 2458 2088 domui
2488 2029 2679 2084 lsrael:
2715 2028 2800 2084 Sic
2831 2029 2994 2082 locuti
3018 2030 3163 2091 estis,
3196 2028 3422 2081 dicentes
3450 2043 3466 2078 :

1890 2121 2112 2175 Errores
2139 2123 2307 2175 nostri
2337 2129 2384 2173 et
2411 2122 2716 2190 iniquitates
2740 2128 2932 2172 nostra:
2957 2134 3117 2188 super
3142 2133 3235 2171 nos
3254 2125 3397 2180 sunt,
3425 2125 3474 2168 et

1886 2211 1942 2264 in
1972 2209 2080 2265 illis
2103 2210 2545 2273 contabescimus;
2571 2217 2619 2262 et
2650 2207 2910 2279 quomodo
2933 2206 3202 2260 vivemus?
3223 2205 3320 2259 Dic
3349 2206 3423 2258 eis
3453 2219 3475 2259 :

1890 2301 2011 2354 Vivo
2031 2317 2144 2370 ego,
2175 2301 2300 2353 dicit
2340 2299 2617 2364 Dominus,
2671 2297 2808 2352 Nolo
2858 2306 3082 2350 mortem
3137 2297 3305 2366 impii,
3336 2297 3473 2349 sicut

1886 2401 1947 2445 ut
1979 2399 2318 2444 convertatur
2340 2407 2372 2443 a
2397 2391 2480 2443 via
2511 2406 2630 2452 sua,
2660 2398 2708 2441 et
2741 2389 2902 2442 vivat.
2942 2387 3229 2440 Aversione
3277 2386 3472 2438 averti-

1887 2482 2019 2534 mini
2043 2499 2076 2534 a
2104 2481 2190 2534 via
2216 2487 2391 2534 vestra
2408 2497 2425 2544 ;
2441 2489 2498 2532 ut
2517 2478 2644 2549 quid
2667 2478 2987 2542 moriemini,
3006 2477 3191 2530 domus
3211 2474 3385 2530 Israel
3395 2475 3474 2528 3‘?

1886 2571 2113 2626 Tertius
2144 2579 2327 2626 autem
2353 2573 2671 2641 Regnorum
2702 2569 2865 2635 liber,
2888 2569 3250 2623 excellentem
3275 2568 3372 2621 Dei
3397 2568 3474 2620 le-

1864 2664 2114 2718 nitatem
2146 2663 2469 2727 ostendens,
2499 2663 2580 2718 sic
2605 2663 2704 2717 ait.
2740 2660 2877 2716 Cum
2913 2652 3160 2715 audisset
3218 2657 3470 2721 Achaab,

1887 2756 1943 2810 in
1995 2756 2249 2811 Nabuthe
2302 2771 2529 2810 versans
2590 2755 2780 2818 vinea,
2856 2754 3014 2823 cujus
3067 2751 3472 2822 possessionem

1886 2847 2119 2911 adierat,
2147 2863 2214 2902 eo
2240 2863 2406 2917 opera
2428 2847 2696 2902 Jezabelis
2720 2847 2799 2901 illi
2823 2846 3040 2900 sublato
3063 2853 3226 2914 atque
3255 2851 3470 2909 necato.

1886 2939 2020 2994 Elite
2055 2939 2248 3003 verba,
2307 2938 2744 2994 dicentis:ch
2796 2939 2922 2992 dicit
2981 2936 3243 3014 Dominus
3290 2934 3472 2988 Deus:
3530 2998 3534 3002 ι

203 3027 327 3117 ἀπὸ
367 3026 476 3093 τῆς
527 3027 671 3082 ὀδοῦ
711 3027 878 3117 ὑμῶν
899 3043 912 3057 ’
948 3027 1047 3081 καὶ
1085 3029 1186 3082 ἵνα
1231 3029 1289 3081 τί
1337 3029 1780 3096 ἀποθνήσκετε,

1887 3031 2152 3098 Occidisti,
2182 3040 2232 3085 et
2256 3032 2530 3103 possedisti
2562 3038 2649 3084 :et
2682 3032 2736 3084 in
2771 3029 2902 3095 loco,
2957 3031 3011 3084 in
3045 3045 3148 3100 quo
3204 3027 3473 3082 tinxerunt

203 3112 372 3182 οἶκος
409 3117 690 3187 Ἰσραήλ.
757 3112 821 3172 Ἡ
866 3117 926 3171 δὲ
975 3119 1132 3190 τρίτη
1166 3119 1276 3173 τῶν
1322 3119 1641 3185 Βασιλειῶν,
1681 3118 1780 3188 τὴν

1884 3141 2040 3178 canes
2067 3126 2382 3195 sanguinem
2411 3122 2692 3187 Nabuthae,
2738 3123 2808 3176 ibi
2855 3121 3055 3192 lingunt
3085 3119 3250 3190 390
3306 3133 3471 3172 canes

202 3207 514 3278 ὑπερϐολὴν
555 3209 654 3279 τῆς
696 3210 791 3263 τοῦ
847 3210 984 3266 Θεοῦ
1035 3211 1402 3282 χρηστότητος
1450 3210 1778 3280 φανεροῦσα,

1884 3218 2195 3286 sanguinem
2217 3225 2366 3269 tuum
2392 3231 2408 3270 :
2433 3224 2480 3268 et
2509 3231 2664 3268 canes
2679 3211 2976 3267 Jezabelem
3003 3212 3272 3264 comedent
3297 3211 3351 3263 in
3377 3226 3476 3262 an-

201 3296 350 3351 οὖτω
381 3299 548 3368 λέγει,
592 3301 679 3354 Ἐν
718 3300 796 3371 τῷ
833 3302 1063 3357 ἀκοῦσαι
1116 3302 1319 3373 Ἀχαὰσ
1352 3302 1480 3357 ὄντα
1521 3303 1683 3357 αὐτὸν
1724 3305 1783 3356 ὲν

1886 3305 2133 3360 temurali
2153 3304 2386 3359 Jezrael.
2411 3303 2749 3365 Audiensque
2779 3300 2990 3356 Achaab
3020 3315 3288 3354 sermones
3321 3299 3470 3359 istos,

199 3389 284 3459 τῷ
313 3391 594 3461 ἀμπελῶνι.
635 3393 729 3445 τοῦ
762 3394 1066 3457 Ναϐουθαὶ,
1120 3395 1178 3448 ὃν
1226 3393 1662 3466 ἐκληρονόμησεν
1725 3399 1783 3450 ἐν

1884 3397 2035 3451 scidit
2060 3397 2366 3450 vestimenta
2397 3411 2517 3459 sua,
2535 3401 2586 3446 et
2598 3392 2886 3465 jejunavit,
2919 3399 2968 3445 et
2992 3390 3205 3444 dormiit
3222 3390 3278 3442 in
3297 3403 3470 3442 sacco.

202 3479 288 3548 τῷ
316 3481 635 3535 ἀποκτεῖναι
663 3484 826 3537 αὐτὸν
855 3484 943 3538 διὰ
990 3486 1088 3554 τῆς
1130 3486 1386 3551 Ἰεζάϐελ,
1426 3488 1552 3550 τοὺς
1591 3487 1783 3556 λόγους

1892 3490 1961 3545 Et
1991 3491 2192 3559 factum
2232 3497 2308 3542 est
2335 3487 2550 3542 verbum
2611 3485 2828 3539 Domini
2869 3485 2940 3537 ad
2996 3483 3199 3547 Etiam,
3258 3481 3472 3535 dicens:

220 3570 424 3636 Ἠλιοῦ,
453 3572 702 3640 λέγοντος
728 3591 743 3606 ο
776 3574 920 3629 Τάδε
949 3575 1110 3644 λέγει
1139 3578 1368 3645 Κύριος·
1389 3577 1782 3646 Ἑφόνευσας,

200 3662 304 3716 καὶ
323 3663 841 3733 ὲκληρονόμησας’
865 3665 966 3720 καὶ
983 3667 1054 3719 ἐν
1078 3664 1158 3730 τῷ
1180 3668 1358 3732 τόπῳ,
1379 3667 1450 3722 ἐν
1475 3662 1523 3736 ᾧ
1542 3669 1786 3734 ἐλειξαν

204 3755 263 3807 ol
297 3754 476 3821 κύνες
516 3754 584 3809 τὸ
629 3751 773 3825 αἷμα
825 3757 1142 3820 Ναϐουθαι,
1192 3756 1322 3811 ἐκεῖ
1374 3759 1690 3821 λείεουσιν
1731 3763 1786 3814 ol

200 3843 391 3910 κύνες
419 3845 484 3897 τὸ
507 3840 654 3913 αἷμά
683 3862 801 3900 σου
821 3863 835 3876 ·
858 3847 957 3900 καὶ
985 3847 1100 3913 τὴν
1131 3846 1381 3905 Ἰεζάϐελ
1403 3849 1585 3914 κύνες
1613 3865 1789 3902 κατα-

200 3933 498 4003 ςσάῃονται
533 3935 603 3988 ἐν
631 3932 710 4004 τῷ
749 3937 1201 4006 προτειχίσματι
1233 3937 1340 3990 τοῦ
1395 3937 1789 4004 ’1σραήλ.Καὶ

199 4023 280 4078 ἐν
322 4024 404 4090 τῷ
458 4026 720 4081 ἀκοῦσαι
781 4027 1004 4096 Ἀχαὰϐ
1041 4019 1185 4094 τοὺς
1243 4029 1466 4097 λόγους
1514 4029 1785 4094 τούτους,

1888 3581 2073 3635 Vidisti
2095 3581 2235 3651 quod
2264 3579 2512 3650 confusus
2542 3587 2617 3632 est
2651 3575 2865 3631 Achaab
2908 3592 2941 3629 a
2982 3575 3116 3644 faeie
3165 3573 3326 3627 mea?
3353 3571 3474 3626 Non

1886 3670 2140 3724 inducam
2171 3669 2374 3722 malum
2407 3670 2463 3721 in
2495 3667 2675 3720 diebus
2704 3667 2817 3736 ejus
2847 3664 2915 3718 ".
2945 3663 3117 3718 David
3149 3671 3336 3718 autem
3369 3663 3468 3724 ait,

1887 3759 2232 3830 Iniquitatem
2265 3776 2438 3812 meam
2461 3759 2728 3828 cognitam
2760 3757 2878 3825 feci,
2905 3763 2953 3808 et
2983 3766 3254 3826 peccatum
3300 3771 3472 3808 meum

1890 3867 1995 3902 non
2029 3849 2298 3902 abscondi.
2320 3848 2477 3901 Dixi:
2512 3845 2810 3913 Conﬁtebor
2849 3845 3128 3899 adversum
3160 3863 3240 3898 me
3271 3847 3469 3914 iniqui-

1891 3950 2054 3994 tatem
2087 3939 2330 4004 Domino,
2358 3947 2407 3991 et
2435 3946 2492 3991 tu
2523 3937 2775 3990 remisisti
2797 3937 3121 4003 impietatem
3155 3936 3326 3988 cordis
3349 3939 3468 3990 mei.

1889 4032 1996 4086 Pro
2015 4033 2112 4085 hac
2127 4031 2296 4083 orabit
2333 4029 2401 4082 ad
2428 4035 2477 4082 te
2505 4028 2676 4081 omnis
2697 4035 2910 4081 sanctus
2935 4027 2989 4079 in
3021 4035 3253 4094 tempore
3275 4041 3471 4095 oppor-

199 4112 480 4183 διέρρηξε
499 4117 573 4172 τὰ
599 4116 798 4185 ίμάτια
821 4117 1027 4182 αὐτοῦ,
1078 4119 1179 4174 καὶ
1205 4119 1374 4173 ἔθετο
1405 4118 1640 4173 σάκκον
1689 4119 1783 4173 ἐπὶ

1891 4129 2054 4184 tuno;
2087 4127 2138 4173 et
2161 4121 2223 4173 in
2247 4119 2446 4172 diluvio
2481 4134 2747 4188 aquarum
2772 4115 3062 4170 multarum
3097 4117 3166 4169 ad
3216 4133 3334 4169 eum
3366 4133 3471 4169 non

203 4203 325 4271 τὴν
351 4205 548 4274 σάρκα
573 4208 779 4272 αὑτοῦ,
810 4208 908 4262 καὶ
939 4209 1304 4275 ἐνήστευσε,
1353 4209 1454 4263 καὶ
1501 4209 1783 4280 ἐκοιμήθη

1893 4211 2344 4284 approximabunt
2379 4213 2446 4265 ³⁸.
2488 4212 2662 4266 Porro
2694 4209 2962 4264 Dominus
3024 4209 3076 4262 in
3127 4208 3467 4277 Evangelia:

201 4294 280 4348 ἐν
325 4295 405 4361 τῷ
437 4297 666 4363 σάκκῳ.
709 4299 821 4354 Kal
864 4299 1102 4368 ἐγένετο
1145 4302 1326 4370 λόγος
1360 4301 1583 4368 Κυρίου
1637 4300 1783 4368 πρὸς

1893 4303 2265 4358 Paenitentiam
2295 4304 2454 4374 agite,
2487 4302 2688 4370 inquit,
2714 4300 3158 4371 apprOpinqnavit
3202 4300 3341 4352 enim
3382 4316 3467 4352 re-

219 4388 449 4452 Ἦλιοῦ,
479 4390 673 4459 λέγων
697 4408 711 4422 ’
755 4391 869 4446 Ἰὃὲ
893 4391 981 4445 ὅτι
999 4391 1017 4464 [
1038 4392 1112 4450 al.
1139 4392 1254 4456 πῶς
1313 4393 1605 4460 ἐνετράπη
1639 4393 1779 4465 [δίε.

1887 4412 2048 4467 gnum
2081 4371 2414 4448 caelorum".
2447 4393 2609 4459 Quin,
2630 4393 2793 4446 Petro
2819 4393 3213 4460 interrogante,
3257 4389 3468 4454 Quoties

219 4478 506 4548 Ἑώρακας
540 4480 616 4544 ὡς
643 4480 938 4550 κατενύγη.
993 4476 1229 4544 Ρτ.εῒδες
1250 4480 1369 4552 ὅτι]
1414 4483 1638 4549 Ἀχαὰϐ
1661 4483 1780 4536 ἀπὸ

1887 4487 1942 4539 in
1966 4486 2067 4550 die,
2092 4486 2138 4539 si
2165 4485 2449 4555 peccaverit
2471 4486 2525 4537 in
2555 4500 2635 4536 me
2673 4483 2840 4553 frater
2869 4475 3034 4541 meus.
3071 4482 3334 4534 dimittam
3367 4482 3414 4533 ei
3441 4481 3464 4532 ?

207 4569 535 4636 προσώπου
549 4589 689 4639 μου.
721 4573 840 4626 Οὐκ
861 4570 1061 4635 ἐπάξω
1075 4572 1290 4626 κακίαν
1309 4572 1378 4625 ἐν
1392 4571 1521 4635 ταῖς
1541 4573 1783 4642 ἡμέραις

1888 4593 2050 4647 usque
2075 4578 2263 4648 septies
2279 4577 2360 4630 ‘7?
2399 4575 2700 4645 respondet
2732 4575 2804 4638 ei,
2836 4575 2930 4643 qui
2955 4581 3151 4628 natura
3180 4573 3380 4633 bonus,
3413 4581 3470 4625 et

205 4659 416 4714 αὑτοῦ.
458 4660 518 4714 ὐ
545 4661 603 4714 δὲ
635 4662 799 4716 Δαόὶδ
838 4662 970 4732 φησι
992 4677 1010 4694 ⁸
1047 4664 1165 4730 Τὴν
1190 4663 1450 4732 ἀνομίαν
1461 4680 1581 4730 μου
1610 4664 1783 4732 ἐγνώ-

1889 4671 2046 4740 cujus
2078 4667 2477 4723 inaestimabilis
2495 4666 2695 4720 lenitas
2721 4681 2785 4720 ac
2809 4663 3122 4736 benignitas
3156 4671 3242 4717 est
3280 4679 3292 4714 :
3348 4661 3467 4714 Non

197 4763 370 4817 ρισα,
404 4750 500 4804 καὶ
521 4750 637 4818 τὴν
663 4753 957 4822 ἁμαρτίαν
976 4772 1097 4824 μου
1121 4757 1232 4809 οὐκ
1271 4754 1568 4825 ἐκάλυψα.
1607 4754 1783 4822 Εῒπα,

1891 4760 2004 4812 dico
2037 4758 2127 4811 tibi
2170 4758 2384 4827 septies,
2437 4755 2529 4809 sed
2581 4770 2746 4824 usque
2789 4755 3138 4824 septuagesies
3198 4753 3465 4822 septies".

223 4840 636 4909 Ἔξατόρευσα
709 4844 834 4897 κατ’
879 4843 1026 4912 ἐμοῦ
1084 4843 1201 4912 τὴν
1233 4845 1491 4914 ἀνομίαν
1529 4865 1648 4917 μου
1704 4848 1783 4915 τῷ

1889 4849 2029 4916 Quid
2067 4848 2198 4902 huic
2225 4863 2322 4916 par
2346 4845 2613 4900 bonitati?
2638 4843 2780 4911 Quid
2807 4853 3012 4898 tantam
3043 4843 3184 4897 hanc
3212 4841 3468 4896 humani-

209 4932 425 4998 Κυρίῳ,
466 4931 668 4985 καὶσὺ
691 4932 933 5003 ἀφῆκας
954 4935 1070 5002 τὴν
1096 4934 1381 4990 ἀσέϐειαν
1402 4935 1513 5006 τῆς
1538 4939 1783 5006 καρδίας

1892 4947 2057 4993 tatem
2085 4953 2324 5008 atquare,
2355 4947 2452 4990 aut
2495 4953 2620 4990 cum
2648 4952 2711 4990 ea
2747 4935 2985 4990 conferri
3010 4932 3204 5003 possit.

204 5038 344 5091 μου.
395 5023 574 5092 ’Υπὲρ
632 5024 848 5091 ταύτης
898 5025 1293 5092 προσεύξεται
1342 5029 1492 5095 πρὸς
1528 5028 1604 5081 σὲ
1667 5028 1788 5094 πᾶς
1825 5027 1993 5094 ὅσιος
2017 5025 2290 5096 ὲνκαιρῷ
2315 5026 2572 5093 εὐθέτῳ·
2626 5025 2722 5079 καὶ
2748 5025 2820 5078 ἐν
2879 5021 3282 5094 κατακλυσμῷ
3321 5019 3464 5074 ὑδά-

206 5127 327 5162 των
346 5111 594 5165 πολλῶν
614 5113 763 5179 πρός
777 5115 964 5167 αὐτὸν
998 5116 1109 5169 οὐκ
1125 5116 1452 5185 έτγιοῦσιν.
1483 5117 1571 5171 Ἐν
1606 5118 1664 5171 δὲ
1689 5117 1770 5189 τῷ
1805 5119 2123 5189 Εὑαγγελίφ
2174 5119 2203 5171 ὁ
2248 5116 2453 5188 Κύριος
2475 5157 2491 5184 ,
2556 5113 2927 5179 Μετανοεῖτε,
2996 5113 3180 5184 φησίν.
3242 5112 3456 5181 ἥττισε

208 5198 321 5270 γὰρ
360 5202 398 5270 ἠ
440 5203 732 5266 ,βασιλεία
773 5204 893 5258 τῶν
939 5206 1230 5275 οιζιοανῶν.
1279 5208 1387 5262 Τοῦ
1441 5210 1497 5263 δὲ
1535 5211 1741 5280 Πέτρου
1813 5209 2144 5282 πυθομένου,
2201 5209 2464 5276 Ποσάκις
2526 5207 2639 5280 τῆς
2693 5207 2937 5280 ἡμέρας,
2971 5207 3081 5261 ἐὰν
3116 5209 3346 5277 ἁμάρτῃ
3378 5206 3467 5269 εὶς

207 5290 314 5358 ἐμὲ
339 5293 652 5363 όάδελεςός
671 5313 809 5364 μου,
837 5296 1055 5366 ἀφήσω
1091 5299 1252 5365 αὐτῷ
1277 5316 1295 5334 ο
1333 5301 1444 5368 ἕως
1491 5303 1779 5370 ἐπτάκιςς
1816 5305 2173 5376 ἀποκρίνεται
2220 5303 2367 5375 αὐτῷ
2413 5305 2442 5357 ὁ
2508 5303 2667 5373 φύσει
2727 5301 2934 5370 ἀγαθὸς
2986 5301 3082 5356 καὶ
3143 5301 3468 5362 ἀνείκαστος

210 5380 270 5432 ἔν
319 5386 678 5455 χρηπτότητι·
722 5387 805 5438 Οὐ
851 5386 1006 5457 λέγω
1045 5404 1143 5443 σοι
1175 5390 1440 5458 ἑπτάκις,
1485 5393 1621 5447 ἀλλ’
1669 5393 1780 5459 ἕως
1815 5394 2312 5462 ἑϐδομηκοντάκις
2363 5392 2536 5448 ἑπτά.
2589 5394 2656 5446 Τί
2683 5391 2888 5460 ταύτης
2954 5391 3054 5462 τῆς
3127 5391 3465 5462 ἀγαθότητος

215 5475 532 5545 ἰσόρῤοπον;
567 5477 621 5530 τι
689 5478 892 5547 ταύτης
973 5481 1072 5550 τῆς
1146 5482 1560 5553 φιλανθρωπίας
1627 5485 1958 5556 ὲφάμιλλονς

285 5586 596 5665 falsa-‘93..
623 5593 731 5665 l2.
809 5593 851 5624 ³¹
886 5594 988 5665 Ipsa.
1021 5612 1058 5660 ι,
1091 5597 1176 5658 16,
1207 5598 1292 5653 l9.
1370 5599 1414 5632 ³²
1439 5600 1556 5654 Joel
1610 5617 1668 5662 ιι,
1704 5602 1783 5665 1‘2,

1884 5605 1915 5655 ἱ.
2051 5602 2096 5634 ³³
2127 5601 2324 5656 Ezech.
2363 5617 2548 5664 χχχιιι,
2580 5601 2766 5658 10-14.

2867 5601 2909 5633 ³⁵
2941 5600 3008 5654 Ill
3044 5600 3177 5668 Reg.
3226 5612 3334 5661 xxi,
3372 5597 3481 5662 19,

217 5653 401 5711 27-29.
479 5660 522 5690 ³³
555 5653 696 5717 Psal.
731 5679 877 5728 xm,
902 5664 953 5730 5,
987 5653 1056 5718 6.,
1115 5653 1372 5722 “Matth.
1409 5653 1680 5734 nni-17.7757
1716 5653 1783 5726 liii

1935 5685 2084 5735 mn,
2112 5653 2226 5724 at?
2246 5653 2324 5704 ’ῖέ
2357 5653 2612 5726 ibim—92‘.
