3876 6314
427 242 526 310 951

1564 245 1623 307 S.
1663 248 1946 308 ΜΑΧΙΜΙ
1986 247 2494 312 CONFESSORIS

3598 259 3699 324 952

495 356 586 411 41.
620 354 723 422 Qui
761 353 927 426 igitur
954 352 1171 409 Domini
1196 352 1473 419 timorem,
1499 355 1727 425 ejusque
1747 354 2000 425 benigni-

2179 357 2291 426 p.a'.
2338 357 2666 426 Ἐγνωκότες
2689 354 2781 412 οὖν
2804 360 2894 415 τὸν
2920 362 3011 416 τοῦ
3047 362 3252 435 Κυρίου
3282 366 3484 436 φόϐον,
3522 367 3696 436 τήντι

428 456 595 503 tatem
629 455 685 501 et
742 444 1088 501 clementiam
1135 459 1200 499 ac
1237 443 1710 511 misericordiam,
1775 460 1899 499 cum
1936 460 2004 499 ex

426 536 646 600 Veteri,
685 542 803 589 tum
836 548 904 588 ex
934 532 1088 587 Novo
1120 532 1495 587 lnstrumento
1524 532 1860 602 exploratam
1907 532 2004 586 ha-

426 626 674 690 beamus,
708 632 1095 679 convertamur
1128 638 1195 677 ex
1221 630 1334 676 toto
1372 621 1537 677 corde
1563 630 1794 689 nostro;
1820 632 1876 677 et
1907 637 2006 677 cur

424 731 739 789 pereamus,
764 714 1002 771 fratres?
1017 714 1394 770 Emundemus
1417 730 1634 781 manus,
1650 723 1970 785 peccatores
1989 730 2002 766 :

425 814 595 869 corda
612 823 800 867 nostra
817 810 1210 876 castificemus,
1242 811 1337 881 qui
1370 812 1575 882 duplici
1604 811 1771 866 corde
1793 825 2003 865 sumus.

424 906 788 976 Deploremus
845 914 903 958 et
958 902 1280 972 plangamus
1319 917 1385 956 ac
1434 902 1720 970 lugeamus
1783 907 2009 970 propter

426 1004 655 1069 peccata
691 1004 905 1050 nostra.
947 994 1137 1048 Pravis
1169 993 1369 1049 studiis
1391 993 1593 1047 nostris
1639 991 1804 1046 ﬁnem
1835 992 2009 1061 impo-

424 1103 625 1143 namus
658 1105 675 1140 ι
709 1084 1162 1140 miserationibus
1187 1084 1405 1140 Domini
1453 1083 1616 1137 ﬁdem
1668 1082 2006 1148 habeamus;

427 1182 607 1238 minas
633 1181 753 1252 ejus
785 1178 1118 1242 timeamus;
1178 1175 1353 1246 ipsius
1390 1173 1648 1229 mandata
1677 1187 1961 1227 servemus
1992 1189 2006 1226 :

430 1276 724 1345 diligamus
750 1272 987 1326 invicem
1016 1286 1083 1325 ex
1118 1279 1234 1325 toto
1262 1270 1449 1324 corde.
1483 1268 1761 1332 Dicamus,
1812 1266 2011 1321 fratres

428 1368 627 1431 nostri,
661 1374 717 1419 et
748 1365 835 1421 his
862 1364 958 1433 qui
992 1364 1230 1418 oderunt
1266 1377 1387 1426 nos,
1415 1376 1478 1416 ac
1505 1376 1606 1414 nos
1630 1368 2007 1426 exsecrantur,

431 1464 494 1510 ut
531 1470 736 1510 nomen
800 1452 1019 1508 Domini
1052 1451 1418 1523 gloriﬁcetur,
1451 1458 1505 1504 et
1556 1450 1611 1503 in
1664 1449 2010 1521 iucunditate

430 1564 531 1605 sua
560 1549 834 1623 videatur.
869 1545 976 1601 Alii
999 1546 1124 1600 aliis
1166 1545 1566 1609 condonemns,
1602 1542 1697 1613 qui
1730 1541 1821 1596 alii
1875 1541 2012 1596 alios

432 1650 713 1697 tentantes
739 1638 1039 1710 patiamur,
1073 1636 1216 1691 sicut
1248 1651 1440 1692 omnes
1465 1651 1495 1689 a
1528 1634 1805 1690 communi
1854 1634 2010 1688 hoste

2105 449 2448 521 χρηστότητα
2473 450 2635 503 αὑτοῦ
2677 452 2770 505 καὶ
2814 454 2914 526 τὴν
2943 456 3352 526 φιλανθρωπίαν
3395 457 3463 511 ἐκ
3513 474 3581 511 τε
3607 460 3694 529 τῆς

2106 541 2346 603 Παλαϊας
2381 542 2594 613 καὶτῆς
2625 544 2832 614 Καινῆς
2856 545 3143 617 διαθήκης,
3180 548 3621 619 ἐπιστρέψωμεν
3642 552 3693 617 ἐξ

2104 632 2235 705 ὅλης
2266 633 2364 702 τῆς
2398 632 2621 702 καρδίας
2663 633 2820 705 ήμῶν
2846 651 2860 665 ·
2918 637 3014 690 καὶ
3067 638 3154 690 ἵνα
3204 638 3259 691 τί
3304 636 3690 706 ἀτωλλύμεθα,

2108 724 2346 793 ἀδελφοί;
2378 725 2785 797 Καθαρΐσωμεν
2811 729 3020 797 χεῖρας,
3051 729 3103 782 οί
3122 729 3450 802 ἁμαρτωλοί
3476 747 3490 760 ·
3543 731 3691 796 arvi-

2110 833 2290 887 σωμεν
2321 816 2422 880 τὰς
2451 817 2678 888 καρδίας
2705 818 2885 889 ἡμῶν,
2928 820 2980 873 οί
3014 820 3264 891 δίψυχοι·
3326 822 3690 893 ταλαιπωρή-

2109 925 2292 980 σωμεν
2341 912 2434 963 καὶ
2487 912 2864 981 πενθήσωμεν,
2925 914 3020 966 καὶ
3071 912 3403 984 κλαύσωμεν
3458 913 3553 966 δή
3601 912 3691 977 τὰς

2107 998 2379 1071 ἁμαρτίας
2409 1000 2586 1071 ἡμῶν.
2636 1002 2981 1074 Παυσώμεθα
3013 1004 3124 1057 τῶν
3166 1005 3453 1076 πονηριῶν
3496 1005 3686 1076 ἡμῶν·
3790 998 3793 1043 κ

2111 1091 2489 1164 πιστεύσωμεν
2517 1094 3058 1165 ταῖςιεὺπλαγχνίαις
3096 1096 3192 1150 τοῦ
3233 1097 3454 1167 Κυρίου
3484 1114 3499 1126 ·
3531 1098 3689 1166 φοεηι
3794 1110 3795 1137 ι

2111 1183 2292 1254 οῶμεν
2331 1185 2430 1248 τὰς
2469 1184 2697 1248 ἀπειλὰς
2731 1186 2917 1252 αὐτοῦ,
2952 1186 3277 1263 φυλάξωμεν
3314 1189 3421 1250 τὰς
3477 1189 3690 1251 ἐντολὰς
3796 1196 3797 1253 ξ

2111 1275 2310 1330 αὐτοῦ’
2384 1277 2758 1346 ἀγαπήσωμεν
2811 1277 3075 1345 ἀλλήλους
3139 1279 3198 1344 ἐξ
3250 1279 3382 1346 ὅλης
3442 1280 3688 1349 καρδίας.

2111 1368 2389 1437 Είπωμεν,
2438 1367 2661 1436 ἀδελφοὶ
2730 1367 2910 1438 ἡμῶν,
2963 1369 3059 1421 καὶ
3098 1371 3210 1431 τοῖς
3257 1368 3521 1438 μισοῦσιν
3553 1371 3692 1439 ἡμᾶς

2112 1459 2207 1511 καὶ
2237 1457 2704 1528 βδελυσσομένοις,
2737 1458 2823 1510 ἴνα
2860 1459 2919 1511 τὸ
2948 1458 3120 1528 ὄνομα
3176 1459 3387 1528 Κυρίου
3441 1457 3690 1529 δοξασθῇ,

2112 1551 2207 1602 καὶ
2235 1548 2373 1619 ὀφθῇ
2407 1551 2465 1602 ὲν
2495 1551 2561 1619 τῇ
2585 1549 2892 1620 εὐφροσύνῃ
2915 1550 3099 1603 αὐτοῦ.
3128 1551 3321 1620 Δῶμεν
3360 1548 3694 1618 συγγνώμην

2113 1642 2384 1712 ἀλλήλοις,
2413 1641 2481 1694 δι’
2511 1641 2756 1709 ἀλλήλων
2798 1642 3205 1712 πειραζόμενοι,
3241 1642 3318 1703 ὡς
3360 1642 3576 1704 πάντες
3603 1624 3698 1692 ὑπὸ
3806 1622 3807 1651 ’

433 1734 842 1803 impugnamur.
878 1727 1209 1784 Obnitamur
1233 1725 1663 1797 cogitationibus
1685 1723 1890 1778 nostris
1935 1730 2009 1777 at-

2118 1733 2297 1787 κοινοῦ
2346 1730 2541 1803 ἐχθροῦ
2588 1731 3005 1802 πολεμούμενοι.
3049 1732 3427 1801 Ἀντιστῶμεν
3466 1735 3583 1794 τοῖς
3615 1731 3699 1783 λο-

434 1841 543 1895 que
570 1822 742 1887 vitiis,
767 1821 942 1876 Deum
983 1818 1290 1889 adiutorem
1348 1818 1689 1881 invocantes,
1734 1813 2010 1884 nequissi-

433 1930 665 1984 mosque
697 1928 761 1967 ac
812 1911 1127 1966 immundos
1160 1909 1391 1979 spiritus
1436 1925 1467 1963 a
1529 1906 1691 1963 nobis
1737 1907 2006 1978 fugemus.

436 2004 673 2058 Carnem
697 1999 916 2070 Spiritui
951 1995 1311 2067 subjiciamus
1338 1996 1406 2061 ⁸⁹,
1456 1995 1775 2065 subigentes
1803 2008 1925 2049 eam
1955 2001 2012 2047 et

435 2094 815 2166 suggillantes,
847 2105 912 2144 ac
946 2088 1214 2144 severiori
1244 2087 1394 2141 omni
1435 2085 1723 2155 disciplina
1753 2084 2014 2140 addicen-

437 2194 559 2241 tes:
593 2180 955 2237 Emundemus
979 2195 1071 2233 nos
1096 2178 1159 2232 ab
1187 2179 1331 2232 omni
1372 2177 1774 2246 inquinamento
1831 2173 2011 2228 carnis

438 2286 487 2332 et
518 2277 736 2348 spiritus
761 2273 829 2326 ιο.
877 2271 984 2326 Alii
1040 2270 1177 2323 alios
1214 2268 1537 2330 excitemus,
1588 2264 1657 2319 ad
1705 2262 2014 2318 dilectionis

437 2372 817 2436 bonorumque
845 2378 1076 2434 operum
1123 2358 1528 2432 prorritandam
1586 2352 2011 2412 aemulationem.

437 2463 519 2518 Ne
543 2460 634 2516 alii
669 2459 792 2514 aliis
817 2456 1181 2514 invideamus,
1208 2468 1312 2506 nec
1338 2450 1540 2520 quibus
1588 2448 1869 2504 invideant
1897 2448 2011 2512 alii,

439 2551 700 2610 amariori
726 2550 908 2606 animo
929 2547 1103 2603 simus
1130 2562 1145 2599 :
1181 2543 1339 2614 391
1379 2542 1515 2612 quin
1543 2540 1726 2610 potius
1772 2539 1864 2593 alii
1893 2538 2015 2592 aliis

438 2643 753 2701 miserantis
785 2637 1410 2707 afl‘ectuimpendamur,
1473 2645 1778 2701 sensusque
1826 2628 2016 2685 mode-

439 2737 548 2794 8tia
576 2735 814 2791 invicem
857 2729 1195 2784 medeamur.
1225 2726 1304 2779 Ne
1326 2723 1418 2779 alii
1470 2723 1593 2777 aliis
1637 2720 2011 2785 detrahamus,

438 2844 579 2885 neve
604 2823 871 2882 conviciis
897 2822 1133 2877 invicem
1165 2816 1603 2889 proscindamus,
1639 2813 1767 2882 quia
1824 2827 2016 2867 sumus

440 2921 535 2976 alii
559 2919 792 2975 aliorum
824 2912 1075 2969 membra
1102 2911 1172 2964 δι.
1200 2907 1556 2964 Excutiamus
1578 2922 1609 2960 a
1643 2904 1805 2960 nobis
1837 2902 2015 2972 negli-

439 3011 681 3083 gentiam
715 3024 780 3063 ac
804 3004 1115 3076 segnitiem,
1137 3002 1515 3070 adversusque
1546 2997 1774 3068 spiritus
1814 2993 2015 3064 nequi-

2116 1828 2337 1897 γισμοῖς
2376 1824 2554 1896 ημῶν,
2604 1825 2696 1877 τὸν
2747 1824 2880 1878 Θεὸν
2924 1826 3004 1886 είς
3047 1826 3372 1894 συμμαχίαν
3406 1823 3702 1877 ἐπικαλού-

2120 1932 2302 1986 μενοι·
2339 1915 2435 1968 καὶ
2492 1904 2884 1985 φυγαδεύωμεν
2931 1913 2991 1979 ἐξ
3026 1914 3185 1983 ἡμῶν
3231 1915 3302 1967 τὰ
3346 1915 3575 1986 πονηρὰ
3615 1916 3704 1968 καὶ

2116 2006 2407 2075 ἀκάθαρτα
2457 2005 2766 2076 πνεύματα.
2805 2006 3192 2075 Ύποτάξωμεν
3247 2005 3350 2076 τὴν
3401 2007 3596 2076 σάρκα
3631 2006 3703 2076 τῷ

2118 2098 2415 2168 πνεύματι,
2474 2096 2886 2161 ὑπωπιάξοντες
2947 2096 3042 2149 καὶ
3101 2094 3594 2164 ὣυλατωγοῦντες
3644 2096 3702 2148 δι’

2120 2189 2338 2259 ἁπάσης
2368 2185 2766 2250 κακοπαθείας·
2819 2186 3251 2255 Καθαρισωμεν
3280 2185 3555 2252 ἑαυτοὺς
3593 2185 3703 2239 ἀπὸ

2119 2282 2344 2346 παντὸς
2377 2277 2701 2349 μολυσμοῦ
2740 2276 2969 2347 σαρκὸς
3016 2277 3116 2332 καί
3177 2279 3569 2346 πνεύματος.
3623 2280 3705 2329 Δι-

2120 2372 2421 2441 εγείρωρεν
2458 2369 2721 2441 ἀλλήλους
2778 2372 2858 2432 είς
2918 2366 3268 2438 παροξυσμὸν
3324 2368 3568 2438 ἀγάπης
3621 2368 3707 2420 καὶ

2120 2462 2301 2517 κα)ῶν
2358 2462 2553 2530 ἔργων.
2634 2458 2726 2529 Μὴ
2786 2458 3144 2528 φθονήσωμεν
3210 2457 3503 2526 ἀλλήλοις,
3577 2458 3705 2528 μηδὲ

2121 2552 2474 2623 φθονούμενοι
2499 2550 2859 2623 ἀγρωθῶμεν
2879 2565 2894 2580 ·
2940 2547 3394 2620 συμπαθήσωμεν
3416 2549 3478 2602 δὲ
3508 2550 3707 2619 palo:

2120 2645 2395 2716 ἀλλήλοις,
2424 2645 2520 2697 καὶ
2550 2643 2639 2697 διὰ
2682 2639 3182 2711 ταπεινοφροσύνης
3219 2639 3498 2711 ἀλλήλους
3546 2639 3711 2694 ίασώ-

2124 2737 2287 2810 μεθα.
2322 2737 2415 2808 Μὴ
2445 2734 2841 2805 καταλαλῶμεν
2876 2732 3143 2804 ἀλλήλων,
3206 2732 3343 2803 μηδὲ
3394 2732 3709 2803 σκώψωμεν

2120 2826 2381 2899 ἀλλήλους
2412 2843 2426 2858 ο
2466 2828 2550 2880 ὅτι
2577 2824 2743 2896 ἐσμὲν
2778 2823 3022 2895 ἀλλήλων
3065 2823 3221 2893 μέλη.
3272 2823 3709 2893 ’Δποὸἀλλῳμεν

2121 2920 2215 2987 ἀφ’
2245 2917 2403 2989 ἡμῶν
2434 2916 2533 2989 τὴν
2561 2916 2821 2986 ἀμέλειαν
2851 2916 2945 2970 καὶ
2964 2914 3062 2987 τὴν
3089 2914 3364 2987 ρᾳθυμίαν
3387 2931 3406 2947 ο
3443 2918 3544 2969 καὶ
3574 2915 3711 2969 στῶ-

2126 3026 2224 3080 μεν
2262 3010 2530 3080 ἀνδρείως
2570 3010 2708 3064 κατὰ
2767 3010 2878 3061 τῶν
2934 3010 3259 3080 πνευμάτων
3296 3012 3402 3081 τῆς
3443 3012 3711 3083 πονηρίας

442 3077 533 3161 tize
555 3103 775 3160 fortiter
806 3107 1036 3154 stemus.
1068 3095 1257 3151 Jesum
1286 3093 1567 3149 Christum
1609 3092 1820 3162 justum
1848 3086 2009 3141 advo-

2124 3077 2555 3173 ἀγωνιζόμενον
2640 3104 2734 3157 καὶ
2801 3101 2999 3173 ἔχομεν
3073 3077 3434 3174 τιαρὼιλητον
3504 3077 3711 3172 Ἰησοῦν

442 3204 623 3250 catum
650 3189 796 3260 apud
819 3189 1036 3243 Patrem
1060 3185 1358 3249 habemus;
1394 3192 1451 3238 et
1471 3183 1586 3252 ipse
1600 3189 1682 3235 est
1705 3178 2009 3250 propitiatic

2124 3193 2357 3263 Χριστὸν
2377 3193 2586 3247 δίκαιον
2620 3194 2753 3265 πρὸς
2772 3194 2864 3247 τὸν
2880 3194 3100 3264 Πατέρα
3116 3209 3130 3223 ο
3168 3194 3262 3246 καὶ
3281 3194 3453 3257 αὐτὸς
3486 3194 3714 3265 ἱλασμός

443 3300 546 3353 pro
568 3278 807 3352 peccatis
832 3276 1035 3333 nostris
1050 3275 1126 3341 “;
1155 3288 1316 3343 quem
1344 3288 1483 3342 puro
1507 3269 1674 3327 corde
1686 3284 1753 3325 ex
1776 3276 1892 3323 toto
1909 3265 2009 3321 ani-

2126 3289 2242 3341 ἐστι
2267 3289 2396 3357 περὶ
2417 3286 2526 3340 τῶν
2557 3286 2842 3358 ἁμαρτιῶν
2879 3286 3071 3357 ἡμῶν
3105 3286 3198 3339 καὶ
3229 3285 3525 3355 δεηοῶμεν
3548 3285 3715 3340 αὑτοῦ

446 3392 535 3430 ιίιο
553 3369 1017 3435 orantes,veniam
1042 3373 1394 3436 peccatorum
1419 3379 1487 3418 CX
1511 3377 1578 3418 ΘΟ
1599 3375 2009 3430 consequemur.

2125 3380 2183 3432 ἐν
2212 3378 2431 3450 καθαρᾷ
2458 3378 2672 3449 καρδία,
2705 3376 2763 3442 ἐξ
2786 3377 2917 3450 ὅλης
2940 3377 3117 3448 ψυχῆς
3149 3377 3328 3449 ἡμῶν,
3353 3378 3455 3431 καὶ
3486 3378 3716 3448 ἀφίησιν

444 3475 660 3531 Etenim
687 3486 847 3542 prope
867 3477 942 3523 est
974 3467 1229 3522 Dominus
1256 3464 1493 3519 omnibus
1512 3461 1872 3517 invocantibus
1904 3476 2009 3513 eum

2125 3471 2258 3540 ἡμῖν
2288 3468 2389 3532 τὰς
2424 3468 2703 3539 ἁμαρτίας
2723 3468 2914 3538 ἡμῶν·
2947 3468 3069 3523 Ὀτι
3101 3467 3282 3537 ἐγγὺς
3306 3469 3538 3536 Κύριος
3566 3469 3716 3523 πᾶσι

443 3571 503 3625 in
530 3568 753 3622 veritate
784 3562 852 3617 ⁸³.
886 3559 1099 3617 Idcirco
1118 3558 1196 3611 ait
1232 3575 1246 3609 :
1300 3555 1527 3610 Immola
1556 3554 1667 3607 Deo
1703 3550 2009 3619 sacriﬁcium

2124 3560 2960 3630 τοῖςρπικαλουμένοιςαύτὸν
2993 3561 3357 3628 ἐνάληθείᾳ.
3395 3562 3499 3613 Διὸ
3534 3562 3713 3631 λέγει·

448 3656 642 3718 laudis,
684 3661 731 3707 et
758 3650 917 3704 redde
941 3646 1216 3702 Altissimo
1248 3652 1369 3699 uota
1390 3652 1482 3698 tua
1516 3659 1533 3696 :
1565 3651 1613 3696 et
1652 3642 1837 3695 invoca
1864 3654 1943 3694 me
1968 3640 2009 3693 is

2128 3652 2330 3708 Θῦσον
2352 3651 2431 3718 τῷ
2470 3651 2592 3717 Θεῷ
2615 3652 2838 3706 θυσίαν
2868 3652 3171 3719 αἰνέσεως,
3216 3655 3317 3707 καὶ
3354 3653 3598 3719 ἀπόδος
3639 3653 3716 3719 τῷ

447 3751 532 3803 die
569 3743 922 3800 tribulationis
954 3750 1057 3795 tua:
1084 3756 1102 3794 :
1128 3756 1313 3793 eruam
1349 3746 1397 3792 te
1414 3746 1461 3791 et
1488 3735 1806 3805 clariﬁcabis
1842 3751 1922 3789 me
1955 3734 2009 3783 ⁸⁸,

2136 3744 2405 3813 ’Υψίστφ
2446 3744 2553 3809 τὰς
2581 3743 2769 3812 εὐχάς
2802 3756 2943 3797 σου.
2982 3743 3090 3798 Καὶ
3134 3743 3508 3797 ἐπικάλεσαί
3539 3762 3621 3813 με
3649 3745 3715 3797 ἐν

448 3836 556 3893 Sed
580 3846 638 3892 et
657 3849 879 3889 rursum
912 3832 1101 3895 Isaias,
1125 3827 1277 3885 Solve
1296 3845 1505 3883 omnem
1534 3827 1883 3899 alligaturam
1918 3828 2009 3881 ini-

2126 3835 2317 3903 ᾑμέρᾳ
2385 3834 2644 3905 θλίψεώς
2708 3851 2825 3890 σου
2851 3851 2865 3864 °
2916 3836 3016 3890 καί
3077 3835 3405 3905 ἐξελοῦμαί
3453 3852 3555 3902 σε,
3619 3836 3716 3891 και

447 3930 704 4000 quitatis:
743 3925 964 3982 dissolve
1026 3922 1370 3995 obligationes
1418 3921 1767 3977 violentorum
1808 3931 2009 3978 contra-

2126 3918 2407 3994 δοξάσεις
2436 3944 2531 3995 με.
2568 3927 2678 3980 Καὶ
2703 3927 2730 3979 ὁ
2774 3926 3003 3991 Ἡσαΐας
3032 3927 3091 3980 δὲ
3121 3926 3314 3980 πάλινο
3354 3928 3480 3981 Δύο
3522 3927 3716 3981 πάντα

449 4020 893 4086 ctuum;dimitte
930 4018 1226 4088 confractos
1252 4017 1307 4070 in
1335 4016 1640 4069 remissione
1666 4055 1681 4079 ,
1729 4024 1779 4069 et
1819 4032 2009 4070 omnen

2127 4000 2479 4088 σύνδεσμον
2511 4018 2767 4084 ἀδικίας,
2826 4017 3039 4073 διάλυε
3062 4019 3479 4088 στρατναιιιὰς
3500 4020 3719 4083 ,ϐιαίων

448 4117 771 4186 scripturam
800 4114 1043 4184 iniquam
1071 4109 1366 4165 conscinde.
1401 4107 1613 4179 Frange
1639 4109 1887 4162 esurienti
1925 4127 2009 4181 pa-

2126 4110 2670 4178 συναλλαγματων,
2723 4110 3074 4163 ἀπέστελλε
3116 4102 3614 4178 τεθραυσμένους
3652 4110 3720 4163 ἐν

450 4225 568 4262 nem
595 4215 765 4272 tuum,
798 4214 847 4260 et
865 4220 1126 4277 pauperes
1166 4205 1279 4258 sine
1325 4208 1460 4256 tecto
1504 4202 1662 4255 indue
1706 4202 1762 4254 in
1813 4201 2009 4256 donum

2127 4202 2361 4272 ἀφέσει.
2398 4202 2499 4255 καί
2541 4199 2752 4257 πᾶσαν
2790 4201 3151 4271 συγγραφὴν
3188 4202 3408 4256 ἄδικον
3462 4202 3715 4257 διάσπα.

449 4307 619 4354 tuam.
656 4296 712 4352 Si
735 4296 926 4351 videris
947 4295 1169 4358 nudum,
1210 4294 1386 4364 Operi;
1418 4300 1466 4346 et
1486 4292 1791 4346 domesticos
1811 4293 2009 4347 semini:

2128 4295 2455 4361 Διαθρυπτε
2499 4292 2779 4347 πεινῶντι
2812 4293 2920 4347 τὸν
2939 4294 3123 4362 ἄρτον
3140 4309 3277 4356 σου,
3307 4294 3410 4347 καὶ
3439 4295 3719 4362 πτωχοὺς

450 4393 618 4445 tuine
654 4389 970 4458 despexeris.
1022 4385 1165 4440 Tunc
1198 4393 1434 4455 erumpet
1475 4386 1798 4439 matutinum
1846 4385 2009 4439 lumen

2128 4387 2423 4452 ἀστέγους
2458 4383 2744 4453 εἰσάγαγε
2767 4385 2855 4450 εις
2895 4382 3006 4437 τὸν
3031 4379 3200 4437 οἶκόν
3224 4399 3364 4437 σου.
3416 4385 3565 4438 Ἐὰν
3588 4386 3718 4450 16m-

452 4495 621 4546 tuum,
665 4491 713 4535 et
749 4482 1005 4534 sanitates
1038 4486 1141 4533 tum
1166 4478 1320 4532 citius
1351 4479 1609 4530 orientur.
1642 4478 1707 4532 Et
1735 4478 1937 4547 prmibit
1969 4479 2009 4530 ir

2129 4475 2381 4546 γυμνὸν,
2429 4470 2753 4543 περιϐαλε⁸
2803 4474 2907 4528 καὶ
2962 4474 3085 4529 ἀπὸ
3146 4473 3267 4526 τῶν
3323 4476 3575 4529 οἰκείων
3621 4475 3718 4528 τοῦ

450 4580 728 4643 conspectu
759 4580 849 4624 tuo
878 4570 1085 4637 iustitia
1122 4576 1235 4631 tua,
1262 4576 1309 4619 et
1335 4567 1509 4637 gloria
1538 4567 1634 4621 Dei
1685 4568 2009 4622 circumdabit

2126 4565 2469 4635 σπέρματός
2490 4580 2608 4618 σου
2650 4565 2723 4618 οὐ
2771 4565 3032 4633 παρόψει
3080 4564 3202 4637 [Fr.
3247 4565 3347 4634 οὐχ
3377 4566 3656 4636 ὑπεράᾲει
3684 4565 3717 4637 Ι.

452 4674 504 4716 te
531 4663 598 4714 ⁸⁵.
629 4661 773 4728 Quid
794 4675 923 4715 vero
947 4660 1253 4729 praeterea?
1287 4659 1431 4712 Tunc
1475 4657 1750 4721 clamabis,
1786 4667 1837 4712 et
1888 4659 2009 4714 Dea:

2132 4657 2270 4711 Τότε
2321 4653 2655 4723 ῥαγήσεται
2703 4652 2973 4722 πρώϊμον
3004 4653 3071 4707 τὸ
3117 4653 3245 4722 φῶς
3293 4670 3440 4716 σου,
3500 4656 3609 4709 καὶ
3654 4655 3721 4707 τὰ

453 4755 697 4809 exaudiet
728 4763 776 4807 te
801 4769 819 4807 :
843 4754 1012 4806 adhuc
1046 4751 1287 4822 loquente
1313 4759 1383 4816 te,
1410 4751 1548 4807 dicet
1579 4767 1599 4805 :
1635 4750 1768 4805 Ecce
1818 4751 2004 4805 adsum

2132 4750 2347 4820 ιάματά
2391 4765 2510 4804 σου
2551 4748 2706 4818 ταχὺ
2729 4748 3028 4803 ἀνατελεῖ.
3076 4749 3184 4803 Καὶ
3231 4753 3720 4818 προπορεύσεται

452 4846 597 4902 Tunc
619 4847 820 4900 orietur
850 4845 907 4898 in
931 4843 1154 4898 tenebris
1188 4842 1369 4896 lumen
1396 4850 1566 4907 tuum,
1597 4850 1645 4896 et
1679 4843 1904 4897 tenebrte
1926 4849 2009 4895 tua

2130 4841 2472 4913 ἔμπροσθέν
2485 4859 2603 4896 σου
2619 4843 2657 4909 ἠ
2673 4841 3031 4909 δικαιοσύνη
3050 4858 3188 4897 (retr
3206 4844 3302 4896 καὶ
3325 4842 3485 4909 δόξα
3501 4846 3723 4913 Κυρίου

452 4946 607 4992 erunt
626 4939 760 4992 sicut
789 4937 1051 4991 meridies.
1090 4936 1159 4992 Et
1199 4937 1296 4990 erit
1344 4935 1477 4988 Deus
1504 4944 1675 4989 tecum
1720 4950 1946 5005 semper,
1977 4950 2009 4987 ei

2134 4936 2479 5007 περιστελεῖ
2498 4953 2591 4991 σε.
2619 4936 2730 4991 Καὶ
2753 4936 2806 4988 τί
2837 4936 2898 4989 τὸ
2921 4937 3013 4989 ἐπὶ
3040 4936 3270 5002 τούτοις
3326 4940 3470 4993 τότε
3486 4940 3723 5006 ﬂorida,

452 5029 749 5101 impleberis
776 5031 911 5084 sicut
933 5028 1193 5084 desiderat
1221 5029 1405 5081 anima
1436 5036 1529 5080 tua
1544 5026 1607 5078 “.
1642 5026 1807 5080 Vides
1842 5038 1907 5080 ea
1940 5040 2009 5079 ra.

2136 5028 2237 5080 καί
2276 5031 2309 5081 ό
2356 5027 2500 5093 Θεὸς
2551 5028 2978 5081 εὶσακοὺσεταί
3024 5044 3171 5083 σου*
3246 5029 3334 5082 ἐτι
3378 5030 3727 5090 ,λαλοῦντός

455 5122 627 5185 tione,
657 5120 804 5190 quod
829 5120 1209 5190 colligaturam
1231 5115 1539 5188 iniquitatis
1561 5132 1630 5171 ex
1657 5115 1825 5172 corde
1841 5124 2009 5170 nostri

2141 5130 2278 5178 σου,
2323 5117 2462 5185 ἐρεῖ,
2521 5115 2680 5171 Ἰδοὺ
2717 5117 2976 5188 πάρειμι.
3035 5118 3172 5174 Τότε
3214 5119 3501 5175 ἀνατελεὶ
3542 5122 3617 5174 ἐν
3654 5118 3726 5186 τῷ

458 5214 723 5268 solvimus
755 5254 770 5275 ,
830 5227 1160 5282 omnemque
1218 5210 1617 5279 obligationem
1665 5208 2009 5264 violentorun

2139 5209 2346 5264 σκότει
2367 5208 2433 5260 τὸ
2455 5207 2582 5277 φῶς
2609 5223 2749 5274 σου,
2780 5210 2880 5264 καί
2908 5210 2977 5263 τὸ
3002 5213 3224 5278 σκότος
3247 5228 3366 5266 σου
3389 5214 3476 5280 ὡς
3493 5230 3727 5283 μεσημ-

460 5304 703 5359 rancoris
753 5312 1140 5359 contractuum
1191 5302 1567 5366 dissolvimus,
1614 5309 1780 5370 atque
1838 5299 2009 5369 prosi

2140 5302 2293 5370 ὅρια.
2330 5300 2441 5355 Καὶ
2473 5300 2647 5355 ἔσται
2681 5300 2827 5367 Θεὸς
2861 5304 3014 5371 μετὰ
3045 5302 3166 5357 σοῦ
3205 5302 3537 5370 διαπαντός
3560 5321 3577 5333 ο
3632 5304 3726 5358 και

462 5412 610 5449 mum
639 5410 703 5449 es
740 5404 852 5449 tota
881 5395 1086 5453 anima.
1122 5394 1339 5449 collatis
1387 5394 1442 5448 in
1499 5408 1627 5447 eum
1673 5391 2000 5446 muneribus

2135 5390 2545 5459 ἐμπλησθήσῃ
2575 5390 2728 5446 καθὰ
2761 5390 3042 5461 ἐπιθυμεῖ
3070 5393 3111 5460 ἠ
3156 5392 3329 5461 ψυχή
3367 5408 3508 5447 σου.
3565 5394 3727 5463 Ὁρᾷς

460 5486 595 5539 dcuu
621 5488 727 5539 reri
781 5485 1087 5551 studemus,
1116 5485 1360 5541 scicntia:
1414 5501 1516 5539 nos
1551 5486 1673 5538 luce
1699 5483 2009 5538 collustrari

2134 5485 2217 5537 ὅτι
2248 5485 2303 5536 ἐν
2348 5481 2426 5552 τῷ
2472 5482 2624 5536 λύειν
2658 5483 2834 5537 πάντα
2878 5484 3181 5554 σύνδεσμον
3229 5484 3449 5547 ἀδικίας
3499 5486 3567 5539 ἐκ
3631 5484 3729 5554 τῆς

532 5615 574 5648 ³³
594 5618 865 5697 ,ίέὶογπ-ιξ,
892 5619 983 5672 27.
1058 5620 1102 5649 ⁸⁰
1128 5619 1195 5697 ill
1226 5620 1351 5697 (lor.
1376 5634 1466 5697 vlt.
1604 5618 1664 5697 ﬁ“
1698 5618 1899 5697 Ephes.
1924 5634 1996 5684 tv,

2187 5617 2228 5648 “
2262 5618 2466 5672 lJoan.
2493 5634 2553 5684 ιι,
2586 5618 2633 5671 l.
2703 5619 2747 5649 "
2784 5618 3130 5685 Psalacxuv,
3166 5620 3254 5675 i8.
3332 5619 3378 5655 “
3407 5619 3549 5674 Psal.
3578 5636 3724 5687 nn,

469 5682 551 5745 Η,
748 5688 790 5717 ³⁵
824 5688 921 5740 iraa.
954 5704 1097 5751 LVIII,
1131 5689 1161 5738 fi
1222 5690 1269 5740 8.
1355 5690 1395 5717 ⁵⁵
1433 5689 1565 5741 ibid.
1602 5689 1654 5753 9,
1696 5682 1775 5739 Ml.
