3876 6314
134 365 244 430 953
1381 367 1612 427 LIBER
1660 371 1718 428 Ai

1827 369 2086 429 ITICUS.
3299 361 3406 424 951

133 481 372 553 καρδίας
433 475 614 550 ήμῶν,
676 479 770 532 καὶ
821 479 1058 534 διαλύειν
1119 481 1298 534 πᾶσαν
1349 480 1716 552 στραγγαλιὲν

1827 491 1986 551 atque
2015 497 2044 535 a
2077 481 2362 551 probrosis
2405 481 2694 536 aifectihus
2743 477 3002 548 vitiisque
3055 477 3300 539 liberati,
3345 483 3434 550 ct

137 572 330 643 βιαίων
363 569 828 640 συναλλαγμάτων
873 571 1238 640 μνησικακίας
1265 585 1278 600 ⁶
1333 573 1427 623 καὶ
1466 571 1718 625 σπεύδειν

1827 571 1964 624 amni
2005 569 2210 624 virtute
2235 570 2448 638 impleri
2486 585 2549 624 ac
2575 570 2668 623 Dei
2699 569 2946 623 claritate
2977 563 3255 636 perfundi,
3277 579 3400 617 om-

131 665 446 735 εὐεργετεῖν
484 660 575 714 τὸν
605 661 834 733 πλησίον
853 661 913 728 ἐξ
943 662 1070 728 ὅλης
1097 663 1296 733 ψυχῆς,
1345 662 1424 731 τῷ
1453 661 1593 730 φωτὶ
1618 663 1716 732 τῆς

1827 662 1984 730 nique
2039 661 2348 732 ignorantia
2415 661 2666 716 exsolvi?
2716 671 2880 728 atque
2937 658 3096 721 adeo,
3156 671 3279 726 qua:
3331 669 3400 708 ex

131 753 392 821 γνώσεως
415 751 893 824 περιλαμπόμεθα,
919 753 1014 806 καὶ
1035 753 1142 806 τῶν
1165 752 1352 805 παθῶν
1373 752 1474 820 τῆς
1491 751 1718 820 ἀτιμίας

1827 747 2130 803 Christiana
2158 751 2364 820 pietate
2387 757 2518 804 sunt
2548 759 2770 805 orantes
2803 748 3184 810 exaudiemur,
3205 745 3404 799 Deum-

132 843 594 914 ὲλευθερούμεθα,
625 845 720 897 καὶ
753 843 935 912 πάσης
972 844 1171 913 ἀρετῆς
1205 841 1583 912 πληρούμεθα,
1620 841 1718 892 ita):

1827 855 1921 908 que
1949 855 2168 910 semper
2193 843 2479 896 nobiscum
2509 841 2927 904 habebimus,ac
2958 840 3230 894 desiderio
3256 837 3402 907 quod

135 935 244 987 ὑπὸ
265 937 364 1006 τῆς
403 935 560 1004 δόξης
587 935 678 988 τοῦ
705 935 838 987 Θεοῦ
883 934 1376 1004 καταλαμπὸμεθα,
1417 935 1508 986 καὶ
1535 933 1715 1002 πάσης

1827 931 2004 999 pietati
2033 933 2226 998 haeret,
2258 934 2630 1003 implebimur.

133 1027 361 1095 ἀγνοίας
389 1025 854 1096 ἐλευθερούμεθαο
900 1027 992 1079 καὶ
1023 1027 1446 1096 προσευχόμενοι
1482 1026 1551 1078 τὰ
1578 1019 1841 1093 Χριστοῦ,
1877 1025 2294 1096 είσακουόμεθα,
2361 1026 2452 1078 καὶ
2517 1025 2606 1078 τὸν
2669 1024 2802 1077 Θεὸν
2853 1024 2970 1094 μεθ’
3006 1023 3162 1093 ἡμῶν
3197 1022 3398 1088 ἕξομεν

132 1120 226 1173 διὰ
263 1119 482 1182 παντὸς,
524 1119 617 1172 καὶ
657 1119 758 1188 τῆς
803 1120 943 1172 κατὰ
977 1120 1108 1172 Θεὸν
1163 1119 1454 1190 ἐπιθυμίας
1487 1112 1866 1186 πληρούμεθα.

213 1211 322 1283 μβ’.
390 1213 790 1283 Ἀγαπήσωμεν
845 1210 938 1266 οῦν
996 1213 1290 1282 ἀλλήλους,
1345 1215 1435 1267 καὶ
1497 1209 1726 1280 ἀγαπώ-

138 1306 280 1377 μεθα
317 1304 420 1357 ὑπὸ
447 1304 540 1355 τοῦ
576 1303 732 1356 Θεοῦ.
770 1303 1300 1374 Μακροθυμήσωμεν
1336 1305 1421 1356 ἐπ’
1449 1302 1722 1372 ἀλλήλοις,

136 1398 234 1451 καὶ
278 1395 622 1467 μακροθυμεῖ
647 1395 738 1448 ἐπὶ
775 1397 894 1458 ταῖς
921 1396 1214 1465 ἁμαρτίαις
1251 1395 1427 1464 ἡμῶν.
1461 1395 1553 1464 Μὴ
1583 1395 1722 1445 ἀπο·-

131 1487 318 1556 δῶμεν
347 1487 510 1538 κακὸν
540 1485 661 1538 ἀντὶ
719 1485 912 1548 κακοῦ,
973 1485 1069 1538 καὶ
1111 1486 1210 1538 οὐκ
1267 1485 1725 1554 ἀπολαμϐάνομεν

133 1579 282 1632 κατὰ
312 1577 408 1640 τὰς
444 1575 715 1648 ἁμαρτίας
753 1575 928 1646 ἡμῶν.
953 1576 1063 1645 Τὴν
1098 1575 1206 1645 γὰρ
1239 1575 1586 1644 συγχώρησιν
1611 1573 1720 1626 τῶν

133 1667 604 1738 παραπτωμάτων
647 1666 824 1736 ἡμῶν,
857 1667 916 1718 ἐν
953 1669 1020 1736 τῇ
1073 1667 1414 1736 συγχωρήσει
1437 1664 1722 1734 τῶνριδελ-

132 1759 254 1827 φῶν
291 1759 638 1828 εὑρίσκομεν.
665 1759 771 1810 Καὶ
795 1757 854 1810 τὸ
877 1757 1026 1820 ἔλεος
1052 1757 1144 1809 τοῦ
1168 1755 1322 1818 Θεοῦ,
1351 1759 1407 1810 ὲν
1441 1759 1507 1827 τῇ
1561 1756 1717 1826 ὲλεη-

1900 1214 1988 1267 42.
2023 1215 2130 1268 Alii
2168 1215 2336 1285 igitur
2371 1214 2509 1268 alios
2545 1213 2861 1283 diligamus,
2900 1219 2956 1264 et
2989 1227 3018 1264 a
3047 1211 3162 1264 Deo
3211 1208 3406 1278 dilige-

1827 1315 1969 1354 mur.
1998 1303 2102 1357 Alii
2131 1305 2183 1356 in
2209 1305 2346 1358 alios
2371 1305 2531 1373 longa
2563 1301 2830 1373 patientia
2861 1315 2924 1354 ac
2955 1300 3178 1354 lenitate
3209 1299 3404 1361 simus,

1825 1393 2042 1463 eritque
2073 1395 2217 1450 Deus
2243 1403 2302 1449 ut
2335 1397 2615 1466 indulgeat
2653 1394 2894 1464 peccatis
2917 1391 3146 1446 nostris.
3167 1389 3244 1443 Ne
3275 1389 3404 1442 rcd~

1827 1485 2022 1540 damus
2047 1489 2247 1540 malum
2279 1503 2379 1557 pro
2413 1489 2580 1551 malo,
2617 1497 2671 1540 et
2702 1483 3004 1540 secundum
3037 1489 3258 1551 peccata
3301 1495 3402 1534 no-

1827 1585 1940 1632 stra
1971 1596 2078 1633 non
2111 1581 2441 1650 recipiemus
2463 1581 2528 1633 δτ.
2553 1580 2882 1633 Delictorum
2913 1577 3060 1630 enim
3091 1582 3404 1628 nostrorum

1827 1668 2258 1744 indulgentiam,
2283 1669 2338 1723 in
2366 1671 2595 1724 fratrum
2639 1667 2976 1738 indulgentia
3025 1663 3400 1726 inveniemus;

1826 1761 1987 1832 392
2031 1761 2234 1830 Deique
2269 1759 2670 1821 misericordia,
2707 1759 2760 1812 in
2795 1755 3030 1826 proximi
3058 1755 3403 1820 elccmosyna

136 1847 350 1919 μοσύνῃ
409 1846 502 1898 τοῦ
527 1845 756 1916 πλησίον
786 1847 1172 1914 ἐγκέκρυπται.
1208 1845 1306 1898 Διὰ
1346 1845 1500 1898 τοῦτο
1547 1847 1574 1898 6
1611 1844 1718 1896 Κύ-

1827 1821 2150 1907 ιῖὺεεοιιόίιιι
2179 1861 2282 1908 est.
2341 1853 2556 1906 Idcirco
2611 1849 2876 1904 Dominus
2929 1847 3148 1901 aiebat:
3188 1843 3404 1896 Dimitte

131 1957 253 2010 ριος
281 1937 464 2004 ἔλεγεν
496 1953 508 1966 ο
547 1938 770 2004 Ἅφετε,
804 1937 900 1990 καὶ
939 1937 1302 2006 ἀφεθήσεται
1335 1936 1496 2003 ὑμῖν.
1558 1937 1662 1988 Καὶ
1701 1975 1716 2000 ,

147 2027 288 2080 Ἐὰν
351 2027 543 2095 ἀφῆτε
581 2027 716 2102 ’τοῖς
761 2026 1094 2094 ἀνθρώποις
1143 2027 1214 2080 τὰ
1275 2025 1721 2094 παραπτώματα

131 2115 356 2179 αὐτῶν,
391 2115 486 2168 καί
523 2119 555 2169 ό
607 2115 806 2183 Πατὴρ
855 2117 1021 2185 ὑμῶν
1081 2121 1113 2171 ό
1167 2117 1444 2186 οὐράνιος
1497 2117 1720 2186 ἀφήσει

129 2207 284 2276 ὑμῖν
311 2207 384 2260 τὰ
419 2207 862 2275 παραπτώματα
891 2207 1078 2276 ὑμῶν.
1125 2209 1234 2262 Καὶ
1267 2209 1428 2262 πάλιν
1463 2225 1478 2238 ³
1515 2207 1720 2262 Μακά-

124 2313 252 2364 ριοι
286 2298 339 2348 oi
377 2295 720 2362 ἐλεήμονες.
750 2297 838 2348 ὅτι
863 2296 1031 2348 αὐτοὶ
1057 2296 1507 2363 ἐλεηθήσονται.
1560 2296 1670 2348 Καὶ
1701 2335 1716 2359 ,

133 2376 216 2452 ’ᾩ
237 2381 430 2450 μέτρῳ
463 2381 742 2446 μετρεῖτε,
788 2382 1368 2449 ἀντιμετρηθήσεται.
1395 2382 1556 2450 ὑμῖν.
1588 2382 1718 2436 Ἰδοὺ

135 2473 433 2540 ἐχαρίσατο
458 2475 588 2539 ἡμῖν
619 2473 646 2522 6
677 2470 876 2540 Κύριος
901 2473 1098 2541 τρόπον
1139 2474 1432 2540 σωτηρίας,
1463 2473 1556 2523 καὶ
1589 2471 1720 2524 ἔδω-

137 2578 238 2615 κεν
281 2563 412 2630 ἡμῖν
441 2561 685 2624 ἐξουσίαν
717 2562 934 2615 αἰώνιον
961 2562 1054 2614 τοῦ
1091 2561 1344 2630 γενέσθαι
1363 2562 1530 2614 τέκνα
1559 2560 1716 2614 Θεοῦ·

135 2651 240 2704 καὶ
259 2652 316 2702 ὲν
349 2650 424 2720 τῷ
477 2651 738 2721 θελήματι
790 2652 949 2722 ήμῶν
997 2654 1114 2704 ἐστι
1164 2651 1344 2705 λοιπὸν
1389 2655 1422 2722 ή
1477 2653 1720 2722 σωτηρία

137 2744 177 2812 ἡ
187 2741 321 2810 μῶν.

221 2831 328 2900 μγ’.
374 2831 562 2902 Δῶμεν
613 2828 702 2886 οῦν
727 2833 953 2896 ἑαυτοὺς
995 2833 1074 2902 τῷ
1099 2835 1287 2905 Κυρίῳ
1317 2835 1376 2900 ἐξ
1401 2835 1717 2906 ὁλοκλήρου,

145 2923 236 2976 ῐνα
264 2923 555 2994 ὁλόκληρον
605 2925 764 2976 αὑτὸν
814 2925 1212 2996 ἀντιλάϐωμεν.
1275 2927 1566 2996 Γενὼμεθα
1609 2927 1720 2980 θεοὶ

143 3015 211 3068 δι’
263 3017 424 3068 αὐτόν
451 3033 462 3044 ·
525 3016 613 3067 διὰ
657 3017 764 3087 γὰρ
803 3015 962 3074 τοῦτο
1011 3017 1296 3087 ἄνθρωπος
1315 3019 1528 3087 γέγονε,
1562 3019 1720 3086 φύσει

1821 1951 1870 1996 et
1908 1944 2204 1997 dimittetur
2227 1945 2367 1998 vobis
2393 1943 2457 1996 ⁸³.
2511 1943 2579 1996 Et
2610 1959 2624 1995 :
2664 1939 2720 1994 Si
2759 1940 3064 1992 dimiseritis
3111 1933 3404 1988 hominibus

1820 2036 2010 2090 delicta
2032 2053 2232 2100 eorum,
2265 2037 2426 2089 etiam
2459 2035 2620 2088 Pater
2670 2041 2838 2086 vester
2905 2029 3124 2084 etetestis
3175 2026 3403 2078 dimittet

1820 2129 1958 2181 vobis
1995 2137 2208 2198 precata
2259 2135 2433 2182 vestra
2469 2127 2534 2178 δ’.
2577 2125 2644 2179 Et
2693 2139 2948 2178 rursum:
2989 2119 3142 2176 Beati
3201 2119 3404 2172 miseri-

1819 2221 2020 2282 cordes,
2058 2221 2308 2290 (maniam
2339 2219 2441 2288 ipsi
2467 2215 2880 2270 misericordiam
2919 2219 3304 2281 consequentur
3331 2209 3398 2263 ⁵⁸.

1819 2311 1916 2364 Et:
1941 2311 2003 2363 In
2016 2328 2118 2380 qua
2143 2327 2390 2363 mensura
2419 2310 2583 2361 mensi
2606 2307 2832 2376 fueritis,
2855 2303 3160 2356 remetietur
3176 2301 3290 2354 vobi

1819 2405 1922 2468 Eu,
1957 2403 2222 2456 Dominus
2259 2401 2452 2453 salutis
2485 2399 2646 2452 nobis
2673 2395 2895 2450 modum
2937 2391 3187 2455 indulsit,
3240 2399 3404 2444 atter-

1819 2507 2062 2560 namquc
2097 2491 2256 2544 nobis
2285 2497 2617 2558 potestatem
2651 2485 2823 2548 dedit,
2857 2489 2916 2536 ut
2956 2482 3262 2536 efficiamur
3299 2479 3398 2534 ﬁlii

1819 2583 1915 2636 Dei
1943 2583 1988 2614 ⁶¹
2016 2599 2028 2634 :
2056 2589 2220 2649 atque
2251 2580 2386 2634 adeo
2417 2589 2603 2634 nostra
2637 2577 2784 2632 salus
2812 2577 2866 2630 in
2891 2581 3081 2630 nostra
3133 2573 3396 2643 deinceps

1817 2673 2100 2728 voluntate
2129 2672 2304 2742 posita
2335 2671 2426 2726 sit.

3293 2300 3396 2353 s“.

1891 2849 1978 2906 l5.
2007 2849 2180 2920 Igitur
2202 2863 2304 2903 nos
2335 2848 2436 2918 ipsi
2459 2863 2525 2902 ex
2543 2855 2658 2902 toto
2680 2845 2844 2901 corde
2874 2844 3104 2900 Domino
3129 2839 3396 2896 dedamns

1821 2947 1882 2994 ut
1913 2949 2088 2993 totum
2117 2939 2296 3007 ipsum
2329 2936 2681 3005 recipiamus.
2711 2935 2794 2989 Dii
2819 2942 3048 3004 prepter
3081 2933 3260 3002 ipsum
3283 2927 3401 2984 em.

1821 3032 2034 3083 ciamur
2061 3047 2073 3080 :
2105 3028 2158 3080 id
2187 3028 2334 3081 enim
2360 3041 2537 3080 causae
2563 3033 2666 3088 est,
2689 3040 2789 3078 cur
2821 3023 2914 3092 qui
2945 3031 3142 3075 natura
3171 3020 3316 3072 Deus
3335 3031 3400 3071 ac

144 3105 222 3160 ὣν
273 3106 404 3169 Θεὸς
433 3107 526 3160 καὶ
569 3109 862 3175 Δεσπότης.
927 3107 1356 3178 ’Υπακούσωμεν
1415 3109 1584 3178 αὐτῷ,
1626 3109 1718 3162 καὶ

1827 3120 2090 3173 Dominus
2119 3125 2285 3180 esset,
2327 3117 2492 3170 homo
2517 3117 2692 3170 factus
2712 3115 2804 3170 sit.
2839 3115 2993 3167 Dicto
3014 3111 3092 3165 illi
3114 3110 3402 3164 audientes

143 3197 306 3258 αὐτὸς
335 3197 634 3266 ἀκαμάτως
659 3198 924 3264 ἀμύνεται
950 3199 1076 3262 τοὺς
1101 3199 1328 3268 ἐχθροὺς
1360 3200 1516 3268 ήμῶν
1549 3216 1562 3230 ⁸
1592 3202 1661 3252 El
1688 3202 1718 3251 ό

142 3291 292 3353 λαός
320 3306 438 3356 μου
471 3287 701 3354 ἤκουσέ
722 3308 861 3357 μου,
893 3293 1078 3360 φησὶν,
1117 3291 1365 3358 Ἰσραὴλ
1403 3291 1530 3356 ταῖς
1560 3289 1722 3356 ὁδοῖς

139 3395 258 3448 μου
289 3383 339 3432 εί
373 3381 664 3446 ἐπορεύθη
691 3397 704 3412 ’
753 3383 822 3434 ἐν
855 3382 934 3445 τῷ
961 3383 1178 3449 μηδενὶ
1199 3383 1275 3436 ἂν
1308 3383 1448 3449 τοὺς
1468 3384 1721 3451 ἐχθροὺς

143 3469 341 3522 αὐτῶν
393 3471 786 3531 ἐταπείνωσα,
835 3473 930 3524 καὶ
966 3473 1062 3524 ἐπὶ
1095 3473 1234 3539 τοὺς
1265 3475 1581 3538 θλίϐοντας
1611 3475 1718 3526 αὐ-

145 3563 286 3628 τοὺς
319 3563 616 3616 ἐπέϐαλον
645 3563 721 3616 ἂν
771 3565 885 3631 τὴν
935 3566 1100 3633 χεῖρά
1145 3585 1280 3631 μου.
1343 3566 1554 3620 Πᾶσαν
1607 3565 1720 3631 τὴν

143 3653 360 3708 ἐλπίδα
381 3655 548 3722 ἡμῶν
571 3657 660 3707 ἐπ’
691 3659 877 3709 αὐτὸν
907 3658 1096 3723 μόνον
1132 3655 1425 3725 Otia-(mer.
1470 3659 1575 3710 Καὶ
1614 3659 1720 3710 πᾶ·

147 3763 244 3799 σαν
277 3747 372 3816 τὴν
411 3747 678 3816 μέριμναν
710 3747 868 3816 ἡμῶν
911 3746 995 3797 ἐπ’
1033 3747 1192 3798 αὐτὸν
1238 3748 1394 3814 μόνον
1452 3747 1712 3816 ῥίψωμεν,

145 3839 240 3891 καὶ
285 3840 348 3891 ἐκ
388 3839 566 3907 πάσης
605 3837 854 3906 θλίψεως,
903 3839 1072 3912 ἀὐτὸς
1124 3839 1270 3906 ἡμᾶς
1319 3837 1576 3907 ῥύσεται·
1625 3839 1715 3890 καὶ

145 3929 324 3980 πάντα
363 3928 454 3980 τὸν
499 3927 630 3996 βίον,
676 3927 834 3990 αὐτὸς
874 3929 1022 3998 ἡμᾶς
1060 3927 1354 3998 διαθρέψει.
1403 3929 1588 3982 Πάντα
1619 3929 1715 3996 μὲν

143 4017 428 4091 ἄνθρωπον
459 4019 522 4070 ἐκ
553 4017 727 4086 ψυχῆς
768 4019 1142 4089 ἁγαπήσωμεν
1163 4031 1176 4043 ·
1209 4019 1302 4070 ἐπὶ
1334 4017 1521 4086 μηδενὶ
1545 4019 1600 4070 δὲ
1627 4021 1716 4070 ἀν-

145 4109 376 4180 θρώπων
401 4111 498 4178 τὴν
526 4109 714 4161 ἐλπίδα
740 4109 994 4179 θήσωμεν
1024 4127 1036 4140 ·
1079 4110 1160 4162 ὃτι
1191 4111 1274 4178 ἐφ’
1313 4111 1434 4162 ὅσον
1469 4113 1498 4162 6
1520 4111 1718 4178 Κύριος

147 4203 400 4270 συντηρεῖ
429 4201 595 4268 ἡμᾶς,
625 4199 718 4252 καὶ
739 4202 788 4251 oi
811 4199 950 4268 φίλοι
976 4201 1176 4263 πάντες
1202 4203 1349 4272 ἡμᾶς
1375 4203 1714 4273 περιέπουσι,

143 4295 240 4348 καὶ
267 4297 316 4348 oi
349 4295 532 4364 ἐχθροὶ
564 4295 766 4357 πάντες
797 4297 930 4365 πρὸς
955 4297 1104 4366 ἡμᾶς
1137 4297 1512 4352 ἀδυνατοῦσιν.
1547 4297 1718 4349 Ἐπὰν

141 4385 202 4438 δὲ
235 4388 263 4438 ὁ
314 4387 514 4454 Κύριος
539 4387 686 4455 ἡμᾶς
717 4387 1108 4460 ἐγκαταλείπῃ,
1156 4389 1278 4440 τότε
1331 4390 1424 4442 καὶ
1479 4389 1525 4440 οἱ
1577 4389 1717 4456 φίλοι

1823 3211 2010 3272 simus,
2047 3210 2270 3278 ipseque
2317 3209 2470 3262 nullo
2499 3207 2718 3278 negotio
2753 3207 2940 3260 hostes
2977 3211 3196 3258 nostros
3261 3199 3400 3255 ulci~

1822 3313 2045 3358 seetur:
2080 3301 2136 3355 Si
2166 3300 2390 3372 populus
2421 3317 2565 3354 meus
2599 3299 2830 3352 audisset
2865 3313 2965 3360 me,
3007 3294 3202 3364 inquit,
3229 3291 3402 3347 Israel

1819 3394 1864 3446 si
1895 3394 1946 3444 in
1977 3393 2068 3445 viis
2103 3391 2230 3444 meis
2258 3390 2578 3446 umbulasset
2609 3429 2622 3454 ,
2654 3391 2706 3442 in
2731 3387 2894 3442 nihilo
2917 3387 3138 3456 forsitan
3159 3385 3402 3438 inimicos

1821 3503 2002 3539 eorum
2025 3485 2406 3549 Immiliasscm,
2437 3492 2486 3537 et
2523 3499 2682 3553 super
2713 3481 3026 3536 tribulantes
3087 3495 3172 3532 eos
3229 3478 3402 3531 misis-

1747 3621 1762 3638 ,
1819 3593 1928 3631 sem
1963 3595 2182 3632 manum
2213 3595 2384 3631 meam
2411 3578 2477 3630 ⁸³.
2505 3576 2735 3631 Omnem
2759 3587 2913 3642 spem
2941 3581 3186 3626 nostram
3241 3569 3296 3622 in
3333 3583 3400 3621 co

1821 3669 1935 3722 solo
1967 3684 2258 3737 ponamus,
2314 3681 2642 3736 omnemque
2697 3665 3122 3720 sollicitudinem
3157 3673 3398 3716 nostram

1821 3757 1874 3808 in
1909 3771 2034 3808 eum
2061 3755 2434 3826 projiciamus,
2459 3765 2516 3808 et
2544 3755 2658 3822 ipse
2685 3769 2748 3806 ex
2779 3753 2929 3806 omni
2953 3751 3304 3804 tribulatione
3337 3748 3402 3802 li-

1821 3847 2039 3900 berabit
2068 3861 2197 3909 nos;
2235 3853 2512 3912 totamque
2538 3844 2704 3898 vitam
2731 3845 2846 3912 ipse
2876 3843 3136 3896 enntriet.
3169 3843 3398 3894 Omnem

1821 3937 2042 4006 quidem
2093 3934 2368 3986 hominem
2408 3949 2474 3986 ex
2532 3933 2718 3985 animo
2774 3932 3084 4001 diligamus,
3145 3931 3198 3983 in
3247 3929 3402 3983 nullo

1821 4037 2002 4080 tamen
2047 4024 2332 4078 hominum
2383 4037 2536 4091 spem
2593 4037 2862 4091 ponamus
2901 4039 2914 4074 :
2957 4021 3200 4090 quandiu
3251 4019 3400 4074 enim

1820 4117 2085 4170 Dominus
2107 4131 2208 4169 nos
2245 4121 2554 4174 conservat,
2593 4111 2779 4164 tandin
2815 4111 2980 4164 etiam
3003 4125 3194 4164 omnes
3239 4108 3400 4164 amici

1822 4208 2016 4260 colunt
2045 4213 2100 4258 et
2125 4205 2440 4266 observant,
2465 4203 2710 4270 nullique
2733 4201 3018 4254 adversum
3053 4215 3154 4254 nos
3189 4199 3400 4254 inimici

1820 4299 2319 4370 pmvalebunt.At,
2349 4299 2444 4352 ubi
2473 4313 2574 4352 nos
2591 4297 2854 4351 Dominus
2881 4295 3402 4366 dereliqucrit,tunc

1821 4401 1877 4446 ct
1899 4391 2062 4446 amici
2093 4405 2286 4444 onmes
2317 4389 2731 4457 derelinquunt,
2762 4402 3065 4456 omnesque
3108 4387 3400 4441 adversum

142 4479 344 4540 πάντες
372 4477 841 4546 ὲγκαταλείπουσι,
895 4479 988 4531 καὶ
1035 4482 1082 4531 οἱ
1134 4480 1315 4550 ἐχθροὶ
1364 4480 1561 4543 πάντες
1601 4479 1718 4533 καθ’

1829 4499 1930 4536 nos
1961 4481 2168 4535 inimici
2197 4481 2556 4536 invalescunt.
2587 4479 2692 4533 Sed
2717 4488 2774 4533 et
2803 4478 2899 4548 qui
2931 4479 2985 4530 in
3013 4479 3194 4548 seipse
3225 4479 3400 4532 conli-

141 4570 302 4641 ἡμῶν
335 4568 632 4638 ἰσχύουσιν.
673 4569 833 4620 Ἀλλά
872 4569 966 4621 καὶ
1009 4571 1038 4620 ὁ
1072 4572 1151 4632 εἰς
1205 4571 1429 4623 σεαυτὸν
1479 4572 1714 4644 θαρρῶν,

141 4661 392 4711 πεσεῖται
424 4658 622 4728 πτῶμα
649 4657 886 4724 ἐξαίσιον
917 4675 930 4688 ·
964 4660 992 4710 6
1024 4659 1080 4712 δὲ
1116 4659 1448 4730 φοϐούμενος
1475 4662 1566 4715 τὸν
1605 4661 1718 4715 Κύ-

147 4765 286 4820 ριον,
318 4748 684 4820 ὑψωθήσεται.
719 4749 818 4800 Διὰ
873 4749 1032 4803 τοῦτο
1072 4751 1100 4801 6
1139 4751 1316 4810 Δαὸῖδ,
1358 4752 1542 4821 ἔλεγεν
1567 4767 1582 4780 ⁸
1637 4757 1718 4808 Οὐ

139 4839 256 4908 τὰρ
284 4838 378 4890 ἐπὶ
403 4836 482 4902 τῷ
519 4838 674 4904 τόξῳ
701 4855 814 4906 μου
852 4839 1058 4904 ἐλπιῶ,
1091 4841 1188 4894 καὶ
1221 4843 1258 4909 ἡ
1300 4843 1565 4912 ῥομφαία
1601 4863 1718 4915 μου

141 4930 218 4984 οὐ
271 4927 452 4982 σώσει
472 4945 564 4998 με.
601 4931 885 4997 Ἕσωσας
912 4931 1021 5000 γὰρ
1045 4933 1202 5002 ἡμᾶς
1238 4934 1305 4987 ἐκ
1336 4933 1454 4989 τῶν
1485 4939 1722 4992 θλιϐόν-

139 5035 266 5072 των
281 5017 454 5086 ἡμᾶς.
475 5019 573 5072 καί
594 5019 739 5086 τοὺς
753 5022 1086 5090 μισοῦντας
1109 5023 1286 5091 ἡμᾶς,
1315 5027 1720 5096 κατῄσχυνας.

217 5107 323 5178 μᾶ.
355 5109 445 5178 Μὴ
477 5107 844 5178 ἁνασχὼμεθα
869 5109 976 5164 τῶν
1011 5109 1286 5181 λογισμῶν
1329 5114 1436 5166 τῶν
1487 5133 1717 5187 σμικρυ-

140 5199 344 5254 νὸντων
387 5199 545 5270 ἡμῶν
594 5201 692 5262 τὰς
726 5201 1020 5271 ἁμαρτίας,
1053 5205 1147 5258 καὶ
1185 5205 1286 5272 τὴν
1325 5206 1515 5273 ἄφεσιν
1545 5209 1724 5262 αὐτῶν

143 5290 429 5362 γεγονέναι
481 5273 916 5361 μαντευομένων.
961 5295 1095 5364 Περὶ
1119 5296 1300 5348 αὐτῶν
1326 5297 1432 5368 γὰρ
1461 5300 1488 5350 6
1519 5297 1720 5368 Κύριος

139 5381 575 5452 ἀσφαλιζόμενος
629 5383 796 5452 ἡμᾶς,
845 5383 996 5452 ἔλεγε
1029 5403 1044 5419 ·
1102 5387 1436 5456 Προσέχετε
1487 5390 1720 5456 ἑαυτοῖς

140 5470 266 5528 ἀπὸ
311 5469 430 5524 τῶν
486 5470 1021 5540 ψευδοπροφητῶν,
1091 5475 1310 5542 οἵτινες
1365 5477 1720 5534 ἐλεύσονται

220 5675 267 5750 ⁸-⁷
305 5676 462 5750 Rom.
513 5693 616 5750 xu,
642 5677 746 5750 17η
763 5675 850 5750 __‘°
883 5677 1014 5750 huc.
1047 5695 1120 5750 vi,
1149 5681 1232 5733 Μ.
1307 5679 1352 5714 ⁸³
1385 5681 1574 5737 Matth.
1607 5699 1680 5750 Vl,
1715 5701 1718 5712 λ

1877 5683 1922 5716 ⁵⁹
1951 5681 2140 5738 Matth.
2177 5697 2228 5746 ν,
2264 5681 2316 5734 7.

142 5739 195 5772 ⁵³
229 5747 374 5802 Psal.
405 5761 564 5810 Lxxx,
599 5747 681 5811 14,
727 5745 812 5800 15.
887 5747 930 5780 ⁸⁸
963 5739 1282 5816 ΡειιΙᾞΧιιιι,
1314 5753 1366 5816 7,
1393 5752 1444 5805 8.

1827 4573 1926 4636 dit,
1961 4571 2234 4640 stupendo
2259 4587 2386 4624 casu
2417 4570 2706 4624 collidetur
2735 4587 2748 4620 :
2777 4569 2872 4638 qui
2902 4580 3084 4623 autem
3117 4569 3272 4622 timet
3297 4569 3398 4622 Do-

1829 4665 2060 4728 minum,
2093 4663 2446 4718 exaltabitur.
2493 4661 2702 4716 Idcirco
2758 4661 2920 4716 etiam
2965 4661 3146 4715 aiebat
3189 4660 3392 4714 David:

1823 4753 1942 4806 Non
1969 4754 2107 4806 enim
2135 4753 2188 4805 in
2219 4767 2344 4804 arcu
2367 4766 2478 4804 meo
2507 4753 2750 4820 sperabo,
2787 4759 2834 4802 et
2867 4749 3076 4820 gladius
3113 4766 3256 4803 meus
3289 4765 3393 4803 non

1823 4843 2050 4898 salvubit
2079 4859 2178 4896 me.
2213 4839 2446 4894 Salvasti
2474 4842 2612 4893 enim
2652 4857 2745 4893 nos
2785 4856 2848 4892 ea:
2887 4841 3229 4910 afﬂigentibus
3280 4855 3396 4904 nos,

1825 4943 1874 4988 et
1906 4951 1990 4988 eos
2015 4935 2104 5004 qui
2133 4949 2226 4986 nos
2255 4932 2497 4996 oderunt,
2527 4931 2806 5000 confudisti
2839 4931 2904 4984 δ”.

1893 5118 1984 5174 44.
2007 5116 2086 5170 Ne
2117 5115 2168 5168 id
2194 5131 2367 5185 genus
2421 5112 2814 5183 cogitationum
2847 5110 3230 5172 sustineamus,
3277 5124 3398 5176 quae

1828 5219 2054 5281 peccata
2101 5215 2290 5262 nostra
2348 5187 2686 5266 diminuunt,
2736 5215 2908 5270 caque
2955 5200 3116 5254 nobis
3173 5199 3400 5253 remissa

1825 5303 2152 5358 ariolantur.
2180 5297 2386 5353 Cautos
2414 5298 2561 5351 enim
2587 5298 2654 5351 de
2681 5295 2788 5350 illis
2821 5311 2920 5349 nos
2949 5309 3068 5348 esse
3099 5294 3402 5348 admonens

1825 5391 2110 5450 Dominus,
2137 5387 2320 5442 aiebat
2349 5405 2364 5440 :
2399 5387 2666 5441 Attendite
2691 5384 2830 5438 vobis
2860 5401 2892 5436 a
2939 5382 3088 5451 falsis
3135 5382 3398 5450 praphetis

1825 5483 1916 5552 qui
1935 5477 2146 5532 venient
2187 5477 2256 5530 ad
2290 5495 2376 5532 vos
2402 5477 2456 5530 in
2483 5475 2798 5531 vestimentis
2827 5473 3000 5528 ovium
3023 5515 3040 5538 ,
3089 5473 3400 5526 intrinsecus

2418 5680 2462 5711 ⁵¹
2494 5677 2684 5732 Matth.
2716 5692 2812 5743 vn,
2835 5675 2890 5729 ‘2.
2968 5675 3013 5708 ³¹
3046 5673 3202 5730 Joan.
3229 5689 3268 5740 ι,
3305 5671 3390 5727 12.
