3876 6314
185 312 294 381 961

1130 315 1462 377 CAPITUM
1496 315 1594 376 DE
1629 315 2064 376 CHARITATE
2103 319 2490 382 CENTURIA
2529 323 2578 383 Ι.

3349 328 3454 392 962

189 431 294 484 καὶ
317 427 464 498 ἄλλῳ
491 426 808 498 οίῳδήποτε.
858 425 1018 480 Ἀλλὰ
1047 427 1142 480 τοῦ
1171 427 1345 494 λέξεις
1375 427 1774 499 θηρεύειν-πρὸς

1893 435 1990 498 get.
2023 428 2258 486 Omnino
2283 439 2464 486 autem
2495 443 2738 504 emerget
2762 447 2823 488 ac
2854 434 3312 502 manifestabitur,
3339 439 3454 494 Deo

187 521 258 575 τὸ
288 521 516 584 κακίζεν
553 519 644 572 τὸν
685 519 1162 590 συγγραψάμενον,
1197 521 1282 574 ἵνα
1321 523 1544 574 σεαυτὸν
1569 521 1776 574 ἐκείνου

192 613 508 681 σοφώτερον
541 609 719 679 δῆθεν,
780 613 855 673 ὡς
889 611 1100 680 οἰησίας
1131 615 1169 675 ’,
1229 614 1572 682 παραστήσῃ,
1626 611 1776 664 οὐδὲν

189 703 474 772 ὠφέλιμον
527 701 827 770 οὐδαμόθεν
875 699 1128 752 οὐδεποτε
1167 702 1598 768 ἀναφανήσεται.

1884 521 2024 576 bene
2071 525 2336 592 propitio,
2372 525 2500 578 dum
2552 529 2676 594 quis
2705 527 2853 580 nulla
2886 529 3084 581 mentis
3117 530 3452 598 curiositate,

1883 614 1978 666 sed
2008 631 2130 668 cum
2172 618 2266 670 Dei
2299 619 2492 670 timore
2541 633 2604 672 ac
2633 619 2928 673 dilectione
2967 620 3206 674 animum
3233 621 3454 676 lectioni

1882 704 2159 759 adhibeat.
2217 707 2312 760 Sin
2381 719 2561 762 autem
2626 711 2845 778 aliquis,
2897 727 3008 764 non
3069 720 3130 766 ut
3183 714 3454 768 commodi

189 794 404 864 aliquid
460 793 724 862 spiritalis
775 806 1164 862 consequatur,
1224 807 1340 846 sive
1400 793 1561 854 hanc,
1632 791 1748 846 sive
1807 793 1967 848 aliam
2035 799 2288 866 quamvis
2373 801 2810 854 lucubrationem
2855 803 3066 872 legerit,
3121 804 3214 858 sed
3271 815 3331 859 ut
3373 805 3456 858 di-

190 888 410 942 ctiones
438 897 676 957 aucupet
736 886 980 940 auctoris
1023 885 1345 954 suggillandi
1397 901 1582 950 causa,
1647 893 1796 940 utse
1855 886 2114 941 nimirum
2171 891 2262 944 illo
2323 892 2711 961 sapientiorem
2778 893 3000 964 (quippe
3051 894 3192 948 fastu
3239 901 3456 948 tumens

192 982 592 1053 arrogansque)
639 981 916 1048 exhibeat,
955 981 1087 1036 huic
1119 981 1259 1034 nihil
1295 995 1532 1051 unquam
1567 980 1676 1034 ulla
1715 996 1782 1033 cx
1819 993 1880 1033 re
1909 983 2112 1052 oppido
2137 985 2269 1039 utile
2297 987 2626 1040 occurrerit.

587 1137 728 1192 ΤΟΥ
767 1142 998 1196 ΔΓΙΟΥ
1025 1139 1385 1198 ΜΑΞΙΜΟΥ.
1471 1195 1476 1200 .

193 1229 406 1297 Πρώτη
434 1230 760 1297 ὲκατοντὰς
787 1231 908 1286 τῶν
947 1233 1078 1303 περὶ
1117 1234 1356 1306 ἀγάπης
1407 1236 1770 1304 κεφαλαίων.

268 1367 337 1414 α’.
391 1361 601 1431 Ἀγάπη
641 1361 740 1432 μέν
757 1363 1182 1428 ἐστιν,διάθεσις
1203 1365 1381 1437 ψυχῆς
1416 1367 1616 1438 ἀγαθὴ.
1647 1368 1772 1420 καθ’

188 1452 260 1522 ἣν
285 1450 436 1504 οὐδὲν
466 1450 575 1502 τῶν
602 1451 792 1517 ὄντων,
819 1453 918 1521 τῆς
943 1453 1038 1506 τοῦ
1057 1455 1192 1508 Θεοῦ
1215 1455 1466 1524 γνώσεως
1507 1460 1768 1529 προτιμᾷ.

111 1601 116 1606 ,
204 1541 497 1596 Ἀδύνατον
518 1541 575 1595 δὲ
610 1543 688 1605 είς
718 1543 831 1609 ’ἐξιν
858 1545 1031 1597 ἐλθεῖν
1051 1545 1256 1614 ταύτης
1285 1545 1383 1614 τῆς
1415 1548 1654 1617 ἀγάπης,
1685 1549 1771 1602 τὸν

191 1632 336 1702 πρός
365 1649 416 1684 τι
447 1633 554 1684 τῶν
579 1633 841 1700 ἐπιγείων
865 1633 1057 1704 ἔχοντα
1083 1635 1468 1702 προσπὰθειαν.

2394 1141 2646 1198 SANCTI
2681 1141 2962 1206 MAXIM],

2149 1235 2224 1288 De
2254 1236 2513 1288 charitate
2541 1243 2758 1288 centena
2789 1235 2964 1304 prima
2997 1233 3192 1304 capita.

1949 1386 1998 1438 i.
2031 1385 2305 1450 Charitas,
2335 1387 2480 1440 bona
2507 1396 2591 1442 est
2619 1387 2822 1441 mentis
2854 1387 3093 1451 affectio,
3123 1404 3230 1458 qua
3257 1387 3456 1444 divinae

1879 1476 2179 1544 cognitioni
2218 1477 2353 1530 nihil
2403 1478 2707 1546 anteponit.
2765 1477 2894 1548 l-Ljus
2942 1486 3122 1532 autem
3173 1478 3458 1533 clnaritatis

1878 1565 2128 1620 habitum
2168 1583 2332 1622 nemo
2367 1585 2609 1638 unquam
2639 1569 2854 1638 assequi
2885 1569 3077 1638 possit,
3103 1570 3195 1638 qui
3225 1568 3456 1624 terrenis

1877 1655 2006 1710 ullis
2037 1657 2202 1712 rebus
2235 1659 2419 1712 animo
2449 1659 2739 1713 devinctus
2773 1660 2864 1712 sit.

267 1721 330 1793 β’.
388 1725 634 1794 Ἀγάπην
671 1723 771 1794 μὲν
799 1725 976 1778 τίκτει
1009 1727 1280 1780 ἀπάθεια·
1320 1728 1594 1782 ἀπάθειαν
1626 1729 1704 1795 δὲ,
1738 1731 1770 1800 ἡ

1945 1743 1999 1796 2.
2033 1743 2372 1800 Charitatcm
2399 1748 2544 1816 parit
2578 1746 3036 1816 imperturbatio;
3083 1745 3454 1815 imperturba-

191 1814 274 1876 εἰς
304 1813 438 1867 Θεὸν
464 1813 619 1877 ἐλπίς
643 1831 656 1843 ⁸
696 1816 794 1888 τὴν
833 1817 889 1869 δὲ
916 1817 1122 1884 ἐλπίδα,
1160 1819 1402 1892 ὑπομονὴ
1437 1820 1530 1874 καὶ
1566 1839 1774 1892 μακρο-

189 1905 364 1977 θυμία
421 1905 532 1977 ('c)°
590 1907 794 1971 ταύτας
849 1909 924 1973 δὲ,
973 1914 1006 1982 ἡ
1069 1913 1394 1983 περιεκτικὴ
1435 1913 1770 1984 ἐγκράτεια·

190 1997 524 2068 ἐγκράτειαν
554 1997 634 2063 δὲ,
681 2001 709 2052 6
743 2000 840 2054 τοῦ
883 2000 1020 2054 Θεοῦ
1066 2003 1232 2072 φόϐος
1254 2021 1268 2034 ·
1312 2004 1403 2058 τὸν
1428 2003 1484 2058 δὲ
1520 2005 1705 2076 φόϐον,
1739 2008 1772 2077 ἡ

191 2093 274 2154 είς
296 2092 388 2144 τὸν
416 2090 625 2162 Κύριον
655 2093 860 2157 πίστις.

262 2277 332 2339 γ’.
385 2273 446 2326 '0
476 2273 747 2328 πιστεύων
775 2273 853 2344 τῷ
885 2277 1097 2346 Κυρίῳ,
1127 2276 1370 2344 φοϐεῖται
1396 2277 1494 2350 τὴν
1525 2277 1767 2334 κόλασιν·

189 2365 220 2418 6
246 2363 304 2418 δὲ
332 2365 670 2437 φοϐούμενος
691 2369 799 2440 ,τὴν
838 2368 1080 2432 κόλασιν,
1109 2371 1502 2442 ἐγκρατεύεται
1525 2373 1635 2426 ἀπὸ
1661 2374 1770 2428 τῶν

189 2457 382 2512 παθῶν
403 2476 418 2491 ·
443 2459 474 2512 6
503 2459 560 2512 δέ
584 2459 1049 2532 ἐγκρατευόμενος
1072 2463 1180 2515 ἀπὸ
1205 2465 1311 2516 τῶν
1337 2464 1547 2530 παθῶν,
1565 2465 1771 2536 ὑπομέ-

191 2567 272 2604 νει
293 2552 364 2606 τὰ
397 2551 623 2622 θλιόερά
643 2569 655 2582 ·
689 2553 716 2603 ὁ
745 2552 803 2604 δέ
835 2555 1123 2624 ὑπομένων
1153 2555 1219 2608 τὰ
1253 2555 1499 2628 θλιὸερὰ,
1531 2557 1642 2622 ἕξει
1689 2559 1771 2620 είς

190 2643 324 2698 Θεὸν
374 2644 566 2697 ἐλπίδα
592 2661 604 2673 ·
641 2646 674 2716 ἡ
715 2644 772 2697 δὲ
817 2647 896 2708 είς
931 2647 1064 2700 Θεὸν
1103 2647 1279 2711 ἐλπὶς,
1323 2651 1546 2720 χωρίζει
1589 2650 1770 2721 πάσης

191 2737 388 2810 γηῖνης
426 2737 802 2808 προσπαθείας
828 2738 921 2790 τὸν
942 2738 1067 2792 νοῦν
1086 2757 1099 2770 ’
1127 2739 1326 2810 ταύτης
1357 2741 1416 2795 δέ
1446 2743 1474 2794 6
1505 2741 1630 2806 νοῦς
1662 2761 1769 2814 χω·-

193 2826 424 2898 ρισθεὶς,
456 2825 568 2890 ἕξει
594 2827 691 2898 τὴν
715 2829 796 2890 είς
820 2826 952 2880 Θεὸν
990 2828 1236 2900 ἀγάπην.
1269 2815 1278 2824 ’

179 3023 182 3028 ·
263 2999 324 3053 6'.
376 2999 433 3052 '0
455 2997 686 3067 ἀγαπῶν
707 2998 798 3052 τὸν
819 2997 950 3051 Θεὸν
977 2999 1072 3068 (‘2),
1099 3016 1314 3052 παντων
1339 3001 1446 3054 τῶν
1477 3002 1569 3054 ὑπ’
1600 3003 1766 3057 αὐτοῦ

1877 1835 2088 1890 tionem
2130 1836 2414 1906 sedatique
2457 1836 2628 1890 animi
2667 1835 3144 1905 tranquillitatem,
3179 1851 3302 1905 spes
3337 1851 3459 1905 quas

1876 1923 1934 1979 in
1969 1927 2141 1980 Deum
2170 1933 2252 1981 est
2279 1944 2292 1980 :
2323 1935 2582 1980 caeterum
2622 1941 2798 1995 spem,
2833 1925 3096 1994 patientia
3121 1934 3174 1978 et
3205 1925 3456 1994 longani-

1874 2019 2038 2074 mitas
2065 2037 2076 2070 :
2109 2019 2207 2072 has
2235 2033 2386 2082 vero,
2415 2019 2572 2088 cujus
2597 2017 2669 2072 sit
2695 2017 2860 2080 tueri,
2885 2016 3260 2081 continentia;
3291 2031 3459 2084 porro

1815 2125 1824 2140 '
1871 2111 2289 2174 continentiam,
2321 2110 2416 2164 Dei
2454 2110 2618 2164 timor
2650 2126 2662 2162 :
2697 2109 2971 2171 timorem,
3021 2125 3142 2178 quae
3171 2109 3228 2163 in
3276 2107 3462 2163 Domi-

1871 2217 2004 2256 num
2047 2209 2154 2266 est,
2191 2201 2348 2256 fides.

1940 2294 1992 2347 3.
2026 2293 2132 2359 Qui
2175 2293 2410 2348 Domino
2455 2293 2654 2356 credit,
2692 2309 2908 2364 pmnam
2949 2292 3319 2363 pertimescit;
3362 2291 3456 2361 qui

1871 2393 2056 2438 autem
2091 2384 2437 2454 pertimescit
2487 2399 2727 2452 pcenam,
2778 2399 2836 2438 se
2885 2400 2914 2437 a
2947 2383 3097 2436 vitiis
3145 2381 3389 2435 continet
3441 2399 3456 2434 :

1871 2477 1966 2546 qui
2007 2492 2140 2530 vero
2173 2491 2232 2530 se
2258 2492 2288 2530 a
2321 2477 2473 2530 vitiis
2501 2475 2767 2538 continet,
2799 2475 3073 2544 patienter
3097 2489 3369 2528 aerumnas
3397 2487 3462 2526 ac

1870 2565 2013 2618 mala
2067 2565 2288 2630 suffert;
2353 2565 2399 2618 is
2437 2580 2606 2633 porro
2663 2563 2758 2632 qui
2813 2563 2928 2617 hac
2980 2564 3253 2632 patienter
3299 2561 3462 2632 396

1870 2657 2082 2722 suffert,
2117 2671 2268 2726 spem
2303 2656 2357 2708 in
2385 2656 2556 2710 Deum
2588 2654 2881 2708 habiturus
2909 2663 2992 2708 est
3046 2671 3058 2706 :
3107 2669 3234 2723 spes
3275 2661 3459 2707 autem

1869 2747 1927 2800 in
1955 2748 2150 2810 Deum,
2177 2762 2208 2799 a
2245 2754 2463 2799 terrena
2501 2745 2652 2798 omni
2699 2744 2927 2798 libidine
2965 2752 3182 2814 separat
3215 2761 3228 2796 :
3263 2743 3332 2797 ab
3373 2743 3462 2800 his

1871 2837 2112 2907 denique
2145 2843 2438 2908 separatus
2466 2837 2701 2900 animus,
2733 2835 3054 2890 charitatcm
3083 2835 3461 2908 nansciscetur

1870 2945 1990 2999 qua:
2020 2928 2086 2982 ad
2115 2928 2286 2980 Deum
2315 2931 2416 2980 est.

1941 3019 1993 3072 4.
2024 3017 2125 3084 Qui
2153 3018 2326 3070 Deum
2349 3014 2548 3084 diligit,
2576 3013 2792 3068 cunctis
2823 3013 2891 3067 ab
2926 3029 2992 3068 eo
3024 3013 3281 3079 conditis,
3311 3013 3462 3069 illius

189 3089 495 3158 γεγονότων
541 3091 787 3160 προτιμᾷ
824 3088 921 3159 τὴν
952 3090 1154 3157 γνῶσιν
1179 3089 1368 3154 αὐτοῦ,
1405 3093 1500 3145 καὶ
1529 3093 1768 3147 ἀδιαλεί-

1893 3109 2247 3179 :ognitionem
2277 3121 2340 3160 ac
2385 3105 2668 3160 scientiam
2719 3105 3038 3174 anteponit;
3083 3105 3244 3174 eique
3291 3105 3462 3160 animi

193 3199 344 3244 πτως
370 3180 459 3235 διὰ
479 3181 575 3234 τοῦ
611 3181 801 3244 πόθου,
834 3181 1005 3251 ταύτῃ
1035 3187 1456 3252 προσκαρτερεῖ.

265 3272 323 3328 ε’.
365 3274 430 3326 Εἰ
472 3273 650 3327 πάντα
698 3272 770 3325 τὰ
811 3272 939 3324 ὄντα
985 3273 1071 3325 διὰ
1117 3274 1210 3326 τοῦ
1241 3273 1376 3326 Θεοῦ
1409 3275 1635 3330 καὶδιὰ
1677 3277 1770 3332 τὸν

190 3365 324 3420 Θεὸν
353 3365 566 3435 γέγονε·
582 3367 847 3437 κρείττων
870 3364 962 3416 δὲὸ
985 3364 1115 3428 Θεὸς
1143 3365 1252 3418 τῶν
1281 3367 1350 3418 δι’
1371 3365 1534 3419 αὐτοῦ
1549 3369 1770 3436 γεγονό-

189 3473 318 3512 των·
333 3460 361 3512 ό
375 3455 806 3528 καταλιμπάνων
823 3455 916 3508 τὸν
928 3455 1029 3508 Θεὸ
1040 3473 1058 3507 ν
1075 3456 1164 3509 τὸν
1179 3457 1389 3528 ἅσυγκρ
1401 3459 1522 3520 ίτως
1537 3458 1774 3530 κρείττο-

192 3567 284 3611 να,
321 3551 417 3602 καὶ
439 3550 552 3612 τοῖς
580 3547 821 3619 χείροσιν
846 3547 1323 3617 ἐνασχολούμενος,
1351 3548 1624 3602 δείκνυσιν
1645 3549 1772 3602 ἑαυ-

193 3641 286 3693 τὸν
319 3639 669 3712 προτιμῶντα
701 3637 794 3690 τοῦ
825 3636 982 3704 Θεοῦ,
1016 3638 1086 3692 τά
1117 3639 1183 3692 δι’
1213 3639 1380 3691 αὐτοῦ
1415 3641 1700 3708 γεγονότα.

268 3829 343 3889 ς’.
369 3823 454 3875 ,Ὀ
493 3823 558 3893 τῇ
609 3823 690 3884 είς
729 3819 862 3872 Θεὸν
914 3817 1101 3888 ἀγάπῃ
1148 3818 1240 3870 τὸν
1275 3817 1398 3872 νοῦν
1436 3819 1574 3890 ἔχων
1605 3835 1775 3891 προσ-

202 3913 503 3984 ηλωμένον,
552 3909 772 3962 πάντων
817 3907 924 3960 τῶν
970 3907 1286 3978 ὁρωμένων,
1326 3906 1422 3959 καὶ
1473 3907 1638 3960 αὑτοῦ
1678 3906 1773 3961 τοῦ

197 4003 472 4072 σώματος,
506 4001 580 4064 ὡς
601 3999 882 4070 ἀλλοτρίου
914 3999 1264 4068 καταφρονεῖ.

269 4096 332 4159 ζ’.
379 4095 441 4147 Et
483 4093 752 4166 κρείττων
793 4091 888 4144 τοῦ
949 4091 1199 4160 σώματος
1247 4091 1280 4161 ἠ
1333 4090 1478 4160 ψυχή
1505 4090 1620 4162 (5)·
1677 4092 1774 4146 καὶ

195 4187 464 4257 κρείττων
511 4183 606 4236 τοῦ
647 4183 856 4254 κόσμου
899 4183 1249 4253 ἀσυγκρῖτως
1305 4183 1334 4235 6
1379 4183 1574 4245 κτίσας
1614 4183 1774 4238 αὑτὸν

195 4279 328 4342 Θεός
347 4295 360 4308 ·
396 4279 424 4331 6
451 4276 735 4347 προτιμῶν
757 4273 858 4344 τῆς
883 4271 1065 4344 ψυχῆς
1094 4274 1157 4326 τὸ
1181 4271 1364 4343 σῶμα,
1383 4273 1477 4326 καὶ
1501 4273 1598 4327 τοῦ
1637 4273 1773 4328 Θεοῦ

1878 3197 2155 3264 desiderio
2185 3211 2248 3250 ac
2275 3210 2460 3249 amore
2491 3196 2829 3248 incessanter
2860 3195 3150 3248 incumbit.

1950 3293 2000 3346 5.
2030 3291 2167 3345 Cum
2195 3289 2378 3343 omnia
2409 3303 2531 3358 qua:
2564 3295 2712 3352 sunt,
2743 3287 2854 3340 Deo
2887 3297 3110 3340 auctore
3140 3303 3202 3341 ac
3234 3295 3464 3358 propter

1877 3385 2052 3439 Deum
2093 3381 2314 3437 condita
2351 3380 2494 3444 sint;
2545 3379 2724 3448 sitque
2757 3379 2923 3441 Deus,
2951 3378 3019 3432 iis
3069 3395 3190 3448 quae
3223 3379 3340 3448 ipso
3367 3395 3466 3434 au-

1879 3485 2030 3531 ctore
2066 3473 2284 3529 condita
2319 3478 2469 3534 sunt,
2526 3471 2686 3540 longe
2723 3470 3104 3539 praestantior;
3148 3469 3244 3538 qui
3288 3469 3465 3526 Deum

1879 3567 2016 3621 citra
2055 3559 2275 3618 Omnem
2307 3559 2774 3630 comparationem
2811 3560 3094 3613 meliorem
3123 3560 3460 3630 relinquens,

1879 3656 2253 3712 deterioribus
2304 3659 2610 3726 addicitur;
2671 3660 2903 3714 minoris
2952 3675 3012 3714 se
3069 3659 3242 3714 Deum
3283 3659 3465 3715 facere

1879 3749 2142 3813 ostendit,
2177 3765 2341 3818 quam
2374 3766 2496 3818 quae
2529 3751 2623 3803 illo
2656 3759 2884 3805 auctore
2915 3749 3136 3804 condita
3170 3758 3320 3806 sunt.

1949 3839 2002 3893 6.
2038 3838 2142 3904 Qui
2169 3839 2424 3893 charitati
2463 3839 2520 3892 in
2552 3840 2720 3891 Deum
2749 3854 2847 3892 cor
2882 3837 3100 3892 aflixum
3131 3839 3317 3904 habet,
3341 3855 3462 3909 qua:

1881 3931 1938 3985 in
1983 3942 2262 3998 aspectum
2315 3929 2520 3982 cadunt
2559 3929 2767 3992 omnia,
2829 3929 3121 3998 ipsumque
3163 3929 3302 3983 adeo
3340 3945 3462 3984 cor-

1877 4031 2004 4088 pus,
2039 4014 2343 4072 contemnit
2375 4023 2632 4083 tanquam
2669 4015 2932 4068 alienum.

1951 4108 2002 4161 7.
2040 4106 2176 4162 Cum
2229 4107 2410 4160 anima
2439 4123 2670 4177 corpore
2710 4106 2906 4160 melior
2935 4105 3040 4172 sit;
3087 4106 3340 4176 Deusque
3384 4107 3462 4162 ci-

1880 4208 1966 4255 tra
2000 4216 2219 4255 omnem
2259 4199 2728 4268 comparationem
2760 4198 3105 4268 praestantior
3135 4198 3204 4252 sit
3231 4198 3456 4264 mundo,

1881 4305 2045 4361 quem
2076 4289 2364 4345 condidit:
2397 4293 2490 4359 qui
2530 4303 2730 4358 corpus
2774 4288 2988 4350 animae,
3029 4289 3250 4358 Deoque
3295 4305 3462 4343 mun-

195 4369 290 4423 τὸν
320 4367 426 4422 ὑπὸ
449 4366 613 4420 αὑτοῦ
643 4363 930 4420 κτισθέντα
959 4363 1184 4434 κόσμον,
1209 4363 1365 4417 οὐδὲν
1416 4363 1526 4418 τῶν
1567 4364 1774 4418 είδωλο-

1893 4381 2013 4435 dum
2047 4381 2116 4435 ab
2159 4381 2276 4450 ipso
2323 4379 2624 4444 conditum,
2671 4379 2976 4448 anteponit,
3025 4378 3090 4441 is,
3137 4378 3204 4432 ab
3245 4377 3314 4432 iis
3363 4378 3460 4448 qui

197 4459 544 4530 λατρούντων
563 4457 892 4524 διενήνοχεν.

273 4549 343 4614 η’.
395 4547 452 4600 '0
501 4546 590 4598 τὸν
629 4544 754 4598 νοῦν
795 4543 894 4614 τῆς
937 4543 1016 4605 είς
1061 4542 1192 4595 Θεὸν
1224 4543 1444 4612 ἀγάπης
1475 4543 1569 4596 καὶ
1599 4560 1773 4614 προσ·-

295 4591 305 4618 ,
330 4589 343 4601 .

199 4641 413 4710 εδρείας
455 4637 828 4708 ἀποχωρίσας,
865 4635 959 4688 καί
1001 4651 1108 4686 τινι
1142 4633 1252 4686 τῶν
1296 4633 1572 4704 αἰσθητῶν
1602 4653 1774 4707 προσ-

199 4731 482 4800 δεδεμένον
515 4728 674 4797 ἔχων,
706 4721 860 4789 οὗτός
888 4727 1004 4777 ἐστι
1026 4727 1052 4777 6
1077 4723 1360 4793 προτιμῶν
1389 4725 1486 4793 τῆς
1515 4723 1694 4794 ψυχῆς
1717 4727 1778 4780 τδ

205 4822 386 4892 σῶμα,
431 4821 523 4873 καὶ
566 4819 660 4872 τοῦ
695 4819 980 4879 κτίσαντος
1023 4815 1180 4874 Θεοῦ.
1217 4815 1284 4868 τὰ
1307 4815 1398 4867 ὑπ’
1427 4817 1590 4870 αὐτοῦ
1625 4835 1780 4890 γεγο-

203 4913 353 4966 νότα.

277 5009 290 5023 '
311 5003 458 5058 ldem
491 4999 710 5054 videtur
740 5013 808 5052 ac
831 4996 1141 5068 οίηματίας.

279 5094 348 5165 (ε)
409 5089 712 5158 Ὑπομονὴ
767 5088 886 5165 καὶ.
911 5086 1303 5165 μακρρθυμία.
1352 5086 1540 5165 ἓῘιηηςίι
1586 5095 1788 5160 passim

207 5157 505 5222 maximus,
553 5157 614 5214 ut
644 5165 773 5230 sunt
805 5157 992 5230 afﬁnes
1034 5157 1302 5230 virtutes,
1349 5157 1604 5230 idemque
1649 5177 1788 5230 pene

207 5235 384 5290 amba:
409 5245 571 5284 voces
599 5229 932 5299 significant.
951 5226 1114 5299 Quod
1163 5225 1382 5299 passim
1406 5225 1788 5288 reddunt—0b-

209 5320 328 5371 snp.
357 5311 412 5356 et
437 5300 602 5371 Gesn.
631 5295 740 5364 hic,
769 5307 824 5350 et
852 5313 907 5348 n.
937 5297 1005 5371 ιω
1033 5312 1044 5348 :
1071 5295 1130 5346 τὸ
1157 5295 1788 5371 ὑπομονῇ-ρρνδᾉευωάη-

209 5364 308 5434 ιὶᾰ,
341 5387 451 5424 non
485 5370 618 5423 satis
641 5384 712 5422 ex.
732 5364 1008 5438 communi
1039 5380 1138 5438 usu
1163 5367 1393 5438 csl,__et_si
1421 5364 1610 5438 Matth.
1643 5385 1786 5438 xxw,

209 5433 347 5499 illud
379 5459 391 5493 :
417 5443 444 5492 ὁ
475 5440 773 5508 ὑπομείνας
807 5437 883 5508 εἰς
909 5433 1079 5508 τέᾈος,
1116 5434 1230 5501 ipsc
1261 5433 1413 5508 V_’t_l_lg.
1450 5437 1663 5504 reddat,
1692 5433 1792 5506 Qui

209 5501 620 5584 perseveraverit
659 5501 825 5584 usque
865 5506 918 5584 in
960 5501 1156 5584 ﬁnem;
1199 5501 1788 5584 retldi'mqueApUSs‘it,

214 5575 305 5653 'qui
331 5579 658 5636 sustinuerit,
687 5575 994 5653 patientiam
1021 5575 1262 5635 tenuerit,
1289 5585 1393 5627 etc.
1426 5575 1792 5653 Quod’sequi’.

217 5642 326 5714 fur,
359 5653 532 5720 ﬁxa?
560 5642 750 5720 εκμεεῇ
773 5642 1356 5720 ἐγκράτειαιῄῐιιιίὶιη.
1379 5661 1568 5720 vocent
1622 5642 1789 5720 alter,

216 5709 476 5788 acquisita
501 5709 820 5770 continentia
843 5709 1050 5779 reddit,
1079 5709 1238 5779 alter,
1263 5713 1606 5773 universalis:
1633 5709 1791 5788 longe

1877 4471 2040 4526 idolis
2073 4471 2280 4525 cultum
2318 4467 2605 4535 adhibent,
2635 4469 2820 4523 differt
2847 4469 3006 4522 nihil.

1953 4564 2006 4620 8.
2039 4563 2142 4630 Qui
2169 4573 2409 4618 mentem
2443 4579 2472 4616 a
2515 4563 2786 4616 charitate
2830 4561 2885 4614 in
2917 4562 3109 4628 Deum,
3138 4561 3362 4633 jugique
3403 4562 3460 4618 in

1882 4673 2010 4712 eum
2044 4655 2226 4710 studio
2256 4655 2608 4718 abstraxcrit,
2658 4671 2721 4709 ac
2755 4663 3100 4708 terrenorum
3152 4655 3314 4712 alicui
3361 4655 3461 4710 de-

1885 4751 2122 4804 vinctam
2160 4747 2438 4810 habuerit,
2468 4747 2554 4800 hic
2581 4762 2781 4815 corpus
2813 4745 3029 4809 animae,
3057 4761 3122 4799 ac
3145 4763 3264 4816 qua:
3287 4763 3318 4802 a
3349 4747 3462 4804 Deo

1889 4839 2107 4896 condita
2144 4845 2294 4898 sunt,
2327 4837 2596 4892 conditori
2629 4837 2740 4891 Deo
2771 4837 3074 4907 anteponit.

1889 5102 1995 5155 alio
2026 5108 2256 5169 spectat.
2304 5097 2586 5168 Significat
2635 5099 2723 5152 illa
2759 5099 2980 5166 quidem
3014 5099 3146 5152 alias
3175 5099 3464 5168 quamdam

1888 5169 2320 5238 complexionem
2378 5185 2441 5240 ac
2496 5169 2995 5240 universalitatem;
3053 5169 3141 5221 hic
3191 5185 3321 5222 vero
3368 5173 3464 5240 τῆς

1887 5241 2210 5309 ἐγκρατείας
2243 5239 2520 5306 propriam
2571 5239 2834 5292 rationem
2860 5239 3126 5306 designat,
3163 5255 3268 5308 qua
3319 5239 3466 5296 velut

1887 5309 2228 5377 constringat
2265 5316 2555 5376 teneatque
2589 5323 2652 5360 ac
2681 5309 2960 5361 contineat
3004 5309 3266 5370 animum,
3301 5323 3368 5361 ne
3409 5323 3467 5362 se

1889 5379 2206 5447 passionum
2239 5393 2416 5446 pugna
2461 5378 2658 5430 abduci
2704 5377 2848 5431 sinat
2875 5393 2937 5430 ac
2970 5377 3110 5430 trahi
3147 5379 3200 5430 in
3235 5392 3468 5435 (sitien-

1895 5463 2014 5501 sum
2046 5465 2058 5499 :
2091 5447 2194 5500 hoc
2236 5449 2382 5500 enim
2417 5447 2707 5500 continens
2741 5447 2928 5500 differt
2957 5463 2986 5499 a
3024 5456 3380 5516 temperante,
3413 5447 3468 5501 in

1897 5533 2006 5586 quo
2029 5518 2138 5585 jam
2183 5517 2359 5569 sedati
2403 5518 2516 5570 sint
2552 5517 2804 5580 affectus,
2839 5525 2898 5569 ut
2931 5517 3048 5570 sine
3081 5531 3258 5586 pugna
3294 5516 3475 5586 conti-

1897 5585 2043 5648 neat,
2072 5594 2128 5638 ct
2155 5586 2311 5656 quasi
2351 5601 2416 5638 ex
2439 5586 2650 5656 habitu
2688 5587 2964 5655 perfecto;
3001 5585 3321 5656 πρακτικὴ
3369 5585 3474 5641 ita‘

1898 5671 2025 5726 que,
2051 5670 2174 5723 qua:
2203 5653 2272 5708 sit
2297 5655 2452 5725 quasi
2481 5653 2728 5726 περιοχῆ,
2761 5656 3064 5718 praesidium
3077 5653 3135 5709 ἐι
3163 5653 3404 5711 munitio.
