3876 6314
455 286 559 350 963

1635 280 1694 339 S.
1736 276 2025 340 MAXIM!
2064 275 2575 340 CONFESSORIS

3637 282 3745 348 ﬁt

528 400 581 455 9.
619 395 757 453 Cum
800 394 967 451 animi
996 393 1128 460 vita,
1153 393 1396 450 scientiae
1442 390 1740 447 illustratio
1763 391 1855 453 sit,
1888 404 2036 444 eam-

2218 389 2283 444 0'.
2325 391 2389 445 Ei
2434 393 2467 463 ἡ
2504 391 2620 461 ζωὴ
2653 390 2747 446 τοῦ
2786 391 2880 446 νοῦ
2908 393 2938 446 ὁ
2969 391 3248 464 φωτισμός
3285 393 3405 447 ἐστι
3449 392 3561 466 τῆς
3603 398 3741 464 γνώ-
3844 422 3845 457 ;

460 506 568 560 que
596 490 779 561 pariat
806 503 928 557 quae
960 484 1019 545 in
1053 487 1228 541 Deum
1261 493 1349 540 est
1373 483 1646 549 charitas;
1691 480 1955 552 praeclare
1986 478 2043 535 id

458 584 691 645 dictum,
722 580 912 635 divina
946 579 1213 634 charitate
1245 575 1385 632 nihil
1411 590 1534 630 esse
1562 574 1757 644 majus.

537 674 623 729 1ο.
650 673 788 729 Cum
815 686 1005 726 amore
1036 669 1324 725 charitatis
1351 667 1568 722 animus
1616 665 1683 719 ad
1728 665 1900 718 Deum
1948 658 2045 719 ex-

459 765 709 828 cesserit,
748 772 882 818 tunc
915 776 1093 831 neque
1142 775 1223 824 se,
1253 772 1433 827 neque
1479 756 1644 811 ullam
1690 769 1918 825 prorsus
1958 768 2044 809 re-

465 873 586 913 rum
621 855 912 926 persentit.
943 853 1137 907 Divina
1168 851 1316 905 enim
1347 864 1412 903 ac
1443 847 1655 902 inﬁnita
1686 847 2045 900 collustratus

463 952 609 1013 luce,
640 963 828 1002 earum
857 961 1040 1000 rerum
1072 959 1193 1013 qua:
1226 944 1339 996 Deo
1376 950 1602 996 auctore
1629 939 1850 994 condita
1890 947 2040 1003 sunt,

461 1041 614 1096 nullo
645 1055 810 1094 sensu
847 1037 1120 1107 tangitur;
1168 1034 1313 1089 haud
1336 1048 1496 1088 secus
1523 1047 1587 1087 ac
1613 1048 1670 1086 se
1692 1032 1887 1086 oculus
1911 1045 2042 1084 scn-

461 1134 620 1189 sibus
646 1132 899 1202 objectus
920 1127 987 1184 ad
1018 1128 1204 1183 stellas
1233 1127 1421 1190 habet,
1451 1133 1644 1181 exortu
1674 1124 1825 1179 solis.

535 1323 619 1378 ll.
656 1321 794 1377 Cum
834 1333 1026 1374 omnes
1056 1318 1290 1371 virtutes
1319 1331 1477 1386 opem
1528 1313 1711 1368 animo
1750 1311 1931 1366 ferant
1981 1317 2043 1365 ut

463 1413 530 1469 ad
571 1413 819 1468 divinum
852 1423 1093 1464 amorem
1122 1407 1401 1471 enitatur;
1448 1404 1692 1459 omnium
1725 1403 1957 1456 maxime
1985 1400 2038 1455 id

463 1512 685 1575 praestat
709 1517 845 1573 pura
895 1499 1094 1553 oratio.
1148 1498 1255 1551 Per
1281 1510 1401 1549 eam
1444 1494 1590 1548 enim
1626 1493 1776 1545 velut
1829 1492 2040 1544 alarum

465 1594 695 1664 remigio
748 1593 804 1646 in
863 1591 1036 1645 Deum
1083 1587 1401 1651 subvectus,
1455 1582 1672 1638 cunctis
1730 1580 1898 1635 rebus
1940 1594 2037 1633 ex-

465 1685 635 1742 cedit.

536 1776 625 1830 12.
666 1773 770 1830 Ubi
810 1787 908 1841 per
937 1770 1261 1825 charitatem
1310 1765 1509 1821 divinm
1534 1763 1775 1818 scientia:
1822 1759 2048 1830 fulgori-

456 1867 569 1939 bus
596 1874 784 1935 raptus
819 1863 1034 1917 animus
1063 1860 1251 1923 fuerit,
1282 1858 1558 1926 rebusque
1589 1853 1861 1909 excedens
1901 1851 2048 1906 divi-

464 1970 590 2009 nam
634 1952 959 2006 inﬁnitatem
996 1948 1353 2019 persenserit,
1399 1954 1530 1999 tunc
1577 1944 1632 1997 in
1682 1942 1852 1996 divini
1899 1941 2049 1994 Isaiae

465 2060 677 2100 morem
709 2058 821 2113 prae
850 2051 1078 2110 stupore
1105 2039 1160 2093 in
1195 2053 1306 2093 sua:
1340 2034 1667 2090 humilitatis
1700 2047 1922 2087 sensum
1953 2045 2050 2085 ve-

465 2136 647 2198 niens,
701 2132 983 2204 prOphetze
1014 2130 1185 2184 verba
1234 2127 1433 2182 all‘ectu
1481 2125 1774 2195 loquitur:
1821 2121 2050 2178 Omiser

464 2244 580 2298 ego,
626 2225 763 2296 quod
795 2234 1133 2294 compunctus
1167 2238 1284 2275 sum
1304 2221 1324 2274 .'
1374 2219 1535 2291 397
1566 2216 1705 2288 quod
1738 2217 1890 2270 homo
1928 2231 2048 2267 cum

464 2319 585 2379 sim,
615 2325 661 2369 et
692 2314 963 2368 immunda
1006 2310 1146 2364 labia
1176 2310 1417 2369 habeam,
1446 2309 1502 2361 in
1545 2306 1712 2361 medio
1740 2303 1921 2376 pepuli
1942 2303 2046 2356 im-

466 2405 664 2461 munda
697 2405 840 2458 labia
873 2402 1131 2463 habentis,
1179 2417 1272 2471 ego
1318 2400 1526 2465 habito;
1560 2406 1611 2452 et
1662 2411 1836 2468 regem
1868 2388 2049 2449 Domi-

467 2514 595 2550 num
621 2493 850 2550 Sabaoth
879 2493 983 2547 vidi
1014 2492 1177 2547 oculis
1217 2492 1342 2546 meis
1370 2492 1409 2545 '.

537 2680 624 2734 l5.
659 2677 804 2734 Fieri
854 2690 964 2730 non
1013 2684 1214 2747 potest,
1249 2682 1312 2730 ut
1361 2673 1456 2745 qui
1491 2673 1665 2728 Deum
1705 2670 1903 2742 diligit,
1934 2683 2047 2724 non

465 2771 633 2830 etiam
664 2769 972 2840 proximum
1004 2767 1149 2822 sicut
1175 2766 1417 2836 seipsum
1449 2763 1672 2835 diligat;
1722 2761 1940 2817 tametsi
1982 2759 2048 2814 il-

467 2867 644 2920 lorum
676 2863 905 2918 aifectus
937 2870 994 2917 et
1022 2860 1177 2927 vitia,
1215 2860 1310 2930 qui
1355 2858 1597 2913 nondum
1634 2855 1848 2927 purgati
1894 2859 2043 2919 sunt,

464 2971 608 3028 aegre
639 2954 826 3037 (erati:
867 2954 1077 3010 idcirco
1112 2952 1276 3007 etiam
1310 2950 1440 3005 dum
1473 2965 1567 3004 eos
1600 2946 1848 3005 converti
1891 2952 1949 3000 et
1974 2941 2043 2998 ad

2146 499 2318 546 σεως’
2351 482 2542 537 τοῦτον
2577 482 2637 536 δὲ
2671 484 2706 553 ἠ
2757 484 2836 546 είς
2870 482 3004 536 Θεὸν
3042 482 3228 554 ἀγάπη
3277 483 3498 563 τίκτει)
3532 485 3740 553 καλῶς,
3844 484 3845 489 “

2143 573 2313 628 οὐδὲν
2335 572 2434 642 τῆς
2459 573 2611 638 θείας
2635 573 2877 641 ἀγάπης,
2915 575 3156 644 εἴρηται,
3189 574 3403 644 μεῖζον.

2217 669 2269 718 ι’.
2312 663 2484 716 Ὅταν
2528 663 2608 732 τῷ
2640 664 2806 735 ἔρωτι
2836 663 2935 731 τῆς
2964 664 3188 733 ἀγάπης
3217 664 3356 734 πρὸς
3391 664 3536 717 Θεὸν
3563 667 3597 717 δ
3620 666 3741 730 νοῦς

2146 758 2385 829 ὲκδημῇ,
2405 758 2529 810 τότε
2559 757 2683 811 οὕτε
2715 756 2910 810 ἑαυτοῦ
2944 755 3065 810 οὔτε
3089 756 3230 819 τινὸς
3260 757 3372 809 τῶν
3402 758 3740 813 δντωνπαν-

2142 851 2351 905 τάπασι
2373 850 2787 904 ἐπαισθάνεται.
2835 847 2973 901 Ὑπὸ
2993 851 3104 917 γάρ
3140 846 3236 900 τοῦ
3268 847 3426 900 θείου
3455 850 3558 901 καὶ
3589 852 3741 903 ἀπεί-

2144 958 2240 1013 ρου
2276 941 2451 1009 φωτὸς
2481 940 2995 1009 καταλαμπόμενος,
3028 939 3352 1009 ἀναισθητεῖ
3378 941 3532 1010 πρὸς
3564 941 3738 993 πάντα

2142 1032 2212 1085 τά
2251 1032 2342 1084 ὑπ’
2382 1031 2549 1083 αὐτοῦ
2598 1031 2895 1099 γεγονότα·
2946 1030 3200 1099 καθάπερ
3257 1029 3358 1081 καὶ
3399 1033 3433 1083 ὁ
3481 1030 3737 1099 αἰσθητὰς

2141 1121 2418 1191 ὀφθαλμός
2453 1122 2590 1193 πρὸς
2615 1123 2744 1185 τοὺς
2786 1122 3043 1193 ἀστέρας,
3067 1120 3162 1174 τοῦ
3201 1120 3359 1191 ἡλίου
3408 1122 3737 1175 mamma».

2140 1234 2253 1280 τος.
2381 1243 2384 1246 ~

2217 1318 2305 1365 ια’.
2351 1311 2531 1363 Πᾶσαι
2572 1308 2672 1379 μὲν
2707 1308 2764 1361 αί
2793 1307 2988 1379 ἀρεταὶ
3027 1305 3355 1376 συνεργοῦσι
3380 1305 3469 1375 τῷ
3498 1306 3580 1375 νῷ
3606 1306 3740 1374 πρὸς

2140 1404 2231 1456 τὸν
2262 1403 2403 1456 θεῖον
2432 1401 2630 1472 ἔρωτα,
2656 1400 2820 1452 πλέον
2845 1400 2902 1452 δὲ
2928 1400 3145 1454 πάντων
3170 1402 3204 1469 ἡ
3225 1398 3456 1469 καθαρὰ
3494 1415 3736 1468 προσεο-

2140 1497 2236 1566 χή.
2264 1494 2363 1546 Διά
2384 1492 2588 1562 ταύτης
2611 1493 2719 1561 γὰρ
2745 1492 2884 1562 πρὸς
2909 1491 3002 1545 τὸν
3033 1491 3167 1557 Θεὸν
3195 1491 3404 1563 πτεροῦ
3414 1507 3618 1562 μενος,
3635 1489 3737 1555 ἔξω

2142 1587 2351 1655 γίνεται
2380 1584 2600 1638 πάντων
2625 1584 2735 1637 τῶν
2770 1584 2957 1637 ὄντων.

2220 1765 2308 1838 ιβ’,
2339 1767 2505 1819 Ὀταν
2533 1763 2620 1817 διὰ
2641 1760 2742 1832 τῆς
2770 1760 2992 1831 ἀγάπης
3015 1759 3119 1813 ὑπὸ
3151 1760 3250 1830 τῆς
3288 1756 3448 1822 θείας
3481 1758 3739 1827 γνώσεως

2140 1863 2173 1917 ,ό
2198 1859 2321 1921 νοῦς
2357 1858 2605 1926 ἁρπαγῇ,
2645 1854 2740 1909 καὶ
2782 1851 2887 1917 ἔξω
2923 1852 3216 1921 γενόμενος
3262 1850 3377 1903 τῶν
3427 1850 3614 1913 ὄντων
3643 1851 3736 1918 τῆς

2146 1951 2299 2013 θείας
2343 1946 2738 2015 ἐπαισθάνηται
2780 1943 3058 2015 ἀπειρίας,
3091 1940 3213 1994 τότε
3263 1941 3411 1994 κατά
3463 1941 3565 1993 τὸν
3599 1940 3736 1993 θεῖον

2156 2041 2389 2102 Ἡσαΐαν
2428 2039 2534 2092 ὑπὸ
2575 2035 2895 2106 ἐκπλήξεως
2920 2034 3000 2096 είς
3035 2030 3393 2100 συναίσθησιν
3424 2030 3607 2083 ἐλθὼν
3643 2030 3735 2101 τῆς

2145 2130 2339 2187 ἑαυτοῦ
2367 2127 2753 2190 ταπεινώσεως
2779 2168 2794 2192 ,
2830 2125 2971 2197 μετὰ
3003 2124 3294 2186 διαθέσεως
3326 2121 3487 2190 λέγει
3528 2124 3601 2176 τά
3647 2121 3735 2175 τοῦ

2144 2223 2429 2295 rupe-gmw
2462 2220 2718 2292 ῥήματα·
2754 2216 2822 2270 Ὧ
2868 2214 3055 2279 τάλας
3075 2212 3209 2283 ἐγὼ.
3241 2212 3333 2266 ὅτι
3366 2211 3732 2280 statas-im

2138 2334 2247 2391 μαι
2263 2333 2277 2347 ι
2302 2315 2391 2369 ὅτι
2414 2311 2726 2381 ἄνθρωπος
2752 2305 2858 2372 ὢν,
2888 2305 2985 2360 καί
3007 2304 3313 2374 ἀκάθαρτα
3334 2303 3521 2372 χείλη
3561 2303 3733 2371 ἔχων,

2143 2409 2214 2464 ἐν
2237 2407 2411 2477 μέσῳ
2444 2400 2599 2459 λαοῦ
2632 2400 2940 2467 ἀκάθαρτα
2971 2397 3143 2466 χείλη
3172 2394 3432 2464 ἔχοντος
3458 2395 3587 2464 ἐγὼ
3612 2410 3719 2447 san

2145 2496 2309 2563 οικῶ,
2332 2496 2433 2551 καί
2466 2495 2573 2549 τόν
2616 2489 2880 2559 βασιλέα
2901 2489 3117 2558 Κύριον
3144 2486 3395 2542 σαόαὼθ
3424 2482 3602 2540 εἶδον
3621 2485 3732 2551 τοῖς

2146 2588 2477 2662 ὀφθαλμοῖς
2497 2604 2638 2657 μου.

2219 2689 2309 2751 ιγ’.
2363 2682 2420 2733 '0
2465 2675 2694 2746 ἀγαπῶν
2725 2672 2817 2727 τὸν
2853 2670 2987 2725 Θεὸν
3006 2668 3105 2738 (4),
3142 2667 3205 2722 οὐ
3244 2666 3479 2722 δύναται
3521 2668 3602 2738 μὴ
3648 2666 3735 2721 καὶ

2146 2776 2323 2829 πάντα
2358 2770 2644 2841 ἄνθρωπον
2692 2767 2770 2828 ὡς
2815 2763 3005 2818 ἑαυτὸν
3032 2761 3339 2831 ἀγαπῆσαι,
3374 2762 3428 2813 εί
3466 2762 3572 2814 καὶ
3603 2760 3733 2830 πρὸς

2142 2869 2213 2922 τὰ
2238 2864 2385 2934 πάθη
2414 2860 2757 2933 δυσχεραίνει
2792 2857 2899 2910 τῶν
2946 2856 3112 2926 μήπω
3151 2853 3618 2922 κεκαθαρμένων,
3646 2851 3731 2904 AA

2144 2963 2241 3020 καὶ
2266 2960 2367 3028 τὴν
2398 2950 2734 3023 ἐπιστροφὴν
2763 2947 2912 3021 [edit
2962 2942 3246 3016 περιστρ,]
3283 2944 3475 2999 αὐτῶν
3520 2943 3730 3014 βλέπω,

467 3047 751 3102 meliorem
802 3035 1017 3117 frugem
1074 3043 1255 3098 redire
1305 3042 1477 3107 videt,
1526 3040 1795 3095 immenso
1844 3035 2041 3109 gaudio

2159 3057 2244 3114 καὶ
2273 3052 2370 3124 τὴν
2394 3045 2702 3117 διόρθωσιν,
2736 3039 3029 3112 ἀμετρήτῳ
3044 3038 3139 3091 καὶ
3165 3035 3530 3107 ἀνεκλαλήτῳ
3559 3035 3727 3107 χαίρει

466 3139 689 3209 gaudet,
722 3153 787 3191 ac
814 3136 961 3205 quod
1002 3151 1105 3189 nec
1132 3133 1314 3188 verbis
1342 3131 1575 3203 exprimi
1602 3129 1797 3201 possit.

541 3230 627 3283 M.
687 3226 1006 3281 lmmundus
1037 3235 1122 3279 est
1170 3225 1389 3278 animus
1443 3220 1808 3287 libidinosus;
1851 3233 2048 3289 nempe

468 3320 682 3375 vitiosis
732 3318 1053 3388 cupiditatis
1102 3324 1265 3385 atque
1314 3314 1427 3369 odii
1472 3310 1897 3383 cogitationibus
1931 3310 2049 3381 ple-

1042 3403 1061 3414 ς

469 3425 595 3464 nus.

541 3500 627 3554 15.
654 3497 758 3564 Qui
786 3497 921 3559 odii,
951 3505 1047 3549 aut
1076 3493 1369 3549 simultatis
1391 3489 1683 3563 vestigium
1710 3489 1930 3562 aliquod
1970 3488 2045 3546 ob

466 3603 857 3659 quamcunque
891 3586 1253 3641 olfensionem
1310 3601 1439 3657 erga
1480 3583 1653 3638 ullum
1687 3596 1915 3654 prorsus
1948 3580 2047 3635 ho-

470 3678 685 3731 minum
722 3675 779 3728 in
831 3673 995 3728 corde
1027 3687 1129 3727 suo
1161 3672 1360 3736 cernit,
1390 3685 1421 3725 a
1465 3669 1737 3724 cbaritate
1783 3666 1840 3721 in
1871 3666 2045 3721 Deum

469 3767 694 3821 omnino
725 3766 935 3821 alienus
966 3763 1207 3828 exsistit;
1246 3761 1393 3832 quod
1422 3775 1620 3830 nempe
1664 3758 1764 3814 Dei
1796 3756 2042 3823 dilectio,

470 3864 594 3913 cu‘m
633 3856 780 3921 odio,
808 3872 903 3912 seu
942 3854 1220 3910 simultate
1253 3853 1518 3908 adversus
1543 3851 1823 3906 hominem
1851 3863 2045 3905 susce-

456 3942 584 4022 pta,
619 3950 897 4004 colizererc
928 3962 1039 4001 non
1079 3946 1272 4017 possit.

541 4042 628 4097 i6.
666 4039 767 4107 Qui
798 4038 970 4109 diligit
996 4053 1098 4101 me,
1131 4035 1265 4091 dicit
1309 4036 1594 4100 Dominus,
1627 4033 1883 4091 mandata
1922 4047 2040 4087 mea

414 4151 426 4162 ·
466 4132 693 4188 servabit
712 4132 752 4184 '.
794 4129 903 4183 Hoc
930 4138 1005 4182 est
1032 4135 1231 4193 autem,
1259 4128 1458 4197 inquit,
1487 4123 1799 4180 mandatum
1843 4138 2039 4187 meum,

466 4230 525 4275 ut
551 4220 781 4290 diligatis
807 4218 1027 4271 invicem
1044 4218 1086 4271 ³.
1120 4217 1308 4288 Itaque
1331 4216 1427 4287 qui
1473 4232 1582 4270 non
1630 4213 1810 4286 diligit
1852 4212 2041 4283 proxi-

468 4331 641 4379 mum,
689 4310 1006 4366 mandatum
1037 4325 1148 4364 non
1197 4317 1401 4364 servat.
1444 4305 1548 4374 Qui
1595 4313 1779 4362 autem
1816 4304 2043 4359 manda-

2145 3146 2308 3292 xatpg:
2352 3229 2687 3309 ’ᾼκάθαρτός
2708 3188 2832 3278 ἔστι
2853 3223 3000 3294 ψυχὴ
3021 3220 3275 3291 ἐμπαθὴς
3305 3219 3387 3291 (ἀ)
3406 3235 3421 3247 -
3454 3216 3725 3289 λογισμῶν

2140 3324 2443 3397 ἐπιθυμίας
2463 3320 2560 3376 καὶ
2593 3318 2788 3391 μίσους
2817 3313 3248 3386 πεπληρωμένη.

2215 3523 2299 3573 ts'.
2350 3517 2412 3571 Ὅ
2434 3514 2582 3585 ἴχνος
2612 3510 2808 3584 μίσους
2845 3509 3061 3581 βλέπον
3093 3510 3153 3563 ὲν
3177 3512 3249 3581 τῇ
3276 3508 3485 3564 ἑαυτοῦ
3534 3510 3724 3581 καρδίᾳ

2142 3609 2230 3667 διὰ
2282 3606 2603 3678 οῑονδήποτε
2660 3605 2909 3673 πταῖσμα
2953 3601 3092 3672 πρὸς
3121 3599 3213 3656 τὸν
3277 3601 3605 3672 οἱανδήποτε
3640 3603 3722 3658 άν-

2142 3701 2383 3772 θρωπον,
2434 3697 2715 3768 ἀλλότριος
2757 3693 3019 3764 τυγχάνει
3058 3693 3296 3763 πάμπαν
3324 3695 3433 3763 τῆς
3466 3695 3553 3756 είς
3595 3694 3722 3747 Θεδν

2138 3793 2393 3862 ἀγάπης·
2421 3788 2556 3844 διότι
2590 3789 2626 3859 ἡ
2660 3789 2741 3852 είς
2769 3785 2904 3839 Θεὸν
2928 3785 3146 3855 ἀγάπη,
3183 3783 3283 3839 τοῦ
3314 3785 3402 3848 είς
3433 3784 3721 3857 ἄνθρωπον

2144 3883 2339 3954 μίσους
2377 3877 2660 3943 παντελῶς
2690 3878 2792 3931 οὐκ
2817 3877 3090 3947 ἀνέχεται.

2216 4064 2313 4125 ις’.
2362 4058 2424 4112 Ὃ
2450 4055 2698 4127 ἀγαπῶν
2710 4071 2806 4126 με,
2839 4054 3004 4126 φησὶν
3029 4056 3058 4109 ό
3086 4054 3314 4126 Κύριος.
3334 4055 3449 4121 τὰς
3475 4056 3723 4116 ἐντολάς

2135 4168 2252 4221 μου
2293 4149 2567 4219 τηρῆσαν
2606 4148 2758 4216 αὕτη
2778 4147 2848 4202 δέ
2877 4148 3050 4202 ἐστιν
3083 4148 3123 4216 ἦ
3153 4145 3377 4209 ἐντολὴ
3397 4149 3441 4215 ή
3466 4148 3606 4217 ἐμὴ,
3628 4147 3716 4200 Ira

2137 4240 2417 4313 ἀγαπᾶτε
2461 4238 2798 4305 ἀλλήλους.
2841 4238 2901 4293 ’ῡ
2935 4235 3031 4293 οὖν
3086 4237 3160 4309 μὴ
3202 4239 3438 4307 ἀγαπῶν
3472 4240 3565 4292 τὸν
3588 4239 3714 4307 ’.τλη-

2141 4335 2280 4399 σίον,
2314 4334 2414 4403 τὴν
2463 4330 2683 4403 δντολὴν
2726 4331 2792 4384 οὐ
2840 4331 3016 4400 τηρεῖ.
3060 4329 3118 4384 '0
3144 4329 3203 4383 δὲ
3239 4329 3341 4400 τὴν
3372 4330 3601 4401 ὶντολὴν
3646 4330 3713 4400 ﬁ

467 4417 584 4460 tum
638 4421 752 4459 non
804 4410 1011 4467 servat,
1054 4402 1102 4457 is
1136 4416 1316 4471 neque
1352 4407 1533 4471 potest
1577 4399 1806 4471 diligere
1851 4396 2039 4453 Domi-

2159 4396 2347 4496 ιηρῶν,
2369 4396 2502 4476 οὐδὲ
2526 4421 2618 4475 τὸν
2637 4396 2860 4492 ⁷Κύριον
2897 4396 3185 4488 ἀγαπῆσαι
3211 4396 3472 4473 δύναται.

467 4512 602 4552 num

536 4588 622 4641 l7.
658 4587 859 4641 Beatus
886 4584 1072 4649 homo,
1102 4581 1199 4652 qui
1226 4596 1444 4637 omnem
1477 4595 1731 4652 peraeque
1755 4579 2035 4635 hominem

464 4679 696 4749 diligere
732 4676 877 4747 potis
906 4683 1013 4730 est.

537 4768 623 4822 18.
670 4766 871 4823 Beatus
903 4767 1089 4831 homo,
1123 4763 1220 4834 qui
1269 4762 1408 4818 nulli
1439 4762 1518 4818 rei
1551 4760 1900 4832 corruptibili
1942 4770 2038 4818 aut

464 4868 833 4929 temporanete
861 4856 1112 4912 addictus
1143 4854 1330 4909 animo
1361 4861 1464 4910 est.

535 4951 618 5004 l9.
659 4949 858 5004 Beatus
890 4962 1065 5013 mens,
1094 4962 1216 5018 qua:
1247 4946 1417 5001 rebus
1448 4945 1705 5001 omnibus
1737 4945 2026 5015 superatis,

459 5043 647 5098 divina
671 5042 876 5113 jugiter
918 5040 1328 5111 pulchritudine
1353 5039 1678 5094 delectatur.

529 5136 620 5189 ευ.
649 5134 752 5198 ριιί
779 5133 961 5188 carnis
999 5148 1188 5187 curam
1232 5133 1288 5186 in
1325 5131 1615 5187 desideriis
1655 5130 1914 5195 faciens",
1958 5129 2030 5185 ob

382 5226 385 5227 ⁷
459 5240 548 5281 res
602 5234 982 5295 temporaueas
1031 5223 1365 5279 simultatem
1415 5221 1681 5277 adversus
1718 5223 2028 5292 proximum

2211 4584 2299 4650 ιζ’.
2338 4585 2627 4654 Μακάριος
2674 4584 2982 4654 ἄνθρωπος,
3030 4583 3060 4636 ό
3103 4581 3285 4638 πάντα
3331 4583 3704 4653 ἄνθρωπονᾶ

2137 4676 2252 4731 ίσου
2283 4678 2572 4748 ἀγαπῆσαι
2603 4675 2855 4747 δυνηθείς
2879 4675 3033 4748 (edit.
3062 4675 3339 4748 δύναται].

2211 4776 2301 4840 ιη’.
2368 4770 2655 4841 Μακάριος
2711 4767 3040 4839 ἄνθρωπος,
3098 4771 3130 4821 ό
3173 4768 3370 4841 μηδενὶ
3423 4773 3703 4842 πράγματι

2136 4861 2362 4933 φθαρτῷ
2391 4861 2423 4932 ἢ
2456 4859 2776 4932 προσκαίρῳ
2815 4859 3231 4931 προσκείμενος.

2211 4952 2292 5007 ιϐ’.
2333 4953 2618 5022 Μακάριος
2642 4951 2670 5003 ὀ
2697 4951 2843 5018 νοῦς,
2880 4954 2910 5005 ὁ
2939 4953 3116 5007 πάντα
3154 4951 3225 5006 τά
3244 4952 3404 5031 ﬁxere.
3442 4955 3699 5027 περάσας.

2135 5044 2230 5099 καὶ
2264 5046 2363 5115 τῆς
2393 5042 2542 5105 θείας
2571 5041 2903 5114 ὼραιότητος
2932 5042 3296 5108 ἀδιαλείπτως
3320 5047 3698 5117 κατατρυᾳῖη.

2206 5138 2278 5188 κ’.
2331 5132 2390 5186 '0
2423 5133 2679 5203 πρόνοιαν
2722 5133 2822 5203 τῆς
2858 5134 3060 5204 σαρκὸς
3108 5136 3190 5197 είς
3242 5135 3548 5207 ιπιθυμίας
3574 5137 3699 5210 [Du

2135 5223 2284 5295 Regii
2321 5221 2641 5294 ιπιθυμίαν]
2676 5224 3020 5294 ποιούμενος,
3069 5225 3166 5278 καὶ
3198 5229 3573 5297 μνησικακίαν
3621 5229 3699 5282 διὰ

530 5382 548 5414 ί
582 5381 686 5436 lsa.
713 5395 788 5446 νι,
820 5380 873 5435 5.
940 5380 961 5411 ³
995 5380 1151 5435 Joan.
1173 5394 1283 5444 xlv,
1316 5378 1401 5434 15.
1442 5378 1463 5411 ³
1494 5378 1649 5434 Joan.
1690 5395 1779 5445 xv,
1808 5379 1894 5436 12.
1970 5379 1994 5413 ⁸
2028 5381 2041 5436 l

2159 5403 2183 5437 ι.
2218 5397 2332 5447 xm,
2364 5382 2450 5437 14.

527 5522 605 5589 (d)
660 5520 835 5589 Ψυχὴ
895 5520 1184 5591 eaeaeae.
1214 5590 1217 5591 ν
1249 5520 1475 5591 Adjecta
1514 5521 1606 5575 illa
1634 5537 1741 5576 vox
1773 5536 1839 5577 ex
1888 5537 2020 5577 mss.

455 5589 616 5715 plane
642 5591 971 5645 necessaria.
993 5589 1344 5644 Tertulliano‘
1366 5597 1452 5644 est
1501 5591 1743 5659 passivus
1789 5593 2018 5657 animus,

477 5658 515 5712 d
545 5669 647 5715 cst.
683 5658 1195 5715 perturbationibus
1242 5668 1409 5715 atque
1452 5659 1602 5715 vitiis
1655 5660 2017 5715 mancipatus.

545 5669 647 5735 cst,
683 5659 1195 5728 perturbationibus
1242 5668 1409 5728 atque
1452 5659 1602 5715 vitiis
1655 5660 2017 5729 mancipatus,

2128 5521 2360 5607 acqupd
2391 5521 2631 5607 reddidi,
2682 5521 3008 5607 libidinosas.
3038 5519 3693 5607 loytqpo‘;_ipsa_cl:=‘ds

2128 5590 2261 5646 vitia
2281 5593 2560 5655 dicuntur,
2596 5593 2741 5661 apud
2793 5592 3113 5649 Cassianum
3146 5590 3213 5649 et
3242 5590 3405 5658 alios,
3444 5592 3587 5663 Περὶ
3609 5590 3693 5642 λο-

2126 5662 2360 5732 γισμῶν,
2385 5670 2471 5717 est
2493 5660 2571 5716 De
2593 5662 2751 5716 uitiis.
