3876 6314
134 302 239 366 965
538 244 541 247 ί
1073 291 1409 354 CAPITUM
1449 290 1548 352 DE
1584 290 2014 352 cumnam
2047 290 2435 354 CENTURIA
2475 294 2524 355 Ι.
2624 356 2627 357 ,
3289 304 3401 371 966,

135 416 451 487 πρόσκαιρα
500 408 633 481 πρὸς
679 409 770 465 τὸν
817 407 1048 480 πλησίον
1084 407 1256 479 ἔχωνο
1282 410 1311 462 6
1334 408 1577 472 τοιοῦτος
1616 408 1711 461 λα-

1844 406 1945 471 lit;
1985 405 2076 462 hic
2126 407 2250 462 talis
2284 412 2554 462 creaturae
2599 404 2769 476 magis
2798 405 2990 475 servit,
3022 424 3188 479 quam
3230 411 3401 471 Crea-

134 509 321 581 τρεύει
353 508 419 574 τῇ
455 506 631 557 κτίσει
654 502 805 574 παρὰ
835 503 926 555 τὸν
952 501 1235 555 κτίσαντα.

209 601 316 649 κα’.
370 595 428 647 '0
462 593 726 662 ἀνήδονον
764 592 859 645 καὶ
898 591 1103 646 ἄνοσονη
1121 590 1182 644 τὸ
1216 590 1377 661 σῶμα
1418 590 1712 662 διατηρῶν,

136 685 425 740 σύνδουλοι)
458 684 591 737 αὐτὸ
628 682 741 754 ἔχει
770 683 905 754 πρὸς
942 684 1044 754 τὴν
1073 682 1182 736 τῶν
1250 683 1578 753 κρειττόνων
1612 684 1717 737 ὁπ-

134 796 171 851 η
179 777 385 849 ρεσίαν.

207 865 315 936 κβ’.
365 865 426 917 ’0
452 863 669 933 φεύγων
712 864 892 927 πάσας
930 863 1031 926 τὰς
1079 860 1353 933 κοσμικὰς
1398 862 1715 932 ἐπιθυμίας,

136 958 323 1026 πάσης
375 956 553 1026 λύπης
590 955 740 1027 [edit.
773 953 926 1024 ὓλης,
956 969 1195 1024 unusque
1245 952 1374 1024 Reg.
1407 962 1454 1007 et
1473 952 1589 1025 Fr.]
1621 971 1715 1007 xo-

139 1049 347 1121 σμικῆς
376 1049 564 1101 ἐαυτὸν
591 1047 866 1118 ἀνώτερον
892 1046 1234 1118 καθίστησιν.

215 1148 324 1209 κγ’.
376 1142 437 1194 Ὀ
464 1142 556 1193 τὸν
601 1140 734 1193 Θεὸν
778 1140 1036 1208 ἀγαπῶν,
1061 1143 1159 1193 καὶ
1192 1140 1284 1193 τὸν
1328 1140 1557 1211 πλησίον
1590 1139 1721 1193 πάν-

136 1249 251 1295 τως
275 1233 487 1303 ἀγαπᾷ.
535 1232 592 1285 Ὀ
633 1231 691 1284 δέ
725 1230 992 1295 τοιοῦτος,
1020 1232 1279 1302 χρήματα
1313 1235 1501 1304 τηρεῖν
1529 1231 1589 1284 οὐ
1621 1232 1716 1285 δύ-

137 1340 325 1387 ναται,
361 1324 476 1377 ἀλλ’
500 1324 780 1393 οἰκονομεῖ
825 1321 1168 1395 θεοπρεπῶς,
1212 1323 1431 1395 ἑκάστῳ
1457 1323 1571 1375 τῶν
1600 1324 1716 1377 δεοο

143 1414 326 1485 μένων
347 1414 626 1484 παρέχων.

214 1504 314 1558 κδ’.
368 1505 425 1558 Ὀ
440 1504 584 1557 κατὰ
610 1503 841 1574 μίμησιν
858 1500 993 1555 Θεοῦ
1022 1500 1120 1571 τὴν
1141 1500 1511 1572 ἐλεημοσύνην
1538 1499 1725 1554 ποιού-

147 1610 332 1664 μενος,
368 1594 469 1646 οὐκ
522 1588 628 1645 οἶδε
676 1592 942 1660 διαφορὰν
998 1591 1238 1661 πονηροῦ
1269 1591 1361 1644 καὶ
1390 1590 1620 1658 ἀγαθοῦ,
1646 1591 1724 1643 δι-

143 1683 307 1737 καίου
337 1683 431 1736 καὶ
466 1683 655 1736 ἀδίκου
690 1684 746 1735 ἐν
778 1668 888 1745 τοῖς
933 1681 1028 1735 τοῦ
1085 1681 1338 1751 σώματος
1367 1680 1719 1748 ἀναγκαίοιςο

1815 499 1923 555 ιοτί
1947 501 1988 554 ⁸.

1884 592 1975 646 2i.
2024 590 2127 657 Qui
2163 606 2365 660 corpus
2404 606 2435 645 a
2471 592 2853 661 voluptatibus
2880 608 2943 647 ac
2975 596 3401 663 :egritudinibus

1816 691 1999 738 servat
2031 681 2288 747 liberum,
2335 697 2603 738 conservo
2644 685 2737 738 illo
2769 692 2955 739 utetur
2996 682 3063 739 ad
3111 687 3402 758 fungendae

1816 776 2044 829 virtutis
2070 775 2463 830 ministerium.

1888 866 1976 919 22.
2010 865 2113 932 Qui
2155 864 2464 919 mundanas
2495 880 2688 919 omnes
2710 867 3042 935 cupiditates
3072 868 3228 937 fugit,
3251 869 3402 923 mimi

1818 974 1876 1014 se
1909 958 2185 1012 mundana
2226 957 2447 1012 tristitia
2486 956 2818 1028 [al.cunctis
2845 975 2904 1013 se
2931 959 3190 1031 terrenis]
3235 976 3402 1031 supe-

1818 1050 2021 1104 riorem
2065 1049 2215 1105 facit.

1889 1143 1979 1197 2'5.
2007 1141 2108 1208 Qui
2146 1143 2317 1197 Deum
2370 1141 2571 1212 diligit,
2603 1142 2830 1196 omnino
2879 1143 3043 1197 etiam
3093 1145 3404 1213 proximum

1821 1234 1998 1305 diligit
2027 1252 2039 1287 :
2078 1234 2168 1303 qui
2203 1242 2386 1289 autem
2432 1234 2701 1305 ejusmodi
2746 1241 2851 1297 est,
2883 1235 3145 1303 pecunias
3181 1249 3403 1289 servare

1821 1342 1929 1380 non
1970 1333 2170 1395 potest,
2210 1325 2309 1379 sed
2346 1325 2530 1380 divine
2557 1341 2651 1380 eas
2696 1325 2997 1395 dispensat,
3046 1326 3277 1396 singulis
3307 1325 3403 1395 qui

1823 1426 2021 1488 egeant
2059 1419 2329 1471 tribuens.

1892 1509 1981 1562 24.
2015 1508 2115 1574 Qui
2151 1508 2246 1562 Dei
2298 1507 2603 1562 imitatione
2638 1509 3040 1578 cleemosynam
3074 1507 3223 1572 facit,
3271 1507 3405 1561 boni

1825 1615 1888 1654 ac
1924 1599 2070 1660 mali,
2103 1599 2234 1670 justi
2266 1608 2321 1652 et
2348 1598 2619 1669 injusti,in
2649 1600 2896 1667 corporis
2935 1599 3264 1654 necessariis
3293 1600 3403 1653 dis-

1830 1694 2047 1747 crimen
2095 1707 2203 1745 non
2239 1691 2411 1752 novit,
2442 1690 2536 1744 sed
2565 1690 2779 1744 cunctis
2810 1691 3095 1759 aequaliter
3121 1707 3220 1760 pro
3246 1691 3408 1761 justas

139 1771 283 1827 ἀλλὰ
307 1776 471 1826 πᾶσιν
501 1773 558 1839 ἐξ
583 1776 698 1827 ἴσου
727 1774 865 1826 κατὰ
889 1771 986 1842 τὴν
1012 1772 1203 1841 χρείαν
1232 1770 1477 1839 διανέμει
1499 1786 1513 1800 ο
1546 1772 1593 1822 εἰ
1627 1770 1721 1823 καὶ

1844 1784 2168 1838 necessitatis
2196 1783 2361 1853 398
2388 1783 2551 1837 modo
2579 1782 2890 1847 distribuit;
2930 1783 3145 1835 tametsi
3181 1792 3409 1852 propter

142 1867 394 1935 προτιμᾷ
422 1864 487 1918 δι’
527 1864 738 1934 ἀγαθὴν
784 1866 1106 1934 προαίρεσιν
1157 1862 1253 1916 τοῦ
1289 1863 1492 1931 φαύλου
1520 1863 1611 1917 τὸν
1640 1864 1724 1917 ἐν·

144 1958 364 2028 ἁρετον.

216 2055 315 2103 κε’.
360 2050 570 2119 Ὥσπερ
601 2048 630 2100 6
666 2047 798 2109 Θεὸς
830 2046 988 2116 φύσει
1023 2047 1099 2099 ὢν
1132 2047 1334 2114 ἀγαθὸς
1358 2048 1451 2100 καὶ
1481 2045 1719 2116 ἀπαθὴς,

144 2143 360 2204 πάντας
394 2142 493 2211 μὲν
519 2141 579 2204 ἐξ
606 2140 719 2192 ίσυυ
742 2141 952 2211 ἀγαπᾷ,
974 2140 1049 2203 ὡς
1079 2139 1214 2212 ἔργα
1241 2139 1409 2192 αὐτοῦ
1429 2156 1443 2169 υ
1467 2138 1601 2192 ἀλλὰ
1630 2138 1721 2191 τὸν

148 2232 251 2301 μὲν
283 2232 537 2302 ἐνάρετον
564 2229 797 2295 δοξάζει,
826 2230 901 2293 ὼς
932 2233 1025 2283 καὶ
1059 2233 1124 2301 τῇ
1169 2228 1363 2300 γνώμῃ
1394 2228 1521 2300 [edit
1547 2238 1596 2283 et
1625 2226 1717 2283 Fr.

138 2323 248 2392 τὴν
304 2321 531 2389 γνῶσιν·
571 2321 709 2375 alter
763 2320 887 2391 Reg.
948 2322 1047 2390 τὴν
1100 2319 1370 2390 γνώμην],
1417 2318 1720 2387 οίκειούμεο

142 2429 239 2465 νον
257 2412 323 2481 (e)
345 2428 359 2443 ⁸
388 2410 478 2463 τὸν
506 2411 561 2463 δὲ
599 2409 826 2479 φαῦλον,
877 2408 945 2461 δι’
981 2409 1292 2478 ἀγαθότητα
1340 2409 1498 2472 ἐλεεῖ,
1541 2410 1634 2463 καὶ
1664 2410 1721 2460 ἐν

140 2499 228 2569 τῷ
259 2501 416 2552 αἰῶνι
464 2499 639 2568 τούτῳ
691 2498 958 2552 παιδεύων
992 2500 1345 2570 ἐπιστρέφειο
1386 2499 1529 2552 οὕτω
1566 2500 1661 2551 καὶ
1691 2501 1720 2552 6

141 2593 217 2662 ’τῇ
243 2589 434 2661 γνώμῃ
473 2589 675 2657 ἀγαθὸς
721 2593 815 2643 καὶ
866 2592 1103 2662 ἀπαθὴς,
1145 2592 1353 2653 πάντας
1405 2590 1726 2660 ἀνθρώπους

145 2685 211 2749 ἐξ
241 2683 355 2735 ίσου
389 2684 612 2753 ἀγαπᾷο
648 2682 741 2736 τὸν
771 2682 871 2751 μὲν
900 2684 1175 2752 ἐνάρετον,
1208 2682 1295 2734 διά
1334 2699 1396 2734 τε
1427 2681 1526 2751 τὴν
1564 2682 1726 2749 φύσιν

143 2772 246 2826 καὶ
284 2772 381 2842 τὴν
417 2773 627 2843 ἀγαθὴν
674 2774 992 2843 προαίρεσιν
1016 2788 1029 2801 ·
1061 2773 1152 2827 τὸν
1190 2772 1247 2824 δὲ
1295 2772 1517 2838 φαῦλον,
1551 2773 1643 2824 διό.
1666 2787 1725 2823 τε

136 2869 247 2938 τὴν
283 2863 465 2932 φύσιν,
524 2866 621 2917 καὶ
663 2864 763 2935 τὴν
801 2864 1145 2934 συμπάθειαν
1194 2864 1362 2916 ἐλεῶν
1412 2862 1485 2925 ὡς
1517 2864 1726 2932 ἄφρονα

145 2956 249 3008 καὶ
280 2957 339 3008 ὲν
371 2956 548 3009 σκότει
573 2956 1052 3027 διαπορευόμενον.

1823 1874 2023 1929 bonam
2072 1876 2431 1939 voluntatem,
2459 1890 2584 1928 eum
2619 1874 2713 1943 qui
2745 1874 2951 1927 virtute
2992 1875 3131 1927 nitet
3176 1888 3241 1929 ac
3286 1883 3405 1927 stu-

1826 1965 2013 2020 diosus
2044 1976 2148 2029 est,
2180 1965 2431 2035 improbo
2463 1964 2769 2032 anteponit.

1892 2055 1981 2109 ‘25.
2016 2054 2489 2122 Quemadmodum
2527 2054 2689 2117 Deus,
2722 2052 2817 2122 qui
2850 2061 3050 2106 natura
3078 2051 3280 2117 bonus,
3305 2067 3409 2105 nec

1824 2146 1951 2200 ullis
2013 2146 2302 2199 aﬂ‘ectilms
2360 2144 2633 2199 obnoxius
2686 2145 2777 2209 sit,
2830 2160 3022 2198 omnes
3078 2144 3299 2213 quidem
3351 2157 3411 2199 ut

1822 2249 1988 2305 opera
2054 2250 2149 2288 sua
2206 2248 2459 2303 peraeque
2513 2232 2727 2302 diligit;
2790 2231 2885 2285 sed
2932 2240 3115 2285 tamen
3149 2246 3274 2285 eum
3312 2229 3407 2297 qui

1821 2325 2029 2380 virtute
2077 2323 2278 2393 fulgeat
2342 2325 2521 2393 sitque
2574 2322 2875 2386 studiosus,
2927 2330 3186 2390 tanquam
3241 2321 3406 2374 etiam

1825 2418 1993 2471 animi
2046 2417 2329 2471 voluntate
2383 2416 2759 2470 necessarium
2809 2414 3099 2477 clarificat;
3174 2412 3408 2481 improbi

1826 2519 2007 2560 autem
2042 2523 2151 2576 prae
2181 2507 2424 2560 bonitate
2459 2506 2773 2568 miseretur,
2809 2519 2874 2557 ac
2902 2503 3174 2573 castigans
3216 2504 3267 2554 in
3306 2503 3409 2555 hoc

1827 2598 2048 2661 smculo,
2077 2599 2349 2651 convertit
2383 2614 2394 2650 :
2438 2596 2518 2651 sic
2555 2605 2611 2650 et
2644 2596 2737 2664 qui
2773 2596 2888 2664 ipse
2933 2595 3099 2648 animi
3136 2594 3410 2648 sententia

1825 2687 1911 2739 vir
1955 2686 2180 2755 probus,
2228 2687 2489 2755 vitiisque
2518 2702 2582 2741 ac
2630 2685 2920 2740 affectibus
2957 2685 3213 2754 superior
3245 2684 3419 2737 exsti-

1826 2776 1914 2839 tit,
1953 2776 2215 2830 mortales
2244 2791 2438 2829 omnes
2487 2792 2554 2831 ex
2585 2790 2745 2845 atquo
2795 2775 3001 2845 diligit;
3060 2790 3186 2829 eum
3230 2784 3411 2828 tamen

1825 2868 1919 2935 qui
1949 2866 2018 2920 sit
2064 2866 2368 2929 studiosus,
2403 2876 2516 2919 tum
2551 2876 2777 2936 propter
2812 2877 3090 2930 naturam,
3132 2876 3242 2920 tum
3281 2881 3411 2935 pro-

1828 2964 1912 3008 ter
1950 2956 2146 3009 bonam
2182 2957 2553 3022 voluntatem;
2599 2973 2725 3012 eum
2756 2967 2937 3012 autem
2966 2960 3058 3027 qui
3092 2959 3165 3013 sit
3210 2960 3415 3021 malus,

146 3055 211 3102 et
241 3057 464 3116 propter
496 3055 769 3135 natura“),
798 3057 989 3116 etquo
1054 3047 1134 3101 illi
1168 3045 1539 3101 miserationis
1601 3044 1798 3099 affectu
1836 3047 2203 3116 impenditur;
2251 3048 2399 3102 illius
2441 3050 2809 3103 miserescens
2856 3049 3011 3118 quasi
3047 3049 3298 3111 amentis,
3354 3055 3417 3102 et

146 3140 248 3209 qui
279 3139 524 3193 ambulet
560 3140 614 3194 in
659 3138 920 3194 tenebris.

226 3238 338 3296 κζ’.
382 3232 458 3284 Οὐ
492 3232 649 3301 μόνον
692 3230 781 3283 διά
823 3199 1173 3299 μεταδόσεως⁸
1197 3227 1496 3299 χρημάτων
1533 3229 1567 3295 ἡ
1603 3225 1721 3279 διά·

1894 3224 1983 3276 26.
2019 3224 2137 3277 Non
2181 3223 2358 3277 solum
2406 3226 2763 3293 pecuniarum
2798 3225 3122 3295 elargitione
3158 3226 3415 3294 proditur

147 3324 303 3387 θεσις
342 3324 440 3392 τῆς
476 3322 697 3389 ἀγάπης
736 3318 1082 3390 γνωρίζεται,
1116 3320 1255 3373 ἀλλὰ
1292 3318 1473 3388 πολλῷ
1524 3318 1725 3387 μᾶλλον

147 3413 241 3466 διὰ
269 3411 608 3482 μεταδόσεως
659 3409 818 3479 λόγου
852 3410 988 3463 Θεοῦ
1037 3411 1130 3463 καί
1173 3409 1494 3479 σωματικῆς
1540 3408 1726 3461 διακο-

147 3519 295 3565 νιας.

230 3596 333 3659 κζ’.
386 3595 446 3647 ὐ
474 3595 584 3657 τοῖς
613 3593 708 3646 τοῦ
754 3592 962 3663 κόσμου
1011 3592 1299 3663 πράγμασι
1331 3590 1479 3664 [εάἰι.
1512 3600 1561 3646 et
1590 3608 1728 3646 unus

148 3684 287 3757 Reg.
316 3687 424 3737 τῶν
462 3683 825 3755 πραγμάτων]
883 3685 1124 3755 γνησίως
1165 3684 1601 3753 ἀποταξάμενος,
1635 3685 1730 3736 καὶ

148 3774 235 3845 τῷ
261 3775 485 3845 πλησίον
516 3775 606 3827 διὰ
637 3775 738 3844 τῆς
771 3775 993 3842 ἀγάπης
1033 3774 1417 3843 άνυποκρίτως
1439 3773 1727 3837 δουλεύων,

151 3868 361 3930 παντὸς
407 3867 614 3930 πάθους
638 3866 849 3936 ταχέως
879 3863 1282 3934 ἐλευθεροῦται,
1320 3864 1416 3916 καὶ
1444 3864 1547 3934 τῆς
1580 3863 1731 3928 θείας

147 3960 378 4029 ἀγάπης
403 3959 495 4012 καὶ
526 3959 778 4025 γνώσεως
818 3957 1042 4029 μέτοχος
1071 3956 1413 4010 καθίσταται.

228 4058 336 4121 κη’.
392 4052 452 4104 ὐ
486 4052 586 4124 τὴν
616 4052 767 4104 θείαν
800 4050 1022 4121 ἀγάπην
1061 4051 1120 4102 ἐν
1163 4047 1339 4118 ἐαυτῷ
1362 4046 1729 4117 κτησάμενος,

147 4144 401 4213 οῦκοπιᾷ
431 4142 833 4196 κατοκολουθῶν
858 4141 1031 4193 ὀπίσω
1048 4139 1249 4209 Κυρίου
1274 4138 1368 4190 τοῦ
1393 4135 1527 4190 Θεοῦ
1544 4134 1732 4200 αὐτοῦ,

153 4234 308 4288 κατὰ
365 4234 456 4286 τὸν
504 4232 647 4286 θεῖον
682 4232 951 4303 Ἰερεμίαν
978 4230 1077 4300 (θ’
1145 4228 1283 4283 ἀλλὰ
1342 4226 1521 4280 πάντα
1567 4225 1732 4280 πόνον

149 4324 461 4393 ὀνειδισμόν
497 4340 556 4376 τε
591 4325 684 4377 καὶ
718 4322 876 4393 φέρει
915 4320 1074 4391 ὓϐριν
1108 4320 1395 4389 γενναίως,
1424 4317 1616 4389 μηδενὶ
1671 4316 1733 4370 τὸ

151 4416 378 4472 σύνολον
406 4415 574 4468 κακὸν
597 4414 966 4482 λογιζόμενος.

230 4506 335 4561 κον.
360 4508 543 4560 ’Ὅταν
575 4504 839 4575 ὑϐρισθῇς
877 4504 1030 4573 παρά
1061 4519 1228 4564 τινος,
1268 4500 1301 4571 ἢ
1339 4498 1396 4553 ἐν
1442 4516 1547 4552 τινι
1581 4498 1732 4563 ἐξου-

151 4599 417 4669 δενωθῇς,
453 4597 574 4650 τότε
611 4565 845 4666 πρόσεχε
892 4565 1145 4655 animo»
1199 4565 1477 4661 λογισμῶν
1507 4591 1604 4661 τῆς
1641 4591 1725 4661 ὀρ-

1844 4603 1896 4643 re
1939 4596 2158 4657 spretus
2188 4587 2375 4653 fueris,
2395 4565 2523 4643 tum
2551 4590 2650 4643 tibi
2685 4565 2800 4661 ipse
2847 4565 3042 4650 ab'iras
3074 4565 3418 4667 cogitatio-ui-
3452 4659 3460 4669 ο

151 4689 285 4758 γῆς,
325 4690 401 4759 μή
437 4704 497 4742 σε
529 4689 626 4758 τῆς
655 4688 875 4757 ἀγάπης
919 4683 1009 4737 διὰ
1039 4683 1139 4753 τῆς
1170 4682 1347 4754 λύπης
1375 4682 1729 4755 χωρίσαντες,

154 4784 217 4836 δν
250 4780 313 4851 τῇ
340 4778 494 4850 χώρᾳ
523 4778 616 4832 τοῦ
650 4777 844 4847 μίσους
874 4775 1311 4843 καταστήσωσιν.

230 4865 294 4922 λ’.
337 4868 507 4920 Ὅταν
538 4864 803 4936 ἐφ’ὕὸρει
850 4863 884 4935 ἦ
939 4862 1137 4933 ἀτιμία
1185 4862 1447 4936 ποιήσῃς,
1495 4861 1732 4929 γίνωσκε

157 4959 388 5015 σεαυτὸν
438 4959 688 5030 μεγάλως
725 4955 1099 5026 ὠφεληθέντα,
1147 4953 1248 5023 τῆς
1285 4952 1588 5018 κενοδοξίας
1645 4952 1735 5006 διὰ

154 5053 257 5123 τῆς
287 5052 507 5121 ἀτιμίας
535 5048 892 5119 οἰκονομικῶς
930 5047 1038 5101 ἀπὸ
1075 5045 1169 5099 σοῦ
1210 5044 1588 5116 ἐκϐληθείσης.

232 5231 255 5262 ⁵
282 5232 441 5286 Rom.
473 5245 511 5294 1,
548 5227 645 5286 25.
714 5228 735 5259 ⁸
760 5226 963 5282 Jercm.
988 5238 1119 5285 xvn,
1158 5220 1209 5277 6.

234 5347 303 5419 (e)
339 5345 563 5419 '09qu
592 5344 663 5412 τῇ
692 5342 891 5419 γνῴμῃ
930 5339 1351 5419 οἰκειούμενρν.
1395 5333 1650 5419 Idem-est
1672 5341 1732 5413 et

157 5403 310 5489 quod
340 5403 437 5471 alii
454 5403 678 5489 habent,
701 5403 712 5413 ’
733 5403 831 5481 τὴν
858 5403 1101 5489 γνῴμην·
1124 5403 1559 5489 ῥυράηγοςοοίίὶ
1590 5403 1734 5489 γνῷ-

163 5472 270 5553 ἆιν,
300 5490 463 5557 paulo
498 5472 799 5557 diversum;
853 5472 956 5534 etsi
975 5472 1253 5557 'is'tud'ad.
1276 5472 1410 5554 illud
1439 5480 1728 5557 sequatur,

161 5545 269 5612 seu,
293 5545 371 5611 illi
429 5571 615 5611 comes
650 5556 764 5623 sit;
808 5564 1018 5623 nempe
1058 5545 1313 5607 scientia,
1346 5545 1571 5623 virtpti;
1607 5557 1732 5622 .qua

164 5636 401 5696 utraque
430 5627 543 5680 Deo
571 5612 955 5696 conciliamur;
972 5618 1134 5695 eique
1161 5612 1585 5696 necessitudine
1605 5612 1732 5696 juLn-_-

162 5679 540 5768 giniiirpquod
564 5696 658 5748 hic
675 5689 869 5746 asserit
891 5679 1176 5741 Maximus.
1196 5682 1329 5737 Male
1359 5683 1544 5750 itaque
1567 5679 1731 5734 ambo

1827 3315 2113 3369 cbaritatis
2166 3314 2415 3378 affectio;
2464 3315 2561 3368 sed
2599 3316 2771 3370 multo
2820 3315 2990 3385 magis
3036 3316 3411 3385 impartitione

1828 3405 2028 3460 divinae
2087 3405 2371 3471 doctrinae,
2423 3422 2488 3461 ac
2538 3408 2844 3477 corporalis
2891 3408 3140 3478 obsequii
3198 3408 3412 3463 exhibi-

1828 3497 1999 3551 tione.

1898 3588 1987 3641 27.
2020 3587 2122 3654 Qui
2157 3589 2339 3643 sarculi
2386 3590 2554 3644 rebus
2580 3606 2709 3645 vere
2738 3607 2915 3661 exque
2944 3594 3128 3649 animo
3154 3599 3415 3654 nuntium

1830 3681 2135 3743 remittens,
2163 3682 2300 3735 citra
2323 3697 2539 3735 omnem
2571 3682 2974 3738 simulationem
3004 3687 3289 3743 charitatis
3314 3691 3417 3746 ob-

1830 3772 2036 3840 sequiis
2087 3774 2337 3840 proximo
2373 3790 2595 3842 operam
2641 3775 2942 3842 impendit;
2990 3780 3137 3831 omni
3190 3782 3301 3835 cito
3348 3783 3418 3835 lix-

1832 3862 2055 3915 beratus
2087 3861 2286 3915 aﬂ'ectu
2330 3870 2493 3930 atque
2540 3862 2694 3927 vitio,
2725 3863 2926 3918 divinae
2960 3867 3239 3937 particeps
3270 3871 3411 3925 dixe,—

1831 3951 2030 4005 ctionis
2075 3951 2429 4020 scientiteque
2468 3953 2673 4006 evadit.

1902 4044 1992 4098 28.
2019 4042 2123 4109 Qui
2155 4042 2394 4097 divinam
2418 4045 2474 4098 in
2497 4030 2555 4099 se
2582 4040 2774 4100 nactus
2802 4056 2886 4101 est
2932 4047 3275 4115 charitatem,
3300 4066 3422 4107 nom

1834 4135 2067 4189 lassatur
2091 4123 2187 4189 alit
2218 4133 2424 4189 fatiscit
2453 4137 2739 4204 sequendo
2768 4147 2892 4205 post
2920 4139 3211 4193 Dominum
3239 4142 3423 4195 Deum

1832 4240 2016 4290 suum,
2047 4226 2201 4296 juxta
2227 4224 2476 4279 divinum
2524 4222 2874 4292 Je'remiam“,
2911 4229 3006 4283 sed
3056 4245 3273 4285 onmem
3331 4233 3418 4291 la-

1834 4316 2047 4381 borem,
2067 4316 2538 4387 opprobriumque
2563 4326 2621 4371 et
2652 4317 2907 4389 injuriam
2938 4320 3064 4374 forti
3091 4321 3272 4375 animo
3297 4323 3418 4377 sul).

1833 4405 1959 4470 fert,
1992 4407 2128 4461 nulli
2159 4422 2390 4476 prorsus
2423 4409 2671 4479 cogitans
2702 4412 2924 4466 malum.

1904 4498 1994 4553 29.
2022 4499 2158 4553 Cum
2199 4500 2268 4554 ab
2301 4501 2486 4570 aliquo
2525 4502 2687 4556 lagsus
2724 4503 2943 4575 injuria,
2988 4507 3072 4561 vel
3130 4508 3184 4563 in
3232 4509 3420 4578 aliqua

1833 4678 1937 4733 bus
1964 4680 2207 4743 attende,
2254 4695 2322 4734 ne
2374 4681 2479 4736 illae
2518 4698 2585 4736 ex
2628 4685 2887 4738 mmstitia
2941 4702 2969 4740 a
3009 4688 3273 4744 cbaritate
3322 4689 3416 4743 ab-

1828 4770 2104 4840 junctum,
2143 4770 2198 4822 iu
2244 4770 2354 4823 odii
2403 4772 2622 4841 regione
2663 4775 3019 4829 constituant.

1906 4860 1996 4914 '50.
2030 4860 2167 4915 Cum
2206 4868 2257 4914 te
2292 4860 2492 4929 injuria
2529 4871 2623 4915 aut
2666 4862 2873 4931 probro
2912 4865 3125 4932 gravari
3168 4865 3416 4938 contige-

1836 4946 1926 5014 rit,
1982 4947 2187 5018 ingenti
2243 4956 2293 5002 te
2342 4950 2631 5003 commodo
2673 4950 2929 5004 affectum
2964 4952 3207 5015 noveris,
3243 4968 3272 5005 a
3304 4968 3417 5019 quo

1840 5048 1989 5093 certa
2022 5039 2235 5092 consilii
2284 5039 2495 5093 ratione
2529 5055 2624 5109 per
2658 5040 3011 5110 ignominiam
3047 5057 3111 5095 ac
3151 5041 3414 5107 dedecus,

1842 5128 2022 5185 inanis
2059 5130 2245 5204 gloria:
2282 5129 2456 5185 fastus
2502 5131 2712 5200 ejectus
2743 5131 2838 5186 sit.

1835 5333 2134 5420 interpret:
2164 5343 2224 5387 ut
2254 5351 2371 5388 eum
2407 5336 2497 5404 qui
2540 5337 2623 5420 sui
2675 5338 3021 5420 cognitionem
3068 5350 3205 5389 recte
3230 5337 3410 5391 obser-

1833 5413 1956 5465 vat;
1989 5405 2136 5471 quod
2163 5413 2247 5458 est
2281 5420 2510 5473 prorsus
2543 5405 2980 5474 ἀπροσδιόνυσον.

2038 5476 2148 5543 Τςξν
2175 5475 2336 5543 θεῖον
2374 5473 2673 5541 Ἰερεμίαν.
2719 5475 2852 5527 Male
2893 5474 3059 5528 iidem
3101 5483 3411 5529 reclaman-

1833 5538 2145 5611 tib'u's'ipsis
2187 5538 2622 5614 Grteciseditis,
2665 5543 2918 5614 aliisque,
2954 5545 3118 5614 juxta
3172 5543 3412 5602 Isaiam:

1832 5622 2035 5667 cumet
2060 5628 2189 5666 vere
2220 5613 2373 5667 locus
2395 5612 2648 5668 Ieremia:
2685 5613 2777 5666 sit.
