3876 6314
484 267 589 336 967

1655 267 1715 325 3.
1758 266 2061 328 ΜΑΧΙΜΙ·
2084 265 2594 329 CONFESSORIS

3652 268 3761 331 ρει

549 381 639 437 5|.
694 376 1166 448 Quemadmodum
1214 376 1358 449 ignis
1404 379 1673 435 memoria
1708 395 1913 450 corpus
1953 396 2054 436 non

2238 377 2340 433 λα’.
2386 378 2612 448 Ὠσπερ
2651 376 2842 449 μνήμη
2866 372 3034 447 πυρδς
3064 374 3124 431 οὒ
3153 374 3441 450 θερμαίνει
3474 374 3542 432 et
3576 376 3757 449 σῶμα,

480 471 751 535 calefacit,
797 471 877 525 sic
913 484 1020 524 nec
1057 469 1192 525 fides
1242 470 1485 526 scientia:
1535 469 1960 539 illustrationem
2010 472 2067 528 in

480 564 665 619 animo
702 571 964 632 operatur
1006 563 1051 617 si
1084 561 1343 619 Charitas
1370 563 1534 621 desit.

548 653 633 707 52.
670 652 824 707 Sicut
855 653 951 707 lux
982 652 1115 707 solis
1144 668 1339 708 sanum
1388 653 1611 708 oculum
1652 654 1721 708 ad
1757 669 1816 708 se
1857 655 2061 721 trahit;

477 741 558 796 sic
585 751 641 795 ct
684 742 777 797 Dei
806 743 1047 812 cognitio
1083 758 1146 797 ac
1183 743 1434 809 scicntia,
1465 759 1657 812 puram
1697 751 1935 799 mentem
1964 759 2066 815 per

477 832 802 887 charitatem
849 833 1087 888 naturali
1131 834 1203 888 ad
1246 848 1305 888 se
1352 834 1613 889 illecebra
1653 835 1883 904 pellicit.

550 1006 716 1076 399
751 1008 838 1061 55.
866 1006 1018 1061 Mens
1052 1023 1187 1076 pura
1223 1018 1327 1073 est,
1352 1022 1474 1076 quae
1506 1006 1831 1077 ignorantiae
1854 1017 2063 1064 semota

477 1099 733 1169 caligine,
772 1098 957 1154 divina
978 1101 1100 1154 luce
1122 1099 1500 1154 collustratur.
1720 1086 1725 1091 “

547 1190 634 1243 54.
680 1191 859 1246 Purus
884 1193 1102 1246 animus
1136 1200 1242 1258 est,
1289 1192 1383 1263 qui
1431 1208 1460 1245 a
1496 1191 1645 1246 vitiis
1690 1192 1956 1250 liberatus
1996 1210 2062 1252 ac

476 1281 1012 1350 perturbationibus,
1054 1282 1239 1338 divina
1283 1284 1554 1340 charitate
1608 1285 1811 1356 iugiter
1847 1287 2060 1341 exhila-

479 1380 654 1425 ratur.

546 1464 634 1519 55.
659 1465 903 1522 Affectus
933 1466 1270 1536 vituperium
1312 1467 1524 1522 habens
1548 1467 1927 1537 (perturbatio
1953 1468 2062 1524 sci-

475 1552 609 1607 licet
632 1561 796 1624 atque
825 1554 1041 1625 vitium)
1071 1565 1251 1610 motus
1284 1556 1452 1610 animi
1480 1566 1567 1611 est
1602 1558 1945 1613 innaturalis.

546 1641 635 1694 56.
675 1641 938 1695 Ἀπάθεια
973 1641 1550 1712 (imperturbationem
1592 1644 1859 1710 dicamus,
1902 1646 2059 1702 seda-

2169 466 2313 521 οὕτω
2353 469 2536 533 πίστις
2575 469 2706 523 ἄνευ
2735 468 2980 538 ἀγάπης,
3018 467 3120 520 οὐκ
3148 469 3367 538 ἐνεργεί
3400 469 3486 531 είς
3516 468 3624 538 τὴν
3658 468 3757 538 ψυ-

2169 558 2272 630 χὴν
2293 559 2383 614 τὸν
2422 560 2522 629 τῆς
2549 560 2804 629 γνώσεως
2835 559 3139 628 φωτισμόν.

2240 649 2343 719 1?“-
2394 653 2609 722 Ὥσπερ
2643 653 2702 705 τὸ
2739 651 2853 719 φῶς
2878 650 2972 704 τοῦ
3005 650 3159 721 ἡλίου
3189 650 3281 703 τὸν
3312 650 3446 718 ὑγιῆ
3480 649 3756 720 seems,
3856 649 3857 695 ξ

2165 742 2245 805 εἰς
2267 742 2430 795 ἑαυτὸ
2459 743 2748 812 ἐφέλκεται
2767 759 2779 771 ·
2809 742 2952 795 οὕτω
2976 743 3071 796 καὶ
3094 742 3126 812 ἡ
3147 739 3350 808 γνῶσιῐ
3383 739 3485 793 ’τοᾖ
3528 742 3666 795 θεαῖν
3689 744 3756 811 t5)
3856 738 3857 753 ξ

2163 833 2256 886 τὸν
2306 834 2547 904 καθαρὸν
2596 835 2725 889 νοῦν
2773 836 3019 904 φυσικῶς
3075 834 3166 888 διὰ
3219 836 3321 903 τῆς
3358 833 3600 905 ἀγάπης
3630 835 3757 904 πρὸς

2165 924 2365 993 ἑαυτὴν
2388 927 2714 980 ἐπισπᾶται.

2234 1013 2333 1084 λγ’.
2372 1017 2516 1080 Νοῦς
2550 1019 2666 1071 ἐστι
2702 1016 2964 1088 καθαρὸς,
2998 1017 3027 1070 ὁ
3051 1017 3278 1083 ἀγνοίας
3311 1016 3644 1088 χωρισθεὶς,
3672 1018 3754 1071 καὶ

2163 1106 2270 1160 ὑπὸ
2299 1107 2391 1160 τοῦ
2420 1108 2566 1162 θείου
2596 1110 2772 1178 φωτὸς
2796 1108 3312 1179 καταλαμπόμενος.

2231 1199 2330 1255 λδ¹.
2368 1203 2532 1272 Ψυχή
2573 1203 2691 1257 ἐστι
2720 1202 2960 1272 καθαρὰ,
2996 1204 3028 1274 ἡ
3063 1201 3255 1255 παθῶν
3289 1200 3751 1271 ἐλευθερωθεῖσι,

2162 1294 2256 1349 καὶ
2285 1295 2391 1348 ὑπὸ
2433 1296 2534 1365 τῆς
2570 1293 2721 1350 θείας
2779 1294 2999 1366 ἀγάπης
3044 1292 3416 1356 ἀδιαλείπτως
3464 1297 3755 1364 εὐφραῖνον

2162 1386 2324 1457 μένη.

2228 1477 2325 1533 λε’.
2368 1475 2547 1540 Πάθος
2602 1475 2740 1549 [Duo
2788 1475 2940 1546 Regii
2997 1483 3212 1530 tantum
3251 1473 3456 1547 πάθος]
3496 1475 3627 1527 ἐστὶ
3664 1474 3753 1535 ψε-

2159 1568 2307 1630 κτὸν,
2339 1567 2554 1638 κίνησις
2584 1568 2764 1637 ψυχῆς
2800 1566 2951 1638 παρά
2989 1568 3172 1636 φύσιν.

2228 1660 2337 1725 λς’.
2391 1659 2657 1715 ’Δπάθειά
2687 1662 2839 1714 ἐστιν
2872 1655 3125 1731 είρηνίκὴ
3167 1658 3523 1722 κατάστασις
3556 1658 3751 1728 ψυχῆς,

476 1730 626 1801 tique
653 1732 823 1786 animi
848 1748 912 1787 ac
935 1733 1229 1789 affectibus
1256 1734 1417 1789 vacui
1452 1735 1928 1805 tranquillitatem)
1957 1752 2054 1792 oa-

2179 1751 2282 1806 taO‘
2309 1751 2378 1822 ἢν
2405 1750 2723 1819 δυσκίνητος
2752 1750 2960 1820 γίνεται
2985 1749 3132 1821 ψυχὴ
3170 1749 3310 1819 πρὸς
3335 1749 3573 1804 κακίαν.

476 1833 632 1877 catus
683 1832 770 1878 est
815 1823 982 1879 animi
1039 1835 1235 1891 status,
1288 1840 1398 1895 quo
1456 1825 1504 1881 is
1550 1842 1692 1898 aegre
1737 1826 1807 1881 ad
1857 1827 2056 1884 vitium

477 1923 753 1969 movetur.

545 2007 634 2061 57.
663 2006 768 2072 Qui
798 2007 1081 2064 charitatis
1118 2009 1331 2066 fructus
1360 2012 1553 2067 sedulo
1588 2021 1920 2069 consecutus
1949 2020 2054 2078 est,

476 2099 564 2153 vel
598 2098 644 2152 si
689 2098 977 2154 innumera
1007 2103 1332 2158 sustinenda
1366 2103 1479 2158 sint
1518 2105 1679 2169 mala,
1709 2105 1779 2159 ab
1812 2120 1877 2160 ea
1907 2120 2055 2159 nun--

475 2206 640 2261 quam
669 2192 914 2247 animum
948 2193 1265 2249 transferet.
1297 2193 1597 2264 Fidemque
1628 2195 1796 2251 faciat
1821 2195 2057 2265 Stepha-

474 2303 581 2342 nus
633 2286 839 2342 Christi
893 2286 1218 2357 discipulus,
1265 2304 1331 2343 ac
1373 2289 1425 2343 ei
1476 2288 1684 2343 similes
1726 2290 1782 2355 ⁷;
1830 2289 2059 2359 ipseque

475 2377 747 2441 Salvator,
783 2394 882 2449 pro
925 2378 1035 2434 illis
1074 2379 1293 2434 Patrem
1321 2388 1583 2451 precatus
1611 2381 1704 2449 qui
1736 2379 1856 2434 neci
1882 2379 2056 2434 tradi-

474 2467 698 2532 derunt,
720 2468 1067 2538 veniamque
1094 2470 1161 2524 ab
1190 2484 1278 2530 eo,
1323 2477 1583 2539 tanquam
1615 2469 1724 2523 illis
1750 2468 2057 2540 ignorantia

475 2559 875 2625 laborantibus,
903 2575 1104 2630 rogans
1126 2560 1170 2614 ⁸.

545 2664 635 2720 58.
661 2664 799 2721 Cum
825 2666 1113 2721 eharitatis
1138 2666 1212 2723 sit
1238 2666 1631 2737 longanimem,
1662 2666 1964 2736 mitemque
1993 2681 2058 2723 ac

474 2755 775 2828 licuignum
818 2773 941 2813 esse
974 2760 1018 2823 ’,
1058 2758 1153 2828 qui
1196 2760 1279 2813 ira
1322 2758 1459 2813 furit
1495 2759 1719 2829 agitque
1760 2759 2054 2827 malitiose,

2229 2028 2333 2095 λζ’.
2388 2030 2448 2085 '0
2487 2030 2614 2094 τοὺς
2668 2029 2915 2101 καρποὺς
2958 2027 3057 2098 τῆς
3112 2027 3337 2098 ἀγάπης
3380 2026 3482 2080 διὰ
3523 2025 3755 2096 σπουδῇ

2159 2123 2522 2193 κτησάμενος,
2573 2122 2635 2176 οὐ
2698 2120 3046 2191 μετατίθεται
3086 2119 3327 2188 ταύτης,
3404 2118 3519 2171 κᾶν
3592 2118 3757 2189 μυρία

2159 2211 2345 2282 πάσχῃ
2375 2210 2541 2265 κακά.
2577 2209 2688 2264 Καὶ
2721 2209 2958 2263 πειθέτω
3005 2226 3063 2263 σε
3106 2208 3383 2278 Στέφανος
3415 2209 3448 2260 ὀ
3484 2206 3590 2262 τοῦ
3632 2208 3755 2278 Χρι-

2160 2302 2287 2356 στοῦ
2320 2301 2592 2374 μαθητὴς,
2633 2301 2729 2356 καὶ
2756 2302 2809 2356 οἱ
2849 2301 2970 2355 κατ’
3010 2301 3205 2356 αὐτόν’
3236 2300 3340 2354 καὶ
3375 2299 3559 2363 αὐτὸς
3590 2302 3623 2353 ὁ
3653 2301 3753 2353 Σω-

2159 2393 2264 2464 τὴρ
2295 2393 2437 2462 ὑπὲρ
2475 2392 2583 2447 τῶν
2623 2392 2896 2462 φονευτῶν
2935 2391 3037 2463 [αι.
3099 2390 3480 2463 φονευόντων]
3529 2391 3753 2461 εὐχόμε-

2157 2501 2248 2546 νος
2293 2483 2371 2554 τῷ
2419 2484 2617 2554 Πατρὶ,
2657 2484 2752 2538 καὶ
2790 2483 3121 2554 συγγνώμην
3165 2485 3294 2555 παρ’
3329 2483 3514 2536 αὑτοῦ
3548 2483 3633 2546 ὡς
3662 2484 3751 2548 ἀγ·

2166 2576 2370 2631 νοοῦσιν
2402 2578 2745 2649 αἰτούμενος.

2226 2670 2331 2740 λη’.
2373 2671 2436 2723 Et
2463 2670 2564 2740 τῆς
2589 2671 2811 2741 ἀγάπης
2830 2670 2949 2725 ἐστὶ
2976 2669 3037 2724 τὸ
3067 2668 3458 2740 μακροθυμεῖν
3496 2670 3599 2722 καὶ
3624 2686 3751 2738 χρη-

2158 2762 2468 2826 στεύεσθαι,
2518 2764 2549 2816 ὁ
2592 2762 2927 2833 θυμομαχῶν
2967 2763 3061 2816 καὶ
3090 2761 3565 2830 πονηρευόμενος,

475 2850 738 2904 nimirum
767 2849 985 2904 alienus
1016 2865 1048 2903 a
1072 2850 1343 2904 charitate
1375 2849 1654 2905 efficitur:
1681 2851 1898 2905 alienus
1924 2866 2054 2907 vero

2179 2853 2566 2925 πριοςδηλονότι
2583 2855 2686 2923 τῆς
2719 2855 2938 2924 ἀγάπης
2960 2853 3339 2907 καθίστασται·
3376 2854 3407 2904 ὁ
3445 2852 3508 2905 δὲ
3536 2852 3751 2921 ἀγάπης

473 2957 508 2997 a
531 2943 824 3005 charitatc,
853 2959 884 2998 a
917 2943 1030 2999 Deo
1070 2943 1286 2997 alienus
1327 2951 1432 3007 est,
1466 2958 1593 2997 cum
1636 2944 1779 2998 Deus
1820 2945 2055 2998 charitas

472 3042 542 3094 sit
577 3043 641 3096 ¹⁰.

547 3146 636 3201 59.
681 3146 857 3201 Nolite
888 3147 1078 3209 dicere,
1114 3146 1193 3201 ait
1232 3146 1455 3202 divinus
1478 3146 1769 3213 Jeremias,
1802 3145 2056 3217 templum

480 3234 692 3292 Domini
728 3255 908 3293 sumus
937 3239 999 3291 υ.
1041 3238 1123 3292 Tu
1152 3254 1372 3308 quoque
1404 3254 1475 3294 ne
1513 3239 1721 3295 dixeris
1756 3257 1769 3293 :
1805 3239 1963 3294 Nuda
1994 3254 2058 3294 ac

479 3330 592 3385 sola
628 3330 764 3384 fides
794 3330 849 3383 in
892 3329 1184 3384 Dominum
1230 3338 1478 3384 nostrum
1520 3330 1706 3385 Jesum
1752 3331 2055 3397 Christum,

478 3416 713 3470 salutem
759 3413 895 3468 mihi
927 3423 1107 3483 potest
1142 3423 1423 3485 prtestare.
1457 3416 1577 3470 Non
1609 3417 1757 3472 enim
1794 3418 1899 3474 hoc
1938 3418 2057 3473 ﬁeri

480 3511 682 3575 potest,
712 3503 818 3557 nisi
863 3503 1027 3558 etiam
1071 3505 1400 3561 charitatem
1440 3507 1497 3561 in
1534 3506 1713 3577 ipsum
1751 3524 1851 3579 per
1892 3525 2058 3580 opera

474 3594 911 3663 comparaveris.
934 3594 1017 3648 Ad
1049 3594 1355 3664 simplicem
1384 3597 1531 3652 enim
1569 3598 1731 3653 fidem
1760 3600 1905 3668 quod
1936 3602 2064 3656 atti-

480 3692 577 3739 net
609 3701 623 3736 :
675 3682 850 3738 Etiam
890 3685 1153 3740 da’mones
1186 3686 1426 3753 credunt,
1462 3695 1513 3741 et
1550 3690 1953 3745 contremiscunt
1993 3694 2057 3747 ι’.

548 3774 639 3831 40.
684 3774 986 3831 Charitatis
1029 3792 1169 3847 opus
1208 3786 1311 3844 est,
1350 3778 1604 3835 beneficii
1646 3780 1701 3835 in
1742 3782 2056 3851 proximum

478 3878 546 3918 ex
575 3864 761 3919 animo
789 3865 1101 3930 collocatio,
1143 3872 1201 3921 et
1238 3867 1624 3938 longanimitas
1663 3876 1719 3924 et
1760 3870 2054 3940 patientia;

478 3956 721 4026 itemque
752 3965 903 4012 recta
933 3973 1059 4012 cum
1092 3958 1306 4012 ratione
1330 3959 1496 4044 r'ebus
1529 3960 1632 4013 uti.

547 4049 637 4104 41.
671 4047 777 4115 Qui
816 4049 989 4103 Deum
1013 4048 1212 4118 diligit,
1254 4063 1355 4104 nec
1395 4051 1567 4104 ullum
1614 4050 1836 4128 tristitia
1863 4051 2055 4117 afﬁcit,

477 4153 582 4194 nec
600 4139 715 4210 ipse
736 4139 1025 4193 adversum
1050 4140 1288 4209 aliquem
1306 4139 1378 4194 ob
1404 4150 1758 4210 temporanea
1781 4142 2056 4197 tristitiam

477 4229 710 4286 assumit
737 4246 751 4284 :
786 4245 894 4283 una
914 4230 1181 4284 duntaxat
1207 4228 1286 4284 illi
1308 4231 1547 4286 salubris
1579 4231 1805 4286 tristitia
1823 4242 1927 4297 est,
1945 4249 2056 4304 qua

475 4330 533 4375 et
572 4319 742 4375 afﬁcit
783 4327 840 4374 et
884 4319 1157 4387 afficitur;
1206 4337 1315 4390 qua
1356 4321 1549 4377 beatus
1588 4323 1789 4378 Paulus
1833 4333 1891 4379 et
1939 4325 2055 4395 ipse

477 4412 834 4466 contristatus
866 4420 972 4475 est,
1006 4421 1064 4465 et
1090 4412 1441 4467 contristavit
1469 4412 1789 4471 Corinthios
1824 4416 1887 4469 ¹³.

546 4498 636 4552 42.
682 4496 787 4563 Qui
826 4498 997 4551 Deum
1037 4498 1237 4569 diligit,
1279 4502 1581 4570 angelicam
1612 4504 1738 4559 vita:
1781 4507 2051 4562 rationem

411 4645 420 4655 ,
477 4589 534 4642 in
564 4597 710 4643 terra
742 4589 1016 4655 instituit;
1046 4606 1242 4661 nempe
1265 4592 1491 4663 jejuniis
1517 4608 1582 4648 ac
1607 4596 1810 4666 vigiliis
1828 4613 2049 4666 vacans,

477 4680 826 4750 psallensque
862 4689 919 4735 et
960 4697 1145 4746 orans,
1194 4698 1298 4738 nec
1340 4684 1447 4738 nisi
1486 4701 1609 4754 quae
1647 4685 1790 4742 bona
1832 4689 1946 4745 sint
1980 4691 2050 4746 de

477 4769 590 4823 ullo
618 4768 901 4823 hominum
933 4758 1200 4841 cogitans.

544 4857 633 4912 45.
669 4857 807 4912 Cum
844 4859 992 4928 quod
1020 4860 1147 4929 quis
1180 4862 1352 4931 cupit,
1390 4862 1493 4918 hoc
1527 4871 1583 4919 et
1615 4866 1832 4935 assequi
1861 4869 2053 4923 conni-

476 4956 665 5016 tatur;
697 4950 878 5019 sitque
911 4951 1057 5006 Deus
1089 4952 1250 5007 bonis
1279 4955 1538 5010 omnibus
1572 4971 1636 5010 ac
1667 4956 2053 5013 desiderabili-

477 5039 602 5105 bus,
627 5040 766 5096 citra
789 5056 1008 5096 omnem
1036 5044 1509 5113 comparationem
1541 5046 1738 5099 melior
1769 5045 2052 5102 desidera-

477 5128 789 5199 biliorque;
833 5140 1041 5199 quanta
1083 5133 1275 5201 utique
1321 5132 1484 5187 nobis
1527 5132 1839 5189 adhibenda
1892 5134 2056 5206 m

476 5216 783 5288 diligentia,
820 5228 876 5273 ut
914 5218 1090 5289 ipsum
1126 5229 1322 5275 natura
1352 5221 1556 5275 bonum
1586 5236 1651 5275 ac
1687 5222 2056 5279 desiderabile

476 5309 922 5377 consequamur?

545 5398 634 5454 M.
677 5400 756 5453 Ne
775 5416 997 5456 carnem
1033 5410 1181 5456 tuam
1213 5405 1470 5474 turpibus
1498 5406 1717 5461 actibus
1738 5405 2055 5473 foedaveris,

475 5504 617 5545 neve
654 5491 900 5545 animum
949 5493 1138 5562 pravis
1178 5494 1609 5565 cogitationibus
1640 5496 2054 5568 inquinaveris;

545 5622 718 5705 LAfL
746 5643 841 5691 Υιι,
878 5629 967 5705 5?.
1043 5630 1065 5663 ⁸
1090 5632 1226 5688 Luc.
1259 5650 1406 5703 xxiv,
1434 5636 1523 5690 54.
1600 5637 1621 5668 ⁹
1649 5636 1818 5693 lCor.
1849 5652 1962 5705 xm,
1996 5636 2049 5692 4.
2128 5637 2172 5669 ¹⁶
2204 5636 2226 5692 ι
2253 5636 2411 5692 Joan.
2447 5651 2518 5703 ιν,
2553 5637 2605 5692 8.

478 5690 525 5725 ⁸⁸
545 5692 591 5748 ll
618 5693 748 5749 Cor.
780 5690 874 5764 vn,
906 5698 958 5752 8.

2155 2945 2457 3018 ἀλλότριος,
2498 2945 2594 3000 τοῦ
2657 2945 2793 2999 Θεοῦ
2830 2947 2981 2999 ἐστιν
3033 2943 3336 3014 ἀλλότριος,
3367 2944 3539 3012 εἴπερ
3570 2946 3603 2997 ὁ
3628 2944 3749 3006 Θεὸς

2079 3089 2125 3146 c
2157 3039 2349 3108 ἀγάπη
2379 3038 2518 3092 ἐστί.

2230 3086 2771 3199 εἴπητε,
2822 3127 2988 3196 φησὶν
3035 3128 3064 3180 6
3112 3086 3255 3188 θέἰος
3291 3123 3604 3195 Ἱερεμίας,
3664 3124 3744 3177 ὅτι

2157 3219 2303 3285 ναὸς
2344 3219 2565 3287 Κυρίου
2608 3218 2769 3274 ἐστέ.
2829 3219 2940 3272 Καὶ
2986 3218 3051 3272 σὺ
3084 3215 3159 3289 μὴ
3187 3219 3374 3287 εἴπης,
3400 3217 3493 3268 ὅτι
3534 3218 3600 3269 Ἦ
3626 3216 3741 3285 ’ἕάῆ

2158 3294 2345 3374 πίστις
2374 3312 2409 3381 ἡ
2432 3311 2514 3374 εἰς
2542 3310 2634 3364 τὸν
2662 3309 2866 3377 Κύριον
2895 3308 3050 3380 ἡμῶν
3083 3307 3290 3377 Ἰησοῦν
3314 3306 3565 3377 Χριστὸν
3593 3306 3743 3360 δῦνα-

2156 3403 2247 3456 ταί
2284 3420 2350 3474 με
2384 3403 2576 3457 σῶσαι.
2622 3403 2929 3473 Ἀμήχανον
2943 3400 3054 3471 γὰρ
3083 3398 3262 3460 τοῦτο,
3290 3397 3395 3451 ἐὰν
3418 3398 3501 3469 μὴ
3527 3400 3627 3451 καὶ
3654 3398 3743 3465 τὴν

2158 3493 2381 3563 ἀγάπην
2411 3496 2491 3557 εἰς
2513 3493 2676 3546 αὐτὸν
2709 3493 2796 3545 διὰ
2825 3490 2934 3543 τῶν
2964 3490 3144 3561 ἔργων
3179 3491 3383 3558 κτήσῃ.
3416 3488 3500 3541 Τὸ
3555 3487 3613 3540 δὲ
3658 3486 3740 3556 ψισ

2160 3582 2265 3646 λῶς
2310 3582 2615 3636 πιστεύεινο
2677 3582 2787 3636 Καὶ
2826 3581 2899 3635 τὰ
2936 3580 3211 3649 δαιμόνια
3248 3577 3623 3630 πιστεύουσι
3652 3573 3737 3629 καί

2156 3673 2478 3742 φίσσουσι.

2235 3772 2307 3836 μ’.
2352 3763 2555 3834 Ἔργον
2602 3762 2826 3833 ἀγάπης
2871 3760 3020 3814 ἐστὶν
3068 3762 3102 3830 ἡ
3157 3760 3239 3823 είς
3281 3759 3377 3812 τὸν
3416 3760 3649 3830 πλησίον
3680 3759 3735 3812 ἐι

2157 3854 2455 3919 διαθέσεως
2486 3854 2775 3926 εὐεργεσία
2819 3855 2916 3908 καὶ
2949 3852 3304 3923 μακροθυμία
3335 3852 3435 3904 καὶ
3464 3852 3731 3921 ὑπομονή-

2160 3949 2257 4002 ttat
2285 3948 2346 4000 τὸ
2382 3946 2522 4017 μετά
2543 3945 2707 4016 ὀρθοῦ
2738 3945 2899 4013 λόγου
2928 3942 3236 4015 χρήσασθαι
3272 3945 3391 4006 τοίς
3425 3943 3724 4015 πράγμασι.

2232 4044 2343 4109 μα’.
2400 4039 2456 4092 ὐ
2499 4036 2732 4105 ἀγαπῶν
2755 4036 2846 4088 τὸν
2871 4035 3002 4088 Θεὸν
3023 4035 3083 4089 οὐ
3111 4034 3294 4098 λυπεῖ,
3326 4033 3455 4087 οὐδὲ
3486 4036 3725 4088 λυπεῖται

2159 4131 2294 4202 πρός
2321 4146 2446 4183 τινα
2478 4129 2570 4183 διὰ
2607 4128 2920 4198 πρόσκαιρα
2941 4143 2955 4157 ·
2991 4126 3121 4194 μίαν
3142 4126 3199 4179 δὲ
3226 4125 3409 4197 λύπην
3445 4129 3547 4180 καὶ
3576 4127 3728 4180 λυπεῖ

2158 4223 2253 4276 καὶ
2292 4222 2545 4274 λυπεῖται
2592 4220 2884 4289 σωτήριον,
2913 4218 2982 4290 ἢν
3022 4220 3052 4271 ὁ
3083 4218 3357 4288 μακάριος
3405 4218 3623 4281 Παῦλος
3648 4217 3728 4270 ul

2158 4313 2428 4385 ἐλυπήθη,
2458 4312 2557 4367 καὶ
2579 4311 2821 4381 ἐλύπησε
2854 4311 2982 4374 τοὺς
3016 4308 3361 4380 Κορινθίους.

2234 4493 2342 4564 μβο,
2395 4491 2452 4545 '0
2485 4491 2715 4558 ἀγαπῶν
2747 4490 2838 4543 τὸν
2864 4488 3017 4552 Θεὸν,
3056 4486 3349 4555 ἀγγελικὺν
3381 4486 3499 4557 βίον
3520 4488 3617 4539 ἐπὶ
3639 4485 3724 4553 τῆς

2159 4586 2249 4656 ζῇ.
2289 4583 2567 4653 νηστεύων
2608 4583 2703 4635 καὶ
2739 4580 3059 4652 ἀγρυπνῶν,
3087 4580 3310 4649 ψάλλων
3361 4581 3462 4633 καὶ
3512 4596 3723 4650 προσευ-

2156 4680 2408 4748 χύμενος.
2441 4676 2536 4729 καὶ
2559 4676 2689 4746 περὶ
2718 4674 2919 4737 παντὸς
2943 4672 3233 4744 ἀνθρώπου
3253 4672 3343 4725 ἀεὶ
3365 4672 3510 4725 καλά
3540 4668 3725 4739 λεγιξὸ-

2203 4786 2336 4831 ενος.

2160 4787 2341 4929 μιῇ.
2384 4857 2448 4910 Et
2473 4846 2682 4927 οῦτψός
2729 4871 2815 4915 τις
2867 4853 3145 4925 ἐπιθυμεῖ,
3201 4853 3399 4907 τούτου
3436 4855 3535 4907 καὶ
3565 4853 3725 4921 τδχεὲν

2157 4952 2485 5022 ἀγωνίζεται
2505 4968 2520 4983 ·
2554 4952 2772 5003 πάντων
2821 4948 2879 5001 δὲ
2912 4948 3021 5001 τῶν
3055 4947 3280 5016 ἀγαθῶν
3325 4949 3426 5001 καὶ
3463 4948 3719 5017 ἐπιθυμη-

2156 5044 2267 5099 τῶν
2284 5042 2637 5113 ἀγαθώτερσν
2665 5040 2728 5093 τὸ
2759 5039 2914 5093 Θεῖον
2943 5040 3037 5093 καὶ
3071 5040 3551 5110 ὲπιθυμητότερον
3570 5041 3724 5103 ἀσυγ-

2157 5138 2359 5209 κρίτως
2381 5152 2395 5167 ·
2428 5135 2600 5204 πόσην
2625 5133 2734 5203 ἄρα
2774 5133 3013 5203 σπουδὴν
3056 5131 3347 5200 ὀφείλομεν
3378 5130 3722 5198 ἐνδείξασθαι..

2158 5231 2242 5284 ἵνα
2266 5229 2461 5284 τούτου
2482 5226 2577 5281 τοῦ
2596 5227 2759 5297 φύσει
2776 5224 2983 5294 ἀγαθοῦ
3005 5222 3722 5293 καὶὲπιθυμητοῦτὺχωμξν.

2232 5408 2336 5479 μδ¹.
2376 5408 2471 5479 Μὴ
2503 5406 2739 5479 μολύνῃς
2771 5405 2868 5476 τὴν
2894 5404 3073 5476 σάρκα
3105 5421 3200 5457 σου
3232 5404 3289 5457 ὲν
3316 5396 3581 5474 utsicut;
3605 5403 3724 5476 πρύ-

2160 5498 2300 5565 ξεσι,
2342 5497 2437 5551 καὶ
2470 5496 2548 5569 μὴ
2579 5497 2778 5569 μιάνῃς
2801 5495 2900 5566 τὴν
2921 5493 3099 5566 ψυχὴν
3130 5497 3389 5566 πονηροῖς
3428 5495 3721 5565 λογισμοῖς·

2723 5637 2763 5666 ¹¹
2791 5635 2995 5691 Jercm.
3034 5650 3125 5705 vn,
3157 5637 3211 5690 4.
3329 5638 3372 5668 ¹¹
3398 5636 3517 5693 Jac.
3553 5651 3615 5702 ιι,
3648 5634 3721 5689 l9.
