3876 6314
140 310 251 384 9ῢ9

1063 310 1395 371 CAPITUM
1435 311 1532 371 DE
1567 307 1997 372 CHARI’I‘ATE
2028 306 2415 366 CENTURIA
2455 307 2504 364 Ι.

3280 301 3384 365 970

146 429 299 496 καὶὴ
340 425 527 494 είρήνη
585 418 674 473 τοῦ
732 419 866 472 Θεοῦ
928 420 1283 475 ἐπελεύσεται
1340 423 1431 474 ἐπί
1476 423 1554 487 σέ,
1614 423 1712 489 τὴν

1844 418 2277 488 upervenictque
2344 416 2441 468 tibi
2508 430 2609 482 pax
2660 414 2779 479 Dei,
2820 414 3142 467 charitatem
3207 412 3383 465 addu—

145 519 365 587 ἀγάπην
390 516 647 585 φέρουσα.

221 614 323 679 με’.
363 606 550 668 Αἵκιςε
596 603 695 673 τὴν
747 605 925 675 σάρκα
956 621 1049 656 σου
1075 602 1258 672 ἀσιτίᾳ
1288 605 1382 656 καὶ
1413 604 1712 674 ἀγρυπνίᾳ,

145 703 242 755 καὶ
276 699 537 769 σχόλασον
582 694 792 757 ἀόκνως
828 694 1121 764 ψαλμωδία
1155 694 1247 746 καὶ
1273 697 1547 764 προσευχῇ
1572 710 1585 723 ·
1622 694 1718 747 καὶ

140 796 173 847 ὸ
200 788 471 860 ἁγιασμὸς
495 789 595 855 τῆς
620 786 974 856 σωφροσύνης
997 786 1090 839 ἐπὶ
1122 784 1180 837 σέ
1211 782 1583 848 ἐπελεύσεται,
1618 786 1714 852 τὴν

142 884 364 953 ἀγάπην
395 879 597 949 φέρων.

217 974 335 1044 μς’.
388 974 449 1027 ’4)
482 973 581 1039 τῆς
609 972 757 1033 θείας
801 969 1161 1033 καταξιωθεὶς
1186 969 1461 1039 γνώσεως,
1494 967 1590 1018 καὶ
1622 964 1712 1017 τὸν

142 1069 344 1135 ταύτης
377 1062 655 1133 φωτισμὸν
702 1062 789 1115 διὰ
836 1065 936 1131 τῆς
972 1061 1195 1130 ἀγάπης
1245 1059 1612 1129 κτησάμενος,
1650 1057 1714 1109 ού

146 1155 529 1229 ριπισθήσεταί
577 1165 706 1206 ποτε
741 1152 847 1204 ὑπὸ
878 1150 973 1203 τοῦ
1001 1153 1100 1221 τῆς
1140 1148 1446 1214 κενοδοξίας
1473 1147 1718 1213 πνεύμα-

143 1266 234 1310 τος
265 1247 424 1317 [unus
467 1245 595 1313 Reg.
624 1240 930 1312 δαίμονος]·
967 1243 995 1293 ὁ
1024 1241 1080 1293 δέ
1118 1240 1319 1307 ταύτης
1356 1240 1521 1309 μήπω
1551 1254 1719 1290 κατα-

145 1340 384 1405 ξιωθεὶς,
433 1337 673 1406 εὐχερῶς
723 1334 814 1386 ὑπ’
867 1334 1037 1401 αὐτῆς
1091 1332 1449 1401 περιφέρεται
1476 1328 1625 1401 fudit.
1667 1336 1717 1381 et

138 1447 279 1483 unus
314 1429 443 1498 Reg.
476 1424 750 1497 φέρεται].
780 1424 904 1477 Ἐὰν
932 1419 1023 1476 οὖν
1046 1425 1074 1476 ὁ
1093 1422 1332 1483 τοιοῦτος
1364 1422 1420 1472 ἐν
1452 1421 1584 1471 πᾶσι
1607 1420 1718 1480 τοῖς

145 1525 234 1576 ὑπ’
267 1520 435 1574 αὐτοῦ
479 1517 879 1590 πραττομένοις
909 1514 1047 1584 πρὸς
1085 1514 1176 1566 τὸν
1224 1511 1356 1564 Θεὸν
1411 1507 1715 1579 ἀποϐλέψῃ,

136 1615 218 1675 ὡς
246 1612 316 1664 δι’
352 1610 514 1663 αὑτὸν
564 1607 740 1661 πάντα
771 1604 963 1669 ποιῶν,
1002 1603 1199 1674 ῥᾳδίως
1242 1602 1339 1654 σὺν
1370 1599 1491 1670 Θεῷ
1525 1598 1720 1667 ἐκφεύ-

145 1705 292 1767 ξεται
326 1703 516 1771 αὑτήν.

1817 524 1967 563 cens.

1889 599 1976 650 45.
2005 598 2194 666 Alllige
2224 611 2445 667 carnem
2487 604 2634 649 tuam
2673 595 2854 648 inedia
2888 604 2944 647 et
2976 593 3208 663 vigiliis;
3241 596 3385 663 psal-

1819 685 1922 739 mis
1974 684 2102 737 item
2155 680 2512 736 conciuendis
2552 691 2608 734 et
2638 682 2882 735 orationi
2928 681 3197 735 indefesso
3236 697 3384 746 vaca,

1817 776 2278 846 supervenietque
2324 774 2423 827 tibi
2466 774 2735 827 castitatis
2779 773 3138 827 sanctimonia
3177 782 3234 827 et
3274 774 3388 842 ipsa

1817 867 2142 921 eharitatem
2168 864 2469 919 adducens.

1888 960 1974 1012 46.
2003 957 2107 1023 Qui
2131 956 2374 1010 divinam
2404 956 2688 1010 scientiam
2718 956 2979 1023 consequi
3006 955 3390 1024 meruit,eju&

1816 1063 1925 1117 quc
1951 1046 2373 1101 illustrationem
2410 1046 2701 1099 charitatis
2733 1060 2837 1113 ope
2870 1045 3226 1112 comparavit,
3254 1060 3397 1096 nun-

1818 1148 1984 1203 quam
2015 1147 2143 1185 eum
2185 1131 2367 1185 inanis
2406 1133 2591 1201 gloriae
2630 1131 2858 1200 spiritus
2891 1130 3219 1184 dissulllabit
3251 1149 3263 1182 :
3299 1133 3393 1200 qui

1818 1240 1950 1279 vero
1974 1240 2095 1278 eam
2128 1224 2363 1277 necdum
2395 1232 2586 1277 nactus
2615 1232 2720 1287 est,
2749 1224 2898 1277 illius
2933 1223 3092 1276 facile
3116 1239 3251 1277 aura
3282 1224 3393 1277 cir-

1818 1314 2143 1369 cumfertur.
2172 1312 2343 1382 Igitur
2376 1313 2423 1366 si
2457 1313 2555 1381 qui
2590 1312 2715 1366 talis
2753 1321 2858 1375 est,
2895 1312 2950 1365 in
2984 1312 3239 1365 omnibus
3274 1328 3396 1381 quse

1818 1406 1887 1460 ab
1920 1420 1987 1458 eo
2026 1411 2264 1473 aguntur
2295 1402 2351 1455 in
2380 1403 2552 1455 Deum
2573 1400 2879 1469 aspexerit,
2913 1410 2972 1453 ut
3002 1400 3055 1452 in
3080 1399 3241 1469 cujus
3269 1413 3396 1468 gra.

1819 1497 1951 1550 tiam
1986 1503 2184 1550 cuncta
2211 1501 2495 1563 operetur,
2536 1493 2755 1546 inanem
2781 1492 3010 1561 gloriam
3038 1492 3150 1545 Deo
3174 1490 3398 1560 auspice

1818 1587 1976 1641 facile
2006 1586 2227 1640 vitabit.

216 1792 328 1862 μςι,
380 1769 458 1843 ’οἽ
472 1791 637 1860 μήπω
674 1786 850 1857 τυχὼν
898 1785 998 1854 τῆς
1040 1784 1192 1852 θείαν
1215 1780 1467 1853 γνώσεως
1497 1780 1575 1849 (θ)
1604 1780 1703 1849 τῆς

1890 1772 1980 1825 47.
2038 1771 2144 1837 Qui
2189 1770 2428 1826 necdum
2483 1769 2725 1826 divinam
2772 1771 3082 1835 scientiam,
3132 1785 3252 1840 quae
3301 1785 3401 1841 per

134 1885 227 1936 διὰ
257 1881 482 1950 ἀγάπης
526 1875 947 1950 ἐνεργουμένης,
982 1872 1126 1943 μέγα
1150 1870 1336 1940 φρονεῖ
1349 1869 1441 1922 ἐπὶ
1469 1870 1587 1933 τοῖς
1616 1867 1711 1919 ὑπ’

142 1974 306 2027 αὑτοῦ
332 1971 483 2025 κατὰ
508 1970 640 2023 Θεὸν
673 1965 1089 2037 πραττομένοις.
1133 1963 1192 2017 Ὃ
1216 1962 1273 2015 δὲ
1296 1960 1503 2032 ταύτης
1528 1960 1719 2034 τυχεῖν

143 2064 526 2129 καταξιωθεὶς,
563 2061 700 2132 μετά
725 2058 1019 2120 διαθέσεως
1041 2056 1187 2124 λέγει
1211 2055 1284 2108 τὰ
1307 2055 1402 2107 τοῦ
1448 2051 1718 2122 πατριάρο

145 2176 237 2228 χου
279 2154 540 2224 Ἀϐραὰμ
575 2154 814 2222 ῥήματα,
854 2148 997 2219 ἅπερ
1042 2148 1205 2219 ἡνίκα
1262 2146 1362 2216 τῆς
1396 2145 1550 2206 θείας
1585 2159 1718 2196 κατ·-

143 2247 354 2318 ηξιώθη
376 2244 717 2314 ἐπιφανείας,
740 2237 914 2294 εἶπεν·
948 2238 1093 2307 Ἐγὼ
1114 2239 1228 2306 εἰμὶ
1256 2237 1331 2306 τῆ
1356 2236 1451 2289 καὶ
1470 2232 1718 2298 σποδός.

214 2347 337 2410 μη’.
389 2338 446 2391 Ὀ
492 2325 827 2405 φοϐούμενος
858 2332 948 2384 τὸν
1005 2330 1234 2400 Κύριον,
1294 2325 1581 2396 συνόμιλον
1635 2325 1723 2377 ἀεὶ

142 2434 252 2503 ἔχει
300 2432 407 2501 τὴν
430 2424 936 2496 ταπεινοφροσύνην
956 2439 971 2453 ·
1003 2422 1096 2475 κα)⁹
1124 2420 1212 2473 διὰ
1245 2419 1353 2471 τῶν
1400 2416 1606 2483 ταύτης
1633 2417 1722 2469 ὲν-

144 2521 511 2593 ουμημάτων,
567 2520 647 2580 είς
673 2515 771 2586 τὴν
808 2513 958 2568 θείαν
992 2512 1213 2580 ἀγάπην
1240 2509 1338 2562 καὶ
1366 2505 1723 2577 εὐχαριστίαν

144 2616 391 2684 ἔρχεται.
422 2608 768 2679 Μνημονεύει
793 2605 901 2675 γὰρ
930 2604 1028 2672 τῆς
1058 2601 1202 2655 κατὰ
1231 2600 1322 2652 τὸν
1358 2598 1562 2666 κόσμον
1588 2612 1723 2664 προ-

146 2705 306 2775 τέρας
334 2699 631 2769 διαγωγῆς,
659 2699 753 2751 κα)⁵
785 2696 893 2749 τῶν
933 2693 1193 2747 ποικίλων
1240 2687 1723 2761 παραπτωμάτων,

145 2772 240 2850 καί
269 2792 385 2845 τῶν
421 2793 487 2843 ἐκ
509 2789 759 2858 νεότητος
798 2783 1124 2855 συμὸἁντων
1158 2778 1307 2848 αύτῷ
1348 2772 1672 2846 πειρασμῶν
1697 2788 1711 2802 ’

148 2885 237 2935 καὶ
254 2880 375 2942 πῶς
396 2879 608 2931 πάντων
626 2874 846 2929 ἐκείνων
864 2871 1135 2943 ἐρρύσατο
1156 2868 1319 2923 αὑτὸν
1336 2868 1365 2919 ὁ
1382 2865 1606 2935 Κύριος,
1628 2862 1723 2917 atati.

155 2975 489 3044 μετέστησεν
537 2969 645 3022 ἀπὸ
690 2967 789 3036 τῆς
830 2962 1113 3034 ἐμπαθοῦς
1147 2961 1314 3029 ζωῆς,
1350 2959 1430 3020 είς
1459 2956 1550 3009 τὸν
1582 2954 1727 3044 κατα

144 3042 282 3118 Θεὸν
330 3062 445 3132 βίον
469 3077 481 3090 ’
515 3060 611 3113 καὶ
646 3059 743 3139 sip:
773 3056 852 3125 τῷ
886 3054 1058 3124 φόϐῳ,
1107 3042 1729 3139 προσλαμϐάνεταιᾼκαὶ

1816 1862 2147 1917 charitatem
2193 1861 2409 1915 amatur
2450 1860 2513 1924 ",
2541 1870 2738 1915 nactus
2762 1869 2868 1924 est,
2910 1862 3081 1915 altum
3127 1861 3287 1930 sapit,
3329 1860 3400 1915 ob

1818 1968 1884 2007 ea
1912 1970 2033 2023 quae
2069 1954 2143 2007 ab
2175 1954 2269 2007 illo
2311 1952 2397 2021 pie
2426 1966 2491 2005 ac
2529 1952 2786 2021 religiose
2833 1960 3095 2021 aguntur.
3137 1952 3240 2019 Qui
3268 1967 3401 2005 vero

1822 2044 1966 2098 hanc
1997 2044 2261 2112 consequi
2304 2043 2528 2104 meruit,
2561 2043 2729 2096 verba
2766 2042 2857 2096 illa
2901 2043 3134 2096 Abralur
3174 2043 3404 2112 patriar-

1819 2134 1958 2199 chae,
1982 2150 2108 2189 cum
2135 2134 2321 2188 divina
2353 2132 2696 2202 apparitione
2718 2132 2973 2202 dignatus
2999 2142 3103 2197 est,
3125 2149 3194 2188 ex
3218 2135 3403 2187 animo

1823 2224 2033 2294 profert
2059 2242 2072 2277 :
2111 2224 2224 2295 Ego
2250 2240 2371 2278 sum
2399 2231 2543 2276 terra
2576 2233 2625 2276 et
2648 2224 2778 2276 cinia
2806 2222 2870 2277 ¹⁵.

1892 2313 1982 2369 48.
2022 2314 2125 2380 Qui
2158 2313 2315 2368 timet
2352 2313 2668 2376 Dominum,
2699 2311 2932 2365 modesti
2973 2313 3141 2366 animi
3181 2327 3402 2367 sensum

1823 2405 1904 2476 (id
1934 2415 2039 2470 est,
2060 2404 2450 2475 humilitatem)
2478 2417 2697 2473 semper
2730 2403 3182 2457 contubernalem
3214 2403 3402 2467 habet,

1825 2513 2032 2567 perque
2083 2498 2205 2568 ejus
2257 2497 2444 2550 animo
2490 2496 2848 2549 obversantes
2908 2494 3289 2564 cogitationes,
3336 2495 3404 2548 ad

1826 2584 2067 2639 divinam
2114 2582 2442 2638 charitatem
2491 2590 2548 2635 et
2590 2580 2892 2651 gratiarum
2927 2581 3197 2635 actionem
3234 2582 3403 2636 venit.

1828 2676 2078 2731 Meminit
2119 2675 2268 2730 enim
2314 2675 2514 2744 prioris
2550 2689 2662 2727 suae
2698 2688 2765 2727 ex
2801 2673 2984 2727 saeculi
3017 2690 3119 2726 usu
3146 2674 3292 2736 vitae,
3322 2673 3407 2726 tli-

1829 2781 2225 2835 versorumque
2277 2772 2614 2829 erratorum,
2668 2780 2732 2818 ac
2771 2779 2965 2818 earum
2995 2753 3404 2827 'tentalionum',

1828 2871 1952 2927 quae
1984 2872 2015 2911 a
2055 2857 2347 2927 iuventute
2389 2855 2466 2910 illi
2510 2855 2833 2910 acciderunt
2875 2871 2889 2907 :
2939 2855 3214 2923 quomodo
3240 2856 3407 2909 etiam

1828 2947 2095 3003 Dominus
2131 2946 2200 3000 ab
2234 2946 2321 3000 his
2356 2945 2615 2999 omnibus
2650 2958 2777 2999 eum
2814 2944 3154 3008 liberaverit,
3178 2953 3343 3014 atque
3376 2961 3406 2998 a

1830 3040 1942 3095 vita
1974 3039 2273 3095 libidinosa
2302 3038 2563 3107 vitiisque
2591 3037 2800 3101 dedita,
2839 3036 2907 3091 ad
2942 3052 3063 3092 eam
3104 3040 3407 3094 transtule-

291 3115 538 3221 ἀγάπην,
570 3115 910 3218 εὐχαιριστῶν
935 3115 1023 3198 ἀεί
1056 3115 1193 3212 μετα
1221 3115 1725 3207 ταπεινοφροσύνης

1842 3131 1929 3197 rit,
1978 3146 2099 3199 qua:
2140 3129 2250 3199 piis
2298 3145 2362 3184 ac
2406 3127 2680 3199 religiosis
2713 3128 2965 3182 moribus
3003 3128 3254 3183 instituta
3295 3130 3406 3185 sit:

151 3224 357 3316 πολλῆς
383 3243 461 3313 τῷ
490 3238 876 3311 ademi-immoti.
911 3233 1221 3305 κυϐερνήτῃ
1250 3232 1350 3302 τῆς
1377 3231 1520 3297 ζωῆς
1550 3224 1727 3298 ἡμῶν.

1836 3222 2122 3291 ipsamque
2180 3219 2507 3275 charitatcm
2557 3232 2684 3271 cum
2739 3217 2932 3272 timore
2977 3217 3229 3281 assumit,
3282 3233 3409 3272 cum

153 3310 347 3409 magna
380 3310 576 3392 sensus
621 3310 893 3386 modestia
932 3327 1010 3400 (id
1055 3334 1158 3391 est,
1195 3322 1529 3393 humilitate)
1580 3316 1921 3377 benefactori
1991 3329 2058 3369 ac
2120 3312 2473 3384 gubernatori
2528 3312 2657 3367 vitae
2690 3319 2896 3366 nostrae
2936 3325 3156 3379 semper
3205 3310 3414 3381 gratias

152 3446 343 3488 aecus.

188 3468 343 3590 9:67..
375 3518 465 3585 Μὴ
498 3515 756 3587 ῥυπώσῃς
784 3512 875 3565 τὸν
929 3509 1054 3564 νοῦν
1088 3526 1205 3575 σου,
1230 3504 1508 3576 λογισμῶν
1536 3502 1725 3572 ἀνεχό-

160 3629 313 3682 μενος
371 3606 665 3678 ἐπιθυμίας
710 3606 804 3657 καὶ
849 3602 1047 3674 θυμοῦ,
1098 3601 1185 3654 ἱνα
1232 3600 1306 3669 μὴ
1336 3599 1437 3668 τῆς
1481 3595 1730 3666 καθαρᾶς

156 3698 468 3772 προσευχῆς
510 3693 784 3761 ἐκπεσὼν,
818 3692 897 3764 τῷ
928 3693 1027 3763 τῆς
1055 3689 1288 3761 ἁκηδίας
1327 3688 1602 3755 πνεύματι
1630 3701 1729 3736 πε-

159 3794 410 3865 ριπέσῃς.

225 3893 290 3939 ν’.
327 3882 408 3936 Τὸ
454 3878 755 3951 τηνικαῦτα
798 3879 827 3929 ὁ
872 3874 996 3939 νοῦς
1034 3875 1133 3943 τῆς
1180 3871 1317 3942 πρὸς
1349 3867 1485 3921 Θεὸν
1527 3867 1740 3936 παρρη-

161 3978 280 4039 σίας
316 3974 601 4035 ἐκπίπτει,
644 3968 880 4038 ὁπηνίκα
922 3962 1239 4036 πονηροῖςῆ
1277 3959 1538 4032 ῥυπαροῖς
1588 3956 1734 4024 λογι-

163 4071 319 4139 σμοῖς
362 4063 645 4132 συνόμιλος
674 4060 921 4129 γένηται.

232 4163 336 4211 να⁹.
385 4156 447 4207 '0
480 4155 580 4224 μὲν
607 4155 797 4222 ἄφρων
823 4150 927 4202 ὑπὸ
953 4148 1061 4201 τῶν
1092 4144 1285 4199 παθῶν
1329 4142 1615 4213 ἀγόμενος,
1648 4139 1738 4193 ὅτε

168 4250 264 4319 μὲν
292 4249 399 4302 ὑπὸ
430 4246 523 4299 τοῦ
543 4244 713 4315 θυμοῦ
737 4240 1053 4311 κινούμενος
1072 4236 1490 4307 ἐκταράσσεται,
1517 4231 1740 4302 φεύγειν

164 4318 467 4405 ἀλογίστως
514 4334 640 4395 τοὺς
675 4330 938 4398 ἀδελφοὺς
982 4326 1295 4392 ἐπείγεται·
1338 4323 1427 4376 ὅτε
1468 4320 1525 4373 δὲ
1576 4318 1736 4370 πάλιν
1771 4351 1810 4404 D

166 4428 270 4479 ὑπὸ
313 4428 415 4495 τῆς
453 4422 749 4490 ἐπιθυμίας
808 4414 1247 4487 ἐκθερμαίνεται,
1297 4408 1735 4481 μεταμελόμενος

166 4514 320 4579 αὖθις
364 4511 718 4585 προστρέχων
769 4505 1001 4575 ἀπαντᾷ.
1050 4506 1108 4554 Ὀ
1136 4502 1192 4553 δὲ
1217 4500 1498 4570 φρόνιμος,
1525 4495 1613 4546 ἐπ’
1637 4495 1738 4585 ἀμ-

167 4611 412 4680 φοτέρων
467 4602 773 4659 τούναντίον
814 4601 975 4652 ποιεῖ.
1027 4595 1119 4647 ἐπὶ
1158 4593 1255 4663 μὲν
1288 4590 1394 4660 γὰρ
1427 4587 1519 4651 τοῦ
1540 4583 1734 4655 θυμοῦ,

166 4704 263 4764 τὰς
310 4701 489 4760 αἰτίας
528 4698 625 4767 τῆς
668 4693 912 4763 ταραχῆς
961 4687 1221 4755 ἐκκόψας,
1291 4684 1389 4753 τῆς
1433 4681 1569 4749 πρὸς
1611 4679 1737 4737 τοὺς

120 4802 127 4808 ’
166 4791 429 4860 ἀδελφοὺς
456 4787 632 4853 λύπης
666 4782 854 4837 ἐαυτὸν
883 4777 1244 4832 ἀπαλλάττει·
1280 4772 1374 4823 ἐπὶ
1406 4769 1463 4821 δέ
1485 4768 1584 4836 τῆς
1615 4768 1738 4819 ἐπι-

168 4856 394 4951 θυμίας,
416 4881 514 4949 τῆς
540 4876 732 4944 ἀλόγου
767 4871 942 4943 ὁρμῆς
973 4868 1068 4920 καὶ
1101 4862 1388 4932 συντυχίας
1415 4856 1744 4929 ἐγκρατεύε-

167 4989 274 5025 ται.

239 5146 339 5215 νβ’.
386 5142 472 5195 Ἐν
504 5141 581 5210 τῷ
610 5137 789 5209 καιρῷ
816 5136 922 5189 τῶν
952 5127 1294 5201 πειρασμῶν,
1326 5126 1399 5196 μὴ
1435 5122 1743 5195 καταλίπῃς

171 5237 229 5287 τὸ
262 5214 623 5305 μοναστήριόν
655 5247 748 5281 σου
771 5243 784 5256 '
808 5224 943 5279 ἀλλὰ
975 5224 1109 5293 φέρε
1144 5219 1406 5289 γενναίως
1436 5216 1503 5268 τὰ
1526 5214 1743 5285 κύματα

169 5325 279 5378 τῶν
325 5322 637 5392 λογισμῶν,
696 5319 790 5373 καὶ
832 5316 1065 5387 μάλιστα
1116 5312 1223 5364 τῶν
1269 5309 1370 5377 τῆς
1420 5305 1598 5377 λύπης
1653 5305 1745 5357 καὶ

172 5416 428 5486 ἁκηδίας.
455 5413 612 5467 Οὕτω
634 5412 743 5482 γὰρ
766 5406 1121 5477 οἰκονομικῶς
1142 5403 1216 5474 (g)
1245 5400 1333 5454 διὰ
1365 5397 1475 5451 τῶν
1511 5396 1741 5466 θλίψεων

251 5570 295 5602 ¹¹⁸
323 5568 501 5623 Galat.
534 5586 587 5633 v,
620 5568 673 5622 6.
751 5567 795 5597 ¹⁶
822 5564 961 5619 Gen.
992 5579 1104 5628 XIX,
1130 5563 1220 5616 27.

1902 3497 1991 3552 ιι).
2023 3494 2103 3550 Ne
2125 3493 2445 3564 cupiditatis
2482 3492 2687 3561 iraaque
2717 3491 3082 3561 cogitationes
3108 3491 3410 3557 sustinens,

1834 3586 2083 3640 animum
2138 3593 2295 3638 tuum
2362 3581 2668 3651 pollueris,
2724 3596 2794 3634 ne
2846 3579 3115 3635 orationis
3173 3582 3412 3650 puritate

1836 3678 2060 3740 amissa,
2087 3676 2141 3728 in
2168 3674 2371 3728 accdizn
2394 3673 2650 3743 spiritum
2682 3671 2919 3726 indicas.

1913 3849 2000 3903 50.
2039 3849 2194 3902 Tunc
2225 3862 2379 3900 mens
2427 3860 2646 3899 omnem
2682 3844 2750 3898 ad
2772 3845 2944 3898 Deum
2974 3844 3228 3897 ﬁduciam
3256 3842 3417 3899 amit-

1835 3940 1922 4000 tit,
1959 3955 2085 3993 cum
2133 3936 2318 4007 pravis
2357 3935 2706 4004 sordidisque
2747 3935 3175 4004 cogitationibus
3223 3950 3416 3992 assue-

1836 4032 2002 4085 verit.

1908 4126 1995 4179 5t.
2028 4123 2204 4178 Homo
2225 4136 2421 4176 vecors
2446 4119 2762 4187 nulliusque
2778 4116 2974 4188 judicii
3001 4117 3097 4187 qui
3120 4116 3417 4173 affectibus

1836 4235 1900 4273 ac
1949 4216 2177 4277 libidine
2231 4222 2444 4284 agatur,
2492 4221 2607 4267 tum
2657 4211 2904 4280 quidem,
2956 4227 3081 4266 cum
3131 4211 3417 4265 iracundia

1839 4316 2147 4364 commotus
2163 4306 2549 4367 conturbatur,
2581 4302 2811 4356 fratrum
2845 4303 3051 4356 insulse
3075 4303 3416 4357 consortium

1839 4400 2016 4453 vitare
2060 4396 2258 4465 satagit
2306 4414 2317 4447 :
2376 4408 2614 4462 cumque
2670 4407 2865 4446 rursus
2903 4392 3203 4461 cupiditate
3256 4392 3413 4462 40],

1839 4498 2125 4553 ειιεειυαι,
2162 4497 2371 4542 mutato
2401 4502 2596 4541 rursus
2626 4486 2880 4549 consilio,
2910 4486 3127 4539 illorum
3162 4499 3222 4539 se
3259 4485 3416 4538 coeti-

1844 4583 1947 4637 bus
1974 4594 2208 4649 propere
2242 4578 2459 4647 ingerit.
2506 4578 2597 4641 At,
2640 4579 2735 4646 qui
2780 4577 3026 4646 prudens
3066 4592 3131 4630 ac
3161 4576 3420 4631 cordatus

1844 4684 1948 4734 est.
1989 4686 2148 4725 secus
2182 4670 2239 4723 in
2268 4669 2518 4737 utrisque
2545 4685 2603 4724 se
2632 4658 2811 4740 gerit:
2851 4667 3133 4724 iracundia
3157 4667 3303 4722 enim
3334 4668 3419 4720 in-

1845 4764 2105 4825 stinctus,
2138 4762 2341 4814 excisis
2366 4761 2760 4831 indignationis
2799 4762 3003 4824 causis,
3029 4760 3179 4814 omni
3207 4776 3265 4814 se
3293 4776 3422 4829 erga

1850 4853 2050 4907 fratres
2093 4851 2413 4905 morositate
2448 4851 2720 4917 absolvit;
2758 4851 3079 4922 cupiditatis
3114 4864 3249 4903 vero
3285 4858 3423 4903 mstu

1850 4955 2066 5016 agente,
2124 4958 2153 4996 a
2204 4957 2408 4997 vesano
2459 4943 2667 5013 impetu
2719 4959 2781 4997 ac
2828 4956 3124 5012 congressu
3177 4954 3234 4992 se
3289 4946 3426 4991 tem-

1851 5045 2027 5106 perat.
2254 5091 2258 5096 ,

1922 5126 2010 5180 52.
2053 5123 2173 5189 Quo
2204 5130 2451 5188 tempore
2491 5121 2826 5174 tentationes
2858 5120 3141 5189 ingruunt,
3171 5133 3241 5171 ne
3262 5117 3431 5171 dese-

1852 5232 1940 5269 ras
1969 5213 2368 5268 monasterium
2400 5220 2589 5275 tuum;
2622 5212 2753 5280 quin
2789 5220 3014 5264 strenue
3054 5208 3195 5263 ferto
3226 5209 3432 5262 ﬂuctus

1852 5302 2283 5373 cogitationum;
2320 5300 2628 5370 prmsertim
2667 5315 2800 5353 vero
2838 5298 3072 5352 tristitia:
3109 5307 3165 5352 ct
3200 5297 3431 5352 accdize.

1852 5394 1943 5448 Sic
1968 5394 2117 5447 enim
2157 5398 2308 5445 certa
2345 5389 2760 5458 dispensatione
2803 5405 2903 5458 per
2947 5389 3272 5443 atllictiones
3303 5402 3429 5455 pro.

249 5702 324 5773 (g)
358 5702 519 5755 Οὕτω
551 5705 656 5773 γὰρ
685 5700 1093 5769 οἰκονομικῶς.
1163 5699 1247 5752 Sic
1272 5695 1509 5767 provide,
1548 5709 1610 5745 ac
1665 5708 1725 5759 qu

1848 5689 2087 5754 reddidi,
2123 5697 2265 5743 certa
2292 5689 2698 5759 dispensatione.
2752 5684 2841 5739 Sic
2899 5701 2954 5737 ιι.
2983 5682 3083 5735 5οε
3124 5680 3232 5752 Τῆς
3281 5692 3437 5731 κενοη

582 5797 842 5857 PATunL.
889 5798 1003 5851 Ge.
1050 5793 1168 5851 XC.

2995 5773 3061 5830 31
