  <div class='ocr_page' id='page_1' title='image "/cluster/home/n/w/nwhite01/storage/ocr_20150623/90/pst.000005712960/526.png"; bbox 0 0 3876 6314; ppageno 0'>
   <div class='ocr_carea' id='block_1_1' title="bbox 125 306 236 366">
    <p class='ocr_par' dir='ltr' id='par_1_1' title="bbox 125 306 236 366">
     <span class='ocr_line' id='line_1_1' title="bbox 125 306 236 366; baseline 0 0"><span class='ocrx_word' id='word_1_1' title='bbox 125 306 236 366; x_wconf 72' lang='lat'><strong>973</strong></span> 
     </span>
    </p>
   </div>
   <div class='ocr_carea' id='block_1_2' title="bbox 1046 297 2499 366">
    <p class='ocr_par' dir='ltr' id='par_1_2' title="bbox 1046 297 2499 366">
     <span class='ocr_line' id='line_1_2' title="bbox 1046 297 2499 366; baseline 0.006 -10"><span class='ocrx_word' id='word_1_2' title='bbox 1046 297 1374 358; x_wconf 76' lang='lat' dir='ltr'><strong>CAPITUM</strong></span> <span class='ocrx_word' id='word_1_3' title='bbox 1421 299 1514 358; x_wconf 68' lang='lat' dir='ltr'><strong>EE</strong></span> <span class='ocrx_word' id='word_1_4' title='bbox 1551 299 1982 360; x_wconf 61' lang='lat' dir='ltr'><strong>CllARlTA&#39;l&#39;ii</strong></span> <span class='ocrx_word' id='word_1_5' title='bbox 2023 303 2409 364; x_wconf 54' lang='lat' dir='ltr'><strong>CENTURIA</strong></span> <span class='ocrx_word' id='word_1_6' title='bbox 2451 308 2499 366; x_wconf 89' lang='grc' dir='ltr'><strong>Ι.</strong></span> 
     </span>
    </p>
   </div>
   <div class='ocr_carea' id='block_1_3' title="bbox 3271 313 3377 376">
    <p class='ocr_par' dir='ltr' id='par_1_3' title="bbox 3271 313 3377 376">
     <span class='ocr_line' id='line_1_3' title="bbox 3271 313 3377 376; baseline 0.009 -2"><span class='ocrx_word' id='word_1_7' title='bbox 3271 313 3377 376; x_wconf 63' lang='lat'><strong>9&#39;74</strong></span> 
     </span>
    </p>
   </div>
   <div class='ocr_carea' id='block_1_4' title="bbox 203 408 1702 503">
    <p class='ocr_par' dir='ltr' id='par_1_4' title="bbox 203 408 1700 482">
     <span class='ocr_line' id='line_1_4' title="bbox 203 408 1700 482; baseline -0.002 -16"><span class='ocrx_word' id='word_1_8' title='bbox 203 411 304 481; x_wconf 74' lang='lat' dir='ltr'><strong>Ea’.</strong></span> <span class='ocrx_word' id='word_1_9' title='bbox 349 409 495 481; x_wconf 71' lang='grc' dir='ltr'><strong>Ἐγὼ</strong></span> <span class='ocrx_word' id='word_1_10' title='bbox 523 408 766 476; x_wconf 74' lang='grc' dir='ltr'><strong>δὲλέγω</strong></span> <span class='ocrx_word' id='word_1_11' title='bbox 801 409 961 478; x_wconf 77' lang='grc' dir='ltr'>ὑμῖν,</span> <span class='ocrx_word' id='word_1_12' title='bbox 1003 412 1166 482; x_wconf 76' lang='grc' dir='ltr'>φησὶν</span> <span class='ocrx_word' id='word_1_13' title='bbox 1193 415 1222 464; x_wconf 86' lang='grc' dir='ltr'>ὁ</span> <span class='ocrx_word' id='word_1_14' title='bbox 1267 412 1504 482; x_wconf 76' lang='grc' dir='ltr'>Κύριος·</span> <span class='ocrx_word' id='word_1_15' title='bbox 1547 413 1700 479; x_wconf 66' lang='grc' dir='ltr'>Ἀγα-</span> 
     </span>
    </p>
   </div>
   <div class='ocr_carea' id='block_1_5' title="bbox 1815 408 3380 503">
    <p class='ocr_par' dir='ltr' id='par_1_5' title="bbox 1869 416 3380 503">
     <span class='ocr_line' id='line_1_5' title="bbox 1869 416 3380 503; baseline 0.013 -35"><span class='ocrx_word' id='word_1_16' title='bbox 1869 416 1956 469; x_wconf 85' lang='lat' dir='ltr'><strong>6l.</strong></span> <span class='ocrx_word' id='word_1_17' title='bbox 1989 416 2100 486; x_wconf 82' lang='lat' dir='ltr'><strong>Ego</strong></span> <span class='ocrx_word' id='word_1_18' title='bbox 2122 431 2297 472; x_wconf 80' lang='lat' dir='ltr'><strong>autem</strong></span> <span class='ocrx_word' id='word_1_19' title='bbox 2332 420 2448 474; x_wconf 84' lang='lat' dir='ltr'><strong>dico</strong></span> <span class='ocrx_word' id='word_1_20' title='bbox 2471 423 2632 486; x_wconf 71' lang='lat' dir='ltr'><strong>vobis,</strong></span> <span class='ocrx_word' id='word_1_21' title='bbox 2657 423 2791 477; x_wconf 88' lang='lat' dir='ltr'><strong>dicit</strong></span> <span class='ocrx_word' id='word_1_22' title='bbox 2811 424 3090 480; x_wconf 82' lang='lat' dir='ltr'><strong>Dominus</strong></span> <span class='ocrx_word' id='word_1_23' title='bbox 3115 467 3130 492; x_wconf 95' lang='lat'><strong>,</strong></span> <span class='ocrx_word' id='word_1_24' title='bbox 3164 428 3380 503; x_wconf 80' lang='lat' dir='ltr'><strong>Diligite</strong></span> 
     </span>
    </p>
   </div>
   <div class='ocr_carea' id='block_1_6' title="bbox 134 499 1697 571">
    <p class='ocr_par' dir='ltr' id='par_1_6' title="bbox 134 499 1697 571">
     <span class='ocr_line' id='line_1_6' title="bbox 134 499 1697 571; baseline -0.003 -13"><span class='ocrx_word' id='word_1_25' title='bbox 134 505 284 560; x_wconf 77' lang='grc' dir='ltr'>πᾶτε</span> <span class='ocrx_word' id='word_1_26' title='bbox 313 502 453 566; x_wconf 81' lang='grc' dir='ltr'>τοὺς</span> <span class='ocrx_word' id='word_1_27' title='bbox 471 499 723 570; x_wconf 66' lang='grc' dir='ltr'>ἐχθροὺς</span> <span class='ocrx_word' id='word_1_28' title='bbox 751 499 918 569; x_wconf 71' lang='grc' dir='ltr'><strong>ὑμῶν</strong></span> <span class='ocrx_word' id='word_1_29' title='bbox 939 518 952 530; x_wconf 88' lang='grc'>·</span> <span class='ocrx_word' id='word_1_30' title='bbox 979 501 1181 566; x_wconf 75' lang='grc' dir='ltr'>καλῶς</span> <span class='ocrx_word' id='word_1_31' title='bbox 1207 504 1429 556; x_wconf 81' lang='grc' dir='ltr'><strong>ποιεῖτε</strong></span> <span class='ocrx_word' id='word_1_32' title='bbox 1456 503 1581 569; x_wconf 79' lang='grc' dir='ltr'>τοῖς</span> <span class='ocrx_word' id='word_1_33' title='bbox 1603 521 1697 571; x_wconf 83' lang='grc' dir='ltr'>μι-</span> 
     </span>
    </p>
   </div>
   <div class='ocr_carea' id='block_1_7' title="bbox 131 593 1701 662">
    <p class='ocr_par' dir='ltr' id='par_1_7' title="bbox 131 593 1701 662">
     <span class='ocr_line' id='line_1_7' title="bbox 131 593 1701 662; baseline 0 -12"><span class='ocrx_word' id='word_1_34' title='bbox 131 597 357 650; x_wconf 72' lang='grc' dir='ltr'><strong>σοῦσιν</strong></span> <span class='ocrx_word' id='word_1_35' title='bbox 417 593 596 661; x_wconf 78' lang='grc' dir='ltr'>ὑμᾶς·</span> <span class='ocrx_word' id='word_1_36' title='bbox 651 593 1065 660; x_wconf 79' lang='grc' dir='ltr'>προσεύχεσθε</span> <span class='ocrx_word' id='word_1_37' title='bbox 1106 595 1255 662; x_wconf 83' lang='grc' dir='ltr'>ὑπὲρ</span> <span class='ocrx_word' id='word_1_38' title='bbox 1290 595 1408 648; x_wconf 79' lang='grc' dir='ltr'><strong>τῶν</strong></span> <span class='ocrx_word' id='word_1_39' title='bbox 1448 596 1701 662; x_wconf 76' lang='grc' dir='ltr'>ἐπηρεα-</span> 
     </span>
    </p>
   </div>
   <div class='ocr_carea' id='block_1_8' title="bbox 131 683 1700 755">
    <p class='ocr_par' dir='ltr' id='par_1_8' title="bbox 131 683 1700 755">
     <span class='ocr_line' id='line_1_8' title="bbox 131 683 1700 755; baseline -0.001 -16"><span class='ocrx_word' id='word_1_40' title='bbox 131 687 350 749; x_wconf 64' lang='grc' dir='ltr'><strong>ζὶτντωίν</strong></span> <span class='ocrx_word' id='word_1_41' title='bbox 386 683 560 752; x_wconf 76' lang='grc' dir='ltr'>ὑμᾶς.</span> <span class='ocrx_word' id='word_1_42' title='bbox 614 686 712 737; x_wconf 79' lang='grc' dir='ltr'>Διά</span> <span class='ocrx_word' id='word_1_43' title='bbox 749 685 802 736; x_wconf 87' lang='grc' dir='ltr'>τί</span> <span class='ocrx_word' id='word_1_44' title='bbox 853 685 1024 737; x_wconf 79' lang='grc' dir='ltr'>ταῦτα</span> <span class='ocrx_word' id='word_1_45' title='bbox 1075 686 1438 755; x_wconf 81' lang='grc' dir='ltr'>προσέταξεν;</span> <span class='ocrx_word' id='word_1_46' title='bbox 1469 688 1586 740; x_wconf 85' lang='grc' dir='ltr'>’Ὶνα</span> <span class='ocrx_word' id='word_1_47' title='bbox 1641 704 1700 738; x_wconf 87' lang='grc' dir='ltr'><strong>σε</strong></span> 
     </span>
    </p>
   </div>
   <div class='ocr_carea' id='block_1_9' title="bbox 135 774 1701 848">
    <p class='ocr_par' dir='ltr' id='par_1_9' title="bbox 135 774 1701 848">
     <span class='ocr_line' id='line_1_9' title="bbox 135 774 1701 848; baseline -0.001 -18"><span class='ocrx_word' id='word_1_48' title='bbox 135 780 323 848; x_wconf 81' lang='grc' dir='ltr'>μίσους</span> <span class='ocrx_word' id='word_1_49' title='bbox 349 777 440 828; x_wconf 71' lang='grc' dir='ltr'>καὶ</span> <span class='ocrx_word' id='word_1_50' title='bbox 474 774 648 838; x_wconf 80' lang='grc' dir='ltr'><strong>λύπης</strong></span> <span class='ocrx_word' id='word_1_51' title='bbox 703 775 798 826; x_wconf 77' lang='grc' dir='ltr'>καὶ</span> <span class='ocrx_word' id='word_1_52' title='bbox 827 774 996 845; x_wconf 78' lang='grc' dir='ltr'>ὀργῆς</span> <span class='ocrx_word' id='word_1_53' title='bbox 1028 777 1121 828; x_wconf 75' lang='grc' dir='ltr'><strong>καὶ</strong></span> <span class='ocrx_word' id='word_1_54' title='bbox 1155 778 1519 847; x_wconf 77' lang='grc' dir='ltr'><strong>μνησικακίας</strong></span> <span class='ocrx_word' id='word_1_55' title='bbox 1548 779 1701 829; x_wconf 81' lang='grc' dir='ltr'>ἐλευ-</span> 
     </span>
    </p>
   </div>
   <div class='ocr_carea' id='block_1_10' title="bbox 131 864 1700 939">
    <p class='ocr_par' dir='ltr' id='par_1_10' title="bbox 131 864 1700 939">
     <span class='ocr_line' id='line_1_10' title="bbox 131 864 1700 939; baseline -0.001 -18"><span class='ocrx_word' id='word_1_56' title='bbox 131 867 369 939; x_wconf 78' lang='grc' dir='ltr'>θερώσῃ,</span> <span class='ocrx_word' id='word_1_57' title='bbox 423 868 517 918; x_wconf 80' lang='grc' dir='ltr'>καὶ</span> <span class='ocrx_word' id='word_1_58' title='bbox 575 864 669 919; x_wconf 79' lang='grc' dir='ltr'>τοῦ</span> <span class='ocrx_word' id='word_1_59' title='bbox 729 867 986 934; x_wconf 85' lang='grc' dir='ltr'>μεγίστου</span> <span class='ocrx_word' id='word_1_60' title='bbox 1030 869 1306 937; x_wconf 80' lang='grc' dir='ltr'><strong>κτήματος</strong></span> <span class='ocrx_word' id='word_1_61' title='bbox 1354 869 1452 939; x_wconf 86' lang='grc' dir='ltr'>τῆς</span> <span class='ocrx_word' id='word_1_62' title='bbox 1490 869 1700 931; x_wconf 76' lang='grc' dir='ltr'><strong>τελείας</strong></span> 
     </span>
    </p>
   </div>
   <div class='ocr_carea' id='block_1_11' title="bbox 129 960 1700 1034">
    <p class='ocr_par' dir='ltr' id='par_1_11' title="bbox 129 960 1700 1034">
     <span class='ocr_line' id='line_1_11' title="bbox 129 960 1700 1034; baseline -0.003 -16"><span class='ocrx_word' id='word_1_63' title='bbox 129 967 348 1034; x_wconf 80' lang='grc' dir='ltr'>ἀγάπης</span> <span class='ocrx_word' id='word_1_64' title='bbox 403 960 749 1031; x_wconf 80' lang='grc' dir='ltr'>καταξιώσῃ·</span> <span class='ocrx_word' id='word_1_65' title='bbox 802 961 868 1032; x_wconf 70' lang='grc' dir='ltr'><strong>ἣν</strong></span> <span class='ocrx_word' id='word_1_66' title='bbox 905 963 1187 1032; x_wconf 74' lang='grc' dir='ltr'>ἀμήχανον</span> <span class='ocrx_word' id='word_1_67' title='bbox 1246 962 1409 1032; x_wconf 74' lang='grc' dir='ltr'>ἐχειν,</span> <span class='ocrx_word' id='word_1_68' title='bbox 1471 964 1562 1015; x_wconf 71' lang='grc' dir='ltr'><strong>τὸν</strong></span> <span class='ocrx_word' id='word_1_69' title='bbox 1626 964 1700 1034; x_wconf 87' lang='grc' dir='ltr'>μὴ</span> 
     </span>
    </p>
   </div>
   <div class='ocr_carea' id='block_1_12' title="bbox 131 1054 1702 1126">
    <p class='ocr_par' dir='ltr' id='par_1_12' title="bbox 131 1054 1702 1126">
     <span class='ocr_line' id='line_1_12' title="bbox 131 1054 1702 1126; baseline -0.001 -16"><span class='ocrx_word' id='word_1_70' title='bbox 131 1059 337 1119; x_wconf 74' lang='grc' dir='ltr'>πάντας</span> <span class='ocrx_word' id='word_1_71' title='bbox 399 1055 718 1125; x_wconf 61' lang='grc' dir='ltr'>ἀνθρώπους</span> <span class='ocrx_word' id='word_1_72' title='bbox 777 1054 837 1117; x_wconf 80' lang='grc' dir='ltr'>ἐξ</span> <span class='ocrx_word' id='word_1_73' title='bbox 893 1055 1007 1107; x_wconf 75' lang='grc' dir='ltr'>ἴσου</span> <span class='ocrx_word' id='word_1_74' title='bbox 1056 1055 1359 1121; x_wconf 77' lang='grc' dir='ltr'><strong>ἀγαπῶντα</strong></span> <span class='ocrx_word' id='word_1_75' title='bbox 1423 1056 1564 1108; x_wconf 79' lang='grc' dir='ltr'>κατὰ</span> <span class='ocrx_word' id='word_1_76' title='bbox 1615 1057 1702 1126; x_wconf 88' lang='grc' dir='ltr'>μί-</span> 
     </span>
    </p>
   </div>
   <div class='ocr_carea' id='block_1_13' title="bbox 132 1145 1701 1218">
    <p class='ocr_par' dir='ltr' id='par_1_13' title="bbox 132 1145 1701 1218">
     <span class='ocr_line' id='line_1_13' title="bbox 132 1145 1701 1218; baseline 0.001 -20"><span class='ocrx_word' id='word_1_77' title='bbox 132 1166 298 1218; x_wconf 78' lang='grc' dir='ltr'>μησιν</span> <span class='ocrx_word' id='word_1_78' title='bbox 331 1146 488 1206; x_wconf 76' lang='grc' dir='ltr'>Θεοῦ,</span> <span class='ocrx_word' id='word_1_79' title='bbox 525 1146 620 1198; x_wconf 80' lang='grc' dir='ltr'><strong>τοῦ</strong></span> <span class='ocrx_word' id='word_1_80' title='bbox 672 1147 883 1208; x_wconf 82' lang='grc' dir='ltr'>πάντας</span> <span class='ocrx_word' id='word_1_81' title='bbox 934 1145 1255 1216; x_wconf 78' lang='grc' dir='ltr'><strong>ἀνθρώπους</strong></span> <span class='ocrx_word' id='word_1_82' title='bbox 1302 1147 1360 1212; x_wconf 79' lang='grc' dir='ltr'>ἐξ</span> <span class='ocrx_word' id='word_1_83' title='bbox 1407 1145 1520 1198; x_wconf 83' lang='grc' dir='ltr'>ἴσου</span> <span class='ocrx_word' id='word_1_84' title='bbox 1567 1149 1701 1214; x_wconf 80' lang='grc' dir='ltr'>ἀγα-</span> 
     </span>
    </p>
   </div>
   <div class='ocr_carea' id='block_1_14' title="bbox 130 1237 1700 1307">
    <p class='ocr_par' dir='ltr' id='par_1_14' title="bbox 130 1237 1700 1307">
     <span class='ocr_line' id='line_1_14' title="bbox 130 1237 1700 1307; baseline -0.003 -15"><span class='ocrx_word' id='word_1_85' title='bbox 130 1241 373 1303; x_wconf 80' lang='grc' dir='ltr'>πῶντος,</span> <span class='ocrx_word' id='word_1_86' title='bbox 419 1240 514 1290; x_wconf 74' lang='grc' dir='ltr'><strong>καὶ</strong></span> <span class='ocrx_word' id='word_1_87' title='bbox 569 1237 814 1300; x_wconf 75' lang='grc' dir='ltr'><strong>Θέλοντος</strong></span> <span class='ocrx_word' id='word_1_88' title='bbox 850 1237 1087 1307; x_wconf 75' lang='grc' dir='ltr'>σωθῆναι</span> <span class='ocrx_word' id='word_1_89' title='bbox 1133 1238 1228 1291; x_wconf 74' lang='grc' dir='ltr'><strong>καὶ</strong></span> <span class='ocrx_word' id='word_1_90' title='bbox 1277 1240 1357 1300; x_wconf 82' lang='grc' dir='ltr'><strong>είς</strong></span> <span class='ocrx_word' id='word_1_91' title='bbox 1408 1237 1700 1306; x_wconf 71' lang='grc' dir='ltr'><strong>ἐπίγνωσιν</strong></span> 
     </span>
    </p>
   </div>
   <div class='ocr_carea' id='block_1_15' title="bbox 128 1330 619 1399">
    <p class='ocr_par' dir='ltr' id='par_1_15' title="bbox 128 1330 619 1399">
     <span class='ocr_line' id='line_1_15' title="bbox 128 1330 619 1399; baseline -0.01 -15"><span class='ocrx_word' id='word_1_92' title='bbox 128 1331 388 1399; x_wconf 76' lang='grc' dir='ltr'>ἀληθείας</span> <span class='ocrx_word' id='word_1_93' title='bbox 426 1330 619 1382; x_wconf 78' lang='grc' dir='ltr'>ἐλθεῖν.</span> 
     </span>
    </p>
   </div>
   <div class='ocr_carea' id='block_1_16' title="bbox 201 1409 1726 1491">
    <p class='ocr_par' dir='ltr' id='par_1_16' title="bbox 201 1409 1726 1491">
     <span class='ocr_line' id='line_1_16' title="bbox 201 1409 1726 1491; baseline -0.001 -18"><span class='ocrx_word' id='word_1_94' title='bbox 201 1422 299 1491; x_wconf 60' lang='grc' dir='ltr'>ξβκ</span> <span class='ocrx_word' id='word_1_95' title='bbox 345 1419 492 1489; x_wconf 69' lang='grc' dir='ltr'><strong>Ἐγὼ</strong></span> <span class='ocrx_word' id='word_1_96' title='bbox 539 1409 604 1472; x_wconf 75' lang='grc' dir='ltr'><em>δὲ</em></span> <span class='ocrx_word' id='word_1_97' title='bbox 657 1420 812 1489; x_wconf 73' lang='grc' dir='ltr'><strong>λέγω</strong></span> <span class='ocrx_word' id='word_1_98' title='bbox 860 1418 1040 1486; x_wconf 74' lang='grc' dir='ltr'><strong>ὑμῖν*</strong></span> <span class='ocrx_word' id='word_1_99' title='bbox 1074 1413 1168 1486; x_wconf 75' lang='grc' dir='ltr'><strong>Μὴ</strong></span> <span class='ocrx_word' id='word_1_100' title='bbox 1217 1419 1572 1487; x_wconf 72' lang='grc' dir='ltr'>ἀντιστῆναι</span> <span class='ocrx_word' id='word_1_101' title='bbox 1621 1419 1726 1485; x_wconf 82' lang='grc' dir='ltr'><strong>τῷ·</strong></span> 
     </span>
    </p>
   </div>
   <div class='ocr_carea' id='block_1_17' title="bbox 128 1510 1700 1579">
    <p class='ocr_par' dir='ltr' id='par_1_17' title="bbox 128 1510 1700 1579">
     <span class='ocr_line' id='line_1_17' title="bbox 128 1510 1700 1579; baseline -0.003 -13"><span class='ocrx_word' id='word_1_102' title='bbox 128 1513 404 1579; x_wconf 78' lang='grc' dir='ltr'><strong>πονηρῷ·</strong></span> <span class='ocrx_word' id='word_1_103' title='bbox 451 1513 587 1564; x_wconf 63' lang='grc' dir='ltr'><strong>ἀλλ’</strong></span> <span class='ocrx_word' id='word_1_104' title='bbox 626 1512 795 1576; x_wconf 80' lang='grc' dir='ltr'>ὅστις</span> <span class='ocrx_word' id='word_1_105' title='bbox 819 1529 893 1563; x_wconf 82' lang='grc' dir='ltr'><strong>σε</strong></span> <span class='ocrx_word' id='word_1_106' title='bbox 927 1511 1176 1578; x_wconf 71' lang='grc' dir='ltr'>ῥαπίσει</span> <span class='ocrx_word' id='word_1_107' title='bbox 1201 1510 1299 1563; x_wconf 75' lang='grc' dir='ltr'>ἐπὶ</span> <span class='ocrx_word' id='word_1_108' title='bbox 1340 1510 1453 1576; x_wconf 75' lang='grc' dir='ltr'><strong>τὴν</strong></span> <span class='ocrx_word' id='word_1_109' title='bbox 1494 1510 1700 1573; x_wconf 75' lang='grc' dir='ltr'><strong>δεξιὰν</strong></span> 
     </span>
    </p>
   </div>
   <div class='ocr_carea' id='block_1_18' title="bbox 122 1599 1698 1673">
    <p class='ocr_par' dir='ltr' id='par_1_18' title="bbox 122 1599 1698 1673">
     <span class='ocr_line' id='line_1_18' title="bbox 122 1599 1698 1673; baseline -0.004 -16"><span class='ocrx_word' id='word_1_110' title='bbox 122 1606 405 1673; x_wconf 73' lang='grc' dir='ltr'>σιαγόνα,</span> <span class='ocrx_word' id='word_1_111' title='bbox 428 1603 696 1670; x_wconf 66' lang='grc' dir='ltr'>στρέψον</span> <span class='ocrx_word' id='word_1_112' title='bbox 725 1601 884 1666; x_wconf 76' lang='grc' dir='ltr'>αὐτῷ</span> <span class='ocrx_word' id='word_1_113' title='bbox 924 1601 1023 1654; x_wconf 80' lang='grc' dir='ltr'>καὶ</span> <span class='ocrx_word' id='word_1_114' title='bbox 1063 1604 1176 1668; x_wconf 78' lang='grc' dir='ltr'><strong>τὴν</strong></span> <span class='ocrx_word' id='word_1_115' title='bbox 1219 1601 1420 1664; x_wconf 64' lang='grc' dir='ltr'><em>ἄλλην</em></span> <span class='ocrx_word' id='word_1_116' title='bbox 1443 1619 1456 1632; x_wconf 75' lang='grc' dir='ltr'><strong>ο</strong></span> <span class='ocrx_word' id='word_1_117' title='bbox 1493 1601 1590 1653; x_wconf 77' lang='grc' dir='ltr'>καὶ</span> <span class='ocrx_word' id='word_1_118' title='bbox 1621 1599 1698 1664; x_wconf 84' lang='grc' dir='ltr'><strong>τῷ</strong></span> 
     </span>
    </p>
   </div>
   <div class='ocr_carea' id='block_1_19' title="bbox 128 1692 1694 1761">
    <p class='ocr_par' dir='ltr' id='par_1_19' title="bbox 128 1692 1694 1761">
     <span class='ocr_line' id='line_1_19' title="bbox 128 1692 1694 1761; baseline -0.004 -12"><span class='ocrx_word' id='word_1_119' title='bbox 128 1697 370 1750; x_wconf 74' lang='grc' dir='ltr'>θέλοντί</span> <span class='ocrx_word' id='word_1_120' title='bbox 397 1711 493 1748; x_wconf 85' lang='grc' dir='ltr'><strong>σοι</strong></span> <span class='ocrx_word' id='word_1_121' title='bbox 530 1694 800 1761; x_wconf 76' lang='grc' dir='ltr'><strong>κριθῆναι</strong></span> <span class='ocrx_word' id='word_1_122' title='bbox 824 1694 917 1746; x_wconf 73' lang='grc' dir='ltr'>καὶ</span> <span class='ocrx_word' id='word_1_123' title='bbox 950 1694 1056 1746; x_wconf 72' lang='grc' dir='ltr'><strong>τὸν</strong></span> <span class='ocrx_word' id='word_1_124' title='bbox 1077 1692 1304 1761; x_wconf 82' lang='grc' dir='ltr'>χιτῶνά</span> <span class='ocrx_word' id='word_1_125' title='bbox 1327 1709 1443 1746; x_wconf 83' lang='grc' dir='ltr'><strong>σου</strong></span> <span class='ocrx_word' id='word_1_126' title='bbox 1467 1692 1694 1756; x_wconf 75' lang='grc' dir='ltr'>λαϐεῖν,</span> 
     </span>
    </p>
   </div>
   <div class='ocr_carea' id='block_1_20' title="bbox 126 1781 1698 1854">
    <p class='ocr_par' dir='ltr' id='par_1_20' title="bbox 126 1781 1698 1854">
     <span class='ocr_line' id='line_1_20' title="bbox 126 1781 1698 1854; baseline -0.003 -16"><span class='ocrx_word' id='word_1_127' title='bbox 126 1787 274 1854; x_wconf 55' lang='grc' dir='ltr'>ἄφες</span> <span class='ocrx_word' id='word_1_128' title='bbox 301 1783 463 1848; x_wconf 82' lang='grc' dir='ltr'>αὐτῷ</span> <span class='ocrx_word' id='word_1_129' title='bbox 497 1787 596 1837; x_wconf 78' lang='grc' dir='ltr'>καὶ</span> <span class='ocrx_word' id='word_1_130' title='bbox 631 1784 698 1837; x_wconf 83' lang='grc' dir='ltr'>τὸ</span> <span class='ocrx_word' id='word_1_131' title='bbox 743 1784 1005 1852; x_wconf 58' lang='lat' dir='ltr'><strong>induor“</strong></span> <span class='ocrx_word' id='word_1_132' title='bbox 1039 1783 1136 1836; x_wconf 71' lang='grc' dir='ltr'>καὶ</span> <span class='ocrx_word' id='word_1_133' title='bbox 1190 1781 1268 1847; x_wconf 79' lang='grc' dir='ltr'><strong>τῷ</strong></span> <span class='ocrx_word' id='word_1_134' title='bbox 1308 1782 1698 1851; x_wconf 66' lang='grc' dir='ltr'>ἀγγαρεύοντί</span> 
     </span>
    </p>
   </div>
   <div class='ocr_carea' id='block_1_21' title="bbox 123 1874 1699 1947">
    <p class='ocr_par' dir='ltr' id='par_1_21' title="bbox 123 1874 1699 1947">
     <span class='ocr_line' id='line_1_21' title="bbox 123 1874 1699 1947; baseline -0.01 -15"><span class='ocrx_word' id='word_1_135' title='bbox 123 1894 198 1931; x_wconf 75' lang='grc' dir='ltr'>σε</span> <span class='ocrx_word' id='word_1_136' title='bbox 227 1881 442 1947; x_wconf 71' lang='grc' dir='ltr'>μίλιον</span> <span class='ocrx_word' id='word_1_137' title='bbox 471 1875 558 1940; x_wconf 79' lang='grc' dir='ltr'><strong>ἓν,</strong></span> <span class='ocrx_word' id='word_1_138' title='bbox 589 1878 779 1946; x_wconf 70' lang='grc' dir='ltr'>ὕπαγε</span> <span class='ocrx_word' id='word_1_139' title='bbox 807 1877 933 1944; x_wconf 79' lang='grc' dir='ltr'>μετ’</span> <span class='ocrx_word' id='word_1_140' title='bbox 964 1876 1150 1930; x_wconf 76' lang='grc' dir='ltr'>αὐτοῦ</span> <span class='ocrx_word' id='word_1_141' title='bbox 1182 1874 1311 1930; x_wconf 81' lang='grc' dir='ltr'><strong>δύο.</strong></span> <span class='ocrx_word' id='word_1_142' title='bbox 1331 1875 1430 1926; x_wconf 78' lang='grc' dir='ltr'>Διά</span> <span class='ocrx_word' id='word_1_143' title='bbox 1459 1875 1542 1940; x_wconf 88' lang='grc' dir='ltr'>τί;</span> <span class='ocrx_word' id='word_1_144' title='bbox 1585 1876 1699 1928; x_wconf 79' lang='grc' dir='ltr'>Ἵνα,</span> 
     </span>
    </p>
   </div>
   <div class='ocr_carea' id='block_1_22' title="bbox 130 1967 1697 2040">
    <p class='ocr_par' dir='ltr' id='par_1_22' title="bbox 130 1967 1697 2040">
     <span class='ocr_line' id='line_1_22' title="bbox 130 1967 1697 2040; baseline -0.003 -17"><span class='ocrx_word' id='word_1_145' title='bbox 130 1973 219 2024; x_wconf 73' lang='grc' dir='ltr'><strong>καὶ</strong></span> <span class='ocrx_word' id='word_1_146' title='bbox 247 1971 307 2022; x_wconf 80' lang='grc' dir='ltr'><strong>σὲ</strong></span> <span class='ocrx_word' id='word_1_147' title='bbox 337 1971 601 2040; x_wconf 79' lang='grc' dir='ltr'><strong>ἀόργητον</strong></span> <span class='ocrx_word' id='word_1_148' title='bbox 629 1971 720 2021; x_wconf 75' lang='grc' dir='ltr'><strong>καὶ</strong></span> <span class='ocrx_word' id='word_1_149' title='bbox 737 1969 1008 2038; x_wconf 72' lang='grc' dir='ltr'>ἀτάραχον</span> <span class='ocrx_word' id='word_1_150' title='bbox 1040 1967 1341 2038; x_wconf 76' lang='grc' dir='ltr'><strong>διαφυλὰξῃ</strong></span> <span class='ocrx_word' id='word_1_151' title='bbox 1364 1968 1457 2020; x_wconf 69' lang='grc' dir='ltr'>καὶ</span> <span class='ocrx_word' id='word_1_152' title='bbox 1473 1967 1697 2029; x_wconf 70' lang='grc' dir='ltr'>ἄλυπον,</span> 
     </span>
    </p>
   </div>
   <div class='ocr_carea' id='block_1_23' title="bbox 129 2059 1700 2131">
    <p class='ocr_par' dir='ltr' id='par_1_23' title="bbox 129 2059 1700 2131">
     <span class='ocr_line' id='line_1_23' title="bbox 129 2059 1700 2131; baseline -0.003 -16"><span class='ocrx_word' id='word_1_153' title='bbox 129 2065 380 2115; x_wconf 83' lang='grc' dir='ltr'>κάκεῖνον</span> <span class='ocrx_word' id='word_1_154' title='bbox 425 2062 512 2114; x_wconf 74' lang='grc' dir='ltr'>διὰ</span> <span class='ocrx_word' id='word_1_155' title='bbox 566 2064 660 2131; x_wconf 74' lang='grc' dir='ltr'><strong>τῆς</strong></span> <span class='ocrx_word' id='word_1_156' title='bbox 711 2063 807 2131; x_wconf 80' lang='grc' dir='ltr'>σῆς</span> <span class='ocrx_word' id='word_1_157' title='bbox 863 2059 1213 2123; x_wconf 76' lang='grc' dir='ltr'>ἀνεξικακίας</span> <span class='ocrx_word' id='word_1_158' title='bbox 1267 2059 1567 2131; x_wconf 73' lang='grc' dir='ltr'><strong>παιδεύσῃ,</strong></span> <span class='ocrx_word' id='word_1_159' title='bbox 1605 2061 1700 2112; x_wconf 74' lang='grc' dir='ltr'>καὶ</span> 
     </span>
    </p>
   </div>
   <div class='ocr_carea' id='block_1_24' title="bbox 126 2151 1699 2224">
    <p class='ocr_par' dir='ltr' id='par_1_24' title="bbox 126 2151 1699 2224">
     <span class='ocr_line' id='line_1_24' title="bbox 126 2151 1699 2224; baseline -0.002 -16"><span class='ocrx_word' id='word_1_160' title='bbox 126 2153 470 2224; x_wconf 75' lang='grc' dir='ltr'>ἀμφοτέρους</span> <span class='ocrx_word' id='word_1_161' title='bbox 496 2153 569 2216; x_wconf 77' lang='grc' dir='ltr'>ὡς</span> <span class='ocrx_word' id='word_1_162' title='bbox 603 2151 804 2220; x_wconf 74' lang='grc' dir='ltr'>ἀγαθὸς</span> <span class='ocrx_word' id='word_1_163' title='bbox 839 2153 943 2206; x_wconf 77' lang='grc' dir='ltr'><strong>ὑπὸ</strong></span> <span class='ocrx_word' id='word_1_164' title='bbox 978 2153 1068 2204; x_wconf 75' lang='grc' dir='ltr'>τὸν</span> <span class='ocrx_word' id='word_1_165' title='bbox 1127 2152 1288 2220; x_wconf 81' lang='grc' dir='ltr'>ζυγὸν</span> <span class='ocrx_word' id='word_1_166' title='bbox 1320 2153 1416 2221; x_wconf 81' lang='grc' dir='ltr'>τῆς</span> <span class='ocrx_word' id='word_1_167' title='bbox 1477 2152 1699 2222; x_wconf 76' lang='grc' dir='ltr'>ἀγάπης</span> 
     </span>
    </p>
   </div>
   <div class='ocr_carea' id='block_1_25' title="bbox 130 2245 1306 2319">
    <p class='ocr_par' dir='ltr' id='par_1_25' title="bbox 130 2245 1306 2319">
     <span class='ocr_line' id='line_1_25' title="bbox 130 2245 1306 2319; baseline 0.008 -9"><span class='ocrx_word' id='word_1_168' title='bbox 130 2245 339 2313; x_wconf 72' lang='grc' dir='ltr'>ἀγάγῃ·</span> <span class='ocrx_word' id='word_1_169' title='bbox 465 2269 476 2286; x_wconf 62' lang='grc' dir='ltr'><strong>ι</strong></span> <span class='ocrx_word' id='word_1_170' title='bbox 1300 2313 1306 2319; x_wconf 92' lang='grc'>.</span> 
     </span>
    </p>
   </div>
   <div class='ocr_carea' id='block_1_26' title="bbox 198 2331 1697 2404">
    <p class='ocr_par' dir='ltr' id='par_1_26' title="bbox 198 2331 1697 2404">
     <span class='ocr_line' id='line_1_26' title="bbox 198 2331 1697 2404; baseline -0.002 -18"><span class='ocrx_word' id='word_1_171' title='bbox 198 2335 296 2402; x_wconf 80' lang='grc' dir='ltr'><strong>ξγ’.</strong></span> <span class='ocrx_word' id='word_1_172' title='bbox 340 2333 479 2403; x_wconf 70' lang='grc' dir='ltr'>Πρὸς</span> <span class='ocrx_word' id='word_1_173' title='bbox 523 2334 666 2402; x_wconf 79' lang='grc' dir='ltr'>άπερ</span> <span class='ocrx_word' id='word_1_174' title='bbox 714 2333 1014 2404; x_wconf 75' lang='grc' dir='ltr'>πράγματα</span> <span class='ocrx_word' id='word_1_175' title='bbox 1060 2349 1192 2386; x_wconf 87' lang='grc' dir='ltr'>ποτε</span> <span class='ocrx_word' id='word_1_176' title='bbox 1244 2333 1590 2401; x_wconf 82' lang='grc' dir='ltr'>πεπόνθαμεν</span> <span class='ocrx_word' id='word_1_177' title='bbox 1615 2331 1697 2401; x_wconf 68' lang='grc' dir='ltr'><strong>υ),</strong></span> 
     </span>
    </p>
   </div>
   <div class='ocr_carea' id='block_1_27' title="bbox 129 2425 1695 2495">
    <p class='ocr_par' dir='ltr' id='par_1_27' title="bbox 129 2425 1695 2495">
     <span class='ocr_line' id='line_1_27' title="bbox 129 2425 1695 2495; baseline -0.001 -16"><span class='ocrx_word' id='word_1_178' title='bbox 129 2428 334 2480; x_wconf 78' lang='grc' dir='ltr'>τούτων</span> <span class='ocrx_word' id='word_1_179' title='bbox 385 2428 478 2478; x_wconf 72' lang='grc' dir='ltr'><strong>καὶ</strong></span> <span class='ocrx_word' id='word_1_180' title='bbox 525 2427 625 2488; x_wconf 75' lang='grc' dir='ltr'><strong>τὰς</strong></span> <span class='ocrx_word' id='word_1_181' title='bbox 661 2426 958 2494; x_wconf 79' lang='grc' dir='ltr'>φαντασίας</span> <span class='ocrx_word' id='word_1_182' title='bbox 1003 2428 1265 2495; x_wconf 78' lang='grc' dir='ltr'>ἐμπαθεῖς</span> <span class='ocrx_word' id='word_1_183' title='bbox 1306 2425 1695 2495; x_wconf 74' lang='grc' dir='ltr'>περιφέρομεν.</span> 
     </span>
    </p>
   </div>
   <div class='ocr_carea' id='block_1_28' title="bbox 141 2515 1700 2586">
    <p class='ocr_par' dir='ltr' id='par_1_28' title="bbox 141 2515 1700 2586">
     <span class='ocr_line' id='line_1_28' title="bbox 141 2515 1700 2586; baseline 0.001 -17"><span class='ocrx_word' id='word_1_184' title='bbox 141 2521 197 2571; x_wconf 84' lang='lat'><strong>&#39;0</strong></span> <span class='ocrx_word' id='word_1_185' title='bbox 229 2515 325 2571; x_wconf 80' lang='grc' dir='ltr'><strong>οὖν</strong></span> <span class='ocrx_word' id='word_1_186' title='bbox 354 2517 450 2578; x_wconf 72' lang='grc' dir='ltr'>τὰς</span> <span class='ocrx_word' id='word_1_187' title='bbox 478 2517 741 2586; x_wconf 78' lang='grc' dir='ltr'>ἐμπαθεῖς</span> <span class='ocrx_word' id='word_1_188' title='bbox 768 2517 932 2570; x_wconf 83' lang='grc' dir='ltr'>νικῶν</span> <span class='ocrx_word' id='word_1_189' title='bbox 959 2519 1276 2586; x_wconf 80' lang='grc' dir='ltr'>φαντασίας,</span> <span class='ocrx_word' id='word_1_190' title='bbox 1306 2518 1396 2570; x_wconf 76' lang='grc' dir='ltr'><strong>καὶ</strong></span> <span class='ocrx_word' id='word_1_191' title='bbox 1423 2517 1530 2570; x_wconf 68' lang='grc' dir='ltr'><strong>τῶν</strong></span> <span class='ocrx_word' id='word_1_192' title='bbox 1560 2534 1700 2586; x_wconf 84' lang='grc' dir='ltr'>πρα-</span> 
     </span>
    </p>
   </div>
   <div class='ocr_carea' id='block_1_29' title="bbox 131 2601 1701 2678">
    <p class='ocr_par' dir='ltr' id='par_1_29' title="bbox 131 2601 1701 2678">
     <span class='ocr_line' id='line_1_29' title="bbox 131 2601 1701 2678; baseline -0.004 -16"><span class='ocrx_word' id='word_1_193' title='bbox 131 2610 356 2678; x_wconf 76' lang='grc' dir='ltr'>γμάτων</span> <span class='ocrx_word' id='word_1_194' title='bbox 381 2601 454 2660; x_wconf 83' lang='grc' dir='ltr'>ὧν</span> <span class='ocrx_word' id='word_1_195' title='bbox 477 2609 551 2662; x_wconf 73' lang='grc' dir='ltr'><strong>αἱ.</strong></span> <span class='ocrx_word' id='word_1_196' title='bbox 576 2607 864 2676; x_wconf 83' lang='grc' dir='ltr'>φαντασίαι</span> <span class='ocrx_word' id='word_1_197' title='bbox 887 2608 1098 2669; x_wconf 79' lang='grc' dir='ltr'>πάντως</span> <span class='ocrx_word' id='word_1_198' title='bbox 1132 2608 1492 2677; x_wconf 77' lang='grc' dir='ltr'>καταφρονεῖ·</span> <span class='ocrx_word' id='word_1_199' title='bbox 1515 2604 1701 2674; x_wconf 79' lang='grc' dir='ltr'>ἐπειδὴ</span> 
     </span>
    </p>
   </div>
   <div class='ocr_carea' id='block_1_30' title="bbox 131 2697 1701 2771">
    <p class='ocr_par' dir='ltr' id='par_1_30' title="bbox 131 2697 1701 2771">
     <span class='ocr_line' id='line_1_30' title="bbox 131 2697 1701 2771; baseline -0.003 -18"><span class='ocrx_word' id='word_1_200' title='bbox 131 2701 218 2755; x_wconf 75' lang='grc' dir='ltr'><strong>τοῦ</strong></span> <span class='ocrx_word' id='word_1_201' title='bbox 254 2702 394 2771; x_wconf 79' lang='grc' dir='ltr'>πρὸς</span> <span class='ocrx_word' id='word_1_202' title='bbox 424 2701 492 2752; x_wconf 77' lang='grc' dir='ltr'>τὰ</span> <span class='ocrx_word' id='word_1_203' title='bbox 530 2701 830 2770; x_wconf 83' lang='grc' dir='ltr'>πράγματα</span> <span class='ocrx_word' id='word_1_204' title='bbox 855 2699 1092 2769; x_wconf 62' lang='grc' dir='ltr'>πολέμοο</span> <span class='ocrx_word' id='word_1_205' title='bbox 1116 2700 1143 2750; x_wconf 88' lang='grc' dir='ltr'>ὁ</span> <span class='ocrx_word' id='word_1_206' title='bbox 1177 2699 1311 2768; x_wconf 66' lang='grc' dir='ltr'>πρδς</span> <span class='ocrx_word' id='word_1_207' title='bbox 1349 2698 1446 2760; x_wconf 75' lang='grc' dir='ltr'><strong>τὰς</strong></span> <span class='ocrx_word' id='word_1_208' title='bbox 1481 2697 1701 2767; x_wconf 82' lang='grc' dir='ltr'>μνήμας</span> 
     </span>
    </p>
   </div>
   <div class='ocr_carea' id='block_1_31' title="bbox 129 2789 1702 2861">
    <p class='ocr_par' dir='ltr' id='par_1_31' title="bbox 129 2789 1702 2861">
     <span class='ocr_line' id='line_1_31' title="bbox 129 2789 1702 2861; baseline -0.003 -15"><span class='ocrx_word' id='word_1_209' title='bbox 129 2793 384 2848; x_wconf 76' lang='grc' dir='ltr'>τοσοῦτόν</span> <span class='ocrx_word' id='word_1_210' title='bbox 415 2794 530 2844; x_wconf 86' lang='grc' dir='ltr'>ἐστι</span> <span class='ocrx_word' id='word_1_211' title='bbox 556 2789 936 2861; x_wconf 80' lang='grc' dir='ltr'>χαλεπώτερος</span> <span class='ocrx_word' id='word_1_212' title='bbox 957 2831 972 2854; x_wconf 92' lang='grc'><strong>,</strong></span> <span class='ocrx_word' id='word_1_213' title='bbox 1005 2791 1126 2842; x_wconf 79' lang='grc' dir='ltr'>ὅσον</span> <span class='ocrx_word' id='word_1_214' title='bbox 1155 2789 1247 2842; x_wconf 80' lang='grc' dir='ltr'>τοῦ</span> <span class='ocrx_word' id='word_1_215' title='bbox 1279 2790 1398 2842; x_wconf 82' lang='grc' dir='ltr'>κατ’</span> <span class='ocrx_word' id='word_1_216' title='bbox 1425 2791 1702 2859; x_wconf 76' lang='grc' dir='ltr'>ἐνέργειαν</span> 
     </span>
    </p>
   </div>
   <div class='ocr_carea' id='block_1_32' title="bbox 131 2882 1593 2957">
    <p class='ocr_par' dir='ltr' id='par_1_32' title="bbox 131 2882 1593 2957">
     <span class='ocr_line' id='line_1_32' title="bbox 131 2882 1593 2957; baseline -0.003 -17"><span class='ocrx_word' id='word_1_217' title='bbox 131 2886 488 2957; x_wconf 81' lang='grc' dir='ltr'>ἁμαρτάνειν,</span> <span class='ocrx_word' id='word_1_218' title='bbox 511 2885 571 2937; x_wconf 86' lang='grc' dir='ltr'><strong>τὸ</strong></span> <span class='ocrx_word' id='word_1_219' title='bbox 600 2883 741 2937; x_wconf 81' lang='grc' dir='ltr'>κατὰ</span> <span class='ocrx_word' id='word_1_220' title='bbox 764 2884 999 2938; x_wconf 78' lang='grc' dir='ltr'>διάνοιαν</span> <span class='ocrx_word' id='word_1_221' title='bbox 1026 2885 1170 2935; x_wconf 86' lang='grc' dir='ltr'>ἐστιν</span> <span class='ocrx_word' id='word_1_222' title='bbox 1199 2882 1593 2953; x_wconf 77' lang='grc' dir='ltr'>εὐκοπώτερον.</span> 
     </span>
    </p>
   </div>
   <div class='ocr_carea' id='block_1_33' title="bbox 204 3175 1703 3246">
    <p class='ocr_par' dir='ltr' id='par_1_33' title="bbox 204 3175 1703 3246">
     <span class='ocr_line' id='line_1_33' title="bbox 204 3175 1703 3246; baseline -0.001 -16"><span class='ocrx_word' id='word_1_223' title='bbox 204 3176 294 3241; x_wconf 77' lang='grc' dir='ltr'><strong>ξδ’.</strong></span> <span class='ocrx_word' id='word_1_224' title='bbox 335 3175 458 3228; x_wconf 83' lang='grc' dir='ltr'><strong>Τῶν</strong></span> <span class='ocrx_word' id='word_1_225' title='bbox 489 3175 677 3229; x_wconf 78' lang='grc' dir='ltr'>παθῶν</span> <span class='ocrx_word' id='word_1_226' title='bbox 707 3175 774 3228; x_wconf 78' lang='grc' dir='ltr'>τὰ</span> <span class='ocrx_word' id='word_1_227' title='bbox 814 3176 912 3245; x_wconf 85' lang='grc' dir='ltr'>μέν</span> <span class='ocrx_word' id='word_1_228' title='bbox 943 3177 1066 3228; x_wconf 81' lang='grc' dir='ltr'>ἐστι</span> <span class='ocrx_word' id='word_1_229' title='bbox 1102 3175 1388 3246; x_wconf 70' lang='grc' dir='ltr'>σωματικὰ</span> <span class='ocrx_word' id='word_1_230' title='bbox 1423 3175 1519 3246; x_wconf 86' lang='grc'><strong>(7),</strong></span> <span class='ocrx_word' id='word_1_231' title='bbox 1548 3176 1616 3228; x_wconf 78' lang='grc' dir='ltr'><strong>τὰ</strong></span> <span class='ocrx_word' id='word_1_232' title='bbox 1649 3176 1703 3228; x_wconf 74' lang='grc' dir='ltr'><strong>δὲ</strong></span> 
     </span>
    </p>
   </div>
   <div class='ocr_carea' id='block_1_34' title="bbox 128 3266 1704 3338">
    <p class='ocr_par' dir='ltr' id='par_1_34' title="bbox 128 3266 1704 3338">
     <span class='ocr_line' id='line_1_34' title="bbox 128 3266 1704 3338; baseline 0.001 -20"><span class='ocrx_word' id='word_1_233' title='bbox 128 3267 356 3338; x_wconf 71' lang='grc' dir='ltr'>ψυχικά.</span> <span class='ocrx_word' id='word_1_234' title='bbox 401 3267 511 3318; x_wconf 79' lang='grc' dir='ltr'><strong>Καὶ</strong></span> <span class='ocrx_word' id='word_1_235' title='bbox 539 3267 605 3319; x_wconf 87' lang='grc' dir='ltr'>τὰ</span> <span class='ocrx_word' id='word_1_236' title='bbox 635 3266 733 3337; x_wconf 83' lang='grc' dir='ltr'>μὲν</span> <span class='ocrx_word' id='word_1_237' title='bbox 762 3268 1073 3338; x_wconf 72' lang='grc' dir='ltr'>σωματικὰ,</span> <span class='ocrx_word' id='word_1_238' title='bbox 1093 3269 1158 3321; x_wconf 88' lang='grc' dir='ltr'><strong>ἐκ</strong></span> <span class='ocrx_word' id='word_1_239' title='bbox 1186 3267 1281 3319; x_wconf 76' lang='grc' dir='ltr'><strong>τοῦ</strong></span> <span class='ocrx_word' id='word_1_240' title='bbox 1311 3266 1563 3337; x_wconf 80' lang='grc' dir='ltr'>σώματος</span> <span class='ocrx_word' id='word_1_241' title='bbox 1592 3267 1704 3338; x_wconf 78' lang='grc' dir='ltr'>ἔχει</span> 
     </span>
    </p>
   </div>
   <div class='ocr_carea' id='block_1_35' title="bbox 132 3359 1703 3430">
    <p class='ocr_par' dir='ltr' id='par_1_35' title="bbox 132 3359 1703 3430">
     <span class='ocr_line' id='line_1_35' title="bbox 132 3359 1703 3430; baseline -0.001 -17"><span class='ocrx_word' id='word_1_242' title='bbox 132 3360 225 3424; x_wconf 75' lang='grc' dir='ltr'><strong>τὰς</strong></span> <span class='ocrx_word' id='word_1_243' title='bbox 251 3360 544 3430; x_wconf 63' lang='grc' dir='ltr'>ἀφορμάςσ</span> <span class='ocrx_word' id='word_1_244' title='bbox 575 3359 645 3413; x_wconf 77' lang='grc' dir='ltr'><strong>τὰ</strong></span> <span class='ocrx_word' id='word_1_245' title='bbox 700 3359 757 3413; x_wconf 82' lang='grc' dir='ltr'><strong>δὲ</strong></span> <span class='ocrx_word' id='word_1_246' title='bbox 797 3359 1022 3430; x_wconf 75' lang='grc' dir='ltr'>ψυχικά,</span> <span class='ocrx_word' id='word_1_247' title='bbox 1065 3362 1131 3413; x_wconf 85' lang='grc' dir='ltr'><strong>ἐκ</strong></span> <span class='ocrx_word' id='word_1_248' title='bbox 1173 3359 1282 3413; x_wconf 85' lang='grc' dir='ltr'>τῶν</span> <span class='ocrx_word' id='word_1_249' title='bbox 1312 3360 1511 3427; x_wconf 73' lang='grc' dir='ltr'>ἔξωθεν</span> <span class='ocrx_word' id='word_1_250' title='bbox 1559 3377 1703 3430; x_wconf 87' lang='grc' dir='ltr'>πρα-</span> 
     </span>
    </p>
   </div>
   <div class='ocr_carea' id='block_1_36' title="bbox 133 3452 1705 3524">
    <p class='ocr_par' dir='ltr' id='par_1_36' title="bbox 133 3452 1705 3524">
     <span class='ocr_line' id='line_1_36' title="bbox 133 3452 1705 3524; baseline 0 -19"><span class='ocrx_word' id='word_1_251' title='bbox 133 3453 379 3522; x_wconf 76' lang='grc' dir='ltr'>γμάτων.</span> <span class='ocrx_word' id='word_1_252' title='bbox 413 3452 724 3523; x_wconf 82' lang='grc' dir='ltr'>Ἀμφότερα</span> <span class='ocrx_word' id='word_1_253' title='bbox 742 3452 796 3504; x_wconf 85' lang='grc' dir='ltr'><strong>δὲ</strong></span> <span class='ocrx_word' id='word_1_254' title='bbox 825 3453 1140 3524; x_wconf 83' lang='grc' dir='ltr'>περικόπτει</span> <span class='ocrx_word' id='word_1_255' title='bbox 1168 3455 1356 3524; x_wconf 81' lang='grc' dir='ltr'>ἀγάπη</span> <span class='ocrx_word' id='word_1_256' title='bbox 1377 3456 1471 3508; x_wconf 72' lang='grc' dir='ltr'><strong>καὶ</strong></span> <span class='ocrx_word' id='word_1_257' title='bbox 1503 3452 1705 3523; x_wconf 82' lang='grc' dir='ltr'>ἐγκρά-</span> 
     </span>
    </p>
   </div>
   <div class='ocr_carea' id='block_1_37' title="bbox 133 3537 1490 3611">
    <p class='ocr_par' dir='ltr' id='par_1_37' title="bbox 133 3537 1490 3611">
     <span class='ocr_line' id='line_1_37' title="bbox 133 3537 1490 3611; baseline 0.006 -23"><span class='ocrx_word' id='word_1_258' title='bbox 133 3554 250 3590; x_wconf 85' lang='grc' dir='ltr'>τεια</span> <span class='ocrx_word' id='word_1_259' title='bbox 273 3557 284 3568; x_wconf 89' lang='grc'>·</span> <span class='ocrx_word' id='word_1_260' title='bbox 322 3540 358 3607; x_wconf 80' lang='grc' dir='ltr'><strong>ἡ</strong></span> <span class='ocrx_word' id='word_1_261' title='bbox 393 3539 511 3607; x_wconf 84' lang='grc' dir='ltr'>μὲν,</span> <span class='ocrx_word' id='word_1_262' title='bbox 540 3537 610 3591; x_wconf 82' lang='grc' dir='ltr'>τὰ</span> <span class='ocrx_word' id='word_1_263' title='bbox 641 3538 850 3608; x_wconf 78' lang='grc' dir='ltr'>ψυχικά</span> <span class='ocrx_word' id='word_1_264' title='bbox 869 3554 882 3567; x_wconf 80' lang='grc'><em>”</em></span> <span class='ocrx_word' id='word_1_265' title='bbox 907 3541 940 3610; x_wconf 81' lang='grc' dir='ltr'><strong>ἡ</strong></span> <span class='ocrx_word' id='word_1_266' title='bbox 965 3540 1046 3606; x_wconf 84' lang='grc' dir='ltr'>δὲ,</span> <span class='ocrx_word' id='word_1_267' title='bbox 1073 3541 1143 3593; x_wconf 86' lang='grc' dir='ltr'>τὰ</span> <span class='ocrx_word' id='word_1_268' title='bbox 1184 3543 1490 3611; x_wconf 82' lang='grc' dir='ltr'>σωματικά.</span> 
     </span>
    </p>
   </div>
   <div class='ocr_carea' id='block_1_38' title="bbox 205 3628 1703 3702">
    <p class='ocr_par' dir='ltr' id='par_1_38' title="bbox 205 3628 1703 3702">
     <span class='ocr_line' id='line_1_38' title="bbox 205 3628 1703 3702; baseline 0.006 -21"><span class='ocrx_word' id='word_1_269' title='bbox 205 3628 294 3694; x_wconf 79' lang='grc' dir='ltr'><strong>ξε’.</strong></span> <span class='ocrx_word' id='word_1_270' title='bbox 335 3631 418 3682; x_wconf 78' lang='grc' dir='ltr'>Τά</span> <span class='ocrx_word' id='word_1_271' title='bbox 451 3630 550 3698; x_wconf 79' lang='grc' dir='ltr'>μὲν</span> <span class='ocrx_word' id='word_1_272' title='bbox 580 3630 690 3682; x_wconf 82' lang='grc' dir='ltr'><strong>τῶν</strong></span> <span class='ocrx_word' id='word_1_273' title='bbox 721 3630 930 3696; x_wconf 83' lang='grc' dir='ltr'>παθῶν,</span> <span class='ocrx_word' id='word_1_274' title='bbox 968 3631 1062 3683; x_wconf 79' lang='grc' dir='ltr'>τοῦ</span> <span class='ocrx_word' id='word_1_275' title='bbox 1088 3632 1320 3702; x_wconf 78' lang='grc' dir='ltr'>Θυμικοῦ</span> <span class='ocrx_word' id='word_1_276' title='bbox 1343 3651 1356 3666; x_wconf 73' lang='grc' dir='ltr'><strong>ο</strong></span> <span class='ocrx_word' id='word_1_277' title='bbox 1392 3634 1460 3687; x_wconf 81' lang='grc' dir='ltr'>τὰ</span> <span class='ocrx_word' id='word_1_278' title='bbox 1509 3636 1567 3688; x_wconf 85' lang='grc' dir='ltr'><strong>δὲ</strong></span> <span class='ocrx_word' id='word_1_279' title='bbox 1608 3637 1703 3689; x_wconf 79' lang='grc' dir='ltr'>τοῦ</span> 
     </span>
    </p>
   </div>
   <div class='ocr_carea' id='block_1_39' title="bbox 134 3719 1704 3796">
    <p class='ocr_par' dir='ltr' id='par_1_39' title="bbox 134 3719 1704 3796">
     <span class='ocr_line' id='line_1_39' title="bbox 134 3719 1704 3796; baseline 0.005 -24"><span class='ocrx_word' id='word_1_280' title='bbox 134 3719 530 3791; x_wconf 72' lang='grc' dir='ltr'>ἐπιθυμητικοῦ</span> <span class='ocrx_word' id='word_1_281' title='bbox 580 3721 776 3792; x_wconf 81' lang='grc' dir='ltr'>μέρους</span> <span class='ocrx_word' id='word_1_282' title='bbox 804 3725 902 3790; x_wconf 82' lang='grc' dir='ltr'>τῆς</span> <span class='ocrx_word' id='word_1_283' title='bbox 931 3721 1128 3792; x_wconf 79' lang='grc' dir='ltr'>ψυχῆς,</span> <span class='ocrx_word' id='word_1_284' title='bbox 1178 3724 1458 3794; x_wconf 82' lang='grc' dir='ltr'>τυγχάνει.</span> <span class='ocrx_word' id='word_1_285' title='bbox 1498 3727 1704 3796; x_wconf 82' lang='grc' dir='ltr'><strong>Ἀμφό-</strong></span> 
     </span>
    </p>
   </div>
   <div class='ocr_carea' id='block_1_40' title="bbox 137 3811 1704 3884">
    <p class='ocr_par' dir='ltr' id='par_1_40' title="bbox 137 3811 1704 3884">
     <span class='ocr_line' id='line_1_40' title="bbox 137 3811 1704 3884; baseline 0.004 -22"><span class='ocrx_word' id='word_1_286' title='bbox 137 3829 267 3884; x_wconf 69' lang='lat' dir='ltr'><strong>cepa.</strong></span> <span class='ocrx_word' id='word_1_287' title='bbox 299 3813 383 3875; x_wconf 82' lang='grc' dir='ltr'><strong>δὲ,</strong></span> <span class='ocrx_word' id='word_1_288' title='bbox 413 3813 500 3864; x_wconf 86' lang='grc' dir='ltr'>διὰ</span> <span class='ocrx_word' id='word_1_289' title='bbox 529 3812 636 3864; x_wconf 81' lang='grc' dir='ltr'>τῶν</span> <span class='ocrx_word' id='word_1_290' title='bbox 665 3811 968 3882; x_wconf 83' lang='grc' dir='ltr'>αἰσθήσεων</span> <span class='ocrx_word' id='word_1_291' title='bbox 1004 3817 1256 3867; x_wconf 88' lang='grc' dir='ltr'>κινεῖται.</span> <span class='ocrx_word' id='word_1_292' title='bbox 1286 3814 1419 3867; x_wconf 85' lang='grc' dir='ltr'>Τότε</span> <span class='ocrx_word' id='word_1_293' title='bbox 1451 3815 1507 3868; x_wconf 85' lang='grc' dir='ltr'><strong>δὲ</strong></span> <span class='ocrx_word' id='word_1_294' title='bbox 1541 3821 1704 3869; x_wconf 82' lang='grc' dir='ltr'>κινεῖ-</span> 
     </span>
    </p>
   </div>
   <div class='ocr_carea' id='block_1_41' title="bbox 135 3903 1702 3976">
    <p class='ocr_par' dir='ltr' id='par_1_41' title="bbox 135 3903 1702 3976">
     <span class='ocr_line' id='line_1_41' title="bbox 135 3903 1702 3976; baseline 0.001 -20"><span class='ocrx_word' id='word_1_295' title='bbox 135 3920 242 3963; x_wconf 68' lang='grc' dir='ltr'>ται.</span> <span class='ocrx_word' id='word_1_296' title='bbox 277 3905 368 3956; x_wconf 78' lang='grc' dir='ltr'>ὅτε</span> <span class='ocrx_word' id='word_1_297' title='bbox 399 3904 615 3974; x_wconf 77' lang='grc' dir='ltr'>ἀγάπης</span> <span class='ocrx_word' id='word_1_298' title='bbox 653 3906 685 3974; x_wconf 78' lang='grc' dir='ltr'><strong>ἡ</strong></span> <span class='ocrx_word' id='word_1_299' title='bbox 714 3903 858 3974; x_wconf 73' lang='grc' dir='ltr'><strong>ψυχὴ</strong></span> <span class='ocrx_word' id='word_1_300' title='bbox 894 3905 988 3956; x_wconf 77' lang='grc' dir='ltr'><strong>καὶ</strong></span> <span class='ocrx_word' id='word_1_301' title='bbox 1013 3905 1339 3974; x_wconf 76' lang='grc' dir='ltr'>ἐγκρατείας</span> <span class='ocrx_word' id='word_1_302' title='bbox 1366 3906 1521 3970; x_wconf 76' lang='grc' dir='ltr'>ἐκτὸς</span> <span class='ocrx_word' id='word_1_303' title='bbox 1555 3907 1702 3976; x_wconf 81' lang='grc' dir='ltr'>εὑρί-</span> 
     </span>
    </p>
   </div>
   <div class='ocr_carea' id='block_1_42' title="bbox 139 4014 420 4050">
    <p class='ocr_par' dir='ltr' id='par_1_42' title="bbox 139 4014 420 4050">
     <span class='ocr_line' id='line_1_42' title="bbox 139 4014 420 4050; baseline 0.004 -4"><span class='ocrx_word' id='word_1_304' title='bbox 139 4014 348 4050; x_wconf 79' lang='grc' dir='ltr'>σκεται.</span> <span class='ocrx_word' id='word_1_305' title='bbox 412 4041 420 4047; x_wconf 83' lang='lat'><strong>.</strong></span> 
     </span>
    </p>
   </div>
   <div class='ocr_carea' id='block_1_43' title="bbox 205 4088 1703 4160">
    <p class='ocr_par' dir='ltr' id='par_1_43' title="bbox 205 4088 1703 4160">
     <span class='ocr_line' id='line_1_43' title="bbox 205 4088 1703 4160; baseline 0 -18"><span class='ocrx_word' id='word_1_306' title='bbox 205 4088 314 4151; x_wconf 78' lang='grc' dir='ltr'><strong>ξς’.</strong></span> <span class='ocrx_word' id='word_1_307' title='bbox 362 4088 847 4156; x_wconf 76' lang='grc' dir='ltr'>Δυσκαταγὼνιστα</span> <span class='ocrx_word' id='word_1_308' title='bbox 881 4089 1078 4158; x_wconf 72' lang='grc' dir='ltr'>μᾶλλον</span> <span class='ocrx_word' id='word_1_309' title='bbox 1104 4088 1170 4142; x_wconf 73' lang='grc' dir='ltr'><strong>τά</strong></span> <span class='ocrx_word' id='word_1_310' title='bbox 1194 4089 1289 4142; x_wconf 73' lang='grc' dir='ltr'>τοῦ</span> <span class='ocrx_word' id='word_1_311' title='bbox 1331 4089 1565 4160; x_wconf 86' lang='grc' dir='ltr'>θυμικοῦ</span> <span class='ocrx_word' id='word_1_312' title='bbox 1606 4091 1703 4160; x_wconf 86' lang='grc' dir='ltr'><strong>μέ-</strong></span> 
     </span>
    </p>
   </div>
   <div class='ocr_carea' id='block_1_44' title="bbox 139 4179 1705 4252">
    <p class='ocr_par' dir='ltr' id='par_1_44' title="bbox 139 4179 1705 4252">
     <span class='ocr_line' id='line_1_44' title="bbox 139 4179 1705 4252; baseline 0.004 -24"><span class='ocrx_word' id='word_1_313' title='bbox 139 4193 260 4245; x_wconf 75' lang='grc' dir='ltr'>ρους</span> <span class='ocrx_word' id='word_1_314' title='bbox 279 4179 382 4247; x_wconf 83' lang='grc' dir='ltr'>τῆς</span> <span class='ocrx_word' id='word_1_315' title='bbox 408 4179 585 4248; x_wconf 72' lang='grc' dir='ltr'>ψυχῆς</span> <span class='ocrx_word' id='word_1_316' title='bbox 622 4179 766 4248; x_wconf 83' lang='grc' dir='ltr'>πάθη</span> <span class='ocrx_word' id='word_1_317' title='bbox 790 4180 889 4251; x_wconf 88' lang='lat'><strong>(8),</strong></span> <span class='ocrx_word' id='word_1_318' title='bbox 914 4179 1065 4251; x_wconf 82' lang='grc' dir='ltr'>παρὰ</span> <span class='ocrx_word' id='word_1_319' title='bbox 1094 4181 1162 4233; x_wconf 83' lang='grc' dir='ltr'>τὰ</span> <span class='ocrx_word' id='word_1_320' title='bbox 1187 4180 1280 4233; x_wconf 79' lang='grc' dir='ltr'>τοῦ</span> <span class='ocrx_word' id='word_1_321' title='bbox 1309 4181 1705 4252; x_wconf 76' lang='grc' dir='ltr'>ἐπιθυμητικοῦ</span> 
     </span>
    </p>
   </div>
   <div class='ocr_carea' id='block_1_45' title="bbox 134 4270 1704 4345">
    <p class='ocr_par' dir='ltr' id='par_1_45' title="bbox 134 4270 1704 4345">
     <span class='ocr_line' id='line_1_45' title="bbox 134 4270 1704 4345; baseline -0.001 -19"><span class='ocrx_word' id='word_1_322' title='bbox 134 4271 410 4338; x_wconf 78' lang='grc' dir='ltr'>τυγχάνει.</span> <span class='ocrx_word' id='word_1_323' title='bbox 435 4270 524 4323; x_wconf 77' lang='grc' dir='ltr'><strong>Διὸ</strong></span> <span class='ocrx_word' id='word_1_324' title='bbox 559 4275 652 4323; x_wconf 77' lang='grc' dir='ltr'><strong>καὶ</strong></span> <span class='ocrx_word' id='word_1_325' title='bbox 685 4271 867 4341; x_wconf 79' lang='grc' dir='ltr'>μεῖζον</span> <span class='ocrx_word' id='word_1_326' title='bbox 897 4273 959 4328; x_wconf 77' lang='grc' dir='ltr'><strong>τὸ</strong></span> <span class='ocrx_word' id='word_1_327' title='bbox 992 4273 1282 4344; x_wconf 79' lang='grc' dir='ltr'>φάρμακον</span> <span class='ocrx_word' id='word_1_328' title='bbox 1311 4275 1431 4327; x_wconf 81' lang='grc' dir='ltr'>κατ’</span> <span class='ocrx_word' id='word_1_329' title='bbox 1453 4273 1640 4338; x_wconf 80' lang='grc' dir='ltr'>αὑτοῦ,</span> <span class='ocrx_word' id='word_1_330' title='bbox 1672 4276 1704 4345; x_wconf 84' lang='grc' dir='ltr'><strong>ἡ</strong></span> 
     </span>
    </p>
   </div>
   <div class='ocr_carea' id='block_1_46' title="bbox 136 4361 1400 4437">
    <p class='ocr_par' dir='ltr' id='par_1_46' title="bbox 136 4361 1400 4437">
     <span class='ocr_line' id='line_1_46' title="bbox 136 4361 1400 4437; baseline 0.006 -26"><span class='ocrx_word' id='word_1_331' title='bbox 136 4361 320 4432; x_wconf 79' lang='grc' dir='ltr'>ἐντολὴ</span> <span class='ocrx_word' id='word_1_332' title='bbox 351 4363 450 4431; x_wconf 70' lang='grc' dir='ltr'>τῆς</span> <span class='ocrx_word' id='word_1_333' title='bbox 481 4363 702 4432; x_wconf 77' lang='grc' dir='ltr'>ἀγάπης</span> <span class='ocrx_word' id='word_1_334' title='bbox 729 4363 833 4416; x_wconf 76' lang='grc' dir='ltr'><strong>ὑπὸ</strong></span> <span class='ocrx_word' id='word_1_335' title='bbox 864 4364 957 4416; x_wconf 80' lang='grc' dir='ltr'>τοῦ</span> <span class='ocrx_word' id='word_1_336' title='bbox 987 4365 1193 4437; x_wconf 80' lang='grc' dir='ltr'>Κυρίου</span> <span class='ocrx_word' id='word_1_337' title='bbox 1225 4366 1400 4436; x_wconf 76' lang='grc' dir='ltr'>ἐδόθη.</span> 
     </span>
    </p>
   </div>
   <div class='ocr_carea' id='block_1_47' title="bbox 205 4437 1782 4528">
    <p class='ocr_par' dir='ltr' id='par_1_47' title="bbox 205 4437 1782 4528">
     <span class='ocr_line' id='line_1_47' title="bbox 205 4437 1782 4528; baseline 0.004 -24"><span class='ocrx_word' id='word_1_338' title='bbox 205 4451 298 4516; x_wconf 65' lang='grc' dir='ltr'><strong>ἐξ.</strong></span> <span class='ocrx_word' id='word_1_339' title='bbox 339 4453 526 4505; x_wconf 82' lang='grc' dir='ltr'>Πάντα</span> <span class='ocrx_word' id='word_1_340' title='bbox 560 4457 628 4507; x_wconf 86' lang='grc' dir='ltr'>τὰ</span> <span class='ocrx_word' id='word_1_341' title='bbox 661 4455 798 4507; x_wconf 81' lang='grc' dir='ltr'>ἄλλα</span> <span class='ocrx_word' id='word_1_342' title='bbox 828 4455 996 4522; x_wconf 85' lang='grc' dir='ltr'>πάθη,</span> <span class='ocrx_word' id='word_1_343' title='bbox 1036 4457 1069 4527; x_wconf 82' lang='grc' dir='ltr'><strong>ἢ</strong></span> <span class='ocrx_word' id='word_1_344' title='bbox 1119 4457 1213 4509; x_wconf 82' lang='grc' dir='ltr'>τοῦ</span> <span class='ocrx_word' id='word_1_345' title='bbox 1243 4457 1478 4527; x_wconf 83' lang='grc' dir='ltr'>θυμικοῦ</span> <span class='ocrx_word' id='word_1_346' title='bbox 1507 4459 1706 4528; x_wconf 83' lang='grc' dir='ltr'>μέρους</span> <span class='ocrx_word' id='word_1_347' title='bbox 1743 4437 1782 4488; x_wconf 78' lang='lat' dir='ltr'>D</span> 
     </span>
    </p>
   </div>
   <div class='ocr_carea' id='block_1_48' title="bbox 136 4545 1704 4621">
    <p class='ocr_par' dir='ltr' id='par_1_48' title="bbox 136 4545 1704 4621">
     <span class='ocr_line' id='line_1_48' title="bbox 136 4545 1704 4621; baseline 0.007 -27"><span class='ocrx_word' id='word_1_348' title='bbox 136 4545 232 4612; x_wconf 81' lang='grc' dir='ltr'><strong>τῆς</strong></span> <span class='ocrx_word' id='word_1_349' title='bbox 263 4545 464 4614; x_wconf 62' lang='grc' dir='ltr'>ψυχῆς,</span> <span class='ocrx_word' id='word_1_350' title='bbox 490 4546 522 4616; x_wconf 85' lang='grc' dir='ltr'>ἦ</span> <span class='ocrx_word' id='word_1_351' title='bbox 550 4546 642 4598; x_wconf 81' lang='grc' dir='ltr'>τοῦ</span> <span class='ocrx_word' id='word_1_352' title='bbox 678 4547 1077 4618; x_wconf 81' lang='grc' dir='ltr'>ἐπιθυμητικοῦ</span> <span class='ocrx_word' id='word_1_353' title='bbox 1106 4549 1267 4618; x_wconf 87' lang='grc' dir='ltr'>μόνον</span> <span class='ocrx_word' id='word_1_354' title='bbox 1303 4552 1640 4618; x_wconf 84' lang='grc' dir='ltr'>ἐφάπτεται·</span> <span class='ocrx_word' id='word_1_355' title='bbox 1671 4551 1704 4621; x_wconf 83' lang='grc' dir='ltr'>ἢ</span> 
     </span>
    </p>
   </div>
   <div class='ocr_carea' id='block_1_49' title="bbox 137 4636 1703 4713">
    <p class='ocr_par' dir='ltr' id='par_1_49' title="bbox 137 4636 1703 4713">
     <span class='ocr_line' id='line_1_49' title="bbox 137 4636 1703 4713; baseline 0.004 -25"><span class='ocrx_word' id='word_1_356' title='bbox 137 4637 230 4688; x_wconf 68' lang='grc' dir='ltr'><strong>καὶ</strong></span> <span class='ocrx_word' id='word_1_357' title='bbox 261 4638 355 4689; x_wconf 84' lang='grc' dir='ltr'><strong>τοῦ</strong></span> <span class='ocrx_word' id='word_1_358' title='bbox 385 4636 713 4705; x_wconf 73' lang='grc' dir='ltr'>λογιστικοῦ,</span> <span class='ocrx_word' id='word_1_359' title='bbox 739 4639 816 4702; x_wconf 84' lang='grc' dir='ltr'><strong>ὡς</strong></span> <span class='ocrx_word' id='word_1_360' title='bbox 853 4641 884 4708; x_wconf 87' lang='grc' dir='ltr'><strong>ή</strong></span> <span class='ocrx_word' id='word_1_361' title='bbox 918 4639 1053 4711; x_wconf 77' lang='grc' dir='ltr'>λήθη</span> <span class='ocrx_word' id='word_1_362' title='bbox 1102 4641 1198 4693; x_wconf 77' lang='grc' dir='ltr'>καὶ</span> <span class='ocrx_word' id='word_1_363' title='bbox 1240 4643 1271 4712; x_wconf 83' lang='grc' dir='ltr'><strong>ἡ</strong></span> <span class='ocrx_word' id='word_1_364' title='bbox 1308 4642 1530 4711; x_wconf 83' lang='grc' dir='ltr'>ἄγνοια·</span> <span class='ocrx_word' id='word_1_365' title='bbox 1580 4646 1610 4713; x_wconf 76' lang='grc' dir='ltr'>ἡ</span> <span class='ocrx_word' id='word_1_366' title='bbox 1647 4644 1703 4696; x_wconf 84' lang='grc' dir='ltr'><strong>δὲ</strong></span> 
     </span>
    </p>
   </div>
   <div class='ocr_carea' id='block_1_50' title="bbox 137 4729 1706 4805">
    <p class='ocr_par' dir='ltr' id='par_1_50' title="bbox 137 4729 1706 4805">
     <span class='ocr_line' id='line_1_50' title="bbox 137 4729 1706 4805; baseline 0.005 -25"><span class='ocrx_word' id='word_1_367' title='bbox 137 4729 353 4797; x_wconf 78' lang='grc' dir='ltr'>ἀκηδία,</span> <span class='ocrx_word' id='word_1_368' title='bbox 387 4730 576 4782; x_wconf 83' lang='grc' dir='ltr'>πασῶν</span> <span class='ocrx_word' id='word_1_369' title='bbox 608 4729 717 4782; x_wconf 86' lang='grc' dir='ltr'><strong>τῶν</strong></span> <span class='ocrx_word' id='word_1_370' title='bbox 740 4731 841 4800; x_wconf 82' lang='grc' dir='ltr'>τῆς</span> <span class='ocrx_word' id='word_1_371' title='bbox 867 4732 1048 4802; x_wconf 82' lang='grc' dir='ltr'>ψυχῆς</span> <span class='ocrx_word' id='word_1_372' title='bbox 1077 4735 1356 4802; x_wconf 84' lang='grc' dir='ltr'>δυνάμεων</span> <span class='ocrx_word' id='word_1_373' title='bbox 1390 4735 1706 4805; x_wconf 82' lang='grc' dir='ltr'>ἐπιδραττο-</span> 
     </span>
    </p>
   </div>
   <div class='ocr_carea' id='block_1_51' title="bbox 141 4819 1706 4894">
    <p class='ocr_par' dir='ltr' id='par_1_51' title="bbox 141 4819 1706 4894">
     <span class='ocr_line' id='line_1_51' title="bbox 141 4819 1706 4894; baseline 0.006 -27"><span class='ocrx_word' id='word_1_374' title='bbox 141 4819 297 4888; x_wconf 82' lang='grc' dir='ltr'>μένη,</span> <span class='ocrx_word' id='word_1_375' title='bbox 340 4821 516 4872; x_wconf 81' lang='grc' dir='ltr'>πάντα</span> <span class='ocrx_word' id='word_1_376' title='bbox 546 4821 732 4888; x_wconf 74' lang='grc' dir='ltr'>σχεδὸν</span> <span class='ocrx_word' id='word_1_377' title='bbox 765 4820 1108 4891; x_wconf 82' lang='grc' dir='ltr'>ὁμοθυμαδὸν</span> <span class='ocrx_word' id='word_1_378' title='bbox 1138 4825 1281 4876; x_wconf 84' lang='grc' dir='ltr'>κινεῖ</span> <span class='ocrx_word' id='word_1_379' title='bbox 1321 4823 1387 4876; x_wconf 84' lang='grc' dir='ltr'><strong>τά</strong></span> <span class='ocrx_word' id='word_1_380' title='bbox 1415 4823 1580 4894; x_wconf 75' lang='grc' dir='ltr'>πάθῃ.</span> <span class='ocrx_word' id='word_1_381' title='bbox 1616 4823 1706 4877; x_wconf 75' lang='grc' dir='ltr'><strong>Διὸ</strong></span> 
     </span>
    </p>
   </div>
   <div class='ocr_carea' id='block_1_52' title="bbox 137 4911 1707 4986">
    <p class='ocr_par' dir='ltr' id='par_1_52' title="bbox 137 4911 1707 4986">
     <span class='ocr_line' id='line_1_52' title="bbox 137 4911 1707 4986; baseline 0.008 -28"><span class='ocrx_word' id='word_1_382' title='bbox 137 4914 228 4962; x_wconf 69' lang='grc' dir='ltr'>καὶ</span> <span class='ocrx_word' id='word_1_383' title='bbox 264 4911 481 4962; x_wconf 78' lang='grc' dir='ltr'>πάντων</span> <span class='ocrx_word' id='word_1_384' title='bbox 516 4913 624 4964; x_wconf 86' lang='grc' dir='ltr'>τῶν</span> <span class='ocrx_word' id='word_1_385' title='bbox 654 4912 827 4966; x_wconf 81' lang='grc' dir='ltr'><strong>ἄλλων</strong></span> <span class='ocrx_word' id='word_1_386' title='bbox 869 4913 1058 4967; x_wconf 86' lang='grc' dir='ltr'>παθῶν</span> <span class='ocrx_word' id='word_1_387' title='bbox 1091 4918 1209 4968; x_wconf 87' lang='grc' dir='ltr'>ἐστι</span> <span class='ocrx_word' id='word_1_388' title='bbox 1245 4916 1565 4986; x_wconf 82' lang='grc' dir='ltr'>βαρύτατον.</span> <span class='ocrx_word' id='word_1_389' title='bbox 1597 4920 1707 4970; x_wconf 85' lang='grc' dir='ltr'><strong>Κα-</strong></span> 
     </span>
    </p>
   </div>
   <div class='ocr_carea' id='block_1_53' title="bbox 139 4997 1705 5075">
    <p class='ocr_par' dir='ltr' id='par_1_53' title="bbox 139 4997 1705 5075">
     <span class='ocr_line' id='line_1_53' title="bbox 139 4997 1705 5075; baseline 0.025 -27"><span class='ocrx_word' id='word_1_390' title='bbox 139 4998 243 5060; x_wconf 72' lang='grc' dir='ltr'>λὼς</span> <span class='ocrx_word' id='word_1_391' title='bbox 271 4997 364 5053; x_wconf 76' lang='grc' dir='ltr'><strong>οὖν</strong></span> <span class='ocrx_word' id='word_1_392' title='bbox 391 5003 419 5052; x_wconf 85' lang='grc' dir='ltr'>ὁ</span> <span class='ocrx_word' id='word_1_393' title='bbox 450 5002 648 5072; x_wconf 78' lang='grc' dir='ltr'>Κύριος</span> <span class='ocrx_word' id='word_1_394' title='bbox 680 5003 740 5055; x_wconf 80' lang='grc' dir='ltr'><strong>τὸ</strong></span> <span class='ocrx_word' id='word_1_395' title='bbox 767 5005 887 5056; x_wconf 84' lang='grc' dir='ltr'>κατ’</span> <span class='ocrx_word' id='word_1_396' title='bbox 918 5005 1086 5074; x_wconf 70' lang='grc' dir='ltr'>αὐτῆς</span> <span class='ocrx_word' id='word_1_397' title='bbox 1107 5006 1395 5075; x_wconf 82' lang='grc' dir='ltr'>φάρμακον</span> <span class='ocrx_word' id='word_1_398' title='bbox 1427 5008 1705 5073; x_wconf 70' lang='grc' dir='ltr'><strong>δεδωκὼςι</strong></span> 
     </span>
    </p>
   </div>
   <div class='ocr_carea' id='block_1_54' title="bbox 153 5089 1710 5170">
    <p class='ocr_par' dir='ltr' id='par_1_54' title="bbox 153 5089 1710 5170">
     <span class='ocr_line' id='line_1_54' title="bbox 153 5089 1710 5170; baseline 0.029 -31"><span class='ocrx_word' id='word_1_399' title='bbox 153 5089 254 5142; x_wconf 75' lang='grc' dir='ltr'><em>Ἐν</em></span> <span class='ocrx_word' id='word_1_400' title='bbox 287 5091 360 5159; x_wconf 76' lang='grc' dir='ltr'>τῇ</span> <span class='ocrx_word' id='word_1_401' title='bbox 399 5096 675 5165; x_wconf 80' lang='grc' dir='ltr'>ὑπομονῇ</span> <span class='ocrx_word' id='word_1_402' title='bbox 703 5097 891 5166; x_wconf 72' lang='grc' dir='ltr'><strong>ὑμῶν,</strong></span> <span class='ocrx_word' id='word_1_403' title='bbox 915 5098 1085 5166; x_wconf 78' lang='grc' dir='ltr'>λέγει.</span> <span class='ocrx_word' id='word_1_404' title='bbox 1122 5100 1436 5168; x_wconf 75' lang='grc' dir='ltr'><strong>κτήσασθε</strong></span> <span class='ocrx_word' id='word_1_405' title='bbox 1474 5104 1579 5167; x_wconf 63' lang='grc' dir='ltr'><em>τὰς</em></span> <span class='ocrx_word' id='word_1_406' title='bbox 1602 5109 1710 5170; x_wconf 61' lang='grc' dir='ltr'><strong>Ψν⁶</strong></span> 
     </span>
    </p>
   </div>
   <div class='ocr_carea' id='block_1_55' title="bbox 141 5184 461 5250">
    <p class='ocr_par' dir='ltr' id='par_1_55' title="bbox 141 5184 461 5250">
     <span class='ocr_line' id='line_1_55' title="bbox 141 5184 461 5250; baseline 0.003 -18"><span class='ocrx_word' id='word_1_407' title='bbox 141 5184 250 5246; x_wconf 80' lang='grc' dir='ltr'><strong>χὰς</strong></span> <span class='ocrx_word' id='word_1_408' title='bbox 279 5184 461 5250; x_wconf 75' lang='grc' dir='ltr'><strong>ὑμῶν.</strong></span> 
     </span>
    </p>
   </div>
   <div class='ocr_carea' id='block_1_56' title="bbox 1801 508 3378 585">
    <p class='ocr_par' dir='ltr' id='par_1_56' title="bbox 1801 508 3378 585">
     <span class='ocr_line' id='line_1_56' title="bbox 1801 508 3378 585; baseline 0.012 -24"><span class='ocrx_word' id='word_1_409' title='bbox 1801 508 2039 563; x_wconf 87' lang='lat' dir='ltr'><strong>inimicos</strong></span> <span class='ocrx_word' id='word_1_410' title='bbox 2058 519 2285 576; x_wconf 80' lang='lat' dir='ltr'><strong>vestros;</strong></span> <span class='ocrx_word' id='word_1_411' title='bbox 2309 513 2595 582; x_wconf 75' lang='lat' dir='ltr'><strong>benefacite</strong></span> <span class='ocrx_word' id='word_1_412' title='bbox 2617 516 2700 578; x_wconf 80' lang='lat' dir='ltr'><strong>iis,</strong></span> <span class='ocrx_word' id='word_1_413' title='bbox 2727 519 2816 585; x_wconf 85' lang='lat' dir='ltr'><strong>qui</strong></span> <span class='ocrx_word' id='word_1_414' title='bbox 2840 518 3064 574; x_wconf 87' lang='lat' dir='ltr'><strong>oderunt</strong></span> <span class='ocrx_word' id='word_1_415' title='bbox 3082 538 3169 576; x_wconf 78' lang='lat' dir='ltr'><strong>vos</strong></span> <span class='ocrx_word' id='word_1_416' title='bbox 3190 540 3208 577; x_wconf 91' lang='lat'><strong><em>:</em></strong></span> <span class='ocrx_word' id='word_1_417' title='bbox 3229 533 3378 581; x_wconf 69' lang='lat' dir='ltr'><strong>orate</strong></span> 
     </span>
    </p>
   </div>
   <div class='ocr_carea' id='block_1_57' title="bbox 1801 597 3379 682">
    <p class='ocr_par' dir='ltr' id='par_1_57' title="bbox 1801 597 3379 682">
     <span class='ocr_line' id='line_1_57' title="bbox 1801 597 3379 682; baseline 0.016 -39"><span class='ocrx_word' id='word_1_418' title='bbox 1801 613 1897 666; x_wconf 80' lang='lat' dir='ltr'><strong>pro</strong></span> <span class='ocrx_word' id='word_1_419' title='bbox 1924 597 2374 654; x_wconf 71' lang='lat' dir='ltr'><strong>calumniantibus</strong></span> <span class='ocrx_word' id='word_1_420' title='bbox 2417 618 2507 656; x_wconf 77' lang='lat' dir='ltr'><strong>vos</strong></span> <span class='ocrx_word' id='word_1_421' title='bbox 2545 603 2609 657; x_wconf 79' lang='lat'><strong>&quot;.</strong></span> <span class='ocrx_word' id='word_1_422' title='bbox 2649 605 2922 670; x_wconf 78' lang='lat' dir='ltr'><strong>Quorsum</strong></span> <span class='ocrx_word' id='word_1_423' title='bbox 2968 609 3083 664; x_wconf 72' lang='lat' dir='ltr'><strong>hzec</strong></span> <span class='ocrx_word' id='word_1_424' title='bbox 3125 612 3201 665; x_wconf 86' lang='lat' dir='ltr'><strong>illi</strong></span> <span class='ocrx_word' id='word_1_425' title='bbox 3241 629 3379 682; x_wconf 49' lang='lat' dir='ltr'><strong>pne.</strong></span> 
     </span>
    </p>
   </div>
   <div class='ocr_carea' id='block_1_58' title="bbox 1801 691 3375 760">
    <p class='ocr_par' dir='ltr' id='par_1_58' title="bbox 1801 691 3375 760">
     <span class='ocr_line' id='line_1_58' title="bbox 1801 691 3375 760; baseline 0.011 -17"><span class='ocrx_word' id='word_1_426' title='bbox 1801 691 1999 759; x_wconf 86' lang='lat' dir='ltr'><strong>cepta?</strong></span> <span class='ocrx_word' id='word_1_427' title='bbox 2037 693 2106 746; x_wconf 92' lang='lat' dir='ltr'><strong>Ut</strong></span> <span class='ocrx_word' id='word_1_428' title='bbox 2136 693 2397 748; x_wconf 87' lang='lat' dir='ltr'><strong>nimirum</strong></span> <span class='ocrx_word' id='word_1_429' title='bbox 2433 695 2502 748; x_wconf 87' lang='lat' dir='ltr'><strong>ab</strong></span> <span class='ocrx_word' id='word_1_430' title='bbox 2526 695 2656 750; x_wconf 92' lang='lat' dir='ltr'><strong>odio</strong></span> <span class='ocrx_word' id='word_1_431' title='bbox 2687 709 2744 751; x_wconf 86' lang='lat' dir='ltr'><strong>ct</strong></span> <span class='ocrx_word' id='word_1_432' title='bbox 2768 700 2992 754; x_wconf 89' lang='lat' dir='ltr'><strong>tristitia</strong></span> <span class='ocrx_word' id='word_1_433' title='bbox 3022 712 3077 756; x_wconf 91' lang='lat' dir='ltr'><strong>et</strong></span> <span class='ocrx_word' id='word_1_434' title='bbox 3114 703 3192 758; x_wconf 90' lang='lat' dir='ltr'><strong>ira</strong></span> <span class='ocrx_word' id='word_1_435' title='bbox 3216 715 3270 760; x_wconf 88' lang='lat' dir='ltr'><strong>et</strong></span> <span class='ocrx_word' id='word_1_436' title='bbox 3297 707 3375 760; x_wconf 90' lang='lat' dir='ltr'><strong>si-</strong></span> 
     </span>
    </p>
   </div>
   <div class='ocr_carea' id='block_1_59' title="bbox 1801 782 3378 864">
    <p class='ocr_par' dir='ltr' id='par_1_59' title="bbox 1801 782 3378 864">
     <span class='ocr_line' id='line_1_59' title="bbox 1801 782 3378 864; baseline 0.01 -31"><span class='ocrx_word' id='word_1_437' title='bbox 1801 783 2028 835; x_wconf 88' lang='lat' dir='ltr'><strong>multate</strong></span> <span class='ocrx_word' id='word_1_438' title='bbox 2082 782 2292 837; x_wconf 86' lang='lat' dir='ltr'><strong>liberos</strong></span> <span class='ocrx_word' id='word_1_439' title='bbox 2353 793 2658 852; x_wconf 59' lang='lat' dir='ltr'><strong>praestaret,</strong></span> <span class='ocrx_word' id='word_1_440' title='bbox 2707 803 2876 856; x_wconf 87' lang='lat' dir='ltr'><strong>reque</strong></span> <span class='ocrx_word' id='word_1_441' title='bbox 2931 793 3378 864; x_wconf 71' lang='lat' dir='ltr'><strong>omnium,_qu:e</strong></span> 
     </span>
    </p>
   </div>
   <div class='ocr_carea' id='block_1_60' title="bbox 1801 873 3377 951">
    <p class='ocr_par' dir='ltr' id='par_1_60' title="bbox 1801 873 3377 951">
     <span class='ocr_line' id='line_1_60' title="bbox 1801 873 3377 951; baseline 0.009 -25"><span class='ocrx_word' id='word_1_442' title='bbox 1801 873 1992 928; x_wconf 86' lang='lat' dir='ltr'><strong>haberi</strong></span> <span class='ocrx_word' id='word_1_443' title='bbox 2023 884 2282 943; x_wconf 89' lang='lat' dir='ltr'><strong>possunt,</strong></span> <span class='ocrx_word' id='word_1_444' title='bbox 2328 877 2562 931; x_wconf 75' lang='lat' dir='ltr'><strong>nmxima</strong></span> <span class='ocrx_word' id='word_1_445' title='bbox 2603 877 2955 947; x_wconf 74' lang='lat' dir='ltr'><strong>dignaretur;</strong></span> <span class='ocrx_word' id='word_1_446' title='bbox 2997 883 3237 951; x_wconf 83' lang='lat' dir='ltr'><strong>perlecta</strong></span> <span class='ocrx_word' id='word_1_447' title='bbox 3269 885 3377 940; x_wconf 88' lang='lat' dir='ltr'><strong>sci-</strong></span> 
     </span>
    </p>
   </div>
   <div class='ocr_carea' id='block_1_61' title="bbox 1799 966 3376 1043">
    <p class='ocr_par' dir='ltr' id='par_1_61' title="bbox 1799 966 3376 1043">
     <span class='ocr_line' id='line_1_61' title="bbox 1799 966 3376 1043; baseline 0.007 -23"><span class='ocrx_word' id='word_1_448' title='bbox 1799 966 1930 1020; x_wconf 88' lang='lat' dir='ltr'><strong>licet</strong></span> <span class='ocrx_word' id='word_1_449' title='bbox 1952 967 2231 1022; x_wconf 66' lang='lat' dir='ltr'><strong>&#39;charitate</strong></span> <span class='ocrx_word' id='word_1_450' title='bbox 2279 987 2292 1023; x_wconf 90' lang='lat'><strong>:</strong></span> <span class='ocrx_word' id='word_1_451' title='bbox 2343 985 2452 1038; x_wconf 89' lang='lat' dir='ltr'><strong>qua</strong></span> <span class='ocrx_word' id='word_1_452' title='bbox 2495 970 2782 1039; x_wconf 60' lang='lat' dir='ltr'><strong>praeditum</strong></span> <span class='ocrx_word' id='word_1_453' title='bbox 2859 987 2979 1026; x_wconf 84' lang='lat' dir='ltr'><strong>esse</strong></span> <span class='ocrx_word' id='word_1_454' title='bbox 3034 973 3376 1043; x_wconf 82' lang='lat' dir='ltr'><strong>impossibile</strong></span> 
     </span>
    </p>
   </div>
   <div class='ocr_carea' id='block_1_62' title="bbox 1799 1061 3375 1135">
    <p class='ocr_par' dir='ltr' id='par_1_62' title="bbox 1799 1061 3375 1135">
     <span class='ocr_line' id='line_1_62' title="bbox 1799 1061 3375 1135; baseline 0.006 -21"><span class='ocrx_word' id='word_1_455' title='bbox 1799 1067 1904 1123; x_wconf 87' lang='lat' dir='ltr'><strong>est,</strong></span> <span class='ocrx_word' id='word_1_456' title='bbox 1943 1061 2038 1130; x_wconf 88' lang='lat' dir='ltr'><strong>qui</strong></span> <span class='ocrx_word' id='word_1_457' title='bbox 2071 1076 2263 1116; x_wconf 88' lang='lat' dir='ltr'><strong>omnes</strong></span> <span class='ocrx_word' id='word_1_458' title='bbox 2293 1062 2546 1116; x_wconf 84' lang='lat' dir='ltr'><strong>homines</strong></span> <span class='ocrx_word' id='word_1_459' title='bbox 2577 1078 2643 1117; x_wconf 77' lang='lat' dir='ltr'><strong>ex</strong></span> <span class='ocrx_word' id='word_1_460' title='bbox 2668 1077 2832 1131; x_wconf 57' lang='lat' dir='ltr'><strong>{equo</strong></span> <span class='ocrx_word' id='word_1_461' title='bbox 2873 1080 2980 1117; x_wconf 89' lang='lat' dir='ltr'><strong>non</strong></span> <span class='ocrx_word' id='word_1_462' title='bbox 3016 1065 3242 1135; x_wconf 78' lang='lat' dir='ltr'><strong>diligat;</strong></span> <span class='ocrx_word' id='word_1_463' title='bbox 3279 1069 3375 1123; x_wconf 86' lang='lat' dir='ltr'><strong>Dei</strong></span> 
     </span>
    </p>
   </div>
   <div class='ocr_carea' id='block_1_63' title="bbox 1800 1141 3376 1224">
    <p class='ocr_par' dir='ltr' id='par_1_63' title="bbox 1800 1141 3376 1224">
     <span class='ocr_line' id='line_1_63' title="bbox 1800 1141 3376 1224; baseline 0.004 -16"><span class='ocrx_word' id='word_1_464' title='bbox 1800 1151 2014 1208; x_wconf 85' lang='lat' dir='ltr'><strong>scilicet</strong></span> <span class='ocrx_word' id='word_1_465' title='bbox 2048 1152 2388 1218; x_wconf 73' lang='lat' dir='ltr'><strong>imitatione,</strong></span> <span class='ocrx_word' id='word_1_466' title='bbox 2440 1154 2534 1222; x_wconf 85' lang='lat' dir='ltr'><strong>qui</strong></span> <span class='ocrx_word' id='word_1_467' title='bbox 2587 1141 2841 1224; x_wconf 66' lang='lat' dir='ltr'><strong>portuque</strong></span> <span class='ocrx_word' id='word_1_468' title='bbox 2890 1171 3082 1211; x_wconf 85' lang='lat' dir='ltr'><strong>omnes</strong></span> <span class='ocrx_word' id='word_1_469' title='bbox 3125 1159 3376 1216; x_wconf 79' lang='lat' dir='ltr'><strong>homines</strong></span> 
     </span>
    </p>
   </div>
   <div class='ocr_carea' id='block_1_64' title="bbox 1800 1243 3374 1318">
    <p class='ocr_par' dir='ltr' id='par_1_64' title="bbox 1800 1243 3374 1318">
     <span class='ocr_line' id='line_1_64' title="bbox 1800 1243 3374 1318; baseline 0.006 -21"><span class='ocrx_word' id='word_1_470' title='bbox 1800 1243 1998 1312; x_wconf 76' lang='lat' dir='ltr'><strong>diligit,</strong></span> <span class='ocrx_word' id='word_1_471' title='bbox 2038 1245 2266 1314; x_wconf 85' lang='lat' dir='ltr'><strong>vultque</strong></span> <span class='ocrx_word' id='word_1_472' title='bbox 2310 1260 2407 1300; x_wconf 92' lang='lat' dir='ltr'><strong>eos</strong></span> <span class='ocrx_word' id='word_1_473' title='bbox 2453 1246 2634 1301; x_wconf 89' lang='lat' dir='ltr'><strong>salvos</strong></span> <span class='ocrx_word' id='word_1_474' title='bbox 2675 1246 2816 1309; x_wconf 78' lang='lat' dir='ltr'><strong>ﬁeri,</strong></span> <span class='ocrx_word' id='word_1_475' title='bbox 2851 1255 2908 1300; x_wconf 91' lang='lat' dir='ltr'><strong>et</strong></span> <span class='ocrx_word' id='word_1_476' title='bbox 2935 1249 3002 1300; x_wconf 88' lang='lat' dir='ltr'><strong>ad</strong></span> <span class='ocrx_word' id='word_1_477' title='bbox 3025 1250 3374 1318; x_wconf 86' lang='lat' dir='ltr'><strong>agnitionem</strong></span> 
     </span>
    </p>
   </div>
   <div class='ocr_carea' id='block_1_65' title="bbox 1799 1338 2370 1392">
    <p class='ocr_par' dir='ltr' id='par_1_65' title="bbox 1799 1338 2370 1392">
     <span class='ocr_line' id='line_1_65' title="bbox 1799 1338 2370 1392; baseline 0 -2"><span class='ocrx_word' id='word_1_478' title='bbox 1799 1338 2050 1391; x_wconf 82' lang='lat' dir='ltr'><strong>veritatis</strong></span> <span class='ocrx_word' id='word_1_479' title='bbox 2083 1339 2273 1392; x_wconf 87' lang='lat' dir='ltr'><strong>venire</strong></span> <span class='ocrx_word' id='word_1_480' title='bbox 2305 1339 2370 1390; x_wconf 80' lang='lat'><strong>&quot;.</strong></span> 
     </span>
    </p>
   </div>
   <div class='ocr_carea' id='block_1_66' title="bbox 1869 1428 3376 1506">
    <p class='ocr_par' dir='ltr' id='par_1_66' title="bbox 1869 1428 3376 1506">
     <span class='ocr_line' id='line_1_66' title="bbox 1869 1428 3376 1506; baseline 0.003 -24"><span class='ocrx_word' id='word_1_481' title='bbox 1869 1428 1960 1484; x_wconf 71' lang='lat'><strong>6‘2.</strong></span> <span class='ocrx_word' id='word_1_482' title='bbox 1992 1429 2103 1499; x_wconf 81' lang='lat' dir='ltr'><strong>Ego</strong></span> <span class='ocrx_word' id='word_1_483' title='bbox 2131 1440 2306 1483; x_wconf 85' lang='lat' dir='ltr'><strong>autem</strong></span> <span class='ocrx_word' id='word_1_484' title='bbox 2347 1430 2458 1484; x_wconf 82' lang='lat' dir='ltr'><strong>dico</strong></span> <span class='ocrx_word' id='word_1_485' title='bbox 2482 1433 2618 1506; x_wconf 69' lang='lat' dir='ltr'><strong>uobis</strong></span> <span class='ocrx_word' id='word_1_486' title='bbox 2638 1448 2655 1484; x_wconf 91' lang='lat'><strong><em>:</em></strong></span> <span class='ocrx_word' id='word_1_487' title='bbox 2679 1432 2798 1486; x_wconf 86' lang='lat' dir='ltr'><strong>Non</strong></span> <span class='ocrx_word' id='word_1_488' title='bbox 2820 1436 3060 1488; x_wconf 80' lang='lat' dir='ltr'><strong>resistere</strong></span> <span class='ocrx_word' id='word_1_489' title='bbox 3091 1433 3254 1497; x_wconf 91' lang='lat' dir='ltr'><strong>malo,</strong></span> <span class='ocrx_word' id='word_1_490' title='bbox 3286 1435 3376 1487; x_wconf 75' lang='lat' dir='ltr'><strong>sed</strong></span> 
     </span>
    </p>
   </div>
   <div class='ocr_carea' id='block_1_67' title="bbox 1798 1521 3380 1591">
    <p class='ocr_par' dir='ltr' id='par_1_67' title="bbox 1798 1521 3380 1591">
     <span class='ocr_line' id='line_1_67' title="bbox 1798 1521 3380 1591; baseline 0.001 -19"><span class='ocrx_word' id='word_1_491' title='bbox 1798 1521 1843 1572; x_wconf 80' lang='lat' dir='ltr'><strong>si</strong></span> <span class='ocrx_word' id='word_1_492' title='bbox 1877 1522 1992 1590; x_wconf 83' lang='lat' dir='ltr'><strong>quis</strong></span> <span class='ocrx_word' id='word_1_493' title='bbox 2029 1530 2078 1574; x_wconf 89' lang='lat' dir='ltr'><strong>te</strong></span> <span class='ocrx_word' id='word_1_494' title='bbox 2123 1523 2436 1591; x_wconf 82' lang='lat' dir='ltr'><strong>percusserit</strong></span> <span class='ocrx_word' id='word_1_495' title='bbox 2481 1525 2534 1576; x_wconf 87' lang='lat' dir='ltr'><strong>in</strong></span> <span class='ocrx_word' id='word_1_496' title='bbox 2575 1524 2845 1578; x_wconf 68' lang='lat' dir='ltr'><strong>dexteram</strong></span> <span class='ocrx_word' id='word_1_497' title='bbox 2891 1525 3193 1590; x_wconf 67' lang='lat' dir='ltr'><strong>maxillam,</strong></span> <span class='ocrx_word' id='word_1_498' title='bbox 3236 1534 3380 1579; x_wconf 75' lang='lat' dir='ltr'><strong>verte</strong></span> 
     </span>
    </p>
   </div>
   <div class='ocr_carea' id='block_1_68' title="bbox 1799 1611 3374 1686">
    <p class='ocr_par' dir='ltr' id='par_1_68' title="bbox 1799 1611 3374 1686">
     <span class='ocr_line' id='line_1_68' title="bbox 1799 1611 3374 1686; baseline 0.004 -22"><span class='ocrx_word' id='word_1_499' title='bbox 1799 1611 1881 1665; x_wconf 88' lang='lat' dir='ltr'><strong>illi</strong></span> <span class='ocrx_word' id='word_1_500' title='bbox 1906 1621 1954 1664; x_wconf 85' lang='lat' dir='ltr'><strong>et</strong></span> <span class='ocrx_word' id='word_1_501' title='bbox 1987 1611 2233 1668; x_wconf 80' lang='lat' dir='ltr'><strong>alteram.</strong></span> <span class='ocrx_word' id='word_1_502' title='bbox 2267 1614 2337 1666; x_wconf 88' lang='lat' dir='ltr'><strong>Et</strong></span> <span class='ocrx_word' id='word_1_503' title='bbox 2370 1615 2436 1677; x_wconf 87' lang='lat' dir='ltr'><strong>ei,</strong></span> <span class='ocrx_word' id='word_1_504' title='bbox 2473 1617 2561 1684; x_wconf 89' lang='lat' dir='ltr'><strong>qui</strong></span> <span class='ocrx_word' id='word_1_505' title='bbox 2588 1615 2714 1669; x_wconf 84' lang='lat' dir='ltr'><strong>velit</strong></span> <span class='ocrx_word' id='word_1_506' title='bbox 2748 1624 2913 1669; x_wconf 90' lang='lat' dir='ltr'><strong>tecum</strong></span> <span class='ocrx_word' id='word_1_507' title='bbox 2930 1618 3134 1686; x_wconf 86' lang='lat' dir='ltr'><strong>judicio</strong></span> <span class='ocrx_word' id='word_1_508' title='bbox 3157 1626 3374 1671; x_wconf 82' lang='lat' dir='ltr'><strong>conten-</strong></span> 
     </span>
    </p>
   </div>
   <div class='ocr_carea' id='block_1_69' title="bbox 1799 1704 3425 1779">
    <p class='ocr_par' dir='ltr' id='par_1_69' title="bbox 1799 1704 3425 1779">
     <span class='ocr_line' id='line_1_69' title="bbox 1799 1704 3425 1779; baseline 0.002 -23"><span class='ocrx_word' id='word_1_509' title='bbox 1799 1704 1940 1767; x_wconf 83' lang='lat' dir='ltr'><strong>dere,</strong></span> <span class='ocrx_word' id='word_1_510' title='bbox 1973 1711 2021 1756; x_wconf 88' lang='lat' dir='ltr'><strong>et</strong></span> <span class='ocrx_word' id='word_1_511' title='bbox 2050 1707 2281 1758; x_wconf 85' lang='lat' dir='ltr'><strong>tunicam</strong></span> <span class='ocrx_word' id='word_1_512' title='bbox 2310 1713 2457 1759; x_wconf 88' lang='lat' dir='ltr'><strong>tuam</strong></span> <span class='ocrx_word' id='word_1_513' title='bbox 2483 1706 2685 1772; x_wconf 87' lang='lat' dir='ltr'><strong>tollere,</strong></span> <span class='ocrx_word' id='word_1_514' title='bbox 2721 1707 2924 1762; x_wconf 82' lang='lat' dir='ltr'><strong>dimitte</strong></span> <span class='ocrx_word' id='word_1_515' title='bbox 2950 1709 2996 1762; x_wconf 86' lang='lat' dir='ltr'><strong>ei</strong></span> <span class='ocrx_word' id='word_1_516' title='bbox 3023 1717 3071 1761; x_wconf 81' lang='lat' dir='ltr'><strong>et</strong></span> <span class='ocrx_word' id='word_1_517' title='bbox 3107 1709 3332 1779; x_wconf 78' lang='lat' dir='ltr'><strong>pallium</strong></span> <span class='ocrx_word' id='word_1_518' title='bbox 3359 1725 3375 1760; x_wconf 86' lang='lat'><strong><em>:</em></strong></span> <span class='ocrx_word' id='word_1_519' title='bbox 3421 1704 3425 1707; x_wconf 75' lang='grc'><em>’</em></span> 
     </span>
    </p>
   </div>
   <div class='ocr_carea' id='block_1_70' title="bbox 1808 1795 3377 1864">
    <p class='ocr_par' dir='ltr' id='par_1_70' title="bbox 1808 1795 3377 1864">
     <span class='ocr_line' id='line_1_70' title="bbox 1808 1795 3377 1864; baseline 0.003 -18"><span class='ocrx_word' id='word_1_520' title='bbox 1808 1801 1858 1846; x_wconf 91' lang='lat' dir='ltr'><strong>et</strong></span> <span class='ocrx_word' id='word_1_521' title='bbox 1882 1795 1973 1863; x_wconf 79' lang='lat' dir='ltr'><strong>qui</strong></span> <span class='ocrx_word' id='word_1_522' title='bbox 1999 1802 2047 1847; x_wconf 87' lang='lat' dir='ltr'><strong>te</strong></span> <span class='ocrx_word' id='word_1_523' title='bbox 2078 1796 2312 1864; x_wconf 85' lang='lat' dir='ltr'><strong>adegerit</strong></span> <span class='ocrx_word' id='word_1_524' title='bbox 2342 1795 2411 1847; x_wconf 93' lang='lat' dir='ltr'><strong>ad</strong></span> <span class='ocrx_word' id='word_1_525' title='bbox 2440 1813 2606 1849; x_wconf 81' lang='lat' dir='ltr'><strong>unum</strong></span> <span class='ocrx_word' id='word_1_526' title='bbox 2640 1795 2974 1862; x_wconf 76' lang='lat' dir='ltr'><strong>milliarium,</strong></span> <span class='ocrx_word' id='word_1_527' title='bbox 3005 1798 3136 1852; x_wconf 82' lang='lat' dir='ltr'><strong>vade</strong></span> <span class='ocrx_word' id='word_1_528' title='bbox 3168 1815 3286 1851; x_wconf 88' lang='lat' dir='ltr'><strong>cum</strong></span> <span class='ocrx_word' id='word_1_529' title='bbox 3319 1815 3377 1850; x_wconf 75' lang='lat' dir='ltr'><strong>eo</strong></span> 
     </span>
    </p>
   </div>
   <div class='ocr_carea' id='block_1_71' title="bbox 1806 1883 3380 1949">
    <p class='ocr_par' dir='ltr' id='par_1_71' title="bbox 1806 1883 3380 1949">
     <span class='ocr_line' id='line_1_71' title="bbox 1806 1883 3380 1949; baseline 0.003 -13"><span class='ocrx_word' id='word_1_530' title='bbox 1806 1891 1857 1936; x_wconf 86' lang='lat' dir='ltr'><strong>et</strong></span> <span class='ocrx_word' id='word_1_531' title='bbox 1885 1883 1995 1936; x_wconf 84' lang='lat' dir='ltr'><strong>alia</strong></span> <span class='ocrx_word' id='word_1_532' title='bbox 2013 1884 2116 1936; x_wconf 88' lang='lat' dir='ltr'><strong>duo</strong></span> <span class='ocrx_word' id='word_1_533' title='bbox 2143 1885 2207 1937; x_wconf 59' lang='grc'><strong>³³.</strong></span> <span class='ocrx_word' id='word_1_534' title='bbox 2235 1883 2508 1949; x_wconf 84' lang='lat' dir='ltr'><strong>Quorsum</strong></span> <span class='ocrx_word' id='word_1_535' title='bbox 2531 1884 2683 1939; x_wconf 66' lang='lat' dir='ltr'><strong>haec?</strong></span> <span class='ocrx_word' id='word_1_536' title='bbox 2708 1886 2778 1940; x_wconf 89' lang='lat' dir='ltr'><strong>Ut</strong></span> <span class='ocrx_word' id='word_1_537' title='bbox 2810 1895 2867 1940; x_wconf 91' lang='lat' dir='ltr'><strong>et</strong></span> <span class='ocrx_word' id='word_1_538' title='bbox 2897 1893 2949 1939; x_wconf 88' lang='lat' dir='ltr'><strong>te</strong></span> <span class='ocrx_word' id='word_1_539' title='bbox 2987 1885 3056 1939; x_wconf 85' lang='lat' dir='ltr'><strong>ab</strong></span> <span class='ocrx_word' id='word_1_540' title='bbox 3094 1887 3244 1944; x_wconf 88' lang='lat' dir='ltr'><strong>omni</strong></span> <span class='ocrx_word' id='word_1_541' title='bbox 3276 1887 3380 1940; x_wconf 83' lang='lat' dir='ltr'><strong>ira-</strong></span> 
     </span>
    </p>
   </div>
   <div class='ocr_carea' id='block_1_72' title="bbox 1807 1977 3376 2041">
    <p class='ocr_par' dir='ltr' id='par_1_72' title="bbox 1807 1977 3376 2041">
     <span class='ocr_line' id='line_1_72' title="bbox 1807 1977 3376 2041; baseline -0.001 -9"><span class='ocrx_word' id='word_1_542' title='bbox 1807 1977 2006 2032; x_wconf 85' lang='lat' dir='ltr'><strong>cundia</strong></span> <span class='ocrx_word' id='word_1_543' title='bbox 2029 1985 2086 2031; x_wconf 90' lang='lat' dir='ltr'><strong>et</strong></span> <span class='ocrx_word' id='word_1_544' title='bbox 2110 1977 2424 2032; x_wconf 77' lang='lat' dir='ltr'><strong>turbatione</strong></span> <span class='ocrx_word' id='word_1_545' title='bbox 2454 1993 2518 2031; x_wconf 90' lang='lat' dir='ltr'><strong>ac</strong></span> <span class='ocrx_word' id='word_1_546' title='bbox 2539 1978 2764 2032; x_wconf 85' lang='lat' dir='ltr'><strong>tristitia</strong></span> <span class='ocrx_word' id='word_1_547' title='bbox 2783 1977 3083 2030; x_wconf 89' lang='lat' dir='ltr'><strong>immunem</strong></span> <span class='ocrx_word' id='word_1_548' title='bbox 3105 1986 3376 2041; x_wconf 81' lang='lat' dir='ltr'><strong>servaret,</strong></span> 
     </span>
    </p>
   </div>
   <div class='ocr_carea' id='block_1_73' title="bbox 1805 2067 3379 2139">
    <p class='ocr_par' dir='ltr' id='par_1_73' title="bbox 1805 2067 3379 2139">
     <span class='ocr_line' id='line_1_73' title="bbox 1805 2067 3379 2139; baseline -0.002 -16"><span class='ocrx_word' id='word_1_549' title='bbox 1805 2078 1862 2124; x_wconf 90' lang='lat' dir='ltr'><strong>et</strong></span> <span class='ocrx_word' id='word_1_550' title='bbox 1891 2077 1982 2123; x_wconf 86' lang='lat' dir='ltr'><strong>tua</strong></span> <span class='ocrx_word' id='word_1_551' title='bbox 2009 2070 2302 2123; x_wconf 81' lang='lat' dir='ltr'><strong>tolerantia</strong></span> <span class='ocrx_word' id='word_1_552' title='bbox 2343 2070 2497 2124; x_wconf 91' lang='lat' dir='ltr'><strong>illum</strong></span> <span class='ocrx_word' id='word_1_553' title='bbox 2533 2069 2800 2132; x_wconf 87' lang='lat' dir='ltr'><strong>erudiret,</strong></span> <span class='ocrx_word' id='word_1_554' title='bbox 2832 2067 3156 2138; x_wconf 84' lang='lat' dir='ltr'><strong>ambosque,</strong></span> <span class='ocrx_word' id='word_1_555' title='bbox 3193 2075 3254 2122; x_wconf 87' lang='lat' dir='ltr'><strong>ut</strong></span> <span class='ocrx_word' id='word_1_556' title='bbox 3283 2067 3379 2139; x_wconf 89' lang='lat' dir='ltr'><strong>qui</strong></span> 
     </span>
    </p>
   </div>
   <div class='ocr_carea' id='block_1_74' title="bbox 1805 2158 3380 2231">
    <p class='ocr_par' dir='ltr' id='par_1_74' title="bbox 1805 2158 3380 2231">
     <span class='ocr_line' id='line_1_74' title="bbox 1805 2158 3380 2231; baseline -0.001 -16"><span class='ocrx_word' id='word_1_557' title='bbox 1805 2161 1988 2217; x_wconf 83' lang='lat' dir='ltr'><strong>bonus</strong></span> <span class='ocrx_word' id='word_1_558' title='bbox 2013 2162 2267 2226; x_wconf 80' lang='lat' dir='ltr'><strong>exsistat,</strong></span> <span class='ocrx_word' id='word_1_559' title='bbox 2298 2176 2403 2216; x_wconf 82' lang='lat' dir='ltr'><strong>suo</strong></span> <span class='ocrx_word' id='word_1_560' title='bbox 2434 2160 2747 2216; x_wconf 87' lang='lat' dir='ltr'><strong>dilectionis</strong></span> <span class='ocrx_word' id='word_1_561' title='bbox 2777 2173 2843 2214; x_wconf 87' lang='lat' dir='ltr'><strong>ac</strong></span> <span class='ocrx_word' id='word_1_562' title='bbox 2879 2158 3163 2214; x_wconf 82' lang='lat' dir='ltr'><strong>charitatis</strong></span> <span class='ocrx_word' id='word_1_563' title='bbox 3187 2161 3380 2231; x_wconf 83' lang='lat' dir='ltr'><strong>jugum</strong></span> 
     </span>
    </p>
   </div>
   <div class='ocr_carea' id='block_1_75' title="bbox 1805 2260 2045 2322">
    <p class='ocr_par' dir='ltr' id='par_1_75' title="bbox 1805 2260 2045 2322">
     <span class='ocr_line' id='line_1_75' title="bbox 1805 2260 2045 2322; baseline -0.013 -14"><span class='ocrx_word' id='word_1_564' title='bbox 1805 2260 2045 2322; x_wconf 79' lang='lat' dir='ltr'><strong>cogeret.</strong></span> 
     </span>
    </p>
   </div>
   <div class='ocr_carea' id='block_1_76' title="bbox 1878 2345 3386 2415">
    <p class='ocr_par' dir='ltr' id='par_1_76' title="bbox 1878 2345 3386 2415">
     <span class='ocr_line' id='line_1_76' title="bbox 1878 2345 3386 2415; baseline -0.002 -14"><span class='ocrx_word' id='word_1_565' title='bbox 1878 2347 1966 2402; x_wconf 78' lang='lat'><strong>65.</strong></span> <span class='ocrx_word' id='word_1_566' title='bbox 1993 2345 2205 2412; x_wconf 84' lang='lat' dir='ltr'><strong>Quibus</strong></span> <span class='ocrx_word' id='word_1_567' title='bbox 2234 2345 2400 2398; x_wconf 86' lang='lat' dir='ltr'><strong>rebus</strong></span> <span class='ocrx_word' id='word_1_568' title='bbox 2431 2347 2760 2415; x_wconf 76' lang='lat' dir='ltr'><strong>quandoque</strong></span> <span class='ocrx_word' id='word_1_569' title='bbox 2803 2348 2986 2402; x_wconf 71' lang='lat' dir='ltr'><strong>allecti</strong></span> <span class='ocrx_word' id='word_1_570' title='bbox 3026 2348 3254 2410; x_wconf 83' lang='lat' dir='ltr'><strong>fuimus,</strong></span> <span class='ocrx_word' id='word_1_571' title='bbox 3287 2345 3386 2398; x_wconf 86' lang='lat' dir='ltr'><strong>ha-</strong></span> 
     </span>
    </p>
   </div>
   <div class='ocr_carea' id='block_1_77' title="bbox 1808 2435 3378 2507">
    <p class='ocr_par' dir='ltr' id='par_1_77' title="bbox 1808 2435 3378 2507">
     <span class='ocr_line' id='line_1_77' title="bbox 1808 2435 3378 2507; baseline -0.001 -16"><span class='ocrx_word' id='word_1_572' title='bbox 1808 2454 1931 2491; x_wconf 92' lang='lat' dir='ltr'><strong>rum</strong></span> <span class='ocrx_word' id='word_1_573' title='bbox 1953 2453 2174 2506; x_wconf 90' lang='lat' dir='ltr'><strong>quoque</strong></span> <span class='ocrx_word' id='word_1_574' title='bbox 2191 2435 2516 2490; x_wconf 82' lang='lat' dir='ltr'><strong>libidinosas</strong></span> <span class='ocrx_word' id='word_1_575' title='bbox 2533 2437 2898 2507; x_wconf 84' lang='lat' dir='ltr'><strong>cogitationes</strong></span> <span class='ocrx_word' id='word_1_576' title='bbox 2919 2435 3378 2492; x_wconf 84' lang='lat' dir='ltr'><strong>circumferimus.</strong></span> 
     </span>
    </p>
   </div>
   <div class='ocr_carea' id='block_1_78' title="bbox 1808 2527 3380 2599">
    <p class='ocr_par' dir='ltr' id='par_1_78' title="bbox 1808 2527 3380 2599">
     <span class='ocr_line' id='line_1_78' title="bbox 1808 2527 3380 2599; baseline -0.003 -17"><span class='ocrx_word' id='word_1_577' title='bbox 1808 2530 1912 2597; x_wconf 86' lang='lat' dir='ltr'><strong>Qui</strong></span> <span class='ocrx_word' id='word_1_578' title='bbox 1972 2530 2139 2599; x_wconf 78' lang='lat' dir='ltr'><strong>igitur</strong></span> <span class='ocrx_word' id='word_1_579' title='bbox 2189 2528 2517 2581; x_wconf 86' lang='lat' dir='ltr'><strong>libidinosas</strong></span> <span class='ocrx_word' id='word_1_580' title='bbox 2563 2527 2734 2580; x_wconf 83' lang='lat' dir='ltr'><strong>vincit</strong></span> <span class='ocrx_word' id='word_1_581' title='bbox 2777 2528 3160 2593; x_wconf 77' lang='lat' dir='ltr'><strong>cogitationes,</strong></span> <span class='ocrx_word' id='word_1_582' title='bbox 3214 2527 3380 2581; x_wconf 87' lang='lat' dir='ltr'><strong>etiam</strong></span> 
     </span>
    </p>
   </div>
   <div class='ocr_carea' id='block_1_79' title="bbox 1809 2618 3379 2690">
    <p class='ocr_par' dir='ltr' id='par_1_79' title="bbox 1809 2618 3379 2690">
     <span class='ocr_line' id='line_1_79' title="bbox 1809 2618 3379 2690; baseline -0.003 -15"><span class='ocrx_word' id='word_1_583' title='bbox 1809 2638 1918 2683; x_wconf 87' lang='lat' dir='ltr'><strong>res,</strong></span> <span class='ocrx_word' id='word_1_584' title='bbox 1951 2636 2185 2690; x_wconf 86' lang='lat' dir='ltr'><strong>quarum</strong></span> <span class='ocrx_word' id='word_1_585' title='bbox 2213 2629 2345 2672; x_wconf 90' lang='lat' dir='ltr'><strong>sunt</strong></span> <span class='ocrx_word' id='word_1_586' title='bbox 2378 2619 2763 2688; x_wconf 85' lang='lat' dir='ltr'><strong>cogitationes,</strong></span> <span class='ocrx_word' id='word_1_587' title='bbox 2801 2619 3028 2672; x_wconf 88' lang='lat' dir='ltr'><strong>omnino</strong></span> <span class='ocrx_word' id='word_1_588' title='bbox 3056 2618 3379 2672; x_wconf 84' lang='lat' dir='ltr'><strong>contemnit.</strong></span> 
     </span>
    </p>
   </div>
   <div class='ocr_carea' id='block_1_80' title="bbox 1809 2709 3384 2782">
    <p class='ocr_par' dir='ltr' id='par_1_80' title="bbox 1809 2709 3384 2782">
     <span class='ocr_line' id='line_1_80' title="bbox 1809 2709 3384 2782; baseline -0.004 -14"><span class='ocrx_word' id='word_1_589' title='bbox 1809 2715 1985 2768; x_wconf 79' lang='lat' dir='ltr'><strong>Tanto</strong></span> <span class='ocrx_word' id='word_1_590' title='bbox 2019 2713 2164 2768; x_wconf 89' lang='lat' dir='ltr'><strong>enim</strong></span> <span class='ocrx_word' id='word_1_591' title='bbox 2208 2711 2448 2782; x_wconf 80' lang='lat' dir='ltr'><strong>gravius,</strong></span> <span class='ocrx_word' id='word_1_592' title='bbox 2481 2709 2628 2779; x_wconf 89' lang='lat' dir='ltr'><strong>quod</strong></span> <span class='ocrx_word' id='word_1_593' title='bbox 2666 2710 2933 2764; x_wconf 89' lang='lat' dir='ltr'><strong>adversus</strong></span> <span class='ocrx_word' id='word_1_594' title='bbox 2981 2725 3167 2764; x_wconf 89' lang='lat' dir='ltr'><strong>rerum</strong></span> <span class='ocrx_word' id='word_1_595' title='bbox 3213 2710 3384 2764; x_wconf 67' lang='lat' dir='ltr'><strong>simu-</strong></span> 
     </span>
    </p>
   </div>
   <div class='ocr_carea' id='block_1_81' title="bbox 1808 2804 3382 2876">
    <p class='ocr_par' dir='ltr' id='par_1_81' title="bbox 1808 2804 3382 2876">
     <span class='ocr_line' id='line_1_81' title="bbox 1808 2804 3382 2876; baseline -0.004 -14"><span class='ocrx_word' id='word_1_596' title='bbox 1808 2810 1977 2871; x_wconf 83' lang='lat' dir='ltr'><strong>lacra,</strong></span> <span class='ocrx_word' id='word_1_597' title='bbox 2024 2809 2080 2862; x_wconf 82' lang='lat' dir='ltr'><strong>in</strong></span> <span class='ocrx_word' id='word_1_598' title='bbox 2127 2805 2387 2860; x_wconf 84' lang='lat' dir='ltr'><strong>memoria</strong></span> <span class='ocrx_word' id='word_1_599' title='bbox 2435 2805 2648 2867; x_wconf 87' lang='lat' dir='ltr'><strong>relicta,</strong></span> <span class='ocrx_word' id='word_1_600' title='bbox 2683 2821 2846 2874; x_wconf 89' lang='lat' dir='ltr'><strong>quam</strong></span> <span class='ocrx_word' id='word_1_601' title='bbox 2882 2804 3028 2876; x_wconf 90' lang='lat' dir='ltr'><strong>quod</strong></span> <span class='ocrx_word' id='word_1_602' title='bbox 3070 2811 3259 2858; x_wconf 88' lang='lat' dir='ltr'><strong>contra</strong></span> <span class='ocrx_word' id='word_1_603' title='bbox 3291 2817 3382 2856; x_wconf 86' lang='lat' dir='ltr'><strong>res</strong></span> 
     </span>
    </p>
   </div>
   <div class='ocr_carea' id='block_1_82' title="bbox 1810 2896 3382 2971">
    <p class='ocr_par' dir='ltr' id='par_1_82' title="bbox 1810 2896 3382 2971">
     <span class='ocr_line' id='line_1_82' title="bbox 1810 2896 3382 2971; baseline -0.003 -17"><span class='ocrx_word' id='word_1_604' title='bbox 1810 2902 1977 2971; x_wconf 89' lang='lat' dir='ltr'><strong>ipsas,</strong></span> <span class='ocrx_word' id='word_1_605' title='bbox 2026 2900 2230 2953; x_wconf 87' lang='lat' dir='ltr'><strong>bellum</strong></span> <span class='ocrx_word' id='word_1_606' title='bbox 2276 2899 2540 2969; x_wconf 83' lang='lat' dir='ltr'><strong>gerimus,</strong></span> <span class='ocrx_word' id='word_1_607' title='bbox 2589 2909 2794 2967; x_wconf 88' lang='lat' dir='ltr'><strong>quanto</strong></span> <span class='ocrx_word' id='word_1_608' title='bbox 2843 2896 3142 2966; x_wconf 84' lang='lat' dir='ltr'><strong>proclivius</strong></span> <span class='ocrx_word' id='word_1_609' title='bbox 3189 2904 3279 2950; x_wconf 90' lang='lat' dir='ltr'><strong>est</strong></span> <span class='ocrx_word' id='word_1_610' title='bbox 3321 2905 3382 2949; x_wconf 84' lang='lat' dir='ltr'><strong>ut</strong></span> 
     </span>
    </p>
   </div>
   <div class='ocr_carea' id='block_1_83' title="bbox 1809 2989 3382 3064">
    <p class='ocr_par' dir='ltr' id='par_1_83' title="bbox 1809 2989 3382 3064">
     <span class='ocr_line' id='line_1_83' title="bbox 1809 2989 3382 3064; baseline -0.003 -18"><span class='ocrx_word' id='word_1_611' title='bbox 1809 3003 1991 3047; x_wconf 87' lang='lat' dir='ltr'><strong>mente</strong></span> <span class='ocrx_word' id='word_1_612' title='bbox 2041 3008 2104 3046; x_wconf 89' lang='lat' dir='ltr'><strong>ac</strong></span> <span class='ocrx_word' id='word_1_613' title='bbox 2155 2991 2507 3064; x_wconf 81' lang='lat' dir='ltr'><strong>cogitatione,</strong></span> <span class='ocrx_word' id='word_1_614' title='bbox 2554 3006 2719 3060; x_wconf 87' lang='lat' dir='ltr'><strong>quam</strong></span> <span class='ocrx_word' id='word_1_615' title='bbox 2761 2998 2821 3043; x_wconf 87' lang='lat' dir='ltr'><strong>ut</strong></span> <span class='ocrx_word' id='word_1_616' title='bbox 2870 2989 2989 3058; x_wconf 89' lang='lat' dir='ltr'><strong>ipso</strong></span> <span class='ocrx_word' id='word_1_617' title='bbox 3026 2992 3168 3043; x_wconf 58' lang='lat' dir='ltr'><strong>&quot;actu</strong></span> <span class='ocrx_word' id='word_1_618' title='bbox 3217 2997 3382 3058; x_wconf 87' lang='lat' dir='ltr'><strong>atque</strong></span> 
     </span>
    </p>
   </div>
   <div class='ocr_carea' id='block_1_84' title="bbox 1729 3101 2308 3164">
    <p class='ocr_par' dir='ltr' id='par_1_84' title="bbox 1729 3101 2308 3164">
     <span class='ocr_line' id='line_1_84' title="bbox 1729 3101 2308 3164; baseline -0.021 -14"><span class='ocrx_word' id='word_1_619' title='bbox 1729 3102 1772 3160; x_wconf 81' lang='lat' dir='ltr'><strong><em>C</em></strong></span> <span class='ocrx_word' id='word_1_620' title='bbox 1804 3109 1905 3164; x_wconf 83' lang='lat' dir='ltr'><strong>ope</strong></span> <span class='ocrx_word' id='word_1_621' title='bbox 1915 3107 1970 3144; x_wconf 90' lang='lat' dir='ltr'><strong>re</strong></span> <span class='ocrx_word' id='word_1_622' title='bbox 1997 3101 2308 3158; x_wconf 88' lang='lat' dir='ltr'><strong>peccemus.</strong></span> 
     </span>
    </p>
   </div>
   <div class='ocr_carea' id='block_1_85' title="bbox 1877 3172 3379 3243">
    <p class='ocr_par' dir='ltr' id='par_1_85' title="bbox 1877 3172 3379 3243">
     <span class='ocr_line' id='line_1_85' title="bbox 1877 3172 3379 3243; baseline -0.009 -6"><span class='ocrx_word' id='word_1_623' title='bbox 1877 3185 1962 3237; x_wconf 71' lang='lat' dir='ltr'><strong>6i.</strong></span> <span class='ocrx_word' id='word_1_624' title='bbox 2013 3181 2349 3239; x_wconf 73' lang='lat' dir='ltr'><strong>Aﬂ‘eetuum,</strong></span> <span class='ocrx_word' id='word_1_625' title='bbox 2401 3175 2493 3229; x_wconf 86' lang='lat' dir='ltr'><strong>alii</strong></span> <span class='ocrx_word' id='word_1_626' title='bbox 2541 3173 2860 3243; x_wconf 87' lang='lat' dir='ltr'><strong>corporales</strong></span> <span class='ocrx_word' id='word_1_627' title='bbox 2909 3181 3058 3236; x_wconf 88' lang='lat' dir='ltr'><strong>sunt,</strong></span> <span class='ocrx_word' id='word_1_628' title='bbox 3106 3172 3198 3230; x_wconf 84' lang='lat' dir='ltr'><strong>alii</strong></span> <span class='ocrx_word' id='word_1_629' title='bbox 3257 3172 3379 3225; x_wconf 85' lang='lat' dir='ltr'><strong>ani-</strong></span> 
     </span>
    </p>
   </div>
   <div class='ocr_carea' id='block_1_86' title="bbox 1804 3262 3382 3338">
    <p class='ocr_par' dir='ltr' id='par_1_86' title="bbox 1804 3262 3382 3338">
     <span class='ocr_line' id='line_1_86' title="bbox 1804 3262 3382 3338; baseline -0.01 -9"><span class='ocrx_word' id='word_1_630' title='bbox 1804 3276 1995 3330; x_wconf 85' lang='lat' dir='ltr'><strong>males.</strong></span> <span class='ocrx_word' id='word_1_631' title='bbox 2037 3273 2114 3326; x_wconf 82' lang='lat' dir='ltr'><strong>Ae</strong></span> <span class='ocrx_word' id='word_1_632' title='bbox 2135 3270 2367 3338; x_wconf 77' lang='lat' dir='ltr'><strong>quidem</strong></span> <span class='ocrx_word' id='word_1_633' title='bbox 2397 3266 2733 3335; x_wconf 87' lang='lat' dir='ltr'><strong>corporales,</strong></span> <span class='ocrx_word' id='word_1_634' title='bbox 2771 3280 2834 3318; x_wconf 81' lang='lat' dir='ltr'><strong>ex</strong></span> <span class='ocrx_word' id='word_1_635' title='bbox 2871 3278 3099 3332; x_wconf 87' lang='lat' dir='ltr'><strong>corpore</strong></span> <span class='ocrx_word' id='word_1_636' title='bbox 3138 3262 3382 3317; x_wconf 81' lang='lat' dir='ltr'><strong>occasio—</strong></span> 
     </span>
    </p>
   </div>
   <div class='ocr_carea' id='block_1_87' title="bbox 1806 3355 3380 3425">
    <p class='ocr_par' dir='ltr' id='par_1_87' title="bbox 1806 3355 3380 3425">
     <span class='ocr_line' id='line_1_87' title="bbox 1806 3355 3380 3425; baseline -0.01 -2"><span class='ocrx_word' id='word_1_637' title='bbox 1806 3383 1906 3423; x_wconf 88' lang='lat' dir='ltr'><strong>nes</strong></span> <span class='ocrx_word' id='word_1_638' title='bbox 1938 3365 2142 3419; x_wconf 85' lang='lat' dir='ltr'><strong>habe-nt</strong></span> <span class='ocrx_word' id='word_1_639' title='bbox 2177 3380 2190 3414; x_wconf 92' lang='lat'>:</span> <span class='ocrx_word' id='word_1_640' title='bbox 2224 3359 2487 3413; x_wconf 84' lang='lat' dir='ltr'><strong>animales</strong></span> <span class='ocrx_word' id='word_1_641' title='bbox 2512 3372 2666 3420; x_wconf 87' lang='lat' dir='ltr'><strong>vero,</strong></span> <span class='ocrx_word' id='word_1_642' title='bbox 2691 3372 2758 3410; x_wconf 85' lang='lat' dir='ltr'><strong>ex</strong></span> <span class='ocrx_word' id='word_1_643' title='bbox 2787 3356 2897 3410; x_wconf 85' lang='lat' dir='ltr'><strong>illis</strong></span> <span class='ocrx_word' id='word_1_644' title='bbox 2925 3373 3047 3425; x_wconf 75' lang='lat' dir='ltr'><strong>qua:</strong></span> <span class='ocrx_word' id='word_1_645' title='bbox 3079 3364 3208 3410; x_wconf 88' lang='lat' dir='ltr'><strong>sunt</strong></span> <span class='ocrx_word' id='word_1_646' title='bbox 3243 3355 3380 3410; x_wconf 83' lang='lat' dir='ltr'><strong>foris</strong></span> 
     </span>
    </p>
   </div>
   <div class='ocr_carea' id='block_1_88' title="bbox 1805 3448 3462 3530">
    <p class='ocr_par' dir='ltr' id='par_1_88' title="bbox 1805 3448 3462 3530">
     <span class='ocr_line' id='line_1_88' title="bbox 1805 3448 3462 3530; baseline -0.007 -18"><span class='ocrx_word' id='word_1_647' title='bbox 1805 3456 2160 3530; x_wconf 80' lang='lat' dir='ltr'><strong>proveniunt.</strong></span> <span class='ocrx_word' id='word_1_648' title='bbox 2206 3452 2478 3520; x_wconf 88' lang='lat' dir='ltr'><strong>Utrosque</strong></span> <span class='ocrx_word' id='word_1_649' title='bbox 2529 3464 2665 3501; x_wconf 86' lang='lat' dir='ltr'><strong>vero</strong></span> <span class='ocrx_word' id='word_1_650' title='bbox 2727 3457 2979 3502; x_wconf 85' lang='lat' dir='ltr'><strong>resecant</strong></span> <span class='ocrx_word' id='word_1_651' title='bbox 3027 3448 3269 3501; x_wconf 85' lang='lat' dir='ltr'><strong>eharitas</strong></span> <span class='ocrx_word' id='word_1_652' title='bbox 3324 3456 3381 3501; x_wconf 83' lang='lat' dir='ltr'><strong>ct</strong></span> <span class='ocrx_word' id='word_1_653' title='bbox 3451 3517 3462 3522; x_wconf 94' lang='lat'><em>_</em></span> 
     </span>
    </p>
   </div>
   <div class='ocr_carea' id='block_1_89' title="bbox 1805 3541 3184 3609">
    <p class='ocr_par' dir='ltr' id='par_1_89' title="bbox 1805 3541 3184 3609">
     <span class='ocr_line' id='line_1_89' title="bbox 1805 3541 3184 3609; baseline -0.008 -4"><span class='ocrx_word' id='word_1_654' title='bbox 1805 3548 2176 3606; x_wconf 86' lang='lat' dir='ltr'><strong>continentia:</strong></span> <span class='ocrx_word' id='word_1_655' title='bbox 2210 3545 2321 3606; x_wconf 85' lang='lat' dir='ltr'><strong>illa,</strong></span> <span class='ocrx_word' id='word_1_656' title='bbox 2352 3542 2653 3604; x_wconf 89' lang='lat' dir='ltr'><strong>animales;</strong></span> <span class='ocrx_word' id='word_1_657' title='bbox 2686 3541 2818 3604; x_wconf 66' lang='lat' dir='ltr'><strong>haec,</strong></span> <span class='ocrx_word' id='word_1_658' title='bbox 2854 3541 3184 3609; x_wconf 85' lang='lat' dir='ltr'><strong>corporales.</strong></span> 
     </span>
    </p>
   </div>
   <div class='ocr_carea' id='block_1_90' title="bbox 1875 3632 3376 3702">
    <p class='ocr_par' dir='ltr' id='par_1_90' title="bbox 1875 3632 3376 3702">
     <span class='ocr_line' id='line_1_90' title="bbox 1875 3632 3376 3702; baseline -0.007 -7"><span class='ocrx_word' id='word_1_659' title='bbox 1875 3642 1962 3695; x_wconf 76' lang='lat'><strong>65.</strong></span> <span class='ocrx_word' id='word_1_660' title='bbox 1996 3640 2328 3696; x_wconf 68' lang='lat' dir='ltr'><strong>Atiectuum,</strong></span> <span class='ocrx_word' id='word_1_661' title='bbox 2371 3633 2463 3687; x_wconf 87' lang='lat' dir='ltr'><strong>alii</strong></span> <span class='ocrx_word' id='word_1_662' title='bbox 2503 3632 2793 3685; x_wconf 85' lang='lat' dir='ltr'><strong>irascentis</strong></span> <span class='ocrx_word' id='word_1_663' title='bbox 2825 3632 2992 3685; x_wconf 89' lang='lat' dir='ltr'><strong>animi</strong></span> <span class='ocrx_word' id='word_1_664' title='bbox 3026 3632 3202 3702; x_wconf 89' lang='lat' dir='ltr'><strong>partis</strong></span> <span class='ocrx_word' id='word_1_665' title='bbox 3226 3641 3376 3694; x_wconf 89' lang='lat' dir='ltr'><strong>sunt,</strong></span> 
     </span>
    </p>
   </div>
   <div class='ocr_carea' id='block_1_91' title="bbox 1805 3726 3379 3797">
    <p class='ocr_par' dir='ltr' id='par_1_91' title="bbox 1805 3726 3379 3797">
     <span class='ocr_line' id='line_1_91' title="bbox 1805 3726 3379 3797; baseline -0.006 -11"><span class='ocrx_word' id='word_1_666' title='bbox 1805 3733 1897 3786; x_wconf 86' lang='lat' dir='ltr'><strong>alii</strong></span> <span class='ocrx_word' id='word_1_667' title='bbox 1941 3727 2405 3797; x_wconf 83' lang='lat' dir='ltr'><strong>concupiscentis.</strong></span> <span class='ocrx_word' id='word_1_668' title='bbox 2457 3726 2687 3794; x_wconf 66' lang='lat' dir='ltr'><strong>Utrique</strong></span> <span class='ocrx_word' id='word_1_669' title='bbox 2735 3739 2866 3776; x_wconf 84' lang='lat' dir='ltr'><strong>vero</strong></span> <span class='ocrx_word' id='word_1_670' title='bbox 2907 3738 3168 3777; x_wconf 87' lang='lat' dir='ltr'><strong>sensuum</strong></span> <span class='ocrx_word' id='word_1_671' title='bbox 3211 3739 3379 3793; x_wconf 80' lang='lat' dir='ltr'><strong>opera</strong></span> 
     </span>
    </p>
   </div>
   <div class='ocr_carea' id='block_1_92' title="bbox 1805 3814 3378 3885">
    <p class='ocr_par' dir='ltr' id='par_1_92' title="bbox 1805 3814 3378 3885">
     <span class='ocr_line' id='line_1_92' title="bbox 1805 3814 3378 3885; baseline -0.006 -8"><span class='ocrx_word' id='word_1_672' title='bbox 1805 3831 2118 3877; x_wconf 85' lang='lat' dir='ltr'><strong>moventur.</strong></span> <span class='ocrx_word' id='word_1_673' title='bbox 2165 3819 2428 3885; x_wconf 80' lang='lat' dir='ltr'><strong>Tuncque</strong></span> <span class='ocrx_word' id='word_1_674' title='bbox 2478 3815 2615 3868; x_wconf 87' lang='lat' dir='ltr'><strong>adeo</strong></span> <span class='ocrx_word' id='word_1_675' title='bbox 2666 3814 2878 3866; x_wconf 81' lang='lat' dir='ltr'><strong>moveri</strong></span> <span class='ocrx_word' id='word_1_676' title='bbox 2922 3815 3212 3883; x_wconf 84' lang='lat' dir='ltr'><strong>contingit,</strong></span> <span class='ocrx_word' id='word_1_677' title='bbox 3254 3831 3378 3868; x_wconf 75' lang='lat' dir='ltr'><strong>curn</strong></span> 
     </span>
    </p>
   </div>
   <div class='ocr_carea' id='block_1_93' title="bbox 1805 3895 3382 3984">
    <p class='ocr_par' dir='ltr' id='par_1_93' title="bbox 1805 3895 3382 3984">
     <span class='ocr_line' id='line_1_93' title="bbox 1805 3895 3382 3984; baseline -0.004 -19"><span class='ocrx_word' id='word_1_678' title='bbox 1805 3913 1964 3984; x_wconf 62' lang='lat'><strong>403</strong></span> <span class='ocrx_word' id='word_1_679' title='bbox 2015 3911 2231 3964; x_wconf 88' lang='lat' dir='ltr'><strong>animus</strong></span> <span class='ocrx_word' id='word_1_680' title='bbox 2271 3916 2427 3960; x_wconf 77' lang='lat' dir='ltr'><strong>extra</strong></span> <span class='ocrx_word' id='word_1_681' title='bbox 2478 3895 2803 3958; x_wconf 83' lang='lat' dir='ltr'><strong>charitatem</strong></span> <span class='ocrx_word' id='word_1_682' title='bbox 2877 3903 3382 3973; x_wconf 74' lang='lat' dir='ltr'><strong>continentiamque</strong></span> 
     </span>
    </p>
   </div>
   <div class='ocr_carea' id='block_1_94' title="bbox 1800 3999 2100 4054">
    <p class='ocr_par' dir='ltr' id='par_1_94' title="bbox 1800 3999 2100 4054">
     <span class='ocr_line' id='line_1_94' title="bbox 1800 3999 2100 4054; baseline -0.013 0"><span class='ocrx_word' id='word_1_683' title='bbox 1800 3999 2100 4054; x_wconf 75' lang='lat' dir='ltr'><strong>exstiterit.</strong></span> 
     </span>
    </p>
   </div>
   <div class='ocr_carea' id='block_1_95' title="bbox 1876 4101 3383 4176">
    <p class='ocr_par' dir='ltr' id='par_1_95' title="bbox 1876 4101 3383 4176">
     <span class='ocr_line' id='line_1_95' title="bbox 1876 4101 3383 4176; baseline -0.005 -10"><span class='ocrx_word' id='word_1_684' title='bbox 1876 4113 1963 4166; x_wconf 87' lang='lat'><strong>66.</strong></span> <span class='ocrx_word' id='word_1_685' title='bbox 1990 4109 2280 4165; x_wconf 85' lang='lat' dir='ltr'><strong>Irascentis</strong></span> <span class='ocrx_word' id='word_1_686' title='bbox 2301 4107 2465 4160; x_wconf 90' lang='lat' dir='ltr'><strong>animi</strong></span> <span class='ocrx_word' id='word_1_687' title='bbox 2490 4107 2662 4176; x_wconf 89' lang='lat' dir='ltr'><strong>partis</strong></span> <span class='ocrx_word' id='word_1_688' title='bbox 2682 4105 2909 4160; x_wconf 77' lang='lat' dir='ltr'><strong>allectus</strong></span> <span class='ocrx_word' id='word_1_689' title='bbox 2931 4101 3204 4160; x_wconf 73' lang='lat' dir='ltr'><strong>difﬁcilius</strong></span> <span class='ocrx_word' id='word_1_690' title='bbox 3226 4105 3383 4174; x_wconf 83' lang='lat' dir='ltr'><strong>longe</strong></span> 
     </span>
    </p>
   </div>
   <div class='ocr_carea' id='block_1_96' title="bbox 1807 4196 3384 4274">
    <p class='ocr_par' dir='ltr' id='par_1_96' title="bbox 1807 4196 3384 4274">
     <span class='ocr_line' id='line_1_96' title="bbox 1807 4196 3384 4274; baseline -0.006 -16"><span class='ocrx_word' id='word_1_691' title='bbox 1807 4202 2105 4274; x_wconf 82' lang='lat' dir='ltr'><strong>expugnari</strong></span> <span class='ocrx_word' id='word_1_692' title='bbox 2133 4210 2394 4271; x_wconf 89' lang='lat' dir='ltr'><strong>possunt,</strong></span> <span class='ocrx_word' id='word_1_693' title='bbox 2451 4215 2612 4267; x_wconf 81' lang='lat' dir='ltr'><strong>quam</strong></span> <span class='ocrx_word' id='word_1_694' title='bbox 2652 4196 3112 4265; x_wconf 86' lang='lat' dir='ltr'><strong>concupiscentis.</strong></span> <span class='ocrx_word' id='word_1_695' title='bbox 3176 4197 3384 4251; x_wconf 72' lang='lat' dir='ltr'><strong>Idcirco</strong></span> 
     </span>
    </p>
   </div>
   <div class='ocr_carea' id='block_1_97' title="bbox 1807 4288 3383 4364">
    <p class='ocr_par' dir='ltr' id='par_1_97' title="bbox 1807 4288 3383 4364">
     <span class='ocr_line' id='line_1_97' title="bbox 1807 4288 3383 4364; baseline -0.005 -14"><span class='ocrx_word' id='word_1_696' title='bbox 1807 4297 1971 4350; x_wconf 88' lang='lat' dir='ltr'><strong>etiam</strong></span> <span class='ocrx_word' id='word_1_697' title='bbox 2002 4295 2178 4364; x_wconf 86' lang='lat' dir='ltr'><strong>majus</strong></span> <span class='ocrx_word' id='word_1_698' title='bbox 2206 4293 2468 4346; x_wconf 84' lang='lat' dir='ltr'><strong>adversus</strong></span> <span class='ocrx_word' id='word_1_699' title='bbox 2493 4303 2612 4344; x_wconf 89' lang='lat' dir='ltr'><strong>eam</strong></span> <span class='ocrx_word' id='word_1_700' title='bbox 2643 4289 2947 4343; x_wconf 85' lang='lat' dir='ltr'><strong>remedium</strong></span> <span class='ocrx_word' id='word_1_701' title='bbox 2975 4305 3003 4342; x_wconf 89' lang='lat' dir='ltr'><strong>a</strong></span> <span class='ocrx_word' id='word_1_702' title='bbox 3028 4289 3262 4343; x_wconf 90' lang='lat' dir='ltr'><strong>Domino</strong></span> <span class='ocrx_word' id='word_1_703' title='bbox 3285 4288 3383 4342; x_wconf 89' lang='lat' dir='ltr'><strong>da-</strong></span> 
     </span>
    </p>
   </div>
   <div class='ocr_carea' id='block_1_98' title="bbox 1813 4377 3383 4447">
    <p class='ocr_par' dir='ltr' id='par_1_98' title="bbox 1813 4377 3383 4447">
     <span class='ocr_line' id='line_1_98' title="bbox 1813 4377 3383 4447; baseline -0.006 -7"><span class='ocrx_word' id='word_1_704' title='bbox 1813 4396 1923 4441; x_wconf 91' lang='lat' dir='ltr'><strong>tum</strong></span> <span class='ocrx_word' id='word_1_705' title='bbox 1942 4397 2044 4447; x_wconf 81' lang='lat' dir='ltr'><strong>est,</strong></span> <span class='ocrx_word' id='word_1_706' title='bbox 2071 4383 2387 4440; x_wconf 87' lang='lat' dir='ltr'><strong>mandatum</strong></span> <span class='ocrx_word' id='word_1_707' title='bbox 2406 4382 2616 4436; x_wconf 82' lang='lat' dir='ltr'><strong>scilicet</strong></span> <span class='ocrx_word' id='word_1_708' title='bbox 2631 4379 2920 4434; x_wconf 84' lang='lat' dir='ltr'><strong>charitatis</strong></span> <span class='ocrx_word' id='word_1_709' title='bbox 2942 4393 3035 4432; x_wconf 87' lang='lat' dir='ltr'><strong>seu</strong></span> <span class='ocrx_word' id='word_1_710' title='bbox 3054 4377 3383 4432; x_wconf 85' lang='lat' dir='ltr'><strong>dilectionis.</strong></span> 
     </span>
    </p>
   </div>
   <div class='ocr_carea' id='block_1_99' title="bbox 1883 4469 3387 4536">
    <p class='ocr_par' dir='ltr' id='par_1_99' title="bbox 1883 4469 3387 4536">
     <span class='ocr_line' id='line_1_99' title="bbox 1883 4469 3387 4536; baseline -0.007 -6"><span class='ocrx_word' id='word_1_711' title='bbox 1883 4477 1971 4530; x_wconf 89' lang='grc'><strong>67.</strong></span> <span class='ocrx_word' id='word_1_712' title='bbox 2011 4475 2207 4530; x_wconf 88' lang='lat' dir='ltr'><strong>Cuncti</strong></span> <span class='ocrx_word' id='word_1_713' title='bbox 2239 4473 2331 4527; x_wconf 88' lang='lat' dir='ltr'><strong>alii</strong></span> <span class='ocrx_word' id='word_1_714' title='bbox 2360 4473 2607 4536; x_wconf 80' lang='lat' dir='ltr'><strong>aﬂ&#39;ectus,</strong></span> <span class='ocrx_word' id='word_1_715' title='bbox 2645 4479 2737 4524; x_wconf 86' lang='lat' dir='ltr'><strong>aut</strong></span> <span class='ocrx_word' id='word_1_716' title='bbox 2769 4469 3090 4523; x_wconf 89' lang='lat' dir='ltr'><strong>irascentem</strong></span> <span class='ocrx_word' id='word_1_717' title='bbox 3124 4469 3387 4522; x_wconf 81' lang='lat' dir='ltr'><strong>duntaxat</strong></span> 
     </span>
    </p>
   </div>
   <div class='ocr_carea' id='block_1_100' title="bbox 1815 4561 3388 4635">
    <p class='ocr_par' dir='ltr' id='par_1_100' title="bbox 1815 4561 3388 4635">
     <span class='ocr_line' id='line_1_100' title="bbox 1815 4561 3388 4635; baseline -0.006 -14"><span class='ocrx_word' id='word_1_718' title='bbox 1815 4567 1981 4621; x_wconf 86' lang='lat' dir='ltr'><strong>animi</strong></span> <span class='ocrx_word' id='word_1_719' title='bbox 2010 4574 2241 4635; x_wconf 88' lang='lat' dir='ltr'><strong>partem,</strong></span> <span class='ocrx_word' id='word_1_720' title='bbox 2297 4574 2393 4617; x_wconf 91' lang='lat' dir='ltr'><strong>aut</strong></span> <span class='ocrx_word' id='word_1_721' title='bbox 2421 4563 2903 4632; x_wconf 87' lang='lat' dir='ltr'><strong>concupiscentem</strong></span> <span class='ocrx_word' id='word_1_722' title='bbox 2930 4561 3237 4631; x_wconf 80' lang='lat' dir='ltr'><strong>attingunt;</strong></span> <span class='ocrx_word' id='word_1_723' title='bbox 3295 4568 3388 4613; x_wconf 87' lang='lat' dir='ltr'><strong>aut</strong></span> 
     </span>
    </p>
   </div>
   <div class='ocr_carea' id='block_1_101' title="bbox 1811 4652 3384 4722">
    <p class='ocr_par' dir='ltr' id='par_1_101' title="bbox 1811 4652 3384 4722">
     <span class='ocr_line' id='line_1_101' title="bbox 1811 4652 3384 4722; baseline -0.006 -9"><span class='ocrx_word' id='word_1_724' title='bbox 1811 4661 1974 4713; x_wconf 88' lang='lat' dir='ltr'><strong>etiam</strong></span> <span class='ocrx_word' id='word_1_725' title='bbox 2001 4657 2232 4711; x_wconf 87' lang='lat' dir='ltr'><strong>rationis</strong></span> <span class='ocrx_word' id='word_1_726' title='bbox 2255 4656 2589 4717; x_wconf 81' lang='lat' dir='ltr'><strong>facultatem,</strong></span> <span class='ocrx_word' id='word_1_727' title='bbox 2637 4663 2697 4708; x_wconf 89' lang='lat' dir='ltr'><strong>ut</strong></span> <span class='ocrx_word' id='word_1_728' title='bbox 2718 4653 2921 4707; x_wconf 84' lang='lat' dir='ltr'><strong>oblivio</strong></span> <span class='ocrx_word' id='word_1_729' title='bbox 2949 4663 3005 4707; x_wconf 91' lang='lat' dir='ltr'><strong>et</strong></span> <span class='ocrx_word' id='word_1_730' title='bbox 3033 4652 3339 4722; x_wconf 84' lang='lat' dir='ltr'><strong>ignorantia</strong></span> <span class='ocrx_word' id='word_1_731' title='bbox 3369 4665 3384 4704; x_wconf 89' lang='lat'><strong>:</strong></span> 
     </span>
    </p>
   </div>
   <div class='ocr_carea' id='block_1_102' title="bbox 1814 4727 3387 4814">
    <p class='ocr_par' dir='ltr' id='par_1_102' title="bbox 1814 4727 3387 4814">
     <span class='ocr_line' id='line_1_102' title="bbox 1814 4727 3387 4814; baseline -0.004 -10"><span class='ocrx_word' id='word_1_732' title='bbox 1814 4749 2184 4813; x_wconf 88' lang='lat' dir='ltr'><strong>acedia&#39;vero,</strong></span> <span class='ocrx_word' id='word_1_733' title='bbox 2217 4761 2407 4800; x_wconf 76' lang='lat' dir='ltr'><strong>omnes</strong></span> <span class='ocrx_word' id='word_1_734' title='bbox 2428 4745 2625 4799; x_wconf 69' lang='lat' dir='ltr'><strong>anima:</strong></span> <span class='ocrx_word' id='word_1_735' title='bbox 2653 4745 2802 4798; x_wconf 89' lang='lat' dir='ltr'><strong>vires</strong></span> <span class='ocrx_word' id='word_1_736' title='bbox 2831 4744 3160 4814; x_wconf 87' lang='lat' dir='ltr'><strong>corripiens.</strong></span> <span class='ocrx_word' id='word_1_737' title='bbox 3194 4727 3387 4798; x_wconf 78' lang='lat' dir='ltr'><strong>omnes</strong></span> 
     </span>
    </p>
   </div>
   <div class='ocr_carea' id='block_1_103' title="bbox 1815 4839 3383 4909">
    <p class='ocr_par' dir='ltr' id='par_1_103' title="bbox 1815 4839 3383 4909">
     <span class='ocr_line' id='line_1_103' title="bbox 1815 4839 3383 4909; baseline -0.004 -14"><span class='ocrx_word' id='word_1_738' title='bbox 1815 4842 1931 4896; x_wconf 78' lang='lat' dir='ltr'><strong>fere</strong></span> <span class='ocrx_word' id='word_1_739' title='bbox 2001 4841 2162 4896; x_wconf 90' lang='lat' dir='ltr'><strong>simul</strong></span> <span class='ocrx_word' id='word_1_740' title='bbox 2234 4856 2455 4909; x_wconf 91' lang='lat' dir='ltr'><strong>unoque</strong></span> <span class='ocrx_word' id='word_1_741' title='bbox 2518 4840 2725 4909; x_wconf 89' lang='lat' dir='ltr'><strong>impetu</strong></span> <span class='ocrx_word' id='word_1_742' title='bbox 2769 4839 3006 4892; x_wconf 82' lang='lat' dir='ltr'><strong>aﬂ‘ectus</strong></span> <span class='ocrx_word' id='word_1_743' title='bbox 3055 4845 3383 4891; x_wconf 79' lang='lat' dir='ltr'><strong>commovet.</strong></span> 
     </span>
    </p>
   </div>
   <div class='ocr_carea' id='block_1_104' title="bbox 1809 4929 3388 5004">
    <p class='ocr_par' dir='ltr' id='par_1_104' title="bbox 1809 4929 3388 5004">
     <span class='ocr_line' id='line_1_104' title="bbox 1809 4929 3388 5004; baseline -0.006 -16"><span class='ocrx_word' id='word_1_744' title='bbox 1809 4935 2162 5004; x_wconf 84' lang='lat' dir='ltr'><strong>Quapropter</strong></span> <span class='ocrx_word' id='word_1_745' title='bbox 2190 4934 2354 4987; x_wconf 83' lang='lat' dir='ltr'><strong>etiam</strong></span> <span class='ocrx_word' id='word_1_746' title='bbox 2391 4933 2604 4986; x_wconf 89' lang='lat' dir='ltr'><strong>cunctis</strong></span> <span class='ocrx_word' id='word_1_747' title='bbox 2631 4931 2752 4986; x_wconf 86' lang='lat' dir='ltr'><strong>aliis</strong></span> <span class='ocrx_word' id='word_1_748' title='bbox 2782 4930 3073 4985; x_wconf 68' lang='lat' dir='ltr'><strong>affectibus</strong></span> <span class='ocrx_word' id='word_1_749' title='bbox 3106 4929 3388 4982; x_wconf 87' lang='lat' dir='ltr'><strong>molestior</strong></span> 
     </span>
    </p>
   </div>
   <div class='ocr_carea' id='block_1_105' title="bbox 1816 5021 3386 5096">
    <p class='ocr_par' dir='ltr' id='par_1_105' title="bbox 1816 5021 3386 5096">
     <span class='ocr_line' id='line_1_105' title="bbox 1816 5021 3386 5096; baseline -0.005 -15"><span class='ocrx_word' id='word_1_750' title='bbox 1816 5037 1920 5082; x_wconf 90' lang='lat' dir='ltr'><strong>est.</strong></span> <span class='ocrx_word' id='word_1_751' title='bbox 1956 5027 2100 5081; x_wconf 87' lang='lat' dir='ltr'><strong>Bene</strong></span> <span class='ocrx_word' id='word_1_752' title='bbox 2141 5027 2306 5096; x_wconf 90' lang='lat' dir='ltr'><strong>igitur</strong></span> <span class='ocrx_word' id='word_1_753' title='bbox 2342 5025 2629 5090; x_wconf 85' lang='lat' dir='ltr'><strong>Dominus,</strong></span> <span class='ocrx_word' id='word_1_754' title='bbox 2655 5023 2928 5094; x_wconf 85' lang='lat' dir='ltr'><strong>assignato</strong></span> <span class='ocrx_word' id='word_1_755' title='bbox 2956 5021 3221 5075; x_wconf 82' lang='lat' dir='ltr'><strong>adversus</strong></span> <span class='ocrx_word' id='word_1_756' title='bbox 3265 5035 3386 5074; x_wconf 88' lang='lat' dir='ltr'><strong>eam</strong></span> 
     </span>
    </p>
   </div>
   <div class='ocr_carea' id='block_1_106' title="bbox 1815 5113 3389 5187">
    <p class='ocr_par' dir='ltr' id='par_1_106' title="bbox 1815 5113 3389 5187">
     <span class='ocr_line' id='line_1_106' title="bbox 1815 5113 3389 5187; baseline -0.003 -16"><span class='ocrx_word' id='word_1_757' title='bbox 1815 5119 2102 5172; x_wconf 86' lang='lat' dir='ltr'><strong>remedio:</strong></span> <span class='ocrx_word' id='word_1_758' title='bbox 2137 5117 2201 5171; x_wconf 79' lang='lat' dir='ltr'><strong>In</strong></span> <span class='ocrx_word' id='word_1_759' title='bbox 2251 5119 2510 5187; x_wconf 80' lang='lat' dir='ltr'><strong>patientia</strong></span> <span class='ocrx_word' id='word_1_760' title='bbox 2571 5127 2764 5179; x_wconf 81' lang='lat' dir='ltr'><strong>vestra,</strong></span> <span class='ocrx_word' id='word_1_761' title='bbox 2821 5115 3018 5185; x_wconf 89' lang='lat' dir='ltr'><strong>inquit,</strong></span> <span class='ocrx_word' id='word_1_762' title='bbox 3078 5113 3389 5183; x_wconf 71' lang='lat' dir='ltr'><strong>possidentis</strong></span> 
     </span>
    </p>
   </div>
   <div class='ocr_carea' id='block_1_107' title="bbox 1821 5208 2344 5260">
    <p class='ocr_par' dir='ltr' id='par_1_107' title="bbox 1821 5208 2344 5260">
     <span class='ocr_line' id='line_1_107' title="bbox 1821 5208 2344 5260; baseline -0.002 -1"><span class='ocrx_word' id='word_1_763' title='bbox 1821 5208 2028 5260; x_wconf 81' lang='lat' dir='ltr'><strong>animas</strong></span> <span class='ocrx_word' id='word_1_764' title='bbox 2053 5215 2252 5259; x_wconf 75' lang='lat' dir='ltr'><strong>vestras</strong></span> <span class='ocrx_word' id='word_1_765' title='bbox 2279 5208 2344 5258; x_wconf 78' lang='grc'><strong>’⁵.</strong></span> 
     </span>
    </p>
   </div>
   <div class='ocr_carea' id='block_1_108' title="bbox 211 5283 1702 5384">
    <p class='ocr_par' dir='ltr' id='par_1_108' title="bbox 211 5283 1702 5382">
     <span class='ocr_line' id='line_1_108' title="bbox 211 5283 1702 5382; baseline 0.015 -32"><span class='ocrx_word' id='word_1_766' title='bbox 211 5298 256 5328; x_wconf 76' lang='grc'>²²</span> <span class='ocrx_word' id='word_1_767' title='bbox 292 5301 481 5356; x_wconf 73' lang='lat' dir='ltr'><strong>Matth.</strong></span> <span class='ocrx_word' id='word_1_768' title='bbox 513 5320 564 5368; x_wconf 87' lang='lat' dir='ltr'><strong>v,</strong></span> <span class='ocrx_word' id='word_1_769' title='bbox 594 5291 680 5358; x_wconf 61' lang='grc' dir='ltr'><strong>Η.</strong></span> <span class='ocrx_word' id='word_1_770' title='bbox 757 5306 800 5336; x_wconf 77' lang='grc'><strong>’³</strong></span> <span class='ocrx_word' id='word_1_771' title='bbox 828 5305 848 5359; x_wconf 88' lang='lat' dir='ltr'><strong>l</strong></span> <span class='ocrx_word' id='word_1_772' title='bbox 885 5306 1027 5362; x_wconf 86' lang='lat' dir='ltr'><strong>Tim.</strong></span> <span class='ocrx_word' id='word_1_773' title='bbox 1056 5324 1112 5372; x_wconf 83' lang='grc' dir='ltr'><strong>ιι,</strong></span> <span class='ocrx_word' id='word_1_774' title='bbox 1140 5309 1190 5362; x_wconf 81' lang='grc'><strong>5.</strong></span> <span class='ocrx_word' id='word_1_775' title='bbox 1269 5310 1314 5342; x_wconf 84' lang='grc'><strong>²¹⁶</strong></span> <span class='ocrx_word' id='word_1_776' title='bbox 1341 5311 1533 5368; x_wconf 86' lang='lat' dir='ltr'><strong>Matth.</strong></span> <span class='ocrx_word' id='word_1_777' title='bbox 1561 5283 1615 5382; x_wconf 51' lang='grc' dir='ltr'><strong>ν,</strong></span> <span class='ocrx_word' id='word_1_778' title='bbox 1648 5319 1702 5372; x_wconf 64' lang='grc' dir='ltr'>σε</span> 
     </span>
    </p>
   </div>
   <div class='ocr_carea' id='block_1_109' title="bbox 1815 5283 2402 5384">
    <p class='ocr_par' dir='ltr' id='par_1_109' title="bbox 1815 5319 2402 5384">
     <span class='ocr_line' id='line_1_109' title="bbox 1815 5319 2402 5384; baseline 0.005 -13"><span class='ocrx_word' id='word_1_779' title='bbox 1815 5320 1856 5372; x_wconf 94' lang='lat' dir='ltr'><strong>I.</strong></span> <span class='ocrx_word' id='word_1_780' title='bbox 1930 5320 1976 5350; x_wconf 82' lang='lat'>&quot;</span> <span class='ocrx_word' id='word_1_781' title='bbox 2008 5319 2142 5373; x_wconf 82' lang='lat' dir='ltr'><strong>Luc.</strong></span> <span class='ocrx_word' id='word_1_782' title='bbox 2173 5336 2282 5384; x_wconf 81' lang='lat' dir='ltr'><strong>xxI,</strong></span> <span class='ocrx_word' id='word_1_783' title='bbox 2315 5320 2402 5374; x_wconf 69' lang='lat'><strong>19.</strong></span> 
     </span>
    </p>
   </div>
   <div class='ocr_carea' id='block_1_110' title="bbox 212 5437 1704 5513">
    <p class='ocr_par' dir='ltr' id='par_1_110' title="bbox 212 5437 1704 5513">
     <span class='ocr_line' id='line_1_110' title="bbox 212 5437 1704 5513; baseline 0.007 -23"><span class='ocrx_word' id='word_1_784' title='bbox 212 5437 703 5513; x_wconf 40' lang='lat' dir='ltr'><strong>t]:_)-l_lpog_(i.ft_ep</strong></span> <span class='ocrx_word' id='word_1_785' title='bbox 750 5439 1062 5513; x_wconf 66' lang='grc' dir='ltr'>πράγματᾲ</span> <span class='ocrx_word' id='word_1_786' title='bbox 1118 5460 1262 5496; x_wconf 70' lang='grc' dir='ltr'><strong>⁴ποτε</strong></span> <span class='ocrx_word' id='word_1_787' title='bbox 1301 5447 1704 5513; x_wconf 78' lang='grc' dir='ltr'>πεπόνθαμεν.</span> 
     </span>
    </p>
   </div>
   <div class='ocr_carea' id='block_1_111' title="bbox 138 5505 1708 5582">
    <p class='ocr_par' dir='ltr' id='par_1_111' title="bbox 138 5505 1708 5582">
     <span class='ocr_line' id='line_1_111' title="bbox 138 5505 1708 5582; baseline 0.006 -22"><span class='ocrx_word' id='word_1_788' title='bbox 138 5505 284 5582; x_wconf 58' lang='lat' dir='ltr'><strong>Nihil</strong></span> <span class='ocrx_word' id='word_1_789' title='bbox 319 5505 414 5563; x_wconf 82' lang='lat' dir='ltr'><strong>hic</strong></span> <span class='ocrx_word' id='word_1_790' title='bbox 453 5505 677 5582; x_wconf 72' lang='lat' dir='ltr'><strong>difﬁcile</strong></span> <span class='ocrx_word' id='word_1_791' title='bbox 713 5505 816 5564; x_wconf 85' lang='lat' dir='ltr'><strong>nisi</strong></span> <span class='ocrx_word' id='word_1_792' title='bbox 847 5505 971 5582; x_wconf 77' lang='lat' dir='ltr'><strong>quis</strong></span> <span class='ocrx_word' id='word_1_793' title='bbox 1004 5512 1162 5578; x_wconf 88' lang='lat' dir='ltr'><strong>plane</strong></span> <span class='ocrx_word' id='word_1_794' title='bbox 1189 5513 1390 5582; x_wconf 86' lang='lat' dir='ltr'><strong>hospes</strong></span> <span class='ocrx_word' id='word_1_795' title='bbox 1418 5516 1470 5568; x_wconf 91' lang='lat' dir='ltr'><strong>in</strong></span> <span class='ocrx_word' id='word_1_796' title='bbox 1523 5505 1708 5570; x_wconf 78' lang='lat' dir='ltr'><strong>scien-</strong></span> 
     </span>
    </p>
   </div>
   <div class='ocr_carea' id='block_1_112' title="bbox 141 5577 1706 5653">
    <p class='ocr_par' dir='ltr' id='par_1_112' title="bbox 141 5577 1706 5653">
     <span class='ocr_line' id='line_1_112' title="bbox 141 5577 1706 5653; baseline 0.008 -26"><span class='ocrx_word' id='word_1_797' title='bbox 141 5577 218 5630; x_wconf 90' lang='lat' dir='ltr'><strong>tia</strong></span> <span class='ocrx_word' id='word_1_798' title='bbox 246 5586 543 5653; x_wconf 62' lang='lat' dir='ltr'><strong>morutnet</strong></span> <span class='ocrx_word' id='word_1_799' title='bbox 573 5577 879 5653; x_wconf 63' lang='lat' dir='ltr'><strong>aliectupm</strong></span> <span class='ocrx_word' id='word_1_800' title='bbox 905 5577 1151 5653; x_wconf 81' lang='lat' dir='ltr'><strong>(totaque</strong></span> <span class='ocrx_word' id='word_1_801' title='bbox 1192 5577 1308 5652; x_wconf 77' lang='lat' dir='ltr'><strong>ipsa</strong></span> <span class='ocrx_word' id='word_1_802' title='bbox 1346 5584 1576 5653; x_wconf 61' lang='lat' dir='ltr'><strong>Graecia)</strong></span> <span class='ocrx_word' id='word_1_803' title='bbox 1613 5587 1706 5650; x_wconf 84' lang='lat' dir='ltr'><strong>sit,</strong></span> 
     </span>
    </p>
   </div>
   <div class='ocr_carea' id='block_1_113' title="bbox 177 5646 1709 5716">
    <p class='ocr_par' dir='ltr' id='par_1_113' title="bbox 177 5646 1709 5716">
     <span class='ocr_line' id='line_1_113' title="bbox 177 5646 1709 5716; baseline 0.008 -20"><span class='ocrx_word' id='word_1_804' title='bbox 177 5646 331 5699; x_wconf 88' lang='lat' dir='ltr'><strong>uales</strong></span> <span class='ocrx_word' id='word_1_805' title='bbox 366 5663 424 5701; x_wconf 90' lang='lat' dir='ltr'><strong>se</strong></span> <span class='ocrx_word' id='word_1_806' title='bbox 442 5648 647 5716; x_wconf 89' lang='lat' dir='ltr'><strong>Obsop.</strong></span> <span class='ocrx_word' id='word_1_807' title='bbox 671 5660 726 5702; x_wconf 90' lang='lat' dir='ltr'><strong>et</strong></span> <span class='ocrx_word' id='word_1_808' title='bbox 759 5646 924 5703; x_wconf 82' lang='lat' dir='ltr'><strong>Gesn.</strong></span> <span class='ocrx_word' id='word_1_809' title='bbox 962 5646 1282 5711; x_wconf 77' lang='lat' dir='ltr'><strong>ostendunt,</strong></span> <span class='ocrx_word' id='word_1_810' title='bbox 1310 5653 1440 5706; x_wconf 86' lang='lat' dir='ltr'><strong>dum</strong></span> <span class='ocrx_word' id='word_1_811' title='bbox 1473 5646 1709 5708; x_wconf 53' lang='lat' dir='ltr'><strong>sic&#39;red4</strong></span> 
     </span>
    </p>
   </div>
   <div class='ocr_carea' id='block_1_114' title="bbox 180 5717 1707 5790">
    <p class='ocr_par' dir='ltr' id='par_1_114' title="bbox 180 5717 1707 5790">
     <span class='ocr_line' id='line_1_114' title="bbox 180 5717 1707 5790; baseline 0.007 -22"><span class='ocrx_word' id='word_1_812' title='bbox 180 5722 279 5770; x_wconf 85' lang='lat' dir='ltr'><strong>unt</strong></span> <span class='ocrx_word' id='word_1_813' title='bbox 310 5754 325 5779; x_wconf 86' lang='lat'><strong>,</strong></span> <span class='ocrx_word' id='word_1_814' title='bbox 380 5717 527 5782; x_wconf 80' lang='lat' dir='ltr'><strong>Quas</strong></span> <span class='ocrx_word' id='word_1_815' title='bbox 552 5735 632 5772; x_wconf 78' lang='lat' dir='ltr'><strong>res</strong></span> <span class='ocrx_word' id='word_1_816' title='bbox 672 5719 941 5785; x_wconf 88' lang='lat' dir='ltr'><strong>quondam</strong></span> <span class='ocrx_word' id='word_1_817' title='bbox 971 5718 1208 5773; x_wconf 85' lang='lat' dir='ltr'><strong>dolenter</strong></span> <span class='ocrx_word' id='word_1_818' title='bbox 1233 5720 1565 5790; x_wconf 82' lang='lat' dir='ltr'><strong>pertulimus,</strong></span> <span class='ocrx_word' id='word_1_819' title='bbox 1601 5734 1707 5778; x_wconf 89' lang='lat' dir='ltr'><strong>etc.</strong></span> 
     </span>
    </p>
   </div>
   <div class='ocr_carea' id='block_1_115' title="bbox 1814 5449 3391 5523">
    <p class='ocr_par' dir='ltr' id='par_1_115' title="bbox 1814 5449 3391 5523">
     <span class='ocr_line' id='line_1_115' title="bbox 1814 5449 3391 5523; baseline 0.001 -20"><span class='ocrx_word' id='word_1_820' title='bbox 1814 5449 1934 5503; x_wconf 83' lang='lat' dir='ltr'><strong>Non</strong></span> <span class='ocrx_word' id='word_1_821' title='bbox 1964 5451 2054 5504; x_wconf 90' lang='lat' dir='ltr'><strong>hic</strong></span> <span class='ocrx_word' id='word_1_822' title='bbox 2083 5450 2152 5504; x_wconf 89' lang='lat' dir='ltr'><strong>de</strong></span> <span class='ocrx_word' id='word_1_823' title='bbox 2177 5450 2390 5516; x_wconf 83' lang='lat' dir='ltr'><strong>dolore,</strong></span> <span class='ocrx_word' id='word_1_824' title='bbox 2421 5451 2515 5505; x_wconf 89' lang='lat' dir='ltr'><strong>sed</strong></span> <span class='ocrx_word' id='word_1_825' title='bbox 2541 5450 2609 5504; x_wconf 90' lang='lat' dir='ltr'><strong>de</strong></span> <span class='ocrx_word' id='word_1_826' title='bbox 2629 5450 2861 5523; x_wconf 83' lang='lat' dir='ltr'><strong>libidine</strong></span> <span class='ocrx_word' id='word_1_827' title='bbox 2886 5466 3070 5523; x_wconf 73' lang='lat' dir='ltr'><strong>sermo</strong></span> <span class='ocrx_word' id='word_1_828' title='bbox 3109 5458 3192 5504; x_wconf 89' lang='lat' dir='ltr'><strong>est</strong></span> <span class='ocrx_word' id='word_1_829' title='bbox 3216 5449 3391 5523; x_wconf 63' lang='lat' dir='ltr'><strong>Matti-</strong></span> 
     </span>
    </p>
   </div>
   <div class='ocr_carea' id='block_1_116' title="bbox 1817 5519 3392 5588">
    <p class='ocr_par' dir='ltr' id='par_1_116' title="bbox 1817 5519 3392 5588">
     <span class='ocr_line' id='line_1_116' title="bbox 1817 5519 3392 5588; baseline 0.002 -18"><span class='ocrx_word' id='word_1_830' title='bbox 1817 5535 1936 5583; x_wconf 87' lang='lat' dir='ltr'><strong>mo;</strong></span> <span class='ocrx_word' id='word_1_831' title='bbox 1965 5536 2127 5588; x_wconf 87' lang='lat' dir='ltr'><strong>quam</strong></span> <span class='ocrx_word' id='word_1_832' title='bbox 2152 5536 2218 5574; x_wconf 74' lang='lat' dir='ltr'><strong>ex</strong></span> <span class='ocrx_word' id='word_1_833' title='bbox 2252 5537 2438 5574; x_wconf 83' lang='lat' dir='ltr'><strong>rerum</strong></span> <span class='ocrx_word' id='word_1_834' title='bbox 2476 5536 2601 5581; x_wconf 90' lang='lat' dir='ltr'><strong>usu,</strong></span> <span class='ocrx_word' id='word_1_835' title='bbox 2645 5520 2699 5573; x_wconf 92' lang='lat' dir='ltr'><strong>in</strong></span> <span class='ocrx_word' id='word_1_836' title='bbox 2741 5519 3060 5586; x_wconf 81' lang='lat' dir='ltr'><strong>memoriam</strong></span> <span class='ocrx_word' id='word_1_837' title='bbox 3109 5519 3392 5588; x_wconf 81' lang='lat' dir='ltr'><strong>cogitatio-</strong></span> 
     </span>
    </p>
   </div>
   <div class='ocr_carea' id='block_1_117' title="bbox 1818 5588 3390 5658">
    <p class='ocr_par' dir='ltr' id='par_1_117' title="bbox 1818 5588 3390 5658">
     <span class='ocr_line' id='line_1_117' title="bbox 1818 5588 3390 5658; baseline 0.001 -19"><span class='ocrx_word' id='word_1_838' title='bbox 1818 5604 2026 5658; x_wconf 87' lang='lat' dir='ltr'><strong>nesque</strong></span> <span class='ocrx_word' id='word_1_839' title='bbox 2053 5589 2225 5643; x_wconf 86' lang='lat' dir='ltr'><strong>animi</strong></span> <span class='ocrx_word' id='word_1_840' title='bbox 2259 5591 2499 5658; x_wconf 86' lang='lat' dir='ltr'><strong>imprimi</strong></span> <span class='ocrx_word' id='word_1_841' title='bbox 2531 5606 2594 5645; x_wconf 88' lang='lat' dir='ltr'><strong>ac</strong></span> <span class='ocrx_word' id='word_1_842' title='bbox 2617 5590 2885 5652; x_wconf 64' lang='lat' dir='ltr'><strong>derivari;</strong></span> <span class='ocrx_word' id='word_1_843' title='bbox 2913 5588 3018 5643; x_wconf 85' lang='lat' dir='ltr'><strong>rite</strong></span> <span class='ocrx_word' id='word_1_844' title='bbox 3039 5589 3235 5653; x_wconf 84' lang='lat' dir='ltr'><strong>tradit,</strong></span> <span class='ocrx_word' id='word_1_845' title='bbox 3262 5605 3390 5644; x_wconf 81' lang='lat' dir='ltr'><strong>ver-</strong></span> 
     </span>
    </p>
   </div>
   <div class='ocr_carea' id='block_1_118' title="bbox 1819 5657 3033 5729">
    <p class='ocr_par' dir='ltr' id='par_1_118' title="bbox 1819 5657 3033 5729">
     <span class='ocr_line' id='line_1_118' title="bbox 1819 5657 3033 5729; baseline 0.002 -18"><span class='ocrx_word' id='word_1_846' title='bbox 1819 5657 2018 5727; x_wconf 87' lang='lat' dir='ltr'><strong>bisque</strong></span> <span class='ocrx_word' id='word_1_847' title='bbox 2052 5660 2292 5728; x_wconf 88' lang='lat' dir='ltr'><strong>propriis</strong></span> <span class='ocrx_word' id='word_1_848' title='bbox 2316 5657 2463 5714; x_wconf 82' lang='lat' dir='ltr'><strong>nulla</strong></span> <span class='ocrx_word' id='word_1_849' title='bbox 2493 5660 2720 5729; x_wconf 79' lang='lat' dir='ltr'><strong>ambage</strong></span> <span class='ocrx_word' id='word_1_850' title='bbox 2751 5659 3033 5728; x_wconf 79' lang='lat' dir='ltr'><strong>exprimit.</strong></span> 
     </span>
    </p>
   </div>
  </div>
