3876 6314
510 297 623 363 975

1687 299 1746 358 S.
1791 296 2073 357 MAXIMI
2113 296 2618 357 CONFESSORIS
3710 294 3790 354 9??

592 421 680 476 68.
721 419 797 473 Ne
825 432 988 488 quem
1038 415 1270 469 fratrum
1314 414 1641 484 pulsaveris,
1676 413 1978 482 praisertim
2014 417 2096 471 in-

2273 412 2374 483 Eq'.
2409 411 2500 481 Μὴ
2524 411 2734 482 πλήξῃς
2766 409 2894 463 ποτὲ
2923 428 3044 463 τινα
3078 411 3186 466 τῶν
3204 411 3464 480 ἀδελφῶν
3502 411 3606 480 tk),
3649 429 3777 479 παρτ

520 511 776 568 consulto
799 524 902 563 nec
929 508 1078 576 justa
1113 507 1247 561 satis
1275 507 1456 576 aliqua
1486 521 1687 572 causa;
1730 522 1798 562 ne
1828 506 1968 560 forte
1989 519 2099 560 non

524 603 705 656 ferens
759 599 1087 663 molestiam,
1155 598 1271 667 ipse
1299 614 1356 652 se
1395 598 1753 663 subduxerit;
1785 597 2007 668 fiatque,
2043 605 2104 650 ut

522 707 804 762 nunquam
832 701 891 746 tu
923 691 1037 761 ipse
1069 691 1422 746 conscientia)
1449 691 1936 761 reprehensionem
1961 689 2104 743 εσυ-

521 786 656 854 gias,
699 799 821 853 qua».
873 784 1018 837 inter
1051 783 1387 852 precandum
1425 784 1609 854 iugem
1651 783 1749 837 tibi
1812 795 2103 837 maerorem

522 875 735 939 all‘erat,
761 883 1111 944 mentemque
1149 890 1180 929 a
1220 873 1419 929 fiducia
1442 874 1627 929 divina
1665 874 1926 928 excutiat.

595 968 683 1023 69.
725 968 802 1022 Nc
833 967 1196 1037 suspiciones,
1218 982 1313 1022 seu
1347 965 1514 1021 etiam
1549 965 1826 1036 homines,
1867 965 2105 1020 oﬂ'endi-

529 1061 653 1116 cula
677 1061 776 1115 tibi
804 1059 1067 1114 adversus
1103 1059 1318 1128 aliquos
1363 1059 1698 1128 ingerentes,
1725 1058 2001 1126 patienter
2028 1055 2108 1110 fe-

525 1170 634 1208 ras.
670 1152 774 1219 Qui
817 1153 966 1207 enim
1018 1152 1129 1205 ullo
1165 1151 1328 1205 modo
1349 1166 1418 1205 ex
1442 1150 1511 1204 iis
1537 1165 1660 1219 quae
1690 1149 1776 1203 vel
1821 1149 2106 1202 voluntate

526 1245 664 1299 ﬁunt
701 1245 787 1299 vel
838 1251 1036 1314 prazter
1085 1259 1205 1297 eam
1247 1243 1532 1305 eveniunt,
1573 1240 1750 1295 creari
1785 1239 1893 1294 sibi
1923 1237 2104 1294 oﬂ‘en-

525 1337 738 1392 sionem
760 1336 1056 1396 sustinent,
1082 1334 1224 1388 viam
1249 1334 1424 1404 pacis,
1453 1333 1518 1386 ad
1542 1331 1638 1386 Dei
1667 1331 1956 1386 scientiam
1978 1330 2109 1385 cha-

528 1428 691 1482 ritate
709 1428 911 1482 comite
949 1427 1097 1481 illius
1119 1435 1394 1480 amatores
1426 1424 1742 1488 ducentem,
1777 1423 2058 1476 nesciunt.

597 1602 684 1656 70.
725 1601 970 1657 Necdum
1023 1601 1324 1672 perfectam
1377 1601 1704 1655 charitatem
1757 1607 1953 1653 nactus
2002 1604 2106 1662 est,

525 1692 619 1762 qui
664 1710 760 1762 pro
802 1692 1086 1747 hominum
1124 1691 1292 1745 variis
1331 1690 1640 1753 affectibus,
1689 1690 2109 1758 animorumque

2203 505 2376 574 λόγως
2403 505 2638 574 μάλιστα
2658 519 2671 532 °
2714 504 2787 573 μή
2822 519 2949 555 ποτε
2988 503 3063 574 μὴ
3091 504 3276 573 φέρων
3303 506 3413 573 τὴν
3438 503 3658 571 (alid/tv,
3684 505 3786 555 {1:2-

2204 597 2428 667 χωρήσῃ
2459 613 2472 625 ·
2520 596 2614 648 καὶ
2636 597 2695 648 οὐ
2739 595 2812 666 μὴ
2857 595 3096 666 ἐκφεύξῃ
3141 596 3274 647 ποτὲ
3307 596 3410 647 τὸν
3457 596 3696 665 ἔλεγχον
3719 597 3783 647 rei

2206 688 2525 752 συνειδότος,
2557 688 2643 741 ἀεί
2676 704 2757 740 σοι
2807 687 2986 756 λύπην
3027 689 3084 738 ὲν
3125 687 3205 757 τῷ
3250 686 3444 757 καιρῷ
3500 687 3611 756 τῆς
3657 707 3786 757 1:90:-

2207 781 2371 850 ευχῆς
2406 779 2797 851 προξενοῦντα,
2854 779 2948 834 καὶ
3000 780 3098 850 τῆς
3151 779 3308 843 Θείας
3346 781 3688 851 παρρηςξας
3723 799 3746 832 τ
3777 815 3784 829 ,

2205 871 2332 925 νοῦν
2357 872 2755 926 ἀπελαύνοντα.

2277 963 2374 1030 ξθο.
2411 964 2504 1035 Μὴ
2524 965 2735 1035 ἀνάσχῃ
2765 965 2874 1017 τῶν
2907 963 3184 1017 σκάνδαλά
3220 979 3305 1016 σοι
3344 963 3664 1034 φερουσῶν
3691 966 3792 1016 9::-

2206 1058 2391 1121 νοιῶν,
2425 1057 2458 1114 ἢ
2492 1057 2586 1110 καὶ⁸
2614 1057 2939 1127 ἀνθρώπων,
2977 1056 3119 1109 κατά
3157 1073 3343 1110 τινων.
3393 1057 3468 1108 Oi
3495 1056 3622 1126 γάρ
3647 1073 3788 1124 παρπ-

2206 1148 2486 1220 δεχόμενοι
2528 1149 2803 1204 σκάνδαλα
2834 1151 2892 1203 ὲν
2921 1143 3017 1220 οἴῳ
3050 1149 3254 1220 δήποτε
3287 1149 3496 1220 τρόπῳ
3529 1149 3649 1200 τῶν
3681 1167 3788 1202 κατι

2209 1241 2589 1312 προαίρεσινῆ
2645 1241 2796 1313 παρά
2851 1241 3171 1312 προαίρεσιν
3216 1241 3683 1311 συμϐαινόντων,
3717 1245 3791 1292 ei:

2209 1334 2356 1387 ῐσασι
2383 1333 2482 1404 τὴν
2513 1334 2630 1387 ὁδδν
2679 1333 2778 1405 τῆς
2831 1335 3077 1404 εἰρήνης,
3106 1332 3206 1404 τὴν
3255 1334 3562 1404 φέρουσαν
3607 1335 3694 1386 διὰ
3717 1334 3792 1400 τῆς

2209 1426 2430 1495 ἀγάπης
2486 1427 2568 1490 είς
2633 1426 2732 1498 τὴν
2777 1426 2983 1494 γνῶσιν
3040 1425 3134 1478 τοῦ
3184 1425 3325 1478 Θεοῦ
3397 1429 3542 1489 τοὺς

2209 1518 2467 1588 ἐραστάς.

2282 1615 2345 1663 o'.
2379 1608 2546 1662 Οὔπω
2601 1609 2713 1679 ἔχει
2758 1608 2971 1662 τελείαν
3026 1608 3126 1678 τὴν
3186 1608 3442 1680 ἀγάπην,
3497 1612 3527 1663 ό
3564 1609 3650 1662 ἔτι
3699 1611 3794 1668 tsi;

2211 1699 2457 1768 γνώμαις
2495 1699 2604 1754 τῶν
2640 1698 2941 1770 ἀνθρώπων
2985 1699 3496 1770 συνδιατιθέμενος.
3524 1697 3682 1766 Οἴου,
3723 1702 3797 1752 τὴν

3617 1426 3792 1494 ταύτης

525 1781 843 1837 diversitate
873 1783 1022 1836 varie
1056 1781 1313 1835 allicitur.
1356 1781 1515 1845 Puta,
1552 1779 1647 1850 qui
1686 1779 1810 1844 hac,
1848 1779 2008 1833 illave
2039 1778 2105 1832 de

2220 1790 2312 1858 μὲν
2350 1789 2582 1857 ἀγαπῶν
2603 1830 2619 1855 ,
2647 1790 2740 1843 τὸν
2770 1789 2828 1843 δὲ
2853 1789 3048 1858 μισῶν,
3085 1789 3172 1843 διὰ
3201 1789 3323 1842 τόδε
3362 1788 3398 1860 ῆ
3434 1789 3566 1842 τόδε
3595 1805 3611 1819 ο
3649 1790 3683 1859 ἦ
3722 1793 3794 1841 κε’.

524 1889 708 1938 causa,
738 1874 886 1928 hunc
913 1873 1109 1942 diligit,
1143 1873 1296 1925 illum
1323 1871 1461 1925 odit.
1495 1871 1623 1926 Sive
1654 1871 1821 1925 etiam
1851 1869 2105 1924 eumdem

524 1965 746 2019 easdem
769 1965 840 2019 ob
863 1980 1058 2018 causas
1093 1964 1257 2017 modo
1291 1964 1494 2034 diligit,
1526 1963 1690 2016 modo
1717 1961 1856 2016 odit.

596 2056 686 2111 Ἠ.
727 2056 977 2110 Perfecta
1015 2055 1278 2117 charitas,
1305 2055 1590 2108 hominum
1618 2069 1785 2108 unam
1822 2061 2105 2116 naturam,

524 2163 628 2218 pro
649 2162 716 2201 eo
738 2162 802 2201 ac
835 2146 914 2200 illi
943 2147 1160 2201 diverse
1205 2145 1405 2213 animis
1435 2144 1736 2214 comparati
1761 2151 1932 2207 sunt,
1987 2157 2100 2197 non

526 2237 726 2292 scindit
754 2254 767 2301 ;
814 2236 908 2291 sed
941 2236 1010 2290 ad
1037 2251 1158 2290 eam
1187 2251 1405 2306 semper
1429 2235 1754 2306 respiciens,
1787 2249 1979 2289 omnes
2005 2234 2108 2289 ho-

526 2330 706 2384 mines
725 2317 1082 2400 aequediligit
1105 2370 1118 2392 ,
1149 2328 1324 2384 bones
1346 2327 1570 2398 quidem
1607 2342 1672 2382 ac
1707 2326 2006 2391 studiosos,
2050 2335 2112 2380 ut

526 2422 768 2487 amicos;
792 2422 884 2491 qui
913 2430 1096 2476 autem
1119 2420 1246 2475 mali
1274 2421 1404 2480 sint.
1446 2419 1626 2490 diligit
1661 2429 1724 2473 ut
1751 2418 2027 2483 inimicos,
2053 2419 2109 2472 in

526 2529 623 2568 eos
655 2513 921 2569 beneﬁcia
943 2514 1254 2576 conferens,
1280 2528 1343 2566 ac
1362 2512 1753 2582 longanimiter
1775 2525 1962 2581 agens,
1989 2525 2108 2564 ma-

529 2610 688 2677 laque
729 2608 798 2662 ab
825 2607 906 2662 eis
936 2607 1084 2660 illata
1111 2606 1386 2676 patienter
1408 2604 1592 2658 ferens
1616 2604 1852 2658 :malum
1881 2617 2110 2672 prorsus

526 2716 638 2754 non
676 2707 968 2770 reputans;
997 2699 1129 2769 quin
1156 2697 1363 2767 potius,
1389 2706 1554 2750 etiam
1584 2711 1685 2767 pro
1718 2696 1845 2760 illis,
1871 2695 1915 2749 si
1951 2709 2111 2750 occa-

527 2793 609 2847 sio
629 2793 931 2858 vocaverit,
973 2793 1116 2846 mala
1150 2792 1408 2855 tolerans,
1435 2799 1494 2845 ut
1515 2797 1571 2844 et
1592 2791 1736 2854 illos,
1761 2790 1805 2844 si
1830 2789 1948 2844 fieri
1978 2805 2109 2859 pos-~

526 2885 621 2950 sit,
672 2885 878 2939 amicos
918 2883 1141 2949 reddat;
1183 2884 1268 2939 sin
1301 2893 1510 2947 autem,
1541 2897 1697 2936 suam
1736 2881 1828 2936 illa
1861 2881 2110 2936 aﬂ'ectio-

528 2996 653 3033 nem
690 2996 797 3033 non
833 2979 1060 3044 deserit,
1087 2994 1244 3048 atque
1280 2993 1497 3047 semper
1534 2977 1589 3031 in
1617 2991 1810 3031 omnes
1859 2975 2111 3030 homines

527 3073 740 3125 fructus
769 3070 1056 3125 charitatis
1081 3070 1484 3124 demonstrans.
1518 3068 1787 3135 Quocirca
1809 3067 1973 3123 etiam
2005 3068 2113 3123 Do-
2137 3107 2179 3165 C

529 3165 712 3218 minus
747 3163 912 3234 404
940 3172 1126 3218 noster
1165 3179 1228 3218 ac
1251 3164 1392 3218 Deus
1422 3163 1581 3218 Jesus
1607 3162 1882 3228 Christus,
1908 3177 2020 3217 suae
2055 3163 2110 3217 in

528 3272 632 3310 nos
662 3255 951 3310 charitatis
968 3255 1246 3325 specimen
1273 3255 1562 3319 exhibens,
1593 3270 1696 3324 pro
1724 3254 1984 3308 universo
2011 3254 2114 3308 hu-

529 3363 692 3403 mano
714 3361 915 3418 genere
939 3354 1194 3402 mortuus
1210 3355 1314 3410 est,
1339 3348 1666 3415 cunctisque
1689 3362 1756 3400 ex
1785 3360 1943 3415 aequo
1966 3345 2112 3400 elar-

527 3439 675 3508 gitus
719 3445 804 3492 est
842 3434 1274 3491 resurrectionis
1303 3451 1479 3505 spem,
1528 3435 1632 3490 etsi
1689 3434 1922 3505 quisque
1975 3435 2104 3500 sibi,

529 3530 677 3600 quod
709 3529 908 3599 dignus
933 3527 1106 3599 gloria
1135 3526 1538 3598 autsupplicio,
1563 3536 1759 3581 auctor
1797 3524 2038 3582 exsistit.

603 3622 690 3675 72.
738 3619 997 3674 Nondum
1042 3618 1342 3689 perfectam
1385 3619 1711 3674 charitatem
1741 3617 1978 3688 adeptus
2005 3627 2108 3683 est,

530 3714 625 3784 qui
661 3713 891 3784 gloriam
932 3719 988 3768 et
1035 3711 1418 3783 ignominiam,
1459 3710 1680 3766 divitias
1710 3720 1766 3766 et
1815 3719 2111 3781 pauperta-

531 3815 662 3870 tem,
687 3805 1023 3874 voluptatem
1045 3811 1101 3858 et
1121 3803 1401 3859 tristitiam
1424 3802 1702 3873 animique
1728 3803 1975 3858 dolorem
2000 3818 2110 3858 non

530 3897 762 3968 spernit.
796 3895 1045 3952 Perfecta
1084 3904 1268 3951 autem
1313 3895 1558 3950 charitas
1588 3895 1794 3950 nedum
1823 3894 1942 3949 hare
1963 3909 2114 3964 sper-

529 3986 630 4049 nit,
681 3999 870 4039 verum
919 3983 1086 4038 etiam
1151 3991 1568 4053 temporaneam
1620 3983 1798 4053 ipsam
1840 3983 2009 4038 vitam
2048 3997 2113 4037 ac

529 4086 764 4131 mortem
788 4074 1110 4132 contemnit.

601 4168 690 4222 75.
728 4166 892 4233 Audi,
919 4165 1014 4237 qui
1034 4165 1336 4236 perfectam
1364 4164 1693 4220 charitatem
1711 4163 1974 4234 consequi
1998 4179 2115 4220 me-

532 4266 788 4321 ruerunt,
839 4257 1023 4328 qualia
1061 4257 1359 4326 loquantur
1396 4255 1573 4321 :Quis
1620 4271 1714 4310 nos
1767 4255 2036 4324 separabit
2078 4273 2112 4310 a

531 4351 792 4404 charitate
822 4348 1015 4404 Christi
1041 4348 1066 4401 ?
1093 4347 1361 4402 tribulatio
1389 4348 1412 4401 ?
1439 4363 1510 4402 an
1543 4348 1791 4417 angustia
1819 4346 1844 4398 .7
1875 4362 1946 4399 an
1986 4363 2110 4416 per-

2208 1882 2299 1934 τὸν
2337 1882 2497 1934 αὐτὸν
2531 1883 2659 1936 ποτὲ
2697 1883 2797 1954 μὲν
2819 1882 3067 1951 ἀγαπῶν,
3100 1883 3232 1935 ποτὲ
3258 1881 3319 1935 δὲ
3352 1882 3568 1952 μισῶν,
3603 1881 3694 1935 διὰ
3717 1885 3796 1942 ti;

2209 1971 2383 2034 αὑτὰς
2415 1972 2618 2035 αἰτίας.

2279 2071 2376 2118 οα’.
2417 2065 2482 2118 Ἡ
2531 2063 2711 2117 τελεία
2766 2065 2954 2134 ἀγάπη
3003 2063 3063 2116 οὐ
3111 2063 3488 2134 συνδιασχίζει
3546 2065 3651 2137 τὴν
3686 2068 3794 2136 μίαν

2209 2156 2317 2211 τῶν
2349 2155 2653 2226 ἀνθρώπων
2711 2155 2894 2226 φύσιν,
2947 2158 3064 2218 ταῖς
3112 2155 3393 2226 διαφόροις
3442 2157 3642 2211 αὐτῶν

2213 2263 2378 2318 μαις·
2429 2247 2550 2300 ἀλλ’
2603 2247 2685 2311 είς
2727 2247 2894 2310 αὐτὴν
2939 2247 3026 2299 ἀεὶ
3066 2246 3543 2318 ἀποϐλεπομένη,
3602 2249 3786 2308 πάντας

2209 2339 2532 2410 ἀνθρώπους
2555 2338 2614 2403 EE
2649 2340 2763 2392 ῐσου
2794 2338 2985 2409 ἀγαπᾷ
3006 2355 3018 2370 ⁸
3053 2340 3178 2401 τοὺς
3207 2336 3307 2408 μὲν
3342 2339 3702 2403 σπουδαίους,
3731 2342 3788 2401 ὰς

2211 2431 2436 2501 φίλους*
2488 2431 2615 2495 τοὺς
2660 2431 2716 2484 δὲ
2752 2431 3009 2500 φαύλους,
3045 2430 3120 2493 ὡς
3159 2429 3396 2501 ἐχθροὺς
3444 2432 3670 2503 ἀγαπᾷ,
3713 2434 3789 2484 εἰσ

2211 2519 2512 2590 εργετοῦσα
2547 2521 2642 2574 καὶ
2685 2519 3132 2591 μακροϐυμοῦσα,
3181 2521 3276 2572 καὶ
3323 2521 3692 2590 ὑπομένουσα
3739 2526 3792 2572 :‘z

2211 2610 2342 2682 παρ’
2387 2610 2570 2664 αὐτῶν
2607 2612 2965 2681 ὲπαγόμενα·
3015 2611 3076 2681 ab
3122 2611 3296 2663 κακὸν
3339 2612 3403 2664 τὸ
3445 2614 3694 2676 συνόλως
3731 2617 3792 2681 μή

2208 2704 2557 2774 λογιζομένη,
2611 2703 2748 2757 ἀλλά
2792 2703 2890 2756 καὶ
2941 2703 3231 2772 πάσχουσα
3274 2703 3422 2773 ὑπὲρ
3475 2703 3703 2767 αὐτῶν,
3753 2708 3790 2754 εἰ

2210 2795 2401 2866 καιρὸς
2443 2794 2745 2860 καλέσειεν,
2770 2795 2857 2847 ἵνα
2892 2795 2986 2847 καὶ
3033 2793 3234 2856 αὐτοὺς
3279 2795 3504 2866 ποιήσῃ
3548 2795 3730 2863 φίλους
3753 2799 3788 2846 εἰ

2209 2882 2320 2940 οἷόν
2351 2904 2408 2940 τε
2429 2904 2444 2916 θ
2477 2889 2524 2940 εί
2555 2888 2612 2940 δὲ
2651 2888 2759 2958 μὴ,
2791 2887 2891 2958 τῆς
2924 2903 2988 2956 γε
3038 2885 3174 2950 ιδίας
3224 2885 3545 2950 διαθέσεως
3585 2891 3684 2940 οὐκ
3714 2890 3785 2939 ἐπι-

2212 2979 2422 3044 πίπτει,
2452 2979 2582 3043 τους
2609 2982 2709 3050 τῆς
2743 2980 2966 3050 ἀγάπης
3006 2979 3253 3050 καρποὺς
3281 2981 3375 3032 ἀεὶ
3420 2981 3486 3046 ἐξ
3522 2982 3644 3036 ἴσου
3676 2984 3785 3052 πρῖε

2213 3070 2420 3133 πάντας
2464 3069 2786 3140 ἀνθρώπους
2810 3071 3218 3141 ὲνδεωινυμένη.
3250 3070 3348 3124 Διὸ
3382 3075 3486 3126 καὶ
3532 3075 3563 3127 ό
3611 3075 3782 3144 Κύρεις

2213 3162 2370 3233 ἡμῶν
2399 3162 2493 3215 καὶ
2527 3161 2659 3224 Θεὸς
2697 3161 2906 3234 Ἰησοῦς
2928 3162 3184 3235 Χριστὸς,
3229 3163 3333 3233 τὴν
3368 3165 3558 3218 αὑτοῦ
3597 3167 3786 3234 ἀγάπην

2213 3255 2292 3316 είς
2322 3255 2468 3323 ἡμᾶς
2493 3252 2891 3322 ἐνδειξάμενος,
2920 3255 3061 3326 ὑπὲρ
3087 3255 3217 3325 ὅλης
3248 3255 3362 3325 ’τῆς⁴
3381 3256 3783 3328 άνθρωπότιεπς

2213 3345 2434 3408 ἔπαθεν,
2470 3347 2566 3400 καὶ
2604 3348 2774 3400 πᾶσιν
2803 3347 2865 3412 ἐξ
2914 3347 3028 3401 [σου
3070 3349 3170 3418 τὴν
3202 3347 3406 3401 ἐλπίδα
3435 3351 3545 3420 τῆς
3581 3353 3778 3405 ἀναν-τὲ-

2216 3455 2353 3502 σεως
2380 3439 2674 3508 ἐχαρίσατο
2695 3455 2709 3469 ο
2745 3439 2794 3491 εἰ
2821 3439 2921 3492 καὶ
2955 3438 3186 3503 ἕκαστος
3222 3439 3453 3506 ἑαυτὸν,
3493 3443 3613 3494 εἴτε

2214 3530 2328 3584 εἴτε
2361 3531 2636 3594 κολάσεως
2665 3529 2987 3601 καθίστησιν
3011 3530 3184 3596 ἀξιον.

2283 3619 2379 3690 οβ’.
2423 3621 2490 3674 ⁸0
2531 3621 2610 3692 μὴ
2639 3621 2997 3692 καταφρονῶν
3027 3621 3186 3690 δόξης
3219 3625 3319 3678 καὶ
3353 3625 3622 3695 ἀτιμίας,
3653 3625 3779 3678 πλει-

2214 3727 2308 3764 του
2336 3713 2429 3766 καὶ
2445 3713 2657 3775 πενίας,
2681 3713 2874 3783 ἡδονῆς
2895 3729 2952 3766 τε
2983 3712 3075 3767 καὶ
3105 3711 3307 3783 λύπης,
3336 3717 3567 3770 τελείαν
3591 3718 3776 3783 ἀγάπη

2214 3800 2366 3855 οὔπω
2416 3803 2706 3873 ἐκτήσατο.
2766 3803 2832 3855 Ἦ
2880 3803 2992 3874 γὰρ
3040 3803 3222 3856 τελεία
3269 3806 3474 3876 ἀγάπη
3531 3809 3596 3860 οὐ
3649 3808 3776 3878 μόνον

2213 3892 2418 3947 τούτων
2451 3897 2805 3964 καταφρονεῖ,
2829 3895 2965 3948 ἀλλά
2993 3896 3085 3948 καὶ
3113 3896 3289 3966 αὐτῆς
3325 3901 3431 3967 τῆς
3463 3900 3778 3968 προσκαίρο)

2220 3984 2364 4056 ζωῆς
2399 4002 2458 4037 τε
2493 3986 2586 4040 καὶ
2615 3985 2708 4040 τοῦ
2740 3985 2995 4040 Θανάτου.

2284 4162 2382 4232 ογ’.
2395 4165 2592 4217 ’Λκουε
2611 4163 2718 4218 τῶν
2736 4164 3182 4228 καταξιωθέντων
3203 4166 3305 4235 τῆς
3326 4167 3546 4232 τελείας
3563 4169 3772 4236 ἁγᾶπιες,

2216 4255 2344 4308 ποῖα
2373 4255 2589 4323 λέγουσι
2620 4271 2634 4285 ο
2672 4257 2767 4320 Τίς
2804 4255 2964 4324 ἡμᾶς
2997 4257 3236 4324 χωρίσει
3266 4259 3390 4311 ἀπὸ
3419 4259 3530 4326 τῆς
3563 4260 3746 4327 ἁςτὶπιε

2217 4347 2323 4403 τοῦ
2349 4346 2639 4416 Χριστοῦ;
2673 4348 2914 4416 θλίψεςς
2946 4346 2984 4415 ἦ
3008 4351 3379 4422 στενοχωρία
3394 4368 3420 4413 ;
3451 4351 3488 4418 ἦ
3516 4353 3772 4419 omnia

531 4441 724 4493 sccutio
745 4437 769 4490 ?
792 4455 862 4492 an
879 4437 1045 4506 {ames
1060 4437 1084 4488 ?
1099 4454 1170 4490 an
1192 4437 1443 4491 auditas?
1466 4454 1536 4491 an
1553 4435 1844 4508 periculum
1863 4436 1973 4490 lan
1998 4435 2105 4507 gla-

2220 4439 2256 4508 ἣ
2288 4441 2500 4509 λιβόςί
2531 4438 2569 4506 ἣ
2599 4441 2943 4508 γυμνότης;
2970 4439 3008 4508 ἢ
3042 4440 3370 4520 κίνδυνος
3425 4443 3467 4510 ἢ
3499 4443 3768 4512 mixtura-

532 4530 647 4584 dius
673 4530 698 4583 ?
725 4530 859 4583 sicut
885 4530 1138 4600 scriptum
1171 4537 1247 4583 est
1286 4546 1302 4582 :
1334 4527 1470 4594 Quia
1493 4536 1706 4600 propter
1739 4537 1787 4583 te
1820 4528 2109 4597 morti/ica-

531 4637 652 4674 mur
681 4629 790 4674 tota
819 4621 931 4686 die;
979 4621 1228 4675 astimati
1264 4637 1444 4675 sumus
1491 4622 1625 4676 sicut
1668 4637 1785 4675 oves
1819 4623 2111 4676 occisionis.

535 4711 638 4766 Sed
663 4715 717 4766 in
740 4714 818 4767 his
848 4713 1085 4767 omnibus
1117 4730 1452 4784 superamus,
1478 4722 1696 4784 propter
1743 4729 1889 4779 eum,
1913 4716 2004 4785 qui
2029 4715 2113 4768 di-

535 4803 660 4858 lexit
705 4822 818 4859 nos.
851 4803 1038 4860 Certus
1067 4821 1183 4858 sum
1221 4806 1360 4859 enim
1392 4807 1515 4876 quia
1551 4821 1718 4876 neque
1750 4822 1911 4870 mors,
1948 4821 2113 4876 neque

533 4899 661 4962 vita,
688 4914 853 4969 neque
879 4895 1077 4968 angeli,
1099 4913 1267 4968 neque
1305 4899 1654 4969 principatus,
1681 4913 1850 4968 neque
1868 4899 2110 4961 virtutes,

534 5007 699 5061 neque
729 4991 1012 5058 instantia,
1052 5007 1220 5062 neque
1249 4991 1451 5060 futura,
1479 5007 1643 5060 neque
1665 4989 1910 5054 altitudo,
1947 5002 2114 5060 neque

533 5083 874 5154 profundum,
898 5099 1064 5154 neque
1096 5081 1209 5136 ulla
1241 5081 1350 5137 alia
1377 5089 1624 5136 creatura
1662 5083 1854 5152 poterit
1895 5096 1989 5135 nos
2031 5097 2114 5135 se-

603 5240 676 5311 (k)
703 5241 802 5311 alii}
834 5239 1080 5311 πλήξῃς
1118 5239 1263 5311 ποᾼτέ
1311 5255 1444 5292 τινα
1487 5237 1609 5311 τῶν
1637 5238 1960 5311 ἀδελφῶν.
2000 5239 2096 5294 Di-

533 5307 681 5366 ctum
713 5310 766 5364 id
791 5307 983 5380 putem
1010 5309 1063 5362 in
1092 5309 1361 5373 seniores,
1399 5309 1500 5380 qui
1549 5307 1848 5380 subjectos
1880 5309 2100 5380 fratres

531 5377 1000 5451 quandoqueipro
1058 5395 1158 5451 sua
1211 5379 1528 5451 morositate
1574 5377 1772 5433 durius
1804 5379 2096 5451 haberent,

532 5449 635 5505 nec
697 5451 831 5503 satis
871 5449 1211 5502 humanitate
1275 5449 1452 5502 zelum
1508 5456 1896 5516 temperarent.
1955 5449 2098 5514 Quin

532 5523 678 5573 enim
704 5527 952 5573 veterum
992 5518 1149 5571 multi
1191 5533 1255 5572 ea
1287 5518 1578 5587 disciplina
1595 5519 1825 5587 modum
1845 5533 2101 5574 excesse-

534 5591 663 5646 riizt.
698 5604 800 5642 nec
826 5589 1012 5656 paucis
1027 5588 1318 5642 deserendi
1346 5586 1636 5642 sanctioris
1656 5586 1888 5642 instituti
1909 5598 2102 5642 aucto-

535 5670 622 5710 res
657 5658 884 5726 fuerint,
908 5657 1059 5726 quod
1103 5657 1194 5710 hic
1235 5659 1541 5725 ὑποχωρεῖν
1597 5667 1756 5712 vocat
1814 5657 2100 5716 Maximus.

541 5726 678 5782 haud
706 5725 934 5779 dubium
953 5727 1040 5780 sit.
1070 5727 1137 5781 Ut
1186 5737 1381 5780 caetera
1436 5741 1546 5779 non
1619 5727 1916 5781 admodum
1964 5727 2105 5780 bene

2217 4531 2413 4597 καθὼς
2458 4529 2804 4601 γέγραπται·
2844 4531 2973 4586 Ὀτι
3019 4533 3197 4586 ἕνεκα
3229 4531 3354 4587 σοῦ
3386 4536 3772 4602 Heraecf-ﬁed:

2217 4625 2371 4692 ὅλην
2429 4623 2545 4692 τὴν
2603 4624 2864 4692 ἡμέραν
2924 4625 3330 4693 ἐλογίσθημεν
3398 4626 3486 4692 ὡς
3539 4628 3770 4694 πρόειπε

2219 4712 2479 4786 σφαγῆς.
2522 4715 2674 4768 Ἀλλ’
2729 4715 2801 4768 ἐν
2835 4717 3072 4781 τούτοις
3125 4716 3317 4771 πᾶσιν
3363 4717 3769 4786 ὑπερνικῶμεν.

2220 4804 2317 4858 διὰ
2357 4805 2464 4858 τοῦ
2497 4803 2932 4873 ἀγαπήσαντος
2961 4804 3140 4874 ἡμᾶς.
3171 4802 3510 4876 Πέπεισμαι
3544 4809 3678 4875 γὰρ,
3705 4807 3770 4858 ἔτι

2221 4896 2360 4949 οὔτε
2402 4895 2692 4962 θάνατος,
2739 4896 2879 4951 οὔτε
2927 4895 3041 4965 Gai;
3067 4937 3082 4962 ,
3147 4899 3286 4952 οὔτε
3332 4899 3615 4968 ἄγγελοι.
3663 4901 3772 4951 οὔτε

2219 4988 2416 5055 ἀρχαί,
2441 4987 2581 5042 οὔτε
2603 4987 2917 5058 δυνάμεις,
2945 4989 3083 5043 οὔτε
3115 4987 3434 5049 ἐνεστῶτα.
3492 4992 3634 5044 οὔτε
3658 4991 3770 5058 βέλ-

2221 5083 2429 5146 λοντα,
2462 5081 2602 5135 οὔτε
2630 5081 2868 5150 ὕψωμα,
2899 5083 3042 5136 οὔτε
3067 5082 3282 5149 βάθος,
3316 5085 3459 5138 οὔτε
3489 5101 3583 5152 τις
3607 5085 3771 5146 κτίστς

2202 5236 2412 5309 Obsop.
2438 5238 2680 5310 et‘Gesn.
2715 5239 2796 5310 sic
2817 5240 2966 5296 istud
2996 5241 3144 5296 male
3206 5240 3525 5310 eodemque
3576 5257 3770 5298 errori:

2247 5307 2371 5363 ueni
2399 5307 2598 5381 suﬂigti,
2651 5325 2707 5363 n.
2739 5309 2794 5381 _8
2825 5327 2836 5362 :
2869 5313 2996 5381 Καὶ,
3019 5311 3081 5362 οὐ
3133 5311 3208 5381 μὴ
3250 5307 3497 5381 ἐκφεύξῃ
3547 5313 3670 5365 ποτὶ
3697 5327 3722 5359 τ
3743 5337 3770 5354 .ι

2240 5380 2431 5452 λεγχον
2457 5379 2550 5430 τοῦ
2584 5379 2922 5452 συνειδότοκςήΔ
2949 5379 3145 5452 Nequa
3171 5379 3351 5452 tamen
3399 5379 3622 5452 effugias
3659 5382 3766 5448 ιβιδ.

2209 5449 2300 5517 qui
2334 5450 2426 5502 tibi
2444 5449 2677 5501 conscius
2708 5457 2804 5514 est,
2833 5449 3271 5514 tribulationem;
3316 5449 3486 5506 Gesn.
3506 5449 3766 5517 ’τράπετο

2211 5519 2424 5590 tionem.
2460 5518 2553 5590 Sic
2570 5519 2804 5572 arduum
2833 5535 2995 5575 nosse
3047 5520 3141 5573 τοῦ
3174 5520 3474 5590 συνειδότος
3523 5520 3768 5590 signitia-

2211 5587 2453 5652 tionem;
2504 5587 2685 5657 idest,
2733 5591 3103 5653 conscientia;
3165 5599 3221 5645 et
3249 5589 3398 5660 quod
3452 5589 3554 5644 illa
3581 5587 3769 5642 ’Νάξιε-

2212 5667 2364 5726 gnat,
2388 5666 2497 5711 etc.
