3876 6314
42 325 170 391 971

976 327 1314 387 CAPITUM
1354 327 1451 387 DE
1488 326 1916 392 CHARITATE
1956 334 2098 393 (ΖΕΝ
2118 338 2341 397 ΓΗΙΠΛ
2388 341 2435 399 Ι.

3217 353 3322 413 978

35 444 241 510 ἑτέρα
269 442 593 507 δυνήσεται
630 442 782 513 ἡμᾶς
817 450 1067 515 χωρίσαι
1110 451 1230 505 ἀπὸ
1274 451 1383 518 τῆς
1411 451 1638 519 ἀγάπης

1760 471 1956 522 parare
1985 478 2016 513 a
2039 463 2296 518 clmritate
2330 464 2447 529 Dei,
2480 481 2596 535 qua:
2626 474 2699 519 est
2730 467 2786 520 in
2824 465 3030 523 Christo
3065 469 3190 524 Iesu
3226 473 3303 527 De

37 534 173 586 τοῦ
201 533 371 597 Θεοῦ,
401 533 503 597 τῆς
530 534 598 587 ἐν
624 536 854 603 Χριστῷ
890 538 1091 605 Ἰησοῦ
1122 539 1200 606 τῷ
1230 542 1421 609 Κυρίῳ
1451 543 1638 611 ἡμῶν.

135 621 228 674 οδ’.
267 622 398 692 Περὶ
425 622 480 674 δὲ
522 624 619 693 τῆς
651 626 731 687 εἰς
762 627 853 678 τὸν
909 628 1138 700 πλησίον
1190 631 1429 701 ἀγάπης,
1474 633 1638 686 ἄκουε

33 711 229 765 πάλιν
251 707 339 764 οἵα
359 712 606 779 λέγουσιν
631 732 644 746 σ
683 716 990 782 Ἀλήθειαν
1014 719 1169 788 λέγω
1185 721 1255 775 ἐν
1286 722 1537 791 Χριστῷ,
1567 727 1639 778 οὐ

30 804 382 872 ᾐτεύδοιιαι,
418 809 963 876 συμμαρτυρούσης
1013 829 1114 880 μοι
1152 812 1249 865 καὶ
1300 813 1410 881 τῆς
1439 830 1639 869 συνει-

30 894 298 961 δήσεώς
343 914 462 964 μου
512 898 581 951 ἐν
618 901 918 967 Πνεύματι
965 903 1149 971 ἀγίῳο
1196 904 1285 957 ὅτι
1335 907 1499 974 λύπη
1534 912 1640 977 μοι

30 990 193 1042 ἐστι
228 989 454 1057 πολλὴ,
501 992 599 1044 καὶ
637 992 1018 1061 ἀδιάλειπτος
1062 997 1248 1064 ὀδύνη
1300 998 1375 1067 τῇ
1423 1002 1637 1075 καρδίᾳ

23 1098 197 1147 μου.
227 1083 515 1150 Ηύχόμην
549 1084 659 1153 γὰρ
688 1086 952 1156 ἀνάθεμα
984 1085 1135 1143 εἶναι
1161 1092 1343 1157 αὐτὸς
1370 1092 1484 1163 ἐγὼ
1515 1094 1634 1148 ἀπὸ

28 1172 166 1224 τοῦ
191 1175 451 1241 Χριστοῦ
490 1176 641 1243 ὑπὲρ
685 1179 803 1232 τῶν
836 1181 1116 1250 ἀδελφῶν
1162 1202 1302 1253 μου,
1332 1186 1452 1240 τῶν
1488 1204 1634 1258 συγ-

26 1262 251 1332 γενῶν
275 1284 395 1334 μου
432 1267 583 1320 κατὰ
621 1267 838 1337 σάρκα,
879 1273 1098 1339 οἵτινές
1130 1278 1289 1329 εἰσιν
1337 1277 1631 1346 Ἰσραηλῖ-

26 1371 171 1418 ται,
214 1356 308 1407 καὶ
348 1356 418 1410 τὰ
473 1357 619 1429 ἑξῆς.
662 1359 937 1424 Ὡσαύτως
964 1366 1057 1416 καὶ
1099 1367 1127 1418 6
1160 1368 1421 1438 Μωῦσῆς,
1454 1371 1547 1422 καὶ
1581 1373 1629 1424 οἱ

23 1446 236 1498 λοιποὶ
265 1447 411 1515 ἅγιοι
445 1447 603 1519 [unus
642 1450 765 1521 Reg.
792 1455 884 1506 καὶ
916 1456 1118 1521 πάντες
1150 1461 1195 1511 οἱ
1223 1458 1412 1531 ἀγιοι].

120 1544 220 1594 os’.
258 1538 324 1591 '0
360 1540 435 1611 μὴ
483 1543 841 1612 καταφρονῶν
874 1544 1030 1615 δόξης
1060 1549 1152 1601 καὶ
1192 1550 1381 1621 ἡδονῆς
1405 1554 1501 1624 (9),
1535 1556 1628 1607 καὶ

23 1625 156 1693 τῆς
186 1625 394 1679 τούτων
429 1629 750 1700 αὐξητικῆς,
784 1634 877 1685 καὶ
904 1635 969 1687 δι’
1013 1637 1182 1699 αὐτὰς
1212 1644 1622 1712 συνισταμένης,

26 1716 441 1788 φιλαργυρίας,
474 1721 571 1783 τὰς
612 1722 703 1774 τοῦ
751 1723 923 1792 θυμοῦ
976 1729 1281 1797 προφάσεις
1331 1733 1621 1788 ἐκκόπτειν

1755 548 1898 601 mino
1930 564 2106 605 nostra
2139 556 2201 607 ’°.

1824 635 1909 689 74.
1951 639 2027 693 De
2067 641 2336 695 charitate
2388 652 2571 698 autem
2623 660 2750 715 erga
2797 648 3147 717 proximum,
3194 656 3324 709 audi

1749 744 1941 784 rursus
1966 732 2146 800 qualia
2178 735 2470 789 enuntiant
2512 752 2526 789 :
2566 736 2848 792 Veritatem
2874 742 2990 795 dico
3010 743 3063 795 in
3094 742 3323 811 Christo,

1746 837 1849 873 non
1886 825 2125 887 mentior,
2178 827 2529 880 testimonium
2570 829 2696 882 mihi
2725 832 3025 899 perhibente
3045 836 3158 905 ipsa
3194 854 3323 890 con-

1740 912 1959 964 scientia
1976 929 2091 967 mea
2119 917 2171 969 in
2195 915 2397 986 Spiritu
2427 926 2609 971 sancto
2632 936 2648 973 :
2673 922 2925 991 quoniam
2955 919 3169 982 tristitia
3196 930 3320 983 mihi

1742 1018 1937 1072 magna
1968 1013 2063 1071 est,
2104 1015 2151 1059 et
2200 1010 2476 1063 continuus
2519 1009 2671 1063 dolor
2709 1013 2855 1065 cordi
2885 1030 3017 1068 meo.
3057 1016 3316 1087 Optabam

1740 1093 1878 1145 enim
1905 1109 1998 1161 ego
2038 1095 2149 1164 ipse
2170 1099 2455 1151 anathema
2488 1115 2597 1152 esse
2636 1116 2668 1153 a
2704 1099 2911 1155 Christo
2938 1121 3033 1173 pro
3063 1106 3317 1175 fratribus

1740 1184 1891 1245 meis,
1925 1186 2014 1253 qui
2040 1195 2166 1239 sunt
2219 1180 2428 1257 cognati
2477 1192 2577 1243 mei
2618 1192 2903 1246 secundum
2958 1212 3191 1261 carnem,
3231 1202 3317 1267 qui

1736 1281 1858 1325 sunt
1881 1272 2143 1327 Israelitte
2168 1276 2234 1339 ’⁷,
2276 1284 2332 1330 et
2363 1292 2487 1346 qua:
2518 1290 2847 1349 sequuntur.
2887 1282 3153 1339 Similiter
3175 1302 3315 1356 quo-

1734 1378 1843 1432 que
1874 1366 2085 1441 Moyses
2106 1366 2174 1433 ³³,
2205 1383 2268 1423 ac
2298 1372 2474 1425 sancti
2500 1373 2719 1445 reliqui.

1802 1543 1893 1597 75.
1929 1542 2031 1609 Qui
2063 1544 2291 1614 gloriam
2309 1556 2364 1600 et
2391 1549 2751 1619 voluptatem,
2787 1568 2852 1606 ac
2903 1570 3024 1623 qua:
3066 1556 3175 1611 illis
3212 1572 3312 1612 au-

1730 1642 1977 1687 mcntum
2014 1636 2253 1704 praebet,
2288 1652 2591 1709 earumque
2642 1642 2815 1710 gratia
2858 1646 3134 1711 consistit,
3168 1642 3312 1722 lava-

1727 1723 1907 1776 ritiam
1934 1740 2043 1778 non
2076 1730 2403 1792 contemnit,
2434 1729 2480 1785 is
2511 1731 2607 1785 irae
2643 1736 2964 1790 occasiones
2987 1738 3312 1794 exscindere

23 1809 104 1859 οὐ
144 1807 388 1863 δύναται.
428 1811 485 1862 '0
526 1811 582 1864 δὲ
621 1813 823 1877 ταύτας
857 1815 932 1888 μὴ
957 1818 1222 1886 ἑκόπτων,
1272 1821 1370 1892 τῆς
1413 1824 1620 1889 τελείας

1739 1823 1839 1861 non
1906 1813 2172 1879 potuerit.
2215 1813 2316 1879 Qui
2346 1826 2531 1871 autem
2582 1817 2681 1872 has
2728 1835 2839 1873 non
2888 1830 3157 1892 amputat,
3210 1840 3312 1883 nec
3398 1894 3401 1897 Α

22 1896 279 1969 ἀγάπης
304 1903 485 1971 τυχεῖν
518 1904 578 1955 οὐ
609 1902 853 1960 δύναται.
1291 1954 1295 1958 .

116 1992 231 2049 ος¹.
270 1988 614 2055 Ταπείνωσις
638 1994 731 2044 καὶ
763 1996 1124 2064 κακοπάθεια,
1150 2003 1326 2073 πάσης
1350 2006 1623 2077 ἁμαρτίας

28 2077 400 2149 ἐλευθεροῦσι
429 2081 519 2134 τὸν
547 2082 833 2153 ἄνθρωπον
856 2101 871 2116 ·
910 2090 942 2160 ἡ
985 2089 1106 2160 μὲν,
1132 2093 1198 2144 τὰ
1224 2094 1320 2164 τῆς
1346 2096 1523 2167 ψυχῆς
1542 2115 1554 2127 '
1587 2103 1619 2171 ἡ

27 2169 123 2233 δὲ,
163 2169 231 2222 τὰ
255 2170 348 2224 τοῦ
378 2172 625 2243 σώματος
662 2177 1073 2248 περικόπτουσα
1099 2183 1269 2253 πάθη.
1315 2187 1482 2241 Τοῦτο
1513 2169 1621 2262 γὰρ

32 2258 227 2312 ποιῶν
256 2262 348 2313 καὶ
370 2263 397 2314 6
430 2264 699 2334 μακάριος
727 2266 976 2334 φαίνεται
1004 2272 1185 2339 Δαὸὶδ,
1207 2277 1263 2329 ὲν
1288 2274 1369 2340 οἷς
1402 2258 1618 2349 εὔχεται

32 2349 193 2417 πρὸς
218 2350 305 2403 τὸν
336 2351 489 2418 Θεὸν,
545 2353 747 2424 λέγων·
797 2358 902 2413 Ἰδὲ
939 2360 1053 2429 τὴν
1098 2368 1465 2422 ταπείνωσίν
1501 2388 1620 2438 μου

31 2437 152 2491 καὶ
186 2439 294 2493 τὸν
337 2444 531 2499 κόπον
553 2464 694 2515 μου,
735 2451 832 2504 καὶ
881 2451 1029 2522 ἄφες
1061 2456 1263 2524 πάσας
1301 2459 1407 2527 τὰς
1439 2462 1622 2534 ἁμαρ-

30 2529 185 2594 τίας
196 2547 337 2598 μου.

113 2619 217 2685 οξ.
251 2623 350 2676 Διά
382 2627 479 2694 μὲν
512 2629 620 2682 τῶν
652 2631 879 2691 ἐντολῶν
909 2639 938 2691 6
976 2639 1200 2711 Κύριος,
1230 2643 1460 2711 ἀπαθεῖς
1495 2649 1621 2712 τοὺς

33 2712 453 2789 ἐργαζομένους
506 2721 680 2785 αὐτὰς
717 2724 1005 2780 ἀποτελεῖ·
1066 2731 1155 2785 διὰ
1201 2733 1259 2786 δὲ
1306 2733 1414 2787 τῶν
1461 2736 1620 2791 θείων

30 2806 351 2877 δογμάτων,
384 2814 475 2867 τὸν
509 2817 789 2889 φωτισμὸν
838 2820 937 2889 τῆς
960 2822 1213 2891 γνώσεως
1243 2828 1426 2894 αὐτοῖς
1460 2830 1620 2904 χαρί-

30 2898 226 2963 ζεται.
545 2915 552 2921 “

112 3000 218 3063 οη’.
252 2994 434 3051 Πάντα
458 2998 526 3053 τὰ
549 2999 814 3071 δόγματα,
845 3003 879 3073 ἢ
921 3008 1049 3077 περὶ
1079 3008 1213 3064 Θεοῦ
1242 3013 1400 3080 εἰσιν,
1429 3015 1461 3086 ἢ
1491 3018 1621 3083 περὶ

1725 1902 2023 1970 perfectam
2064 1905 2389 1981 charitatem
2415 1911 2679 1980 consequi
2707 1913 2899 1981 possit.

1798 1988 1888 2042 76;
1929 1988 2221 2047 Humilitas
2249 1996 2542 2065 carnisque
2573 1997 2871 2065 alﬂictatio,
2896 2001 2966 2055 ab
3001 2002 3151 2057 omni
3185 2019 3309 2072 pec-

1724 2090 1846 2135 cato
1877 2082 2156 2139 hominem
2196 2087 2436 2142 liberant
2471 2108 2482 2142 :
2521 2105 2755 2159 quarum
2803 2093 2917 2159 illa,
2948 2094 3158 2161 animi;
3190 2096 3307 2151 hac

1721 2189 1875 2239 vero,
1915 2178 2168 2246 corporis
2208 2188 2454 2249 amputat
2480 2181 2631 2236 vitia.
2675 2184 2789 2238 lloc
2833 2186 2980 2239 enim
3008 2196 3062 2241 et
3110 2188 3309 2243 beatus

1722 2260 1891 2316 David
1925 2275 2182 2334 praastare
2219 2277 2580 2334 monstratur,
2618 2288 2741 2329 cum
2773 2274 2827 2328 iu
2874 2276 2989 2330 hmc
3020 2274 3189 2331 verba
3236 2278 3304 2333 ad

1721 2352 1892 2408 Deum
1927 2368 2215 2426 precatur:
2248 2360 2369 2414 Vide
2398 2362 2753 2418 humilitatem
2788 2383 2960 2421 meam
2991 2377 3041 2422 et
3074 2369 3304 2426 laborem

1722 2458 1913 2507 meum,
1935 2453 1983 2497 et
2010 2446 2212 2499 dimitte
2234 2448 2409 2501 omnia
2430 2460 2643 2518 peccata
2673 2468 2786 2505 mea
2813 2455 2878 2507 '9.

1795 2632 1879 2684 77.
1923 2631 2189 2686 Dominus
2227 2648 2325 2702 per
2364 2633 2640 2701 mandata,
2692 2652 2788 2691 eos
2832 2640 2925 2708 qui
2969 2654 3191 2699 servant
3236 2660 3302 2703 ac

1720 2733 2042 2792 operantur,
2076 2725 2145 2779 ab
2175 2726 2467 2782 aliectibus
2489 2744 2555 2782 ac
2580 2727 2741 2800 405
2772 2731 3002 2788 libidine
3029 2735 3301 2795 immunes

1721 2816 1904 2870 reddit
1940 2834 1953 2869 :
1986 2833 2085 2887 per
2106 2817 2293 2873 divina
2319 2827 2502 2874 autem
2530 2820 2805 2894 dogmata,
2838 2825 3083 2883 scientiae
3113 2828 3194 2884 eis
3237 2829 3302 2884 il-

1720 2907 2106 2964 lustrationem
2126 2911 2342 2966 tribuit.

1793 3002 1879 3055 78.
1922 3001 2182 3072 Dogmata
2205 3004 2387 3058 omnia
2408 3021 2471 3059 ac
2502 3006 2746 3073 decreta,
2779 3018 2874 3065 aut
2901 3010 2970 3066 de
3001 3013 3113 3068 Deo
3148 3025 3298 3083 sunt,

31 3082 260 3153 ὁρατῶν
281 3087 376 3140 καὶ
402 3088 667 3161 ἀοράτων,
702 3094 889 3169 ἢπερ),
925 3098 1025 3170 τῆς
1056 3101 1113 3154 ὲν
1150 3102 1333 3169 αὐτοῖς
1364 3082 1620 3177 προνοίας

1739 3102 1819 3147 iul
1841 3094 1908 3148 de
1938 3094 2103 3150 rebus
2126 3096 2181 3149 in
2201 3107 2485 3167 aspectum
2502 3100 2846 3167 cadentibus,
2869 3115 2963 3159 aut
2988 3120 3110 3175 quae
3128 3107 3313 3163 aciem.

35 3174 145 3227 καὶ
171 3174 425 3245 κρίσεως.

112 3351 217 3450 σθ’..
257 3354 323 3408 Ἦ
359 3356 456 3427 μὲν
519 3360 854 3437 ἐλεημοσύνη
882 3366 1016 3438 (10),
1061 3371 1121 3425 τὸ
1164 3373 1395 3444 θυμικὸν
1450 3379 1615 3450 μέρος

34 3445 151 3539 ’τῆς⁸
176 3444 352 3517 ψυχῆς
380 3449 700 3521 θεραπεύει’
748 3460 779 3528 ἡ
823 3458 879 3512 δὲ
913 3464 1160 3531 νηστεία,
1192 3466 1290 3537 τὴν
1340 3444 1462 3539 μὲν*
1491 3444 1613 3527 ἔπιέ

36 3533 246 3607 θυιῒίαν
282 3542 535 3611 μαραίνει
553 3560 566 3574 ⁸
593 3546 624 3617 ή
664 3547 720 3600 δὲ
746 3554 1042 3625 προσευχὴ,
1068 3555 1158 3608 τὸν
1184 3533 1308 3612 νοῦν
1338 3533 1611 3632 καθαίρει,

34 3630 137 3680 καὶ
185 3630 319 3699 πρὸς
365 3632 463 3703 τὴν
513 3634 619 3689 τῶν
673 3637 842 3693 ὄντων
900 3642 1134 3714 θεωρίαν
1176 3655 1611 3719 παρασκευάζει.

36 3717 190 3788 Πρὸς
227 3721 335 3791 γὰρ
364 3723 461 3786 τὰς
490 3724 750 3795 δυνάμεις
786 3730 887 3800 τῆς
916 3732 1115 3803 ψυχῆς,
1148 3739 1240 3789 καὶ
1261 3717 1366 3802 τὰς
1393 3741 1615 3806 ἐντολὰς

33 3811 62 3859 6
98 3809 308 3880 Κύριος
330 3815 464 3884 ἡμῖν
486 3818 799 3887 ἐχαρίσατο.

108 3910 189 3957 π’.
223 3904 449 3962 Μάθετε
476 3912 578 3964 ἀπ’
606 3913 772 3981 ἐμοῦ,
805 3916 990 3986 φησὶν,
1016 3918 1104 3972 ὅτι
1133 3920 1324 3989 πρᾶός
1361 3927 1475 3993 ειμι
1516 3929 1614 3979 καὶ

32 3998 323 4064 ταπεινὸς
345 3999 419 4069 τῇ
441 4002 673 4073 καρδίᾳ,
705 4008 799 4060 καὶ
832 4010 899 4062 τὰ
930 4011 1078 4081 ἑξῆς.
1122 4013 1184 4066 Ἦ
1217 4015 1315 4084 μὲν
1348 4020 1609 4091 πραότης,

34 4087 319 4158 ἀτάραχον
359 4089 450 4143 τὸν
492 4092 662 4163 θυμὸν
684 4097 1035 4167 διαφυλάττει
1061 4121 1075 4135 ο
1108 4108 1139 4175 ἡ
1174 4106 1229 4159 δὲ
1256 4087 1609 4176 ταπείνωσις,

31 4177 215 4247 τύφου
237 4180 331 4232 καὶ
363 4183 667 4250 κενοδοξίας
697 4190 789 4242 τὸν
822 4191 946 4246 νοῦν
967 4194 1263 4268 ἐλευθεροῖ.

105 4363 222 4411 na’.
250 4360 436 4425 Διττός
479 4365 627 4417 ἐστιν
652 4368 678 4419 ό
697 4367 792 4420 τοῦ
819 4369 953 4423 Θεοῦ
986 4374 1147 4440 φόὸος
1171 4393 1181 4404 ·
1216 4380 1244 4429 6
1274 4380 1372 4447 μὲν
1409 4383 1471 4434 ἐκ
1504 4384 1611 4437 τῶν

1723 3187 2007 3240 oculorum
2048 3186 2283 3260 fugiunt,
2314 3200 2410 3245 aut
2441 3191 2507 3246 de
2532 3193 2892 3263 providentiae
2923 3212 2987 3251 ac
3022 3198 3213 3269 judicii
3243 3199 3295 3254 in

1719 3277 1803 3331 eis
1830 3279 2155 3335 rationibus.

1792 3374 1878 3427 79.
1919 3375 2249 3448 Eleemoyna
2305 3379 2633 3436 irascentem
2675 3383 2842 3437 animi
2872 3394 3083 3453 partem
3110 3402 3295 3456 curat;

1717 3469 1987 3539 jejunium
2044 3473 2402 3542 cupiditatem
2462 3485 2707 3532 macerat
2754 3496 2766 3532 :
2811 3480 2990 3535 oratio
3057 3489 3298 3535 mentem

1722 3571 1938 3632 purgat,
1963 3571 2019 3617 et
2040 3564 2105 3618 ad
2131 3582 2311 3620 rerum
2340 3570 2865 3639 contemplationem
2884 3572 3311 3644 praeparabPro

1722 3652 2041 3708 facultatum
2064 3658 2212 3711 enim
2244 3659 2411 3714 animi
2448 3662 2689 3731 ratione,
2713 3664 2878 3718 etiam
2910 3665 3165 3720 mandata
3192 3664 3299 3720 Do-

1725 3747 1908 3799 minus
1945 3748 2190 3802 tradidit.

1792 3930 1877 3985 80.
1919 3931 2113 3985 Discite
2148 3950 2177 3985 α
2205 3949 2304 3997 me,
2336 3934 2543 4002 inquit,
2588 3938 2712 4005 quia
2738 3938 2879 3990 mitis
2895 3954 3013 3991 sum
3045 3948 3093 3992 et
3127 3940 3301 3993 humi.

1723 4017 1785 4069 lis
1817 4017 1970 4070 corde
1992 4017 2059 4081 ³ο,
2099 4026 2155 4072 et
2178 4035 2299 4087 quae
2327 4030 2652 4088 sequuntur.
2695 4020 2843 4075 Mitis
2872 4022 3040 4076 animi
3077 4023 3297 4079 affectio

1719 4124 1815 4163 seu
1862 4108 2079 4175 lenitas,
2130 4110 2226 4167 irae
2274 4111 2586 4166 facultatem
2637 4112 2985 4169 inturbatam.
3015 4114 3293 4181 custodit;

1721 4201 2000 4256 humilitas
2048 4218 2180 4255 vero
2216 4218 2245 4257 a
2293 4203 2566 4273 superbiae
2629 4202 2772 4259 fastu
2810 4220 2875 4260 ac
2932 4206 3083 4260 inani
3124 4206 3295 4278 gloria

1721 4303 1957 4347 mentem
1984 4295 2211 4348 liberam
2242 4294 2441 4351 reddit.

1790 4386 1876 4438 8|.
1908 4386 2116 4455 Duplex
2142 4393 2225 4439 est
2263 4388 2355 4440 Dei
2383 4387 2546 4441 timor
2580 4407 2592 4443 :
2634 4390 2793 4454 alter,
2819 4405 2983 4460 quem
3018 4391 3288 4448 minarum

31 4448 281 4503 ἀπειλῶν
322 4453 420 4523 τῆς
454 4454 729 4520 κολάσεως
762 4460 892 4528 ἡμῖν
940 4463 1337 4537 ὲντικτόμενος,
1380 4471 1449 4525 δι’
1483 4473 1539 4526 ὃν
1574 4479 1603 4546 η

1739 4478 1799 4532 νίε
1830 4478 2190 4547 incussusque
2227 4480 2481 4549 supplicii
2510 4490 2690 4536 terror
2726 4482 2781 4535 in
2805 4482 2966 4538 nobis
2994 4484 3164 4553 parit;
3190 4500 3290 4555 per

32 4540 338 4611 ἐγκράτεια
369 4546 464 4599 καὶ
490 4549 522 4617 ἡ
548 4550 812 4624 ὑπομονὴ,
838 4556 932 4608 καὶ
964 4558 996 4625 ή
1034 4559 1114 4619 εἰς
1137 4559 1270 4613 Θεὸν
1308 4563 1484 4629 ἐλπὶς,
1518 4540 1611 4620 καί

34 4630 67 4697 ὴ
97 4632 359 4726 ἀπάθεια,
391 4638 448 4704 ἐξ
474 4634 539 4708 ἧς
568 4642 599 4711 ἡ
650 4643 864 4716 ἀγάπη,
903 4647 1046 4701 κατά
1090 4650 1243 4716 τάξιν
1293 4655 1425 4723 ἡμῖν
1460 4658 1610 4726 mc-

32 4736 250 4775 νονται·
285 4727 312 4777 6
340 4725 416 4793 δὲ,
438 4730 575 4800 αὐτῇ
608 4734 673 4802 τῇ
700 4734 888 4809 ἀγάπῃ
921 4739 1292 4804 συνέζευκται,
1324 4725 1611 4803 εὐλάϐειαν

32 4811 100 4879 τῇ
132 4812 278 4884 ψυχῇ
319 4816 408 4869 ἀεὶ
441 4818 706 4888 ἐμποιῶν,
742 4825 828 4877 ἵνα
863 4827 937 4899 μὴ
967 4829 1054 4882 διὰ
1101 4831 1200 4903 τὴν
1250 4834 1348 4903 τῆς
1390 4837 1611 4912 ἀγάπης

32 4905 372 4973 παρρησίαν,
398 4911 477 4973 είς
508 4917 912 4988 καταφρόνησιν
942 4921 1075 4974 Θεοῦ
1106 4922 1255 4995 ἔλθῃ.

106 4994 216 5065 πβ’.
252 4998 357 5051 Τὸν
410 5003 510 5071 μὲν
544 5007 757 5075 πρῶτον
788 5010 951 5077 φόὸον
991 5011 1096 5076 ἔξω
1131 4994 1312 5083 βάλλει
1345 5020 1377 5089 ἡ
1429 5022 1612 5077 τελεία

33 5085 371 5185 ἀγάπη-,τῆς
422 5093 602 5165 ψυχῆς
636 5098 735 5167 τῆς
788 5105 1132 5174 κεκτημένης
1171 5085 1377 5178 αὐτὴν,
1413 5117 1611 5185 μηκέτι

33 5177 134 5243 τὴν
179 5181 402 5237 κόλασιν
448 5187 818 5260 φοϐουμένης·
876 5194 968 5246 τὸν
1012 5196 1069 5248 δὲ
1110 5197 1386 5272 δεύτερον,
1442 5208 1607 5279 ἑαυτῇ

34 5266 148 5336 ἔχει
197 5274 305 5339 ἀεὶ,
340 5276 416 5341 ὡς
465 5280 680 5350 εἴρηται
722 5286 1172 5358 συνεζευγμένον.
1228 5266 1336 5347 καὶ
1373 5266 1460 5368 τῷ
1507 5266 1607 5369 at;

33 5361 234 5435 πρώτῳ
268 5368 438 5438 φόϐῳ,
470 5371 697 5441 ἁρμόζει
725 5374 803 5439 τὺ,
844 5376 927 5442 Τῷ
952 5381 1112 5447 φόϐῳ
1150 5385 1370 5451 Κυρίου
1401 5361 1603 5445 saxlu-

37 5466 120 5507 νει
169 5458 286 5525 πᾶς
322 5460 441 5515 ἀπὸ
481 5466 686 5520 κακοῦ.
740 5468 868 5533 Καὶ,
923 5471 1102 5541 Ἀρχὴ
1153 5477 1374 5544 σοφίας
1421 5482 1603 5551 φόϐος

102 5638 149 5721 ξ⁶
165 5638 339 5721 _Rom.
376 5647 659 5721 ναι-..δᾶν
695 5651 750 5721 ξτ
781 5650 935 5705 Rom.
992 5669 1061 5714 ix,
1098 5656 1146 5721 l,
1188 5656 1241 5711 5.

35 5706 75 5737 ³³
108 5708 127 5763 l
157 5708 315 5768 Joan.
356 5730 426 5778 IV,
460 5716 544 5770 l8.
625 5718 665 5747 ”
695 5718 851 5773 Prov.
882 5738 967 5787 xv,
1001 5706 1085 5778 Ξῖ

1347 5664 1391 5694 ’⁸
1421 5656 1591 5721 Exod.
1627 5683 1788 5737 χχχιι,
1817 5671 1876 5725 3|

1713 4586 1878 4640 quem
1903 4571 2267 4635 continentia,
2295 4571 2578 4640 patientia,
2605 4589 2731 4645 spes
2772 4574 2829 4628 in
2851 4575 3045 4641 Deum,
3086 4577 3288 4647 imper-

1711 4661 2082 4736 turbatiolex
2110 4679 2216 4733 qua
2255 4664 2517 4735 charitas)
2568 4666 2807 4735 quadam
2839 4667 2895 4721 in
2937 4667 3102 4725 nobis
3142 4669 3286 4725 serie

1710 4735 2134 4827 progignuntur;
2162 4756 2321 4822 alter,
2347 4756 2450 4827 ipsi
2486 4758 2815 4829 conjunctus
2842 4759 3119 4827 charitati,
3144 4776 3288 4818 sem-

1711 4862 1809 4917 per
1832 4848 2075 4902 animum
2112 4848 2317 4917 pietate
2358 4864 2695 4919 componens
2743 4866 2807 4905 ac
2856 4854 3189 4920 reverentia,
3216 4871 3287 4911 ne

1710 4954 1809 5008 per
1830 4938 2116 4994 charitatis
2144 4939 2395 4995 ﬁduciam
2422 4942 2477 4995 in
2511 4951 2889 5012 contemptum
2914 4945 3012 4999 Dei
3036 4947 3246 5001 veniat.

1778 5029 1865 5085 82.
1907 5031 2150 5086 Primum
2174 5032 2424 5087 timorem
2478 5033 2624 5089 foras
2658 5035 2828 5089 mittit
2875 5036 3117 5105 perfecta
3152 5038 3287 5092 cha-

1710 5124 1845 5178 ritas
1878 5124 1944 5190 ³¹,
1970 5125 2200 5194 ejusque
2222 5125 2409 5180 animo
2454 5126 2626 5196 ejicit,
2646 5127 2740 5195 qui
2774 5126 2865 5181 illa
2899 5128 3165 5197 praeditus
3187 5128 3281 5192 sit,

1709 5231 1781 5269 ne
1808 5216 1915 5285 jam
1961 5216 2152 5269 timeat
2200 5232 2417 5285 pmnam
2457 5235 2468 5270 :
2505 5218 2739 5273 alterum
2763 5234 2917 5283 vero,
2948 5219 3029 5275 uti
3073 5219 3282 5274 dictum

1710 5317 1816 5371 est,
1861 5322 2080 5377 semper
2116 5308 2697 5381 habet-conjunctum.
2738 5310 2813 5365 Ac
2850 5310 3023 5380 priori
3058 5311 3280 5382 quidem

1713 5399 1895 5453 timori
1918 5400 2173 5469 quadrat,
2196 5401 2340 5470 quod
2372 5400 2445 5454 ita
2459 5400 2663 5457 dicitur
2689 5419 2702 5454 :
2730 5401 2933 5459 Timore
2949 5402 3161 5458 Domini
3188 5403 3276 5455 de-

1711 5487 1872 5542 clinat
1908 5491 2074 5543 omnis
2101 5508 2131 5544 a
2158 5489 2299 5543 malo
2330 5490 2397 5544 ³².
2429 5490 2495 5544 Et
2529 5509 2540 5543 :
2582 5490 2801 5546 Initium
2828 5492 3099 5560 sapientia:
3128 5494 3284 5546 timor
3340 5562 3345 5567 Δ

2021 5672 2064 5703 ²⁹
2099 5673 2236 5728 Psal.
2285 5693 2462 5741 omn,
2515 5675 2629 5727 135.
2763 5680 2806 5709 ³⁰
2850 5674 3036 5732 Matth.
3082 5694 3155 5743 XI,
3197 5678 3282 5736 29.
