3876 6314
69 315 166 382 931

952 330 1290 394 CAPITUM
1331 335 1428 395 DE
1467 336 1904 431 (ξΗΑΡιΙΤΑΤΕ
1944 342 2333 404 CENTURIA
2375 345 2401 403 Ι

3232 350 3341 414 982

141 437 251 501 mf.
291 431 458 486 Ὅταν
482 433 569 488 ἀεὶ
599 435 657 489 ὲν
687 436 768 508 τῷ
795 440 976 512 καιρῷ
1003 443 1104 514 τῆς
1138 434 1448 519 προσευχῆς
1478 448 1638 519 μηδὲν

1821 450 1910 506 88.
1946 451 2083 508 Cum
2137 455 2281 509 inter
2307 455 2602 522 orandum,
2647 457 2796 512 nulla
2847 473 3088 528 unquam
3149 476 3336 516 rerum

73 523 177 577 τῶν
203 523 298 577 τοῦ
341 526 548 596 κόσμου
595 532 884 602 νοημάτων
925 535 1246 610 διενοχλήσῃ
1276 538 1354 614 τῷ
1392 540 1486 612 νῷ,
1517 541 1643 595 τότε

74 615 298 682 γίνωσκε
333 619 528 672 σαυτὸν
560 620 635 693 μὴ
681 622 787 688 ἔξω
837 620 980 681 εἶναι
1023 628 1132 683 τῶν
1163 631 1307 701 ὅρων
1354 631 1458 702 τῆς
1502 633 1644 687 ἀπα-

72 709 238 773 θείας.

139 799 244 852 πθ¹.
282 800 451 855 Ὅταν
483 805 517 875 ἡ
545 804 692 878 ψυχὴ
723 805 960 880 ἄρχηται
987 812 1086 884 τῆς
1119 812 1254 877 ίδίας
1276 814 1463 883 ὑγείας
1487 817 1646 870 ἐπαι-

71 890 380 960 σθάνεσθαι,
412 897 534 950 τότε
569 899 664 953 καὶ
696 899 796 964 τὰς
845 903 902 955 ὲν
935 905 1048 968 τοῖς
1091 902 1280 969 ὕπνοις
1316 908 1642 976 φαντασίας,

66 983 228 1052 ψιλὰς
260 988 355 1038 καὶ¹
381 988 692 1061 ἀταράχους
721 993 946 1065 ἄρχεται
980 995 1221 1066 βλέπειν.

137 1075 211 1141 ιδ’.
245 1077 455 1150 Ὠσπερ
485 1082 577 1135 τὸν
605 1083 864 1155 αἰσθητὸν
888 1088 1168 1159 ὀφθαλμὸν
1191 1092 1223 1163 ἡ
1273 1091 1507 1166 καλλονή
1535 1093 1646 1148 τῶν

63 1168 312 1238 ὁρατῶνο
341 1169 484 1225 οὕτω
522 1175 732 1229 καὶτὸν
757 1178 995 1252 καθαρὸν
1033 1180 1177 1250 νοῦν,
1223 1185 1255 1255 ή
1294 1183 1494 1252 γνῶσις
1535 1187 1646 1242 τῶν

64 1263 314 1331 ἀοράτων
344 1265 480 1335 πρὸς
511 1267 713 1341 ἑαυτὴν
745 1271 1069 1329 ἐπισπᾶται.
1110 1274 1349 1349 Ἀόρατα
1377 1278 1432 1332 δὲ
1474 1279 1643 1350 λέγω,

61 1352 130 1406 τά
158 1352 446 1425 ἀσώματα.

131 1537 242 1601 ιμ’.
285 1535 445 1606 Μέγα
479 1539 577 1608 μὲν
603 1540 664 1594 τὸ
691 1542 829 1615 πρὸς
860 1545 930 1600 τά
964 1548 1266 1618 πράγματα
1290 1553 1365 1624 μὴ
1390 1554 1643 1626 πάσχειν·

60 1628 251 1698 μεῖζον
297 1629 354 1682 δὲ
411 1632 616 1704 πολλῷ,
662 1636 722 1689 τὸ
779 1639 916 1709 πρὸς
975 1641 1076 1704 τὰς
1118 1647 1422 1712 φαντασίας
1466 1649 1646 1704 αὐτῶν

55 1719 244 1791 ἀπαθῆ
283 1722 576 1792 διαμεῖναι.
622 1728 766 1781 Διότι
814 1732 842 1783 ό
886 1730 976 1785 διὰ
1023 1733 1131 1786 τῶν
1181 1735 1458 1809 λογισμῶν
1509 1745 1645 1811 πρὸς

53 1812 210 1881 ἡμᾶς
239 1813 350 1866 τῶν
379 1814 654 1886 δαιμόνων
691 1820 925 1892 πόλεμος
949 1863 964 1887 ,
994 1825 1088 1879 τοῦ
1119 1826 1209 1881 διὰ
1242 1829 1351 1883 τῶν
1385 1833 1646 1904 πραγμά-

51 1921 162 1956 των
197 1905 438 1976 πολέμου
468 1909 585 1962 ἐστὶ
612 1911 1015 1986 χαλεπώτερος.

119 1997 234 2066 ιιβκ
295 1997 356 2053 Ὀ
397 2000 498 2065 τὰς
546 2004 751 2075 ἀρετὰς
804 2009 1181 2081 κατορθώσας,
1215 2015 1311 2068 καὶ
1353 2019 1418 2088 τῇ
1445 2017 1646 2086 γνώσει

50 2089 389 2164 πλουτήσας,
413 2094 489 2158 ὼς
516 2099 763 2166 φυσικῶς
787 2100 975 2156 λοιπὸν
999 2105 1069 2157 τά
1099 2107 1402 2179 πράγματα
1427 2111 1644 2183 διορῶν,

49 2183 236 2237 πάντα
271 2185 414 2240 κατά
443 2187 532 2242 τὸν
566 2189 726 2262 ὀρθὸν
759 2193 918 2262 λόγον
955 2196 1050 2248 καὶ
1079 2200 1311 2268 πράττει
1344 2203 1437 2256 καὶ
1471 2204 1648 2258 διαλέ-

47 2293 235 2343 γεται,
267 2278 327 2330 τὸ
362 2278 581 2335 σύνολον
617 2283 691 2354 μὴ
726 2288 1232 2359 παρατρεπόμενος.
1279 2293 1373 2346 Ἐκ
1411 2294 1521 2366 γὰρ
1548 2296 1644 2351 τοῦ

46 2373 295 2440 εὐλόγως
331 2375 363 2446 ἢ
409 2377 740 2449 παραλόγως
772 2382 887 2445 τοῖς
917 2383 1209 2456 πράγμασι
1247 2388 1576 2459 χρήσασθαι,
1607 2391 1640 2462 ἢ

47 2468 365 2540 ὲνάρετοιῆ
409 2470 606 2538 φαῦλοι
647 2475 936 2544 γινόμεθα.

120 2564 234 2627 ια’.
265 2561 499 2632 Σημεῖον
519 2563 697 2635 ἄκρας
721 2566 1015 2636 ἀπαθείας,
1045 2570 1105 2623 τὺ
1136 2569 1268 2640 ψιλά
1291 2573 1357 2626 τὰ
1391 2574 1643 2644 νοήματα

44 2650 156 2703 τῶν
188 2653 534 2723 πραγμάτων
565 2655 654 2709 ἀεὶ
681 2658 998 2714 ἀναϐαίνειν
1028 2661 1120 2715 ἐπὶ
1141 2663 1240 2732 τὴν
1270 2664 1522 2734 καρδίαν,
1549 2667 1645 2722 καὶ

43 2743 423 2814 ὲγρηγορότος
453 2743 546 2798 τοῦ
577 2745 852 2818 σώματος,
883 2751 978 2804 καὶ
1009 2752 1152 2806 κατὰ
1186 2756 1312 2819 τοὺς
1348 2755 1569 2821 ὕπνους.

115 2921 226 2988 ιβ’.
272 2922 370 2976 Διά
416 2923 515 2994 μὲν
555 2924 654 2994 τῆς
680 2927 945 2997 ἐργασίας
974 2929 1082 2982 τῶν
1111 2931 1359 2998 ἐντολῶν,
1386 2932 1455 2986 τὰ
1493 2934 1640 3007 πάθη

38 3013 69 3065 ὁ
101 3013 236 3077 νοῦς
267 3014 580 3068 ἀποδύεται·
613 3016 702 3070 διὰ
729 3019 784 3071 δὲ
813 3023 912 3090 τῆς
955 3021 1064 3074 τῶν
1100 3023 1312 3094 ὁρατῶν
1339 3043 1634 3096 πνευματιο

1747 545 1931 599 δωουιί
1956 547 2192 615 cogitata
2236 548 2467 603 molesta
2498 549 2830 620 ingruerint,
2869 559 3002 606 tunc
3027 565 3184 608 extra
3230 555 3337 609 im-

1746 633 2203 700 perturbationis,
2241 635 2520 706 animique
2563 638 2986 708 tranquillitatis
3020 641 3226 696 sedatis
3248 643 3330 695 ar-

1745 721 1985 778 fectibus
2008 725 2166 790 ﬁnes,
2200 726 2346 780 haud
2372 735 2422 782 te
2449 729 2810 784 constitutum
2835 746 2954 786 esse
2981 733 3222 787 noveris.

1775 889 1780 891 _
1818 815 1904 871 89.
1947 816 2053 874 Ubi
2088 819 2307 874 animus
2337 835 2451 875 suae
2498 821 2753 877 sanitatis
2784 837 3006 878 sensum
3039 826 3329 896 percipere

1748 910 2000 982 coeperit,
2047 919 2178 968 tunc
2227 926 2284 969 et
2312 931 2435 986 quae
2487 916 2544 972 in
2586 918 2796 974 somnis
2830 919 2950 976 visa
2981 921 3142 989 ﬁunt,
3187 923 3336 978 nuda

1748 1001 1998 1074 citraque
2024 1006 2504 1076 perturbationem
2532 1009 2725 1067 videre
2757 1012 2974 1084 incipit.

1819 1094 1906 1150 90.
1947 1096 2427 1162 Quemadmodum
2477 1118 2663 1158 rerum
2692 1106 2993 1162 visibilium
3029 1109 3339 1178 pulchritu-

1747 1184 1840 1250 do,
1871 1189 2095 1244 oculum
2127 1192 2386 1248 sensibus
2413 1193 2692 1266 objectum
2719 1213 2734 1263 ;
2766 1196 2847 1252 sic
2870 1209 3141 1269 etpuram
3174 1218 3336 1258 men-

1749 1288 1858 1335 tem
1906 1280 1974 1336 ad
2019 1297 2079 1337 se
2132 1283 2307 1340 allicit
2378 1287 2622 1358 cognitio
2689 1304 2879 1344 rerum
2949 1291 3333 1350 invisibilium.

1745 1367 1908 1442 407
1934 1371 2240 1431 Invisibilia
2291 1385 2477 1438 autem
2518 1394 2680 1445 voco,
2727 1379 2971 1452 Spiritus
3005 1385 3222 1441 scilicet
3270 1402 3337 1441 ac

1746 1463 1843 1532 qui
1875 1464 2189 1536 incorporei
2215 1478 2368 1527 sunt.

1817 1554 1908 1610 9t.
1927 1556 2182 1629 Magnum
2206 1560 2430 1630 quidem
2449 1579 2634 1618 rerum
2652 1564 2880 1622 libidine
2898 1567 3122 1623 minime
3151 1567 3291 1625 aﬁici
3317 1587 3332 1623 :

1747 1655 1804 1701 at
1837 1647 2000 1720 longe
2023 1652 2223 1723 majus,
2245 1653 2328 1708 sic
2353 1671 2741 1725 perseverare,
2780 1665 2842 1713 ut
2867 1673 2938 1714 ne
2976 1675 3170 1715 earum
3205 1663 3330 1732 qui-

1747 1738 1872 1796 dem
1898 1743 2344 1813 cogitationibus
2373 1747 2647 1804 aﬁiciaris.
2681 1749 2894 1820 Quippe
2921 1752 3144 1822 gravius
3185 1754 3333 1824 quod

1748 1848 1849 1902 per
1893 1849 1987 1890 eas
2030 1835 2332 1905 daemones,
2369 1855 2536 1910 quam
2557 1842 2704 1912 quod
2727 1859 2827 1913 per
2853 1859 2944 1900 res
2970 1845 3137 1916 ipsas,
3160 1846 3215 1901 in
3233 1862 3334 1903 nos

1747 1922 1955 1978 bellum
1977 1926 2279 1984 instruunt.
3183 1957 3186 1959 ·

1819 2015 1907 2071 92.
1937 2017 2042 2085 Qui
2069 2020 2182 2090 jam
2201 2020 2440 2077 virtutes
2485 2022 2741 2092 adeptus,
2767 2039 2836 2079 ac
2856 2025 3088 2082 scientia
3127 2027 3337 2098 potitus

1747 2115 1854 2170 est,
1879 2115 1941 2162 ut
1979 2109 2072 2178 qui
2116 2109 2381 2181 deinceps
2417 2127 2508 2167 res
2541 2113 2800 2184 dispiciat
2831 2117 2918 2171 uti
2964 2125 3162 2173 natura
3187 2134 3337 2174 com-

1747 2206 2003 2267 paratum
2029 2209 2136 2265 est,
2185 2211 2387 2257 cuncta
2423 2211 2575 2259 recta
2616 2205 2834 2261 ratione
2887 2215 3009 2262 tam
3043 2209 3177 2278 agit,
3216 2218 3332 2264 tum

1745 2288 2018 2358 loquitur,
2050 2291 2466 2368 nullo‘prorsus
2501 2294 2557 2348 in
2586 2295 2778 2366 aliquo
2807 2312 3003 2352 errore
3040 2299 3330 2355 abductus.

1746 2379 1826 2434 Ex
1861 2396 1930 2436 eo
1966 2382 2117 2436 enim
2149 2384 2299 2453 quod
2338 2394 2487 2439 recte
2538 2401 2606 2440 ex
2657 2387 2872 2442 ratione
2915 2404 2986 2443 ac
3023 2389 3335 2446 inconsulte

1747 2471 1915 2526 rebus
1946 2482 2192 2539 utamur,
2219 2475 2583 2530 autstudiosi
2616 2478 2859 2533 autmali
2895 2479 3187 2536 elﬁcimur.

1817 2563 1904 2619 95.
1927 2563 2165 2619 Summte
2193 2565 2711 2635 imperturbationis
2739 2570 3024 2642 animique
3046 2573 3335 2630 alfectibus

1745 2657 1907 2710 vacui
1938 2656 2204 2711 indicium
2232 2667 2336 2724 est,
2357 2659 2505 2729 quod
2526 2660 2686 2716 nudae
2716 2678 2936 2734 semper
2964 2679 3028 2720 ac
3053 2666 3334 2736 simplices

1746 2758 1936 2798 rerum
1989 2745 2246 2801 notiones
2295 2763 2569 2819 sensaque
2606 2749 2664 2804 in
2712 2767 2812 2807 cor
2860 2755 3182 2820 ascendant,
3218 2759 3333 2815 sive

1745 2833 1874 2888 dum
1907 2851 2112 2906 corpus
2139 2837 2347 2909 vigilat,
2374 2840 2490 2896 sive
2517 2841 2648 2896 dum
2676 2859 2842 2913 sopor
2873 2853 3044 2902 tenet.

1816 2927 1904 2984 94.
1939 2928 2259 2986 Praestando
2283 2931 2560 2993 mandata,
2588 2918 2808 2992 animus
2829 2937 3090 2994 libidines
3116 2954 3180 2994 ac
3201 2941 3334 2994 vitia

1743 3023 1938 3078 exuit:
1981 3041 2167 3080 rerum
2219 3042 2354 3082 vero
2387 3027 2442 3082 in
2465 3039 2750 3100 aspectum
2784 3032 3101 3089 cadentium
3138 3051 3336 3106 specu-

38 3104 151 3176 κῆς
183 3106 444 3178 θεωρίας,
481 3108 550 3162 τὰ
594 3110 820 3180 ἐμπαθῆ
853 3113 962 3166 τῶν
1003 3114 1344 3184 πραγμάτων
1367 3119 1635 3188 νοήματα.

1764 3116 1974 3181 atione,
1999 3118 2326 3174 libidinosas
2365 3129 2533 3190 atque
2558 3123 2697 3179 vitio
2724 3124 3000 3182 haerentes
3023 3143 3209 3184 rerum
3234 3143 3322 3183 co-

36 3197 143 3251 Διά
198 3197 261 3250 δὲ
318 3199 418 3269 τῆς
463 3199 571 3254 τῶν
615 3201 863 3272 ἀοράτων
893 3204 1142 3274 γνώσεως
1194 3206 1327 3277 (15),
1389 3209 1485 3281 τὴν
1531 3210 1641 3264 τῶν

33 3285 265 3357 ὁρατῶν
299 3286 553 3358 θεωρίανο
600 3289 803 3362 ταύτην
837 3292 914 3358 δὲ,
973 3293 1060 3348 διὰ
1106 3298 1205 3368 τῆς
1257 3296 1512 3366 γνώσεως
1542 3300 1640 3371 τῆς

34 3377 213 3446 ἀγῖας
249 3379 500 3450 Τριάδος.

105 3476 224 3540 τηεν.
261 3472 472 3540 Ὥσπερ
509 3475 537 3527 ὁ
586 3474 738 3545 ἥλιος
787 3476 1097 3531 ἀνατέλλων
1151 3481 1242 3532 καὶ
1290 3481 1381 3534 τὸν
1437 3482 1642 3552 κόσμον

33 3563 326 3631 φωτίζων,
359 3564 599 3618 δείκνυσί
631 3584 689 3620 τε
727 3569 917 3623 ἑαυτὸν
943 3571 1037 3623 καὶ
1064 3571 1134 3626 τὰ
1166 3573 1438 3627 ὑπἀὐτοῦ
1473 3594 1640 3645 φωτι-

33 3656 254 3728 ζόμενα
286 3656 769 3728 πράγματαόὖτω
795 3659 930 3714 καὶὸ
948 3661 1047 3732 τῆς
1076 3663 1424 3735 δικαιοσύνης
1451 3668 1639 3731 ’Ἥλιος

33 3749 112 3820 τῷ
145 3748 385 3819 καθαρῷ
426 3748 501 3819 νῷ
543 3750 871 3815 ἀνατέλλων,
899 3754 994 3806 καὶ
1033 3753 1222 3808 ἑαυτὸν
1254 3754 1513 3822 δείκνυσι,
1545 3759 1639 3811 καὶ

33 3840 270 3894 πάντων
300 3840 408 3895 τῶν
441 3841 532 3894 ὑπ’
579 3842 744 3895 αὑτοῦ
776 3844 1078 3912 γεγονότων
1123 3845 1217 3899 καὶ
1259 3847 1639 3916 γενησομένων

33 3936 165 3998 τοὺς
189 3933 411 4002 λόγους.
637 3941 648 3947 ’
845 3994 848 3995 ,

97 4032 232 4096 115".
271 4028 388 4080 Οὐκ
425 4028 491 4082 ὲκ
522 4027 622 4098 τῆς
645 4028 835 4093 οὐσίας
872 4029 1039 4084 αὐτοῦ
1079 4031 1171 4084 τὸν
1215 4032 1347 4085 Θεὸν
1375 4031 1640 4101 γινώσκο-

33 4139 159 4187 ιεν,
200 4119 328 4174 ἀλλ’
357 4123 422 4173 ὲκ
459 4121 558 4190 τῆς
591 4122 997 4193 μεγαλουργίας
1027 4122 1192 4175 αὐτοῦ
1248 4125 1345 4177 καὶ
1378 4125 1641 4196 προνοίας

33 4213 139 4268 τῶν
174 4213 375 4266 ὄντων.
437 4213 535 4266 Διὰ
579 4212 785 4266 τούτων
832 4216 940 4286 γὰρ
976 4215 1053 4279 ὡς
1083 4215 1152 4268 δι’
1180 4216 1484 4288 ἐσόπτρων,
1530 4219 1634 4289 τὴν

33 4305 277 4373 ἱπειρον
325 4301 636 4374 ἀγαθότητα
685 4305 781 4357 καὶ
826 4305 1019 4374 σοφίαν
1055 4307 1151 4359 καὶ
1200 4305 1429 4378 δύναμιν
1467 4325 1636 4362 κατα-

33 4412 156 4448 mou
163 4410 300 4467 μεν.

1744 3209 2065 3280 gitationcs;
2095 3226 2280 3264 rerum
2314 3220 2499 3266 autem
2535 3213 2900 3271 invisibilium
2929 3218 3179 3285 scientia,
3205 3219 3321 3275 visi~

1744 3301 1938 3356 bilium
1967 3303 2405 3372 speculationem
2434 3323 2447 3359 :
2479 3304 2623 3362 hanc
2644 3306 2884 3380 denique
2934 3309 3335 3366 sanctaiTrini-

1743 3393 1873 3449 tatis
1901 3395 2134 3450 scientia
2170 3397 2382 3467 abjicit.

1812 3488 1901 3543 95.
1942 3487 2421 3554 Quemadmodum
2452 3492 2532 3547 sol
2565 3492 2753 3548 oriens
2780 3510 2844 3549 ac
2894 3494 3163 3550 mundum
3203 3495 3333 3550 illu-

1741 3580 1984 3644 minans,
2040 3590 2157 3636 tum
2207 3582 2324 3652 ipse
2385 3598 2465 3649 se,
2522 3593 2636 3638 tum
2667 3600 2789 3654 qua:
2825 3585 2975 3641 illius
3027 3585 3334 3658 fulgoribus

1742 3670 2163 3734 collustrantur,
2207 3670 2395 3739 prodit
2432 3687 2446 3724 :
2489 3671 2570 3726 sic
2622 3681 2678 3726 et
2710 3672 2940 3742 iustitia:
2986 3672 3078 3728 Sol
3116 3673 3334 3730 mundae

1746 3761 1919 3815 menti
1961 3761 2245 3826 exoriens,
2285 3770 2398 3815 tum
2436 3762 2714 3831 seipsum,
2765 3773 2878 3818 tum
2927 3765 3047 3834 ipso
3103 3774 3331 3821 auctore

1743 3851 2096 3906 conditorum
2129 3851 2377 3904 omnium
2404 3866 2468 3904 ac
2495 3851 2908 3908 condendorum
2953 3855 3198 3910 rationes
3238 3872 3330 3910 os-

1745 3941 1947 3998 tendit.

1816 4030 1906 4085 96.
1945 4031 2066 4086 Non
2105 4046 2173 4086 ex
2217 4031 2530 4087 substantia
2566 4047 2662 4086 sua
2699 4031 2870 4087 Deum
2922 4037 3327 4106 cognoscimus,

1743 4123 1839 4177 sed
1876 4137 1942 4177 ex
1988 4123 2289 4178 Creationis
2332 4124 2740 4195 magniﬁcentia
2794 4143 3092 4198 rerumque
3146 4131 3332 4199 provi-

1744 4216 1956 4271 dentia.
1985 4217 2091 4272 Per
2114 4217 2242 4271 haec
2270 4217 2419 4270 enim
2474 4225 2538 4272 ut
2583 4233 2682 4288 per
2735 4219 2958 4289 specula
2987 4261 3000 4286 ,
3058 4221 3328 4278 inﬁnitam

1750 4308 2118 4380 intelligimus
2161 4309 2467 4365 bonitatem
2522 4319 2577 4365 et
2631 4311 2960 4382 sapientiam
3016 4322 3073 4368 et
3130 4326 3329 4385 poten-

1747 4401 1901 4454 tiam.

93 4487 219 4557 ιιζν.
268 4487 329 4539 '0
358 4487 601 4560 καθαρὸς
630 4487 778 4552 νοῦς,
823 4489 855 4560 ἢ
909 4491 966 4543 ἐν
1010 4493 1124 4554 τοῖς
1168 4492 1345 4562 ψιλοῖς
1401 4494 1636 4565 νοήμασι

1815 4493 1903 4548 97.
1944 4493 2146 4548 Munda
2187 4508 2367 4558 mens,
2421 4495 2599 4550 autin
2653 4494 2818 4551 nudis
2843 4496 3212 4553 humanarum
3239 4514 3329 4554 re-

33 4581 135 4636 τῶν
171 4579 546 4652 ἀνθρωπίνων
576 4583 920 4654 πραγμάτων
977 4585 1313 4655 εὑρίσκεται,
1367 4587 1399 4656 ἢ
1456 4590 1516 4640 ὲν
1561 4591 1626 4661 τῇ

33 4674 131 4728 τῶν
163 4671 395 4744 ὁρατῶν
429 4676 636 4745 φυσικῇ
673 4674 898 4746 θεωρίᾳ,
943 4675 975 4746 ἢ
1011 4679 1069 4730 ὲν
1114 4679 1180 4748 τῇ
1214 4677 1322 4732 τῶν
1361 4679 1632 4750 ἀοράτωνο

33 4768 43 4829 ι
79 4769 149 4820 ὲν
179 4763 271 4836 τῷ
299 4763 440 4834 φωτὶ
485 4766 584 4836 τῆς
625 4767 787 4836 ἁγίας
817 4767 1066 4838 Τριάδος.

86 4948 220 5014 ιιηο.
243 4942 334 4994 Ἐν
356 4943 425 5014 τῇ
450 4940 558 4996 τῶν
587 4942 798 5014 ὁρατῶν
831 4942 1036 5015 θεωρίᾳ
1061 4943 1403 5014 γενόμενος-ὁ
1435 4943 1633 5028 νοῦςκῆ

36 5037 151 5102 οὓς
179 5035 460 5104 φυσικοὺς
506 5033 687 5089 αὐτῶν
733 5035 926 5103 λόγους
959 5036 1177 5108 ἐρευνᾷ,
1205 5036 1236 5107 ἥ
1272 5038 1398 5101 τοὺς
1437 5037 1504 5091 δι’
1539 5038 1637 5092 αὗ-

34 5129 130 5184 ὦν
163 5126 639 5197 σημαινομένους,
670 5127 704 5199 ἢ
740 5129 912 5200 αὐτὴν
940 5130 1037 5200 τὴν
1075 5129 1258 5184 αἰτίαν
1285 5130 1457 5200 ζητεῖ.

82 5318 214 5388 LLO'.
277 5315 367 5372 Ἐν
413 5316 470 5371 δὲ
510 5319 576 5389 τῇ
610 5317 720 5371 τῶν
769 5318 1018 5390 ἀοράτων
1055 5319 1373 5391 διατρίϐων,
1414 5320 1538 5384 τούς
1570 5338 1632 5374 τε

33 5411 314 5473 ιυσικοὺς
362 5410 547 5463 αὐτῶν
592 5405 785 5479 λόγους
828 5411 1004 5482 ζητεῖ,
1057 5412 1150 5466 καὶ
1180 5412 1278 5485 τὴν
1324 5413 1505 5467 αἰτίαν
1531 5414 1633 5484 τῆς

37 5508 315 5566 ενέσεως
358 5503 561 5570 αὐτῶν,
613 5503 708 5556 καὶ
751 5503 818 5557 τὰ
851 5503 1062 5569 τούτοις
1091 5505 1379 5561 ἀκόλουθα.
1414 5507 1524 5560 Καὶ
1550 5507 1634 5572 τίς

84 5593 250 5668 περὶ
296 5593 492 5658 αὐτοὺς
525 5593 753 5666 πρόνοια
792 5594 887 5647 καὶ
931 5595 1132 5666 κρίσις.

75 5776 164 5844 ρ’,
225 5766 322 5818 Ἐν
368 5767 422 5821 δὲ
454 5768 573 5840 Θεῷ
601 5770 929 5840 γενίμενος,
978 5774 1103 5835 τοὺς
1139 5774 1266 5845 περὶ
1307 5776 1406 5847 τῆς
1447 5777 1632 5846 οὐσίας

1744 4603 1867 4641 rum
1905 4587 2340 4658 cogitationibus
2387 4603 2452 4642 ac
2509 4589 2892 4658 conceptibus,
2929 4599 3025 4644 aut
3061 4591 3119 4644 in
3162 4601 3328 4646 natu-

1745 4679 1847 4732 rali
1875 4691 2062 4732 rerum
2095 4678 2401 4733 visibilium
2434 4687 2531 4733 aut
2571 4679 2933 4736 invisibilium
2983 4683 3328 4753 contempla-

1744 4771 1931 4837 tione;
1969 4778 2069 4824 aut
2093 4770 2334 4842 denique
2362 4771 2416 4824 in
2451 4778 2655 4826 sancta:
2709 4771 2998 4827 Trinitatis
3035 4772 3158 4827 luce
3203 4789 3330 4827 vcr-

1742 4872 1919 4918 satur.

1815 4956 1993 5012 98.1n
2026 4971 2216 5013 rerum
2272 4953 2452 5012 oculis
2513 4958 2889 5027 subjectarum
2947 4956 3325 5028 Speculatione

1741 5063 1974 5103 versans
2028 5048 2289 5113 animus,
2351 5057 2446 5104 aut
2490 5048 2768 5102 naturales
2829 5063 3020 5102 earum
3081 5047 3327 5100 rationes

1739 5147 2042 5204 scrutatur,
2073 5147 2169 5194 aut
2189 5155 2313 5210 quae
2348 5155 2446 5209 per
2473 5155 2569 5194 eas
2591 5139 2994 5210 signiﬁcantur,
3021 5148 3120 5194 aut
3144 5139 3323 5208 ipsum

1738 5247 1926 5287 earum
1956 5239 2243 5287 auctorem
2287 5231 2541 5287 rimatur.

1813 5324 1901 5381 99.
1942 5324 2146 5378 Earum
2199 5339 2332 5380 vero
2376 5340 2498 5394 qua:
2550 5326 2836 5381 oculorum
2894 5323 3068 5378 aciem
3111 5322 3326 5393 fugiunt

1743 5415 2209 5485 contemplatione
2245 5414 2480 5481 deﬁxus,
2512 5415 3056 5484 naturalesipsarum
3085 5413 3326 5483 exquirit

1736 5511 2000 5571 rationes,
2060 5522 2278 5562 necnon
2343 5507 2748 5577 procreationis
2798 5518 3042 5568 causam,
3104 5511 3162 5557 et
3200 5519 3323 5573 qua:

1736 5601 1900 5676 m8
1929 5601 2017 5654 bis
2045 5608 2409 5654 consectanea
2437 5607 2589 5654 sunt.
2619 5597 2879 5664 Quantam
2921 5593 3162 5664 denique
3190 5611 3320 5666 erga

1737 5695 1964 5768 spiritus
1985 5690 2332 5762 providentia
2362 5706 2426 5747 ac
2454 5691 2725 5761 judicium
2751 5690 2844 5744 sit.

1811 5781 1930 5835 100.
1966 5782 2029 5834 At
2067 5780 2157 5834 ubi
2183 5779 2248 5832 ad
2291 5780 2460 5834 Deum
2503 5780 2760 5844 evaserit,
2807 5778 3048 5849 primum
3094 5776 3317 5847 quidem
