3876 6314
208 286 322 348 985

1088 283 1419 343 CAPITUM
1458 285 1553 343 DE
1590 284 2020 343 CIIARlTA'l'E
2059 286 2445 346 CENTURIA
2493 286 2572 344 II.

3345 289 3451 350 986

206 399 405 452 τούτου
448 394 756 465 συμϐαίνει,
788 394 851 447 τὸ
890 394 1315 465 ἀπερισπάστως
1364 395 1781 467 προσεύχεσθαι.

1886 398 2211 466 expediant;
2257 398 2403 453 unde
2452 398 2530 452 illi
2580 394 2871 467 contingit,
2910 402 2973 447 ut
3012 394 3152 449 nihil
3192 409 3325 465 vaga
3363 407 3455 449 aut

285 580 347 628 ε’.
383 573 497 627 Οὐκ
543 573 705 642 ἀρκεῖ
750 570 1027 641 πρακτικὴ
1079 571 1299 641 μέθοδος
1334 570 1410 640 (η)
1445 571 1580 641 πρὸς
1615 572 1674 624 τὸ
1704 588 1785 624 τε·

209 667 372 730 λείως
406 665 498 719 τὸν
549 665 675 718 νοῦν
725 663 913 718 παθῶν
966 663 1398 735 ἐλευθερωθῆναι
1445 663 1581 734 (15),
1640 663 1781 716 ὥστε

209 760 508 829 δυνηθῆναι
539 758 701 811 αὑτὸν
720 757 1144 828 ἀπερισπάστως
1174 755 1592 826 προσεύχεσθαι,
1623 757 1671 808 εί
1709 756 1783 825 μὴ

213 854 309 904 καὶ
341 852 587 922 διάφοροι
614 851 776 904 αὑτὸν
797 850 1125 914 διαδέξονται
1146 848 1505 920 πνευματικαὶ
1536 847 1780 916 θεωρίαι.

226 942 293 993 Ἠ
330 941 426 1009 μὲν
474 943 605 1011 γάρ,
648 941 919 1011 ἀκρασίας
968 941 1063 994 καὶ
1118 941 1310 1010 μίσους
1353 940 1511 1010 μόνον
1536 939 1629 992 τὸν
1659 938 1784 992 νοῦν

214 1032 507 1100 ἐλευθεροῖ·
540 1034 594 1086 αἱ
624 1032 700 1094 δὲ,
736 1034 826 1086 καὶ
850 1032 1019 1105 λήθης
1050 1033 1143 1085 καὶ
1174 1031 1394 1099 ἀγνοίας
1417 1030 1577 1084 αὑτὸν
1606 1030 1781 1083 ἁπαλο

212 1124 485 1177 λάττουσι’
520 1124 613 1176 καὶ
639 1122 781 1176 οῦτω
823 1124 1106 1195 δυνήσεται
1144 1123 1219 1187 ὡς
1252 1123 1332 1176 δεῖ
1361 1122 1783 1193 προσεύξασθαι.

283 1308 358 1366 ς’.
394 1301 507 1370 Τῆς
554 1300 800 1374 καθαρᾶς
834 1301 1142 1373 προσευχῆς
1171 1302 1264 1356 δύο
1308 1303 1447 1354 εἰσὶν
1490 1302 1784 1371 ἀκρόταται
1831 1298 1835 1302 ”

212 1391 591 1455 καταστάσειςο
625 1395 658 1462 ἡ
705 1393 820 1463 μὲν,
884 1395 994 1454 τοῖς
1052 1394 1374 1463 πρακτικοῖς
1402 1410 1415 1424 ⁸
1468 1394 1499 1463 ἡ
1555 1393 1634 1456 δὲ,
1671 1396 1784 1456 τοίς

212 1485 564 1563 θεωρητικοῖς
607 1484 1091 1553 ἐπισυμὸαίνουσα.
1140 1486 1249 1539 Καὶ
1281 1486 1313 1555 ἡ
1358 1486 1479 1554 μὲν,
1514 1485 1578 1537 ἐκ
1612 1485 1779 1553 φόϐου

209 1574 348 1627 Θεοῦ
378 1575 471 1627 καὶ
512 1574 726 1638 ἐλπίδος
767 1575 980 1645 ἀγαθῆς
1027 1578 1093 1646 τῇ
1138 1575 1282 1647 ψυχῇ
1310 1576 1605 1643 ἐγγίνεται·
1635 1578 1668 1647 ή
1702 1576 1781 1643 δὲ,

210 1666 321 1719 ἀπὸ
342 1665 485 1719 θείου
518 1665 718 1737 ἔρωτος
766 1668 863 1720 καὶ⁸
916 1668 1225 1738 ἀκροτάτης
1266 1668 1604 1737 καθάρσεως.
1634 1667 1781 1721 Γνω-

1884 490 2309 559 cogitationibus
2330 490 2594 543 distracta
2612 487 2847 541 orationi
2870 486 3174 540 incumbat.

1951 579 2115 650 409
2145 580 2197 634 5.
2257 580 2376 633 Non
2416 578 2616 633 sullicit
2677 576 2919 631 colenda:
2965 576 3200 629 actionis
3260 579 3347 630 via
3393 591 3456 630 ac

1884 672 2043 733 ratio,
2069 670 2137 723 ad
2160 671 2403 723 animum
2420 670 2488 722 ab
2510 668 2799 722 affectibus
2818 666 3060 736 perfecte
3078 667 3450 731 liberandum,

1883 770 1945 815 ut
1975 760 2295 814 indistracte
2322 774 2384 813 ac
2412 767 2595 813 mente
2652 774 2762 811 non
2818 772 2950 825 vaga
2988 773 3182 811 vacare
3216 757 3451 809 orationi

1883 852 2087 921 possit;
2115 850 2213 903 nisl
2233 850 2399 903 etiam
2422 849 2652 902 diversa:
2667 847 3159 916 contemplationes
3183 846 3455 915 spiritales

1884 943 2235 999 accesserint.
2273 942 2409 996 Nam
2447 941 2591 996 actio
2647 941 2870 1009 quidem
2936 940 3004 993 ab
3053 939 3451 992 ineontincntia

1882 1042 2046 1103 atque
2071 1035 2197 1087 odio
2231 1042 2473 1086 mentem
2500 1032 2727 1098 liberat;
2764 1030 3255 1097 contemplationes
3300 1044 3450 1090 vero,

1883 1122 1951 1176 ab
1984 1122 2259 1176 oblivione
2290 1130 2345 1175 et
2378 1120 2686 1190 ignorantia
2717 1137 2731 1172 :
2780 1138 2809 1174 a
2833 1120 3037 1189 quibus
3066 1119 3354 1188 estpeditus
3389 1134 3456 1171 ac

1883 1213 2041 1271 liber,
2065 1229 2164 1281 pro
2184 1227 2250 1265 eo
2271 1226 2335 1265 ac
2359 1211 2518 1264 decet
2551 1210 2752 1280 poterit
2782 1225 2961 1263 orare.
3504 1212 3507 1215 ’

1954 1304 2005 1358 6.
2041 1302 2257 1357 Munda:
2309 1303 2579 1358 orationis
2608 1302 2719 1355 duo
2764 1309 2891 1355 sunt
2930 1298 3172 1369 supremi
3231 1306 3405 1353 status
3437 1314 3448 1346 :

1883 1409 2119 1464 quorum
2147 1394 2284 1448 alter
2304 1392 2618 1447 colentibus
2648 1390 2920 1444 actionem
2964 1387 3255 1450 convenit;
3291 1385 3450 1446 alter,

1882 1486 1969 1539 his
1996 1484 2089 1554 qui
2117 1483 2569 1553 contemplationi
2602 1481 2844 1537 student.
2896 1479 2974 1534 Ac
3021 1479 3171 1549 prior
3204 1476 3449 1547 quidem,

1882 1594 1949 1631 ex
1975 1577 2070 1631 Dei
2101 1577 2294 1631 timore
2326 1576 2535 1630 acbona
2558 1588 2675 1643 spe,
2700 1572 2886 1626 animo
2918 1570 3165 1635 accedit;
3218 1570 3450 1623 alterum

1882 1685 2035 1735 vero,
2060 1668 2155 1722 Dei
2181 1683 2335 1722 amor
2364 1680 2686 1735 summaque
2709 1662 3007 1718 mundities
3031 1661 3196 1732 parit.
3247 1660 3453 1714 Prioris

214 1759 459 1829 ρίσματα
486 1758 541 1812 δὲ
573 1759 666 1813 τοῦ
696 1760 794 1829 μὲν
830 1759 1046 1831 πρώτου
1100 1760 1320 1831 μέτρου,
1348 1761 1408 1813 τὸ
1440 1762 1496 1812 ἐν
1537 1760 1615 1831 τῷ
1656 1778 1781 1813 συν·

1886 1761 2033 1815 modi
2065 1760 2269 1815 indicia
2298 1766 2447 1823 sunt,
2485 1758 2717 1812 collecta
2745 1763 2928 1811 mente
2957 1770 2986 1808 a
3012 1752 3305 1807 mundanis
3332 1766 3451 1803 om-

210 1855 441 1920 αγαγεῖν
475 1852 566 1905 τὸν
622 1852 747 1905 νοῦν
794 1854 857 1906 ἐκ
904 1853 1121 1907 πάντων
1150 1854 1257 1906 τῶν
1294 1852 1387 1907 τοῦ
1420 1855 1626 1924 κόσμου
1660 1871 1783 1924 νοη-

214 1943 421 2011 μάτων,
454 1942 549 1996 καὶ
577 1942 653 2005 ὡς
687 1942 834 2012 αὐτῷ
868 1942 1033 1996 αύτοῦ
1071 1945 1469 2014 περιισταμένου
1496 1945 1590 1998 τοῦ
1623 1944 1779 2013 Θεοῦ,

208 2034 399 2104 ὥσπερ
437 2034 529 2086 καὶ
555 2034 825 2104 παρέστη,
866 2032 1138 2089 ποιεῖσθαι
1163 2034 1262 2098 τὰς
1296 2034 1607 2107 προσευχὰς
1644 2037 1780 2089 άπε-

213 2127 527 2196 ρισπάστως
556 2128 650 2180 καὶ
681 2126 1068 2198 ἀνενοχλήτωςο
1102 2126 1194 2180 τοῦ
1230 2127 1287 2180 δὲ
1331 2127 1607 2199 δευτέρου,
1636 2128 1698 2181 τὸ
1724 2130 1782 2183 ἐν

208 2221 348 2291 αὐτῇ
380 2223 447 2289 τῇ
489 2221 632 2291 ὁρμῇ
682 2221 778 2290 τῆς
812 2221 1117 2291 προσευχῆς
1170 2221 1481 2291 άρπαγῆναι
1521 2223 1610 2274 τὸν
1657 2221 1782 2275 νοῦν

211 2308 318 2362 ὑπὸ
344 2307 438 2361 τοῦ
472 2308 618 2360 θείου
655 2309 750 2361 καὶ
778 2308 1006 2379 ἀπείρου
1050 2309 1247 2376 φωτὸς,
1282 2310 1376 2361 καὶ
1418 2310 1555 2379 μήτε
1587 2310 1779 2363 ἑαυτοῦ

211 2400 352 2471 μήτε
393 2399 539 2463 τινὸς
575 2399 735 2454 ἄλλου
762 2400 870 2454 τῶν
913 2400 1080 2452 ὅντων
1116 2401 1177 2453 τὸ
1207 2400 1421 2453 σύνολον
1455 2401 1779 2455 ἐπαισθάνε-
1814 2410 1819 2415 ’

211 2490 359 2552 σθαι,
393 2491 445 2542 εἰ
492 2490 568 2559 μὴ
613 2489 776 2559 μόνου
804 2487 897 2541 τοῦ
940 2488 1027 2541 διὰ
1054 2489 1151 2559 τῆς
1177 2489 1395 2561 ἀγάπης
1422 2491 1478 2541 ἐν
1508 2490 1654 2561 αύτῷ
1683 2492 1780 2562 τὴν

208 2581 467 2651 τοιαύτην
504 2579 765 2649 ἔλλαμψιν
821 2579 1191 2650 ἐνεργοῦντος.
1248 2582 1379 2632 Τότε
1421 2581 1476 2633 δὲ
1513 2581 1606 2633 καὶ
1652 2582 1781 2650 περὶ

209 2671 338 2733 τοὺς
384 2669 513 2739 περὶ
552 2667 688 2721 Θεοῦ
742 2668 932 2735 λόγους
982 2667 1338 2738 κινούμενος,
1388 2669 1631 2739 καθαρὰς
1686 2672 1780 2723 καὶ

207 2760 414 2832 τρανάς
438 2761 535 2822 τὰς
567 2760 694 2832 περὶ
724 2759 888 2813 αὐτοῦ
918 2759 1181 2830 λαμϐάνει
1220 2760 1507 2831 ἐμφάσεις.

278 2851 345 2916 ζ’.
380 2853 448 2906 Ὅ
468 2869 552 2916 τις
586 2853 795 2922 ἀγαπᾷ,
849 2850 1038 2906 τούτου
1087 2852 1181 2905 καὶ
1228 2853 1512 2921 ἀντέχεται
1541 2852 1777 2915 πάντως·

206 2946 305 2999 καὶ
350 2944 569 2998 πάντων
609 2943 715 2997 τῶν
761 2943 898 3015 πρὸς
950 2942 1105 2995 τοῦτο
1155 2942 1555 3013 ἐμποδιζόντων
1607 2942 1775 3014 αὐτῷ,

1886 1851 2052 1905 nibus
2076 1849 2525 1921 cogitationibus,
2582 1848 2841 1916 velutque
2885 1846 2997 1901 Deo
3054 1844 3135 1898 illi
3185 1850 3451 1913 praesente

1885 1947 1986 2019 (uti
2024 1956 2079 2002 et
2118 1963 2250 2002 vere
2280 1961 2521 2016 praesens
2566 1944 2670 2015 est)
2712 1943 3028 1997 indistracte
3077 1940 3335 2008 omnique
3366 1951 3453 1992 se-

1883 2046 2029 2092 mota
2068 2037 2462 2107 cogitationum
2498 2032 2966 2104 interpellantium
3019 2031 3202 2093 turba,
3248 2043 3447 2083 orare;

1880 2129 2203 2201 posterioris
2236 2144 2389 2187 vero.
2444 2128 2547 2182 sub
2608 2127 2728 2196 ipso
2762 2124 3039 2193 [orationis
3076 2123 3285 2191 impetu
3333 2120 3450 2191 rapi

1881 2223 2123 2275 animum
2148 2221 2333 2275 divina
2360 2228 2418 2275 et
2446 2218 2658 2273 inﬁnita
2680 2218 2825 2280 luce,
2847 2231 2911 2270 ac
2940 2229 3117 2283 neque
3140 2213 3249 2278 sui,
3272 2226 3452 2280 neque

1881 2313 2029 2367 illius
2067 2327 2294 2382 prorsus
2342 2311 2577 2364 aliarum
2634 2323 2822 2363 rerum
2875 2320 3099 2361 sensum
3141 2303 3448 2373 percipere,

1883 2415 2245 2476 prietcrquam
2295 2405 2415 2473 ejus
2466 2402 2751 2466 duntaxat,
2805 2399 2900 2469 qui
2962 2414 3060 2468 per
3102 2398 3448 2461 charitatcm,

1882 2499 2045 2552 talem
2080 2498 2135 2552 in
2189 2512 2257 2551 eo
2310 2494 2734 2549 illustrationem
2772 2491 2955 2545 alllatu
3006 2505 3107 2544 suo
3165 2496 3448 2557 operatur.

1882 2588 2144 2655 Tuncque
2197 2584 2336 2639 adeo
2384 2585 2551 2638 etiam
2597 2582 2742 2637 circa
2772 2581 3013 2635 rationes
3061 2594 3182 2648 quae
3232 2578 3300 2631 de
3340 2579 3451 2632 Deo

1881 2685 2029 2740 sunt,
2067 2682 2270 2738 motus,
2296 2674 2473 2727 claras
2502 2673 2570 2728 de
2624 2673 2717 2726 illo
2764 2686 2829 2725 ac
2878 2670 3203 2739 conspicuas
3252 2667 3452 2737 accipit

1880 2764 2411 2836 reprzesentationes.

1953 2858 2005 2911 7.
2045 2856 2201 2923 Quod
2228 2856 2353 2924 quis
2376 2853 2579 2924 diligit,
2614 2852 2841 2906 omnino
2896 2850 3062 2905 etiam
3103 2849 3451 2919 amplectitur

1881 2958 1937 3004 et
1960 2948 2090 3003 colit
2110 2966 2124 3013 ;
2144 2963 2205 3001 ac
2226 2948 2270 3001 si
2301 2946 2435 3016 quid
2462 2946 2539 3000 illi
2571 2944 2967 3014 impedimento
3002 2942 3093 3006 sit,
3117 2934 3445 3002 contemnit,

206 3040 562 3107 καταφρονεῖ,
604 3036 690 3089 ἵνα
739 3035 813 3106 μὴ
844 3034 1008 3089 αὑτοῦ
1051 3034 1321 3106 στερηθῇ,
1369 3036 1461 3089 καὶ
1509 3037 1599 3089 τὸν
1646 3036 1778 3089 Θεὸν

1886 3054 1955 3093 ne
1983 3039 2078 3093 illo
2096 3038 2299 3108 privari
2326 3038 2502 3106 ipsum
2535 3035 2854 3104 contigerit;
2885 3032 2979 3102 qui
3000 3047 3131 3101 ergo
3164 3031 3335 3085 Deum
3366 3028 3451 3083 di-

204 3128 463 3195 ἀγαπῶν,
496 3127 836 3197 ἐπιμελεῖται
890 3126 1139 3197 καθαρᾶς
1187 3128 1516 3196 προσευχῆς⁸
1545 3128 1639 3180 καὶ
1668 3129 1776 3181 πᾶν

1886 3129 2019 3199 ligit,
2055 3144 2205 3198 purae
2231 3127 2467 3181 orationi
2495 3124 2837 3196 diligentiam
2885 3123 3073 3187 habet,
3118 3136 3448 3190 omnemque

206 3216 380 3279 πάθος
416 3216 550 3287 πρὸς
589 3215 744 3269 τοῦτο
795 3214 1086 3285 ἐμποδίζον
1135 3213 1318 3284 αὐτῷ,
1372 3214 1665 3268 ἀποϐάλλει
1717 3216 1777 3282 ἐξ

1886 3220 2137 3274 allectum
2167 3236 2232 3274 ac
2254 3219 2542 3274 libidinem
2577 3228 2633 3273 et
2658 3215 3182 3279 incommodantem,
3210 3228 3240 3268 a
3270 3228 3328 3268 se
3358 3228 3449 3267 re-

206 3306 403 3362 ἑαυτοῦ

274 3405 347 3470 η’.
396 3399 455 3452 Ὀ
502 3398 600 3470 τὴν
655 3398 867 3469 μητέρα
907 3398 1014 3451 τῶν
1058 3398 1243 3452 παθῶν
1276 3396 1566 3452 ἀποϐαλὼν
1592 3397 1779 3466 φιλαυ-

204 3490 349 3555 τίαν,
406 3488 502 3542 καὶ
534 3488 603 3543 τὰ
650 3488 811 3541 λοιπά
865 3487 1104 3559 εὐχερῶς
1152 3489 1247 3541 σὺν
1290 3486 1408 3557 Θεῷ
1439 3488 1773 3542 ἁποτίθεται’

204 3576 317 3636 οἷον
348 3582 537 3653 ὀργὴν,
574 3579 772 3649 λύπην,
824 3578 1207 3649 μνησικακίαν,
1255 3577 1347 3631 καὶ
1379 3576 1449 3630 τὰ
1488 3577 1634 3649 ἑξῆς
1667 3579 1694 3630 ὁ
1721 3578 1777 3630 δέ

205 3675 312 3729 ὑπὸ
343 3674 436 3726 τοῦ
490 3670 707 3743 πρώτου
770 3668 1166 3740 κρατούμενος,
1215 3668 1319 3723 ὑπὸ
1358 3669 1450 3721 τοῦ
1500 3668 1771 3737 δευτέρου,

206 3764 306 3819 κᾶν
365 3763 439 3836 μὴ
498 3763 660 3832 θέλῃ,
712 3759 1097 3830 τιτρώσκεται.
1134 3759 1394 3813 Φιλαυτία
1442 3758 1499 3811 δέ
1537 3760 1683 3820 ἐστι,
1718 3757 1777 3809 τὸ

205 3856 340 3927 πρὸς
368 3855 429 3907 τὸ
474 3853 633 3923 σῶμα
662 3851 865 3925 πάθος..
1284 3862 1287 3865 ’

274 4031 340 4084 θ’.
373 4028 472 4082 Διά
501 4028 599 4091 τὰς
628 4028 787 4080 πέντε
821 4026 1022 4089 ταύτας
1052 4025 1232 4088 αἰτίας
1253 4026 1301 4077 οἱ
1332 4022 1607 4095 ἄνθρωποι
1636 4024 1775 4092 ἀγα-

208 4122 377 4175 πῶσιν
402 4120 685 4191 ἀλλήλους,
726 4119 835 4172 εἴτε
868 4117 1188 4181 ἐπαινετῶς,
1220 4116 1329 4169 εἴτε
1352 4115 1588 4185 ψεκτῶς.
1626 4110 1772 4179 Οἷον,

203 4213 236 4284 ἢ
270 4214 358 4266 διά
397 4213 486 4265 τὸν
524 4211 675 4275 Θεὸν,
712 4210 785 4274 ὡς
831 4212 859 4262 ό
910 4208 1164 4279 ἐνάρετος
1206 4207 1450 4270 πάντας,
1501 4207 1594 4258 καὶ
1643 4206 1716 4269 ὡς
1747 4208 1776 4259 ό

201 4303 292 4357 τὸν
322 4303 572 4374 ἐνάρετον
601 4300 703 4355 κᾶν
744 4303 907 4371 μήπω
956 4300 1231 4370 ἐνάρετος·
1271 4298 1304 4371 ἢ
1355 4297 1442 4351 διὰ
1483 4298 1664 4367 φύσιν,
1700 4298 1774 4361 ὡς

1870 3312 2012 3383 jicit.

1947 3403 1999 3458 8.
2027 3402 2132 3469 Qui
2158 3402 2455 3457 affectuum
2485 3401 2734 3456 omnium
2762 3415 2825 3456 ac
2856 3399 3116 3455 vitiorum
3138 3403 3451 3467 parentem,

1878 3510 2079 3549 caecum
2109 3498 2289 3550 carnis
2317 3510 2557 3549 amorem
2599 3492 2937 3565 (φιλαυτίαν)
2963 3489 3248 3560 abiecerit,
3290 3487 3447 3545 facile

1878 3587 2043 3641 etiam
2076 3602 2196 3656 quae
2227 3595 2356 3640 sunt
2378 3586 2588 3655 reliqua
2622 3585 2776 3649 vitia,
2809 3583 2905 3639 Dei
2934 3596 3060 3651 ope,
3095 3579 3444 3639 eliminabit:

1882 3678 2015 3731 iram
2041 3677 2275 3742 scilicet,
2301 3676 2601 3738 tristitiam,
2631 3675 2962 3746 iniuriarum
3017 3670 3361 3732 memoriam,
3390 3677 3449 3724 et

1878 3784 2001 3837 quae
2031 3776 2358 3835 sequuntur.
2400 3765 2503 3831 Qui
2538 3775 2719 3819 autem
2748 3780 2778 3817 a
2818 3763 2999 3833 priore
3032 3763 3125 3816 illo
3180 3760 3444 3825 vincitur,

1879 3873 1907 3910 a
1939 3855 2183 3911 secundo
2206 3856 2341 3908 velit
2364 3855 2503 3908 nolit
2531 3854 2872 3907 vulneratur.
2899 3854 2995 3908 Est
3017 3862 3199 3906 autem
3250 3852 3446 3919 φιλαυ-

1878 3947 1985 4007 τία,
2015 3962 2122 4016 qua
2143 3945 2374 3999 libidine
2405 3959 2606 4014 corpus
2628 3943 3038 4013 prosequimur.

1947 4039 1999 4093 9.
2023 4037 2275 4107 Quinque
2300 4037 2383 4091 hae
2403 4051 2580 4090 causa:
2624 4045 2752 4089 sunt
2782 4050 2845 4088 ac
2887 4033 3151 4097 rationes,
3197 4033 3268 4087 ob
3306 4048 3446 4102 quas

1878 4128 2133 4181 homines
2162 4125 2255 4179 alii
2290 4125 2429 4179 alios
2458 4123 2712 4194 diligunt,
2745 4123 2859 4177 sive
2884 4138 2948 4176 ea
2983 4121 3277 4176 dilectione
3322 4137 3445 4191 qua:

1878 4216 2094 4271 laudem
2119 4216 2340 4287 habeat,
2370 4215 2483 4268 sive
2513 4230 2633 4283 qua:
2658 4213 2775 4267 vitii
2804 4228 3019 4277 noxam,
3046 4227 3109 4266 ac
3139 4211 3299 4282 digna
3356 4211 3444 4265 vi-

1879 4305 2093 4375 tuperio
2118 4304 2205 4357 sit.
2232 4302 2341 4357 Aut
2368 4301 2514 4355 enim
2539 4309 2765 4371 propter
2794 4300 2986 4363 Deum,
3016 4308 3075 4353 ut
3097 4300 3192 4368 qui
3235 4300 3443 4352 virtute

200 4396 249 4447 οἱ
287 4397 461 4462 γονεῖς
485 4393 551 4446 τά
580 4392 781 4455 τέκνα,
818 4390 909 4442 καὶ
948 4389 1203 4460 ἔμπαλιν·
1242 4389 1267 4457 ἢ
1307 4388 1397 4441 διὰ
1444 4387 1766 4454 κενοδοξίαν,

1886 4395 2134 4465 )raeditus
2160 4401 2264 4459 est,
2309 4408 2503 4447 omnes
2537 4392 2751 4461 diligit;
2787 4406 2849 4445 ac
2879 4390 3021 4447 sicut
3048 4390 3252 4445 virtute
3302 4405 3442 4458 pra:-

202 4488 276 4550 ὡς
306 4489 333 4539 ὁ
371 4486 723 4555 δοξαζόμενος
747 4483 837 4536 τὸν
880 4482 1185 4546 δοξάζοντα·
1213 4481 1244 4551 ἢ
1276 4480 1362 4533 διὰ
1391 4480 1773 4551 φιλαργυρίαν,

200 4576 271 4637 ὡς
303 4576 331 4626 ὁ
368 4575 458 4627 τὸν
488 4574 742 4626 πλούσιον
770 4572 857 4624 διὰ
888 4571 1068 4639 λῆψιν
1097 4569 1129 4639 ἢ
1173 4570 1259 4622 διὰ
1286 4568 1615 4639 φιληδονίαν,
1644 4568 1717 4630 ὠς
1746 4570 1774 4620 ὁ

197 4665 295 4734 τὴν
326 4666 573 4733 γαστέρα
617 4663 1052 4734 θεραπευόμενος
1100 4663 1197 4714 κοιλ¹
1226 4661 1295 4713 τά
1347 4661 1449 4713 ὑπὸ
1502 4662 1764 4732 γαστέρα.

200 4758 306 4808 Καὶ
338 4759 369 4827 ἡ
405 4758 503 4827 μὲν
534 4756 743 4827 πρώτη.
779 4756 1060 4823 ἐπαινετήο
1089 4756 1121 4825 ἡ
1151 4754 1208 4806 δὲ
1240 4754 1491 4825 δευτέρα,
1516 4754 1676 4825 μέση’
1710 4756 1765 4808 αἱ

196 4844 253 4897 δὲ
291 4845 492 4911 λοιπαὶ,
521 4845 809 4914 ἐμπαθεῖς.

1874 4486 2073 4548 ditum,
2096 4484 2189 4553 qui
2222 4483 2457 4537 necdum
2486 4482 2601 4551 ipse
2626 4483 2867 4537 animum
2906 4481 3099 4535 virtuti
3129 4479 3438 4535 addixerit:

1874 4576 1957 4631 vel
1988 4583 2217 4647 propter
2250 4583 2527 4637 naturam,
2567 4575 2644 4628 uti
2690 4581 2950 4642 parentes
2994 4573 3201 4626 liberos
3225 4610 3240 4635 ,
3279 4570 3426 4623 vicis-

1872 4664 2085 4733 simque
2110 4663 2321 4735 410‘:
2355 4671 2449 4717 aut
2483 4663 2663 4717 inanis
2695 4662 2882 4732 glorim
2922 4657 3120 4726 causa,
3157 4666 3215 4714 ut
3271 4659 3317 4713 is
3344 4657 3438 4727 qui

1868 4756 2148 4821 laudatur,
2190 4771 2317 4810 eum
2344 4755 2543 4825 diligit,
2570 4755 2663 4823 qui
2688 4754 2876 4808 laudat
2901 4770 2913 4805 :
2950 4762 3047 4807 aut
3064 4759 3290 4822 propter
3312 4764 3438 4804 ava-

1868 4845 2073 4909 ritiam,
2099 4852 2159 4899 ut
2182 4846 2275 4915 qui
2304 4845 2539 4899 divitem
2553 4844 2732 4915 diligit
2770 4850 2995 4914 propter
3021 4856 3252 4896 munera
3277 4857 3290 4891 :
3346 4852 3436 4898 aut

197 4935 432 5007 denique
463 4937 845 4993 ohlibidinem
893 4952 957 4992 ac
990 4939 1347 5008 voluptatem,
1394 4946 1454 4992 ut
1500 4940 1594 5009 qui
1634 4947 1883 4995 ventrem
1915 4957 1980 4996 ac
2042 4957 2280 4997 venerea
2334 4942 2484 4996 colit.
2521 4941 2600 4997 Ac
2653 4940 2875 5009 quidem
2935 4937 3087 5008 prior
3126 4950 3312 4999 causa,
3353 4934 3433 4987 in-

198 5037 280 5083 ter
299 5044 392 5084 eas
419 5028 670 5082 habenda
701 5038 805 5095 est,
840 5046 961 5099 quae
1014 5030 1218 5084 habent
1249 5030 1502 5096 laudem;
1537 5032 1732 5095 altera,
1775 5035 1920 5088 inter
1958 5034 2198 5099 medias;
2245 5034 2491 5103 reliqum,
2533 5034 2667 5089 vitio
2699 5034 2926 5087 haerent.

265 5128 317 5175 t'.
365 5122 491 5175 Ἐάν
528 5122 679 5185 τινὰς
728 5123 824 5193 μὲν
877 5126 1059 5195 μισῇς,
1108 5123 1257 5187 τινάς
1311 5124 1367 5177 δὲ
1396 5125 1514 5178 οὐδὲ
1545 5127 1761 5197 ἀγαπᾷς

192 5213 311 5267 ούδέ
344 5216 527 5284 μισῇς·
578 5214 796 5285 ἐτέρους
851 5215 907 5267 δὲ
955 5216 1206 5286 ἀγαπᾷς,
1238 5216 1373 5268 ἀλλά
1406 5217 1755 5287 συμμέτρως·

190 5302 381 5369 ἀλλους
432 5304 491 5359 δὲ
547 5306 751 5377 σφόδρα
783 5306 1020 5377 ἀγαπᾷς·
1058 5310 1122 5361 ἐκ
1154 5307 1359 5378 ταύτης
1388 5308 1487 5378 τῆς
1512 5310 1760 5380 ἀνισότη-

257 5456 338 5539 (in)
378 5457 996 5539 ’Πρακτμκὴμέθοδοςε
1037 5460 1196 5516 Ratio
1243 5462 1458 5539 scilicet
1503 5462 1747 5517 colenda:

191 5529 423 5600 actionis
457 5542 522 5600 ac
552 5529 777 5600 virtutis
809 5531 1062 5595 moralis;
1103 5547 1223 5600 qua:
1250 5532 1505 5585 videlicet
1554 5541 1742 5586 contra

190 5596 527 5677 θεωρητικὴν
560 5597 816 5652 distincta
848 5600 950 5677 sit;
972 5596 1135 5677 quam
1168 5611 1455 5677 utramque
1483 5618 1741 5655 necessa-

160 5666 325 5740 ‘riam
376 5666 641 5721 Maximus
696 5666 1092 5723 contendifad
1143 5666 1408 5725 orationis
1452 5672 1737 5739 quietem,

1938 5128 2023 5183 ιθ.
2058 5128 2114 5182 Si
2156 5128 2290 5182 alios
2319 5128 2519 5192 odisti;
2572 5128 2708 5181 alios
2757 5141 2860 5180 nec
2904 5123 3108 5194 diligis,
3143 5137 3245 5175 nec
3306 5136 3434 5176 vero

1866 5219 2069 5285 odisti;
2106 5220 2243 5273 alios
2288 5228 2471 5274 autem
2518 5218 2700 5289 diligis
2748 5217 2992 5287 quidem,
3029 5215 3128 5271 sed
3171 5213 3384 5268 modice
3416 5231 3439 5268 ιη

1867 5310 2005 5363 alios
2036 5310 2275 5379 denique
2308 5309 2693 5363 vehementius
2720 5307 2920 5377 diligis,
2954 5321 3026 5363 ex
3052 5306 3157 5360 hac
3187 5305 3445 5374 inaequan.

1855 5463 2104 5532 nihilque
2127 5478 2314 5532 vagam
2342 5463 2395 5517 in
2424 5480 2485 5517 ea
2522 5464 2908 5519 continendam
2935 5471 3198 5516 mentem.
3224 5459 3427 5530 OhSOp,

1851 5542 1907 5586 ct
1938 5532 2103 5587 Gesn.
2146 5534 2344 5602 Efﬁcax
2375 5534 2514 5587 ratio
2544 5544 2590 5587 et
2619 5533 2921 5602 disciplina.
2978 5532 3122 5602 Nihil
3174 5539 3299 5600 apte
3324 5542 3436 5602 aut

1851 5612 1907 5674 et
1957 5602 2016 5654 τὸ
2051 5601 2483 5674 ἀπερισπάστως
2517 5601 2930 5674 προσεύχεσθαι,
2960 5601 3221 5672 indefessa
3264 5610 3311 5653 et
3348 5601 3431 5665 ἔην,

1819 5673 2087 5734 _dcsinens
2112 5674 2302 5726 orandi
2340 5673 2612 5728 sedulitas.
