3876 6314
203 317 224 369 ι
245 311 326 368 iiii

1116 315 1453 375 CAPITUM
1488 317 1584 374 DE
1623 313 2054 374 (ΣΙΙΛΒΙΤΛἘΕ
2095 313 2484 375 CE‘N’I‘URIA
2521 315 2604 376 ΙΙ.

3383 313 3490 374 990

218 425 323 478 ἐπὶ
351 424 528 496 φιλίαν
572 424 836 496 ἄλογον,ἢ
876 427 968 479 ἐπὶ
1016 429 1170 496 μῖσος
1223 427 1468 499 ἄκριτον,
1511 429 1544 498 ἦ
1581 425 1803 496 τινος,ῆ

1917 433 2236 490 turam,aut
2283 428 2338 480 in
2382 442 2624 480 amorem
2677 427 2894 482 ratione
2939 433 3241 489 carentem,
3291 431 3388 479 aut
3438 425 3494 476 in

219 520 248 569 δ
259 523 313 572 ιά
350 536 400 570 τι
431 518 540 570 τῶν
574 519 868 588 αἰσθητῶν.
899 513 1024 572 Οῗον
1051 522 1144 572 ἐπὶ
1183 519 1280 590 μὲν
1311 521 1494 588 φιλίαν
1525 519 1738 587 ἄλογον,
1771 519 1803 588 ἢ

225 613 554 682 βρωμάτων,
580 613 910 683 ἣγυναικὸς,
939 612 972 681 ἢ
1001 613 1321 682 χρημάτων,
1351 612 1382 681 ἢ
1415 611 1574 682 δόξης
1607 629 1681 662 πα
1693 627 1806 679 ρερ-

221 705 482 772 χημένης,
523 704 724 773 ἦτινος
763 703 926 758 ἄλλου
957 704 1062 756 τῶν
1095 703 1388 778 αξσοητῶν,
1425 703 1456 771 ἢ
1491 703 1579 754 διὰ
1607 701 1800 754 ταῦτα.

199 795 354 866 ,κᾷτά
383 799 536 864 μῖσος
570 795 623 849 δὲ
673 797 914 864 ἆκριτον’
947 791 1056 850 οἷον
1099 797 1134 866 ἦ
1168 813 1312 858 τινος
1339 793 1444 846 τῶν
1469 793 1807 863 προειρημέ-

221 908 348 944 νων.
379 891 449 952 ὡς
480 891 715 960 εἴρηται,
757 887 789 958 ἢ
821 887 956 958 πρός
989 905 1110 940 τινα
1142 887 1230 939 διὰ
1251 885 1448 940 ταῦτα.

1911 521 2100 576 odium
2138 523 2257 576 sine
2275 523 2506 592 judicio,
2546 521 2661 576 sive
2689 521 2921 590 alicujus
2973 519 3074 582 rei,
3107 518 3222 572 sive
3263 525 3492 586 propter

1910 626 2024 664 rem
2047 611 2286 680 aliquam
2317 613 2368 666 in
2397 627 2618 666 sensum
2653 611 2964 665 cadentem.
2993 609 3128 663 Puta
3163 607 3216 660 in
3245 621 3488 660 amorem

1911 705 2124 757 ratione
2153 713 2453 764 carentem,
2488 713 2582 756 aut
2613 703 2882 765 ciborum,
2905 709 3000 754 aut
3025 699 3210 752 uxoris
3241 713 3338 751 seu
3367 713 3480 750 mu-

1907 790 2078 854 lieris,
2107 803 2202 846 aut
2225 793 2601 861 pecuniarum.
2641 802 2735 846 aut
2763 791 2918 846 ﬂuxae
2943 791 3147 860 gloriae,
3181 797 3273 842 aut
3299 789 3486 858 cujus—

1905 887 2050 956 piam
2091 891 2321 944 alterius
2367 890 2710 944 sensibilium
2741 931 2754 954 ,
2805 897 2906 942 aut
2951 897 3176 958 propter
3229 887 3367 939 lucc.
3425 883 3484 936 in

223 983 414 1036 odium
444 998 574 1036 vero
597 981 716 1035 sine
743 981 973 1052 judicio,
1013 991 1164 1050 puta,
1195 989 1288 1034 aut
1329 981 1563 1052 alicujus
1609 993 1801 1033 eorum
1843 995 1963 1048 qua:
1992 983 2138 1038 dicta
2168 993 2318 1048 sunt,
2347 986 2424 1038 uti
2454 983 2662 1038 dictum
2683 991 2790 1046 est,
2817 992 2912 1036 aut
2971 981 3026 1033 in
3083 981 3320 1049 aliquem
3355 993 3482 1046 pro-

219 1090 344 1146 pter
371 1075 482 1130 illa.

297 1169 383 1231 ιζ’.
429 1169 502 1220 ’Ἡ
544 1167 706 1222 πάλιν
759 1167 925 1221 κακία
977 1167 1143 1228 ἐστὶν,
1191 1163 1570 1235 ἠέσφαλμένη
1621 1163 1800 1234 κρίσις

183 1257 329 1324 ,τῶν
361 1261 672 1327 νοημάτων,
796 1257 1156 1310 ἐπακολουθεῖ
1213 1259 1246 1327 ἡ
1292 1257 1640 1326 παράχρησις
1691 1254 1799 1307 τῶν

215 1351 588 1421 πριγμάτων.
624 1345 748 1403 Οἶον
777 1351 850 1413 ὼς
883 1349 976 1401 ἐπὶ
1001 1349 1100 1417 τῆς
1139 1347 1415 1416 γυναικὸς,
1449 1349 1482 1418 ἡ
1513 1333 1646 1416 ὀρθὴ
1675 1344 1798 1414 κρί-

215 1461 306 1506 σις
341 1443 437 1512 τῆς
469 1443 775 1508 συνουσίας,
824 1445 851 1494 ὀ
903 1441 1104 1503 σκοπός
1137 1443 1253 1494 ἐστι
1291 1439 1391 1506 τῆς
1435 1436 1792 1498 παιδοποιίας.

227 1535 292 1586 '0
321 1531 414 1587 οὖν
447 1536 526 1598 εἰς
572 1535 672 1604 τὴν
694 1533 886 1604 ἡδονὴν
917 1531 1382 1602 ἀποϐλεψάμενος,
1425 1529 1632 1598 ἐσφάλη
1670 1527 1796 1598 περὶ

1983 1165 2068 1220 17.
2107 1167 2214 1222 Aut
2237 1183 2430 1222 rursus
2469 1167 2660 1221 vitium
2690 1174 2772 1220 est
2791 1165 2903 1218 sive
2937 1163 3175 1232 pravitas
3201 1177 3264 1214 ac
3325 1159 3478 1212 mali-

1910 1257 2004 1322 tia,
2035 1259 2230 1316 falsum
2261 1259 2427 1313 animi
2479 1267 2844 1327 conccptuum
2894 1267 3286 1320 sensorumque
3336 1251 3485 1320 judi-

1906 1345 2076 1410 cium,
2113 1347 2258 1416 quod
2288 1347 2494 1402 abusus
2535 1361 2716 1400 rerum
2777 1343 3049 1412 sequitur.
3079 1339 3238 1393 Verbi
3284 1337 3477 1408 gratia,

1907 1435 1960 1489 in
1988 1455 2179 1502 uxore,
2207 1448 2418 1493 rectum
2451 1437 2661 1506 copulze
2705 1435 2976 1506 judicium
3021 1441 3126 1496 est,
3173 1431 3478 1484 liberorum

1904 1527 2386 1598 suscipiendorum
2418 1528 2562 1582 linis.
2585 1527 2686 1594 Qui
2723 1527 2887 1596 igitur
2906 1525 2973 1579 ad
3009 1523 3342 1592 voluptatem
3381 1533 3477 1574 seu

211 1627 320 1696 τὴν
376 1627 582 1696 κρίσιν,
624 1625 686 1679 τὸ
719 1625 794 1694 μὴ
828 1624 990 1677 καλὸν
1017 1623 1092 1686 ὼς
1121 1622 1286 1676 καλὸν
1319 1621 1686 1690 ἡγησάμενος.
1737 1620 1795 1672 '0

1905 1618 2189 1672 libidinem
2217 1619 2448 1689 aspexit,
2485 1618 2532 1672 is
2558 1617 2765 1688 judicio
2791 1615 2958 1670 falsus
2986 1622 3090 1678 est,
3118 1613 3210 1681 qui
3241 1625 3352 1664 non
3377 1611 3480 1664 bo-

212 1719 351 1784 γοῦν
377 1717 640 1780 τοιοῦτος,
669 1715 1024 1786 παραχρῆται
1055 1715 1274 1782 γυναικὶ
1293 1711 1796 1780 συνουσιαζὸμενος.

215 1809 334 1862 Καὶ
360 1809 452 1862 ἐπὶ
527 1808 634 1861 τῶν
704 1807 878 1862 ἄλλων
956 1807 1302 1877 πραγμάτων
1361 1805 1455 1856 κει)⁵
1512 1803 1800 1874 νοημάτων

209 1900 442 1971 ὁμοίως.

294 1995 384 2060 ιη’.
417 1989 546 2040 Ὅτε
594 1987 682 2042 τὸν
711 1989 834 2042 νοῦν
887 2005 980 2041 σου
1033 1989 1084 2040 οί
1124 1986 1236 2059 [Fr.
1281 1987 1448 2038 Ὅταν
1501 1985 1680 2038 τοίνυν
1709 1985 1798 2038 τὸν

207 2079 341 2136 νοῦν
383 2078 458 2150 οἱ]
502 2079 752 2148 δαίμονες
793 2079 892 2148 τῆς
927 2079 1284 2150 σωφροςύνης
1315 2077 1652 2139 ἐκϐαλόντες,
1689 2077 1797 2136 τοῖς

205 2173 316 2242 τῆς
351 2173 606 2242 πορνείας
636 2173 914 2243 λογισμοῖς
969 2169 1448 2242 περικυκλώσωσι,
1501 2171 1621 2222 τότε
1659 2169 1795 2239 μετὰ

205 2265 468 2334 δακρὲων
508 2263 632 2331 λέγε
669 2264 803 2333 πρὸς
835 2264 925 2316 τὸν
961 2264 1258 2334 Δεσπότην·
1305 2263 1699 2329 Ἐκϐαλόντες
1719 2281 1795 2332 με

205 2359 334 2412 νῦν
382 2357 877 2425 περιεκύκλωσάν
915 2374 1012 2425 με,
1045 2357 1108 2409 τὸ
1149 2355 1498 2426 ἀγαλλίαμά
1529 2373 1646 2425 μοι·
1685 2356 1794 2408 λύ-

205 2449 438 2517 τρωσαί
467 2448 701 2516 με,ἀπό
735 2447 853 2500 τῶν
880 2447 1326 2501 κυκλωσάντων
1345 2463 1458 2516 με’
1495 2448 1589 2500 καὶ
1623 2447 1788 2520 σώζῃ.

289 2540 373 2595 ιϐ’.
419 2542 600 2608 Βαρὺς
630 2541 658 2592 ὁ
706 2540 806 2610 τῆς
846 2539 1103 2608 πορνείας
1151 2535 1385 2609 δαίμων,
1421 2541 1516 2592 καὶ
1550 2540 1796 2608 σφοδρῶς

207 2633 515 2697 ἐπιτίθεται
548 2636 661 2697 τοῖς
723 2634 866 2687 κατὰ
916 2633 1010 2688 τοῦ
1072 2633 1278 2696 πάθους
1346 2633 1789 2704 ἀγωνιζομένοις·

205 2725 309 2780 καὶ
344 2725 576 2795 μάλιστα
614 2726 672 2776 ἐν
702 2726 768 2794 τῇ
803 2723 1034 2793 ἀμελείᾳ
1062 2723 1162 2792 τῆς
1185 2723 1418 2793 διαίτης,
1455 2725 1546 2778 καὶ
1579 2727 1634 2776 ἐν
1669 2729 1791 2786 ταῖς

209 2817 525 2888 συντυχίαις
547 2817 655 2869 τῶν
675 2815 969 2884 γυναικῶν.
992 2814 1310 2886 Λεληθότως
1333 2815 1442 2884 γὰρ
1466 2819 1530 2886 τῇ
1559 2815 1791 2886 λειότητι

206 2911 310 2980 τῆς
345 2909 539 2980 ἡδονῆς
572 2907 928 2962 ὑποκλέπτων
978 2907 1068 2960 τὸν
1121 2905 1263 2970 νοῦν,
1299 2909 1588 2977 μετέπειτα
1621 2911 1792 2978 ἐπεμ-

206 3002 386 3056 σαίνει
419 3001 512 3064 διὰ
535 3003 633 3072 τῆς
665 3001 884 3070 μνήμης
914 3001 1240 3070 ἡσυχάζοντι
1271 2999 1370 3070 (q),
1409 3000 1470 3052 τό
1541 3018 1600 3052 τε
1630 3001 1787 3070 σῶμα

209 3091 550 3161 ἐμπυρίζων,
584 3092 678 3144 καὶ
717 3091 966 3154 ποικίλας
1006 3089 1221 3160 μορφὰς
1259 3089 1338 3160 τῷ
1376 3090 1450 3160 νῷ
1484 3091 1784 3161 παριστῶν.

209 3183 304 3236 Διὸ
337 3183 433 3235 καὶ
481 3181 616 3252 πρὸς
658 3182 755 3250 τὴν
809 3181 1212 3250 συγκατάθεσιν
1257 3181 1354 3250 τῆς
1385 3181 1658 3250 ἁμαρτίας
1689 3182 1787 3234 αὐ-

205 3275 303 3326 τὸν
341 3274 674 3328 ἐκκαλεῖται·
707 3273 778 3338 ἀς
817 3275 911 3328 ἐὰν
942 3274 1102 3345 θέλῃς
1134 3272 1210 3346 μὴ
1236 3273 1568 3344 ἐγχρονίζειν
1599 3276 1657 3326 ἐν
1681 3273 1782 3334 σοὶ,

209 3367 468 3436 νηστείαν
499 3365 768 3421 ἀναλαϐοὖ
819 3367 916 3420 καὶ
977 3367 1144 3422 κόπον
1193 3369 1287 3422 καὶ
1335 3367 1664 3436 ἀγρυπνίαν,
1693 3367 1786 3420 καὶ

205 3457 310 3526 τὴν
333 3457 504 3526 καλὴν
533 3455 762 3526 ἡσυχίαν
800 3455 938 3524 μετά
965 3455 1215 3518 ὲκτενοῦς
1247 3457 1573 3526 προσευχῆς.

279 3640 348 3691 κ’.
391 3635 454 3688 Oi
509 3633 605 3704 τὴν
649 3631 826 3703 ψυχὴν
875 3633 1030 3702 ἡμῶν
1083 3632 1169 3685 ἀεὶ
1200 3631 1506 3701 ζητοῦντες,
1561 3633 1648 3688 διὰ
1676 3634 1784 3687 τῶν

207 3726 474 3798 ἐμπαοῶν
499 3725 772 3794 λογισμῶν
801 3724 1056 3794 ζητοῦσιν
1087 3725 1220 3794 (16),
1255 3725 1342 3776 ἵνα
1373 3725 1540 3794 αὐτὴν
1571 3727 1650 3788 είς
1687 3727 1785 3794 τὴν

205 3821 352 3876 κατᾶ
383 3820 644 3883 διάνοιαν,
681 3818 716 3888 ἦ
748 3816 844 3886 τὴν
888 3815 1010 3870 κατ’
1058 3815 1336 3885 ἐνέργειαν
1381 3817 1652 3886 ἁμαρτίαν
1685 3817 1786 3886 ὲμ-

208 3911 468 3966 ϐάλωσιν.
495 3911 664 3964 Ὅταν
703 3903 795 3962 οὖν
847 3907 1049 3980 εὕρωσι
1091 3908 1182 3960 τὸν
1214 3905 1340 3960 νοῦν
1377 3907 1452 3978 μὴ
1491 3908 1787 3978 παραδεχό-

213 4013 394 4066 μενον,
460 3997 582 4048 τότε
636 3995 1088 4065 αίσχυνθὴσονται
1156 3996 1251 4047 καὶ
1319 3996 1781 4066 ἐντραπήσονται·

207 4089 340 4140 ὅταν
372 4085 428 4140 δὲ
458 4089 524 4156 τῇ
551 4087 895 4156 πνευματικῇ
928 4083 1133 4156 Θεωρία
1155 4084 1633 4156 ἐνασχολούμενον,
1663 4087 1785 4140 τότε

209 4178 724 4248 ἀποστραφήσονται
749 4177 843 4230 καὶ
872 4176 1428 4248 καταισχυνθήσονται
1449 4177 1666 4249 σφόδρα
1697 4179 1784 4234 διὰ

207 4268 423 4338 τάχους.

284 4361 389 4408 κα’.
453 4356 712 4408 Διακόνου
771 4355 928 4424 λόγον
984 4357 1170 4427 ἐπέχει
1213 4357 1308 4428 (r),
1365 4359 1393 4410 ὁ
1464 4359 1600 4430 πρὸς
1654 4363 1781 4424 τοὺς

213 4449 394 4518 ἱεροὺς
422 4447 638 4516 ἀγῶνας
681 4446 914 4515 ἀλείφων
939 4447 1029 4500 τὸν
1055 4449 1198 4512 νοῦν,
1237 4449 1330 4502 καὶ
1353 4449 1478 4512 τοὺς
1521 4451 1786 4521 ἐμπαθεῖς

209 4539 506 4608 λογισμοὺς
544 4537 866 4591 ἀπελαύνων
910 4539 1006 4590 ἀπ’
1047 4537 1232 4590 αὑτοῦ·
1289 4539 1662 4610 πρεσϐυτέρου
1705 4541 1780 4606 δὲ,

209 4633 242 4682 ὁ
276 4633 357 4695 εἰς
383 4633 484 4702 τὴν
520 4631 722 4700 γνῶσιν
761 4633 869 4685 τῶν
898 4631 1066 4684 ὄντων
1095 4629 1365 4700 φωτίζων,
1407 4634 1500 4686 καὶ
1530 4635 1627 4705 τὴν
1661 4635 1786 4704 ψευ-

283 4766 328 4800 ³⁸
357 4767 498 4823 Psal.
531 4785 639 4834 xvi,
669 4767 766 4835 ii;
797 4783 943 4833 xxxr,
973 4769 1025 4823 7.
1101 4769 1145 4800 ⁸ο
1165 4769 1305 4823 Psal.
1334 4785 1410 4836 vr,
1447 4771 1532 4824 11.

287 4905 362 4977 (q)
405 4907 778 4978 Ἐπεμϐαίνει
816 4906 920 4978 διὰί
951 4905 1062 4974 τῆς
1092 4905 1337 4978 μνήμης
1358 4975 1367 4978 4
1389 4909 1772 4978 ἡσυχάζοντι,

213 4975 272 5031 1d
291 4975 593 5046 praesertim
617 4977 684 5030 ad
708 4977 1032 5038 monachos,
1051 4975 1144 5045 qui
1171 4975 1618 5046 ἡσυχάζοντεξθι
1649 4981 1777 5045 ἠσυ-

213 5045 414 5116 χασταὶ
459 5057 866 5115 nuncupantur,
918 5049 1076 5115 quasi
1132 5045 1308 5116 amica
1338 5048 1636 5104 solitudine
1671 5065 1771 5104 sa:-

215 5115 482 5170 cularium
547 5117 796 5170 munium
827 5133 892 5171 ac
935 5131 1192 5170 curarum
1255 5115 1630 5182 immunitate,
1680 5121 1774 5172 uni

215 5186 348 5257 Deo,
381 5201 445 5238 ac
467 5185 533 5240 iis
555 5201 689 5257 quae.
710 5195 837 5240 sunt
855 5187 1067 5257 salutis,
1093 5194 1374 5257 vacantes.
1401 5187 1516 5242 lllis
1562 5191 1694 5257 ergo
1744 5205 1774 5242 a

213 5256 550 5326 neglectiore
583 5255 762 5310 victus
803 5256 1034 5326 ratione.
1089 5271 1152 5308 ac
1177 5255 1775 5326 muliercularum'col-

213 5325 436 5394 loquiis,
473 5341 574 5394 per
605 5327 928 5380 memoriam
977 5325 1257 5394 obrepunt
1299 5325 1598 5390 daemones,
1644 5328 1776 5380 dum

213 5395 412 5450 sedent
431 5395 686 5458 solitarii,
715 5411 780 5450 ac
803 5411 926 5450 cum
963 5411 1061 5464 per
1091 5395 1406 5451 solitudinis
1430 5398 1773 5452 occasionem

215 5479 274 5518 se
299 5479 466 5533 supra
525 5465 710 5519 levare
747 5465 1050 5519 deberent:
1102 5465 1322 5533 jamque
1369 5465 1424 5520 in
1457 5468 1776 5520 cmlcstibus

213 5533 628 5605 versari.__Nihil
654 5549 684 5588 e
705 5551 762 5589 re
791 5533 995 5605 Obsop.
1019 5534 1091 5588 Ac
1111 5534 1352 5605 deinceps
1383 5553 1475 5605 per
1511 5539 1778 5590 memoria:

215 5603 662 5674 tranquillitatem
681 5604 996 5674 ingreditur.
1044 5605 1122 5674 Ae
1177 5603 1473 5674 nec’Ge'sn.
1513 5606 1778 5659 Memoria:

213 5673 420 5726 incauti
435 5681 484 5726 et
508 5672 750 5728 securise'
771 5675 1028 5727 insinuat.
1062 5672 1154 5726 Sic
1201 5673 1464 5727 nimirum
1497 5675 1778 5730 Calvinia-

217 5757 322 5807 aus
368 5743 596 5810 candor,
637 5743 694 5798 ni
737 5743 910 5814 magis
946 5742 1236 5814 supinitas,
1289 5743 1480 5814 reique
1513 5747 1776 5801 ecclesia-

1813 4317 1862 4374 Ι)

1861 1757 1870 1764 .
1903 1727 2034 1764 num
2065 1719 2320 1781 tanquam
2351 1712 2554 1766 bonum
2575 1709 2949 1765 zestimaverit.
2999 1705 3102 1772 Qui
3153 1705 3320 1774 igitur
3355 1703 3478 1758 talis

1902 1810 2008 1862 est,
2071 1802 2268 1870 copula
2311 1801 2582 1856 abutitur.
2629 1799 2896 1854 Similiter
2955 1809 3172 1866 quoque
3203 1795 3260 1848 in
3313 1793 3478 1848 rebus
3531 1789 3544 1804 '

1900 1891 2043 1953 aliis,
2073 1901 2237 1960 atque
2257 1891 2425 1945 animi
2449 1891 2646 1945 sensis.

1974 1983 2058 2036 18.
2081 1983 2216 2038 Cum
2242 1983 2424 2052 itaque
2455 1983 2730 2037 daemones
2757 1987 2994 2034 mentem
3039 1987 3187 2032 tuam
3224 1991 3254 2030 a
3301 1973 3468 2030 caSti—

1899 2075 2030 2128 tatis
2056 2091 2184 2130 arce
2215 2075 2507 2146 dejeetam,
2548 2073 2904 2129 scortatiouis
2930 2087 2993 2124 ac
3041 2069 3289 2123 libidinis
3325 2067 3474 2136 eogi-
3503 2079 3516 2097 ι

1900 2165 2202 2220 tationibus
2228 2167 2717 2230 ciretumlederlnt,
2737 2175 2866 2218 tunc
2892 2163 2946 2218 in
2977 2163 3250 2232 lacrymas
3267 2157 3478 2212 eﬂ‘usns

1899 2257 2075 2312 dicito
2125 2257 2192 2312 ad
2228 2259 2520 2312 Dominum
2556 2276 2568 2312 :
2608 2258 2887 2328 Ejicientes
2932 2271 3012 2309 me
3066 2269 3204 2306 nunc
3247 2253 3474 2303 εἰη-ωηο

1895 2347 2152 2400 dederunt
2193 2365 2305 2412 me;
2341 2347 2627 2402 exsultatio
2657 2363 2772 2400 mea
2809 2361 2933 2398 erue
2961 2359 3042 2396 me
3071 2359 3102 2394 a
3132 2339 3474 2394 circumdan-

1880 2439 2030 2493 'tibus
2059 2457 2139 2494 me
2171 2441 2214 2471 ³⁹
2239 2457 2253 2504 ;
2280 2449 2335 2494 et
2363 2441 2545 2494 salvus
2579 2439 2711 2492 eris.

1968 2531 2054 2584 19.
2082 2529 2274 2584 Gravis
2308 2538 2393 2584 est
2427 2539 2483 2584 et
2517 2529 2781 2583 molestus
2828 2525 3183 2581 scortationis
3238 2524 3471 2586 daemon,

1895 2621 2388 2690 vehementiusque
2411 2635 2510 2676 eos
2543 2621 2847 2690 impugnat,
2895 2620 2988 2688 qui
3024 2618 3288 2674 adversus
3345 2615 3473 2670 libi-

1893 2711 2078 2766 dinem
2122 2721 2400 2766 certamen
2429 2709 2794 2781 susceperunt
2823 2729 2836 2764 :
2867 2711 3032 2780 idque
3065 2709 3298 2764 maxime
3345 2725 3470 2763 cum

1893 2803 2198 2874 neglectior
2219 2804 2402 2858 victus
2433 2803 2572 2857 ratio
2605 2811 2712 2868 est,
2747 2802 2876 2858 etin
2933 2801 3228 2870 colloquiis
3277 2801 3474 2855 mulie-

1893 2909 2036 2947 rum.
2075 2893 2414 2964 Imprudenti
2467 2893 2616 2948 enim
2659 2895 2958 2965 voluptatis
2987 2895 3244 2949 illecebra
3286 2893 3469 2947 animo
3529 2931 3534 2936 -

1895 2985 2186 3054 obrepcns,
2229 2984 2580 3060 postmodum
2610 3000 2794 3040 secum
2827 2984 3026 3056 ipsum,
3055 2985 3278 3052 otioque
3307 2997 3470 3051 agen-

1895 3085 2026 3140 tem,
2057 3092 2156 3146 per
2184 3075 2507 3130 memoriam
2529 3077 2862 3148 aggreditur,
2903 3085 3018 3130 tum
3069 3089 3274 3146 corpus
3304 3073 3470 3128 ardo-

1896 3165 2049 3219 ribus
2077 3165 2399 3230 incendens,
2434 3173 2548 3218 tum
2585 3181 2715 3218 vero
2743 3163 2914 3218 menti
2966 3165 3215 3218 diversas
3266 3161 3469 3217 formas

1893 3256 2221 3311 obtendens.
2247 3255 2374 3322 llas,
2398 3257 2440 3311 si
2467 3257 2518 3309 in
2555 3265 2604 3310 te
2631 3255 2834 3309 morari
2865 3255 3028 3320 nolis,
3058 3254 3328 3325 jejunium
3379 3269 3468 3307 as—

1894 3365 2050 3404 sume
2106 3357 2162 3404 et
2212 3349 2454 3404 laborem
2502 3357 2558 3402 et
2601 3347 2839 3418 vigilias,
2897 3347 3298 3415 bonestamque
3342 3359 3466 3398 cum

1892 3441 2104 3512 prolixa
2151 3439 2314 3512 412
2345 3439 2595 3495 oratione
2621 3438 2870 3492 vacantis
2911 3437 3080 3491 animi
3121 3437 3362 3506 quietem
3405 3449 3468 3490 ac

1892 3531 2264 3586 solitudinem.
2357 3531 2372 3538 “

1960 3633 2047 3686 ΞΟ.
2068 3631 2170 3698 Qui
2202 3631 2442 3686 animam
2465 3639 2712 3686 nostram
2736 3647 2956 3700 semper
2980 3637 3252 3700 quaerunt,
3275 3645 3376 3698 per
3401 3627 3458 3682 li-

1893 3723 2174 3778 bidinosas
2195 3732 2359 3792 atque
2371 3723 2505 3777 vitio
2523 3723 2794 3776 haerentes
2810 3721 3168 3790 cegitationes
3191 3725 3464 3789 quaerunt,

1893 3825 1954 3869 ut
1979 3815 2034 3866 in
2063 3821 2346 3882 peccatum
2391 3813 2534 3882 quod
2574 3813 2628 3865 in
2655 3821 2836 3866 mente
2875 3821 3148 3874 versatur,
3187 3811 3274 3865 vel
3318 3810 3466 3879 quod

1893 3902 2013 3972 ipso
2050 3913 2174 3954 actu
2201 3909 2470 3969 patratur,
2512 3899 2828 3968 conjiciant.
2855 3899 2960 3953 Ubi
2999 3899 3170 3967 igitur
3221 3898 3466 3952 animum

1891 3995 1992 4047 has
2017 4009 2128 4046 non
2176 3991 2557 4046 admittentem
2613 3989 2944 4056 invenerint,
2978 3999 3110 4043 tunc
3137 3988 3463 4042 erubescent

1891 4101 1955 4140 ac
1976 4085 2189 4155 pudore
2218 4081 2641 4148 suﬂ‘undent’ur;
2669 4081 2762 4136 ubi
2791 4090 2975 4135 autem
3007 4079 3242 4150 spiritali
3275 4095 3463 4133 vacan-

1891 4187 1998 4231 tem
2035 4175 2504 4245 contemplationi,
2527 4183 2753 4228 tunC‘se
2779 4173 2834 4226 in
2857 4173 3038 4244 fugam
3069 4175 3380 4243 proripient
3407 4183 3460 4229 et

1890 4267 2296 4323 confundentur
2324 4267 2485 4320 valde
2526 4265 2788 4319 velociter
2806 4265 2871 4318 ιθ.

1961 4361 2052 4414 21.
2075 4358 2298 4412 Diaconi
2323 4373 2612 4427 personam
2644 4357 2807 4427 gerit,
2840 4357 2932 4426 qui
2960 4355 3024 4410 ad
3047 4371 3231 4411 sacros
3260 4371 3460 4425 agones

1889 4453 2134 4507 animum
2165 4450 2402 4520 inungit,
2433 4458 2597 4518 atque
2621 4449 2688 4502 ab
2717 4464 2783 4503 eo
2821 4447 3143 4502 libidinosas
3178 4447 3460 4517 cogitatio-

1887 4562 1988 4600 nes
2011 4544 2182 4614 abigit
2216 4563 2230 4597 :
2261 4542 2570 4614 presbyteri
2611 4549 2820 4604 autem,
2849 4541 2943 4612 qui
2983 4557 3168 4596 rerum
3229 4541 3458 4595 scientia

1889 4637 2146 4702 illustrat,
2173 4651 2236 4690 ac
2261 4633 2382 4689 falsi
2407 4634 2647 4689 nominis
2676 4634 2961 4689 scientiam
2993 4635 3306 4704 proscribit.
3331 4634 3460 4704 Epi-

1881 4911 2034 4966 stieas
2067 4911 2394 4980 ignorantia,
2425 4910 2550 4964 unis
2589 4910 2699 4965 illis
2733 4910 3066 4981 indulgenda
3102 4911 3196 4979 qui
3227 4925 3329 4963 nec
3351 4909 3456 4965 Ec-

1881 4981 2104 5034 clesiam
2139 4982 2370 5035 scivere.

1955 5051 2024 5120 (r)
2049 5053 2338 5104 Διακόνου
2375 5049 2560 5120 λόγον
2596 5048 2818 5120 ἐπέχει.
2846 5049 3052 5120 Qbsop.
3080 5048 3315 5120 Ministri
3345 5067 3458 5104 ser-

1882 5119 2086 5173 monem
2100 5121 2367 5188 sapienter
2382 5119 2624 5170 sustinet.
2645 5119 2848 5187 lnepte.
2873 5119 3039 5172 Paulo
3057 5119 3273 5174 melius.
3289 5119 3454 5174 Gesn.

1884 5189 2106 5244 Diaconi
2130 5206 2220 5242 seu
2245 5189 2478 5260 ministri
2509 5189 2770 5260 rationem
2797 5191 3036 5260 stistinet.
3077 5188 3455 5260 Πρεσϐιιτέρου

1885 5275 2086 5313 nomen
2111 5259 2258 5328 quod
2281 5257 2501 5311 senioris
2553 5257 2718 5311 ambo
2762 5257 3028 5328 reddunt,
3056 5271 3172 5328 non
3227 5257 3458 5316 satis'ex

1885 5344 1984 5384 usu
2000 5325 2394 5390 ecclesiastico;
2415 5343 2480 5380 ex
2501 5343 2612 5394 quo
2631 5327 2918 5397 presbyteri
2939 5325 3176 5380 reddidi.
3199 5328 3344 5382 Bene
3366 5337 3451 5386 est

1883 5399 2028 5466 quod
2099 5399 2367 5451 Maximus
2410 5397 2674 5465 unguenti
2745 5397 3140 5466 perfectionem
3206 5399 3452 5466 episcopi

1883 5467 2054 5520 dicit:
2087 5477 2222 5522 utet
2243 5467 2390 5536 quod
2422 5475 2636 5535 ungunt
2660 5466 2974 5520 Graecorum
3005 5466 3245 5520 minores
3269 5483 3454 5522 sacer~

1885 5538 2064 5602 dotes,
2122 5553 2231 5591 non
2277 5537 2485 5606 proprii
2539 5536 2805 5606 ipsorum
2839 5537 3086 5590 muneris
3129 5536 3220 5606 sit,
3256 5536 3352 5591 sed
3383 5554 3454 5602 ex

1886 5607 2246 5660 concessione
2267 5605 2332 5660 ac
2361 5605 2701 5676 indulgentia
2723 5605 3119 5676 episcoporum
3137 5605 3248 5660 illis
3284 5608 3450 5662 attri‘

1887 5677 2114 5729 butum:
2161 5693 2286 5730 cum
2321 5673 2649 5744 tamen'per
2671 5673 3024 5730 Occidentem
3075 5675 3196 5745 ejus
3245 5677 3322 5732 rei
3355 5677 3446 5738 in!

1886 5745 2175 5817 dulgenda:
2193 5747 2444 5812 facultas,
2471 5745 2637 5800 unius
2663 5745 2734 5800 sit
2755 5746 2986 5802 Romani
3017 5747 3304 5808 antistitim
