3876 6314
439 247 534 312 991
1597 250 1658 309 S.
1700 247 1985 307 MAXlMI
2023 243 2528 304 CONFESSORIS
3594 229 3705 290 9'32

442 356 592 425 scopi
623 355 878 426 denique,
899 356 992 427 qui
1018 372 1173 411 sacro
1204 365 1482 426 unguento
1503 357 1746 412 scicntia:
1773 356 1992 410 adoran-

2111 352 2356 421 δὼνυμον
2385 352 2588 420 γνῶσιν
2637 349 3014 420 ἐξαφανίζων·
3075 344 3381 400 ὲπισκοπιῦ
3428 341 3513 406 δέ,
3550 343 3580 393 ὁ
3618 337 3700 405 τῷ

442 446 525 501 dae
553 457 858 516 sanctasque
897 447 1180 503 Trinitatis
1212 448 1440 520 perﬁcit.

2113 443 2252 514 ἁγίῳ
2291 444 2449 514 μύρῳ
2477 444 2700 497 τελειῶν
2746 444 2845 512 τῆς
2875 439 3131 511 γνώσεως
3170 436 3267 506 τῆς
3299 436 3696 503 προσκυνητῆς

513 618 599 672 22.
625 619 974 675 lnﬁrmantur
994 621 1288 684 daemones,
1313 621 1443 676 dum
1467 621 1562 690 qui
1587 620 1638 674 in
1671 620 1830 675 nobis
1875 619 2006 674 aﬁ‘e-

438 715 564 762 ctus
595 718 800 765 suntac
820 711 1099 776 libidines,
1123 713 1373 766 mandata
1408 713 1716 782 prmstando
1745 713 2008 766 minuun-

447 805 566 849 tur:
594 808 830 867 pereunt
857 817 1007 865 vero,
1058 817 1182 856 cum
1216 812 1372 872 parta
1430 804 1596 857 animi
1637 803 2006 872 imperturba-

441 885 610 950 tione,
675 890 768 944 illo
826 892 1203 963 proﬁigantur,
1242 909 1350 948 non
1385 895 1618 962 amplius
1666 895 2009 949 invenientes

437 979 640 1045 quibus
668 981 721 1034 in
750 998 817 1035 eo
849 985 1184 1048 residebant,
1214 1000 1278 1038 ac
1310 985 1452 1039 bello
1484 987 1843 1040 lacessebant.
1892 985 2006 1040 Sit-

436 1070 616 1136 queid
650 1073 794 1139 quod
829 1073 900 1127 ita
935 1074 1143 1129 dictum
1171 1085 1282 1131 est:
1307 1075 1749 1145 Inﬁrmabuntur,
1782 1084 1830 1129 et
1860 1079 2002 1146 peri-

435 1158 563 1212 bunt
600 1179 632 1214 a
667 1164 800 1230 facie
829 1173 918 1219 tua
948 1164 1014 1219 δί.
1524 1151 1528 1156 Ι

505 1248 595 1302 25.
628 1253 733 1305 Alii
756 1253 1039 1309 hominum
1075 1257 1313 1310 humano
1351 1257 1546 1312 timore
1586 1273 1642 1311 se
1667 1274 1696 1312 a
1719 1259 1870 1312 vitiis
1901 1258 2002 1312 ab-

433 1337 673 1405 stinent;
706 1342 820 1406 alii,
853 1343 1034 1398 inanis
1066 1346 1272 1416 gloriae;
1297 1347 1410 1411 alii,
1433 1347 1785 1406 continentia:
1814 1364 1998 1415 causa;

433 1428 527 1480 alii
567 1429 804 1501 denique
837 1434 902 1488 iis
953 1435 1278 1502 liberantur,
1318 1438 1632 1493 divinorum
1663 1439 2000 1508 judiciorum

436 1530 642 1576 terrore
673 1527 943 1580 exterriti.

498 1613 588 1666 24.
621 1614 815 1670 Cuncti
839 1618 1053 1672 Domini
1090 1635 1393 1685 sermones,
1425 1633 1664 1691 quatuor
1701 1623 1817 1678 hazc
1848 1640 1999 1679 com-

2110 534 2202 586 καὶ
2249 534 2409 601 ἀγίας
2437 533 2688 602 Τριάδος.

2180 622 2281 691 κβ’.
2332 621 2644 675 Ἀσθενοῦσι
2703 621 2801 691 μὲν
2856 619 2908 672 οἱ
2964 617 3236 687 δαίμονες,
3286 614 3416 665 ὅταν
3449 610 3540 662 διὰ
3581 607 3692 660 τῶν

2107 712 2345 765 ἐντολῶν
2371 713 2631 783 μειῶνται
2663 711 2730 764 τὰ
2764 710 2912 779 πάθη
2950 708 3018 760 τά
3051 707 3108 758 ἐν
3151 707 3304 775 ἡμῖν·
3353 701 3692 756 ἀπόλλυνται

2107 803 2184 868 δὲ,
2213 805 2340 858 ὅταν
2368 808 2447 868 εἰς
2474 805 2628 867 τέλος
2661 803 2750 856 διὰ
2788 803 2886 871 τῆς
2916 799 3182 860 ἀπαθείας
3225 796 3324 866 τῆς
3361 793 3546 862 ψυχῆς
3598 791 3684 853 ἐξ·

2107 897 2499 962 αφανίζωνται,
2537 897 2736 967 μηκέτι
2767 894 3110 963 εὑρίσκοντες
3155 889 3224 942 τὰ
3254 888 3322 940 δι’
3344 880 3421 938 ὧν
3459 888 3521 938 ἐν
3548 885 3684 950 αὐτῇ

2105 987 2417 1056 εὑρίσκοντο
2467 989 2560 1040 καὶ
2608 987 2903 1056 ἐπολέμουν
2941 984 3142 1054 αὑτήν·
3174 980 3270 1034 καὶ
3300 977 3460 1030 τοῦτο
3495 977 3560 1028 ἀν
3602 974 3684 1043 εἴη

2103 1073 2184 1137 τὸ,
2232 1074 2674 1142 Ὰσθενήσουσι,
2703 1075 2795 1128 καὶ
2822 1073 3192 1128 ἀπολοῦνται
3220 1068 3338 1123 ἀπὸ
3360 1066 3686 1136 προσώπου

2105 1180 2240 1218 σου.

2177 1261 2279 1322 κγ’.
2319 1255 2381 1308 ΟΞ
2431 1256 2528 1324 μὲν
2564 1257 2673 1310 τῶν
2700 1255 3003 1328 ἀνθρώπων
3033 1255 3119 1309 διὰ
3144 1253 3309 1323 φόϐον
3342 1250 3687 1318 ἀνθρώπινον

2102 1344 2209 1397 τῶν
2248 1345 2434 1400 παθῶν
2480 1348 2791 1418 ἀπέχονται·
2828 1349 2878 1401 οἱ
2920 1348 2998 1410 δέ,
3033 1347 3120 1400 διὰ
3173 1343 3479 1408 κενοῶξίαν
3541 1341 3687 1392 ἄλλοι

2101 1437 2179 1496 δὲ,
2200 1437 2267 1489 δι’
2289 1437 2638 1506 ἐγκράτειαν·
2666 1439 2844 1510 ἕτεροι
2867 1441 2942 1506 δὲ,
2969 1439 3058 1492 διὰ
3085 1437 3246 1490 θείων
3269 1434 3560 1511 κριμάτων
3582 1431 3685 1483 τῶν

2104 1528 2293 1580 παθῶν
2313 1530 2746 1600 ἐλευθεροῦνται.

2178 1621 2272 1674 κδ’.
2301 1625 2509 1688 Πάντες
2532 1625 2580 1677 οἱ
2613 1623 2762 1693 λόγοι
2787 1625 2879 1678 τοῦ
2911 1623 3141 1693 Κυρίου,
3172 1621 3241 1674 τὰ
3274 1620 3522 1688 τέσσαρα
3552 1613 3683 1667 ταῦ-

430 1704 780 1773 plectuntur;
810 1708 1020 1765 scilicet
1070 1712 1346 1778 mandata,
1374 1713 1593 1768 decreta
1610 1730 1703 1769 seu
1722 1707 1992 1786 dogmata,

2109 1730 2166 1765 τα
2207 1717 2540 1786 περιέχουσι·
2577 1691 2956 1781 τὰςνέντολὰς,
2990 1691 3061 1768 τὰ
3091 1715 3359 1782 δόγματα,
3391 1711 3494 1772 τὰς
3527 1709 3685 1760 ἀπει-

431 1797 626 1863 minas,
662 1801 929 1868 promissa
965 1821 976 1855 :
1013 1819 1342 1875 omnemque
1373 1805 1616 1862 durioris
1650 1806 1775 1861 vitae
1831 1807 2000 1861 disci-

430 1889 635 1956 plinam
695 1893 1032 1948 sustinemus
1067 1895 1286 1950 illorum
1341 1912 1540 1964 causa;
1587 1906 1719 1968 puta
1768 1900 1994 1969 jejunis,

428 1981 662 2049 vigilias,
703 1983 1087 2050 humisternia,
1146 1987 1364 2042 labores
1405 1998 1461 2044 et
1523 1990 1801 2044 molestias
1855 1991 1997 2046 inter

433 2070 880 2138 ministrantium,
919 2075 1244 2146 injuriarum
1277 2080 1688 2147 procacitatem,
1723 2080 1994 2146 infamias,

429 2169 724 2225 tormenta,
763 2171 988 2227 mortes,
1045 2173 1209 2234 atque
1257 2167 1343 2220 his
1369 2167 1587 2222 similia.
1615 2167 1706 2222 Ait
1734 2169 1944 2224 etenim
1980 2187 1994 2224 :

430 2249 652 2320 Propter
676 2253 831 2308 verba
883 2253 1146 2310 labiorum
1187 2265 1400 2312 tuorum
1453 2275 1544 2328 ego
1593 2262 1845 2315 custodivi
1885 2266 1998 2315 vias

424 2342 588 2398 duras
618 2343 685 2398 “.

495 2436 584 2490 25.
611 2435 978 2493 Continentiw
1006 2453 1241 2504 merces,
1268 2443 1548 2512 tranquilli
1580 2445 1748 2498 animi
1775 2445 1998 2501 habitus

422 2541 488 2580 ac
527 2527 948 2596 imperturbatio
998 2542 1124 2586 est:
1181 2531 1310 2587 ﬁdei
1353 2543 1558 2599 autem,
1615 2535 1862 2590 scientia.
1917 2537 1997 2592 Ac

423 2618 646 2688 quidem
681 2620 1119 2691 imperturbatio,
1135 2624 1558 2693 discretionem;
1579 2627 1812 2683 scientia
1843 2644 1992 2695 vero,

422 2711 749 2767 charitatem
789 2714 846 2768 in
879 2715 1052 2770 Deum
1089 2717 1256 2786 parit.

489 2801 578 2856 96.
616 2802 767 2858 Mens
802 2805 906 2859 rite
945 2807 1162 2861 actione
1191 2807 1513 2878 defungens,
1548 2809 1615 2864 ad
1644 2813 1994 2880 prudentiam

423 2893 678 2962 proﬁcit;
719 2895 952 2966 fungens
986 2913 1117 2952 vero
1181 2901 1671 2970 contemplatione,
1701 2905 1770 2960 ad
1814 2907 1998 2961 scien-

421 2985 574 3040 tiam.
609 2985 687 3041 Ac
717 2987 920 3056 prioris
941 2987 1164 3064 quidem
1221 2989 1395 3043 munii
1423 2998 1529 3055 est,
1563 3003 1626 3049 ut
1668 2995 1735 3051 ad
1769 2996 1993 3053 virtutis

417 3086 582 3147 atque
604 3077 723 3131 vitii
753 3079 1162 3145 discretionem,
1193 3089 1492 3137 certantem
1521 3085 1794 3154 adducat;
1854 3091 1992 3146 alte-

421 3169 537 3222 rius
570 3184 724 3233 vero,
754 3178 815 3222 ut
851 3184 978 3223 eum
1014 3171 1107 3240 qui
1150 3171 1298 3227 illius
1319 3175 1596 3246 particeps
1618 3179 1707 3242 sit,
1729 3180 1796 3233 ad
1824 3181 1990 3250 spiri-

417 3273 575 3317 tuum
601 3277 1006 3332 corporumque
1034 3263 1196 3334 413
1221 3265 1463 3321 rationes
1491 3270 1778 3337 provehat.
1805 3271 1992 3328 Gratia

419 3363 607 3409 autem
659 3353 975 3424 theologica
1002 3363 1135 3410 tunc
1167 3356 1388 3410 demum
1427 3357 1708 3428 dignatur,
1743 3378 1867 3417 cum
1906 3365 1994 3420 his

416 3463 540 3517 qua:
587 3447 734 3501 dicta
772 3455 919 3511 sunt,
981 3447 1240 3502 omnibus
1304 3451 1594 3518 superatis,
1631 3464 1898 3526 nactaque
1932 3467 1993 3512 ut

417 3541 492 3595 sit
519 3539 574 3593 in
607 3540 740 3600 Deo,
771 3554 893 3606 quae
930 3540 1079 3595 circa
1110 3541 1282 3597 Deum
1315 3553 1418 3609 est,
1450 3545 1743 3612 rationem,
1791 3563 1890 3617 pro
1923 3565 1990 3604 eo

415 3647 482 3687 ac
513 3631 769 3684 humana:
803 3631 972 3684 menti
997 3646 1318 3688 concessum
1337 3641 1441 3699 est,
1466 3651 1566 3704 per
1589 3636 1843 3706 spiritum
1867 3655 1990 3694 con-

415 3725 699 3781 siderabit.

481 3816 572 3871 27.
597 3817 804 3872 Divinae
837 3817 1111 3882 scientia,
1138 3817 1358 3888 Deoque
1393 3835 1618 3888 operam
1650 3832 1985 3888 navaturus,

413 3924 484 3964 ne
524 3908 670 3978 ipsas
709 3909 829 3979 ejus
867 3906 1114 3963 rationes
1149 3909 1410 3979 exquiras
1454 3909 1655 3983 (neque
1694 3913 1843 3966 enim
1879 3913 1988 3969 ulla

417 4015 657 4071 unquam
707 3999 947 4055 humana
995 4010 1180 4056 mente
1229 4010 1357 4056 sunt
1402 4003 1880 4073 pervestigabiles;
1933 4012 1988 4058 at

415 4111 592 4166 neque
633 4095 800 4150 ullius
845 4095 1092 4160 alterius,
1124 4111 1338 4162 eorum,
1367 4111 1487 4166 quae
1524 4112 1555 4150 a
1598 4098 1710 4152 Deo
1745 4097 1985 4153 secunda

413 4185 562 4258 sunt)
600 4186 694 4240 sed
727 4202 919 4241 eorum
954 4203 1075 4257 quae
1105 4187 1252 4242 circa
1285 4194 1442 4251 sunt,
1471 4187 1650 4256 quoad
1684 4203 1784 4258 per
1811 4180 1986 4242 facul-

413 4286 580 4332 tatem
613 4278 860 4342 licucrit,
887 4277 1124 4347 dispice;
1159 4287 1290 4347 puta
1319 4278 1670 4344 :eternitatis,
1700 4278 1984 4335 inﬁnitatis

2098 1801 2217 1866 λᾶς.
2247 1804 2342 1868 τὰς
2381 1805 2732 1874 ἐπαγγελίας·
2769 1807 2862 1860 καὶ
2912 1807 3091 1858 πᾶσαν
3138 1802 3571 1873 σκληραγωγίαν
3599 1797 3682 1848 διὰ

2097 1892 2270 1945 ταῦτα
2294 1894 2658 1967 ὑπομένομεν·
2689 1891 2821 1961 οἷον,
2857 1895 3134 1964 νηστείας,
3167 1892 3497 1966 ἀγρυπνίας.
3531 1906 3682 1959 χαί-ι·

2100 1985 2304 2051 ευνίας,
2371 1988 2574 2052 κόπους
2619 1990 2712 2042 καὶ
2745 1987 2977 2058 μόχθους
3015 1989 3070 2040 ἐν
3097 1985 3421 2049 διακονίαις,
3464 1982 3680 2051 ὕϐρεις,

2099 2077 2343 2146 ἀτιμίας,
2380 2079 2762 2151 στρεϐλώσεις,
2795 2081 3086 2143 θανάτους,
3119 2079 3214 2132 καί
3246 2077 3314 2128 τὰ
3355 2077 3541 2144 ὃμοια.
3585 2073 3682 2126 Διά

2098 2169 2208 2238 γὰρ
2245 2169 2385 2235 τοὺς
2436 2171 2658 2239 λόγους
2707 2170 2823 2224 τῶν
2853 2171 3071 2241 χειλῶν
3121 2185 3272 2235 σου,
3320 2169 3491 2237 φησὶν
3519 2207 3534 2230 ,
3570 2166 3680 2233 ἐγὼ

2097 2260 2372 2328 ἐφύλαξα
2411 2261 2590 2329 ὀδοὺς
2637 2262 2935 2331 σκληράς.

2168 2447 2268 2495 κε’.
2305 2441 2512 2505 Μισθὸς
2563 2445 2664 2514 τῆς
2689 2443 3017 2512 ἐγκρατείας
3042 2485 3055 2505 ,
3108 2445 3141 2512 ἡ
3196 2441 3461 2494 ἀπάθεια·
3497 2440 3596 2508 τῆς
3625 2437 3680 2491 δὲ

2097 2528 2351 2594 πίστεως,
2383 2533 2416 2600 ἡ
2462 2530 2683 2598 γνῶσις·
2713 2534 2805 2585 καὶ
2838 2535 2872 2602 ἡ
2913 2533 3012 2602 μὲν
3055 2531 3312 2593 ἀπάθεια,
3363 2529 3545 2582 τίκτει
3583 2529 3680 2596 τὴν

2094 2618 2384 2688 διάκρισιν·
2417 2623 2450 2691 ἡ
2483 2621 2538 2674 δὲ
2577 2620 2798 2690 γνῶσις,
2844 2623 2944 2693 τὴν
2993 2625 3073 2686 εἰς
3103 2622 3234 2676 Θεὸν
3283 2621 3512 2690 ἀγάπην
3562 2618 3674 2690 ΙΡτ.

2094 2707 2192 2777 τὴν
2222 2705 2371 2761 θείαν
2396 2709 2665 2782 ἀγάπην].
2732 2703 2735 2705 Δ

2166 2799 2626 2874 κς’.’Πρακτικὴν
2683 2802 2781 2872 μὲν
2826 2805 2854 2856 ὁ
2898 2803 3025 2866 νοῦς
3057 2801 3362 2873 κατορθῶν,
3417 2803 3501 2864 εἰς
3537 2800 3674 2868 φρό-

2094 2907 2250 2960 νησιν
2279 2892 2613 2962 προκόπτει·
2650 2893 2993 2964 θεωρητικὴν
3042 2894 3121 2955 δὲ,
3178 2894 3258 2956 είς
3303 2892 3531 2960 γνῶσιν.
3562 2890 3674 2958 Τῆς

2100 2981 2198 3052 μὲν
2221 2982 2328 3053 γάρ
2371 2984 2539 3048 ἐστιν,
2591 2985 2672 3046 είς
2697 2985 2970 3056 διάκρισιν
2998 2985 3197 3055 ἀρετῆς
3227 2983 3319 3037 καὶ
3345 2984 3551 3046 κακίας
3581 2984 3674 3050 gs:-

2099 3091 2212 3146 ρειν
2237 3074 2328 3126 τὸν
2352 3074 2784 3145 ἀγωνιζόμενον·
2834 3078 2936 3147 τῆς
2964 3077 3041 3142 δὲ,
3091 3078 3170 3140 είς
3197 3077 3324 3138 τοὺς
3365 3075 3498 3144 περὶ
3529 3076 3672 3126 ἀσω-

2099 3166 2285 3234 μάτων
2311 3167 2406 3220 καὶ
2437 3168 2705 3238 σωμάτων
2737 3168 2928 3238 λόγους
2962 3170 3118 3238 ἀγειν
3145 3169 3238 3223 τὸν
3271 3168 3524 3238 μέτοχον.
3563 3167 3669 3236 Τῆς

2093 3258 2149 3310 δὲ
2192 3257 2511 3330 θεολογικῆς
2558 3260 2802 3331 χάριτος,
2855 3261 3218 3332 τοτηνικαῦτα
3273 3258 3668 3324 καταξιοῧται,

2093 3349 2326 3419 ὁπηνίκα
2359 3350 2426 3403 τὰ
2453 3352 2828 3423 προειρημένα
2856 3352 3034 3405 πάντα
3061 3352 3149 3405 διὰ
3177 3352 3284 3406 τῶν
3314 3352 3422 3421 τῆς
3449 3352 3669 3419 ἀγάπης

2094 3441 2309 3511 πτερῶν
2336 3441 2692 3512 διαπεράσας,
2723 3443 2817 3496 καὶ
2848 3445 2906 3495 ἐν
2927 3442 3048 3513 Θεῷ
3075 3443 3387 3513 γενόμενος,
3417 3443 3512 3496 τὸν
3544 3444 3669 3512 περὶ

2093 3530 2258 3586 αὐτοῦ
2297 3532 2454 3600 λόγον
2485 3532 2574 3586 διὰ
2607 3532 2700 3586 τοῦ
2741 3533 3075 3602 πνεύματος,
3115 3533 3190 3599 ὡς
3220 3534 3553 3604 ἀνθρωπίνῳ
3595 3533 3666 3603 νῷ

2090 3623 2335 3690 δυνατὸν,
2365 3625 2744 3694 διασκοπὴσει.

2163 3807 2263 3870 κζ’.
2293 3810 2312 3828 ⁴
2345 3807 2630 3876 Θεολογεῖν
2662 3807 2893 3879 μέλλων,
2941 3809 3017 3879 μὴ
3056 3809 3182 3871 τοὺς
3214 3809 3334 3860 κατ’
3379 3809 3544 3861 αὐτὸν
3576 3808 3665 3879 ζη-

2089 3900 2260 3971 τήσῃς
2297 3900 2489 3967 λόγους
2552 3900 2654 3971 (οὐ-
2681 3901 2756 3970 μὴ
2805 3901 2915 3970 γὰρ
2949 3900 3083 3971 εὕρῃ
3117 3899 3464 3970 ἀνθρώπινος
3497 3901 3622 3963 νοῦς
3649 3916 3661 3930 ·

2089 3993 2206 4046 ἀλλ’
2247 3993 2365 4045 οὐδὲ
2418 3993 2574 4047 ἄλλου
2625 3996 2768 4058 τινὸς
2815 3994 2925 4048 τῶν
2970 3993 3113 4065 μετὰ
3147 3993 3325 4065 Θεὸν),
3375 3993 3516 4047 ἀλλά
3545 3995 3665 4056 τοὺς

2091 4087 2217 4156 περὶ
2248 4086 2407 4140 αὐτὸν
2427 4128 2442 4152 ,
2479 4087 2554 4150 ὡς
2586 4081 2698 4140 οἷόν
2720 4104 2781 4140 τε
2807 4131 2820 4154 ,
2853 4087 3157 4140 διασκόπει.
3187 4081 3312 4139 Οἷον
3355 4088 3484 4150 τοὺς
3541 4086 3664 4154 περὶ

2087 4179 2385 4248 ὰῖδιότητος
2408 4220 2421 4241 ,
2455 4179 2710 4248 ἀπειρίας
2744 4196 2802 4232 τε
2838 4180 2932 4233 καὶ
2967 4178 3248 4248 ἀοριστίας
3271 4218 3287 4243 ,
3324 4178 3664 4247 ἀγαθότητός

2088 4287 2146 4322 τε
2176 4270 2271 4322 καὶ
2302 4270 2494 4338 σοφίας
2540 4271 2634 4323 καὶ
2667 4270 2982 4339 δυνάμεως,
3019 4269 3423 4340 δημιουργικῆς
3465 4287 3524 4321 τε
3575 4273 3663 4322 καὶ

411 4384 476 4425 ac
537 4369 962 4433 immensitatis,
1029 4369 1400 4439 bonitatisque
1462 4380 1518 4425 et
1585 4370 1867 4440 sapientia:
1927 4380 1983 4425 et

2109 4359 2470 4430 προνοητικῆς,
2506 4358 2598 4411 καὶ
2625 4359 2879 4429 κριτικῆς
2903 4358 3013 4410 τῶν
3048 4357 3235 4410 ὄντων.
3268 4352 3440 4420 Οὗτος
3474 4358 3584 4428 γάρ
3609 4360 3664 4408 ἐν

411 4460 691 4528 potentiae,
720 4460 924 4530 quibus
953 4475 1042 4513 res
1069 4460 1338 4526 condidit,
1369 4461 1584 4531 illisque
1617 4463 1890 4531 providet,
1922 4479 1986 4518 ac

406 4549 614 4620 judicio
667 4549 826 4618 regit.
880 4548 982 4603 Hic
1041 4549 1188 4604 enim
1250 4550 1396 4604 inter
1446 4552 1705 4606 mortales
1756 4567 1985 4622 magnus

411 4640 697 4710 theologus
729 4647 832 4706 est,
854 4640 948 4708 qui
986 4641 1182 4694 horum
1217 4640 1460 4695 rationes
1493 4641 1759 4710 tantisper
1788 4643 1981 4696 saltem

408 4730 710 4789 adinvenit.

475 4820 565 4876 28.
591 4821 684 4876 Ille
708 4821 794 4875 vir
817 4829 1015 4892 potens
1044 4830 1148 4888 est,
1179 4823 1273 4892 qui
1307 4821 1596 4877 scientiam
1624 4824 1827 4880 actioni
1845 4840 1978 4880 con-

404 4912 603 4984 junxit.
642 4912 777 4966 Nam
823 4914 995 4968 altera
1039 4914 1293 4984 quidem,
1340 4914 1697 4984 cupiditatem
1743 4925 1982 4973 macerat

405 5005 653 5074 iramque
681 5007 862 5072 sedat;
891 5008 1061 5061 altera
1083 5022 1236 5072 vero,
1261 5016 1444 5062 mente
1468 5007 1721 5063 sublimis
1738 5009 1903 5074 volat,
1928 5020 1983 5065 et

405 5098 460 5163 in
489 5098 659 5151 Deum
689 5098 928 5153 excedit.

473 5191 563 5244 29.
609 5190 746 5245 Cum
792 5191 927 5246 dicit
974 5192 1238 5248 Dominus
1288 5212 1300 5247 :
1358 5193 1468 5264 Ego
1517 5203 1563 5248 et
1611 5193 1774 5248 Pater
1815 5211 1979 5248 unum

401 5299 582 5342 sumus
608 5283 672 5348 ”,
707 5285 956 5338 eamdem
1003 5300 1124 5340 esse
1173 5286 1465 5340 essentiam
1515 5285 1805 5357 signiﬁcat.
1841 5286 1978 5342 Cum

403 5388 535 5432 vero
566 5375 765 5432 iterum
797 5377 908 5431 ait:
941 5377 1053 5448 Ego
1085 5380 1142 5432 in
1169 5378 1352 5444 Patre,
1378 5388 1426 5432 et
1455 5377 1619 5433 Pater
1645 5380 1697 5432 in
1717 5395 1798 5433 me
1814 5388 1887 5433 est
1909 5379 1974 5445 “,

2086 4449 2394 4521 ἀνθρώποις
2429 4450 2602 4521 μέγας
2639 4449 2922 4518 θεολόγος,
2977 4452 3005 4503 ὁ
3038 4450 3242 4504 τούτων
3289 4449 3420 4512 τοὺς
3474 4448 3662 4512 λόγους

2087 4544 2187 4599 κᾶν
2217 4543 2399 4608 ποσῶς
2433 4543 2783 4615 ἐξευρίσκων.

2152 4836 2258 4900 κηὀ
2292 4827 2527 4891 Δυνατδς
2556 4827 2716 4898 ἀνὴρ,
2741 4827 2769 4880 ὁ
2797 4828 2863 4897 τῇ
2896 4825 3091 4896 πράξει
3123 4822 3446 4894 τὴνγνῶσιν
3474 4821 3658 4886 συζεύ-

2082 4919 2196 4985 ξας.
2232 4922 2312 4991 Τῇ
2351 4909 2449 4990 μὲν
2478 4918 2588 4989 γὰρ
2613 4957 2628 4983 ,
2674 4917 2771 4988 τὴν
2806 4915 3100 4986 ἐπιθυμίαν
3137 4913 3393 4986 μαραίνει
3433 4915 3530 4966 καὶ
3572 4915 3661 4966 τὸν

2079 5013 2253 5083 θυμὸν
2297 5007 2497 5084 ἡμεροῖ
2519 5027 2532 5041 ·
2591 5012 2658 5082 τῇ
2714 5010 2770 5062 δὲ
2789 5050 2804 5075 ,
2858 5009 2948 5062 τὸν
2976 5009 3102 5062 νοῦν
3131 5009 3325 5077 πτεροί
3353 5045 3369 5069 ,
3398 5007 3497 5058 καὶ
3525 5008 3658 5075 πρὸς

2081 5104 2212 5157 Θεὸν
2238 5102 2367 5172 ἐκδη
2377 5103 2486 5172 μετ.
3519 5097 3522 5100 ’

2153 5197 2255 5250 κθ¹.
2295 5196 2462 5248 Ὅταν
2484 5193 2618 5264 λέγῃ
2665 5191 2896 5261 Κύριος·
2935 5191 3095 5259 Ἐγὼ,
3145 5191 3244 5245 καὶ
3275 5195 3308 5245 d
3333 5191 3562 5259 Πατὴρ,
3591 5198 3656 5251 ἓν

2088 5288 2278 5353 ἐσμεν
2307 5325 2321 5348 ,
2374 5285 2436 5338 τὸ
2476 5283 2672 5336 ταυτὸν
2716 5283 2816 5351 τῆς
2861 5282 3051 5341 οὐσίας
3093 5282 3371 5352 σημαίνει.
3403 5282 3571 5334 Ὅταν
3601 5280 3654 5330 δὲ

2084 5375 2246 5430 πάλιν
2276 5373 2408 5443 λέγῃ
2432 5390 2445 5405 ·
2490 5371 2635 5443 Ἐγὼ
2663 5371 2732 5424 ἐν
2760 5369 2838 5436 τῷ
2886 5370 3086 5439 Πατρί,
3117 5369 3218 5424 καὶ
3271 5372 3305 5423 ό
3350 5369 3555 5437 Πατὴρ
3587 5368 3654 5420 ἐν

437 5511 477 5554 θ’
507 5514 646 5569 Psal.
689 5532 763 5582 Ix,
796 5519 848 5572 4.
928 5517 972 5548 ⁶¹
1017 5518 1157 5573 Psal.
1197 5519 1418 5579 “1,”.
1498 5519 1540 5551 ⁸³
1569 5519 1724 5575 Joan.
1763 5536 1816 5586 χ,
1848 5519 1934 5574 30.

2109 5515 2232 5572 ibid.
2269 5515 2357 5569 58.

480 5655 494 5677 ν
528 5650 750 5711 Eadem.
786 5652 899 5705 fere
931 5661 1074 5706 cent.
1108 5671 1144 5717 ι,
1180 5671 1226 5708 (τ.
1262 5655 1358 5707 ult.
