3876 6314
128 304 231 367 993

1039 303 1368 364 CAPITUM
1411 304 1508 363 DE
1547 303 1975 365 CIIARITATE
2011 306 2400 368 CENTURIA
2441 310 2522 368 II.

129 409 259 477 ἐμοὶ
281 447 294 471 ,
324 407 385 460 τὸ
422 406 727 479 ἀχώριστον
771 408 920 477 δηλοῖ
958 408 1063 463 τῶν
1092 410 1462 465 ὑποστάσεων.
1514 413 1576 465 0i
1609 407 1700 464 οὖν

1817 413 2095 467 indivisam
2148 430 2504 483 personarum
2552 415 2991 486 conjunctioncm
3040 416 3373 472 manifestat.

142 497 410 571 Γριθεῗται
452 499 776 568 χωρίζοντες
811 498 902 552 τοῦ
936 500 1147 570 [ἰατρὸς
1178 501 1268 554 τὸν
1305 501 1459 567 Υἱδν,
1492 504 1569 564 είς
1598 504 1703 573 άμ-

132 594 439 660 ςίκρημνον
470 591 859 660 ἐμπίπτουσιν.
898 591 968 644 “Il
1008 592 1117 661 γὰρ
1157 594 1427 646 συναῖδιον
1457 594 1705 661 λέγοντες

129 684 206 754 τῷ
251 684 427 755 lla-cpi.
458 683 551 736 τὸν
585 683 713 736 Υἱὸν
738 725 752 749 ,
786 684 1110 753 χωρίζοντες
1142 682 1199 736 δὲ
1240 686 1403 739 αὑτὸν
1434 686 1491 751 ἐξ
1520 687 1703 751 αὐτοῦ,

130 779 536 846 ἀναγκάζονται
580 778 760 847 λέγειν
797 780 871 849 μὴ
901 778 960 843 ἐξ
989 779 1154 832 αὑτοῦ
1191 780 1564 850 γεγεννῆσθαι,
1614 781 1705 833 καὶ

132 873 391 941 ἐμπεσεῖν
421 872 500 933 εἰς
527 872 589 923 τὸ
616 874 763 941 τρεῖς
785 871 964 939 λέγειν
988 872 1175 936 θεοὺς,
1207 872 1301 926 καὶ
1333 875 1481 943 τρεῖς
1507 874 1702 943 ἀρχάςο

132 944 163 1033 ἦ
205 963 264 1028 ἐξ
310 962 475 1017 αὐτοῦ
523 962 877 1033 γεγεννῆσθαι
924 963 1172 1031 λέγοντες
1202 1005 1217 1029 ,
1257 965 1579 1035 χωρίζοντες
1628 966 1704 1033 δὲ,

132 1054 535 1123 ἀναγκάζονται
570 1056 750 1122 λέγειν
795 1054 871 1126 μὴ
903 1057 1167 1109 συναῖδιον
1212 1053 1351 1111 εἶναι
1397 1056 1474 1127 τῷ
1512 1059 1703 1128 Πατρὶ,

132 1149 227 1201 καὶ
254 1149 477 1219 ποιῆσαι
527 1149 631 1201 ὑπὸ
675 1149 863 1218 χρόνον
909 1148 1002 1201 τὸν
1045 1148 1153 1201 τῶν
1180 1150 1386 1219 χρόνων
1417 1150 1702 1221 δεσπότην.

132 1242 252 1310 Χρὴ
293 1236 402 1311 γὰρ
452 1241 548 1294 καὶ
592 1240 684 1293 τὸν
735 1241 829 1294 ἕνα
871 1240 1002 1293 Θεὸν
1048 1244 1271 1311 τηρεῖν,
1311 1242 1531 1305 καὶτὰς
1560 1230 1713 1314 τρεῖς

134 1334 462 1395 ὑποστάσεις
489 1334 806 1404 ὁμολογεῖν,
851 1333 994 1386 κατὰ
1028 1335 1117 1386 τὸν
1161 1335 1334 1403 μέγαν
1369 1336 1668 1406 Γρηγόριον
1689 1353 1701 1366 ·

133 1426 227 1478 καὶ
248 1424 488 1493 ἑκάστην
520 1427 660 1494 μετὰ
684 1424 780 1493 τῆς
812 1425 1093 1493 ἰδιότητος.
1152 1427 1261 1479 Καὶ
1292 1426 1397 1497 γὰρ
1431 1446 1449 1478 ι
1486 1428 1708 1496 διαιρεῖ-

130 1536 222 1570 ται
267 1537 286 1569 ι
324 1517 462 1586 μὲν,
495 1517 608 1570 ἀλλ’
639 1536 658 1569 ι
701 1517 1057 1588 ἀδιαιρέτως,
1096 1518 1237 1572 κατὰ
1285 1520 1374 1571 τὸν
1419 1518 1579 1571 αὑτὸν
1613 1518 1707 1572 καὶ

133 1609 465 1661 συνάπτεται
502 1609 623 1677 μὲν,
676 1608 1025 1678 διῃρημένως
1057 1608 1137 1675 δέ,
1164 1628 1181 1657 ι
1242 1610 1353 1662 Καὶ
1395 1598 1484 1662 διὰ
1527 1609 1703 1674 τοῦτο,

130 1698 444 1769 παράδαξος
501 1698 594 1751 καὶ
640 1699 673 1769 ἠ
732 1698 993 1769 διαίρεσις
1056 1701 1150 1752 καὶ
1198 1700 1229 1769 ἡ
1288 1700 1497 1763 ἓνωσις.
1552 1700 1703 1753 Ἐπεὶ

128 1792 179 1843 τε
226 1790 339 1860 ἔχει
366 1790 426 1843 τὸ
458 1791 762 1861 παράδοξον
791 1791 878 1861 (ε),
928 1793 975 1843 εί
1012 1792 1086 1854 ὡς
1121 1791 1405 1861 ἄνθρωπος
1435 1792 1706 1863 ἀνθρώπῳ

126 1882 340 1951 ἦνωταί
391 1899 452 1934 τε
506 1882 599 1936 καὶ
631 1880 1007 1954 κεχώρισται,
1050 1881 1193 1936 οὕτω
1236 1882 1329 1936 καὶ
1373 1884 1403 1935 ὁ
1459 1884 1583 1947 Υἱὸς
1628 1883 1707 1953 τῷ

128 1974 329 2044 Πατρὶ,
360 1974 452 2027 καὶ
478 1974 629 2027 οὐδὲν
653 1974 813 2027 πλέον
837 1992 851 2037 ;

194 2067 267 2118 λ’.
319 2067 379 2117 ὐ
407 2065 611 2128 τέλειος
642 2067 699 2118 ὲν
727 2066 916 2137 ἀγάπῃ
943 2105 957 2131 ,
990 2066 1083 2119 καὶ
1114 2068 1193 2129 εἰς
1239 2067 1407 2136 ἄκρον
1434 2066 1708 2131 ἀπαθείας

126 2159 323 2222 ἐλθὼν,
356 2158 456 2210 οὐκ
487 2157 777 2210 ἐπίσταται
815 2156 1079 2228 διαφορὰν
1112 2157 1244 2209 ἰδίου
1275 2158 1370 2211 καὶ
1400 2159 1703 2229 ἀλλοτρίου,

124 2250 159 2320 ἢ
206 2248 351 2312 ἰδίας
390 2248 485 2301 καὶ
518 2247 847 2318 ἀλλοτρίας,
906 2248 938 2317 ἢ
995 2247 1190 2301 πιστοῦ
1230 2248 1325 2302 καὶ
1369 2249 1628 2311 ἀπίστου,
1672 2249 1705 2319 ἢ

127 2343 323 2396 δούλου
362 2344 456 2397 καὶ
494 2342 800 2414 ἐλευθέρου,
834 2342 866 2412 ἢ
901 2342 1037 2406 ὅλως
1064 2343 1294 2414 ἄρσενος
1326 2346 1421 2398 καὶ
1449 2344 1664 2412 θηλείας
1690 2360 1703 2375 ·

126 2432 248 2487 ἀλλ’
264 2433 536 2502 ἁνώτερος
561 2433 660 2502 τῆς
695 2433 802 2487 τῶν
826 2432 1020 2487 παθῶν
1048 2434 1363 2502 τυραννίδος
1394 2435 1707 2504 γενόμενος,

128 2524 223 2577 καὶ
275 2524 355 2586 εἰς
380 2523 478 2594 τὴν
522 2523 652 2592 μίαν
698 2522 862 2591 φύσιν
904 2522 1017 2574 τῶν
1056 2522 1363 2594 ἀνθρώπων
1406 2522 1709 2576 ἀποϐλεπό-

133 2631 318 2683 μενος,
346 2613 554 2676 πάντας
577 2612 636 2679 eg
663 2612 777 2665 ἴσου
807 2613 1021 2683 θεωρεῖ,
1049 2615 1143 2665 καὶ
1176 2613 1312 2683 πρὸς
1339 2614 1544 2675 πάντας
1581 2614 1709 2675 ἴσως

131 2705 426 2759 διάκειται.
459 2704 573 2757 Οὐκ
604 2703 855 2772 ἔστιγὰρ
899 2706 958 2757 ὲν
990 2702 1142 2773 αὑτῷ
1182 2703 1384 2773 Ἕλλην
1431 2705 1525 2757 καὶ
1575 2705 1707 2756 Ἰου-

127 2799 301 2859 δαῖος,
338 2795 461 2848 οὐδὲ
494 2795 660 2860 ἄρσεν
690 2796 782 2849 καὶ
824 2794 979 2860 θῆλυ,
1034 2795 1152 2847 οὐδὲ
1197 2795 1381 2858 δοῦλος
1431 2796 1523 2848 καὶ
1554 2795 1708 2847 ἐλεύ-

134 2891 295 2959 θερος
325 2902 337 2917 ·
372 2885 509 2940 ἀλλὰ
533 2886 601 2939 τὰ
635 2885 812 2939 πάντα
853 2886 943 2939 καὶ
980 2887 1038 2938 ὲν
1075 2888 1207 2938 πᾶσι
1237 2886 1497 2957 Χριστός.

201 2978 310 3031 λα’.
371 2976 467 3028 Ἐκ
515 2974 622 3027 τῶν
665 2975 1044 3044 ὑποκειμένων
1090 2977 1147 3027 ὲν
1193 2977 1257 3045 τῇ
1306 2975 1451 3046 ψυχῇ
1498 2976 1706 3039 παθῶν,

1808 506 1996 575 itaque
2039 506 2359 572 Tritbeitaa,
2407 508 2498 576 qui
2552 508 2749 560 Filium
2798 523 2830 561 a
2874 507 3031 561 Patre
3081 521 3372 578 separant,

1808 598 2067 667 utrinque
2115 599 2167 651 in
2222 600 2584 669 prmcipitium
2634 599 2858 653 cadunt.
2902 599 3009 653 Aut
3053 601 3200 654 enim
3244 602 3373 655 dum

1806 688 2005 741 Filium
2052 689 2199 743 Patri
2241 702 2572 745 comternum
2618 691 2836 755 docent,
2870 707 2934 745 ac
2975 700 3156 746 tamen
3201 694 3269 747 ab
3309 710 3376 747 eo

1807 774 2135 850 sejungunt,
2185 797 2409 835 necesse
2456 782 2660 836 habent
2705 792 2765 836 ut
2811 799 2877 837 ex
2918 798 2986 837 eo
3026 793 3213 837 natum
3254 800 3375 839 esse

1807 881 2029 941 negent,
2056 889 2232 942 eoque
2263 873 2518 938 evadant,
2547 882 2606 927 ut
2638 882 2751 928 tres
2776 874 2918 928 Deos
2943 889 3006 927 ac
3037 875 3139 929 tria
3168 876 3374 945 princi-

1807 964 1896 1033 pia
1940 964 2152 1030 dicant;
2205 973 2301 1019 aut
2342 980 2465 1019 cum
2514 982 2579 1020 ex
2628 966 2721 1020 iilo
2766 975 2955 1020 natum
3000 974 3269 1031 statuant,
3314 983 3377 1022 ac

1809 1064 1991 1109 tamen
2039 1057 2348 1126 scjungant,
2379 1072 2602 1112 necesse
2648 1068 2732 1111 est
2774 1065 2834 1111 ut
2877 1058 3061 1113 dicant
3102 1076 3210 1113 non
3254 1076 3375 1113 esse

1808 1154 2141 1199 comternum
2176 1147 2344 1211 Patri,
2373 1148 2714 1217 temporique
2756 1157 3061 1218 temporum
3099 1160 3374 1203 auctorem

1808 1238 2120 1309 subjiciam.
2158 1239 2395 1294 Necesse
2441 1240 2588 1295 enim
2634 1251 2753 1303 est,
2789 1249 2849 1295 ut
2891 1251 2947 1295 et
2990 1258 3159 1295 unum
3207 1244 3376 1297 Deum

1808 1339 2115 1396 teneamus,
2143 1338 2198 1385 et
2231 1340 2342 1386 tres
2374 1347 2657 1401 personas,
2685 1340 2746 1385 ut
2772 1334 2953 1403 magni
2977 1331 3228 1403 Gregorii
3257 1349 3381 1387 sen-

1808 1423 1982 1477 tentia
2023 1432 2108 1477 est
2134 1427 2170 1487 ',
2208 1422 2592 1487 conﬁteamur,
2631 1440 3071 1493 unamquamque
3115 1442 3236 1479 cum
3282 1443 3379 1480 sua

1808 1515 2164 1584 proprietate.
2206 1533 2224 1566 ι
2264 1514 2596 1569 Βὶνίᾱυιιιιιι·
2637 1535 2655 1565 ι
2700 1517 2877 1579 enim,
2912 1523 2972 1569 ut
3008 1517 3149 1570 idem
3188 1518 3379 1578 sentit,

1808 1606 1904 1660 sed
1950 1625 1969 1656 ι
2017 1605 2280 1670 indivise;
2322 1614 2379 1659 et
2416 1614 2838 1668 connectuntur,
2871 1607 2965 1661 sed
3008 1606 3275 1673 diserete;
3322 1616 3383 1659 ut

1807 1706 1864 1754 et
1896 1698 2159 1753 discretio
2193 1713 2336 1751 nova
2370 1698 2461 1762 sit,
2493 1707 2547 1751 et
2578 1698 2728 1751 unio.
2762 1718 2780 1748 ι
2820 1698 3039 1767 Alioqui
3070 1698 3216 1751 enim
3250 1693 3382 1767 quid

1808 1805 2016 1845 novum
2051 1789 2454 1854 etinsolitum,
2490 1789 2635 1858 quod
2667 1788 2746 1843 sic
2777 1789 2947 1843 Filius
2980 1790 3126 1843 Patri
3161 1790 3384 1844 uniatur

1806 1891 1863 1937 et
1894 1882 1962 1936 ab
1996 1898 2063 1937 eo
2097 1881 2410 1947 dirimatur,
2442 1881 2719 1950 quomodo
2751 1882 2916 1935 homo
2948 1882 3160 1936 homini
3196 1882 3387 1937 unitus

1806 1984 1911 2039 est,
1943 1984 1998 2028 et
2027 1974 2095 2027 ab
2122 1990 2190 2028 eo
2213 1974 2513 2038 discretus;
2545 1989 2648 2027 nec
2675 1974 2878 2043 aliquid
2907 1974 3173 2043 amplius?

1878 2066 1966 2120 50.
2001 2066 2105 2132 Qui
2142 2066 2195 2118 in
2229 2066 2495 2119 charitate
2529 2066 2835 2135 perlectus,
2868 2081 3247 2137 summamque
3278 2068 3383 2121 im-

1807 2159 2111 2229 perturbati
2150 2158 2320 2211 animi
2357 2158 2809 2227 tranquillitatem
2849 2158 3078 2227 adeptus
3113 2168 3219 2223 est,
3254 2176 3383 2229 pro-

1807 2250 1913 2319 prii
1946 2258 2002 2303 ει
2031 2250 2218 2315 alieni,
2256 2250 2372 2303 sive
2399 2250 2638 2318 propriae
2666 2259 2721 2302 et
2746 2250 2957 2313 alienae,
2986 2248 3162 2303 ﬁdelis
3187 2260 3243 2303 et
3265 2250 3386 2304 inﬁ-

1809 2343 1981 2405 delis,
2010 2342 2154 2397 servi
2191 2357 2254 2395 ac
2284 2342 2473 2404 liberi,
2507 2355 2840 2409 prorsusque
2872 2340 3100 2393 masculi
3130 2355 3193 2394 ac
3224 2341 3387 2413 414

1807 2433 2027 2488 feminae
2075 2431 2375 2485 discrimen
2430 2430 2643 2484 nullum
2695 2429 2883 2494 novit;
2941 2430 3037 2483 sed
3087 2430 3385 2485 aﬂ'ectuum

1809 2531 2067 2592 superata
2098 2522 2406 2592 tyrannide,
2434 2521 2597 2589 inque
2632 2536 2796 2574 unam
2822 2520 3107 2573 hominum
3132 2528 3385 2575 naturam

1810 2613 2131 2683 reSpiciens,
2165 2628 2359 2666 omnes
2402 2605 2653 2681 permque
2693 2611 3024 2676 considerat,
3060 2613 3385 2682 cunctisque

1808 2704 2097 2773 aequaliter
2128 2702 2363 2757 aiIectus
2390 2711 2494 2756 est.
2524 2701 2642 2755 Non
2677 2702 2824 2755 enim
2857 2703 2912 2756 in
2944 2718 3012 2757 eo
3045 2710 3129 2757 est
3164 2702 3389 2759 Graecus

1809 2811 1873 2849 ac
1895 2795 2136 2856 Judaeus,
2162 2795 2440 2848 masculus
2465 2800 2521 2846 et
2545 2793 2768 2858 femina,
2792 2808 2986 2847 servus
3010 2803 3068 2849 et
3093 2795 3259 2861 liber;
3287 2796 3386 2850 sed

1810 2886 1994 2941 omnia
2023 2886 2078 2939 in
2108 2887 2367 2941 omnibus
2394 2884 2649 2939 Christus
2667 2884 2733 2937 ⁸⁸.

1882 2980 1969 3032 51.
2006 2979 2290 3031 Daemones
2333 2991 2400 3030 ex
2446 2975 2708 3045 subjectis
2750 2976 2805 3028 in
2842 2976 3026 3029 animo
3066 2976 3387 3040 aﬂ'ectibus,

134 3070 509 3142 λαμϐάνουσιν
535 3070 585 3122 οἱ
633 3069 886 3139 δαίμονες
930 3068 1027 3131 τὰς
1079 3069 1336 3139 ἀφορμὰς
1391 3068 1485 3122 τοῦ
1543 3074 1713 3123 κινεῖν

1817 3073 2135 3126 occasiones
2165 3084 2463 3137 ansamque
2498 3070 2792 3138 arripiunt,
2822 3078 2883 3123 ut
2912 3069 3137 3123 vitiosas
3168 3087 3232 3125 ac
3263 3071 3389 3125 libi—

138 3169 193 3218 ἐν
223 3166 361 3235 ἡμῖν
390 3165 517 3226 τοὺς
553 3162 820 3231 ἐμπαθεῖς
857 3160 1170 3230 λογισμούς.
1201 3156 1340 3215 Εἶτα
1388 3161 1475 3215 διὰ
1507 3162 1712 3217 τούτων

138 3251 505 3323 πολεμοῦντες
536 3251 630 3304 τὸν
667 3250 824 3313 νοῦν,
872 3248 1215 3312 ἐκϐιάζονται
1266 3250 1428 3303 αὐτὸν
1471 3252 1550 3312 είς
1582 3268 1712 3319 συγ-

138 3349 435 3404 κατάθεσιν
493 3347 667 3400 ὲλθεῖν
725 3345 825 3416 τῆς
883 3345 1177 3414 ἁμαρτίας.
1246 3346 1599 3416 Ἦττηθέντος
1654 3347 1711 3399 δὲ

136 3444 332 3509 αὐτοῦ,
384 3444 613 3513 ἄγουσιν
661 3444 742 3507 εἰς
779 3441 878 3512 τὴν
922 3442 1063 3496 κατὰ
1122 3442 1359 3497 διάνοιαν
1412 3445 1711 3515 ἁμαρτίαν.

136 3540 247 3592 Καὶ
294 3538 499 3607 ταύτης
527 3534 981 3605 ἀποτελεσθείσης
1001 3575 1017 3600 ,
1054 3535 1311 3606 φέρουσιν
1338 3536 1502 3589 αὑτὸν
1527 3536 1712 3590 λοιπὸν

136 3627 487 3698 αἰχμάλωτον
512 3626 592 3688 εἰς
618 3624 717 3694 τὴν
750 3623 967 3694 πρᾶξιν.
1001 3625 1156 3678 Μετὰ
1176 3623 1232 3678 δὲ
1265 3624 1470 3695 ταύτην
1504 3625 1710 3692 λοιπὸν,

140 3721 187 3772 οἱ
219 3717 325 3786 τὴν
360 3716 539 3786 ψυχὴν
576 3714 664 3768 διὰ
688 3713 794 3767 τῶν
832 3714 1111 3782 λογισμῶν
1142 3714 1530 3784 ἐρημώσαντες
1550 3754 1564 3779 ,
1616 3717 1714 3769 σὺν

141 3809 332 3869 αὐτοῖς
375 3803 741 3875 ὑποχωροῦσι.
776 3803 942 3857 Μένει
1001 3804 1058 3855 δὲ
1096 3805 1254 3872 μόνον
1305 3806 1366 3856 ὲν
1410 3803 1485 3873 τῷ
1538 3804 1613 3873 νῷ
1653 3805 1715 3856 τὸ

144 3897 367 3950 εἴδωλον
403 3896 501 3965 τῆς
546 3894 821 3964 ἁμαρτίας
847 3933 861 3958 ,
914 3894 1044 3964 περὶ
1075 3888 1135 3947 οὗ
1187 3910 1351 3964 φησιν
1404 3897 1431 3948 ὁ
1469 3897 1672 3964 Κύριος
1697 3912 1711 3926 ο

146 3988 337 4040 Ὅταν
386 3986 549 4054 ἴδητε
581 3986 646 4039 τὸ
677 3985 992 4055 βδέλυγμα
1019 3984 1129 4053 τῆς
1149 3985 1500 4055 ἐρημώσεως
1528 3988 1717 4053 ἑστὼς

142 4078 214 4130 ἐν
242 4077 407 4143 τόπῳ
443 4077 609 4145 ἁγίῳ,
642 4078 673 4130 ὁ
709 4075 1143 4145 ἀναγινώσκων
1174 4079 1381 4132 νοείτω
1400 4096 1415 4109 ο
1439 4080 1521 4132 ὅτι
1553 4080 1718 4144 τόπος

144 4169 304 4236 ἅγιος
333 4170 427 4220 καὶ
452 4166 575 4229 ναὸς
608 4166 766 4231 Θεοῦ,
805 4168 833 4219 ὁ
864 4166 987 4231 νοῦς
1021 4168 1258 4240 ὑπάρχει
1284 4169 1380 4222 τοῦ
1406 4171 1713 4242 ἀνθρώπου,

144 4262 200 4309 ὲν
330 4258 381 4309 οἱ
412 4257 664 4327 δαίμονες
708 4257 793 4310 διὰ
843 4257 951 4310 τῶν
990 4258 1252 4326 ὲμπαθῶν
1300 4260 1574 4339 λογισμῶν
1619 4264 1718 4334 τὴν

141 4347 326 4416 ψυχὴν
354 4346 758 4417 ἐρημώσαντες,
789 4346 850 4398 τὸ
874 4347 1090 4399 εἴδωλον
1113 4349 1215 4418 τῆς
1252 4350 1523 4420 ἁμαρτίας
1552 4351 1714 4422 ἔστη.

1815 3164 2037 3218 dinosas
2072 3163 2127 3215 in
2162 3162 2323 3215 nobis
2356 3162 2718 3230 cogitationes
2749 3162 3105 3216 exsuscitent.
3139 3162 3391 3233 Tumque

1813 3270 1912 3323 per
1945 3255 2065 3308 illas
2100 3254 2343 3306 animum
2382 3253 2788 3322 impugnantes,
2820 3253 2875 3306 in
2908 3253 3117 3321 peccati
3152 3268 3389 3308 consen-

1814 3362 1934 3400 sum
1983 3353 2204 3415 cogunt.
2246 3344 2432 3412 quue
2480 3353 2768 3413 superato,
2806 3344 2860 3397 in
2910 3352 3197 3413 peccatum
3238 3346 3387 3413 quod

1815 3439 2017 3491 mentis
2092 3437 2334 3506 cogitatu
2395 3436 2593 3505 agitur,
2665 3435 2911 3489 trahunt.
2965 3434 3084 3500 Quo
3162 3434 3389 3489 demum

1813 3537 2058 3599 peracto,
2094 3528 2371 3597 captivum
2400 3526 2455 3579 in
2472 3526 2745 3580 actionem
2771 3542 2835 3580 ac
2854 3541 2994 3595 opus
3019 3526 3223 3580 ferunt.
3260 3526 3388 3580 Post

1814 3621 2088 3675 actionem
2114 3634 2246 3673 vero
2272 3634 2335 3672 ac
2364 3634 2522 3687 opus,
2546 3618 2641 3687 qui
2674 3617 2934 3672 immissis
2963 3618 3391 3688 cogitationibus

1816 3713 2051 3766 animam
2095 3710 2519 3773 desolaverunt,
2560 3725 2685 3763 cum
2733 3709 2815 3763 eis
2857 3708 3152 3775 secedunt;
3204 3720 3390 3764 manet

1816 3819 1947 3857 vero
1973 3803 2027 3855 in
2056 3810 2239 3855 monte
2271 3801 2447 3853 solum
2478 3801 2638 3853 inane
2666 3800 2877 3868 peccati
2911 3800 3288 3865 simulacrum,
3318 3802 3390 3855 de

1816 3908 1925 3963 quo
1972 3892 2050 3944 ait
2096 3891 2359 3943 Dominus
2414 3906 2426 3941 :
2481 3888 2611 3943 Cum
2664 3888 2896 3942 videritis
2946 3890 3389 3945 abominationem

1817 3984 2153 4039 dcsolationis
2185 3992 2413 4036 διαηιεηι
2441 3984 2492 4035 in
2528 3981 2635 4034 loco
2660 3989 2873 4047 sancto;
2902 3983 2992 4051 qui
3024 3981 3164 4050 legit,
3190 3983 3389 4036 intelli-

1817 4075 2003 4146 gat”;
2052 4089 2279 4141 nempe,
2315 4074 2497 4126 locum
2545 4081 2792 4125 sanetum
2828 4088 2904 4131 .ac
2947 4073 3041 4126 Dei
3092 4073 3387 4141 templum,

1817 4182 1936 4221 esse
1964 4165 2204 4219 hominis
2231 4166 2473 4218 aninmm
2501 4179 2595 4216 seu
2622 4171 2882 4225 mentem,
2902 4164 2957 4216 in
2982 4179 3088 4232 qua
3114 4164 3392 4220 daemones

1817 4272 1916 4326 per
1941 4256 2265 4310 libidinosas
2288 4255 2648 4324 cogitationes
2677 4253 2919 4308 desolata
2950 4255 3148 4318 anima,
3179 4258 3390 4324 peccati

1821 4349 2025 4402 idolum
2057 4356 2387 4401 statuerunt.
2417 4344 2543 4399 llzec
2570 4360 2701 4398 vero
2732 4345 2897 4398 etiam
2927 4347 3079 4415 juxta
3113 4347 3189 4399 rei
3225 4357 3393 4415 gesta?

145 4414 425 4492 eaLJJ'oét
454 4414 511 4489 δὲ
536 4438 629 4489 καὶ
659 4436 942 4506 ῐπορικῶς
962 4438 1060 4507 ήδη
1089 4414 1262 4493 ταῦτα
1285 4414 1524 4509 γέγονεν,
1543 4414 1723 4507 οὐδείς

1824 4437 1987 4492 iidem
2026 4439 2135 4507 jam
2162 4436 2442 4501 evenisse,
2476 4452 2658 4501 nemo,
2694 4436 2955 4499 arbitror,
2989 4438 3257 4506 ambiget,
3293 4439 3393 4506 qui

143 4528 255 4581 τῶν
296 4529 366 4582 τὰ
406 4529 736 4599 Ἱωσήππεια
763 4528 1147 4595 ἀνεγνωκότων
1170 4572 1184 4596 ,
1226 4531 1300 4592 ὡς
1325 4526 1479 4600 οἶμαι
1501 4575 1515 4597 ,
1547 4535 1718 4603 ἀμφι-

146 4619 358 4672 ϐάλλει.
409 4619 556 4688 Πλὴν
605 4620 749 4682 τινες
780 4637 912 4689 φασι
957 4621 1052 4673 καὶ
1081 4622 1175 4674 ἐπὶ
1211 4623 1304 4675 τοῦ
1347 4624 1718 4696 Ἀντιχρίστου

141 4710 320 4764 ταῦτα
338 4708 683 4779 γενήσεσθαι.

215 4802 319 4872 λβ’.
355 4802 494 4871 Τρία
520 4800 629 4854 εἰσὶ
656 4800 725 4853 τὰ
753 4801 1004 4853 κινοῦντα
1028 4803 1173 4871 ἡμᾶς
1209 4802 1298 4855 ἐπὶ
1333 4802 1401 4856 τὰ
1426 4804 1568 4858 καλά
1591 4823 1604 4836 °
1650 4806 1719 4859 τὰ

147 4892 358 4958 φυσικὰ
395 4892 688 4961 σπέρματα
710 4906 723 4919 ·
757 4890 813 4943 αἱ
843 4888 994 4957 ἅγιαι
1038 4877 1328 4959 Δυνάμεις,
1363 4892 1510 4962 καὶὴ
1537 4894 1715 4965 ἀγαθὴ

144 4980 492 5051 προαίρεσις.
519 4978 632 5033 Καὶ
669 4978 738 5031 τὰ
765 4977 863 5047 μὲν
890 4978 1098 5045 φυσικὰ
1143 4979 1454 5049 σπέρματα,
1492 4982 1565 5045 ὼς
1591 4984 1716 5036 ὅταν

221 5119 269 5151 ⁸⁸
299 5118 473 5173 Galat.
512 5133 592 5181 ιιι,
621 5116 711 5171 28.
786 5116 833 5149 ‘°
860 5118 1055 5173 Matth.
1088 5133 1233 5182 xxiv,
1271 5117 1358 5171 15.

212 5239 252 5254 "
280 5232 431 5288 Orat.
468 5232 535 5288 15
564 5241 620 5288 et
643 5232 793 5299 alibi,
819 5233 909 5299 59,
942 5233 1030 5289 49.

216 5344 290 5417 (δ)
327 5346 489 5399 Ἐπεὶ
522 5346 730 5417 τζμέχει
750 5346 1110 5417 παράδοξον.
1144 5345 1300 5417 Quod
1330 5345 1595 5417 Maximus
1623 5348 1719 5400 in-

148 5415 673 5470 etmveniensaﬂ'ert
722 5417 988 5470 adversus
1012 5416 1332 5478 Tritbcitas,
1376 5416 1524 5484 quod
1563 5417 1714 5471 nulla

150 5486 328 5553 major
362 5486 493 5538 unio
524 5484 767 5555 sitjuxta
797 5485 943 5548 illos,
988 5486 1110 5540 Filii
1146 5502 1270 5539 cum
1299 5486 1480 5551 Patre,
1526 5502 1709 5555 quam

150 5565 237 5607 est
267 5554 364 5607 lilii
391 5554 633 5609 hominis
651 5570 775 5608 cum
812 5555 1035 5608 homine
1065 5564 1241 5624 patre,
1275 5554 1328 5608 id
1347 5571 1476 5610 vero
1506 5554 1710 5623 Obsop.

150 5631 421 5695 assertum
468 5624 633 5695 facit,
670 5638 733 5677 ac
774 5624 843 5695 si_
879 5624 1075 5695 doceat
1102 5626 1388 5685 Maximus.
1439 5626 1585 5695 quod
1613 5640 1715 5679 nec

152 5694 297 5746 [orte
354 5693 741 5762 grammaticus
780 5693 1137 5759 admitteret,
1186 5710 1289 5749 nec
1349 5693 1489 5749 alius
1527 5711 1594 5749 ex
1650 5711 1713 5749 ca

1820 4529 1994 4583 libros
2022 4544 2049 4581 a
2076 4528 2315 4597 Josepho
2342 4528 2684 4597 conscriptos
2709 4529 2904 4597 legerit
2933 4526 3014 4596 (ι).
3044 4527 3184 4581 Sunt
3207 4537 3395 4584 tamen

1823 4623 1917 4691 qui
1948 4628 2194 4692 tempore
2226 4621 2578 4685 Antichristi,
2609 4620 2945 4697 hmcvleadem
2972 4621 3158 4675 futura
3185 4622 3375 4675 dicant

1893 4805 1981 4859 52.
2009 4804 2133 4859 Tria
2161 4812 2286 4860 sunt
2317 4820 2418 4859 nos
2444 4804 2508 4858 ad
2538 4819 2600 4858 ea
2629 4819 2750 4873 qua:
2775 4804 3004 4857 honesta
3034 4812 3165 4856 sunt
3187 4819 3249 4856 ac
3275 4802 3398 4855 oiliv

1822 4896 1895 4950 cii
1956 4895 2341 4964 provocantia;
2376 4895 2647 4949 naturalia
2679 4895 2892 4949 scilicet
2923 4895 3160 4957 semina,
3192 4901 3399 4947 sancta:

1823 4985 2089 5052 Virtutes,
2132 4996 2189 5040 et
2228 4987 2374 5042 bona
2415 4987 2691 5042 voluntas.
2732 4984 2811 5038 Ac
2855 4984 3076 5053 quidem
3121 4981 3398 5036 naturalia:

1809 5347 2017 5401 schola.
2060 5348 2195 5402 Nam
2227 5347 2306 5403 sic
2338 5347 2552 5403 reddit:
2584 5344 3039 5412 Quemadmodum
3070 5343 3210 5396 enim
3228 5345 3392 5397 homo

1809 5418 2007 5488 homini
2042 5421 2219 5471 unitas
2266 5428 2362 5488 est,
2389 5427 2460 5488 ret
2510 5426 2856 5488 segregatus,
2905 5416 2981 5468 sic
3024 5414 3186 5488 etiam
3226 5413 3395 5488 _Patrr

1810 5486 2002 5558 Filius,
2037 5497 2086 5540 et
2151 5487 2285 5541 nihil
2340 5487 2479 5558 plus.
2534 5483 2844 5558 Sed'bene
2893 5493 2996 5549 est,
3032 5484 3179 5553 quod
3217 5483 3385 5537 Gesn.

1810 5557 2144 5626 emendavit,
2169 5573 2233 5611 ac
2271 5555 2353 5611 sic
2383 5558 2581 5626 putida
2618 5555 2865 5612 sustulit.

1884 5625 2182 5749 (tgsLibro
2244 5626 2320 5681 De
2366 5622 2498 5681 Helio
2551 5627 2798 5682 Iudaico.
2854 5623 2993 5681 Vide
3062 5623 3261 5679 Baron.
3315 5622 3385 5676 ad

1811 5711 1901 5749 an.
1935 5711 2022 5749 Οδ.

3265 311 3375 371 994
3448 328 3453 333 ‘
