3876 6314
146 312 261 378 1001

1049 314 1385 378 CAPITUM
1424 318 1521 378 DE
1559 318 1990 378 CHARITATE
2029 320 2418 380 GENTURIA
2457 317 2539 380 II.

3257 327 3393 393 1002

141 429 304 482 κακὸν
333 427 455 481 ἀντὶ
488 425 655 481 κακοῦ
691 426 765 497 μὴ
806 427 1098 481 ἀποδοῦναι
1120 471 1134 492 ,
1169 431 1259 483 διὰ
1306 433 1404 502 τὴν
1447 431 1665 502 ἐντολήν
1693 448 1706 463 ⁸
1737 444 1754 493 λ

1829 433 1958 487 :nim
1983 474 1998 497 ,
2027 433 2132 488 etsi
2175 434 2419 489 nondum
2462 434 2680 504 diligat,
2707 436 2911 491 malum
2954 453 3054 508 pro
3097 442 3242 498 malo
3279 461 3390 500 non

139 525 198 577 οὐ
241 522 460 585 πάντως
505 523 562 576 δὲ
607 521 685 574 ἔτι
727 523 823 576 καὶ
866 523 1030 576 καλὸν
1077 526 1468 580 ἀνταποδοῦναι
1514 527 1711 593 κακοῦ,

139 612 428 674 ἀϐιάστως.
468 612 541 664 Τὸ
583 612 692 682 γὰρ
726 613 790 664 ἐκ
835 613 1128 676 διαθέσεως
1177 613 1356 678 καλῶς
1401 619 1574 670 ποιεῖν
1601 619 1714 680 τοῖς

141 702 392 774 μισοῦσι,
467 703 637 774 μόνης
712 703 832 756 ἐστὶ
907 707 1007 774 τῆς
1075 706 1452 777 πνευματικῆς
1501 706 1714 772 τελείας

137 798 372 866 ἀγάπης.

206 889 269 943 ν’.
307 893 419 961 Οὐχ
449 894 476 944 ὁ
507 891 580 961 μὴ
611 891 842 960 ἀγαπῶν
873 909 1016 955 τινα,
1064 892 1164 964 ἠδη
1195 895 1410 958 πάντως
1439 895 1533 948 καὶ
1567 897 1716 966 μισεῖ

133 987 294 1038 αὐτόν
321 1002 332 1014 °
381 987 502 1040 οὐδὲ
535 987 696 1040 πάλιν
721 1029 734 1052 ,
767 990 794 1040 ὁ
827 987 901 1058 μὴ
953 988 1158 1057 μισῶν,
1213 990 1314 1059 ἤδη
1356 990 1573 1054 πάντως
1619 992 1714 1045 καὶ

133 1079 341 1148 ἀγαπᾷ.
399 1079 555 1131 Ἀλλὰ
589 1079 809 1132 δύναται
855 1079 930 1141 ὡς
968 1080 1130 1150 μέσος
1164 1076 1304 1135 εἶναι
1341 1081 1476 1152 πρὸς
1508 1083 1668 1134 αὐτόν
1695 1099 1709 1113 ·

128 1169 398 1233 τουτέστι,
434 1170 572 1239 μήτε
604 1171 846 1242 ἀγαπᾷν,
881 1171 1019 1241 μήτε
1057 1175 1257 1240 μισεῖν.
1290 1172 1402 1242 Τὴν
1433 1173 1541 1245 γὰρ
1575 1175 1710 1242 ἁγα-

131 1261 370 1330 πητικὴν
405 1261 646 1314 διάθεσιν
670 1304 684 1327 ,
731 1264 882 1333 μόνοι
912 1267 960 1316 οι
989 1264 1047 1316 ἐν
1087 1263 1164 1334 τῷ
1213 1264 1387 1334 ἐνάτῳ
1433 1267 1715 1338 κεφαλαίῳ

127 1351 333 1422 ταύτης
386 1356 482 1424 τῆς
526 1355 877 1418 ἐκατοντάδος
929 1356 1211 1427 εἰρημένοι
1275 1357 1431 1410 πέντε
1482 1359 1712 1429 τρόποι,

123 1445 378 1513 ἐμποιεῖν
417 1445 760 1513 πεφύκασιν,
809 1447 836 1501 ὃ
885 1465 945 1502 τε
997 1448 1283 1513 ἐπαινετὸς
1316 1449 1407 1502 καὶ
1447 1451 1475 1502 ὁ
1528 1450 1712 1520 μέσος,

125 1541 223 1592 καὶ
250 1543 302 1594 οἱ
342 1540 554 1610 ψεκτοί.
587 1543 598 1552 ’

193 1726 302 1773 ναν.
340 1720 508 1772 Ὅταν
545 1721 659 1790 ἴδῃς
708 1721 798 1775 τὸν
848 1723 973 1776 νοῦν
1006 1740 1099 1776 σου
1150 1727 1261 1790 τοῖς
1310 1725 1516 1787 ὑλικοϊς
1547 1723 1714 1796 ἡδέως
1749 1765 1790 1825 Β

117 1810 587 1881 ἐνασχολούμενον
608 1851 623 1876 ,
665 1814 760 1865 καὶ
793 1816 906 1878 τοῖς
954 1814 1161 1870 τούτων
1191 1817 1456 1886 νοήμασιν
1485 1815 1713 1886 ἐμφιλο-

115 1902 457 1974 χωροῦντα,
507 1904 744 1972 γίνωσκε
803 1907 1029 1960 σεαυτὸν
1082 1907 1254 1960 ταῦτα
1307 1909 1508 1978 μᾶλλον
1558 1908 1594 1980 ἢ
1623 1908 1715 1962 τὸν

113 1995 252 2048 Θεὸν
279 1996 607 2062 ἀγαπῶντα.
644 1997 837 2050 Ὅπου
864 1997 973 2066 γάρ
993 1999 1163 2053 ἐστιν
1187 2002 1218 2053 ό
1249 2001 1552 2080 θῃσαυρός
1576 2017 1712 2066 σου,

112 2088 290 2159 φησὶν
329 2089 358 2140 ὁ
387 2089 609 2159 Κύριος,
650 2089 783 2143 ἐκεῖ
814 2091 914 2142 καί
960 2090 998 2157 ἠ
1036 2091 1248 2160 καρδιά
1280 2093 1470 2146 ἔσται.

186 2179 294 2249 νβ’.
343 2179 485 2243 Νοῦς
515 2180 634 2250 Θεῷ
669 2181 1073 2251 συναπτόμενος
1098 2221 1112 2247 ,
1147 2181 1240 2234 καὶ
1271 2182 1421 2252 αὐτῷ
1462 2183 1714 2253 ἐγχρονί-

108 2269 226 2334 ζων
252 2269 352 2323 διὰ
386 2271 696 2340 προσευχῆς
739 2271 833 2323 καὶ
887 2271 1142 2340 ἀγάπης,
1178 2270 1341 2339 σοφὸς
1377 2271 1585 2338 γίνεται
1619 2272 1716 2326 καὶ

107 2361 338 2429 ἀγαθὸς
379 2362 474 2414 καὶ
509 2361 735 2426 δυνατὸς
772 2363 867 2416 καὶ
912 2363 1295 2434 φιλάνθρωπος
1326 2365 1417 2418 καὶ
1466 2365 1714 2436 ἐλεήμων

106 2457 204 2508 καὶ
240 2455 611 2526 μακρόθυμος
639 2472 652 2486 ο
705 2458 800 2508 καὶ
853 2457 1040 2521 ἁπλῶς
1074 2458 1282 2521 εἰπεῖν,
1319 2457 1498 2511 πάντα
1531 2457 1716 2527 σχεδὸν

101 2549 176 2602 τὰ
239 2547 376 2601 θεῖοι
411 2546 680 2618 ἰδιώματα
728 2551 786 2602 ἐν
843 2548 1022 2619 ἐαυτῷ
1071 2548 1381 2620 περιφέρει.
1422 2547 1626 2602 Τούτου
1659 2548 1716 2601 δὲ

101 2637 433 2709 ἀναχωρῶν
490 2636 614 2710 [Fr.
648 2639 976 2711 ἀποχωρῶν]
998 2679 1012 2705 ,
1049 2640 1142 2693 καὶ
1165 2640 1273 2693 τῶν
1308 2639 1512 2694 ὑλικῶν
1544 2653 1717 2712 προσ-

98 2728 313 2800 χωρῶν
362 2768 376 2792 ,
445 2728 480 2799 ἢ
518 2729 799 2800 κτηνώδης
845 2730 1056 2798 γίνεται
1095 2729 1376 2800 φιλήδονος
1429 2729 1670 2797 γεγονώς
1697 2744 1712 2758 ·

97 2820 133 2893 ἢ
197 2817 532 2891 θηριώδης,
594 2820 683 2874 διὰ
736 2819 910 2874 ταῦτα
981 2822 1094 2884 τοῖς
1172 2819 1486 2891 ἀνθρώποις
1545 2820 1713 2892 μαχό-

96 2931 296 2985 μενος.
1142 2975 1147 2980 ,

170 3011 286 3073 νγ¹.
325 3001 559 3070 Κόσμον
587 3003 737 3072 λέγει
797 3005 830 3075 ἠ
870 3005 1064 3076 Γραφὴ
1100 3004 1168 3058 τὰ
1197 3004 1358 3058 ὑλικὰ
1388 3004 1714 3076 πράγματα’

1816 523 2084 588 reddere,
2135 524 2278 593 quod
2334 525 2407 577 ita
2463 535 2799 594 prmeeptum
2851 529 2955 594 sit;
3006 546 3116 586 non
3165 537 3392 591 omnino

1814 621 1997 667 autem
2026 613 2208 668 adhuc
2238 615 2402 668 etiam
2443 614 2648 669 bonum
2686 631 2788 685 pro
2822 620 2966 674 malo
3007 621 3152 677 ultro
3192 641 3390 695 repen~

1815 702 1967 759 derc.
1993 703 2140 759 Bene
2178 705 2326 759 enim
2367 722 2433 760 ex
2472 706 2656 761 animo
2695 708 2875 766 facere
2907 711 2992 766 his
3012 715 3106 783 qui
3131 716 3389 785 oderunt,

1816 794 2071 864 perfecta:
2096 796 2360 850 duntaxat
2382 797 2643 866 spiritalis
2665 801 2950 858 charitatis
2971 812 3073 860 est.

1888 884 1976 939 50.
2023 886 2126 952 Qui
2172 903 2284 941 non
2330 887 2508 958 diligit
2551 889 2824 958 aliquem,
2865 910 2975 948 non
3013 896 3125 965 jam
3169 900 3393 955 omnino

1816 973 1979 1027 etiam
2010 975 2156 1040 odit;
2189 991 2291 1030 nec
2318 992 2348 1030 ε
2375 985 2584 1043 contra,
2613 979 2708 1047 qui
2735 996 2844 1034 non
2874 983 3010 1044 odit,
3031 984 3140 1053 jam
3166 989 3394 1044 omnino

1817 1065 1982 1118 etiam
2010 1065 2188 1136 diligit
2213 1085 2226 1119 :
2261 1067 2355 1122 sed
2385 1075 2444 1120 ut
2467 1069 2682 1124 medius
2706 1085 2832 1141 erga
2861 1072 3018 1127 illum
3043 1090 3164 1130 esse
3187 1087 3388 1146 potest,

1819 1155 1872 1209 id
1900 1164 2012 1221 est,
2037 1157 2119 1211 sic
2142 1157 2322 1211 animo
2351 1168 2727 1228 comparatus,
2755 1170 2815 1214 ut
2841 1177 3020 1232 neque
3046 1165 3262 1235 diligat,
3289 1185 3388 1225 ne—

1817 1262 1924 1316 que
1964 1247 2164 1301 oderit.
2190 1249 2508 1303 Dilectionis
2535 1250 2682 1306 enim
2710 1252 2965 1308 alfcctum
2983 1295 2996 1319 ,
3022 1255 3100 1310 illi
3129 1258 3395 1316 duntaxat

1818 1338 2064 1407 quinque
2097 1339 2244 1392 modi
2276 1339 2332 1393 in
2363 1339 2522 1394 nobis
2553 1341 2758 1396 habent
2785 1343 3035 1414 gignere,
3067 1363 3206 1416 quos
3245 1366 3396 1408 nouo

1817 1429 1995 1498 capite
2035 1430 2202 1502 [‘18
2235 1447 2300 1484 ex
2340 1431 2427 1486 his
2465 1442 2688 1487 centum
2728 1436 2920 1503 retuli;
2944 1431 3071 1491 'tum
3101 1456 3296 1510 nempe
3348 1443 3398 1498 is.

1816 1522 1910 1591 qui
1937 1523 2152 1576 laudem
2176 1523 2363 1589 habet,
2389 1533 2502 1578 tum
2528 1525 2622 1594 qui
2647 1526 2861 1582 medius
2877 1536 2981 1594 est,
3005 1538 3119 1588 tum
3145 1534 3239 1602 qui
3264 1542 3394 1602 sum

1819 1610 2092 1680 vituperio
2113 1611 2259 1681 digni
3163 1593 3182 1602 ’
3339 1593 3355 1616 ³

1889 1702 1977 1755 Si.
2006 1701 2143 1756 Cum
2186 1703 2418 1758 terrenis
2449 1703 2614 1758 rebus
2640 1715 2944 1775 earumque
2969 1709 3391 1780 cogitationibus

1821 1801 2057 1847 mentem
2108 1801 2254 1847 tuam
2301 1793 2536 1849 libenter
2582 1795 2859 1852 immorari
2902 1798 3134 1865 videris;
3180 1801 3298 1857 haec
3341 1814 3394 1859 te

1818 1884 2009 1954 magis,
2034 1901 2197 1954 quam
2237 1885 2408 1938 Deum
2449 1885 2696 1956 diligere,
2721 1889 2943 1945 noveris
2976 1907 2988 1943 :
3024 1892 3119 1946 Ubi
3148 1895 3288 1948 enim
3312 1887 3392 1950 ὂει

1821 1977 2096 2030 thesaurus
2126 1984 2268 2042 tuus,
2295 1977 2372 2033 ait
2397 1977 2683 2044 Dominus,
2707 1980 2778 2035 ibi
2806 1989 2854 2034 et
2879 1998 2970 2038 cor
2994 1985 3092 2038 erit
3114 1984 3182 2041 5'.

1885 2159 1970 2220 32.
2010 2165 2122 2222 Deo
2156 2168 2488 2237 conjunctus
2524 2169 2768 2233 animus,
2799 2171 2962 2242 eique
3001 2175 3268 2231 orationis
3305 2178 3392 2232 in-

1815 2259 2016 2315 stantia
2057 2269 2112 2314 et
2148 2259 2416 2316 charitate
2457 2261 2740 2326 assiduus,
2775 2265 2992 2333 sapiens
3031 2274 3088 2321 et
3123 2267 3303 2324 bonus
3337 2279 3395 2326 et

1815 2360 2012 2420 potens
2064 2359 2120 2406 et
2173 2351 2445 2422 benignus
2491 2362 2549 2406 et
2595 2354 2912 2412 misericors
2962 2366 3019 2412 et
3062 2358 3394 2429 longanimis

1815 2439 2050 2494 emcitur
2091 2458 2104 2493 :
2149 2450 2332 2510 atque,
2360 2450 2422 2494 ut
2458 2442 2628 2496 verbo
2666 2443 2876 2509 dicam,
2913 2456 3138 2504 cunctas
3176 2449 3292 2506 fere
3335 2452 3393 2507 in

1815 2531 1996 2600 seipso
2025 2531 2240 2589 divinas
2270 2530 2587 2586 circumfert
2614 2532 2788 2588 dotes.
2821 2534 2961 2590 Dum
2990 2552 3144 2602 vero,
3163 2553 3230 2594 eo
3261 2542 3392 2595 reli-

1817 2622 2179 2686 cto,terrenis
2207 2638 2264 2678 se
2296 2622 2465 2678 rebus
2495 2624 2760 2694 adjungit,
2787 2635 2883 2680 aut
2908 2629 3178 2696 pecuinus
3207 2633 3392 2688 evadit

1819 2710 2106 2781 (voluptati
2145 2713 2358 2769 scilicet
2396 2729 2462 2768 ac
2498 2714 2716 2770 libidini
2754 2715 2994 2788 deditus)
3031 2725 3126 2774 aut
3161 2721 3390 2786 ferinus.

1816 2813 2004 2852 carum
2041 2814 2206 2854 causa
2244 2800 2523 2859 hostiliter
2553 2817 2789 2873 pugnam
2826 2804 3078 2879 rixasque
3111 2809 3396 2871 instruere,

1817 2903 1942 2973 cum
1972 2889 2308 2946 hominibus.

1887 2993 1974 3048 55.
2005 2993 2266 3049 Mundum
2315 2995 2604 3067 Scriptura
2667 3010 2757 3054 res
2807 3011 3056 3059 terrenas
3093 3013 3280 3072 vocat;
3327 3022 3396 3064 ac

90 3097 196 3151 καὶ
231 3097 517 3166 κοσμικοί
557 3099 700 3164 είσι,
745 3098 794 3150 οἱ
838 3097 1048 3160 τούτοις
1086 3097 1176 3150 τὸν
1210 3096 1334 3150 νοῦν
1364 3093 1754 3168 ἐνασχολοῦνη

1829 3085 2079 3140 mundani
2115 3095 2264 3152 sunt,
2289 3088 2384 3158 qui
2421 3089 2509 3144 bis
2539 3099 2734 3146 vacant
2766 3100 2930 3163 atque
2960 3093 3147 3151 animo
3182 3097 3393 3167 impen-

91 3208 229 3255 τες,
297 3189 449 3260 πρὸς
495 3188 589 3251 οὓς
646 3190 741 3242 καὶ
810 3189 958 3258 λέγει
1021 3189 1556 3259 ἐντρεπτικώτερον·
1615 3188 1712 3257 Μὴ

89 3281 396 3352 ἀγαπᾶτε
445 3280 554 3333 τὸν
602 3281 872 3349 κόσμον,
921 3281 1078 3350 μηδὲ
1132 3280 1206 3335 τὰ
1247 3281 1317 3334 ἐν
1357 3279 1438 3346 τῷ
1485 3282 1710 3349 κόσμῳ.

100 3375 168 3428 Ἡ
188 3371 504 3442 ἐπιθυμία
530 3369 640 3440 τῆς
661 3371 908 3440 σαρκὸς,
935 3374 1034 3425 καὶ
1055 3360 1337 3440 ἐπιθυμία
1359 3369 1476 3424 τῶν
1494 3371 1716 3439 (550011.1-

77 3464 272 3535 μῶν,
328 3462 440 3516 καὶ
485 3463 524 3532 ἠ
571 3461 892 3522 ἀλαζονεία
950 3463 1055 3518 τοῦ
1120 3465 1298 3532 βίου,
1361 3463 1474 3518 οὐκ
1545 3462 1716 3517 ἔστιν

83 3557 160 3608 ἐκ
205 3555 328 3609 τοῦ
371 3553 527 3608 Θεοῦ
551 3570 565 3584 ο
623 3553 761 3608 ἀλλ’
808 3554 878 3608 ἐκ
906 3555 1012 3609 τοῦ
1042 3555 1274 3624 κόσμου
1315 3555 1471 3617 ἐστὶ,
1511 3553 1607 3609 καὶ
1647 3553 1717 3607 τὰ

83 3649 183 3680 ιτς

81 3667 253 3719 εςης.

172 3742 270 3795 ιδ’.
316 3739 582 3810 Μοναχός
614 3743 793 3806 ἐστιν,
824 3740 854 3792 ὁ
877 3739 986 3795 τῶν
1014 3732 1216 3793 ὑλικῶν
1251 3738 1594 3810 πραγμάτων
1624 3738 1716 3792 τὸν

74 3832 222 3887 νοῦν
269 3832 686 3900 ἀποχωρίσας·
739 3831 834 3882 καὶ
885 3829 953 3883 δι’
985 3828 1316 3899 ἐγκρατείας
1349 3828 1446 3880 καὶ
1495 3827 1717 3899 ἀγάπης

74 3927 185 3979 καὶ
253 3921 607 3994 ψαλμῳδίας
654 3921 751 3975 καὶ⁷
793 3923 1098 3992 προσευχῆς
1157 3917 1586 3990 προσκαρτερῶν
1639 3916 1717 3988 τῷ

71 4016 240 4072 Θεῶ.

305 4104 717 4175 Κτηνοτρόφος
761 4103 858 4174 μέν
894 4103 1044 4157 ἐστιν
1069 4101 1280 4173 νοητὸς,
1318 4102 1347 4154 ὁ
1373 4101 1712 4172 πρακτικός·

64 4201 324 4274 κτηνῶν
358 4200 486 4269 γὰρ
513 4198 670 4266 λόγον
705 4199 962 4266 ἐπέχουσι
985 4196 1055 4250 τὰ
1091 4196 1264 4265 ἠθικὰ
1293 4193 1712 4266 κατορθώματα⁸

59 4299 158 4352 διὸ
220 4296 338 4350 καὶ
406 4293 604 4358 ἔλεγεν
661 4293 690 4344 ὁ
735 4291 930 4344 Ἰακώϐ
961 4307 975 4321 ο
1025 4289 1272 4358 Ἄνδρες
1321 4289 1718 4358 κτηνοτρόφοι

57 4389 257 4445 εἰσὶν
289 4387 358 4441 οἱ
397 4381 623 4447 παῖδές
649 4396 787 4436 σου.
846 4380 1055 4451 Ποιμὴν
1083 4381 1139 4434 δὲ
1170 4381 1488 4460 προϐάτων,
1513 4381 1542 4434 ὁ
1573 4397 1715 4448 γνω-

1815 3177 2052 3244 duntur,
2087 3180 2289 3248 quibus
2335 3181 2500 3235 etiam
2547 3183 2820 3238 austerius
2862 3184 3208 3257 objurganda
3250 3190 3332 3244 ait
3373 3209 3388 3245 :

1814 3267 1990 3323 Nolite
2033 3269 2252 3348 diligere
2297 3271 2585 3336 mundum,
2621 3289 2788 3344 neque
2829 3291 2891 3328 ea
2936 3292 3054 3346 quas
3094 3279 3151 3332 in
3195 3281 3392 3335 mundo

1813 3369 1955 3418 sunt.
1987 3361 2419 3434 Concupiscentia
2455 3367 2660 3429 carnis,
2687 3373 2736 3420 et
2768 3370 3184 3440 concupiscentia
3214 3373 3393 3428 oculo-

1815 3468 1954 3516 rum,
1976 3459 2024 3505 et
2047 3454 2292 3525 superbia
2318 3456 2460 3521 vita,
2483 3473 2588 3510 non
2615 3465 2737 3514 sunt
2758 3473 2822 3512 ea:
2840 3457 2970 3527 Deo;
2995 3461 3085 3514 sed
3109 3475 3175 3518 ea:
3198 3466 3392 3518 mundo

1813 3555 1938 3600 sunt
1962 3544 2030 3612 ⁸⁸,
2053 3554 2111 3601 ει
2134 3562 2258 3618 qua:
2285 3556 2612 3618 sequuntur.

1888 3713 1974 3771 54.
2009 3715 2314 3772 Monachus.
2343 3723 2462 3782 est,
2491 3717 2587 3787 qui
2626 3727 2866 3774 mentem
2900 3729 3056 3777 suam
3089 3737 3122 3776 a
3157 3724 3395 3781 terrenis

1816 3807 1981 3863 rebus
2005 3807 2300 3873 abstraxit;
2327 3822 2389 3861 ac
2413 3807 2506 3878 qui
2531 3823 2631 3879 per
2649 3809 3042 3870 continentiam
3067 3820 3124 3868 et
3145 3813 3393 3870 dilectio-

1816 3917 1940 3956 nem
1975 3908 2031 3954 et
2059 3898 2420 3969 psalmodiam
2455 3899 2761 3970 orandique
2795 3901 3040 3960 studium
3061 3942 3076 3968 ,
3109 3904 3221 3961 Deo
3249 3909 3391 3964 assii-

1817 3992 1960 4047 duus
1984 3992 2220 4047 exsistit.

1887 4082 1974 4140 55.
2009 4083 2284 4154 Spiritalis
2323 4093 2580 4158 pecorum
2625 4092 2812 4154 pastor
2849 4094 2964 4153 est,
2993 4085 3090 4158 qui
3121 4089 3393 4148 actionem

1818 4180 1950 4235 colit
1992 4197 2006 4234 :
2049 4195 2308 4250 pecorum
2343 4179 2492 4234 enim
2532 4179 2800 4236 rationem
2842 4180 3070 4249 habent,
3102 4184 3392 4243 muralium

1818 4285 1986 4342 Opera
2014 4272 2300 4326 virtutum.
2329 4271 2542 4326 idcirco
2571 4271 2734 4328 etiam
2762 4273 2944 4328 aiebat
2966 4274 3135 4332 Jaeob
3163 4293 3176 4329 z
3202 4275 3394 4335 Pastas

1818 4385 1902 4422 res
1940 4382 2185 4439 pecorum
2221 4374 2345 4420 sunt
2381 4366 2515 4420 serui
2557 4365 2718 4421 tui“.
2747 4363 2940 4422 Ovium
2985 4377 3167 4424 autem
3207 4379 3393 4438 pastor

62 4437 677 4545 στνικοςζΠροϐάτων
706 4473 814 4542 γὰρ
851 4437 1326 4541 λόγον’ἐπὲχούσιν
1361 4470 1410 4523 οί
1436 4437 1710 4540 λογισμοὶ,
1746 4437 1754 4493 1

1829 4437 2056 4533 εει,ᾳυί
2096 4461 2279 4517 studet
2315 4462 2558 4517 scientiae
2596 4477 2660 4516 ac
2695 4462 3164 4532 contemplationi.
3195 4437 3393 4521 brium

56 4557 168 4626 ἐπὶ
209 4569 293 4623 τὰ
340 4566 468 4638 ὅρη
501 4561 609 4617 τῶν
636 4561 1010 4636 Θεωρημάτων
1041 4561 1146 4614 ὑπὸ
1171 4560 1266 4615 τοῦ
1303 4562 1394 4615 νοῦ
1425 4561 1712 4632 ποιμαινό-

60 4682 275 4736 μενοι.
333 4658 464 4713 Διὰ
519 4655 677 4709 τοῦτο
725 4657 819 4709 καὶ
850 4655 1167 4725 Βδέλυγμα
1212 4653 1337 4720 τοῖς
1369 4654 1714 4724 Αἰγυπτίοις

53 4756 200 4824 πᾶς
243 4749 522 4823 ποιμὴν
553 4745 892 4816 προϐάτων,
945 4747 1114 4816 ἡγουν
1143 4747 1263 4810 ταῖς
1307 4746 1575 4810 ἐναντίαις
1625 4745 1717 4798 δυ-

53 4851 324 4920 νάμεσι.

138 5029 279 5090 νςθ.
327 5020 401 5073 Ὀ
439 5013 555 5086 μὲν
585 5014 786 5082 φαῦλος
816 5015 960 5079 νοῦς,
1007 5014 1329 5084 κινουμένου
1351 5013 1443 5067 τοῦ
1473 5014 1725 5086 σώματος

51 5119 161 5176 διὰ
217 5114 360 5168 τῶν
433 5107 759 5176 αἰσθήσεων
813 5107 906 5160 ἐπὶ
962 5107 1060 5170 τὰς
1101 5107 1239 5169 ιδίας
1287 5106 1584 5176 ἐπιθυμίας
1630 5107 1728 5160 καὶ¹

47 5211 319 5286 ἡδονὰς,
340 5197 744 5268 ἐξακολουθεῖ,
781 5197 875 5250 καὶ
907 5196 1358 5266 συγκατατίθεται
1389 5198 1508 5260 ταῖς
1535 5195 1725 5250 τούτου

48 5296 463 5377 φαντασίαις
515 5290 609 5342 καὶ
649 5292 844 5360 ὁρμαῖς
872 5307 885 5322 ο
915 5292 943 5343 ὁ
981 5290 1038 5344 δὲ
1084 5289 1359 5360 ἐνάρετος,
1391 5288 1724 5361 ἐγκρατεύε-

45 5416 180 5461 ται,
229 5392 351 5444 καὶ
404 5381 652 5451 κατέχει
703 5381 896 5434 ἑαυτὸν
930 5381 1038 5435 ἀπὸ
1075 5379 1184 5433 τῶν
1229 5379 1725 5450 ἐμπαθῶνφανταέ

46 5488 208 5543 σιῶν
275 5480 395 5534 καὶ¹
448 5472 698 5542 ὁρμῶν,
749 5473 840 5526 καὶ
893 5473 1095 5544 μᾶλλον
1156 5472 1438 5541 φιλοσοφεῖ
1483 5469 1726 5542 βελτίους

42 5582 325 5650 ποιῆσαι
365 5567 492 5628 τὰς
536 5565 796 5626 τοιαύτας
825 5561 991 5618 αὐτοῦ
1023 5564 1288 5632 κινήσεις.

1817 4557 1967 4612 enim
1996 4557 2262 4624 rationem
2289 4555 2493 4611 habent
2521 4555 2878 4625 cogitationes
2905 4556 3184 4626 animique
3210 4573 3388 4622 sensa,

1821 4665 1944 4720 quae
1978 4650 2032 4703 in
2073 4648 2352 4704 montibus
2389 4647 2718 4718 spiritalium
2761 4649 3288 4718 eontemplationum
3328 4667 3395 4706 ac

1822 4741 2108 4797 nationum
2154 4756 2186 4794 a
2232 4747 2414 4794 mente
2461 4747 2783 4808 pascuntur.
2827 4738 3122 4808 Propterea
3164 4742 3330 4796 etiam
3379 4760 3391 4794 :

1764 4857 1771 4863 ·
1823 4833 2157 4890 Abominatio
2193 4841 2268 4888 est
2305 4830 2569 4902 ngyptiia,
2604 4832 2771 4889 omnis
2809 4839 2993 4901 pastor
3027 4833 3202 4888 ouium
3221 4833 3298 4898 ⁸⁸,
3339 4833 3396 4887 id

1823 4934 1928 4990 est,
1955 4922 2286 4979 adversariis
2311 4921 2692 4994 potestatibus.

1897 5013 1980 5068 56.
2015 5014 2188 5068 Prava
2218 5027 2392 5078 mens,
2424 5011 2656 5067 incitato
2681 5025 2916 5080 corpore
2939 5025 3198 5067 sensuum
3229 5027 3397 5082 opera

1827 5105 1883 5158 in
1912 5120 2038 5161 suas
2071 5103 2402 5174 cupiditates
2431 5114 2496 5158 ac
2528 5102 2790 5160 libidines
2808 5143 2824 5170 ,
2852 5103 3094 5174 proclive
3124 5103 3395 5174 sequi-tur,

1825 5195 2164 5266 assentitque
2200 5196 2348 5252 illius
2379 5195 2810 5266 cogitationibus
2841 5204 2896 5253 et
2924 5197 3351 5267 appetitionibus
3381 5217 3394 5253 :

1827 5296 1882 5342 at
1908 5287 2000 5356 qui
2025 5287 2247 5342 virtutis
2271 5287 2450 5340 cultor
2471 5293 2577 5352 est,
2596 5286 2712 5356 ipse
2741 5303 2798 5342 se
2822 5287 3087 5353 continet,
3109 5295 3398 5359 temperat-

1827 5393 1934 5448 que
1966 5393 1996 5432 a
2026 5369 2242 5433 vitiOsis
2271 5377 2696 5449 cogitationibus
2725 5387 2784 5433 et
2811 5379 3260 5449 appetitionibus,
3288 5394 3402 5434 ma-

1826 5471 2018 5540 gisque
2049 5469 2490 5540 philosophatur,
2517 5485 2583 5529 ac
2613 5471 2798 5528 studet
2829 5481 2890 5527 ut
2916 5472 3186 5542 ejusmodi
3221 5481 3402 5530 motus

1827 5562 2038 5616 meliori
2068 5560 2226 5631 fruge
2256 5571 2565 5633 componat.

29 5741 79 5774 ac
122 5728 362 5793 Matth.
408 5733 503 5782 γι,
546 5716 642 5770 21.
716 5715 988 5769 "lJoan.
1025 5730 1083 5783 ιι,
1119 5715 1204 5769 15.
1283 5714 1327 5745 ’⁵⁵
1360 5713 1495 5769 Gen.
1531 5714 1754 5781 xnvn,5

1845 5717 1888 5747 ⁸³
1915 5714 2052 5770 Gen.
2085 5731 2229 5778 XLVI,
2267 5716 2352 5771 54.

345 5819 675 5878 ΡΑτιιοι..
709 5808 822 5870 CR.
862 5811 981 5870 XC.

3016 5812 3098 5873 32
