3876 6314
219 283 360 348 1035

1101 283 1436 343 CAPITUM
1480 284 1575 342 DE
1614 266 2050 342 cummari;
2091 283 2480 344 enaruuu
2524 285 2604 343 11.

3355 277 3493 351 1066

218 403 309 456 τὸν
330 398 571 455 τοιοῦτον
600 399 735 472 θάνῃ
763 397 1013 462 θάνατον,
1051 399 1189 471 μετά
1211 398 1346 452 Θεοῦ
1374 398 1669 470 εὑρεθῆναι
1699 399 1795 449 κα)⁷

1927 413 2011 450 ur.
2050 398 2166 452 Nisi
2194 399 2345 453 enim
2385 400 2506 469 ejus
2554 396 2776 468 generis
2831 402 3067 453 mortem
3112 396 3335 464 obierit,
3370 414 3498 455 cum

219 493 384 564 ζῆσαι
408 493 468 545 οὐ
499 491 741 545 δύναται.

289 582 390 651 ξγ’.
427 584 635 653 Μηδείς
657 602 716 637 σε
745 585 1027 655 ἀπατήσῃ,
1063 584 1288 655 μοναχὲ,
1324 584 1412 638 ὅτι
1451 586 1531 640 ἔνι
1572 601 1633 637 σε
1692 600 1799 637 σω-

219 675 380 745 θῆναι
414 675 573 746 ἡδονῇ
606 678 699 730 καὶ
724 675 999 747 κενοδοξία
1017 674 1356 731 δουλεύοντα.

288 851 382 918 ξδ’.
406 852 616 923 Ὥσπερ
632 853 692 905 τὸ
722 852 880 920 σῶμα
906 852 995 905 διὰ
1030 852 1137 904 τῶν
1167 850 1515 921 πραγμάτιον
1548 850 1799 919 ἁμαρτά-

218 963 320 1008 νει,
352 945 446 998 καὶ
507 944 617 1015 ἔχει
663 945 800 1014 πρὸς
862 942 1245 1011 παιδαγωγίαν
1306 942 1407 1000 τὰς
1478 940 1804 1010 σωματικὰς

219 1037 443 1107 ἀρετὰς,
472 1036 558 1088 ἴνα
585 1038 857 1107 σωφρονῇ·
892 1035 1036 1087 οὕτω
1065 1035 1160 1088 καὶ
1186 1035 1214 1085 ὁ
1232 1032 1356 1097 νοῦς
1381 1033 1469 1086 διὰ
1492 1032 1599 1085 τῶν
1621 1034 1803 1102 ὲμπα-

220 1127 329 1179 θῶν
386 1126 693 1197 νοημάτων,
739 1128 832 1178 καὶ
871 1125 983 1195 ἔχει
1026 1125 1292 1187 ὡσαύτως
1334 1123 1804 1195 πρὸς’παιδαγω-

217 1219 344 1287 γὶαν
374 1219 469 1283 τὰς
489 1218 726 1288 ψυχικὰς
759 1218 979 1288 ἀρετὰς,
1013 1218 1102 1270 ἵνα
1136 1216 1396 1288 καθαρῶς
1445 1216 1538 1269 καὶ
1579 1214 1805 1280 ἀπαθῶς

217 1308 360 1380 ὁρῶν
386 1309 451 1361 τά
482 1308 806 1378 πράγματα,
852 1309 1128 1379 σωφρονῇ.

289 1481 382 1549 ξεν.
416 1484 623 1555 ’Ὠσπερ
653 1483 751 1545 τὰς
785 1483 998 1553 ἡμέρας
1021 1482 1358 1553 διαδέχονται
1382 1481 1440 1534 αἱ
1470 1480 1687 1543 νύκτες,
1712 1478 1805 1532 καὶ

211 1575 287 1629 τὰ
313 1574 446 1644 θέρη
489 1575 535 1626 οἱ
597 1571 865 1643 χειμῶνες
897 1587 911 1601 ο
941 1570 1085 1623 οὕτω
1118 1568 1426 1633 κενοδοξίαν
1472 1568 1565 1621 καὶ
1586 1565 1801 1637 ἡδονὴν,

212 1665 386 1719 λύπαι
444 1666 539 1718 καὶ
591 1663 796 1728 ὀδύναι,
829 1662 939 1715 εἴτε
977 1663 1033 1715 ὲν
1080 1660 1161 1732 τῷ
1190 1662 1439 1733 παρόντι,
1471 1659 1581 1713 εἴτε
1625 1658 1684 1712 ἐν
1725 1657 1805 1728 τῷ

217 1759 489 1830 μέλλοντι.
848 1772 864 1797 ι

290 1848 397 1917 ξς’.
434 1849 548 1902 Οὐκ
579 1849 727 1901 ἔστιν
780 1850 1175 1921 ἁμαρτήσαντα
1211 1851 1472 1917 ἐκφυγεῖν
1520 1850 1620 1921 τὴν
1677 1849 1802 1921 μέλ-

219 1945 426 1997 λουσαν
487 1942 687 2012 κρίσιν,
735 1942 861 1996 ἄνευ
924 1943 1188 1995 ἑκουσίων
1236 1941 1471 1995 ἐνταῦθα
1527 1941 1799 2013 πόνων,ἢ

211 2033 487 2089 ἀκουσίων
522 2033 815 2103 ἐπιφορῶν.

289 2124 387 2191 ξς,
412 2125 509 2178 Διὰ
556 2125 718 2177 πέντε
775 2125 956 2187 αἰτίας
1010 2126 1144 2194 φασὶ
1175 2125 1624 2197 παραχωρεῖσθαι
1654 2128 1804 2197 ἡμᾶς

213 2220 325 2272 ὑπὸ
371 2215 504 2270 Θεοῦ
546 2215 899 2286 πολεμεῖσθαι
937 2217 1043 2270 ὑπὸ
1099 2217 1392 2287 δαιμόνων.
1422 2219 1533 2271 Καὶ
1579 2218 1803 2290 πρώτην

215 2311 319 2382 μὲν
344 2307 481 2363 εἷναί
503 2325 685 2378 φασιν,
722 2309 808 2361 ἵνα
837 2309 1231 2379 πολεμούμενοι
1252 2311 1346 2362 καὶ
1374 2311 1803 2381 ἀντιπολεμοῦν-

209 2421 330 2466 τες,
358 2403 433 2464 εἰς
467 2391 739 2470 διάκρισιν
772 2403 869 2469 τῆς
895 2403 1097 2472 ἀρετῆς
1130 2403 1225 2454 καὶ
1257 2404 1358 2473 τῆς
1400 2404 1601 2464 κακίας
1635 2403 1804 2458 ἔλθω-

215 2498 340 2564 μεν.
373 2494 640 2562 Δευτέραν
675 2492 751 2554 δὲ,
785 2492 872 2544 ἵνα
906 2492 1130 2562 πολέμῳ
1164 2493 1258 2544 καὶ
1303 2494 1450 2562 πόνῳ
1477 2493 1575 2561 τὴν
1603 2493 1804 2564 ἀρετὴν

213 2583 508 2653 κτώμενοι,
539 2582 764 2652 βεϐαίαν
813 2581 984 2653 αὐτὴν
1014 2582 1109 2634 καὶ
1139 2581 1538 2650 ἀμετάπτωτον
1568 2580 1799 2652 ἓξωμεν.

214 2677 424 2747 Τρίτην
469 2676 548 2736 δὲ,
581 2676 666 2727 ἵνα
714 2675 1119 2743 προκόπτοντες
1168 2675 1247 2736 εἰς
1301 2673 1400 2744 τὴν
1444 2675 1677 2744 κάρετὴν,
1731 2675 1803 2744 μὴ

216 2768 727 2840 ὑψηλοφρονῶμεν,
788 2767 927 2821 ἀλλὰ
991 2766 1255 2836 μάθωμεν
1332 2770 1801 2837 ταπεινοφρονεῖν.

214 2861 500 2932 Τετάρτην
564 2861 751 2921 δὲ,ἱ’να
798 2860 1156 2930 πειραθέντες
1203 2861 1303 2929 τῆς
1360 2859 1558 2921 κακίας
1582 2860 1681 2929 (a),
1713 2860 1804 2912 τέ-

214 2954 373 3008 λειον
411 2956 566 3025 μῖσος
595 2952 765 3023 αὐτὴν
796 2953 1142 3023 μισήσωμεν.
1179 2952 1448 3024 Πέμπτην
1480 2953 1538 3005 δὲ
1576 2952 1671 3005 ἐπὶ
1695 2953 1804 3006 πά-

218 3066 366 3112 σαις,
396 3049 484 3101 ἵνα
532 3045 764 3109 ἀπαθεῖς
809 3047 1114 3117 γενόμενοι,
1155 3047 1231 3118 μὴ
1280 3045 1673 3118 ἐπιλαθώμεθα
1700 3045 1801 3117 τῆς

216 3140 427 3204 οἰκείας
466 3138 771 3204 ἀσθενείας,
831 3139 966 3209 μήτε
1026 3138 1125 3210 τῆς
1173 3137 1267 3191 τοῦ
1317 3137 1688 3209 βοηθήσαντος
1716 3138 1802 3191 δυ-

218 3232 461 3302 νάμεως.

290 3320 395 3393 ξη’.
429 3323 643 3393 Ὥσπερ
690 3320 784 3375 τοῦ
830 3319 1124 3384 πεινῶντος
1158 3323 1188 3375 ὁ
1217 3322 1343 3385 νοῦς
1386 3321 1550 3392 ἄρτον
1599 3323 1804 3392 φαντά-

219 3414 399 3480 ζεται,
437 3414 529 3467 καὶ
554 3414 648 3479 τοῦ
677 3413 937 3481 διψῶντος
965 3412 1131 3483 ὕδωρ,
1158 3413 1301 3467 οὕτω
1332 3413 1427 3467 καὶ
1450 3414 1546 3466 τοῦ
1571 3429 1803 3484 γαστρι-

224 3509 439 3579 μάργου
479 3508 757 3569 ποικιλίας
816 3508 1131 3578 ἐδεσμάτων
1159 3521 1175 3538 '
1202 3508 1297 3561 καὶ
1348 3506 1443 3562 τοῦ
1494 3506 1799 3576 φιληδόνου,

225 3598 443 3669 μορφὰς
478 3598 753 3665 γυναικῶν
778 3614 790 3628 ⁸
835 3599 927 3650 καὶ
954 3601 982 3651 ὁ
1014 3596 1109 3651 τοῦ
1133 3596 1411 3662 κενοδόξου
1433 3640 1446 3664 ,
1473 3599 1572 3660 τὰς
1612 3597 1671 3663 ἐξ
1710 3598 1802 3649 ἀνι

221 3688 458 3761 θρώπων
482 3689 647 3760 τιμάς
677 3706 688 3718 ’
716 3690 808 3742 καὶ
839 3688 933 3742 τοῦ
966 3687 1324 3759 φιλαργύρου,
1357 3688 1423 3739 τὰ
1457 3687 1624 3758 κέρδη
1659 3704 1672 3719 ·
1710 3689 1805 3740 καὶ

219 3783 316 3837 τοῦ
371 3782 735 3854 μνησικάκου,
770 3783 868 3853 τὴν
910 3782 1126 3850 ἄμυναν
1160 3780 1255 3832 τοῦ
1282 3780 1627 3851 λυπήσαντος
1654 3796 1667 3810 ·
1707 3780 1805 3834 καὶ

218 3876 315 3930 τοῦ
369 3876 655 3947 φθονεροῦ,
689 3878 789 3947 τὴν
821 3877 1067 3930 κάκωσιν
1114 3874 1209 3927 τοῦ
1270 3872 1664 3944 φθονουμὲνου,
1708 3873 1805 3928 καὶ

220 3965 315 4019 ἐπὶ
357 3965 465 4018 τῶν
497 3965 671 4020 ἄλλων
707 3964 897 4018 παθῶν
932 3965 1151 4034 ὁμοίως.
1190 3964 1285 4017 Ἐκ
1320 3963 1429 4033 γάρ
1464 3963 1573 4016 τῶν
1614 3963 1805 4017 παθῶν

219 4057 549 4128 ὀχλούμενος
575 4058 718 4122 νοῦς,
747 4057 1015 4128 λαμϐάνει
1047 4058 1115 4111 τὰ
1135 4055 1361 4127 ἐμπαθῆ
1393 4057 1643 4129 νοήματα
1662 4096 1677 4121 ,
1706 4057 1804 4110 καὶ

219 4153 587 4223 ὲγρηγορότος
635 4152 730 4206 τοῦ
791 4151 1064 4224 σώματος,
1095 4154 1188 4205 καὶ
1244 4152 1385 4205 κατὰ
1422 4153 1551 4216 τοὺς
1577 4151 1799 4215 ὕπνους.

293 4240 392 4306 ξθ¹.
418 4241 587 4295 Ὅταν
612 4242 877 4312 ἐπιθυμία
908 4241 1066 4315 αὔξῃ,
1093 4241 1192 4306 τάς
1217 4243 1507 4313 ποιητικάς
1534 4243 1645 4296 τῶν
1685 4244 1807 4314 ἠδο-

219 4333 328 4386 νῶν
394 4332 526 4395 ὔλας
574 4337 631 4401 εν
681 4335 795 4396 τοῖς
838 4332 1023 4398 ὕπνοις
1054 4337 1082 4388 ὁ
1114 4334 1237 4398 νοῦς
1286 4334 1643 4403 φαντάζεται·
1675 4336 1804 4388 ὅταν

1912 486 2025 540 Deo
2049 487 2256 541 versari
2287 502 2353 541 ac
2376 488 2563 541 vivere
2586 503 2695 541 non
2720 496 2924 557 potest.

1982 579 2071 634 65.
2110 580 2284 634 Nemo
2322 590 2393 643 te,
2429 581 2524 649 qui
2564 580 3285 657 monachumproﬁtearis,
3332 582 3498 635 sedo-

1912 681 2020 736 eat,
2051 679 2311 741 tanquam
2336 672 2455 726 fieri
2489 674 2683 743 possit,
2712 681 2772 725 ut
2815 674 3087 744 voluptati
3111 689 3177 728 ac
3206 674 3358 728 inani
3383 676 3499 743 giu-

1912 763 2007 817 riae
2040 763 2285 828 deditus,
2317 764 2552 818 salutem
2578 766 2961 835 consequaris.
3279 752 3291 761 ’

1981 855 2068 910 64.
2108 855 2588 922 Quemadmodum
2615 872 2815 927 corpus
2863 874 3048 913 rerum
3094 859 3322 915 obtentu
3371 877 3499 930 pee-

1893 957 2018 1014 ‘cat,
2056 948 2330 1018 habetque
2361 950 2431 1004 ad
2479 949 2827 1019 disciplinam
2855 967 2949 1006 eas
2975 944 3230 1016 virtutes,
3275 969 3397 1023 qua:
3426 953 3494 1007 ad

1910 1057 2112 1111 corpus
2142 1051 2413 1111 spectant,
2451 1050 2512 1096 ut
2548 1043 2838 1097 erudiatur
2871 1062 2883 1097 :
2922 1044 3002 1099 sic
3028 1053 3086 1097 et
3121 1061 3275 1100 mens
3305 1046 3496 1100 libidi-
3532 1117 3537 1122 Ι

1912 1147 2171 1187 nosarum
2202 1134 2426 1189 incursu
2462 1136 2880 1204 cogitationum,
2912 1135 3191 1205 habetque
3240 1137 3497 1192 similiter

1910 1227 1980 1282 ad
2008 1227 2358 1299 disciplinam
2398 1227 2595 1283 animae
2631 1229 2889 1296 virtutes,
2921 1230 3128 1300 quibus
3172 1231 3378 1285 munde
3414 1231 3496 1285 ei—

1912 1330 2107 1392 traque
2136 1323 2426 1378 libidinem
2472 1338 2562 1380 res
2602 1328 2897 1390 contuens,
2943 1325 3128 1380 sobria
3177 1325 3331 1396 fruge
3379 1326 3496 1395 ipsa

1910 1424 2297 1483 componatur.

1981 1506 2070 1560 65.
2113 1505 2592 1572 Quemadmodum
2652 1507 2761 1563 diei
2818 1509 3070 1566 succedit
3118 1526 3270 1573 nox,
3325 1504 3494 1580 atquc

1910 1599 2084 1653 aestati
2125 1598 2345 1655 hiems:
2381 1600 2463 1655 sic
2504 1600 2727 1654 inanem
2776 1602 3003 1672 gloriam
3047 1618 3111 1658 ac
3155 1604 3492 1672 voluptatem

1912 1706 2055 1761 pone
2096 1703 2407 1763 sequuntur
2433 1692 2661 1748 tristitia
2706 1702 2761 1747 et
2791 1693 2968 1759 dolor,
3001 1694 3116 1749 sive
3152 1695 3208 1748 in
3234 1679 3495 1764 presenti

1836 1763 1881 1819 Β
1908 1782 2133 1845 sagculo,
2165 1782 2281 1838 sive
2313 1783 2370 1837 in
2396 1781 2606 1839 futuro.

1979 1870 2067 1925 66.
2112 1870 2259 1925 Fieri
2292 1886 2403 1926 non
2436 1880 2619 1941 petest
2642 1874 2932 1942 utpeceati
2966 1890 3096 1928 reus
3132 1874 3381 1928 futurum
3407 1875 3496 1945 juo

1904 1962 2112 2018 dicium
2157 1964 2376 2029 evadat,
2429 1965 2639 2035 absque
2684 1965 2973 2019 laboribus
3000 1966 3112 2020 vita
3159 1968 3261 2020 hac
3294 1977 3492 2036 sponte

1906 2056 2222 2126 assumptis,
2258 2056 2346 2111 vel
2380 2056 2547 2110 illatis
2581 2056 2762 2120 malis,
2797 2072 2919 2127 quce
2945 2058 3226 2127 patienter
3257 2058 3418 2113 ferat.

1975 2148 2063 2202 67.
2099 2147 2356 2217 Quinque
2410 2146 2651 2202 aﬂ‘erunt
2700 2163 2915 2212 causas,
2941 2148 3013 2202 ob
3047 2164 3183 2218 quas
3218 2164 3319 2202 nos
3347 2146 3493 2205 Deus

1905 2255 1934 2293 a
1967 2238 2310 2294 diemonibus
2338 2239 2645 2308 oppugnari
2697 2238 2864 2292 sinat.
2899 2238 2977 2292 Ac
2998 2240 3231 2307 primam
3264 2240 3492 2308 quidem

1904 2345 2025 2384 esse
2060 2331 2237 2394 aiunt,
2277 2338 2338 2383 ut
2381 2329 2511 2382 dum
2576 2344 2761 2398 pugna
2795 2328 2954 2398 petiti
3002 2344 3392 2399 repugnamus,
3430 2331 3493 2385 ac

1906 2422 2237 2485 resistimus,
2271 2419 2496 2475 virtutis
2524 2419 2755 2488 vitiique
2790 2421 3182 2475 discretionem
3211 2438 3489 2491 paremus.

1905 2512 2148 2565 Alteram
2181 2519 2385 2573 autem,
2416 2518 2475 2563 ut
2499 2519 2653 2580 parta
2680 2511 2827 2565 bello
2851 2511 3058 2566 virtute
3087 2520 3251 2583 atque
3280 2514 3489 2575 labore,

1906 2601 2119 2655 ﬁrmam
2168 2602 2312 2655 illam
2352 2602 2744 2671 immotamque
2779 2610 3083 2657 teneamus.
3123 2603 3388 2666 Tertiam,
3432 2604 3494 2677 ut

1905 2693 2128 2745 virtutis
2182 2692 2434 2761 profectu
2464 2708 2573 2747 non
2624 2694 2795 2747 altum
2841 2692 3138 2765 sapiamus,
3166 2696 3262 2750 sed
3297 2712 3494 2750 sensus

1905 2784 2234 2839 modestiam
2282 2785 2581 2839 discamus.
2628 2784 2916 2850 Quartam,
2951 2791 3011 2840 ut
3044 2787 3166 2841 vitii
3217 2786 3361 2841 facto
3398 2804 3496 2857 pe-

1908 2873 2105 2938 riculo,
2140 2873 2387 2943 perfecto
2416 2873 2595 2942 ipsum
2622 2874 2751 2928 odio
2773 2889 3194 2945 prosequamur.
3231 2877 3494 2944 Quintam

1907 2965 2147 3034 denique
2178 2981 2242 3019 ac
2272 2981 2612 3036 supremam,
2641 2975 2702 3021 ut
2727 2968 3114 3037 imperturbati
3140 2970 3310 3023 animi
3342 2977 3494 3025 trau-

1907 3061 2235 3129 quillitatem
2268 3062 2476 3132 adepti,
2505 3063 2903 3119 imbecillitatis
2934 3066 3174 3136 propriae
3213 3082 3324 3120 non
3353 3048 3499 3120 obli-l

1908 3146 2205 3211 viscamur,
2226 3164 2329 3203 nec
2363 3150 2517 3220 ejus,
2551 3150 2647 3221 qui
2681 3150 2903 3222 adjutor
2936 3150 3060 3218 fuit,
3093 3154 3353 3223 potentiae
3391 3154 3495 3208 im-

1905 3255 2183 3295 memores
2214 3241 2389 3298 simus

1977 3334 2064 3389 68.
2106 3335 2582 3401 Quemadmodum
2620 3335 2856 3392 famelici
2893 3338 3133 3404 animus,
3168 3354 3364 3408 panem
3395 3355 3493 3395 co—

1907 3427 2173 3499 gitatione
2200 3427 2481 3505 informat,
2519 3444 2584 3483 ac
2612 3429 2900 3494 sitibundi,
2927 3446 3125 3501 aquam
3151 3448 3166 3497 ;
3211 3432 3291 3485 sic
3313 3439 3369 3485 et
3393 3448 3495 3501 gn-

1907 3520 2032 3585 losi,
2069 3519 2246 3575 varias
2270 3520 2531 3590 eupedias
2547 3528 2603 3575 et
2630 3520 2842 3589 edulia;
2874 3520 3165 3589 luxuriosi,
3198 3522 3490 3577 mulierum

1907 3607 2145 3675 formas;
2174 3609 2355 3663 inanis
2389 3610 2575 3680 gloriae
2606 3611 2819 3681 cupidi,
2854 3612 3127 3668 humanos
3162 3614 3404 3669 honores
3428 3630 3492 3668 ac

1908 3701 2135 3766 laudes;
2166 3702 2340 3767 avari,
2364 3703 2554 3767 lucra;
2583 3719 2870 3762 rancorem
2910 3706 3189 3773 habentis,
3222 3709 3342 3778 ejus
3366 3708 3491 3761 vin-

1912 3789 2111 3842 dietam
2143 3805 2173 3842 a
2201 3804 2311 3860 quo
2346 3790 2603 3859 injuriam
2628 3794 2841 3861 accepit
2866 3810 2880 3856 ;
2914 3793 3109 3857 invidi,
3137 3796 3257 3864 ejus
3284 3798 3490 3851 malum

1910 3879 1965 3931 in
1996 3893 2160 3946 quem
2187 3878 2395 3931 exarsit
2424 3878 2664 3944 invidia;
2696 3880 2953 3949 idemque
2977 3881 3033 3935 in
3066 3883 3297 3951 reliquis
3317 3886 3487 3940 vitiis.

1908 3969 2141 4023 Animus
2180 3967 2329 4023 enim
2360 3969 2468 4023 illis
2494 3978 2771 4040 gravatus,
2803 3971 3002 4041 hisque
3027 3974 3105 4027 illi
3133 3974 3492 4030 obtundenti-

1908 4059 2036 4124 hus,
2081 4058 2408 4113 libidinosas
2452 4059 2834 4130 cogitationes,
2894 4062 3008 4117 sive
3058 4079 3290 4134 corpore
3349 4067 3489 4138 vigi~

1861 4164 1865 4168 “
1909 4153 2080 4216 lante,
2117 4152 2232 4207 sive
2258 4152 2316 4206 in
2345 4150 2576 4217 somnis,
2604 4154 2861 4208 assumit.

1978 4243 2137 4315 421
2162 4244 2250 4299 69.
2292 4242 2463 4298 Aucta
2489 4244 2656 4297 semel
2694 4245 3164 4314 concupiscentia,
3195 4247 3411 4301 animus
3434 4249 3491 4304 in

1909 4338 2117 4393 somnis
2150 4352 2214 4391 ea
2244 4335 2526 4399 informat,
2564 4351 2687 4407 qum
2731 4337 3069 4406 voluptatem
3110 4353 3174 4392 ac
3197 4337 3488 4399 libidinem

217 4427 275 4479 δὲ
303 4428 333 4479 ὁ
372 4426 562 4497 θυμὸς,
596 4427 667 4481 τά
697 4428 879 4497 φόϐων
928 4433 1186 4498 ποιητικά
1229 4428 1415 4498 βλέπει
1475 4429 1802 4499 πράγματα.

1920 4435 2122 4483 creant.
2156 4428 2414 4482 Auctiore
2440 4442 2571 4481 vero
2608 4426 2709 4493 ira,
2743 4443 2834 4481 res
2878 4426 3148 4483 terrificas
3172 4429 3341 4484 videt.
3375 4430 3491 4484 An-

221 4519 460 4588 Αῦξουσι
503 4522 687 4592 μέντοι
735 4522 805 4575 τὰ
857 4522 1027 4591 πάθη,
1086 4524 1132 4574 οἱ
1183 4523 1483 4593 ἀκάθαρτοι
1526 4523 1803 4592 δαίμονες,

220 4613 492 4682 συνεργὸν
518 4614 615 4682 τὴν
667 4614 942 4685 ἡμετέραν
988 4614 1248 4684 ἀμέλειαν
1282 4614 1677 4684 λαμϐάνοντες,
1712 4614 1807 4667 καὶ

219 4704 397 4756 ταῦτα
446 4705 799 4776 ἐρεθίζοντες.
846 4704 1161 4759 Ἐλαττοῦσι
1217 4706 1274 4758 δὲ
1326 4707 1375 4759 οἱ
1438 4706 1584 4774 ἅγιοι
1642 4706 1807 4775 ιῐιγγε⁶

220 4796 342 4863 λοι,
376 4804 512 4869 πρὸς
569 4800 668 4871 τῆν
725 4800 834 4853 τῶν
867 4800 1078 4870 ἀρετῶν
1126 4802 1270 4871 ἡμᾶς,
1316 4801 1591 4862 κινοῦντες
1638 4798 1837 4871 ὲργαέ

221 4890 370 4946 σίαν.

295 4982 360 5035 ο’.
403 4982 477 5035 Τὸ
505 4983 604 5053 μὲν
633 4986 1032 5056 ἐπιθυμητικὸν
1087 4985 1186 5054 τῆς
1234 4983 1411 5054 ψυχῆς
1468 4985 1802 5055 πυκνότερον

219 5071 625 5144 ἐρεθιζόμενον,
665 5074 777 5142 ἕξιν
821 5074 1130 5144 φιληδονίας
1180 5073 1501 5142 δυσκίνητον
1547 5076 1612 5144 τῇ
1657 5074 1803 5145 ψυχῇ

220 5166 500 5236 ἐντίθησιν
529 5185 542 5197 ο
575 5171 602 5220 ὁ
635 5168 691 5220 δὲ
724 5167 894 5239 θυμὸς
935 5166 1177 5237 συνεχῶς
1222 5167 1633 5237 ταρασσόμενος
1655 5211 1668 5233 ,
1700 5168 1807 5220 δει-

218 5259 314 5312 λὸν
362 5262 457 5314 καί⁹
501 5261 764 5330 ἄνανδρον
828 5262 920 5314 τὸν
967 5261 1091 5313 νοῦν
1126 5256 1524 5330 ἀπεργάζεται.
1586 5259 1805 5313 ’ἰῶνται

184 5412 193 5417 _
218 5352 302 5417 δὲ,
322 5351 382 5404 τὸ
402 5354 522 5425 μὲν,
551 5346 783 5424 ἄσκησις
800 5352 1162 5424 ἐπιτεταμένη
1191 5350 1444 5420 νηστείας
1471 5353 1565 5403 καὶ
1587 5352 1805 5422 ἀγρυπσ

295 5507 549 5579 (a)"1‘i°a
595 5510 975 5576 πειραθέντες
1025 5509 1138 5576 τῆς
1192 5512 1423 5575 κακίας.
1490 5510 1611 5564 Non
1666 5510 1833 5563 bene

218 5578 393 5634 ambo
421 5581 734 5649 superiores
767 5583 998 5649 interpr.
1041 5580 1102 5633 Ut
1138 5583 1334 5634 tantuli
1368 5597 1385 5633 .'
1414 5581 1549 5643 lino,
1574 5588 1630 5632 ut
1687 5581 1802 5633 vit-ii

220 5652 369 5720 facta
398 5650 647 5719 peridulo,
678 5652 789 5719 ejus
841 5651 1060 5719 experti.
1116 5650 1207 5703 Sic
1256 5652 1403 5705 enim
1458 5651 1598 5703 bene
1642 5649 1804 5703 Suid.

220 5720 408 5791 πειρῶ
434 5731 490 5775 et
516 5720 813 5790 πειρῶμαι,
840 5722 1030 5789 γενικῇ
1061 5721 1368 5791 ἀπόπειραν
1390 5720 1670 5789 ποιοῦμαι.
1715 5736 1800 5789 pc—

1908 4529 2035 4594 gent
2066 4518 2235 4590 porro
2269 4518 2497 4573 allectus
2543 4508 2606 4572 ae
2633 4518 3102 4589 perturbationes,
3145 4520 3345 4590 impuri
3377 4522 3490 4577 die-

1907 4629 2119 4676 mones,
2163 4612 2216 4666 id
2251 4611 2432 4682 ipsum
2463 4611 2612 4681 quod
2642 4612 2811 4665 vitam
2853 4612 3204 4683 negligimus,
3240 4614 3491 4669 subsidio

1908 4714 2251 4762 assumentes
2276 4720 2339 4759 ac
2373 4704 2731 4774 proritantes.
2755 4702 3011 4757 Minuunt
3031 4718 3161 4757 vero
3189 4704 3361 4757 sancti
3391 4719 3490 4756 au~

1908 4799 2014 4870 geli
2044 4797 2139 4867 qui
2170 4796 2239 4850 ad
2264 4794 2577 4864 praestanda
2609 4794 2879 4848 virtutum
2907 4809 3072 4865 opera
3116 4793 3348 4848 incitent
3370 4809 3493 4862 per-
3534 4788 3541 4798 ’

1913 4899 2300 4958 inoveantque.
2341 4893 2344 4899 '

1985 4981 2070 5037 70.
2107 4981 2288 5034 Animi
2333 4978 2419 5032 vis
2442 4977 3002 5046 eoneupiscens‘dum
3031 4976 3282 5030 crebrius
3318 4977 3465 5043 prori

1910 5047 2076 5137 ιέιωιι,
2114 5072 2363 5127 libidinis
2394 5070 2644 5126 habitum
2687 5069 2908 5123 dilIicile
2934 5068 3194 5123 mobilem
3226 5068 3279 5121 in
3310 5069 3489 5121 anima

1909 5168 2064 5237 ponit
2092 5184 2104 5219 :
2143 5165 2220 5218 ira
2245 5179 2377 5218 vero
2406 5165 2613 5234 jugiter
2644 5173 2940 5225 commota,
2988 5162 3371 5215 meticulosum
3407 5170 3494 5214 iit--

1910 5275 2017 5329 que
2058 5258 2335 5311 imbellem
2363 5256 2606 5310 animum
2640 5254 2842 5309 reddit.
2875 5254 3084 5308 Sanant
3114 5262 3296 5307 autem
3328 5262 3492 5321 atque

1913 5353 2226 5412 medentur,
2284 5347 2365 5400 illi
2422 5348 2678 5416 quidem,
2740 5346 3104 5417 jejuniorum,
3154 5345 3488 5413 vigiliarum,

1917 5506 2344 5580 rirulumbfaeio,
2364 5506 2654 5580 remetior.
2675 5504 2791 5580 Hoc
2810 5505 2972 5580 _enim_
3012 5511 3116 5566 est,
3149 5500 3337 5580 quod
3361 5516 3491 5580 per-

1908 5579 2111 5631 fectum
2144 5572 2280 5631 illud
2311 5572 2497 5631 odium
2532 5578 2694 5645 parit,
2732 5574 2824 5625 ubi
2882 5572 3004 5641 quis
3054 5574 3199 5627 serio
3236 5572 3488 5645 resipuit,

1908 5649 2307 5715 amborumque
2337 5642 2634 5700 tllSCl‘lltlt‘ll
2673 5645 2811 5709 (viiii
2838 5660 2900 5698 ac
2932 5644 3172 5701 virtutisl
3200 5645 3316 5713 ipso
3334 5642 3487 5713 quasi

1909 5729 2093 5789 gustu,
2118 5716 2196 5787 τῷ
2235 5718 2414 5781 πάθει,
2445 5717 2717 5788 cognovit.
