3876 6314
415 279 542 342 10οἸ

1566 282 1627 339 S.
1664 281 1948 340 ΜᾹΧΙΗΙ
1988 278 2494 339 CONFESSORIS

3499 275 3604 337 1003

414 406 643 462 precum
690 401 950 448 contenta
978 393 1237 464 iugisque
1267 393 1632 457 exercitatio;
1665 393 1797 451 huic
1831 407 1985 456 vero,

2104 391 2211 454 νίας
2239 391 2334 444 καὶ
2367 389 2674 461 προσευχῆς
2700 407 2713 419 ·
2748 390 2839 441 τὸν
2865 388 2924 440 δὲ
2943 429 2958 449 ,
2993 390 3290 458 χρηστότης
3331 386 3421 439 καὶ
3449 388 3605 455 φιλαν-

414 481 632 547 lenitas,
654 483 984 553 benignitas,
1017 483 1280 548 charitas,
1305 483 1702 538 misericordia.

485 573 574 625 7i.
614 573 917 636 Daemones,
972 582 1066 626 aut
1118 589 1303 627 rerum
1356 573 1581 626 incursu
1611 573 1815 627 bellum
1863 588 1984 626 mo-

412 672 562 726 vcnt,
607 672 700 717 aut
730 661 1150 720 libidinosarum
1177 665 1234 718 in
1275 664 1442 718 rebus
1464 664 1879 734 cogitationum.
1910 665 1990 718 Ac

413 754 634 824 quidem
666 769 850 808 rerum
895 755 1141 820 incursu,
1166 771 1264 810 eos
1314 755 1408 826 qui
1445 755 1498 809 in
1528 756 1693 811 rebus
1725 771 1789 810 ac
1822 770 1990 825 nego-

415 847 508 902 tiis
543 855 866 912 versantur;
902 848 1294 918 cogitationum
1320 863 1477 914 vero,
1523 864 1640 914 eos,
1669 849 1847 918 quise
1881 847 1989 902 illis

414 946 606 1016 procul
637 945 1040 1024 subduxerunt.

487 1035 575 1091 72.
614 1035 830 1102 Quanto
876 1032 1180 1103 proclivius
1236 1039 1323 1086 est
1375 1047 1441 1085 ac
1493 1029 1746 1094 facilius,
1807 1038 1988 1084 tecum

415 1129 601 1182 animo
642 1144 707 1182 ac
737 1125 1071 1197 cogitatione
1096 1138 1348 1193 peccare,
1403 1137 1568 1192 quam
1602 1123 1722 1192 ipso
1754 1131 1880 1176 actu
1911 1130 1993 1176 at-

415 1235 523 1288 que
545 1235 742 1289 opere;
783 1226 934 1272 tanto
979 1215 1200 1287 gravius
1228 1223 1311 1270 est
1346 1214 1576 1278 bellum,
1627 1212 1776 1282 quod
1800 1228 1866 1267 ex
1895 1228 1991 1266 eo-

416 1311 797 1381 gitationibus,
825 1323 990 1379 quam
1023 1307 1170 1376 quod
1198 1323 1264 1362 ex
1299 1307 1466 1362 rebus
1495 1305 1840 1377 negotiisque
1863 1318 1995 1358 con-

417 1403 600 1456 ﬂatur.

492 1492 578 1546 75.
621 1491 729 1545 Res
762 1489 892 1561 ipsa:
925 1497 1080 1544 extra
1114 1495 1355 1542 mentem
1404 1495 1532 1544 sunt
1575 1505 1588 1540 :
1639 1501 1826 1541 rerum
1860 1500 1996 1540 vero

419 1583 799 1653 cogitationes.
828 1581 970 1634 intra
991 1579 1318 1634 consistunt.
1348 1579 1480 1649 Ejus
1511 1579 1692 1648 itaque
1720 1577 1998 1634 facultatis

419 1683 524 1730 est.
553 1674 693 1728 bene
725 1673 852 1735 illis,
882 1687 950 1726 an
985 1687 1166 1735 secus,
1203 1679 1411 1724 utatur.
1437 1669 1594 1736 Quod
1622 1671 1770 1726 enim
1804 1685 1997 1726 errore

421 1764 590 1818 animi
626 1763 803 1818 sensis
833 1769 1074 1825 utamur,
1109 1776 1293 1815 rerum
1318 1760 1528 1816 abusus
1556 1761 1936 1831 consequitur.

493 1950 579 2002 74.
619 1947 759 2002 Sunt
785 1947 901 2001 haec
931 1946 1032 2002 tria
1055 1988 1068 2011 ,
1119 1946 1264 2000 unde
1294 1962 1451 2002 mens
1494 1947 1819 2006 libidinosas
1853 1949 2003 2022 cogi-

427 2041 661 2095 tationes
684 2038 947 2104 assumit;
976 2051 1260 2108 nempecx
1284 2054 1472 2106 sensu,
1503 2056 1571 2095 ex
1600 2041 1999 2112 complexione,

426 2147 492 2184 ex
524 2129 810 2184 memoria.
843 2131 920 2183 Ac
953 2129 1177 2202 quidem
1206 2145 1272 2186 ex
1295 2145 1482 2195 sensu,
1513 2146 1638 2186 cum
1676 2147 1765 2186 res
1792 2132 1873 2186 illi
1899 2132 2002 2187 ob-

423 2224 580 2293 jecta:
613 2221 814 2291 quibus
853 2219 1141 2286 aliieimur,
1176 2221 1244 2275 ad
1291 2221 1618 2277 libidinosas
1642 2237 1762 2278 eam
1794 2223 2003 2294 cogita—

429 2313 606 2368 tiones
645 2311 951 2382 impellunt.
990 2310 1071 2366 Ex
1096 2311 1474 2380 complexione
1508 2319 1692 2367 autem
1737 2328 1835 2368 seu
1869 2321 2005 2367 tem-

429 2412 774 2476 peramento,
811 2417 937 2458 cum
969 2417 1068 2472 per
1098 2401 1438 2458 luxuriosam
1466 2402 1648 2458 victus
1691 2404 1961 2458 rationem
1985 2444 2000 2470 ,

430 2503 526 2549 aut
559 2493 881 2564 operatione
937 2490 1273 2556 daemonum,
1336 2498 1431 2544 aut
1464 2505 1563 2560 per
1619 2488 2003 2562 aegritudinem

431 2589 668 2657 aliquam
722 2583 968 2642 deterior
999 2583 1142 2638 facta
1204 2598 1269 2638 ac
1322 2585 1630 2649 immutata,
1666 2583 1736 2638 ad
1777 2585 2007 2639 vitiosas

429 2679 695 2750 ejusmodi
731 2676 1096 2748 cogitationes
1141 2675 1363 2740 excitat,
1395 2676 1482 2730 vel
1539 2674 1764 2745 obloqui
1813 2675 2004 2730 Provi-

431 2770 634 2825 dentiae
687 2769 854 2839 cogit.
911 2766 990 2820 Ex
1023 2765 1291 2821 memoria
1323 2782 1476 2832 vero,
1513 2781 1639 2822 cum
1694 2766 1787 2820 illa
1823 2781 2006 2820 rerum

434 2860 636 2930 quibus
683 2857 866 2914 aifecti
910 2864 1004 2911 aut
1038 2856 1296 2913 delectati
1343 2872 1556 2922 sumus,
1594 2865 1895 2928 conceptus
1920 2873 2008 2912 re-

435 2951 611 3016 fricat,
669 2949 945 3019 similique
1001 2947 1214 3002 ratione
1244 2947 1314 3005 ad
1365 2948 1594 3005 vitiosas
1644 2947 2006 3020 cogitationes

435 3049 635 3094 movet.

507 3133 594 3186 75.
636 3133 841 3187 Rerum
875 3136 1036 3191 nobis
1063 3153 1090 3192 a
1125 3138 1237 3192 Deo
1286 3134 1340 3188 in
1376 3149 1534 3188 usum
1579 3145 1964 3188 concessarum
1989 3169 2004 3196 ,

435 3222 554 3276 alia:
586 3222 641 3275 in
674 3224 858 3277 animo
881 3235 1030 3288 sunt,
1056 3225 1175 3279 aliae
1203 3225 1257 3278 in
1293 3237 1546 3291 corpore,
1583 3221 1703 3278 alia:
1722 3220 1870 3274 circa
1892 3234 2010 3274 cor-

438 3329 560 3382 pus.
600 3314 736 3367 Puta
783 3313 837 3366 in
902 3315 1130 3379 animo,
1188 3315 1312 3385 ejus
1368 3313 1547 3378 vires;
1613 3312 1668 3364 in
1732 3325 2007 3381 corpore,

435 3404 599 3480 422
631 3421 889 3460 sensuum
929 3421 1129 3480 organa
1163 3421 1227 3460 ac
1284 3404 1532 3458 membra
1568 3403 1780 3472 reliqua
1809 3419 1822 3455 :
1857 3402 2008 3457 circa

439 3509 660 3564 corpus,
695 3497 826 3556 cibi.
861 3497 1256 3566 possessiones,
1301 3510 1455 3564 opes,
1482 3508 1548 3548 ac
1591 3491 1647 3546 id
1679 3507 1852 3562 genus
1879 3491 2006 3544 alia.

419 3584 594 3652 Quod
619 3586 704 3639 his
733 3587 899 3656 igitur
922 3587 1061 3641 bene
1083 3596 1177 3642 aut
1202 3585 1342 3640 male
1378 3594 1618 3648 utamur,
1655 3597 1752 3636 seu
1789 3581 1857 3638 iis
1887 3596 2010 3652 qua:

421 3677 585 3732 scirea
617 3678 731 3732 haec
761 3677 1041 3743 accidunt,
1064 3678 1195 3733 boni
1224 3685 1320 3732 aut
1345 3675 1471 3730 mali
1505 3673 1796 3731 eﬂicimur.

511 3955 598 4010 76.
639 3953 1018 4010 Accidentium
1083 3957 1138 4009 in
1174 3955 1360 4019 rebus,
1410 3954 1516 4009 alia
1562 3953 1618 4008 in
1654 3954 1839 4009 animo
1859 3963 2008 4020 sunt,

437 4045 547 4099 alia
603 4045 658 4099 in
695 4062 959 4116 corpore;
993 4047 1099 4100 alia
1132 4046 1201 4100 iis
1244 4046 1300 4100 in
1335 4045 1524 4111 rebus,
1559 4059 1680 4114 qua:
1712 4053 1842 4099 sunt
1867 4046 2012 4102 circa

441 4152 661 4205 corpus.
717 4137 795 4191 Ac
838 4137 1060 4206 quidem
1100 4137 1156 4198 in
1211 4137 1417 4202 animo,
1474 4135 1646 4191 veluti
1698 4135 1930 4191 scientia
1957 4144 2015 4191 et

445 4227 772 4296 ignorantia,
809 4227 1015 4283 oblivio
1043 4236 1098 4282 et
1131 4227 1418 4292 memoria,
1453 4225 1678 4281 dilectio
1712 4233 1769 4281 et
1801 4225 2009 4288 odium.

454 4317 618 4370 timor
634 4320 688 4371 c't
718 4317 966 4384 audacia,
1000 4318 1218 4372 tristitia
1239 4325 1294 4371 et
1319 4316 1600 4387 gaudium,
1628 4323 1793 4386 atque
1821 4315 1908 4372 his
1942 4317 2014 4371 si-

2089 482 2308 552 θρωπία
2333 482 2428 535 καὶ
2452 481 2640 549 ἀγάπη
2667 481 2760 532 καὶ
2796 481 2960 542 ἕλεος.

2157 573 2257 626 σοι’.
2300 575 2366 626 Ἦ
2401 572 2490 624 διὰ
2513 572 2620 626 τῶν
2654 576 2994 640 πραγμάτων
3018 574 3066 623 οἱ
3108 571 3354 640 δαίμονες
3381 569 3605 639 πολεμοῦ-

2090 681 2191 725 σιν,
2228 665 2260 734 ἢ
2300 663 2388 716 διὰ
2427 663 2533 715 τῶν
2577 665 2635 714 ἐν
2667 665 2782 723 τοῖς
2805 662 3126 730 πράγμασιν
3165 659 3421 730 ὲμπαθῶν
3441 662 3609 728 νοημά-

2087 773 2218 812 των.
2269 757 2381 810 Καὶ
2433 756 2520 808 διὰ
2567 756 2666 826 μὲν
2710 755 2818 806 τῶν
2880 755 3242 825 πραγμάτων,
3266 754 3388 816 τοὺς
3436 756 3487 806 ἐν
3525 756 3610 816 τοῖς

2089 848 2407 918 πράγμασιν
2422 847 2580 910 ὄντας
2600 887 2615 911 ,
2645 847 2735 900 διὰ
2790 846 2846 899 δὲ
2901 846 3010 900 τῶν
3037 846 3362 917 ’νοημάτων,
3394 847 3504 909 τοὺς
3530 847 3610 898 τῶν

2092 942 2435 1013 πραγμάτων
2459 941 2929 1012 κεχωρισμένους.

2160 1031 2260 1100 οβ’.
2301 1029 2464 1084 Ὀσον
2527 1032 2678 1084 ἐστὶν
2725 1028 3104 1099 εὐκοπώτερον
3148 1027 3208 1081 τὸ
3247 1028 3385 1080 κατὰ
3419 1027 3611 1080 διάνοιαν

2091 1123 2430 1193 ἁμαρτάνειν
2457 1121 2551 1175 τοῦ
2581 1120 2704 1176 κατ’
2736 1121 3041 1191 ἐνέργειαν,
3069 1118 3321 1172 τοσοῦτόν
3344 1119 3450 1171 ἐστι
3478 1118 3610 1188 βαρύ-

2090 1232 2247 1284 τερος
2277 1217 2305 1267 ὁ
2331 1213 2420 1266 διὰ
2473 1211 2582 1266 τῶν
2621 1211 2911 1283 νοημάτων
2956 1210 3192 1280 πόλεμος
3212 1250 3228 1274 ,
3275 1210 3368 1263 τοῦ
3415 1210 3494 1262 διὰ
3530 1211 3612 1261 τῶν

2093 1304 2459 1377 πραγμάτων.

2165 1478 2266 1548 ογ’.
2293 1481 2375 1534 Τὰ
2423 1480 2522 1551 μὲν
2573 1481 2878 1552 πράγματα
2913 1479 3112 1544 ἔξωθέν
3160 1481 3268 1532 εἰσι
3311 1477 3400 1533 τοῦ
3428 1478 3538 1532 νοῦ·
3564 1480 3611 1531 τὶ

2094 1571 2152 1626 δὲ
2177 1570 2381 1626 τούτων
2415 1571 2663 1641 νοήματα
2717 1571 2825 1624 ἔσω
2858 1570 3223 1623 συνίστανται.
3271 1569 3356 1623 Ἐν
3385 1569 3515 1638 αὑτῷ
3544 1566 3614 1622 οὖν

2097 1664 2236 1726 ἐστι,
2268 1664 2331 1715 τὸ
2370 1659 2431 1717 εὖ
2484 1662 2698 1725 τούτοις
2749 1662 3079 1734 χρήσασθαι,
3114 1661 3148 1731 ἢ
3193 1661 3396 1725 κακῶς.
3421 1662 3489 1731 Τῇ
3534 1662 3614 1730 γὰρ

2026 1737 2072 1797 Β
2098 1754 2412 1826 ἐσφαλμένῃ
2439 1753 2549 1806 τῶν
2584 1755 2871 1823 νοημάτων
2930 1753 3124 1824 χρήσει
3156 1751 3231 1821 (b)
3259 1753 3294 1822 ή
3325 1753 3615 1822 παράχρησς

2100 1847 2210 1901 τῶν
2243 1847 2588 1917 πραγμάτων
2612 1844 2914 1900 ἀκολουθεῖ.

2172 1935 2262 1991 05'.
2289 1938 2387 1991 Διὰ
2416 1936 2524 1990 τῶν
2555 1937 2722 2008 τριῶν
2749 1936 2956 1990 τούτων
2976 1936 3250 2005 λαμϐάνει
3271 1938 3298 1988 ό
3325 1934 3440 1998 νοῦς
3468 1937 3524 1987 τά
3548 1936 3615 2002 ἐξ·

2104 2029 2248 2100 παθῆ
2277 2031 2524 2099 νοήματα
2541 2045 2554 2058 °
2578 2029 2667 2082 διὰ
2689 2029 2788 2097 τῆς
2811 2028 3136 2098 αἰσθήσεως,
3168 2027 3259 2082 διὰ
3287 2031 3380 2098 τῆς
3400 2028 3615 2096 κράσεως,

2104 2119 2196 2172 διὰ
2224 2118 2324 2187 τῆς
2362 2119 2602 2188 μνήμης.
2639 2119 2746 2170 Καὶ
2781 2117 2870 2170 διὰ
2902 2117 3000 2186 μὲν
3033 2117 3130 2186 τῆς
3174 2116 3498 2186 αἰσθήσεως,
3524 2118 3617 2167 Cm

2106 2202 2513 2272 προσθάλλοντα
2541 2201 2685 2271 αὐτῇ
2712 2200 2780 2253 τὰ
2807 2200 3110 2270 πράγματα
3134 2199 3274 2270 πρὸς
3301 2201 3435 2270 άπερ
3460 2198 3518 2251 τά
3548 2200 3616 2250 τά·

2106 2294 2175 2364 θη
2223 2292 2575 2363 κεκτήμεθα,
2621 2294 2745 2363 κινῇ
2797 2291 2963 2345 αὑτὸν
3012 2291 3150 2363 πρὸς
3222 2293 3476 2364 ἐμπαθεῖς
3510 2291 3616 2358 λογιο

2106 2386 2296 2456 σμούς.
2322 2385 2420 2439 Διὰ
2433 2387 2489 2439 δὲ
2516 2386 2615 2456 τῆς
2645 2387 2914 2456 κράσεως,
2949 2386 3079 2438 ὅταν
3111 2384 3172 2449 ἐξ
3204 2385 3486 2438 ἀκολάστου
3519 2383 3618 2434 διαξ-

2105 2495 2225 2547 της,
2256 2478 2290 2548 ἢ
2315 2477 2598 2547 ἐνεργείας
2642 2476 2938 2547 δαιμόνων,
2961 2476 2996 2546 ἦ
3053 2476 3359 2546 νοσήματός
3405 2491 3529 2538 τινος
3552 2473 3618 2528 cil-

2106 2568 2452 2640 λοιουμένηή
2485 2567 2580 2622 τοῦ
2625 2567 2878 2638 σώματος
2908 2570 3128 2639 κρᾶσις,
3160 2570 3286 2638 κινῇ
3319 2567 3466 2620 αὑτὸν
3499 2564 3619 2618 πάλιν

2107 2662 2242 2732 πρὸς
2268 2661 2534 2732 ἐμπαθεῖς
2555 2661 2873 2732 λογισμοὺς,
2897 2661 2930 2731 ἢ
2953 2660 3094 2714 κατὰ
3132 2661 3236 2730 τῆς
3272 2659 3522 2730 Προνοίας.
3548 2655 3619 2709 Διά

2105 2755 2164 2808 δὲ
2195 2754 2295 2823 τῆς
2328 2755 2570 2824 μνήμης,
2593 2755 2718 2807 ὅταν
2769 2753 2880 2807 τῶν
2939 2753 3286 2824 πραγμάτων
3338 2751 3462 2823 πρὸς
3515 2749 3620 2816 άπερ

2109 2846 2350 2901 πεπόνθει
2363 2862 2461 2916 μεν
2489 2845 2557 2900 τὰ
2589 2847 2837 2916 νοήματα
2875 2847 2907 2916 ή
2950 2846 3139 2916 μνήμη
3165 2845 3432 2916 ἀναφέρῃ,
3460 2842 3536 2898 καὶ
3561 2859 3618 2894 χι-

2108 2941 2174 3009 νῇ
2205 2938 2367 2992 αὐτὸν
2395 2938 2596 3008 ὁμοίως
2633 2938 2767 3010 πρὸς
2795 2937 3060 3008 ἐμπαθεῖς
3085 2937 3400 3007 λογισμούς.

2179 3119 2272 3174 σε’.
2305 3120 2425 3173 Τῶν
2471 3122 2552 3184 είς
2616 3123 2809 3192 χρῆσιν
2853 3119 3006 3190 παρὰ
3061 3119 3200 3175 Θεοῦ
3259 3119 3496 3175 δοθέντων
3526 3117 3620 3187 ἡμῖν

2109 3214 2453 3284 πραγμάτων
2485 3255 2500 3279 ,
2535 3213 2603 3266 τὰ
2653 3214 2772 3283 μὲν,
2811 3213 2870 3265 ὲν
2907 3216 2973 3284 τῇ
3027 3213 3172 3284 ψυχῇ
3207 3255 3222 3280 ,
3264 3213 3330 3266 τὰ
3381 3213 3450 3277 δὲ,
3483 3211 3530 3262 ἐν
3565 3207 3620 3276 τῷ

2111 3304 2373 3374 σώματι,
2427 3303 2498 3356 τά
2547 3302 2626 3368 δὲ,
2680 3302 2809 3373 περὶ
2850 3303 2913 3355 τὸ
2957 3302 3114 3372 σῶμα
3167 3304 3486 3373 εὑρίσκεται,
3525 3295 3618 3356 οἷον,

2110 3397 2168 3450 ὲν
2221 3395 2321 3466 μὲν
2372 3398 2438 3465 τῇ
2489 3395 2658 3467 ψυχῇ,
2695 3396 2752 3448 αί
2806 3394 3066 3465 δυνάμεις
3125 3397 3302 3466 αὐτῆς
3339 3413 3352 3426 ·
3382 3397 3433 3448 ἐν
3479 3393 3525 3446 δὲ
3566 3388 3620 3458 τῷ

2112 3489 2343 3557 σώματι,
2383 3487 2455 3540 τὰ
2490 3487 2821 3559 αἰσθητήρια
2859 3488 2953 3541 καὶ
2981 3489 3049 3542 τὰ
3085 3487 3255 3542 λοιπά
3283 3489 3412 3558 μέλη
3433 3502 3445 3517 ·
3466 3483 3618 3564 περξδὲ

2110 3579 2171 3634 τὸ
2219 3579 2417 3649 σῶμα,
2452 3578 2751 3650 βρώματα,
2795 3581 3074 3650 κτήματα,
3138 3581 3234 3634 καὶ
3278 3581 3343 3634 τὰ
3393 3577 3518 3647 ἑξῆς.
3569 3575 3619 3624 Τὸ

2111 3667 2204 3726 οὖν
2255 3667 2314 3726 εὖ
2371 3671 2580 3736 τούτοις
2632 3673 3004 3744 χρήσασθαιή
3062 3673 3338 3744 κακῶς,ῆ
3396 3673 3490 3732 τοῖς
3527 3666 3618 3734 περὶ

2111 3762 2282 3816 ταῦτα
2341 3761 2762 3834 συμϐεὸηκόσιν,
2798 3763 2831 3834 ἢ
2863 3764 3211 3836 ἐναρέτουςῆ
3243 3764 3464 3835 φαύλους
3512 3758 3617 3828 luti;

2111 3854 2425 3925 ἀποφαίνει.

2187 3942 2292 4009 ος’.
2316 3945 2438 3998 Τῶν
2469 3946 2526 3998 ὲν
2547 3947 2658 4010 τοῖς
2696 3946 2988 4016 πράγμασι
3018 3941 3526 4016 συμϐεϐηκότων,τὰ
3550 3938 3620 4008 μέν

2111 4020 2218 4090 εἰσι
2243 4035 2349 4090 τῶν
2380 4038 2438 4090 ὲν
2475 4041 2540 4108 τῇ
2570 4038 2714 4109 ψυχῇ
2742 4077 2758 4102 ,
2788 4039 2855 4091 τὰ
2879 4039 2964 4104 δὲ,
2991 4037 3101 4092 τῶν
3131 4039 3192 4092 ἐν
3224 4039 3302 4109 τῷ
3334 4038 3550 4108 σώματι,
3572 4033 3619 4082 τὰ

2113 4129 2192 4195 δὲ,
2224 4130 2332 4182 τῶν
2365 4131 2496 4198 περὶ
2525 4131 2586 4183 τὸ
2615 4129 2778 4200 σῶμα
2809 4131 3171 4201 πραγμάτων.
3205 4131 3316 4185 Καὶ
3359 4130 3456 4183 τῶν
3481 4126 3560 4198 μὲν
3579 4124 3619 4173 ἐν

2111 4224 2178 4294 τῇ
2206 4221 2373 4294 ψυχῇο
2409 4217 2542 4288 οἷον»
2585 4222 2788 4292 γνῶσις
2843 4223 2936 4275 καὶ
2989 4223 3205 4292 ἄγνοια,
3264 4225 3394 4292 λήθη
3422 4218 3618 4286 καὶμνή-

2117 4331 2190 4386 μη
2215 4354 2230 4376 ο
2263 4314 2451 4385 ἀγάπη
2485 4315 2578 4368 καὶ
2611 4317 2790 4384 μῖσος,
2820 4314 2982 4383 φόόος
3020 4315 3115 4368 καὶ
3140 4315 3340 4386 θάρσος
3365 4353 3380 4378 ,
3409 4313 3530 4378 λύπη
3555 4306 3618 4359 καὶ

445 4405 610 4460 milia.
647 4407 706 4459 In
740 4422 971 4475 corpore
1019 4415 1225 4469 autem,
1272 4414 1402 4474 puta
1465 4406 1717 4476 voluptas
1743 4413 1800 4462 et
1831 4406 2002 4472 dolor,

2115 4406 2279 4478 χαρὰ,
2320 4405 2414 4459 καὶ
2468 4406 2537 4459 τὰ
2594 4406 2722 4475 ἑξῆς
2748 4422 2761 4435 ·
2795 4407 2901 4459 τῶν
2940 4406 2997 4459 δὲ
3048 4409 3106 4460 ὲν
3150 4407 3231 4478 τῷ
3286 4407 3498 4477 σώματι,
3521 4397 3616 4456 οἷον.

443 4512 636 4552 sensus
681 4507 735 4553 et
767 4498 994 4562 orbitas,
1060 4495 1318 4551 valetudo
1354 4504 1411 4551 et
1442 4497 1743 4567 aegritudo,
1806 4497 1919 4551 vita
1953 4508 2011 4553 et

443 4602 612 4653 mors,
663 4597 721 4642 et
753 4587 973 4641 similia.
1008 4587 1168 4642 Circa
1210 4602 1412 4657 corpus
1446 4603 1600 4652 vero,
1633 4587 1804 4642 veluti
1859 4589 2010 4657 larga

2120 4498 2280 4569 ἡδονὴ
2303 4499 2398 4551 καὶ
2439 4499 2625 4564 πόνος,
2689 4499 2941 4570 αἴσθησις
2960 4501 3052 4552 καὶ
3080 4501 3332 4570 πήρωσις
3355 4537 3370 4561 ,
3405 4495 3534 4564 ὑγεία
3555 4490 3619 4542 καὶ

2115 4591 2290 4656 νόσος,
2350 4589 2463 4661 ζωὴ
2507 4591 2601 4644 καὶ
2658 4590 2905 4654 θάνατος,
2938 4591 3032 4644 καὶ
3082 4591 3151 4643 τὰ.
3191 4591 3428 4645 τοιαῦτα.
3457 4587 3554 4640 Τῶν
3583 4581 3623 4632 δὲ

444 4678 627 4748 proles
654 4678 883 4748 ejusque
925 4677 1191 4744 carentia,
1223 4678 1429 4733 divitia}
1456 4688 1512 4733 et
1547 4686 1868 4748 paupertas,
1902 4679 2002 4750 glo-

2116 4683 2244 4754 περὶ
2269 4683 2329 4736 τὸ
2359 4681 2539 4752 σῶμα,
2579 4675 2709 4747 οἷον,
2746 4681 3000 4735 εὐτεκνία
3028 4683 3122 4735 καὶ
3167 4682 3409 4746 ἀτεχνία,
3448 4675 3621 4730 πλοῦτίς

445 4768 527 4822 ria
576 4776 633 4821 et
686 4766 1008 4836 ignominia,
1073 4783 1139 4824 ac
1173 4767 1444 4839 ejusmodi
1503 4768 1735 4839 reliqua.
1786 4769 2013 4835 Horum,

443 4858 547 4913 alia
597 4858 760 4923 bona,
797 4859 902 4916 alia
937 4859 1080 4914 mala
1141 4859 1429 4914 hominum
1455 4859 1664 4931 judicio
1718 4859 2011 4925 habentur,

437 4965 568 5007 cum
621 4951 759 5005 nihil
817 4951 874 5005 in
919 4951 1001 5006 eis
1039 4951 1240 5008 malum
1299 4952 1371 5006 sit
1433 4952 1652 5023 propria
1709 4951 1885 5022 ipsius
1920 4968 2011 5007 ra-

513 5083 586 5156 (b)
624 5083 702 5153 Tﬁ
729 5085 1080 5155 ἐσφαλμένῃ
1117 5087 1237 5142 τῶν
1263 5087 1578 5157 νοημάτων
1613 5087 1847 5156 χρήσει.
1904 5088 2010 5144 Usu

441 5173 559 5229 cum
593 5157 1089 5229 errorgponjuncto.
1126 5159 1278 5214 Unus
1302 5159 1506 5227 Regius
1562 5159 1780 5229 habuit_
1806 5159 2005 5229 κρίσει.

444 5225 702 5296 Sedete.
735 5225 822 5296 82,
851 5225 944 5278 ubi
976 5227 1168 5281 eadem
1217 5225 1489 5282 sententia
1535 5236 1638 5291 est,
1695 5225 2010 5296 habentque

442 5295 673 5420 perinde
696 5295 866 5376 edita,
899 5297 1111 5376 χρήσει,
1140 5297 1476 5377 Begiicodd.
1515 5305 1570 5349 et
1634 5296 1789 5350 Dufr.
1829 5295 2009 5366 κρίσει

483 5365 682 5420 ahent:
717 5365 820 5418 fuit
851 5364 1008 5420 faelle
1041 5375 1366 5420 antuuuarus
1400 5369 1635 5420 alterum
1661 5366 1834 5420 altero
1885 5381 2009 5420 uin--

483 5365 682 5420 ahent:
717 5365 820 5418 fuit
851 5364 1008 5420 faeile
1041 5364 1366 5434 antiquariis
1400 5369 1635 5420 alterum
1661 5366 1834 5420 altero
1872 5364 2010 5422 iniu--

442 5446 580 5496 tare,
599 5450 723 5488 cum
754 5450 945 5489 sensus
959 5446 1211 5490 neutrum
1238 5435 1489 5489 videatur
1516 5450 1793 5502 respuere,
1829 5444 1883 5488 et
1906 5451 2008 5489 vo-

444 5519 535 5557 ces
563 5504 641 5558 sie
667 5519 804 5558 sono
825 5503 1016 5558 alﬁnes
1049 5505 1163 5559 sint
1207 5504 1430 5574 ipsaque
1477 5503 1798 5574 scriptione.
1827 5504 2013 5572 Magis

446 5583 624 5643 tamen
647 5581 830 5640 putem
861 5573 1146 5642 scripsisse
1207 5573 1421 5643 χρήσει,
1480 5573 1625 5642 quod
1671 5582 1728 5627 et
1784 5574 2008 5628 retinui.

447 5640 600 5694 Unde
621 5656 738 5710 cap.
769 5643 836 5696 78
873 5658 886 5693 :
922 5640 1014 5712 Μὴ
1041 5640 1310 5714 παραχρῶ
1326 5645 1440 5697 τοῖς
1491 5640 1752 5712 νοήμασιν
1813 5643 2012 5708 ubique

2112 4774 2208 4828 καὶ
2275 4773 2458 4836 πενία,
2514 4773 2640 4837 δόξα
2689 4774 2785 4825 καὶ
2829 4773 3054 4839 ἀδοξία,
3087 4775 3181 4828 καὶ
3223 4775 3292 4827 τὰ
3342 4773 3478 4842 ἑξῆς.
3522 4763 3621 4819 Τού-

2111 4880 2220 4917 των
2249 4863 2338 4928 δὲ,
2373 4863 2443 4915 τὰ
2494 4863 2596 4934 μὲν
2631 4861 2792 4927 καλὰ,
2815 4863 2882 4915 τὰ
2935 4863 2994 4916 δὲ
3031 4864 3179 4918 κακὰ
3215 4865 3330 4927 τοῖς
3376 4857 3622 4931 ἀνθρώπω

2111 4953 2412 5024 νομίζεται,
2447 4952 2598 5006 οὐδὲν
2642 4953 2821 5006 αὐτῶν
2885 4956 3052 5008 κακὸν
3096 4953 3154 5009 δν
3193 4955 3273 5026 τῷ
3338 4953 3444 5023 ίδίῳ
3495 4949 3623 5012 λέτῳ⁶

2108 5105 2451 5160 componens
2484 5105 2640 5146 usum
2678 5091 2826 5156 usui,
2855 5092 2910 5147 in
2937 5093 3102 5147 animi
3142 5091 3442 5146 rationibus
3501 5093 3545 5160 el
3577 5095 3624 5160 jﬂ

2112 5150 2318 5232 rebus;
2353 5162 2681 5232 egregieque
2705 5150 2934 5230 exponit
2957 5172 3152 5218 auctor
3180 5162 3364 5216 Schol.
3417 5174 3476 5212 ex
3509 5150 3622 5232 Duff.

2111 5231 2234 5286 cod.
2295 5231 2350 5284 in
2391 5227 2720 5301 'sacrarumr
2764 5227 3086 5301 imaginum,
3151 5232 3258 5283 τῶν
3317 5227 3624 5301 χαρακτήριιξν

2113 5302 2408 5371 νοήμασιν·
2442 5301 2647 5369 quibus
2679 5296 3089 5356 abutiostendit
3116 5301 3205 5371 qui
3237 5296 3624 5366 easimpugncnl-

2112 5369 2576 5441 Repraesentanda
2603 5371 2719 5424 haec
2749 5371 2955 5425 scholia
2979 5379 3103 5439 post
3128 5369 3381 5440 quartum
3425 5372 3626 5441 centeni!-

2113 5435 2283 5515 rium,
2309 5441 2684 5515 quzealterius
2716 5441 2900 5515 potius
2932 5435 3212 5504 videntur,
3239 5453 3396 5515 quam
3439 5435 3624 5515 malint}.

2116 5522 2180 5560 ac
2202 5509 2322 5588 eius
2347 5509 2440 5578 qui
2466 5520 2588 5579 post
2614 5510 3077 5566 lconoclastarum
3102 5520 3285 5564 natam
3333 5508 3551 5562 haeresim
3569 5513 3626 5550 \‘I-

2117 5587 2280 5630 xerit.
