3876 6314
217 418 228 429 _
282 344 417 408 1009

1154 346 1487 414 CAPITUM
1527 350 1623 409 DE
1663 341 2091 405 CIIARITATE
2126 342 2515 401 CENTURJA
2553 342 2635 401 II.

3388 337 3525 399 1010

282 460 431 529 ποιρά
460 457 515 511 δὲ
543 457 639 525 τὴν
667 461 881 532 χρῆσιν,
908 460 1017 515 εἴτε
1058 463 1206 517 κακά
1242 464 1467 535 κυρίως,
1504 463 1613 515 εἴτε
1673 457 1852 527 ἀγαθά

1983 452 2140 518 ioue;
2178 452 2272 507 sed
2317 467 2486 520 penes
2547 463 2705 504 usum
2762 462 2889 503 vere
2922 456 3017 501 aut
3050 449 3209 511 mala,
3252 455 3347 500 aut
3379 445 3523 499 bona

282 549 612 621 εὑρίσκεται.

351 643 445 709 οξ·
477 647 631 719 Καλὴ
678 652 712 719 ἡ
766 652 965 720 γνῶσις
1011 656 1079 724 τῇ
1143 652 1345 721 φύσει·
1405 651 1607 723 ὁμοίως
1661 650 1717 702 δὲ
1759 652 1853 702 καὶ

282 737 441 808 ὑγεία
465 757 477 769 ·
506 740 641 794 ἀλλά
674 744 934 798 τάναντία
956 748 1082 809 τοὺς
1104 746 1328 809 πολλοὺς
1351 746 1494 817 ἥπερ
1516 742 1856 811 ταῦτα’ὥνη-

284 846 394 882 σεν.
436 831 563 894 Τοῖς
615 835 721 905 γὰρ
760 836 982 903 φαύλοις
1050 838 1150 891 οὐκ
1210 839 1292 900 είς
1360 837 1523 891 καλὸν
1563 837 1595 905 ἡ
1643 835 1857 903 ’γνῶσις

286 922 591 991 συμϐαίνει,
622 927 670 978 εἰ
706 928 798 980 καὶ
824 931 888 998 τῇ
925 928 1105 997 φύσει,
1136 930 1212 992 ὡς
1237 930 1488 1000 εἴρηται,
1521 929 1639 981 ἐστὶ
1672 927 1811 997 καλή
1838 943 1851 957 ⁸

282 1013 480 1080 ὁμοίως
500 1015 553 1067 δὲ
572 1016 690 1070 οὐδὲ
709 1019 883 1086 ὑγεία,
909 1020 1029 1074 οὐδὲ
1052 1020 1299 1085 πλοῦτος,
1323 1021 1443 1074 οὐδὲ
1459 1020 1621 1090 χαρά.
1648 1019 1721 1073 Ού
1746 1019 1853 1089 γὰρ

289 1104 670 1176 συμφερόντως
692 1108 900 1173 τούτοις
932 1110 1248 1181 κέχρηνται.
1279 1113 1423 1183 ’Ἄρα
1460 1107 1554 1165 οὖν
1588 1110 1850 1165 τάναντία

286 1194 495 1257 τούτοις
524 1199 812 1269 συμφέρει.
851 1201 1060 1254 Οὐκοῦν
1092 1202 1214 1256 οὐδὲ
1247 1204 1433 1257 ἐκεῖνα
1468 1203 1616 1257 κακά
1638 1203 1714 1273 τῷ
1741 1202 1855 1272 ἰδίῳ

286 1286 427 1357 λόγῳ
458 1289 736 1358 τυγχάνει,
767 1292 815 1344 εί
846 1292 939 1347 καὶ
966 1292 1113 1347 δοκεῖ
1138 1293 1284 1348 κακὰ
1314 1292 1475 1349 εἶναι.

356 1457 456 1531 οη’.
485 1461 574 1531 Μὴ
602 1463 875 1535 παραχρῶ
911 1466 1024 1527 τοῖς
1057 1465 1322 1536 νοήμασιν
1350 1462 1485 1537 (19),
1523 1465 1611 1518 ἵνα
1664 1464 1738 1534 μὴ
1797 1464 1857 1529 ἐξ

290 1552 536 1622 ἀνάγκης
590 1555 683 1606 καὶ
715 1558 827 1618 τοῖς
875 1556 1162 1626 πράγμασι
1212 1558 1563 1627 παραχρήσῃ.
1597 1557 1719 1611 Ἐὰν
1749 1557 1856 1627 γὰρ

289 1643 365 1711 μή
397 1660 479 1707 τις
546 1643 761 1715 πρῶτον
822 1645 963 1699 κατά
1018 1645 1256 1699 διάνοιαν
1311 1647 1742 1717 ἀμαρτάνῃ,οὐκ
1789 1646 1856 1701 ἂν

288 1731 510 1803 ἁμάρτῃ
544 1734 673 1786 ποτὲ
704 1737 824 1787 κατ’
852 1735 1155 1806 ἐνέργειαν.

356 1825 653 1881 οθν.Είκὼν
701 1827 794 1881 τοῦ
838 1828 1024 1898 χοῖκοῦ
1086 1831 1143 1883 αἱ
1188 1830 1401 1898 γενικαὶ
1439 1830 1628 1885 κακίαι
1685 1830 1858 1902 ὑπάρ-

285 1938 473 1991 χουσιν
503 1938 516 1952 ο
562 1918 696 1987 οἷον,
746 1924 1046 1996 ἀφροσύνη,
1079 1924 1270 1988 δειλία,
1328 1923 1612 1988 ἀκολασία,
1651 1923 1853 1978 ἀδικία.

250 2083 252 2085 γ
291 2012 475 2068 Εἰκὼν
505 2014 561 2067 δὲ
581 2016 675 2069 τοῦ
700 2016 1045 2087 ἐπουρανίου,
1086 2018 1141 2069 αἱ
1182 2017 1398 2085 γενικαὶ
1440 2016 1630 2087 ἀρεταὶ
1657 2055 1673 2081 ,
1704 2011 1817 2069 οἷον
1839 2056 1855 2083 ,

286 2106 574 2176 φρόνησις,
637 2108 881 2180 ἀνδρεία,
914 2110 1261 2181 σωφροσύνη,
1292 2109 1631 2180 δικαιοσύνη.
1670 2108 1858 2162 Ἀλλὰ

288 2198 481 2264 καθὼς
502 2199 873 2269 ἐφορέσαμεν
892 2200 1007 2269 τὴν
1028 2202 1231 2256 εἰκόνα
1259 2201 1366 2256 τοῦ
1400 2201 1608 2270 χοϊκοῦ
1635 2239 1649 2264 ,
1682 2198 1856 2269 φορέ-

289 2304 491 2358 σωμεν
513 2290 610 2343 καί
653 2290 768 2358 τὴν
791 2293 998 2346 εἰκόνα
1029 2292 1133 2346 τοῦ
1167 2292 1554 2361 ἐπουρανίου.

359 2379 431 2434 π’.
472 2383 535 2436 Εί
564 2382 738 2446 θέλεις
766 2384 950 2453 εὑρεῖν
984 2385 1082 2455 τὴν
1114 2384 1231 2438 ὁδὸν
1278 2383 1375 2454 τὴν
1412 2384 1740 2451 ’ἀπάγουσαν
1775 2385 1856 2447 είς

285 2474 384 2544 τὴν
416 2473 577 2546 ζωήν,
613 2476 671 2528 ὲν
705 2478 771 2546 τῇ
795 2475 898 2545 6δῷ
918 2475 1086 2546 αὐτὴν
1135 2476 1307 2546 ζήτει,
1338 2478 1501 2532 κάκεῖ
1534 2477 1706 2549 αὐτὴν
1758 2476 1852 2528 εὑο

290 2569 517 2639 ρίσκεις,
550 2571 615 2639 τῇ
643 2568 869 2640 εἰπούσῃ
901 2586 915 2601 ·
960 2568 1101 2640 Ἐγώ
1123 2571 1239 2640 ειμι
1264 2571 1303 2637 ἡ
1343 2569 1503 2634 ὁδὸς,
1536 2570 1635 2623 καὶ
1664 2570 1702 2638 ἡ
1723 2566 1836 2635 (wh

287 2658 443 2725 καὶὴ
482 2658 752 2724 ἀλήθεια.
784 2660 931 2731 Πλὴν
968 2660 1177 2731 σφόδρα
1228 2660 1483 2730 ὲμπόνως
1522 2660 1697 2731 ζήτει,
1721 2659 1855 2711 διότι

289 2748 481 2819 ὀλίγοι
518 2751 681 2824 εἰσίν
727 2755 780 2805 οἱ
830 2752 1218 2820 εὑρίσκοντες
1253 2751 1485 2820 αὐτήνο
1517 2751 1613 2806 καὶ
1665 2752 1858 2822 μήπως

287 2839 398 2892 τῶν
459 2840 654 2908 ὀλίγων
708 2840 1080 2910 ἀπολειφθεὶς,
1138 2842 1275 2911 μετά
1334 2841 1441 2896 τῶν
1512 2841 1725 2895 πολλῶν
1770 2843 1859 2895 εὑ·-

298 2930 527 3003 ρεθήσῃ.

361 3028 469 3074 πα’.
489 3020 587 3075 Διά
615 3023 681 3076 τὰ
694 3023 852 3077 πέντε
874 3023 1045 3077 ταῦτα
1074 3027 1106 3096 ὴ
1130 3025 1274 3097 ψυχὴ
1295 3025 1400 3079 ἀπὸ
1426 3026 1708 3096 ἁμαρτιῶν
1728 3026 1858 3079 ἀνα·-

1957 543 2391 611 comperiantur.

2029 635 2115 687 77.
2159 634 2307 687 Bona
2367 642 2452 687 est
2499 639 2695 685 natura
2753 630 3024 697 scicntia;
3085 629 3342 684 similiter
3394 642 3530 683 vero

1955 725 2122 780 etiam
2180 726 2387 779 sanitas
2428 742 2441 778 :
2478 726 2666 779 multis
2728 732 2909 778 tamen
2961 723 3135 794 magis
3200 721 3532 793 profuerunt
3578 721 3589 769 ἔ

1958 817 2157 871 horum
2198 817 2496 871 contraria.
2549 816 2705 871 Malis
2734 816 2881 871 enim
2918 831 2983 870 ac
3011 814 3300 887 improbis,
3328 829 3439 869 non
3473 813 3528 865 in

1958 908 2165 963 bonum
2192 908 2339 963 cedit
2374 908 2635 974 scientia;
2666 908 2883 962 tametsi
2919 907 3034 972 illa,
3080 914 3142 960 ut
3165 905 3372 959 dictum
3423 911 3527 965 est,

1957 1009 2153 1055 natura
2186 1001 2259 1056 sit
2290 1001 2464 1066 bona;
2499 1000 2727 1071 parique
2762 1000 2974 1055 ratione
2999 1012 3103 1053 nec
3130 997 3407 1061 valetudo,
3430 1010 3533 1050 nec

1959 1091 2185 1155 divitiae,
2214 1106 2395 1162 neque
2441 1091 2721 1163 gaudium.
2756 1090 2876 1145 Non
2928 1090 3076 1145 enim
3129 1089 3218 1144 his
3278 1096 3530 1151 utuntur,

1960 1192 2022 1237 ut
2053 1183 2164 1238 illis
2195 1192 2279 1238 est
2311 1183 2467 1239 utile.
2516 1183 2687 1254 Igitur
2718 1181 3037 1239 conducunt
3079 1181 3273 1236 borum
3311 1188 3530 1234 contra-

1960 1275 2061 1328 ria.
2099 1274 2242 1344 Ergo
2268 1290 2372 1329 nec
2404 1274 2496 1329 illa
2530 1275 2671 1329 mala
2704 1282 2833 1328 sunt
2895 1273 3119 1344 propria
3163 1273 3410 1342 ipsorum
3447 1286 3534 1323 ra-

1961 1367 2131 1431 tione,
2161 1367 2265 1421 etsi
2296 1366 2556 1421 videntur
2588 1382 2708 1421 esse
2741 1366 2900 1421 mala.

2034 1457 2120 1511 78.
2159 1456 2302 1513 Cave
2340 1458 2585 1513 abutaris
2634 1455 3065 1527 cogitationibus
3099 1454 3378 1524 animique
3410 1468 3534 1507 sen-

1958 1548 2039 1603 sis
2068 1590 2082 1612 ,
2146 1566 2215 1605 ne
2276 1558 2333 1606 et
2361 1551 2528 1605 rebus
2584 1550 2894 1606 necessario
2928 1548 3193 1604 abutaris.
3235 1547 3349 1602 Nisi
3385 1546 3532 1600 enim

1959 1642 2085 1711 quis
2108 1642 2264 1711 prius
2298 1651 2481 1697 mente
2515 1651 2723 1712 peccet,
2760 1657 3040 1712 nunquam
3067 1642 3186 1712 ipso
3218 1649 3342 1695 actu
3368 1647 3534 1708 atque

1960 1746 2126 1800 opere
2157 1733 2484 1801 peccaverit.

2029 1824 2115 1877 79.
2159 1824 2388 1879 Terreni
2427 1827 2606 1896 imago
2657 1836 2787 1882 sunt
2820 1827 3096 1897 generalia
3144 1826 3309 1880 vitia:
3347 1823 3531 1879 stulti-

1961 1913 2056 1977 tia,
2085 1913 2323 1983 ignavia,
2385 1914 2826 1984 intemperantia,
2869 1917 3157 1987 injustitia.
3212 1917 3396 1987 Imago
3430 1931 3528 1971 auv

1960 2012 2066 2059 tem
2109 2006 2368 2069 caelestis,
2424 2008 2742 2077 prudentia,
2801 2008 3089 2073 fortitudo,
3140 2007 3530 2078 temperantia,

1956 2096 2167 2165 justitia
2213 2115 2225 2150 :
2268 2098 2459 2152 Verum
2483 2102 2619 2154 sicut
2650 2102 2975 2170 portavimus
3004 2101 3289 2171 imaginem
3315 2101 3532 2165 terreni,

1960 2198 2223 2257 portemus
2253 2198 2301 2243 et
2330 2192 2615 2263 imaginem
2651 2192 2868 2247 caelestis
2889 2194 3031 2247 ‘3'".

2024 2387 2110 2442 80.
2151 2388 2207 2443 Si
2258 2388 2341 2444 vis
2376 2390 2627 2444 invenire
2679 2390 2848 2453 viam,
2900 2387 3207 2458 quaeducit
3240 2387 3308 2442 ad
3342 2387 3531 2451 vitam,

1958 2493 2079 2533 eam
2106 2479 2160 2533 in
2195 2479 2282 2533 via
2318 2493 2522 2548 quaere,
2562 2478 2749 2547 ibique
2782 2492 2902 2532 eam
2936 2477 3216 2543 invenies;
3244 2491 3441 2546 nempe
3476 2476 3534 2531 in

1958 2569 2066 2632 via,
2101 2586 2221 2639 quae
2270 2570 2365 2635 ait,
2406 2569 2517 2639 Ego
2566 2586 2684 2623 sum
2736 2571 2843 2632 via,
2892 2577 2940 2622 et
2974 2570 3081 2621 vita
3136 2575 3185 2620 et
3238 2568 3430 2621 veritas
3465 2567 3532 2620 °°.

1959 2658 2151 2724 Quaere
2208 2673 2341 2714 vero
2372 2667 2617 2724 strenue,
2670 2655 3057 2726 indefessoque
3098 2656 3285 2711 labore
3318 2664 3376 2711 et
3421 2656 3533 2711 acri

1960 2749 2247 2815 industria,
2308 2765 2375 2805 eo
2432 2749 2576 2819 quod
2614 2748 2771 2820 pauci
2823 2756 2964 2814 sunt,
3019 2749 3109 2819 qui
3165 2746 3535 2801 inveniuntil-

1962 2839 2071 2894 tam
2105 2841 2178 2904 “;
2218 2854 2287 2894 ne
2333 2839 2475 2893 forte
2527 2853 2828 2908 paucorum
2869 2838 3087 2892 illorum
3122 2836 3380 2891 exclusus
3422 2850 3530 2889 nu-

1962 2947 2133 2994 mero,
2167 2948 2290 2987 cum
2327 2932 2515 2986 multis
2544 2931 2863 2986 inveni'aris.

2035 3024 2122 3077 8|.
2165 3023 2419 3093 Quinque
2455 3025 2559 3079 ista
2591 3031 2741 3087 sunt,
2771 3023 2843 3078 ob
2874 3038 2996 3092 qure
3024 3021 3242 3076 animus
3276 3036 3306 3075 a
3339 3036 3533 3090 pecca-

295 3112 554 3167 κόπτεται
589 3130 602 3143 ’
638 3116 670 3186 ἢ
701 3114 792 3169 διὰ
822 3115 912 3169 τὸν
932 3116 1094 3183 φόϐον
1123 3115 1229 3169 τῶν
1250 3115 1569 3186 ἀνθρώπων,
1604 3116 1636 3186 ἢ
1660 3115 1747 3169 διὰ
1768 3115 1858 3168 τὸν

1977 3115 2033 3169 .is
2072 3115 2442 3181 absterretur;
2477 3123 2573 3169 aut
2635 3129 2834 3183 nempe
2899 3114 3140 3167 humano
3195 3113 3411 3176 timore,
3442 3119 3538 3165 aut

294 3204 454 3272 φόϐον
481 3206 578 3275 τῆς
605 3206 858 3278 κρίσεως,
893 3207 925 3277 ἢ
957 3207 1044 3261 διὰ
1063 3206 1158 3278 τὴν
1196 3207 1495 3276 μέλλουσαν
1528 3205 1852 3278 μισθαποδο-

1949 3205 2146 3283 judicii
2188 3214 2374 3270 metu,
2427 3214 2522 3262 aut
2548 3220 2644 3276 spe
2692 3205 2894 3261 futurae
2944 3204 3239 3269 mercedis,
3285 3210 3380 3258 aut
3434 3202 3535 3257 Dei

295 3295 433 3362 σίαν,
461 3296 494 3367 ἢ
527 3297 614 3350 διὰ
634 3296 731 3368 τήν
759 3298 982 3368 ἀγάπην
1003 3296 1099 3351 τοῦ
1129 3297 1289 3363 Θεοῦ,
1345 3298 1378 3369 ἢ
1420 3298 1728 3353 τελευταῖον
1768 3299 1855 3353 διά

1977 3297 2247 3365 :haritate,
2270 3308 2366 3353 aut
2392 3306 2672 3373 postremo
2701 3298 2875 3369 ipsius
2908 3297 3259 3353 conscientiae
3282 3294 3532 3352 verbere.

294 3386 597 3455 συνείδησιν
620 3388 946 3441 τύπτουσαν.

363 3475 470 3549 πεβῖ
507 3480 665 3542 Τινές
700 3497 883 3550 φασιν,
916 3482 1000 3534 ὅτι
1035 3482 1133 3535 οὐκ
1164 3481 1231 3536 ἂν
1253 3475 1321 3551 ἦν
1343 3481 1405 3534 τὸ
1435 3481 1606 3536 κακὸν
1644 3484 1703 3535 ὲν
1744 3484 1857 3547 τοῖς

290 3562 462 3633 οὖσιν,
492 3570 539 3622 εί
568 3572 706 3640 ’μήτι
728 3570 773 3623 δ’
804 3570 867 3624 ἂν
898 3571 1061 3641 ἑτέρα
1087 3586 1173 3634 τις
1200 3566 1269 3642 ἦν
1300 3571 1550 3642 δύναμις,
1582 3575 1616 3643 ή
1667 3573 1859 3627 ἀνθέλο

294 3675 463 3712 κουσα
492 3660 636 3729 ἡμᾶς
667 3662 753 3713 ἐπ’
782 3661 933 3716 αὐτό.
967 3662 1119 3728 Αὕτη
1167 3662 1224 3717 δέ
1261 3664 1410 3717 ἐστιν
1448 3664 1601 3718 οὐδὲν
1650 3664 1857 3736 ἕτερον,

294 3748 329 3818 ἦ
368 3751 401 3819 ὴ
434 3749 541 3803 τῶν
597 3752 736 3806 κατὰ
791 3753 954 3822 φύσιν
1011 3754 1106 3808 τοῦ
1151 3753 1243 3808 νοῦ
1277 3754 1573 3826 ἐνεργειῶν
1606 3756 1858 3826 ἀμέλεια.

292 3840 496 3911 Διόπερ
522 3842 569 3894 oi
594 3842 797 3897 τούτων
828 3845 927 3913 τὴν
948 3845 1268 3916 ἐπιμέλειαν
1296 3846 1627 3915 ποιούμενοι,
1668 3849 1736 3902 τά
1766 3849 1864 3919 μὲν

296 3931 463 3996 καλὰ,
532 3933 620 3985 ἀεὶ
672 3934 884 3988 ποιοῦσι
915 3953 927 3966 ο
963 3936 1033 3989 τὰ
1056 3937 1113 3991 δὲ
1149 3937 1293 3991 κακὰ
1328 3937 1590 4010 [ιῗνπορα
1642 3939 1695 3993 τί
1748 3943 1864 3995 ἐστι

294 4022 508 4094 κακία],
543 4025 813 4081 οὐδέποτε.
864 4027 930 4081 Εἰ
961 4022 1052 4081 οὖν
1083 4027 1259 4092 Θέλεις
1287 4029 1383 4083 καὶ⁵
1409 4030 1495 4094 σὺ,
1524 4028 1744 4085 ἄπωσαι
1769 4032 1866 4104 τὴν

292 4116 580 4184 ἀμέλειαν,
612 4118 704 4171 καὶ
730 4118 1149 4184 συναπελαύνεις
1176 4120 1275 4192 τήν
1303 4122 1501 4175 κακίαν
1524 4139 1536 4152 ·
1570 4123 1691 4193 ἥτις
1721 4127 1867 4178 ἐστιν

288 4210 329 4275 ή
359 4209 673 4280 ἐσφαλμένη
707 4212 901 4281 χρῆσις
933 4212 1040 4265 τῶν
1070 4214 1353 4281 νοημάτων
1376 4253 1390 4277 ,
1511 4215 1870 4270 ἐπακολουθεῖ

290 4300 329 4368 ἡ
364 4299 709 4370 παράχρησις
733 4301 841 4355 τῶν
868 4303 1232 4373 πραγμάτων.

370 4388 477 4457 πγ’.
507 4391 660 4444 Κατὰ
689 4391 849 4460 φύσιν
880 4394 1111 4447 ὲστὶτοῢ
1143 4397 1200 4448 ἐν
1228 4397 1360 4465 ἡμῖν
1393 4397 1611 4465 λογικοῦ
1645 4399 1866 4469 μέρους,

291 4482 359 4534 τό
390 4498 449 4535 τε
477 4482 814 4558 ὑποταγῆναι
873 4484 949 4554 τῷ
997 4484 1125 4557 θείῳ
1183 4486 1325 4558 λόγῳ
1354 4529 1370 4555 ,
1430 4490 1523 4542 καὶ
1571 4489 1627 4542 τὸ
1679 4490 1871 4561 ἄρχειν

293 4571 393 4627 τοῦ
427 4573 485 4625 ὲν
512 4575 645 4644 ήμῖν
703 4575 898 4643 ἀλόγου
957 4576 1180 4648 μέρους.
1213 4578 1363 4651 Αὕτη
1419 4575 1514 4635 οὗν
1545 4581 1578 4651 ἡ
1630 4580 1783 4646 τάξις
1812 4582 1870 4636 ὲν

297 4663 439 4715 πᾶσι
497 4663 867 4734 φυλαχθήτω,
928 4667 1023 4718 καὶ
1093 4665 1222 4720 οὔτε
1251 4668 1313 4720 τὸ
1382 4668 1551 4722 κακὸν
1602 4668 1753 4723 ἔσται
1815 4671 1872 4724 ὲν

296 4754 415 4817 τοῖς
475 4746 644 4821 οὖσιν,
708 4755 833 4809 οὕτε
890 4756 951 4809 τὸ
997 4756 1087 4811 ἐπ’
1141 4758 1273 4811 αὐτὸ
1332 4758 1591 4815 ἀνθέλκον
1637 4760 1869 4833 εὑρεθή-

304 4860 482 4897 σεται.

375 4931 479 5005 πδ’.
516 4934 579 4987 Οἱ
630 4935 731 5004 μὲν
780 4934 889 4988 τῶν
948 4935 1246 5008 λογισμῶν,
1303 4939 1466 4992 ἁπλοῖ
1506 4942 1666 5006 εἰσιν,
1716 4944 1766 4996 οἱ
1818 4942 1876 4997 δὲ

301 5025 573 5081 σύνθετοι.
608 5027 716 5081 Καὶ
737 5028 899 5081 ἀπλοῖ
924 5028 1023 5097 μέν
1044 5029 1202 5094 εἰσιν,
1237 5030 1287 5082 οἱ
1317 5028 1550 5094 ἀπαθεῖς
1582 5048 1597 5063 ο
1632 5031 1876 5088 σύνθετοι

301 5116 384 5183 δὲ,
419 5116 468 5168 οἱ
495 5116 784 5186 ἐμπαθεῖς,
816 5118 892 5182 ὡς
924 5119 988 5172 ὲκ
1012 5118 1217 5183 πάθους
1248 5120 1342 5173 καὶ
1367 5122 1638 5191 νοήματος
1661 5123 1881 5193 συγκεί-

308 5222 482 5276 μενοι.
518 5206 737 5261 Τούτων
769 5207 945 5271 οὕτως
986 5208 1241 5277 ἐχόντων,
1280 5209 1511 5274 πολλοὺς
1555 5212 1664 5265 τῶν
1690 5214 1879 5268 ἀπλῶν

304 5299 454 5351 ἐστιν
512 5299 636 5353 [δεῖν
671 5300 968 5369 ἑπομένους
996 5302 1106 5363 τοῖς
1130 5299 1425 5367 συνθέτοις,
1451 5303 1577 5356 ὅταν
1606 5302 1876 5374 ἄρξωνται

309 5393 578 5448 κινεῖσθαι
608 5395 744 5465 πρὸς
788 5395 850 5448 τὸ
891 5395 1032 5449 κατά
1068 5396 1309 5450 διάνοιαν
1336 5396 1692 5468 ἁμαρτάνειν.
1729 5394 1873 5465 Οἷον,

308 5483 387 5546 ἀς
446 5485 539 5536 ἐπὶ
592 5484 685 5539 τοῦ
716 5486 940 5556 χρυσίου
980 5499 995 5516 ⁶
1037 5486 1200 5556 ἀνέϐη
1232 5486 1323 5538 ἐπὶ
1352 5486 1451 5557 τήν
1487 5487 1707 5557 μνήμην
1735 5491 1879 5553 τινὸς

307 5572 569 5644 λδγισμδς
625 5576 753 5645 περὶ
800 5575 1024 5647 χρυσίου
1080 5574 1373 5645 ὲμπαθής⁶
1403 5577 1496 5631 καὶ
1554 5577 1779 5648 ὥρμησε
1811 5582 1875 5650 τῇ

2027 3482 2189 3555 423
2225 3483 2313 3539 82.
2355 3483 2497 3541 Sunt
2523 3486 2618 3556 qui
2668 3486 2876 3551 dicant,
2916 3502 3027 3540 non
3077 3485 3197 3540 fore
3244 3485 3448 3539 malum
3481 3483 3537 3537 in

1960 3572 2149 3639 rebus,
2180 3574 2287 3628 nisi
2311 3584 2461 3631 esset
2501 3577 2605 3631 alia
2636 3577 2884 3647 quaedam
2931 3577 3017 3632 vis
3056 3577 3338 3632 contrario
3380 3575 3536 3644 quasi

1962 3663 2203 3734 impulsu
2234 3665 2290 3720 in
2324 3666 2459 3721 illud
2493 3669 2739 3724 trahens.
2758 3666 2884 3724 Haec
2916 3683 3050 3723 vero
3082 3668 3222 3722 nihil
3252 3667 3399 3721 aliud
3427 3678 3533 3728 cst,

1963 3769 2129 3825 quam
2178 3758 2513 3812 naturalium
2564 3759 2735 3812 animi
2775 3759 2978 3812 virium
3034 3757 3537 3827 operationumquc

1964 3844 2287 3914 neglectus;
2330 3842 2515 3915 quare
2544 3848 2637 3916 qui
2672 3848 2867 3901 harum
2902 3862 3091 3902 curam
3126 3857 3343 3917 gerunt,
3394 3848 3538 3901 bona

1965 3950 2185 4006 semper
2214 3947 2402 4007 agunt,
2428 3937 2570 3993 mala
2601 3953 2753 4004 vero,
2778 3954 3077 4008 nunquam.
3109 3938 3280 4008 Igitur
3310 3948 3367 3991 tu
3398 3954 3536 4006 quo-

1966 4045 2074 4099 que
2125 4030 2171 4085 si
2218 4032 2322 4095 vis,
2366 4031 2509 4101 pelle
2560 4030 2966 4101 negligentiam,
3003 4044 3222 4099 unaque
3250 4029 3443 4082 vitium
3476 4044 3540 4083 ac

1968 4121 2233 4175 malitiam
2282 4121 2578 4192 expulisti;
2615 4121 2860 4175 fallacem
2903 4119 3116 4174 scilicet
3147 4118 3315 4172 animi
3368 4118 3538 4170 ratio-

1969 4228 2101 4267 num
2132 4228 2314 4277 usum,
2361 4213 2449 4266 cui
2492 4212 2676 4267 statim
2722 4226 2905 4266 comes
2941 4219 3026 4264 est
3057 4210 3174 4279 ipse
3216 4208 3422 4263 abusus
3454 4222 3541 4262 re-

1972 4317 2117 4356 ΙἸΠΠ.

2043 4395 2129 4449 85.
2177 4395 2219 4448 Ε
2248 4401 2443 4447 natura
2497 4401 2600 4457 est,
2636 4394 2756 4463 ejus
2805 4391 2860 4446 in
2888 4392 3048 4446 nobis
3073 4390 3265 4461 partis,
3299 4406 3421 4460 quae
3454 4406 3540 4443 ra-

1905 4475 1945 4529 ο
1975 4486 2125 4540 tione
2152 4485 2348 4550 utitur,
2378 4494 2458 4551 ut,
2490 4492 2545 4538 et
2570 4484 2771 4540 divinae
2820 4483 3086 4539 subdatur
3114 4482 3335 4547 rationi,
3383 4489 3439 4536 et
3464 4480 3542 4536 illi

1970 4576 2112 4647 parti
2145 4576 2399 4646 imperet,
2424 4591 2545 4645 quae
2568 4574 2624 4629 in
2658 4574 2819 4630 nobis
2842 4572 3073 4628 rationis
3099 4586 3295 4642 expers
3315 4579 3417 4627 est.
3444 4572 3543 4625 Hic

1970 4669 2139 4740 igitur
2172 4668 2308 4724 ordo
2364 4669 2419 4723 in
2446 4667 2705 4722 omnibus
2743 4676 2946 4731 teneat,
2986 4680 3051 4721 ac
3099 4680 3279 4734 neque
3337 4663 3540 4717 malum

1970 4759 2080 4814 erit
2107 4759 2164 4814 in
2210 4760 2396 4823 rebus,
2452 4773 2555 4813 nec
2589 4760 2849 4812 occurret
2898 4753 3107 4825 aliquid
3135 4754 3281 4823 quod
3309 4754 3377 4808 ad
3406 4753 3544 4808 illud

1974 4851 2268 4906 adversum
2308 4849 2509 4904 trahat.

2050 4953 2136 5008 84.
2179 4953 2365 5007 Animi
2402 4952 2642 5007 rationes
2677 4964 2741 5005 ac
2777 4948 3158 5020 cogitationes,
3192 4947 3311 5001 alia:
3336 4946 3546 5016 simpli-

1977 5058 2067 5098 ces
2098 5051 2243 5107 sunt,
2269 5043 2389 5096 alia:
2409 5041 2744 5111 compositae.
2762 5040 2841 5095 Ac
2860 5039 3138 5108 simplices
3151 5037 3372 5106 quidem
3396 5044 3543 5100 sunt,

1978 5132 2324 5187 illibidinosae
2348 5139 2405 5186 et
2428 5131 2546 5185 sine
2576 5129 2827 5199 passione
2854 5145 2867 5181 :
2893 5126 3207 5196 composita:
3232 5141 3385 5191 vero,
3415 5126 3546 5179 libi-

1980 5223 2186 5277 dinosae
2210 5237 2273 5277 ac
2310 5221 2554 5291 passioni
2588 5221 2914 5291 conjunctae,
2951 5226 3208 5288 tanquam
3228 5233 3292 5272 ex
3318 5217 3549 5272 libidine

1981 5324 2077 5363 seu
2102 5309 2375 5379 passione,
2410 5308 2723 5375 mentisque
2749 5312 3019 5373 conceptu
3056 5304 3388 5372 compositae.
3422 5302 3551 5359 Haec

1982 5415 2108 5454 cum
2134 5400 2208 5455 ita
2244 5414 2303 5455 se
2340 5399 2598 5460 habeant,
2643 5396 2833 5451 videre
2864 5404 2949 5450 est
2983 5396 3182 5449 multas
3215 5392 3550 5463 simplicium

1982 5490 2374 5561 cogitationum
2404 5489 2556 5558 sequi
2593 5485 2941 5556 compositas,
2983 5501 3109 5540 cum
3138 5484 3343 5539 moveri
3370 5500 3552 5554 coepe-

1983 5583 2096 5638 rint
2129 5582 2184 5636 in
2215 5578 2697 5652 peccatum,.quod
2727 5579 2877 5632 intus
2910 5578 3093 5633 animo
3125 5576 3355 5647 geritur.
3388 5576 3554 5630 Velut

386 5754 506 5793 "-5’
539 5753 707 5810 lCor.
742 5772 829 5822 xv,
861 5756 948 5811 49.
1025 5756 1068 5787 ⁸ο
1109 5753 1265 5809 Joan.
1296 5770 1350 5809 iv
1382 5794 1398 5822 ,
1434 5755 1487 5811 6.
1564 5755 1605 5788 ⁶¹
1640 5753 1834 5809 Matth.
1866 5771 1960 5823 vu,
2001 5757 2085 5809 ιι.
