3876 6314
259 279 399 344 1013

1148 276 1484 334 CAPlTUM
1525 275 1624 334 DE
1662 269 2092 332 CIIARITATE
2132 268 2518 328 CENTURIA
2557 269 2638 327 II.

3385 269 3521 334 10M

329 387 438 452 υπς’.
467 388 626 457 Τρεῖς
669 385 807 437 εἰσιν
857 381 1045 451 ἠθικαὶ
1079 383 1443 442 καταστάσεις
1474 379 1832 448 γενικώτεραι

2007 375 2096 429 87.
2129 376 2263 430 Tres
2309 384 2438 430 sunt
2469 375 2874 445 generalissimi
2901 384 3078 432 status
3111 379 3348 434 morales
3375 381 3516 436 inter

260 480 330 550 (ιι)
365 482 421 532 ἐν
473 480 580 540 τοῖς
635 477 906 547 μοναχοῖς.
959 475 1070 526 Καὶ
1123 471 1310 542 πρώτη
1372 472 1494 541 μὲν,
1553 472 1612 524 τὸ
1665 469 1832 540 μηδὲν

261 570 597 642 ἁμαρτάνειν
629 568 750 621 κατ’
785 568 1063 637 ἐνέργειαν
1100 581 1113 594 -
1141 564 1372 634 δευτέρα
1391 565 1468 626 δέ,
1500 563 1558 615 τὸ
1614 562 1688 632 μὴ
1738 563 1833 628 ἐγ-

255 664 527 734 χρονίζειν
557 663 614 714 ἐν
651 663 718 730 τῇ
787 659 932 728 ψυχῇ
985 656 1110 718 τοὺς
1159 655 1428 724 ἐμπαθεῖς
1492 651 1784 722 λογισμούς
1819 667 1830 680 ·

255 757 416 826 τρίτη
439 755 516 820 δὲ,
545 753 606 806 τὸ
627 751 726 815 τὰς
763 749 976 822 μορφὰς
1005 749 1114 800 τῶν
1155 746 1448 816 γυναικῶντ
1483 745 1576 796 καὶ
1604 746 1711 796 τῶν
1738 745 1831 796 λυ-

262 849 552 920 πησάντων
580 843 806 907 ἀπαθῶς
837 843 1060 911 θεωρεῖν
1087 841 1228 892 κατὰ
1257 839 1516 892 διάνοιαν.

329 1046 441 1120 ἰι-η’.
484 1049 770 1116 Ἀκτήμων
807 1043 956 1097 ἐστὶν
1007 1042 1034 1093 ὁ
1069 1038 1478 1109 ἀποταξάμενος
1533 1037 1668 1089 πᾶσι
1723 1037 1834 1098 τοῖς

261 1141 600 1212 ὑπάρχουσιν
634 1133 782 1204 αὐτῷ
809 1174 822 1197 ,
856 1133 952 1186 καὶ
1010 1129 1174 1201 μηδὲν
1218 1127 1280 1180 τὸ
1329 1126 1548 1180 σύνολον
1593 1125 1688 1178 ἐπὶ
1731 1125 1838 1193 γῆς

261 1232 598 1301 κεκτημένος
639 1228 776 1295 πλὴν
805 1225 898 1278 τοῦ
927 1224 1182 1294 σώματος
1211 1238 1224 1253 ·
1263 1221 1358 1274 καὶ
1389 1221 1490 1290 τὴν
1526 1220 1664 1289 πρὸς
1704 1219 1836 1294 orbae

256 1323 316 1376 δὲ
375 1323 558 1393 σχέσιν
603 1319 924 1390 διαρρήξας,
952 1316 1027 1386 τῷ
1053 1313 1176 1384 Θεῷ
1199 1314 1292 1366 καὶ
1319 1314 1432 1375 τοῖς
1461 1310 1712 1364 εὐσεϐέσι
1739 1309 1837 1380 τὴν

259 1413 450 1469 ἑαυτοῦ
482 1413 902 1467 κατεπίστευσεν
923 1407 1258 1478 οἰκονομίαν.

331 1587 438 1642 πθ’.
463 1587 582 1640 Τῶν
618 1585 917 1656 κτωμένων
964 1584 1014 1636 οἱ
1058 1583 1156 1654 μέν
1186 1580 1412 1644 ἀπαθῶς
1445 1580 1718 1634 κτῶνται·
1757 1580 1840 1632 διὸ

259 1684 357 1736 καὶ
387 1681 734 1752 στερούμενοι
765 1678 976 1742 αὐτῶν,
1007 1678 1068 1730 οὐ
1127 1676 1424 1730 λυποῦνται
1452 1687 1466 1704 ⁸
1505 1675 1578 1738 ὡς
1625 1677 1676 1728 οἱ
1731 1677 1832 1745 τὴν

253 1774 515 1843 ἁρπαγὴν
544 1773 650 1826 τῶν
679 1771 1033 1842 ὑπαρχόντων
1071 1770 1256 1832 αὐτοῖς
1293 1768 1430 1838 μετὰ
1461 1770 1634 1838 χαρᾶς
1665 1785 1833 1840 προσ-

256 1866 560 1935 δτξάμενοι.
590 1866 652 1916 Oi
683 1864 738 1917 δὲ
773 1862 1036 1933 ἐμπαθῶς
1067 1861 1309 1915 κτῶνται
1337 1875 1352 1890 ⁸
1379 1861 1513 1914 διότι
1549 1861 1835 1932 μέλλοντες

258 1957 592 2027 στερεῖσθαι,
633 1955 924 2025 περίλυποι
983 1955 1230 2023 γίνονται
1270 1971 1282 1986 ·
1313 1953 1390 2015 ὡς
1419 1953 1446 2006 ὁ
1473 1955 1529 2006 ἐν
1559 1952 1636 2023 τῷ
1664 1954 1837 2020 Εὐαγ-

255 2051 424 2120 γελίῳ
439 2049 708 2112 πλούσιος,
742 2047 980 2114 ἀπῆλθε
1002 2047 1405 2112 λυπούμενος.
1435 2045 1493 2096 Ei
1519 2043 1572 2096 δὲ
1591 2044 1686 2096 καὶ
1713 2061 1834 2096 στε-

261 2139 502 2208 ροῦνται,
554 2138 718 2208 μέχρι
771 2137 1002 2189 θανάτου
1055 2135 1368 2188 λυποῦνται.
1399 2133 1504 2187 Τοῦ
1556 2132 1647 2188 οὖν
1699 2136 1838 2188 ἁπα-

257 2229 387 2292 θοῦς
439 2230 530 2282 καὶ
581 2229 674 2281 τοῦ
725 2227 1008 2298 ἐμπαθοῦς
1055 2227 1153 2296 τὴν
1202 2226 1442 2280 διάθεσιν
1529 2228 1562 2295 ή
1643 2227 1838 2296 στέρη-

259 2337 345 2383 σις
382 2319 612 2389 ἐλέγχει.

329 2501 399 2564 ἰαί.
434 2497 570 2558 Τοὺς
621 2495 718 2564 μὲν
762 2495 948 2562 ἄκρως
1021 2495 1491 2564 προσευχομένους
1679 2497 1836 2548 πολε-

257 2586 452 2658 μοῦσιν
491 2587 540 2639 οἱ
572 2585 844 2654 δαίμονες,
901 2584 986 2636 ἴνα
1029 2583 1097 2636 τὰ
1132 2585 1378 2654 νοήματα
1410 2583 1517 2636 τῶν
1567 2586 1838 2653 αἰσθητῶν

255 2679 600 2749 πραγμάτων
657 2675 788 2745 ψιλὰ
823 2677 895 2746 μὴ
932 2675 1392 2744 άναλαμϐάνωσι·
1431 2678 1558 2738 τοὺς
1603 2677 1658 2727 δὲ
1701 2695 1840 2744 γνω-

257 2772 498 2835 στικοὺς,
537 2771 622 2822 ἵνα
661 2769 1047 2838 ἐγχρονίζωσιν
1073 2768 1131 2819 ἐν
1161 2767 1346 2830 αὐτοῖς
1377 2769 1424 2820 οἱ
1456 2768 1726 2837 ἐμπαθεῖς
1756 2767 1840 2820 λο-

253 2861 444 2930 γισμοί
469 2877 482 2886 ·
509 2861 632 2922 τοὺς
661 2859 716 2912 δὲ
753 2859 878 2930 περὶ
911 2859 1008 2928 τὴν
1041 2857 1238 2927 πρᾶξιν
1264 2856 1720 2927 ἀγωνιζομένους,
1756 2857 1842 2910 ἵνα

253 2953 520 3006 πείσωσιν
572 2953 768 3014 αὐτοὺς
803 2951 922 3004 κατ’
967 2951 1250 3018 ἐνέργειαν
1279 2949 1648 3018 ἁμαρτάνειν·
1679 2949 1840 3002 παντὶ

247 3041 314 3094 δὲ
331 3041 514 3111 τρόπῳ
559 3041 690 3112 πρὸς
713 3041 922 3102 πάντας
945 3038 1326 3106 ἀγωνίζονται,
1349 3039 1436 3092 ἵνα
1459 3039 1564 3091 ἀπὸ
1589 3037 1682 3092 τοῦ
1703 3039 1838 3092 Θεοῦ

251 3135 310 3187 oi
332 3133 548 3188 δείλαιοι
573 3137 698 3198 τοὺς
733 3131 1054 3203 ἀνθρώπους
1081 3131 1380 3201 χωρίσωσι.

327 3396 436 3460 ιιαν.
471 3393 534 3444 Oi.
582 3389 724 3444 κατὰ
765 3389 857 3442 τὸν
889 3389 1002 3460 βίον
1040 3387 1228 3442 τοῦτον
1255 3389 1360 3442 ὑπὸ
1391 3387 1488 3456 τῆς
1513 3387 1662 3451 θείας
1707 3406 1834 3458 προ-

251 3482 405 3545 νοίας
437 3485 516 3546 είς
546 3483 829 3536 εὐσέϐειαν
879 3479 1370 3550 ἐγγυμναζόμενοι,
1400 3479 1492 3532 διὰ
1529 3480 1636 3532 τῶν
1668 3480 1835 3551 τριῶν

249 3573 460 3627 τούτων
481 3573 802 3646 πειρασμῶν
831 3571 1240 3642 δοκιμάζονται’
1271 3567 1404 3635 οἷον,
1437 3571 1469 3642 ἦ
1502 3571 1590 3624 διὰ
1607 3574 1704 3640 τῆς
1727 3572 1834 3626 τῶν

251 3665 424 3735 ἡδέων
455 3665 673 3729 δόσεως,
706 3665 782 3727 ὡς
811 3665 902 3716 ἐπὶ
933 3661 1121 3730 ὑγείας
1154 3663 1248 3715 καὶ
1289 3662 1518 3724 κάλλους
1550 3663 1644 3716 καὶ
1689 3664 1838 3716 εὐτε-

327 3800 372 3832 ⁶⁸
409 3799 574 3854 Hebr.
608 3815 661 3862 χ,
695 3798 782 3851 5i.
860 3797 904 3828 ⁰⁶
937 3795 1130 3849 Matth.
1167 3812 1275 3858 XIX,
1309 3793 1396 3848 9.2.

252 3939 518 4012 ponitque
551 3939 786 4012 Targum
809 3935 1216 4012 aneloslytm
1237 3937 1414 4012 ﬂet-bis
1451 3938 1690 4012 amaris;
1725 3937 1832 3992 sic-

253 4005 364 4080 que
396 4005 571 4080 etiam
603 4005 713 4080 Leo
737 4007 908 4080 Judas
937 4007 1002 4080 in_
1038 4006 1192 4080 Bibl._
1237 4005 1460 4076 Tigur.;
1504 4007 1831 4080 Cyprianus,

252 4075 386 4136 Cum
409 4079 691 4148 picridibus
747 4075 1415 4148 edentLSyxtuinterpr.
1463 4075 1625 4145 paulo
1691 4076 1834 4148 forte

254 4143 566 4218 religiosior
593 4147 884 4218 retinenda
913 4143 1098 4218 phrasi
1128 4143 1538 4218 Graeca—,suﬁer
1588 4147 1832 4215 pierides.

253 4217 595 4290 Significarii
627 4232 800 4287 genus
853 4217 1080 4290 herbae,
1133 4223 1190 4270 et
1239 4217 1464 4290 quidem
1511 4225 1727 4290 agreste
1779 4227 1835 4273 et

253 4287 523 4354 amarum,
551 4289 688 4342 citra
719 4287 1278 4357 controversiam‘est.
1305 4287 1492 4342 Genus
1537 4287 1715 4357 intybi
1745 4295 1831 4341 est

1945 471 2268 526 monachos.
2308 471 2384 524 Ac
2417 471 2632 538 primus
2656 469 2880 538 quidem
2905 479 3008 534 est,
3047 471 3184 524 nihil
3227 479 3354 526 actu
3393 487 3521 542 re:-

1943 579 2088 626 care,
2134 571 2300 630 atque
2339 575 2506 629 opere
2541 577 2556 612 :
2587 561 2726 614 alter
2758 577 2912 626 vero,
2951 561 3280 617 libidinosas
3309 571 3366 618 et
3399 577 3517 616 cum

1944 651 2144 706 affectu
2171 650 2536 719 cogitationes
2573 649 2626 702 in
2653 649 2840 703 animo
2885 652 3090 704 morari
3143 667 3254 706 non
3289 651 3472 706 sinere
3503 669 3517 706 :

1945 743 2162 806 tertius,
2207 741 2499 796 mulierum
2535 741 2682 809 ipsas
2727 741 2954 806 formas,
2985 759 3052 797 ac
3080 759 3274 798 eorum
3305 743 3400 813 qui
3433 745 3520 798 in—

1937 835 2084 904 juria
2123 833 2418 894 laeserunt,
2473 832 2622 886 nulla
2702 831 2934 887 libidine
2989 849 3054 888 ac
3100 834 3522 902 perturbatione

1943 933 2128 978 mente
2157 925 2499 992 conspicere.

2013 1017 2104 1072 88.
2139 1018 2354 1086 Pauper
2387 1024 2474 1070 est
2506 1015 2644 1068 nihil
2699 1015 2940 1081 habens,
2987 1019 3082 1087 qui
3121 1019 3380 1073 omnibus
3407 1021 3526 1074 suis

1945 1107 2304 1162 facultatibus
2333 1107 2767 1174 abrenuntiavit,
2811 1109 3060 1178 nihilque
3089 1127 3322 1180 prorsus
3355 1127 3523 1180 super

1947 1208 2174 1264 terram,
2209 1211 2440 1268 excepto
2476 1199 2743 1254 duntaxat
2777 1215 3034 1271 corpore,
3069 1204 3353 1270 possidet:
3394 1219 3524 1274 erga

1945 1294 2091 1362 quod
2121 1293 2286 1346 etiam
2330 1293 2564 1362 abrupto
2591 1291 2742 1346 omni
2782 1293 2982 1347 ati‘ectu
3017 1309 3080 1348 ac
3105 1295 3354 1359 libidine,
3399 1311 3534 1350 sua-

1947 1400 2068 1437 rum
2115 1383 2240 1436 vitae
2287 1383 2564 1436 rationum
2607 1383 3028 1454 dispositionem
3059 1401 3122 1440 ac
3155 1401 3368 1452 curam,
3415 1386 3523 1442 Deo

1945 1476 2162 1544 piisqne
2189 1474 2322 1528 viris
2344 1474 2710 1528 concredidit.

2015 1567 2103 1621 89.
2137 1568 2342 1620 Eorum
2397 1567 2490 1636 qui
2541 1567 2746 1620 habent
2791 1568 3193 1637 possessiones,
3254 1570 3348 1624 alii
3403 1571 3522 1624 sine

1949 1652 2148 1706 aﬂ‘ectu
2206 1669 2268 1706 ac
2314 1653 2546 1708 libidine
2583 1653 2807 1718 habent,
2847 1656 2994 1711 unde
3024 1665 3079 1712 et
3111 1658 3326 1712 illarum
3359 1660 3523 1713 amis—

1869 1737 1906 1796 B
1941 1744 2097 1796 sione
2133 1760 2238 1795 non
2273 1745 2500 1798 dolent:
2537 1745 2688 1798 velut
2719 1745 2798 1798 illi
2827 1747 2920 1815 qui
2967 1763 3094 1801 cum
3139 1749 3342 1818 gaudio
3373 1751 3520 1820 rapi-

1939 1849 2066 1888 nam
2143 1835 2410 1888 bonorum
2457 1851 2683 1890 suorum
2744 1847 3106 1906 susceperunt
3149 1840 3234 1903 ⁰⁵;
3289 1841 3382 1894 alii
3431 1856 3524 1894 au-

1939 1935 2046 1980 tem
2103 1943 2225 1980 cazn
2285 1929 2484 1980 ati‘eetu
2529 1944 2592 1982 ac
2645 1928 2874 1982 libidine
2917 1929 3122 1982 habent
3165 1930 3310 1984 unde
3341 1931 3512 1986 etiam

1939 2031 2064 2070 cum
2097 2018 2204 2070 illis
2229 2019 2480 2086 privandi
2521 2020 2652 2076 sint,
2681 2020 2886 2072 morosi
2916 2019 3056 2072 fiunt
3086 2035 3148 2072 ac
3173 2021 3393 2085 tristes;
3429 2035 3524 2074 ve-

1939 2109 2022 2162 llit
2051 2109 2204 2162 dives
2241 2110 2329 2162 ille
2379 2110 2432 2162 in
2465 2110 2760 2178 Erangclio
2789 2128 2800 2162 :
2827 2109 2968 2163 Abiit
3004 2113 3171 2164 tristis
3203 2114 3247 2144 ⁵⁸
3311 2131 3322 2165 :
3377 2129 3442 2168 ac
3474 2113 3518 2168 si

1939 2200 2120 2268 reipsa
2153 2201 2357 2268 privari
2388 2201 2703 2271 contigerit,
2733 2203 2800 2256 ad
2841 2213 3074 2258 mortem
3105 2221 3281 2274 usque
3307 2206 3518 2261 dolent.

1939 2291 2248 2346 Libidinosi
2281 2307 2412 2362 ergo
2459 2304 2514 2347 ct
2547 2309 2656 2346 non
2703 2293 2990 2349 libidinosi
3045 2297 3311 2361 animant,
3345 2301 3523 2370 arguit

1940 2392 2104 2450 atque
2129 2386 2382 2453 expiorat
2413 2386 2488 2438 rei
2518 2386 2634 2454 ipsa
2667 2385 2926 2454 privatio.

2010 2474 2172 2544 425
2204 2475 2292 2529 90.
2321 2476 2428 2530 Eos
2451 2477 2544 2544 qui
2572 2492 2890 2546 supremum
2923 2493 2986 2532 ac
3011 2481 3366 2550 purissimum
3399 2497 3522 2552 pre-

1941 2565 2100 2616 camli
2127 2580 2298 2632 genus
2330 2573 2741 2629 consectantur,
2771 2566 3094 2637 impugnant
3127 2569 3423 2636 daemones,
3455 2585 3522 2626 ne

1943 2669 2132 2708 rerum
2173 2656 2226 2708 in
2279 2671 2503 2710 sensum
2549 2655 2862 2712 cadentium
2913 2661 3090 2714 nudas
3140 2662 3522 2732 simplicesque

1942 2746 2126 2798 animo
2163 2747 2402 2800 rationes
2429 2763 2698 2817 sensuque
2723 2751 3178 2820 apprenhendant
3202 2770 3214 2804 :
3240 2754 3523 2811 studentes

1943 2844 2128 2890 autem
2164 2837 2406 2892 scientia:
2437 2854 2500 2892 ac
2533 2841 3007 2909 contemplationi,
3036 2851 3096 2896 ut
3125 2843 3434 2900 libidinosa:
3467 2855 3523 2901 et

1944 2943 2070 2982 cum
2119 2929 2320 2982 affectu
2367 2931 2728 2998 cogitationes
2775 2934 2830 2986 in
2866 2933 2948 2988 eis
2997 2949 3206 2988 moram
3257 2937 3520 2990 trahant:

1945 3033 2038 3072 eos
2079 3019 2320 3087 denique
2368 3019 2464 3090 qui
2513 3021 2569 3074 in
2613 3021 2831 3077 actione
2878 3033 3156 3078 certamen
3199 3023 3422 3092 habent,
3463 3037 3524 3082 ut

1867 3088 1912 3142 (ἶ
1947 3119 2069 3164 actu
2115 3125 2176 3164 ac
2213 3111 2334 3180 ipso
2367 3088 2530 3181 opere
2567 3127 2796 3182 peccare
2826 3115 3112 3169 suadeant.
3151 3115 3310 3170 Omni
3337 3088 3522 3172 autem

1947 3204 2111 3258 modo
2159 3205 2426 3260 adversus
2476 3223 2688 3272 omnes,
2726 3209 2978 3262 scelerati
3027 3208 3316 3265 decertant
3359 3221 3522 3282 atque

1945 3295 2248 3360 luctantur,
2287 3306 2349 3350 ut
2379 3297 2628 3352 homines
2653 3313 2682 3350 a
2711 3299 2822 3353 Deo
2854 3299 3173 3370 abjungant.

2015 3385 2104 3438 91.
2141 3385 2248 3450 Qui
2286 3387 2342 3440 in
2383 3387 2488 3442 hac
2533 3388 2754 3442 mortali
2787 3389 2922 3452 vita,
2959 3389 3146 3443 divina
3179 3391 3524 3458 providentia

1941 3475 2008 3530 ad
2041 3477 2304 3545 pietatem
2329 3486 2678 3542 exercentur,
2711 3478 2914 3547 triplici
2935 3478 3038 3533 hac
3069 3481 3372 3534 tentatione
3395 3497 3524 3550 pro—

1941 3569 2167 3625 bantur.
2201 3571 2298 3626 Vel
2328 3571 2474 3640 quod
2509 3572 2826 3626 tribuantur
2857 3588 2978 3641 qua:
3005 3572 3184 3626 dulcia
3209 3584 3356 3638 sunt,
3391 3583 3524 3642 puta

1943 3665 2180 3730 sanitas,
2235 3665 2622 3734 pulchritudo,
2675 3666 2912 3736 ingenua
2967 3667 3256 3736 amplaque
3309 3669 3520 3738 proles,

1943 3938 2204 3992 carnibus
2235 3937 2500 4008 etlarido.
2541 3937 2756 4008 Egregii
2782 3939 3281 4007 verointerpretes.
3319 3941 3520 4008 quibus

1943 4009 2024 4062 sic
2048 4009 2212 4063 liceat
2241 4009 2294 4061 in
2317 4007 2486 4060 sacris
2522 4007 2734 4068 ludere,
2782 4008 2864 4060 vel
2895 4016 3172 4076 stuporem
3206 4007 3520 4064 ostendere.

1940 4079 2058 4132 Non
2097 4079 2253 4133 licuit
2297 4077 2540 4131 Hebraeis
2593 4079 2927 4145 proiecturis
2979 4093 3150 4146 panes
3180 4093 3440 4147 coquere,
3466 4091 3524 4136 et

1939 4149 2098 4203 licuit
2121 4149 2449 4203 salsamenta
2475 4163 2668 4216 parare
2695 4149 2706 4200 l

2015 4218 2084 4290 (ρ)
2123 4220 2280 4290 Τρεῖς
2309 4221 2466 4290 εὶσιις
2508 4217 2717 4290 ⁸τίθιξιαὶ
2767 4216 3168 4290 καταστάσεις
3206 4219 3523 4290 γενικώτε-

1935 4287 2071 4354 ραι.⁷
2103 4289 2362 4342 Videatur
2397 4287 2590 4356 triplex
2619 4287 2720 4340 iste
2749 4287 3122 4340 exercentium
3152 4289 3222 4342 ad
3261 4287 3518 4357 pietatem

254 4359 464 4430 πικρίς,
492 4358 808 4432 redditque
834 4355 977 4432 Gaza
1020 4355 1166 4425 apud
1216 4355 1381 4432 grist:
1440 4365 1496 4432 et
1553 4355 1830 4425 Tlieoplir.
1869 4377 1910 4432 ο
1941 4359 2144 4432 gradus
2184 4375 2246 4413 ac
2276 4355 2798 4432 status,e_xplicatio
2833 4359 2950 4426 ejus
3001 4359 3150 4432 quod
3177 4355 3390 4413 dixerat
3427 4377 3519 4416 su-

255 4425 645 4499 amaraginem.
678 4425 819 4499 Plin.
869 4425 967 4480 lib.
991 4443 1122 4499 tux,
1152 4427 1256 4499 e.8
1283 4445 1294 4479 :
1333 4425 1623 4499 Pessimum
1651 4443 1832 4499 genus

254 4517 372 4552 cum
399 4497 802 4568 exprobratione
830 4497 1208 4568 amaritudinis
1230 4497 1583 4568 appellavere
1607 4497 1830 4566 picrida.

255 4569 438 4623 Diosc.
464 4564 532 4624 'l.
591 4585 650 4632 ll,
697 4567 798 4621 160
824 4587 836 4618 :
863 4567 1034 4634 Σέρας
1099 4564 1281 4636 oraui},
1308 4564 1392 4619 ’ὧν
1423 4569 1454 4632 ἡ
1533 4564 1630 4636 μὲν
1665 4568 1832 4636 ἀγρία

258 4640 463 4708 πικρὶς,
521 4641 553 4708 ἡ
611 4640 705 4690 καὶ
739 4635 998 4708 κιχώριον
1048 4635 1387 4708 καλονμὲνηε
1427 4635 1830 4708 Εειλίῐιιγὺὺιη

256 4705 565 4776 agreste,in
592 4723 702 4776 quo
721 4706 948 4777 perinde
985 4721 1048 4758 ac
1083 4705 1423 4777 inplacentis
1477 4705 1834 4762 informenta-

259 4775 350 4842 tis,
375 4779 550 4832 voluit
579 4775 738 4831 Dens
775 4775 1156 4846 repraesentati
1205 4775 1612 4830 festinationem
1681 4778 1832 4831 illam

257 4864 510 4916 egressus
531 4865 598 4904 ex
631 4845 1059 4919 Egypto,_quasi
1089 4846 1446 4900 tumultuarie
1465 4855 1520 4900 et
1571 4846 1835 4919 i_mprovi-

258 4935 314 4972 se
343 4919 493 4972 nullo
519 4919 586 4973 ad
627 4916 838 4972 tantum
887 4917 993 4970 iter
1058 4925 1390 4980 commeatu,
1425 4932 1523 4986 per
1554 4916 1834 4987 IEgyptio-

259 5004 380 5040 rmn
416 4988 810 5057 expellentium
842 4987 991 5058 vimx:
1027 4993 1089 5040 ut
1115 4994 1456 5058 cunisatyrze
1487 4987 1672 5041 herbae
1722 5003 1832 5042 non

260 5055 738 5138 siipp.etc'rent_,__ex
764 5055 1074 5138 agrestibus
1092 5055 1406 5138 supplenda
1433 5055 1602 5138 fuerit
1621 5073 1832 5138 _earum

261 5125 442 5196 inopia
477 5147 488 5180 :
517 5145 584 5182 ex
615 5129 710 5182 illo
740 5125 952 5182 scilicet
973 5125 1144 5196 intybi
1167 5141 1387 5194 genere,
1415 5127 1560 5195 quod
1583 5128 1652 5180 ab
1687 5143 1834 5181 ama-

263 5198 500 5252 ritudine
526 5213 726 5252 nomen
743 5198 927 5262 habet,
965 5197 1206 5264 satisque
1247 5197 1426 5265 ipsum
1452 5198 1672 5252 salubre
1701 5209 1785 5252 est
1817 5215 1829 5251 :

261 5269 416 5335 cujus
459 5269 684 5321 multam
716 5268 932 5336 copiam
973 5267 1026 5319 in
1061 5265 1292 5336 Aigypto
1317 5267 1494 5336 potuit
1518 5283 1660 5330 esse,
1694 5283 1840 5336 pene-

257 5337 366 5406 jam
391 5337 616 5392 ineunte
640 5335 850 5400 aestate,
873 5351 970 5406 pro
991 5335 1226 5406 regionis
1250 5335 1396 5406 illius
1419 5337 1834 5406 temperie,cum

263 5405 516 5462 Hebraeos
539 5407 716 5474 primo
743 5405 930 5476 mense
951 5421 1014 5460 ea
1036 5405 1262 5476 contigit
1283 5405 1456 5460 exire.
1495 5405 1835 5462 Salsamenta

261 5477 354 5544 qui
389 5477 825 5542 redderet,unus
855 5475 1058 5546 Obsop.
1088 5476 1484 5543 exspectandus
1507 5486 1644 5541 erat,
1677 5477 1836 5546 eique

263 5561 470 5600 morem
489 5562 706 5616 gerens,
728 5547 894 5602 Gesn.
919 5545 1118 5616 Notum
1135 5546 1264 5614 quid
1291 5545 1638 5610 salsamenta,
1687 5545 1838 5615 ταρι-

263 5615 532 5684 χεύματα,
563 5616 614 5669 in
643 5617 887 5684 piscibus
919 5615 1188 5683 pra‘eipue
1223 5615 1390 5678 dicta,
1451 5617 1544 5684 qui
1613 5617 1692 5671 sic
1725 5619 1835 5671 sale

265 5686 602 5740 condiuntur
644 5697 698 5740 et
757 5693 1107 5738 macerantur
1142 5701 1154 5738 :
1187 5687 1518 5754 quandoque
1567 5687 1734 5742 etiam
1783 5689 1834 5744 in

1941 4427 2140 4498 periori
2164 4445 2284 4498 cap.
2315 4427 2584 4498 servanda
2617 4427 2866 4498 quasdam
2895 4428 3154 4483 mandata
3177 4437 3235 4484 et
3258 4445 3520 4498 corpora-

1937 4497 2517 4568 literetspiritaliter;
2571 4497 2884 4568 spiritaliter
2945 4498 3002 4550 δὲ
3043 4499 3310 4568 τρισσῶςο
3360 4497 3517 4568 quod

1939 4584 2050 4622 non
2071 4567 2430 4624 reddiderunt
2455 4567 2659 4634 Obsop.
2695 4577 2750 4622 et
2779 4567 2943 4622 Gesn.
2969 4567 3116 4637 quod
3139 4569 3276 4624 forte
3295 4567 3508 4625 inscitia

1937 4654 2133 4694 vacare
2159 4647 2440 4708 putarent.
2483 4637 2714 4709 Triplex
2744 4653 2876 4706 ergo
2909 4639 3001 4692 illa
3044 4640 3335 4694 moralium
3375 4657 3518 4709 prat—

1938 4707 2224 4779 ceptoru’m
2283 4707 2550 4779 spiritalis
2615 4707 2932 4762 observatio
2985 4709 3087 4762 ista
3127 4719 3251 4775 est;
3302 4707 3518 4763 ut‘neo

1937 4793 2144 4847 Opere.
2205 4795 2308 4833 nec
2359 4793 2578 4833 morosa
2653 4779 2986 4848 cogitatione
3056 4779 3511 4848 transgrediaris,

1937 4851 2346 4916 perfectamuue
2371 4857 2567 4902 nactus
2625 4849 2928 4910 ἀπάθειαν,
3000 4865 3068 4903 ne
3138 4848 3330 4903 formis
3397 4851 3520 4916 qui-

1938 4919 2064 5000 dem
2098 4921 2224 4976 ullis
2273 4917 2530 4990 cogitatis
2567 4917 2754 4974 animo
2795 4918 3050 4974 aﬂieiaris
3077 4929 3174 4972 aut
3226 4919 3520 4988 perturbe-

1937 5005 2033 5043 τις.

2011 5059 2074 5130 (ι’)
2130 5057 2276 5130 Τοὺς
2326 5057 2520 5130 rixpr
2580 5057 3125 5130 apoaevzwérooc.
3183 5056 3516 5126 Supremum

1939 5126 2086 5184 istud
2111 5126 2378 5184 orationis
2409 5143 2603 5198 genus,
2639 5143 2749 5198 quo
2791 5129 2861 5182 sit
2889 5127 3512 5198 indesinenterhorare.

1937 5199 2201 5269 explicuit
2221 5196 2486 5251 Maximus
2511 5214 2560 5252 c.
2593 5196 2680 5269 διξ,
2713 5213 2846 5266 pura
2879 5199 2994 5267 ipsa
3023 5206 3207 5269 mente
3230 5196 3516 5269 adhaeren-

1939 5267 2024 5323 do'
2051 5271 2182 5332 Deo,
2213 5269 2418 5337 absque
2445 5269 2572 5321 ullis
2601 5267 2767 5322 etiam
2799 5283 2982 5320 rerum
3015 5267 3209 5320 formis
3237 5283 3249 5319 :
3276 5267 3368 5337 qui
3407 5274 3516 5337 sta-

1941 5349 2032 5395 tus
2062 5341 2228 5394 etiam
2257 5335 2365 5390 τῶν
2396 5338 2736 5398 Γνωστικῶν,
2777 5345 2832 5390 et
2873 5353 3064 5390 eorum
3098 5337 3192 5406 qui
3236 5335 3514 5406 spiritales

1939 5419 2088 5474 sunt,
2149 5425 2246 5462 seu
2289 5407 2740 5475 contemplationi
2787 5405 3176 5474 impeduntur,
3237 5405 3513 5475 communi

1939 5473 2083 5533 statu
2133 5479 2388 5546 superior
2432 5473 2526 5530 hic
2589 5477 2821 5530 Maximo
2865 5473 3214 5530 insinuatur.
3295 5473 3514 5546 Frigida

1939 5565 2072 5620 ergo
2106 5544 2306 5617 Obsop.
2333 5547 2554 5604 Crebros
2587 5547 2912 5618 precationes
2955 5547 3024 5599 ad
3079 5547 3244 5599 Deum
3291 5544 3513 5613 Inriden-

1943 5627 2035 5673 tes.
