3876 6314
399 214 536 283 1015

1559 212 1598 271 S
1661 211 1950 272 MAXIMI
1989 209 2504 271 CONFESSORIS

3560 205 3714 272 1016

397 332 632 400 divitiae,
655 331 854 402 gloria,
881 339 941 386 et
967 329 1166 385 similia
1199 346 1212 382 :
1245 327 1330 383 vel
1355 326 1502 397 quod
1533 327 1708 382 tristia
1739 325 1986 380 inferan—

2116 326 2249 388 ενίας
2277 327 2374 379 καὶ
2404 324 2703 397 χρημάτων
2743 324 2838 378 καὶ
2872 323 3052 392 δόξης,
3092 321 3187 374 καὶ
3211 320 3323 374 τῶν
3368 320 3627 390 ὁμοὶων·
3677 323 3710 390 ἦ

399 441 511 494 tur,
567 433 701 495 puta
725 423 942 478 orbatio
965 422 1294 488 liberorum,
1318 433 1484 490 opum
1507 419 1804 489 gloriaeque
1824 417 1991 471 amis—

395 515 484 571 sio
517 533 532 570 :
565 524 660 570 aut
683 515 925 585 denique
954 530 1054 585 per
1084 527 1148 568 ea
1177 528 1301 584 quae
1329 527 1532 582 corpus
1557 512 1898 574 excruciant,
1932 518 1994 564 ut

397 617 529 662 sunt
573 607 752 662 morbi
799 616 856 662 et
893 615 1194 670 tormenta,
1233 614 1400 675 atque
1435 604 1522 660 bis
1551 603 1775 659 similia.
1809 603 1992 673 Atque

395 696 466 749 ad
487 694 704 765 priores
728 696 977 766 quidem,
1002 696 1080 749 ait
1105 695 1372 752 Dominus
1396 705 1410 748 ‘:
1439 692 1497 750 Si
1520 695 1638 765 quis
1662 710 1767 748 non
1797 710 1995 748 renun-

395 790 495 842 tiat
545 789 786 843 omnibus
835 804 951 860 qua:
998 790 1258 861 possidet,
1313 806 1418 843 non
1469 795 1634 860 potest
1681 803 1826 841 meus
1884 803 1994 841 esse

397 881 690 951 discipulus
730 882 797 937 "’.
831 882 913 936 Ad
957 897 1055 937 eos
1098 890 1284 937 autem
1324 881 1416 950 qui
1468 881 1699 936 secundi
1741 895 1806 935 ac
1845 880 1992 936 tertii

397 969 611 1025 ordinis
648 979 779 1025 sunt
810 988 825 1026 :
857 971 923 1026 In
963 973 1227 1042 patientia
1275 981 1449 1026 vestra
1489 971 1747 1042 possidete
1785 972 1994 1026 animas

395 1068 600 1116 vestras
630 1061 696 1113 ⁸³.

471 1153 562 1209 92.
605 1151 858 1218 Quatuor
889 1153 1042 1215 haec.
1095 1153 1344 1223 corporis
1396 1154 1834 1224 complexionem
1895 1168 1992 1208 seu

403 1252 903 1313 temperamentum
944 1245 1240 1300 immutare
1290 1246 1467 1309 aiunt,
1509 1260 1686 1314 eaque
1732 1245 1992 1300 immuta-

404 1337 557 1392 tione
595 1337 960 1407 cogitationes
1001 1337 1207 1404 animo,
1253 1338 1339 1392 vel
1373 1337 1720 1400 libidinosas,
1757 1337 1846 1391 vel
1882 1351 1992 1391 non

403 1427 766 1492 libidinosas,
837 1429 1188 1492 ministrare;
1240 1429 1503 1484 videlicet
1567 1430 1825 1500 angelos,
1881 1427 1994 1484 dae-

405 1531 618 1583 mones,
663 1518 814 1574 aeris
855 1521 1336 1588 temperationem,
1381 1529 1439 1576 et
1476 1520 1656 1576 victus
1694 1520 1990 1574 rationem.

402 1608 482 1668 Ac
511 1609 737 1679 quidem
760 1610 988 1682 angelos
1029 1612 1187 1673 aiunt
1227 1627 1485 1667 sermone
1512 1614 1838 1678 immutare;
1879 1611 1992 1665 da:-

2094 417 2182 472 διά
2201 418 2303 486 τῆς
2325 419 2433 470 τῶν
2457 417 2715 489 λυπηρῶν
2737 417 3004 484 ἐπιφορᾶς
3031 413 3142 483 (20)
3167 431 3182 444 ’
3213 410 3349 478 οἷον,
3378 416 3711 482 στερήσεως

2093 509 2323 574 τέκνων,
2361 511 2458 563 καὶ
2483 510 2781 580 χρημάτων
2815 509 2905 560 καὶ
2931 506 3090 574 δόξης
3119 522 3131 535 ·
3170 507 3205 574 ἢ
3236 505 3328 557 διὰ
3352 505 3473 558 τῶν
3509 505 3712 567 ὀδύνας

2095 599 2466 670 ἐμποιούντων
2496 598 2573 668 τῷ
2613 598 2824 668 σώματι
2844 615 2858 627 ⁸
2886 591 3018 650 οἷον.
3046 594 3377 665 νοσημάτων
3404 595 3511 646 καὶ
3539 593 3709 663 βα,σὲ-

2095 707 2223 756 νων,
2257 689 2351 745 καὶ
2373 690 2480 742 τῶν
2503 688 2650 759 ἑξῆς.
2687 688 2796 742 Καὶ
2827 687 2964 758 προς
2988 687 3084 756 μὲν
3109 687 3236 748 τοὺς
3261 686 3535 754 πρώτους
3557 687 3709 751 λέγει

2095 784 2124 836 6
2157 781 2362 853 Κύριος
2385 799 2398 811 ·
2420 783 2491 836 Εἴ
2527 799 2618 847 τις
2638 781 2748 835 οὐκ
2779 778 3186 834 ἀποτάσσεται
3220 775 3382 833 πᾶσι
3424 777 3565 841 τοῖς
3601 780 3707 831 ὐπ-

2094 873 2391 944 άρχουσιν
2415 871 2596 937 αὐτῷ,
2625 873 2698 926 οὐ
2739 871 2992 925 δύναταί
3030 886 3148 938 μου
3195 865 3356 924 εἶναι
3393 869 3702 936 μαθητής.

2099 967 2242 1038 Πρὸς
2273 967 2329 1021 δὲ
2358 967 2486 1029 τοὺς
2512 966 2800 1035 δευτέρους
2823 964 2916 1017 καὶ
2939 963 3154 1032 τρίτους
3174 979 3188 992 ·
3235 962 3337 1013 Ἐν
3358 959 3438 1028 τῇ
3467 962 3700 1030 ὑπομο-

2095 1056 2173 1126 νῇ
2205 1057 2374 1126 ὑμῶν
2395 1057 2705 1126 κτήσησθε
2739 1056 2845 1122 τὰς
2877 1054 3082 1124 ψυχὰς
3115 1051 3302 1120 ὑμῶν.

2085 1208 2107 1230 ,
2167 1149 2274 1216 ιιβκ
2304 1149 2384 1201 Τά
2415 1149 2658 1218 τέσσαρα
2685 1147 2863 1202 ταῦτά
2885 1163 3052 1217 φασιν
3085 1146 3382 1201 ἀλλοιῶσαι
3417 1146 3528 1216 τὴν
3566 1148 3676 1215 κρεΞ

2099 1253 2184 1294 σιν
2208 1241 2302 1294 τοῦ
2337 1239 2611 1310 σώματος,
2636 1241 2732 1294 καὶ
2755 1240 2955 1293 διδόναι
2981 1239 3060 1309 τῷ
3101 1239 3179 1309 νῷ
3207 1239 3552 1309 λογισμοὺς,
3595 1241 3703 1290 εἴτε

2096 1331 2366 1402 ἐμπαθεῖς
2393 1333 2460 1384 δι’
2502 1334 2692 1402 αὐτῆς,
2743 1332 2853 1385 εἴτε
2886 1332 3147 1396 ἀπαθεῖς·
3178 1327 3313 1394 οἷον,
3352 1331 3492 1393 τοὺς
3535 1331 3706 1397 ἀγγέ-

2096 1428 2243 1492 λους,
2274 1428 2401 1489 τοὺς
2440 1425 2723 1496 δαίμονας,
2771 1427 2899 1489 τοὺς
2933 1427 3124 1493 ἀέρας,
3180 1424 3281 1493 τὴν
3319 1424 3574 1477 δίαιταν.
3605 1424 3712 1475 Καὶ

2095 1520 2222 1581 τοὺς
2257 1517 2357 1588 μὲν
2409 1517 2674 1585 ἀγγέλους
2721 1515 2867 1587 λόγῳ
2899 1518 3066 1586 φασὶν
3110 1515 3414 1568 ἀλλοιῶσαι
3434 1532 3447 1543 ·
3485 1516 3626 1576 τοὺς
3655 1513 3710 1566 δὲ

2096 1610 2384 1680 δαίμονας,
2421 1609 2491 1662 δι’
2524 1609 2740 1679 ἐπαφῆς
2765 1625 2778 1637 ·
2813 1609 2942 1670 τοὺς
2991 1607 3048 1660 δὲ
3081 1607 3276 1676 ἀέρας,
3307 1608 3437 1668 ταῖς
3470 1604 3710 1675 petua)-

403 1711 600 1754 mones
647 1679 866 1768 autem,
913 1711 1122 1758 attactu
1175 1709 1272 1762 seu
1322 1702 1791 1767 contrectatione;
1845 1701 1994 1756 aeris

2116 1679 2220 1764 ιαῖς
2237 1719 2250 1733 ο
2277 1701 2376 1772 τὴν
2405 1701 2464 1754 δὲ
2494 1700 2726 1764 δίαιταν,
2755 1703 2876 1763 ταῖς
2901 1699 3012 1752 τῶν
3041 1698 3352 1770 βρωμάτων
3378 1697 3483 1750 καὶ
3524 1696 3708 1766 πομά-

405 1791 889 1860 temperationem,
921 1809 1026 1863 qua
1067 1795 1203 1850 alias
1245 1795 1491 1864 aliasque
1536 1795 1686 1849 subit
1726 1793 1993 1848 mutatio-
2027 1789 2030 1793 ’

403 1891 506 1934 nes
539 1895 552 1932 :
591 1879 772 1934 victus
810 1882 1106 1947 rationem,
1147 1899 1401 1938 escarum
1440 1899 1506 1938 ac
1548 1891 1780 1954 potuum
1811 1883 1996 1954 quali—

406 1968 636 2035 tatibus,
664 1969 970 2042 eorumque
1000 1973 1337 2034 abundantia
1364 1991 1428 2029 ac
1455 1975 1767 2045 parcitate;
1797 1983 1998 2044 praeter

407 2058 532 2114 illas
581 2061 1024 2130 immutationes,
1077 2081 1201 2136 quae
1245 2081 1312 2121 ex
1366 2066 1668 2132 memoria,
1715 2067 1994 2137 rebusque

404 2148 542 2203 visis
594 2157 761 2220 atque
809 2154 1016 2211 auditis
1067 2157 1143 2210 illi
1201 2157 1459 2212 accidunt
1503 2175 1516 2211 :
1556 2158 1634 2212 ita
1679 2159 1890 2223 scilicet
1933 2167 1997 2214 ut

405 2239 564 2317 prior
597 2243 818 2299 animus
847 2244 1137 2313 adiciatur,
1168 2263 1236 2303 ex
1278 2249 1366 2314 iis,
1397 2263 1519 2319 quae
1558 2249 1636 2304 illi
1681 2250 1858 2304 tristia
1899 2250 1995 2305 lae-

410 2339 534 2390 tave
563 2333 853 2390 eveniunt.
889 2335 1068 2406 Atque
1105 2353 1172 2395 ex
1217 2338 1305 2393 his
1343 2339 1567 2408 quidem
1611 2339 1844 2396 allectus
1877 2341 1998 2396 ani-

2099 1811 2210 1847 των
2239 1793 2511 1861 ποιότησι,
2549 1791 2644 1844 καὶ
2663 1789 2991 1861 πλεονασμῷ
3012 1791 3109 1844 καὶ
3150 1787 3459 1843 ἐλαττώσει
3481 1805 3495 1818 ·
3528 1788 3708 1858 παρὲξ

2101 1882 2211 1936 τῶν
2238 1881 2326 1935 διὰ
2357 1883 2579 1952 μνήμης
2609 1881 2702 1935 καὶ
2737 1882 2906 1951 ἀκοῆς
2929 1881 3024 1934 καὶ
3069 1880 3315 1950 ὁράσεως
3357 1895 3428 1930 συ
3439 1877 3706 1947 μὸαινου-

2107 1975 2216 2029 σῶν
2248 1974 2385 2044 αὐτῇ
2418 1971 2780 2036 ἀλλοιώσεων,
2804 1970 3272 2042 πρωτοπαθούσης
3292 1970 3398 2038 τῆς
3434 1969 3625 2038 ψυχῆς
3646 1970 3706 2020 ὲι

2101 2065 2210 2120 τῶν
2232 2064 2652 2134 συμπιπτόντων
2688 2065 2824 2134 αὐτῇ
2855 2064 3116 2133 λυπηρῶν
3147 2063 3180 2133 ἢ
3210 2061 3561 2131 χαροπουιῖνδ.
3601 2061 3705 2112 Καὶ

2103 2159 2170 2213 ὲκ
2193 2157 2396 2212 τούτων
2429 2157 2526 2226 μὲν
2556 2157 2842 2226 πάσχουσα
2869 2159 2901 2224 ὴ
2933 2154 3103 2224 ψυχὴ,
3135 2154 3346 2207 ἀλλοιοῖ
3369 2153 3479 2222 τὴν
3508 2152 3703 2221 κρᾶσιν

2103 2250 2197 2304 τοῦ
2233 2248 2512 2318 σώματος·
2566 2250 2631 2301 ἐκ
2683 2248 2743 2300 δὲ
2797 2247 2905 2301 τῶν
2940 2247 3360 2318 προειρημένων
3423 2248 3461 2315 ἡ
3509 2247 3702 2316 κρᾶσις

2104 2341 2488 2412 ἀλλοιουμένη,
2507 2341 2750 2412 ’παρέχει
2780 2339 2858 2412 τῷ
2883 2341 2960 2411 νῷ
2982 2341 3298 2410 λογισμούς.

407 2439 552 2490 mus,
577 2429 828 2497 corporis
863 2438 1358 2501 temperamentum
1387 2435 1671 2503 immutat;
1703 2436 1992 2508 ipsumque
2029 2452 2099 2493 ex
2128 2438 2256 2504 illis,
2286 2455 2408 2508 quae
2469 2439 2617 2494 dicta
2646 2447 2797 2503 sunt,
2857 2438 3094 2493 subinde
3126 2439 3522 2500 immutatum,
3561 2433 3707 2504 cogi-

408 2513 649 2576 tationes
671 2517 856 2572 animo
881 2519 1162 2575 ministrat
1190 2535 1254 2576 ac
1285 2523 1513 2592 praebet.

479 2605 569 2660 9'5.
611 2606 758 2663 Mors
787 2609 1011 2678 quidem
1051 2625 1183 2666 vere
1219 2628 1283 2667 ac
1321 2615 1569 2683 proprie,
1607 2616 1882 2684 separatio
1916 2622 2002 2670 est

405 2709 438 2760 tt
464 2693 580 2750 Deo
617 2713 630 2750 :
663 2697 860 2752 mortis
897 2707 1083 2754 autem
1133 2701 1417 2769 stimulus,
1457 2715 1745 2772 peccatum
1771 2706 1853 2772 ‘9;
1889 2721 2026 2774 quo-

405 2785 654 2852 Adamus
686 2800 965 2860 suscepto,
995 2792 1159 2846 simul
1190 2809 1219 2847 a
1249 2794 1400 2864 ligno
1429 2797 1576 2861 vitae,
1603 2807 1660 2852 et
1683 2813 1712 2851 a
1747 2798 2002 2866 paradiso

403 2891 466 2936 et
507 2883 619 2940 Deo
664 2888 905 2943 extorris
952 2888 1133 2944 factus
1180 2899 1300 2957 est;
1361 2896 1785 2965 necessarioque
1834 2897 2000 2950 etiam

2168 2616 2277 2680 ιιγυ.
2307 2611 2548 2676 Θάνατος
2593 2613 2693 2682 μέν
2746 2613 2862 2666 ἔστι
2908 2613 3114 2682 κυρίως
3151 2613 3179 2665 6
3207 2611 3304 2666 τοῦ
3351 2613 3501 2666 Θεοῦ
3537 2631 3702 2686 χωριο

2100 2704 2268 2774 σμός·
2307 2704 2533 2774 κέντρον
2560 2705 2617 2757 δὲ
2652 2703 2905 2763 θανάτου,
2948 2706 2979 2775 ή
3021 2705 3308 2776 ἀμαρτὶαο
3351 2705 3704 2776 δὸεξὰμεπ

2096 2797 2125 2848 6
2167 2795 2358 2865 Ἀδὰμ,
2387 2795 2524 2865 ὁμοῦ
2560 2794 2654 2848 τοῦ
2681 2797 2781 2866 τῆς
2805 2796 2952 2867 ζωῆς
2977 2797 3158 2861 ξύλον,
3186 2797 3404 2849 καὶτοῦ
3435 2801 3699 2870 παραδεί-

2101 2903 2194 2939 σου
2219 2886 2314 2938 καὶ
2343 2886 2438 2938 τοῦ
2468 2885 2604 2940 Θεοῦ
2649 2887 2928 2958 ἐξόριστος
2967 2888 3159 2957 γέγονε
3181 2907 3194 2918 υ
3232 2885 3277 2956 ᾧ
3317 2891 3700 2963 ἐπηκολούθη-

407 2987 562 3030 mors
599 2978 850 3047 corporis
882 2991 1181 3036 consecuta
1219 2991 1327 3036 est.
1356 2983 1497 3038 Vere
1539 2996 1724 3039 autem
1752 2987 1866 3040 vita
1888 2995 1992 3051 est,

2116 2991 2194 3027 rev
2229 2973 2291 3040 ἐξ
2323 2975 2570 3046 ἀνάγκης
2612 2977 2764 3030 καὶ-ὁ
2800 2977 2896 3031 τοῦ
2947 2977 3200 3048 σώματος
3261 2980 3530 3043 θάνατος.
3584 2983 3698 3053 Zeti;

409 3069 503 3138 qui
539 3071 619 3124 ait
649 3087 663 3125 :
693 3070 808 3141 Ego
833 3089 951 3127 sum
991 3072 1156 3144 426
1193 3076 1303 3129 vita
1327 3077 1395 3129 ⁷ο.
1436 3075 1539 3131 Hic
1569 3077 1833 3143 moriens,
1867 3094 1994 3134 eum

2116 3067 2154 3118 ῑὲ
2179 3067 2384 3137 κυρίως
2442 3068 2590 3120 ἐστὶν
2613 3070 2641 3120 6
2669 3067 2868 3123 εἰπών·
2903 3068 3050 3140 Ἐγώ
3067 3073 3184 3139 ειμι
3204 3071 3244 3138 ἡ
3277 3069 3418 3137 ζωή.
3447 3069 3622 3137 Οὗτος
3648 3076 3698 3126 ἐν

405 3160 504 3232 qui
535 3171 653 3217 erat
680 3172 935 3224 mortuus
961 3165 1028 3218 ad
1058 3166 1226 3219 vitam
1257 3179 1451 3222 rursus
1479 3169 1780 3225 revocavit.

481 3337 569 3392 οι.
611 3336 786 3404 Quem
818 3354 1133 3394 sermonem
1163 3342 1587 3408 conscribimus,
1627 3345 1712 3400 vel
1755 3360 1822 3400 eo
1863 3361 1997 3402 con—

408 3428 711 3486 scribimus
738 3437 798 3485 ut
825 3432 945 3501 ejus
975 3432 1413 3501 meminerimus,
1446 3435 1532 3488 vel
1563 3446 1624 3488 ut
1647 3437 1998 3491 commodum

411 3520 756 3588 referamus;
790 3523 879 3576 vel
928 3524 1095 3582 etiam
1150 3531 1386 3594 utraque
1429 3541 1496 3580 cx
1549 3540 1714 3581 causa
1759 3545 1773 3580 :
1810 3529 1896 3583 vel
1941 3539 2002 3584 ut

413 3611 675 3676 (laninum
725 3613 1057 3683 quibusdam
1108 3615 1433 3682 inferamus,
1475 3617 1560 3672 vel
1614 3621 2002 3678 ostentationis

415 3719 602 3770 causa,
637 3704 722 3759 vel
753 3707 884 3775 quia
916 3707 1271 3762 conscribere
1303 3710 1570 3778 cogimur.

485 3791 574 3846 95.
616 3791 797 3848 Locus
830 3811 1064 3863 pascuae,
1098 3794 1278 3848 virtus
1309 3805 1394 3850 est
1429 3797 1481 3850 in
1527 3798 1745 3853 actione
1785 3801 1998 3870 posita;

413 3899 557 3954 aqua
584 3901 716 3940 vero
740 3886 1059 3942 refectionis
1087 3887 1154 3952 τί,
1187 3901 1366 3940 rerum
1394 3889 1642 3946 scientia.

485 3973 574 4029 96.
615 3976 821 4031 Umbra
873 3977 1068 4032 mortis
1123 3987 1226 4044 est,
1265 3978 1505 4033 humana
1554 3982 1686 4034 vita.
1738 3979 2002 4053 Quisquis

416 4065 584 4134 igitur
616 4081 740 4120 cum
772 4068 886 4122 Deo
924 4077 1198 4135 versatur,
1237 4087 1300 4126 ac
1346 4087 1534 4126 secum
1575 4072 1747 4127 Deum
1780 4091 2004 4130 versan-

421 4164 528 4208 tem
573 4155 768 4222 habet,
821 4157 912 4212 hic
956 4159 1170 4228 liquido
1215 4161 1401 4216 dicere
1453 4172 1630 4232 potest
1673 4165 1858 4219 :Nnm
1907 4169 2003 4222 etsi

419 4247 760 4302 ambulavero
810 4251 866 4306 in
917 4251 1086 4304 medio
1136 4253 1336 4306 umbra:
1393 4257 1610 4321 mortis,
1663 4273 1768 4310 non
1815 4258 2002 4312 timebo

420 4335 588 4400 mala,
617 4340 868 4408 quoniam
896 4348 952 4392 tu
981 4357 1181 4394 mecum
1212 4357 1262 4396 es
1283 4345 1348 4396 τ’.

491 4442 579 4495 97.
623 4442 765 4496 Pura
801 4457 980 4506 mens.
1009 4453 1189 4498 rectas
1233 4459 1318 4499 res
1361 4447 1552 4501 videt:
1590 4451 1999 4522 exercitatoque

419 4532 600 4586 oratio
645 4548 711 4588 ac
753 4535 1025 4588 sermonis
1067 4535 1170 4600 vis,
1211 4551 1332 4605 qua:
1365 4550 1494 4594 sunt
1531 4540 1666 4607 visa,
1708 4543 1812 4597 sub
1844 4560 2000 4615 aspe-

423 4631 572 4677 ctum
603 4625 760 4693 ponit
793 4639 806 4708 _:
835 4624 954 4680 haec
973 4639 1126 4693 vero,
1161 4628 1310 4682 auris
1341 4631 1489 4689 clara
1516 4632 1765 4704 suscipit.
1791 4636 1879 4702 At,
1906 4638 2000 4707 qui

425 4715 602 4770 tibus
651 4714 771 4772 istis
813 4726 985 4784 caret,
1031 4718 1307 4774 dicentem
1353 4721 1630 4793 improbat
1680 4741 1745 4780 ac
1784 4727 1863 4782 illi
1901 4729 2000 4783 de-

424 4808 612 4864 trahit.

498 4883 587 4940 98.
616 4883 754 4943 Cum
780 4889 895 4947 Deo
923 4898 1028 4955 est,
1051 4889 1145 4960 qui
1169 4898 1414 4945 sanctam
1442 4889 1766 4946 Trinitatem
1794 4905 2002 4961 cogno-

424 4980 556 5047 scit,
600 4983 831 5054 ejusque
877 4984 1158 5055 opiﬁcium
1207 4992 1266 5040 et
1312 4985 1749 5056 providentiam;
1791 4984 2000 5055 quique

493 5133 534 5165 ⁸⁷
571 5140 706 5199 Luc.
733 5159 844 5210 xiv,
881 5145 970 5202 55.
1047 5147 1091 5179 ⁸⁸
1123 5146 1257 5208 Luc.
1285 5161 1394 5213 ut,
1432 5147 1517 5200 l9.
1596 5148 1639 5179 δ’
1669 5145 1692 5201 l
1716 5145 1845 5202 Cor.
1876 5163 1964 5213 xv,
1991 5146 2078 5205 56.
2156 5147 2204 5180 "°
2227 5147 2390 5203 toan.
2417 5163 2527 5214 xw,
2556 5148 2608 5203 6.

498 5280 577 5353 (9)
619 5280 724 5334 Ἐν
745 5280 824 5346 τῷ
852 5275 1084 5348 θανάτῳ
1113 5287 1453 5352 γενόμενος.
1493 5285 1550 5340 lu
1603 5293 1778 5339 morte
1822 5300 2004 5340 versa-

427 5357 540 5413 tus,
587 5359 764 5423 morte
815 5353 1186 5423 perfunctus;
1245 5371 1308 5408 ac
1373 5355 1520 5423 quod
1579 5355 1835 5415 reddidi,
1884 5371 2010 5409 mo-

433 5435 600 5491 riens.
661 5421 849 5490 inepta
892 5421 1095 5491 Obsnp.
1153 5421 1590 5488 circumlocutio,

435 5567 547 5610 ῑιιτ.

509 5625 585 5695 (lt)
619 5627 734 5682 Τὸν
752 5631 1028 5698 εἰρηκότα
1052 5632 1283 5692 κακίζει.
1315 5632 1479 5688 Gesn;
1507 5633 1562 5688 in
1589 5633 2014 5705 marg.l'idcntur

2097 3155 2178 3225 τῷ
2211 3155 2429 3226 θανάτῳ
2453 3157 2746 3227 γενόμενος
2772 3158 2870 3228 (g),
2901 3159 2992 3212 τὸν
3035 3161 3395 3230 νεκρωθέντα
3426 3164 3596 3216 πάλιν
3625 3163 3697 3226 sl;

2097 3247 2195 3317 τὴν
2229 3247 2376 3319 ζωὴν
2415 3249 2780 3318 ἐπανήγαγεν.

2171 3339 2272 3405 ιτδν.
2317 3339 2374 3392 Ὀ
2407 3338 2565 3407 λόγος
2605 3339 3146 3411 συγγραφόμενος,ῆ
3190 3341 3332 3411 πρὸς
3363 3341 3471 3412 τὴν
3509 3341 3697 3395 ἑαυτοῦ

2099 3429 2409 3500 ὑπόμνησιν
2459 3431 2853 3501 συγγράφεται,
2907 3429 2940 3500 ἢ
2993 3431 3132 3501 πρὸς
3177 3430 3481 3500 ὠφέλειαν,
3545 3433 3697 3503 ﬁxa!

2101 3522 2287 3590 ἄμφω,
2320 3521 2352 3592 ἢ
2387 3520 2524 3592 πρὸς
2565 3521 2769 3594 ϐλάϐην
2799 3523 2980 3589 τινῶν,
3015 3523 3050 3594 ἢ
3076 3523 3212 3596 πρὸς
3249 3524 3545 3592 ἐπίδειξιν,

2102 3613 2373 3682 ἀνάγκης.

2175 3799 2273 3861 ιιεν.
2310 3794 2484 3856 Τόπος
2513 3795 2840 3866 ἐστὶ.χλόης
2907 3797 2940 3865 ή
2996 3796 3280 3868 πρακτικὴ
3316 3798 3531 3871 ἀρετή·
3560 3800 3692 3872 ὕδωρ

2101 3882 2488 3946 ἀναπαύσεως.
2525 3886 2557 3954 ἡ
2582 3883 2786 3952 γνῶσις
2815 3887 2923 3938 τῶν
2950 3888 3276 3954 γεγονότων.

2173 3975 2288 4044 ιιςν.
2323 3976 2459 4028 Σκιὰ
2482 3975 2713 4029 Θανάτου
2743 3979 2889 4030 ἐστὶν
2919 3979 2951 4049 ἡ
2984 3977 3301 4048 ἀνθρωπίνη
3339 3978 3484 4050 ζωή.
3531 3981 3599 4034 Εἴ
3618 3999 3688 4045 τις

2102 4063 2194 4123 οὖν
2223 4071 2340 4123 ἐστι
2374 4071 2514 4140 μετὰ
2539 4069 2634 4123 τοῦ
2655 4070 2812 4134 Θεοῦ,
2845 4071 2937 4123 καὶ
2958 4072 2986 4123 6
3013 4069 3148 4133 Θεὸς
3185 4074 3305 4140 μετ’
3332 4073 3506 4125 αὑτοῦ
3530 4075 3686 4138 ἐστιν,

2102 4155 2259 4225 οὗτος
2290 4161 2512 4215 δύναται
2564 4163 2737 4215 εἰπεῖν
2760 4162 3006 4233 ἐναργῶς
3037 4161 3116 4226 τὸ,
3182 4164 3319 4217 Ἐὰν
3344 4165 3462 4233 γὰρ
3487 4179 3687 4235 ,πᾳ-νευ-

2104 4253 2186 4310 θῶ
2219 4254 2473 4325 ἐνμέσῳ
2501 4252 2680 4322 σκιᾶς
2713 4255 2993 4323 θανάτου,
3019 4257 3089 4311 οὐ
3131 4257 3566 4328 φοϐηθήσομαι
3599 4277 3688 4312 κα-

2034 4359 2079 4418 ι)
2106 4346 2202 4414 κὰ,
2233 4347 2321 4401 ὅτι
2357 4348 2439 4401 σὺ
2463 4349 2591 4418 μετ’
2625 4348 2772 4416 ἐμοῦ
2801 4345 2874 4402 εἷ.

2173 4439 2278 4507 ιζ’.
2313 4439 2455 4502 Νοῦς
2486 4439 2582 4510 μὲν
2603 4439 2844 4507 καθαρὸς
2871 4439 3007 4511 ὀρθὰ
3057 4440 3244 4511 βλέπει
3269 4442 3342 4494 τὰ
3370 4444 3683 4514 πράγματα·

2102 4530 2262 4599 λόγος
2293 4531 2351 4584 δὲ
2378 4532 2850 4602 γεγυμνασμένος,
2883 4535 2973 4586 ὑπ’
2994 4533 3116 4602 ὄψιν
3152 4533 3276 4600 ἄγει
3305 4535 3377 4586 τὰ
3410 4534 3681 4604 ὁραθένταο

2102 4625 2239 4695 ἀκοὴ
2273 4625 2329 4679 δὲ
2363 4627 2592 4698 λαμπρὰ
2646 4627 2967 4697 ὑποδέχεται
3003 4625 3162 4680 αὐτά..
3207 4627 3266 4680 Ὀ
3294 4627 3356 4680 δὲ
3380 4628 3504 4681 τῶν
3533 4627 3686 4698 τριῶν

2108 4719 2306 4788 ὲστερη
2317 4719 2493 4788 μένος,
2524 4718 2618 4771 τὸν
2643 4719 2904 4789 εἰρηκότα
2932 4718 3149 4782 κακίζει
3185 4717 3286 4790 (In).

2177 4900 2285 4964 κη’.
2314 4895 2468 4949 Μετὰ
2501 4895 2592 4949 τοῦ
2646 4895 2781 4950 Θεοῦ
2830 4897 2978 4950 ἐστιν
3010 4893 3038 4950 6
3082 4897 3181 4968 τὴν
3211 4895 3376 4964 ἀγέαν
3413 4896 3684 4964 γινώσκων

2112 4985 2342 5056 Τριάδα,
2375 4986 2470 5038 καὶ
2518 4985 2616 5056 τὴν
2646 4986 3009 5058 δημιουργίαν
3058 4987 3250 5057 αὐτῆς,
3289 4987 3387 5039 καὶ
3413 4986 3517 5056 τὴν
3567 4984 3685 5054 πρό-

2712 5148 2756 5181 "
2790 5145 2934 5205 Psal.
2966 5161 3098 5213 xm,
3132 5147 3187 5201 2.
3283 5146 3329 5178 ⁷³
3365 5145 3506 5200 ibid.
3536 5144 3588 5200 4.

2114 5286 2223 5339 hazc
2255 5285 2472 5339 obscura
2506 5304 2521 5340 :
2553 5301 2618 5341 ac
2635 5294 2782 5341 certe
2809 5283 3127 5339 obscuravit
3153 5281 3362 5351 Obsop.
3393 5283 3537 5334 mala
3579 5297 3686 5334 ver-

2117 5357 2296 5420 sione,
2337 5371 2462 5411 cum
2488 5357 2604 5426 ipsa
2653 5356 3004 5424 intelligenti,
3053 5362 3125 5408 *et
3181 5362 3239 5407 ut
3290 5351 3533 5414 reddidi,
3588 5352 3685 5405 sint

1682 5424 1744 5478 In
1829 5427 2048 5480 mortis-
2115 5427 2286 5479 clara.
2316 5426 2460 5480 lnsc
2493 5424 2675 5496 itaque
2734 5426 3245 5496 Maximusiverum
3299 5431 3563 5496 expertus
3611 5428 3685 5496 est

432 5490 630 5544 vositus
655 5493 936 5562 angustiis,
967 5490 1078 5563 quo
1123 5509 1226 5548 nec
1274 5510 1402 5548 vere
1451 5505 1705 5548 mortuus
1739 5496 2014 5564 signiﬁce-

2119 5511 2279 5550 suum
2311 5498 2546 5561 axioma,
2577 5490 2637 5548 σὶὸ
2667 5495 2987 5558 κακίζεσθαι
3011 5495 3283 5548 dicentem
3309 5510 3323 5558 ;
3367 5490 3682 5561 reprehein

2119 5566 2331 5620 scilicet
2359 5567 2430 5620 ab
2454 5567 2542 5632 iis,
2575 5567 2777 5635 quibus
2806 5565 2988 5620 desint
3028 5565 3106 5619 illi
3144 5570 3602 5624 commemorata,
3633 5569 3683 5612 ut

2121 5651 2247 5690 eum
2281 5638 2414 5695 satis
2435 5638 2650 5708 assequi
2679 5637 2910 5708 possint.
