3876 6314
104 300 228 364 ῙῡΠ

967 305 1300 365 CAPITUM
1338 304 1434 365 DE
1470 305 1903 366 CHARITATE
1941 287 2487 368 CENTURIA'III.

3199 309 3337 372 1018

104 455 238 490 οοιαν
261 453 273 466 ’
313 435 404 490 καὶ
423 435 482 489 τὸ
507 435 747 507 παθητὸν
777 436 944 508 μέρος
984 438 1083 509 τῆς
1115 437 1295 510 ψυχῆς
1329 438 1538 500 ἀπαθὲς
1576 456 1665 491 κε-

1768 419 2050 489 patibilcm
2093 419 2262 474 animi
2300 428 2514 489 partem
2561 415 2852 476 aﬂ'ectibus
2895 436 3122 476 vacuam
3159 434 3353 481 nactus

101 547 196 597 κτη
206 529 384 597 μένος.

161 617 260 683 1.ιοῖ
293 617 405 686 Τὴν
444 616 636 687 ῥάϐδον
673 618 959 688 σημαίνειν
998 619 1132 688 φασὶ
1189 619 1288 690 τὴν
1343 621 1532 692 κρίσιν
1569 618 1667 690 τὴν

88 709 180 761 τοῦ
202 707 334 760 Θεοῦ
354 723 369 739 ο
396 709 496 777 τὴν
534 709 590 761 δὲ
622 708 948 780 βακτηρίαν,
992 713 1090 780 τὴν
1118 712 1394 782 πρόνοιαν.
1432 710 1539 763 Τοῦ
1573 706 1667 763 οὖν

93 805 184 872 τῆς
229 799 432 852 τούτων
485 799 741 867 γνώσεως
774 801 1162 871 μετειληφότος
1211 803 1327 855 ἐστὶ
1357 801 1418 854 τὸ
1446 801 1624 869 λέγειν
1649 818 1663 832 ·

103 890 388 959 Ἡρἀὃος
418 905 535 944 σου
558 891 658 944 καὶ
681 890 719 958 ἡ
739 892 1046 963 βακτηρία
1063 909 1202 958 σου,
1225 890 1405 950 αὗταί
1417 910 1496 963 με
1518 906 1667 961 παρ-

90 984 409 1040 εκάλεσαν.

157 1075 220 1147 ρ’.
255 1077 385 1132 Ὅτε
418 1079 446 1130 ό
468 1077 588 1140 νοῦς
614 1077 804 1130 παθῶν
833 1077 1118 1148 γυμνωοῇ,
1145 1079 1237 1131 καὶ
1257 1065 1333 1150 ’τῇ
1364 1079 1469 1132 τῶν
1495 1077 1666 1130 ὄντων

88 1167 513 1240 καταλάμπηται
538 1169 764 1240 θεωρίᾳ,
800 1171 921 1223 τότε
951 1168 1174 1224 δύναται
1209 1171 1306 1226 καὶ
1337 1170 1394 1224 ὲν
1425 1168 1543 1240 Θεῷ
1573 1183 1666 1236 γε·

87 1261 287 1328 νέσθαι,
314 1261 408 1315 καὶ
432 1260 508 1324 ὡς
537 1259 620 1314 δεῖ
653 1260 1070 1333 προσεύχεσθαι.

537 1485 545 1492 ’
643 1464 785 1518 ΤΟΥ
830 1461 1079 1517 ΑΥΤΟΥ

390 1555 529 1624 Περὶ
548 1554 775 1625 ἀγάπης
809 1555 974 1623 τρίτη
1003 1553 1346 1620 ἐκατοντάς.

153 1656 220 1704 α’.
273 1650 339 1704 Ἡ
369 1649 468 1718 μὲν
499 1647 721 1715 εῠλογος
751 1647 860 1701 τῶν
883 1646 1174 1716 νοημάτων
1203 1648 1299 1701 καὶ
1346 1646 1455 1701 τῶν
1480 1663 1659 1718 πραγ-

87 1745 272 1815 μάτων
310 1742 524 1814 χρῆσις,
575 1739 929 1811 σωφροσύνης
976 1740 1073 1792 καὶ
1117 1739 1338 1809 ἀγάπης
1382 1740 1476 1793 καὶ
1519 1739 1660 1808 γνώ-

85 1834 218 1898 σεώς
269 1836 387 1887 ἐστι
435 1833 732 1902 ποιητικήο
777 1833 811 1902 ἡ
850 1831 907 1885 δὲ
965 1830 1197 1900 ἄλογος,
1233 1830 1532 1895 ἀκολασίας
1564 1833 1660 1885 καὶ

86 1926 275 1999 μίσους
306 1926 402 1979 καὶ
430 1923 687 1994 ἀγνοίας.,

150 2108 214 2178 β’.
255 2107 615 2176 Ἦτοίμασας
644 2102 904 2158 ἐνώπιόν
942 2120 1064 2173 μου
1117 2100 1427 2170 τράπεζαν,
1460 2100 1554 2154 nat
1591 2099 1660 2154 τά

81 2197 220 2268 ἑξῆς.
275 2196 338 2250 Ἦ
364 2195 612 2264 τράπεζα
639 2192 873 2247 ἐνταῦθα
903 2193 1158 2265 σημαίνει
1210 2193 1310 2261 τὴν
1347 2190 1657 2264 πρακτικὴν

80 2291 305 2362 ἀρετήν.
351 2288 497 2360 Αὕτη
545 2289 652 2358 γὰρ
682 2287 740 2353 eg
779 2286 1027 2350 ἐναντίας
1059 2284 1167 2339 τῶν
1196 2284 1482 2338 Θλιῦόντων
1510 2286 1658 2354 ἡμᾶς

81 2380 224 2450 παρὰ
257 2379 500 2451 Χριστοῦ
533 2378 859 2451 ἡτοιμάσθη.
917 2377 989 2430 Τὸ
1020 2377 1078 2430 δὲ
1101 2377 1280 2430 ἔλαιον
1305 2376 1365 2429 τὸ
1410 2374 1655 2428 λιπαῖνον

79 2471 164 2522 τὸν
191 2471 344 2533 νοῦν,
371 2471 469 2542 τὴν
498 2470 731 2542 θεωρίαν
749 2468 859 2522 τῶν
884 2468 1200 2538 γεγονότων.
1230 2468 1303 2520 Τὸ
1324 2467 1380 2520 δὲ
1400 2470 1657 2536 ποτήριον

79 2561 166 2614 τοῦ
191 2560 334 2614 Θεοῦ
375 2560 483 2632 (i),
517 2561 618 2630 τὴν
645 2561 848 2629 γνῶσιν
875 2560 974 2630 τὴν
1015 2559 1108 2612 τοῦ
1140 2558 1297 2612 Θεοῦ.
1330 2559 1402 2612 Τὸ
1422 2557 1477 2610 δὲ
1510 2557 1657 2621 ἔλεος

78 2653 261 2719 αὐτοῦ,
294 2653 382 2704 τὸν
402 2653 575 2720 Λόγον
603 2652 770 2706 αὐτοῦ
791 2652 886 2704 καὶ
914 2649 1068 2704 Θεόν.
1101 2644 1272 2712 Οῦτος
1300 2649 1409 2720 γὰρ
1442 2648 1531 2703 διά
1555 2647 1657 2718 τῆς

75 2728 547 2816 ὲνανθρωπήσεως
570 2742 734 2796 αὐτοῦ
757 2741 1082 2796 καταδιώκει
1106 2740 1288 2804 πάσας
1301 2741 1400 2804 τὰς
1419 2739 1652 2812 ἡμέρας,

74 2836 174 2900 ἓως
207 2832 270 2889 οὗ
305 2837 514 2898 πάντας
544 2834 828 2906 καταλάϐῃ
848 2835 974 2896 τοὺς
1005 2831 1440 2903 σωθησομένους,
1467 2831 1655 2902 ὥσπερ

71 2928 158 2982 τὸν
189 2926 424 2982 Παῦλον.
445 2928 502 2980 Ὀ
532 2927 589 2980 δὲ
615 2923 784 2990 οἶκος,
811 2927 910 2996 τὴν
933 2925 1232 2995 βασιλείαν,
1265 2918 1377 2997 ὲνῇ
1408 2923 1655 2977 ἀποκαθ-

75 3021 322 3074 ίστανται
360 3021 564 3084 πάντες
624 3023 672 3073 οἱ
698 3021 864 3088 ἆγιοι.
901 3019 968 3071 Ἦ
995 3018 1052 3071 δὲ
1090 3015 1368 3089 μακρότης
1394 3016 1502 3070 τῶν
1523 3018 1655 3088 ἡμε⁹

77 3113 200 3182 ρῶν,
231 3113 336 3184 τὴν
373 3112 589 3166 αἰώνιον
611 3113 778 3182 ζωήν.

139 3206 206 3270 γ’.
243 3206 406 3260 Κατὰ
451 3205 799 3276 παράχρησιν
845 3205 908 3258 αἱ
951 3203 1142 3256 κακίαι
1184 3201 1294 3255 τῶν
1342 3202 1441 3272 τῆς
1473 3201 1652 3272 ψυχῆς

71 3296 352 3368 δυνάμεων
383 3299 511 3368 ἡμῖν
539 3297 1027 3368 ὲπισυμῆαίνουσιν
1047 3312 1060 3324 ·
1092 3291 1225 3360 οἷον,
1254 3298 1350 3368 τῆς
1382 3311 1441 3347 τε
1463 3294 1652 3348 ἐπιθυ-

76 3367 326 3461 μητικῆς,
357 3367 452 3444 καὶ
495 3390 595 3461 τῆς
645 3367 982 3460 θυμοειδοῦς,
1035 3389 1126 3442 καὶ
1156 3389 1255 3458 τῆς
1307 3367 1644 3457 λογιστικῆς.

71 3479 176 3532 Καὶ
196 3481 293 3551 τῆς
327 3479 428 3550 μὲν
451 3479 765 3550 λογιστικῆς
792 3478 1076 3549 δυνάμεως
1101 3477 1445 3550 παράχρησίς
1476 3478 1646 3541 ἐστιν,

68 3573 311 3638 ἀγνωσία
343 3573 440 3626 καὶ
472 3572 754 3643 ἀφροσύνη
780 3587 792 3601 ·
835 3571 935 3641 τῆς
963 3571 1019 3624 δὲ
1050 3571 1366 3639 Θυμοειδοῦς
1406 3569 1497 3622 καὶ
1530 3571 1649 3620 tm-

69 3662 400 3735 θυμητικῆς,
431 3667 585 3735 μῖσος
633 3665 728 3718 καὶ
776 3663 1059 3718 ἀκολασία.
1096 3663 1302 3734 Χρῆπις
1333 3663 1388 3714 δὲ
1418 3662 1644 3728 τούτων,

68 3755 263 3821 γνῶσις
283 3758 386 3810 καὶ
419 3757 682 3826 φρόνησις
703 3799 716 3816 ,
752 3757 942 3826 ἀγάπη
975 3769 1032 3808 τε
1061 3757 1156 3809 καὶ
1184 3755 1524 3824 σωφροσύνη.
1584 3756 1646 3807 Ei.

63 3847 117 3898 δὲ
152 3848 333 3913 τοῦτο,
367 3849 517 3901 οὐδὲν
541 3849 652 3902 τῶν
679 3849 782 3903 ὑπὸ
809 3847 944 3902 Θεοῦ
1003 3847 1328 3901 κτισθέντων
1359 3847 1451 3900 καὶ
1482 3862 1643 3913 γεγο-
1681 3902 1684 3905 λ

62 3940 228 3994 νότων
267 3942 390 3995 ἐστὶ
421 3941 610 3995 κακόν.

127 4033 190 4086 δ’.
222 4038 298 4088 Οὐ
328 4035 400 4086 τὰ
443 4033 704 4103 βρώματα
753 4034 919 4096 κακὰ,
972 4030 1084 4084 ἀλλ’
1128 4030 1641 4102 ἠγαστριμαργία·

57 4127 177 4180 οὶδὲ
199 4128 233 4197 ἠ
267 4126 606 4191 παιδοποιία,
630 4125 744 4178 ἀλλ’
769 4127 802 4195 ἠ
839 4125 1063 4195 πορνεία
1086 4139 1098 4151 ⁸
1121 4125 1242 4178 οὐδὲ
1270 4124 1340 4176 τὰ
1363 4126 1641 4194 χρήματα,

55 4220 171 4272 ἀλλ’
200 4221 234 4291 ἡ
272 4218 609 4290 φιλαργυρία
632 4234 645 4248 ’
678 4217 797 4271 οὐδὲ
835 4219 866 4288 ἡ
900 4217 1045 4282 δόξα,
1074 4265 1080 4271 .
1107 4217 1222 4271 ἀλλ’
1273 4219 1307 4288 ἡ
1343 4217 1636 4282 κενοδοξία.

1773 524 1876 575 est.

1847 607 1934 662 99.
1968 607 2186 677 Virgam
2212 606 2369 661 aiunt
2394 605 2702 675 signiﬁcare
2724 605 2820 660 Dei
2845 605 3114 676 judicium
3145 624 3158 661 :
3184 607 3350 661 bacu-

1773 699 1887 754 lum
1933 712 2099 762 vero,
2155 697 2584 767 providentiam.
2631 697 2762 767 Ejus
2810 713 2962 767 ergo,
3003 699 3095 768 qui
3150 699 3349 753 horum

1772 792 2022 862 percepit
2049 790 2357 854 scientiam,
2384 799 2469 844 est
2498 797 2560 843 ut
2585 789 2732 843 dicat
2759 806 2771 842 :
2800 787 2956 859 Virga
2986 799 3077 843 tua
3104 797 3153 842 et
3186 789 3346 844 bacu-

1770 882 1852 937 lus
1880 891 2022 947 laus,
2045 882 2162 951 ipsa
2189 895 2270 934 me
2299 877 2570 934 consolata
2595 885 2719 931 sunt
2746 875 2816 930 ".

1842 1071 1961 1126 100.
2005 1070 2108 1126 Ubi
2152 1085 2308 1124 mens
2349 1068 2554 1124 nudata
2583 1066 2896 1131 affectibus,
2930 1081 3115 1121 rerum
3151 1080 3346 1135 specu-

1765 1161 1972 1217 latione
2015 1160 2452 1226 collustrabitur,
2477 1166 2593 1226 tum
2629 1171 2754 1214 cum
2776 1158 2889 1212 Deo
2917 1155 3150 1221 versari,
3180 1162 3256 1220 et,
3285 1160 3345 1209 ut

1765 1260 2005 1322 oportet,
2043 1265 2202 1308 orare
2241 1251 2466 1324 poterit.

2379 1429 2706 1487 EIUSDEM

2002 1525 2079 1582 De
2110 1525 2371 1580 charitate
2403 1525 2554 1577 tertio
2589 1528 2807 1575 centena
2837 1520 3033 1590 capita.

1687 1651 1736 1716 Β
1834 1621 1887 1674 1.
1925 1617 2274 1675 Conveniens
2320 1630 2388 1669 ex
2431 1614 2645 1668 ratione
2686 1609 3081 1680 cogitationum
3116 1621 3338 1662 rerumo

1761 1726 1868 1783 que
1903 1725 1968 1765 ac
1993 1708 2338 1779 negotiorum
2369 1719 2524 1769 usus,
2566 1702 2983 1772 temperantiam
3021 1715 3085 1755 ac
3117 1698 3341 1752 castita-

1760 1813 1906 1868 tem,
1958 1801 2282 1856 charitatem
2334 1806 2391 1852 et
2436 1794 2726 1850 scientiam
2777 1793 2970 1862 parit:
3008 1790 3103 1860 qui
3151 1796 3337 1843 autem

1757 1893 2020 1947 abhorret
2065 1906 2096 1944 a
2139 1889 2374 1954 ratione,
2408 1884 2912 1954 intemperantiam,
2952 1881 3252 1952 odiumque
3281 1889 3339 1937 et

1758 1984 2144 2057 ignorantiam.

1825 2075 1881 2130 2.
1942 2074 2158 2130 Parasti
2213 2073 2270 2126 in
2330 2077 2605 2140 conspectu
2661 2083 2775 2121 meo
2832 2080 3070 2119 mensam
3103 2063 3172 2130 ⁷⁸,
3225 2071 3335 2121 etc.

1757 2165 1943 2222 Mensa
1979 2166 2070 2221 hic
2094 2166 2357 2220 virtutem
2391 2160 2685 2232 signiﬁcat,
2711 2173 2832 2228 quae
2858 2156 3075 2211 actione
3099 2156 3332 2226 geritur.

1757 2257 1884 2314 Haec
1913 2259 2064 2314 enim
2097 2273 2128 2311 a
2160 2255 2382 2312 Christo
2411 2260 2603 2323 parata
2633 2258 2737 2316 est,
2766 2263 2834 2304 ex
2870 2249 3105 2303 adverso
3138 2262 3334 2302 eorum

1757 2341 1852 2421 qui
1899 2349 2169 2404 tribulant
2210 2361 2333 2402 nos.
2377 2344 2571 2400 Oleum
2617 2349 2803 2396 autem
2848 2348 3088 2394 mentem
3125 2339 3332 2408 impin-

1757 2457 1958 2515 gua‘ns,
1995 2457 2180 2498 rerum
2231 2447 2539 2495 creatarum
2587 2434 3042 2506 speculationem.
3073 2432 3171 2486 Dei
3198 2447 3334 2488 vero

1757 2535 1919 2597 calix,
1951 2533 2048 2587 Dei
2082 2529 2452 2600 cognitionem
2491 2542 2553 2581 ac
2586 2524 2893 2580 scientiam.
2933 2522 3062 2608 Ejus
3094 2521 3331 2591 denique

1757 2623 2157 2685 misericordia,
2190 2620 2364 2690 ipsius
2387 2617 2630 2674 Verbum
2657 2630 2721 2669 ac
2739 2615 2933 2669 Deum.
2962 2614 3143 2683 Ipsum
3168 2611 3330 2683 427

1755 2716 1904 2772 enim
1949 2729 2055 2785 qua
2100 2712 2382 2766 hominem
2432 2707 2632 2772 induit,
2672 2705 3024 2776 persequitur
3073 2703 3334 2758 omnibus

1756 2807 1987 2870 diebus,
2031 2803 2210 2860 donec
2253 2816 2445 2856 omnes
2493 2797 2783 2854 salvandos
2824 2793 3328 2866 comprehenderit,

1757 2898 1838 2953 uti
1860 2897 2114 2952 Paulum.
2148 2893 2373 2959 Domus,
2408 2906 2636 2964 regnum
2660 2897 2744 2946 est
2765 2889 2823 2945 in
2853 2887 3000 2958 quod
3032 2885 3331 2940 reducendi

1682 2995 1724 3052 C
1757 2997 1887 3045 sunt
1910 3003 2105 3043 omnes
2131 2985 2324 3043 sancti.
2365 2982 2674 3055 Longitudo
2702 2981 2938 3047 dierum,
2961 2979 3075 3035 vita
3102 2986 3328 3034 aeterna.

1821 3222 1876 3276 5.
1915 3222 2107 3276 Abusu
2135 3220 2338 3275 virium
2378 3219 2595 3287 animae,
2618 3221 2754 3274 vitia
2787 3219 2952 3274 nobis
2983 3219 3326 3284 inolescunt;

1751 3322 1868 3368 tum
1917 3314 2126 3368 scilicet
2169 3312 2636 3382 concupiscentis,
2679 3321 2794 3366 tum
2835 3311 3124 3366 irascentis
3158 3309 3326 3363 animi

1749 3408 1854 3472 vis,
1893 3416 2009 3462 tum
2043 3406 2218 3477 partis
2257 3405 2508 3460 rationis.
2543 3404 2622 3459 Ac
2645 3404 2868 3474 quidem
2896 3403 3068 3474 partis
3096 3401 3328 3457 rationis

1749 3499 1988 3564 abusus,
2031 3499 2341 3570 ignorantia
2390 3504 2474 3553 est
2521 3506 2579 3552 et
2602 3497 2868 3563 stultitia;
2911 3495 3005 3551 irae
3043 3506 3225 3550 autem
3269 3503 3326 3550 et

1748 3591 2086 3661 cupiditatis,
2127 3589 2314 3644 odium
2354 3599 2411 3642 et
2453 3586 2872 3656 intemperantia
2908 3604 2922 3640 :
2957 3589 3146 3640 harum
3192 3600 3325 3640 vero

1748 3696 1902 3745 usus,
1935 3679 2168 3734 Scientia
2209 3687 2266 3731 et
2306 3677 2622 3746 prudentia,
2659 3675 2995 3746 dilectioque
3029 3683 3084 3730 et
3113 3685 3325 3744 tempe-

1748 3772 1949 3825 rantia.
1995 3769 2154 3834 Quod
2206 3768 2251 3822 si
2293 3767 2366 3820 ita
2407 3776 2511 3830 est,
2555 3767 2692 3819 nihil
2727 3783 2921 3820 eorum
2973 3783 3095 3836 quae
3136 3782 3166 3819 a
3211 3767 3326 3821 Deo

1747 3869 1931 3916 creata
1961 3866 2116 3923 sunt,
2149 3857 2377 3926 ipsoque
2407 3863 2633 3909 auctore
2665 3863 2727 3907 ut
2757 3863 2945 3909 essent
2969 3866 3322 3924 acceperunt,

1747 3951 1950 4004 malum
1974 3958 2077 4006 est.

1813 4045 1868 4098 ι.
1908 4043 2028 4099 Νοη
2062 4046 2173 4102 cibi
2213 4049 2339 4102 mali
2374 4057 2522 4113 sunt,
2559 4047 2653 4104 sed
2687 4046 2844 4117 gula;
2885 4063 2988 4101 nec
3021 4047 3320 4101 liberorum

1745 4137 2081 4204 procreatio,
2115 4140 2210 4195 sed
2261 4141 2550 4206 scortatio;
2589 4155 2690 4194 nec
2743 4140 3011 4209 pecunite,
3052 4140 3147 4192 sed
3193 4154 3322 4192 ava-

1744 4229 1903 4296 ritia;
1945 4247 2124 4301 neque
2149 4232 2342 4302 gloria,
2373 4233 2468 4286 sed
2503 4231 2684 4286 inanis
2718 4231 2910 4301 gloria.
2952 4230 3108 4296 Quod
3149 4231 3194 4285 si
3246 4231 3322 4285 ita

58 4310 120 4361 Εἰ
142 4310 200 4363 δὲ
215 4309 400 4375 τοῦτο,
425 4310 582 4363 οὐδὲν
609 4311 668 4361 ἐν
697 4311 808 4372 τοῖς
838 4304 956 4362 οὖσι
987 4309 1178 4372 κακόν,
1209 4309 1259 4361 εί
1297 4309 1370 4379 μὴ
1397 4309 1428 4378 ἡ
1467 4309 1641 4379 παρά-

1763 4328 1849 4386 :st,
1881 4321 2020 4376 nihil
2059 4322 2114 4376 in
2152 4323 2320 4377 rebus
2359 4324 2562 4376 malum
2601 4331 2704 4386 est,
2743 4320 2845 4375 nisi
2887 4321 3113 4385 abusus,
3149 4335 3218 4375 ex
3253 4334 3322 4374 eo

55 4418 276 4470 χρησις,
305 4401 432 4470 ἥτις
457 4398 744 4469 συμϐαίνει
769 4401 832 4452 ὲκ
865 4400 964 4468 τῆς
987 4397 1079 4452 τοῦ
1111 4397 1203 4451 νοῦ
1227 4399 1486 4468 ἀμελείας
1516 4400 1642 4469 περὶ

55 4493 148 4560 τὴν
187 4493 435 4561 φυσικὴν
464 4491 761 4560 γεωργίαν.

120 4589 182 4637 ε’.
217 4583 292 4635 Τὸ
314 4587 374 4636 ὲν
402 4582 620 4653 δαίμοσι
652 4582 819 4635 κακὸν
868 4581 1043 4634 ταῦτα
1089 4577 1226 4634 εἷναί
1276 4599 1443 4652 φησιν
1468 4583 1496 4633 ὁ
1531 4599 1628 4651 μα.

55 4675 244 4745 κὰριος
287 4676 567 4737 Διονύσιος
617 4674 706 4747 (ᾔ)
736 4715 750 4740 ,
790 4673 962 4743 Θυμὸν
1008 4673 1222 4740 ἄλογον,
1257 4673 1416 4727 ἄνουν
1443 4674 1635 4726 ἐπιθυ-

55 4766 207 4833 μίαν,
245 4765 550 4834 φαντασίαν
584 4766 855 4835 προπετῆ.
902 4763 1121 4831 Ἀλογία
1149 4763 1206 4817 δὲ
1235 4764 1328 4817 καὶ
1361 4763 1514 4818 ἄνοια
1543 4765 1640 4818 καὶ

55 4847 360 4927 ὲροπὲτεια
388 4858 480 4911 ἐπὶ
502 4858 610 4911 τῶν
632 4857 865 4926 λογικῶν
893 4859 1179 4928 στερήσεις
1227 4859 1334 4910 εἰσὶ
1361 4856 1518 4925 λόγου
1544 4857 1639 4910 καὶ

55 4943 136 4997 δοῦ
171 4947 269 4999 καὶ
313 4945 714 5017 περισκέψεως.
755 4945 821 4998 At
851 4946 906 4999 δὲ
957 4947 1277 5016 στερήσεις,
1314 4945 1421 5000 τῶν
1472 4946 1638 5012 ἓξεών

55 5038 153 5091 είσι
187 5039 466 5110 δεύτεραι.
497 5042 640 5111 Ἀρα
661 5035 752 5094 οὖν
776 5035 843 5110 ἦν
865 5040 953 5093 ὅτε
980 5040 1225 5111 ὑπῆρχεν
1249 5041 1306 5094 ὲν
1337 5041 1518 5103 αὐτοῖς
1547 5041 1634 5094 10'-

122 5194 172 5227 "
197 5193 349 5250 Psal.
382 5209 516 5260 nn,
550 5194 604 5250 4.
683 5195 727 5226 ⁷³
758 5194 899 5250 Psal.
932 5209 1062 5259 xxn,
1096 5194 1148 5249 5.

210 5353 282 5407 Τὸ
315 5352 388 5406 δὲ
417 5355 703 5435 ator/lnior-
730 5357 835 5435 τοᾷ
865 5355 1031 5435 Θερῦ.
1060 5355 1322 5435 sequitur
1365 5352 1632 5435 magim'us

59 5425 373 5482 ectionem.
401 5440 564 5496 quam
601 5426 794 5479 haberi
817 5428 872 5478 ἐν
898 5429 960 5496 τῇ
991 5431 1166 5495 κοινῇ,
1197 5437 1390 5482 aUctor
1437 5425 1632 5496 lliero-

57 5509 273 5562 tymus;
301 5502 499 5563 estque
532 5495 782 5550 Psalterii
811 5495 1026 5550 Arabici
1067 5506 1122 5550 et
1145 5496 1400 5559 Romani,
1453 5495 1627 5549 Pocu~

55 5563 151 5615 'um
183 5573 348 5635 tuam
394 5565 686 5619 inebrians.
734 5566 896 5635 Cypr.
952 5567 987 5619 Ι.
1047 5582 1118 5630 ιι,
1168 5568 1329 5633 epist.
1369 5567 1401 5618 5
1437 5565 1630 5619 :Calix

63 5633 479 5718 nrtsinebrians,
504 5625 1049 5718 Pcrqitant:qptiinu.
1070 5625 1424 5718 ScholLImer.
1452 5635 1587 5689 Cod.
1613 5654 1625 5688 :

55 5703 151 5755 ίαὶ
180 5703 244 5754 τὸ
280 5703 548 5776 ποτήριόν
582 5703 672 5757 σου
699 5703 967 5779 μεθύσκον
1004 5723 1090 5776 με,
1120 5705 1192 5767 ὡς
1219 5703 1271 5759 εἴ
1315 5707 1618 5778 κράτιστον.

1742 4428 1941 4481 nempe
1981 4413 2328 4482 contingens,
2363 4414 2509 4483 quod
2548 4414 2766 4470 animus
2797 4428 2860 4467 ea
2898 4427 3020 4481 quae
3059 4420 3188 4466 sunt
3225 4427 3320 4466 na-

1742 4511 1878 4575 tura;
1911 4504 2093 4556 colere
2127 4505 2370 4573 negligit.

1813 4590 1865 4643 5.
1908 4589 2104 4644 Malum
2158 4591 2214 4644 in
2269 4591 2610 4647 daemonibus
2647 4593 2764 4647 haec
2806 4607 2950 4659 esse,
2999 4594 3075 4646 ait
3125 4594 3319 4647 beatus

1743 4679 2056 4751 Dionysius,
2093 4680 2228 4734 iram
2254 4682 2471 4750 scilicet
2498 4683 2704 4753 absque
2740 4685 2972 4749 ratione,
3007 4684 3314 4738 dementem

1743 4769 2048 4834 libidinem,
2078 4772 2462 4841 cogitationem
2491 4773 2848 4843 praacipitem.
2870 4774 3058 4843 Atqui,
3088 4774 3317 4829 rationis

1745 4862 2052 4930 mentisque
2101 4862 2379 4928 absentia,
2421 4874 2478 4919 ct
2526 4881 2768 4935 praeceps
2815 4867 2984 4921 animi
3034 4869 3312 4938 cogitatio,

1741 4951 2078 5020 privationes
2103 4962 2234 5009 sunt
2263 4955 2510 5019 rationis,
2531 4957 2840 5026 mentisque
2875 4958 3225 5026 perspicacis,
3252 4975 3313 5013 ac

1742 5050 1962 5098 attenta}
1994 5043 2450 5102 considerationis
2480 5066 2491 5099 :
2523 5047 2860 5116 privationcs
2895 5058 3100 5116 autem,
3126 5057 3309 5120 postc-

1738 5359 1828 5435 ᾼίι
1877 5361 2026 5416 Hier.
2082 5363 2385 5420 l-lcbrzeaet
2417 5365 2580 5428 LXX,
2631 5381 2931 5434 omnesque
2985 5365 3310 5435 interpretes

1739 5429 1944 5506 habere
1976 5445 2205 5506 μουηιιι
2227 5443 2282 5506 et
2313 5445 2506 5506 nostra
2545 5437 2683 5506 Vulg
2711 5454 2724 5490 :
2758 5429 2914 5490 Catia:
2993 5429 3144 5506 meus
3195 5437 3310 5489 ine-

1738 5499 1939 5576 brians.
1976 5499 2095 5556 Uno
2124 5504 2297 5574 Regio
2323 5505 2448 5576 cod.
2477 5500 2632 5561 deest
2653 5499 2771 5561 'vox
2793 5505 2950 5571 Θεοῦ,
2983 5505 3078 5561 sed
3111 5520 3305 5576 parum

1739 5571 2080 5651 riderthuin
2104 5571 2302 5651 prunos
2339 5575 2438 5651 alii
2460 5584 2871 5651 repraasentent.

1809 5641 1873 5711 (j)
1906 5641 1978 5695 De
2010 5643 2197 5698 divinis
2220 5641 2537 5712 nominibus,
2561 5662 2681 5716 cap.
2702 5647 2755 5713 4,
2783 5661 2837 5717 p.
2862 5645 2992 5702 2l2.
