3876 6314
474 4767 481 4781 f

472 4786 480 4843 ὲ

473 1287 672 1343 .odium
720 1286 779 1340 in
820 1288 1130 1356 proximum

476 263 611 330 1019

1637 259 1698 318 S.
1732 255 2019 316 MAXIMI
2056 253 2564 317 CONFESSORIS

3622 254 3751 319 13:53

469 380 649 434 riores
679 384 806 432 sunt
842 375 1148 433 babitibus.
1192 373 1326 428 Erat
1358 386 1491 444 ergo
1525 385 1650 426 cum
1689 370 1744 424 in
1781 369 1863 421 eis
1888 373 2047 421 erant

2194 383 2246 430 ος
2278 369 2369 420 καὶ
2404 368 2526 431 νοῦς
2559 366 2655 421 καὶ
2710 365 3032 438 περίσκειξις
3061 365 3320 437 εὐλαϐής.
3367 365 3436 418 Εἰ
3466 364 3531 417 δὲ
3575 366 3671 417 τοῦ
3686 384 3743 423 το,

470 468 634 530 ratio,
668 470 977 534 mentisque
1009 463 1366 534 perspicacia,
1409 472 1465 516 et
1500 461 1743 530 prudens
1781 465 2048 525 cautaque

472 554 859 610 consideratio.
908 555 1005 609 Sin
1049 563 1233 609 autem
1269 554 1343 607 ita
1382 568 1440 606 se
1486 566 1573 607 res
1611 550 1796 613 habet,
1837 563 1905 602 ne
1948 548 2050 616 ipsi

472 648 696 716 quidem
728 647 1005 701 daemones
1042 657 1239 699 natura
1282 645 1410 699 ntali
1445 652 1607 710 sunt;
1649 642 1746 698 sed
1778 658 1842 697 ex
1885 656 2052 710 pravo

475 756 576 792 usu
609 739 944 792 naturalium
973 739 1171 792 virium
1201 739 1330 793 mali
1360 737 1486 791 facti
1520 745 1661 792 sunt.

545 832 596 885 6.
639 830 982 895 Affectuum,
1033 830 1126 883 alii
1173 829 1494 894 libidinem,
1549 829 1644 883 alii
1695 829 1912 892 odium,
1961 826 2055 881 alii

474 930 775 992 utrumque
832 922 1085 991 pariunt:
1142 928 1261 975 tum
1312 921 1524 975 scilicet
1580 920 1894 985 libidinem,
1936 928 2052 974 tum

476 1013 687 1067 odium.

553 1109 606 1160 7.
647 1104 901 1160 Edacitas
947 1105 1309 1175 ciborumque
1354 1103 1627 1174 exquisita
1663 1104 1939 1168 lautities,
1984 1102 2054 1157 li-

480 1196 726 1250 bidinem
756 1195 1089 1266 progignunt
1116 1215 1128 1249 :
1165 1197 1393 1251 avaritia
1418 1212 1549 1250 vero
1575 1203 1632 1251 et
1654 1196 1833 1249 inanis
1859 1195 2054 1265 gloria,

1176 1305 1188 1340 :
1237 1298 1293 1343 at
1342 1289 1541 1343 horum
1589 1302 1789 1357 parens
1824 1287 2059 1341 carnalis

483 1393 639 1432 amor
667 1377 966 1449 (φιλαυτία)
1001 1379 1288 1448 utriusque
1315 1389 1396 1433 est
1424 1387 1636 1434 auctor.

553 1469 606 1521 8.
646 1467 904 1520 Φιλαυτία
934 1469 1035 1539 (sic
1061 1469 1229 1538 dicta)
1272 1470 1599 1524 libidinosus
1636 1480 1721 1524 est
1760 1485 1824 1524 ac
1859 1469 2058 1523 rationi

484 1559 786 1615 adversans
832 1577 987 1616 amor
1022 1578 1086 1617 ac
1126 1562 1300 1615 libido
1338 1562 1604 1631 corporis.
1646 1561 1785 1637 Huic
1822 1560 2061 1615 Charitas

484 1653 936 1723 continentiaque
966 1662 1345 1723 opponuntur.
1383 1654 1555 1723 Igitur
1595 1654 1649 1706 in
1683 1668 1792 1721 quo
1818 1662 1900 1706 est
1938 1667 2062 1705 cor-

486 1745 637 1813 poris
668 1744 759 1798 ille
800 1759 977 1810 amor,
1009 1753 1222 1799 certum
1260 1754 1341 1800 est
1374 1744 1524 1799 vitiis
1558 1743 1814 1797 omnibus
1852 1751 2061 1796 scatere

486 1852 549 1891 ac
583 1837 884 1893 affectibus.

555 1925 608 1978 9.
643 1924 837 1989 Nemo,
886 1924 1069 1993 inquit
1116 1925 1443 1994 Apostolus,
1490 1940 1700 1977 carnem
1747 1941 1900 1978 suam
1945 1924 2063 1977 odio

486 2016 666 2069 habuit
693 2016 774 2081 7’;
804 2015 1057 2086 suggillat
1084 2026 1259 2069 tamen
1287 2028 1334 2071 et
1363 2019 1418 2071 in
1448 2019 1756 2071 servitutem
1785 2017 1971 2087 redigit
1992 2017 2060 2080 ⁷⁸,

488 2109 627 2162 nihil
669 2108 904 2178 amplius
944 2109 994 2162 ei
1040 2110 1313 2177 prmbens,
1357 2125 1521 2179 quam
1571 2111 1753 2164 cibum
1797 2120 1854 2165 et
1898 2110 2064 2165 indu-

488 2205 697 2265 menta;
724 2198 948 2267 haecque
971 2198 1109 2253 adeo
1129 2208 1393 2267 quantum
1411 2199 1477 2253 ad
1500 2200 1671 2253 solam
1691 2200 1813 2256 vita:
1847 2208 2066 2254 susten-

492 2290 751 2343 tationem
764 2288 930 2359 428
949 2290 1322 2344 necessarium
1341 2291 1431 2344 sit.
1459 2290 1551 2345 Sic
1571 2291 1739 2360 igitur
1762 2292 1886 2361 quis
1904 2291 2070 2345 illibi—

490 2380 686 2435 dinose
723 2382 984 2450 nulloque
1012 2382 1149 2435 vitio
1188 2397 1307 2435 eam
1335 2382 1539 2451 diligit;
1579 2398 1641 2437 ac
1679 2384 1829 2437 velut
1866 2383 2067 2438 divinis

491 2474 837 2527 ancillantem
877 2475 977 2528 alit
1012 2483 1068 2528 et
1108 2475 1277 2539 fovet,
1314 2476 1427 2531 illis
1464 2475 1729 2531 duntaxat
1770 2478 2066 2543 concessis,

490 2566 693 2635 quibus
716 2563 836 2636 ejus
860 2567 1163 2637 indigentia
1193 2569 1400 2638 expleri
1430 2570 1622 2638 possit.

563 2658 647 2711 10.
680 2657 851 2723 Quem
876 2659 1001 2727 quis
1024 2658 1220 2728 diligit,
1248 2661 1472 2714 omnino
1494 2662 1658 2716 etiam
1684 2662 1866 2716 colere
1896 2659 2071 2715 ofﬁcio

489 2748 708 2819 satagit.
746 2748 801 2803 Si
837 2750 962 2818 quis
994 2766 1124 2821 ergo
1158 2751 1329 2805 Deum
1374 2751 1574 2822 diligit,
1619 2768 1846 2822 prorsus
1882 2752 2070 2818 etiam,

496 2854 617 2907 quae
661 2838 739 2893 illi
788 2840 992 2909 placita
1031 2851 1158 2896 sunt
1196 2853 1457 2912 praestare
1494 2844 1679 2900 studet
1712 2862 1724 2898 :
1762 2845 1846 2899 sin
1892 2853 2072 2899 autem

497 2944 756 2996 carnem,
800 2946 923 3001 qua:
972 2947 1093 3011 eam
1138 2934 1466 2990 obiectando
1509 2935 1641 3001 sint,
1683 2937 1799 2991 haec
1840 2937 2076 2993 libenter

495 3016 648 3075 facit.
1356 3022 1361 3027 ’

570 3125 658 3178 Η.
695 3125 808 3180 Ι)εο
843 3127 1065 3196 quidem
1102 3130 1322 3199 placent
1354 3131 1596 3188 cbaritas
1633 3142 1689 3189 et
1717 3136 2079 3204 temperantia

499 3230 598 3269 seu
650 3216 894 3281 castitas,
933 3222 1324 3290 contemplatio
1374 3222 1505 3277 item
1558 3234 1615 3278 et
1666 3226 1871 3292 oratio;
1925 3228 2079 3282 carni

500 3324 653 3375 vero,
685 3310 812 3380 gula
847 3319 903 3365 et
941 3312 1365 3382 intemperantia
1403 3331 1499 3369 seu
1539 3316 1744 3382 libido;
1777 3333 1840 3371 ac
1878 3319 2082 3387 quibus

505 3399 595 3453 illa
636 3408 928 3470 augentur.
962 3402 1172 3457 Idcirco
1203 3422 1217 3456 :
1251 3404 1352 3469 Qui
1385 3407 1440 3458 in
1471 3422 1631 3459 carne
1658 3415 1800 3471 sunt,
1828 3409 1935 3461 Deo
1964 3409 2083 3480 pla-

503 3506 618 3545 cere
652 3510 754 3546 non
785 3502 1003 3563 possunt
1030 3497 1096 3548 "".
1133 3494 1235 3560 Qui
1261 3506 1436 3550 autem
1465 3507 1587 3552 sunt
1623 3497 1836 3561 Christi,
1869 3518 2083 3555 carnem

502 3600 657 3637 suam
694 3584 1068 3653 cruciﬁmrmnt
1109 3604 1225 3640 cum
1280 3589 1416 3642 vitiis
1459 3597 1509 3641 et
1555 3592 1981 3661 concupiscentiis
2012 3594 2079 3648 ⁷⁸.

577 3672 663 3726 12.
704 3673 937 3728 Animus
982 3676 1038 3729 in
1083 3677 1253 3731 Deum
1295 3694 1545 3748 vergens,
1578 3689 1825 3749 nutuque
1869 3681 1924 3734 in
1956 3698 2084 3736 eum

505 3765 850 3832 propensior,
890 3782 1093 3836 corpus
1128 3783 1347 3823 servum
1376 3770 1562 3835 habet,
1601 3786 1702 3826 nec
1731 3781 1931 3841 prater
1958 3774 2085 3828 vita:

507 3857 815 3911 necessaria
842 3858 1142 3928 quidquam
1169 3860 1246 3914 illi
1270 3862 1476 3931 prmbet
1509 3879 1522 3915 :
1555 3862 1640 3917 sin
1666 3872 1848 3919 autem
1877 3865 1933 3919 in
1963 3881 2085 3921 car~

505 3961 629 4000 nem
675 3947 827 4002 vitiis
874 3950 1240 4020 mancipatur,
1291 3952 1438 4006 illius
1497 3968 1714 4022 semper
1787 3968 1973 4009 curam
2028 3956 2087 4010 in

505 4036 799 4094 desideriis
820 4055 988 4110 agens
1015 4042 1083 4094 "’.

579 4132 664 4185 l5.
708 4132 765 4186 Si
810 4133 915 4187 hoc
946 4134 1136 4189 studes
1177 4146 1236 4190 ut
1272 4135 1667 4206 cogitationum
1709 4151 1935 4208 compos
1969 4137 2085 4193 elli-

506 4220 693 4285 ciaris,
720 4222 951 4279 affectus
983 4240 1117 4279 cura
1168 4241 1232 4280 ac
1270 4226 1548 4290 libidines,
1586 4226 1897 4297 horumque
1931 4227 2086 4284 facile

505 4312 700 4378 victor,
740 4314 924 4369 animo
973 4314 1095 4370 illas
1136 4315 1344 4385 ejicies.
1394 4318 1531 4370 Puta
1601 4316 1660 4370 in
1700 4316 2083 4385 fornicatione,

501 4404 708 4475 jejuna,
743 4406 929 4475 vigila,
974 4406 1184 4470 labora,
1233 4408 1515 4463 solitarius
1559 4425 1691 4479 age;
1745 4410 1800 4464 in
1838 4410 1917 4465 ira
1956 4428 2087 4467 vero

507 4510 571 4549 ac
605 4495 851 4560 tristitia,
896 4496 1123 4566 gloriam
1167 4504 1223 4550 et
1269 4497 1570 4563 infamiam,
1603 4515 1797 4570 resque
1838 4510 2085 4557 terrenas

507 4594 817 4641 contemne.
870 4587 930 4640 ln
989 4586 1313 4656 iniuriarum
1366 4590 1631 4642 memoria
1677 4605 1740 4645 ac
1785 4592 2081 4659 simultate,

507 4663 601 4731 ora
639 4693 741 4747 pro
772 4693 838 4733 eo
865 4678 959 4749 qui
999 4678 1129 4733 fecit
1157 4678 1445 4763 iniuriam,
1474 4688 1530 4736 et
1558 4681 1903 4738 liberaberis.

582 4857 663 4909 14.
702 4856 781 4910 Ne
853 4865 905 4913 te
939 4858 1395 4915 imbecillioribus
1434 4860 1717 4915 hominum
1760 4861 2082 4915 commetia-

511 4948 608 5009 ris,
644 4947 740 5001 sed
787 4948 960 5017 magis
1002 4950 1069 5003 ad
1114 4950 1427 5007 dilectionis
1471 4961 1801 5021 praeceptum
1848 4953 2084 5023 teipsum

512 5037 798 5092 contende.
848 5040 1008 5094 Prius
1052 5041 1200 5095 enim
1245 5043 1290 5096 si
1339 5044 1546 5112 egeris,
1600 5044 1656 5097 in
1699 5044 2085 5100 ostentationis

511 5126 721 5181 foveam
782 5128 976 5194 cades;
1032 5130 1117 5185 sin
1180 5140 1363 5185 autem
1418 5132 1689 5196 alterum,
1732 5130 1799 5185 ad
1852 5133 2088 5188 modesti

508 5230 703 5269 sensus
732 5217 1128 5273 sublimitatem
1167 5221 1461 5288 provehcs.

580 5307 665 5361 15.
710 5307 768 5362 Si
827 5310 1053 5375 omnino
1116 5311 1424 5367 dilectionis
1474 5313 2085 5383 proximi‘mandatum

2152 460 2272 512 οὐδὲ
2305 463 2353 512 oi
2382 461 2635 530 δαίμονες
2662 459 2823 528 φύσει
2850 462 3009 514 κακοί
3032 479 3043 490 ·
3074 460 3189 514 ἀλλ’
3219 460 3286 512 ὲκ
3329 459 3740 530 παραχρὴσεως

2152 551 2261 603 τῶν
2286 551 2534 622 φυσικῶν
2566 551 2848 623 δυνάμεων
2878 552 3042 606 κακοὶ
3069 551 3353 621 γεγόνασι.

2226 806 2300 864 ς’.
2336 801 2416 852 Τὰ
2442 799 2541 869 μὲν
2578 798 2688 852 τῶν
2709 799 2915 861 παθῶν,
2950 799 3246 863 ἀκολασίας
3266 815 3280 828 ·
3306 800 3382 854 τά
3408 799 3500 865 δὲ,
3538 798 3735 869 μίσους

2155 892 2222 945 τὰ
2253 891 2331 957 δὲ,
2369 892 2462 944 καὶ
2494 891 2791 954 ἀκολασίας
2816 893 2911 944 καὶ
2951 892 3143 963 μίσους
3182 893 3289 945 εἰσὶ
3323 891 3624 962 ποιητικᾶ-

2228 1090 2292 1157 C'.
2328 1091 2641 1160 Πολυφαγία
2674 1091 2765 1144 καὶ¹
2790 1091 3094 1162 ήδυφαγία,
3135 1092 3451 1157 ἀκολασίας
3503 1094 3643 1147 εἰσὶν
3672 1097 3734 1146 αἷ-

2157 1201 2248 1238 τια
2277 1184 2396 1256 [Fr.
2441 1183 2667 1257 αῖτιαι]·
2706 1185 3035 1254 φιλαργυρία
3093 1186 3148 1238 δὲ
3189 1186 3286 1238 καὶ
3315 1186 3638 1252 κενώοξξα,
3668 1188 3741 1255 μὲ-

2160 1292 2287 1340 σους
2324 1276 2457 1348 πρὸς
2482 1276 2573 1330 τὸν
2603 1276 2846 1345 πλησίον.
2886 1277 2951 1329 Ἦ
2982 1277 3039 1329 δὲ
3063 1277 3269 1331 τούτων
3322 1280 3529 1349 μήτηρ
3576 1280 3744 1348 φύσιν

2158 1369 2248 1421 τία
2287 1369 2396 1421 τῶν
2431 1369 2757 1440 ἀμφοτέρων
2783 1370 2928 1421 ἐστὶν
2957 1370 3124 1423 αἰτία.

2222 1467 2300 1529 η’.
2342 1460 2602 1514 Φιλαυτία
2657 1464 2806 1515 ἐστὶν
2837 1463 2869 1530 ἡ
2896 1461 3031 1531 προς
3058 1461 3119 1513 τδ
3154 1462 3317 1530 σῶμα
3363 1463 3635 1532 ἐμπαθὴς
3673 1464 3752 1515 καὶ

2161 1553 2353 1616 ἄλογος
2396 1552 2576 1620 φιλία·
2718 1553 3016 1606 ἀντίκειται
3057 1548 3253 1622 ἀγάπή
3283 1555 3386 1604 καὶ
3440 1556 3751 1621 ἐγκράτεια.

2175 1645 2232 1697 Ὀ
2263 1644 2400 1714 ἔχων
2456 1645 2553 1716 τὴν
2604 1644 2916 1715 φιλαυτίαν,
2964 1645 3122 1716 δῆλον
3171 1646 3257 1698 ὅτι
3310 1646 3442 1716 ἔχει
3493 1648 3675 1699 πάντα
3703 1651 3754 1701 ti

2165 1737 2336 1808 πάθη.

2236 1917 2296 1972 θ’.
2333 1917 2564 1984 Οὐδεὶς,
2596 1918 2761 1988 φησὶν
2794 1917 3133 1983 Ἀπόστολος,
3165 1919 3287 1987 τὴν
3311 1922 3558 1976 ἑαυτοῦ
3580 1924 3761 1990 σάρω

2163 2009 2459 2078 ἐμίσησεν
2478 2024 2490 2037 '
2517 2009 2657 2062 ἀλλ’
2682 2007 2989 2067 ὑποπιάζει
3011 2008 3297 2075 δηλονότι
3329 2012 3443 2064 καὶ
3468 2012 3756 2080 deviare»

2165 2100 2274 2169 γε’ἱ,
2312 2099 2481 2169 μηδὲν
2513 2098 2674 2152 πλέον
2704 2099 2839 2168 αὐτῇ
2895 2098 3175 2168 παρέχων,
3218 2100 3370 2171 πλὴν
3422 2103 3521 2156 διὰ
3576 2105 3756 2174 τροφῆς

2167 2194 2260 2244 καὶ
2290 2190 2698 2259 σκεπασμάτων
2726 2206 2737 2218 ·
2771 2191 2865 2243 καὶ
2894 2189 3099 2243 τούτων
3131 2191 3337 2261 μόνων,
3394 2194 3518 2246 τῶν
3556 2196 3689 2263 7:92;;
3711 2194 3754 2246 τὲ

2168 2283 2269 2354 ζῇν
2292 2283 2624 2350 ἀναγκαίων.
2648 2280 2834 2343 Οὕτως
2858 2278 2950 2334 οὖν
2975 2280 3199 2344 ἀπαθῶς
3223 2299 3314 2345 τις
3350 2284 3565 2355 ἀγαπᾷ
3590 2286 3750 2355 αὑτήν·

2168 2374 2263 2427 καὶ
2310 2374 2383 2435 ὡς
2436 2373 2702 2443 ὑπηρέτιν
2749 2371 2855 2425 τῶν
2911 2372 3070 2424 θείων
3124 2372 3397 2442 ἐκτρέφει
3447 2375 3648 2445 αὐτὴν,
3680 2376 3754 2427 καὶ

2171 2466 2367 2520 θάλπει
2402 2468 2513 2527 τοῖς
2545 2466 2640 2534 τὴν
2683 2464 2893 2517 ἔνδειαν
2927 2464 3096 2534 αὐτῆς
3124 2464 3539 2535 ἀποπληροῦσι
3571 2467 3751 2535 μελέοις.

2247 2646 2296 2693 ι’.
2330 2642 2430 2692 "Ov
2460 2656 2544 2703 τις
2574 2639 2783 2708 ἀγαπᾷ,
2812 2638 3000 2693 τοῦτον
3027 2639 3245 2702 πάντως
3281 2640 3384 2692 καὶ
3416 2642 3651 2694 σπεύδει.
3680 2642 3753 2693 θε-

2177 2734 2455 2805 ραπεύειν.
2494 2734 2557 2785 Εἰ
2586 2729 2679 2786 οὖν
2701 2733 2790 2787 τὸν
2816 2732 2947 2786 Θεόν
2968 2750 3052 2795 τις
3079 2733 3295 2803 ἀγαπᾷ,
3330 2733 3570 2796 πάντως
3591 2736 3681 2787 καὶ
3702 2736 3759 2786 τὰ

2174 2827 2380 2896 ἀρεστά
2413 2827 2560 2896 αὐτῷ
2610 2826 2831 2879 σπεύδει
2875 2828 3053 2878 ποιεῖν
3076 2840 3090 2855 ·
3127 2827 3177 2878 εὶ
3204 2826 3261 2878 δὲ
3296 2825 3403 2897 τὴν
3448 2827 3660 2897 σάρκα,
3702 2827 3754 2879 τὰ

2174 2919 2380 2987 ταύτην
2401 2919 2668 2990 τέρποντα
2698 2917 2957 2970 ἐκτελεῖν.

2251 3104 2341 3151 ια’.
2380 3096 2470 3167 Τῷ
2500 3097 2600 3166 μὲν
2632 3096 2749 3165 Θεῷ
2773 3095 2996 3166 ἀρέσκει
3028 3095 3216 3166 ἀγάπη
3269 3098 3370 3150 καὶ
3416 3099 3755 3167 σωφροσύνη.

2180 3185 2274 3241 καὶ
2313 3187 2513 3257 θεωρία
2537 3187 2631 3240 καὶ
2661 3187 2934 3256 προσευχὴ
2956 3202 2969 3215 ·
3010 3189 3074 3256 τῇ
3099 3186 3153 3238 δὲ
3183 3187 3378 3255 σαρκὶ,
3418 3204 3757 3257 γαστριμαρ-

2181 3280 2277 3347 γία
2322 3280 2417 3332 καὶ
2467 3278 2750 3341 ἀκολασία,
2805 3278 2900 3330 καὶ
2959 3278 3029 3329 τὰ
3079 3277 3285 3330 τούτων
3346 3280 3759 3349 αὖξητικᾷ..ὶ;ζτ

2181 3371 2358 3435 τοῦτο,
2383 3374 2448 3423 Ol
2477 3373 2546 3423 ἐν
2568 3371 2747 3437 σαρκὶ
2774 3370 3093 3436 ὅντες-,Θεῷ
3118 3370 3340 3437 ἀρέσαι
3364 3374 3443 3425 οὐ
3462 3372 3755 3425 δύνανται.

2187 3466 2253 3516 Οἱ
2297 3463 2364 3515 δὲ
2388 3461 2493 3515 τοῦ
2530 3462 2814 3530 Χριστοῦ,
2843 3461 2957 3526 τὴν
2989 3460 3188 3529 σάρκα
3210 3462 3630 3530 ἐσταύρωσαν
3655 3463 3759 3517 σὺν

2183 3556 2308 3620 τοῖς
2335 3556 2647 3624 παθήμασι
2675 3554 2772 3608 καὶ
2800 3554 2929 3619 ταῖς
2956 3553 3315 3622 ἐπιθυμίαις.

2259 3647 2347 3716 ιβ’.
2394 3646 2452 3699 Ὁ
2475 3647 2598 3709 νοῦς
2628 3646 2723 3700 ὲάν
2760 3646 2859 3716 μὲν
2885 3645 3049 3716 νεύσῃ
3077 3646 3214 3715 πρὸς
3258 3645 3422 3709 Θεὸν,
3458 3646 3576 3717 ἔχει
3598 3645 3761 3700 δίνῗιῖλσν

2178 3741 2244 3803 σὺ
2266 3741 2444 3810 σῶμα,
2474 3737 2755 3800 καὶ¹πλέον
2779 3738 2930 3792 οὐδὲν
2964 3738 3115 3806 αὐτῷ
3143 3736 3385 3809 παρέχει
3417 3740 3539 3793 τῶν
3565 3742 3694 3811 πρὸς
3710 3740 3759 3791 τὸ

2186 3830 2285 3903 ζῇν
2309 3832 2626 3901 ἀναγκαίων
2647 3848 2660 3862 ·
2695 3830 2791 3883 ὲάν
2823 3829 2881 3883 δὲ
2911 3827 3079 3901 νεύσῃ
3109 3828 3244 3899 πρὸς
3276 3828 3382 3899 τὴν
3420 3832 3630 3901 σάρκα,
3658 3832 3761 3883 δεῖ).

2186 3924 2373 3977 λοῦται
2404 3926 2517 3987 τοῖς
2577 3922 2801 3986 πάθεσι,
2833 3922 3091 3992 πρόνοιαν
3142 3920 3317 3990 αὐτῆς
3353 3922 3448 3975 ἀεὶ
3476 3925 3566 3985 εἰς
3592 3921 3759 3975 ἐπιου-

2190 4017 2318 4087 μίας
2348 4016 2689 4084 ποιούμενος.

2260 4113 2350 4174 ιγ’.
2375 4107 2438 4159 Εἰ
2468 4104 2644 4167 θέλεις
2670 4102 2779 4157 τῶν
2826 4101 3108 4172 λογισμῶν
3148 4100 3567 4172 περιγίνεσθαι,
3598 4104 3763 4171 smps-

2187 4197 2280 4251 λοῦ
2306 4197 2413 4251 τῶν
2450 4195 2658 4260 παθῶν,
2689 4195 2784 4247 καὶ
2815 4194 3060 4265 εὐχερῶς
3088 4195 3287 4258 αὐτοὺς
3320 4196 3391 4248 ἐκ
3422 4196 3527 4248 τοῦ
3550 4195 3645 4250 νοῦ
3674 4196 3759 4248 ἐπὶ

2187 4291 2392 4343 τούτων
2416 4287 2718 4352 ἐξελαύνεις
2748 4284 2870 4357 [Fr.
2893 4288 2957 4339 ὲκ
2977 4285 3073 4339 τοῦ
3097 4285 3189 4338 νοῦ
3223 4286 3609 4358 ἀπελαύνεις]-
3638 4284 3755 4345 Oiei,

2119 4366 2163 4423 θ
2191 4380 2284 4434 ἐπὶ
2308 4382 2407 4451 μὲν
2430 4379 2528 4445 τῆς
2573 4379 2848 4446 πορνείας,
2879 4379 3126 4447 νήστευε,
3157 4376 3461 4444 ἀγρύπνει,
3496 4382 3757 4433 main?»

2196 4472 2416 4525 ίδίασον.
2458 4470 2579 4524 Ἐπὶ
2605 4470 2662 4524 δὲ
2693 4469 2793 4538 τῆς
2822 4470 2993 4542 ὀργῆς
3020 4470 3115 4522 καὶ
3145 4468 3243 4536 τῆς
3264 4469 3472 4539 λύπης,
3509 4471 3759 4539 nugs.

2191 4581 2272 4617 νει
2299 4563 2459 4633 δόξης
2485 4562 2579 4615 καὶ
2612 4561 2839 4632 ἀτιμίας
2881 4561 2975 4613 καὶ
3004 4560 3113 4613 τῶν
3141 4559 3343 4613 ὑλικῶν
3372 4565 3754 4632 πραγμάτων·.

2204 4656 2327 4708 Ἐπὶ
2355 4654 2412 4707 δὲ
2444 4654 2543 4725 τῆς
2572 4652 2959 4723 μνησικακίας,
2986 4651 3290 4725 προσεύχου
3318 4652 3467 4725 ὑπὲρ
3494 4653 3592 4708 τοῦ
3612 4655 3757 4721 1m;-

2193 4765 2406 4814 σαντος,
2437 4748 2531 4801 καὶ
2557 4745 2897 4817 ἀπαλλάττῃ.

2262 4861 2342 4915 ιδ’.
2375 4860 2467 4933 Μὴ
2495 4861 2603 4914 τῶν
2632 4858 2934 4930 ἀνθρώπων
2976 4860 3088 4923 τοῖς
3124 4858 3545 4928 ἀσθενεστέροις
3592 4854 3757 4913 ἑαοτ-ὶν

2192 4952 2558 5026 παραμέτρει,
2616 4949 2751 5003 ἀλλὰ
2800 4952 2865 5020 τῇ
2917 4949 3102 5020 ἐντολῇ
3151 4950 3251 5019 τῆς
3299 4950 3528 5019 ἀγάπης
3584 4949 3755 5019 μᾶλλον

2195 5043 2542 5115 παράτεινον.
2577 5041 2702 5104 Τοῖς
2740 5040 2840 5110 μὲν
2874 5037 2983 5109 γὰρ
3007 5039 3410 5108 παραμετρῶν,
3438 5041 3518 5102 είς
3564 5039 3657 5091 τὸν
3684 5036 3755 5104 s5-

2196 5135 2320 5203 θρον
2358 5134 2453 5205 τῆς
2476 5135 2705 5204 οἰήσεως
2740 5132 3083 5202 ὲμπίπτειςύ
3104 5133 3169 5201 τῇ
3203 5130 3258 5183 δὲ
3291 5130 3665 5200 παρατείθκυν,

2194 5224 2256 5277 τὸ
2280 5208 2414 5292 ὕψος
2446 5225 2544 5292 τῆς
2571 5220 3074 5289 ταπεινοφροσύνης
3102 5220 3457 5292 προκόπτεις.

2268 5321 2346 5368 ιε’.
2380 5314 2442 5366 Ei
2473 5314 2610 5376 ὅλως
2629 5313 2727 5384 τῆς
2749 5312 2882 5381 πρὸς
2916 5312 3010 5365 τὸν
3042 5312 3273 5382 πλησίον
3308 5313 3530 5383 ἀγάπης
3561 5313 3663 5383 τὴν
3690 5314 3755 5363 ἐν·

577 5462 624 5494 "
649 5462 853 5533 Ephes.
886 5479 940 5528 ν,
967 5462 1057 5518 29.
1134 5463 1182 5495 ⁷⁸
1209 5464 1228 5518 1
1258 5463 1386 5520 Cor.
1416 5482 1492 5531 ιχ,
1521 5466 1611 5520 9.7.
1690 5468 1734 5498 ⁷⁷
1767 5468 1928 5522 Rom.
1960 5484 2072 5535 vm,

2232 5468 2277 5500 '°
2301 5466 2474 5523 Galat.
2499 5483 2551 5533 ν,
2580 5466 2669 5520 24.
2746 5466 2791 5499 τ’
2824 5467 2983 5531 Rom.
3014 5483 3133 5530 xm,
3164 5467 3253 5521 Η.

578 5599 603 5676 ‘_
629 5599 720 5676 Fr:
743 5601 1057 5676 Σημείωσον
1086 5603 1199 5666 πῶς
1225 5603 1329 5675 χρὴ
1358 5604 1735 5676 περιγενέσθαι
1768 5606 1973 5661 παθῶν.
2015 5608 2072 5661 Ἀ

2194 5608 2308 5661 θωθι
2340 5609 2396 5661 τὸ
2418 5608 2660 5661 εἰκοστόν
2682 5622 2695 5635 ’
2722 5604 2971 5672 Observa,
2998 5607 3265 5676 quomodo
3285 5608 3387 5661 sint
3416 5612 3755 5674 εει-ρεςεξτεδ

512 5667 657 5722 vitia.
691 5667 823 5739 Lege
862 5686 905 5721 ι’.
935 5671 1021 5723 90.

3834 828 3837 857 ί

3834 878 3837 919 1
