3876 6314
33 337 138 400 021

891 343 1226 402 CAPITUM
1269 343 1366 402 DE
1406 339 1838 400 CIIARIT‘ATE
1878 337 2265 402 CENTURIA
2308 342 2425 403 ΙΙῘ.

3151 341 3286 403 102?.

31 448 166 518 ολὴν
202 447 510 516 φυλάττεις,
553 448 692 519 ὑπὲρ
727 449 868 512 τίνος
899 450 972 516 (k)
997 451 1097 518 τῆς
1144 451 1278 521 πρὸς
1305 451 1467 502 αὑτὸν
1506 449 1602 501 λύ-

1726 451 1974 514 :ustodis,
2005 468 2104 506 cur
2135 451 2330 504 oti‘ensi
2363 451 2415 503 in
2442 467 2565 504 cum
2604 453 2768 506 animi
2803 452 3152 508 acerbitatem
3190 468 3281 518 pa-
3305 501 3316 510 ,

31 557 114 608 της
161 539 262 609 τὴν
297 540 524 609 πικρίαν
554 539 842 605 ἐντίκτεις,
878 541 910 610 ἢ
943 541 1102 610 δῆλον
1149 543 1232 594 ὅτι
1276 541 1477 610 ταύτης
1530 541 1600 594 τὰ

31 629 322 699 ῖρόσκαιρα
355 629 642 698 προτιμῶν
667 630 762 682 καὶ
795 629 976 683 αὐτῶν
1009 629 1481 700 ἀντιποιούμενος,
1509 629 1600 683 τὸν

37 719 236 786 δελφὸν
275 720 541 789 πολεμεῖς
574 737 588 786 ;

79 819 176 876 ις’.
207 813 282 863 Οὐ
317 811 407 864 διὰ
436 811 534 882 τὴν
562 813 754 883 χρείαν
789 811 1045 866 τοσοῦτον
1075 813 1136 865 τὸ
1180 811 1401 882 χρυσίον
1425 813 1600 880 ζηλω-

31 904 92 956 δν
125 906 242 967 τοῖς
271 903 585 973 ἀνθρώποις
627 905 876 972 γέγονεν,
910 905 1036 958 ὅσον
1077 905 1140 956 τὸ
1177 903 1242 956 δι’
1279 903 1445 956 αὑτοῦ
1475 905 1599 965 τοὺς

31 995 236 1056 πολλοὺς
273 995 374 1056 τὰς
413 993 608 1063 ἡδονὰς
638 994 986 1064 θεραπεύειν.

77 1087 170 1149 ιζ’.
219 1085 360 1156 Τρία
417 1087 526 1137 εἰσὶ
555 1085 624 1138 τὰ
663 1085 816 1138 αἴτια
853 1085 953 1155 τῆς
992 1085 1102 1138 τῶν
1137 1085 1444 1156 χρημάτων
1469 1083 1604 1151 ἀγά-

31 1193 116 1244 πης
151 1176 290 1241 (2-1),
339 1175 640 1247 φιληδονία,
687 1177 965 1242 κενοδοξία
1011 1177 1107 1230 καὶ
1144 1179 1394 1232 ἀπιστία.
1429 1177 1603 1229 Χαλε-

31 1269 236 1337 εωτέρσ.
264 1267 320 1318 δέ
349 1267 460 1320 τῶν
489 1267 582 1321 δύο
614 1271 644 1337 ἡ
681 1269 909 1322 ἀπιστία
932 1267 1294 1342 καθέστηκεν.

81 1442 180 1512 ιη’.
235 1443 290 1495 'O
325 1443 424 1512 μέν
459 1444 744 1515 φιλήδονος
790 1446 984 1516 ἀγαπᾷ
1029 1445 1335 1516 ἀργύριον,
1393 1445 1480 1498 ἵνα
1533 1444 1604 1496 δι’

31 1535 180 1586 ιὺτοῦ
208 1537 458 1607 τρυφὴσῃ
481 1552 494 1566 ⁸
521 1540 547 1589 6
597 1537 652 1590 δέ
683 1535 984 1602 κενόδοξος,
1042 1538 1129 1592 ἴνα
1155 1537 1224 1590 δι’
1257 1533 1420 1590 αὐτοῦ
1451 1535 1605 1603 δοξα-

31 1627 110 1696 :ij
137 1645 150 1655 ·
187 1629 216 1679 6
249 1627 304 1680 δὲ
351 1629 601 1694 ἄπιστος,
637 1629 724 1682 ἵνα
759 1629 944 1701 κρύψῃ
997 1631 1093 1684 καὶ
1149 1629 1361 1699 φυλάξῃ
1389 1670 1402 1691 ,
1447 1628 1604 1698 λιμὸν

31 1718 376 1788 ιοὸούμενος,
419 1720 450 1790 ἧ
507 1721 685 1791 γῆρας
716 1721 748 1790 ἢ
804 1721 958 1774 νόσον
986 1721 1018 1792 ἢ
1055 1721 1318 1786 ξενιτείαν
1345 1737 1358 1749 ·
1387 1722 1483 1774 καὶ
1517 1721 1606 1774 ἐπ’

1703 543 1812 596 ris?
1851 543 1990 596 Num
2025 545 2184 611 plane
2211 543 2356 611 quod
2393 545 2759 612 temporaneis
2791 543 2954 596 rebus
2986 557 3102 595 eam
3135 551 3286 609 post-

1701 631 1925 698 habcas,
1961 649 2024 688 ac
2060 633 2204 701 ipsas
2237 633 2405 698 colas,
2443 633 2600 686 fratri
2635 632 2883 686 infensus
2917 631 3174 685 cssistis?

1776 808 1861 861 16.
1901 807 2022 860 Non
2079 816 2186 860 tam
2229 807 2388 876 justa:
2435 807 2783 862 necessitatis
2841 823 3038 872 causa,
3091 823 3290 862 aurum

1703 899 2020 954 hominibus
2070 899 2438 968 expetendum
2491 901 2670 954 visum
2733 907 2851 965 est,
2913 915 3080 969 quam
3142 899 3286 968 quod

1701 991 1899 1060 vulgo:
1929 991 2240 1059 voluptates
2270 990 2640 1045 aclibidinem
2675 991 2770 1044 illo
2801 989 3040 1044 foveant.

1775 1083 1860 1134 i7.
1905 1081 2126 1150 Triplex
2175 1097 2340 1136 causa
2381 1090 2466 1135 est
2515 1097 2580 1135 ac
2627 1082 2768 1136 ratio
2816 1080 3079 1151 diligendi
3119 1095 3290 1149 pecu-

1703 1171 1852 1236 nias;
1899 1172 2243 1240 voluptatum
2284 1187 2460 1236 amor,
2507 1171 2685 1225 inanis
2723 1171 2896 1242 gloria
2939 1175 2996 1224 et
3037 1167 3290 1222 difﬁden-

1705 1262 1803 1316 tia.
1861 1263 2102 1332 Utraque
2159 1272 2345 1318 autem
2402 1264 2558 1334 pejor
2605 1279 2668 1318 ac
2719 1262 2960 1318 deterior
3011 1268 3096 1314 est
3153 1258 3292 1314 difﬁ-

1707 1353 1916 1408 dentia.

1781 1444 1867 1499 18.
1909 1446 1958 1500 Is
1989 1447 2212 1514 quidem
2249 1447 2342 1515 qui
2373 1445 2642 1515 voluptati
2685 1445 2906 1500 deditus
2941 1453 3046 1510 est,
3083 1443 3292 1499 idcirco

1705 1537 1970 1607 pecunias
2013 1537 2210 1608 diligit,
2257 1545 2316 1589 ut
2361 1552 2461 1605 per
2499 1551 2594 1590 eas
2635 1525 2852 1589 delicﬁs
2890 1535 3102 1588 diffluat
3143 1550 3156 1586 :
3195 1533 3292 1602 qui

1707 1637 1890 1682 autem
1927 1628 2108 1681 inanis
2143 1628 2330 1698 gloria:
2372 1627 2606 1696 cupidus
2640 1625 2804 1697 429
2843 1633 2946 1691 est,
2979 1633 3040 1679 ut
3071 1639 3170 1694 per
3202 1638 3294 1677 cas

1708 1721 1882 1790 gloria
1907 1720 2152 1790 fulgeat:
2186 1727 2260 1782 at,
2287 1719 2381 1788 qui
2417 1717 2718 1772 difﬁdentia
2748 1718 2960 1772 laborat
2989 1731 3086 1770 seu
3109 1717 3294 1770 incre—

31 1808 164 1878 ιύτῷ
193 1809 394 1878 μᾶλλον
423 1811 654 1876 ἐλπίζει,
691 1812 722 1883 ἣ
759 1815 852 1865 ἐπ)⁴
880 1813 956 1884 τῷ
997 1814 1118 1884 Θεῷ
1150 1813 1227 1885 τῷ
1277 1814 1460 1884 πάσης
1488 1813 1610 1866 κτί-

1726 1811 1874 1866 lulus
1897 1821 2002 1876 est,
2029 1819 2090 1864 ut
2119 1811 2360 1864 occultet
2387 1823 2450 1864 ac
2476 1815 2677 1874 servet,
2712 1808 2910 1862 famem
2939 1808 3158 1870 timens,
3201 1813 3296 1860 aut

31 1915 158 1960 ῖεως
214 1898 554 1970 δημιουργῷ,
589 1902 680 1956 καὶ
717 1903 1014 1972 προνοητῇ,
1063 1901 1169 1966 ἐως
1215 1902 1322 1956 τῶν
1365 1901 1608 1972 ἐσχάτων

31 1989 108 2042 tati.
151 1990 502 2059 μικροτάτων
536 1989 710 2055 ζώων.

87 2257 181 2310 ιθν.
224 2257 501 2328 Τέσσαρὲς
539 2259 675 2310 εἰσιν
706 2260 754 2310 οἱ
816 2259 1264 2330 περιποιούμενοι
1318 2260 1608 2329 χρήματαο

31 2350 62 2401 :l
96 2348 494 2418 προειρημένοι
543 2351 714 2418 τρεῖς,
750 2349 845 2401 καὶ
877 2351 904 2401 ὁ
936 2349 1298 2418 οἰκονομικός.
1349 2349 1523 2410 Μόνος
1553 2349 1609 2400 δὲ

32 2435 174 2504 ὦτος
199 2439 444 2510 δηλονότι
473 2441 648 2510 ὀρθῶς
687 2445 1074 2511 περιποιεῖται,
1123 2441 1208 2493 ἵνα
1255 2443 1470 2511 ἑκάστῳ
1511 2441 1612 2508 τὴν

31 2536 212 2607 (ρεῖαν
237 2536 490 2604 παρέχων
523 2534 596 2606 μὴ
625 2535 874 2606 διαλείπῃ
903 2534 1052 2586 ποτέ.

87 2821 158 2868 κ’.
195 2814 407 2875 Πάντες
453 2813 500 2864 οὶ
531 2811 795 2881 ἐμπαθεῖς
835 2812 1148 2883 λογισμοὶῆ
1183 2813 1243 2866 τὸ
1281 2812 1614 2882 ἐπιθυμητι-

31 2907 112 2959 ιιὺν
139 2907 244 2974 τῆς
269 2903 447 2974 ψυχῆς
493 2902 832 2973 ἐρεθίζουσιν
854 2943 866 2966 ,
903 2903 934 2974 ἢ
969 2903 1028 2955 τὸ
1056 2903 1288 2974 θυμικὸν
1335 2903 1608 2973 ἐκταράσ-

31 3013 230 3060 σουσιν,
257 2995 290 3063 ἢ
321 2994 382 3046 τὸ
402 2993 711 3061 λογιστικὸν
735 2992 1140 3056 ἐπισκοτίζουσι
1167 3011 1178 3024 '
1207 2995 1300 3047 καὶ
1330 2995 1393 3046 ἐκ
1423 2993 1611 3046 τούτου

31 3084 315 3156 συμϐαίνει
334 3084 427 3135 τὸν
463 3083 586 3137 νοῦν
616 3083 990 3152 όφθαλμιάσαι
1019 3085 1152 3156 πρὸς
1181 3087 1278 3156 τὴν
1308 3102 1612 3156 πνευματι-

31 3177 122 3248 κὴν
151 3176 408 3246 θεωρίαν,
438 3177 532 3228 καλ¹
559 3163 657 3246 τὴν
695 3177 790 3245 τῆς
815 3177 1128 3247 προσευχῆς
1155 3177 1442 3246 ἐκδημίαν.
1501 3178 1610 3229 Καὶ

31 3269 214 3322 τούτου
247 3268 408 3338 χάριν
434 3267 692 3337 όφείλειό
727 3269 982 3338 μοναχὸς,
1017 3270 1111 3322 καὶ
1145 3270 1382 3339 μάλιστα
1485 3271 1612 3339 ἡσυ-

31 3360 234 3432 χάζων,
295 3361 540 3427 ἀκριϐῶς
588 3361 698 3422 τοῖς
728 3361 1007 3428 λογισμοῖς
1043 3361 1351 3430 προσέχειν,
1394 3361 1490 3414 καὶ
1515 3361 1614 3424 τὰς

31 3451 234 3505 τούτων
261 3451 436 3515 αἰτίας
464 3452 559 3504 καὶ
589 3451 789 3518 γνῶναι
821 3451 915 3504 καὶ
950 3452 1262 3504 ἐκκόπτειν.
1313 3451 1612 3505 Γινώσκειν

31 3544 79 3598 δὲ
108 3543 316 3606 οὕτως·
353 3539 486 3604 οἷον,
515 3543 820 3614 ἐρεθίζουσι
859 3544 920 3596 τὸ
965 3544 1361 3614 ἐπιθυμητικὸν
1387 3547 1484 3610 τῆς
1515 3546 1616 3612 ψυ-

31 3637 127 3706 χῆς
153 3636 214 3689 αἱ
253 3635 520 3704 ἐμπαθεῖς
552 3635 764 3704 μνῆμαι
814 3634 922 3686 τῶν
955 3635 1262 3702 γυναικῶν·
1317 3635 1522 3688 τούτων
1559 3637 1612 3687 δὲ

31 3721 198 3789 αἰτία,
237 3727 270 3795 ή
295 3724 406 3776 τῶν
437 3723 745 3795 βρωμάτων
775 3726 870 3778 καὶ
910 3726 1174 3794 πομάτων
1207 3726 1468 3796 ἀκρασία,
1521 3725 1614 3778 καὶ

31 3821 56 3890 ἡ
96 3817 414 3871 αὐτῶντῶν
439 3816 718 3884 γυναικῶν
757 3814 938 3886 πυκνὴ
965 3816 1057 3868 καὶ
1098 3815 1290 3882 ἄλογος
1330 3815 1611 3885 συντυχία.

31 3908 360 3980 Περικόπτει
393 3907 451 3960 δὲ
503 3908 705 3970 ταύτας
738 3909 900 3961 πεῖνα
925 3907 1019 3958 καὶ
1051 3907 1180 3976 δίψα
1211 3906 1303 3958 καὶ
1338 3895 1618 3976 ἀγρυπνία

31 4003 118 4054 καὶ
141 4000 518 4072 ἀναχώρησις.
551 3999 656 4052 Τὸν
680 4000 736 4053 δέ
769 3999 940 4070 θυμὸν
973 3998 1136 4052 πάλιν
1187 3999 1618 4069 ἐκταράσσουσιν

31 4097 80 4149 αἱ
107 4093 386 4166 ἐμπαθεῖς
421 4093 631 4164 μνῆμαι
664 4092 772 4146 τῶν
800 4092 1195 4164 λυπησάντωνο
1224 4091 1372 4144 αἰτία
1399 4092 1456 4144 δέ
1495 4091 1620 4144 τού-

31 4203 156 4252 των,
191 4183 479 4255 φιληδονία
509 4185 602 4238 καὶ
636 4182 911 4247 κενοδοξία
943 4183 1039 4237 καὶ
1080 4182 1348 4252 φιλοῡλία.
1380 4181 1480 4236 Διά
1512 4183 1620 4252 γὰρ

31 4277 201 4331 ταῦτα
235 4278 264 4328 ό
297 4275 555 4345 ἐμπαθὴς
596 4275 870 4337 λυπεῖται,
917 4273 950 4344 ἢ
1003 4275 1080 4338 ὡς
1133 4273 1443 4343 στερηθεὶς,
1476 4273 1507 4342 ἢ
1544 4272 1620 4336 ὡς

32 4370 106 4440 μὴ
137 4364 437 4436 ἐπιτυχών.
461 4365 790 4436 Περικόπτει
823 4365 878 4418 δέ
901 4363 1100 4426 ταύτας
1148 4365 1180 4433 ἡ
1205 4364 1409 4416 τούτων
1441 4363 1622 4416 αὐτῶν

1713 1911 2074 1966 senectutem,
2117 1911 2212 1956 aut
2253 1902 2534 1965 morbum,
2583 1909 2679 1954 aut
2721 1899 3018 1954 incolatum
3064 1917 3077 1949 :
3121 1898 3296 1968 magis

1713 1995 1766 2048 in
1805 1995 1906 2064 eis,
1941 2009 2102 2062 quam
2153 1993 2208 2046 in
2259 1993 2391 2056 Deo,
2432 2007 2618 2045 rerum
2657 1989 2906 2043 omnium
2950 1997 3195 2053 auctore,
3232 2003 3297 2042 ac

1712 2089 1806 2154 qui
1841 2083 2056 2138 cunctis
2080 2083 2388 2152 provideat,
2425 2082 2496 2135 ad
2530 2095 2804 2136 extremas
2839 2095 3012 2150 usque
3042 2081 3298 2136 minutis-

1711 2179 1988 2246 simasque
2013 2177 2342 2240 animantes,
2369 2189 2522 2244 spem
2550 2189 2784 2244 ponens.

1783 2269 1871 2322 19.
1913 2269 2161 2334 Quatuor
2209 2275 2338 2322 sunt
2385 2266 2670 2320 hominum
2712 2279 2944 2335 genera,
2985 2263 3080 2331 qui
3127 2277 3286 2331 pecu-

1711 2363 1820 2417 niis
1863 2363 2116 2428 student;
2153 2363 2256 2416 tria
2303 2365 2415 2432 jam
2469 2364 2771 2424 nominata,
2815 2371 2870 2416 et
2914 2363 3070 2431 cujus
3115 2370 3298 2430 partes

1713 2455 2068 2524 dispensandi
2123 2453 2264 2516 sint,
2316 2453 2404 2506 vel
2455 2452 2664 2520 publici
2705 2452 2790 2504 vel
2843 2451 3040 2520 privati
3091 2437 3294 2504 mrarii.

1714 2547 1875 2602 Solus
1921 2557 2105 2599 autem
2155 2545 2246 2598 hic
2304 2552 2453 2597 recte
2493 2544 2561 2596 iis
2595 2559 2782 2597 curam
2831 2543 3018 2604 habet,
3055 2549 3114 2595 ut
3153 2557 3298 2594 nun—

1713 2653 1877 2708 quam
1901 2637 2066 2700 desit,
2092 2651 2202 2706 quo
2227 2635 2388 2705 justas
2418 2638 2683 2706 cujusque
2709 2634 3024 2692 necessitati
3051 2631 3300 2686 sufficere

1721 2731 1915 2802 possit.

1782 2821 1873 2876 20.
1917 2821 2138 2876 Vitiosa:
2185 2834 2378 2875 omnes
2427 2835 2491 2874 ac
2543 2819 2856 2874 libidinosae
2903 2817 3300 2889 cogitationes,

1717 2921 1811 2968 aut
1860 2913 2346 2982 concupiscentem
2400 2911 2568 2965 animi
2615 2919 2825 2980 partem
2875 2910 3168 2979 proritant,
3207 2917 3303 2964 aut

1717 3003 2044 3055 irascentem
2081 3001 2436 3064 conturbant,
2473 3007 2568 3053 aut
2607 3001 2874 3053 rationem
2910 2998 3298 3052 obtencbrant.

1719 3091 1965 3160 [linoque
2012 3091 2283 3160 contingit
2329 3091 2587 3144 czecutire
2634 3097 2875 3144 mentem
2917 3087 3062 3157 quod
3107 3087 3304 3140 attinet

1715 3185 1782 3236 ad
1815 3183 2114 3250 spiritalem
2154 3182 2706 3250 contemplationem,
2741 3189 2796 3234 et
2837 3189 2898 3232 ut
2943 3183 3206 3246 evagetur
3247 3176 3304 3228 in

1714 3275 1983 3328 oratione.
2025 3273 2235 3327 idcirco
2271 3273 2434 3326 etiam
2467 3288 2646 3341 opera:
2678 3272 2916 3340 pretium
2975 3278 3056 3322 est
3093 3275 3152 3320 ut
3185 3281 3304 3318 mo-

1714 3367 1945 3428 nachus,
1979 3363 2214 3418 maxime
2245 3379 2376 3417 vero
2408 3361 2500 3431 qui
2529 3362 2808 3416 solitarius
2840 3366 2982 3430 agat,
3012 3359 3306 3427 diligenter

1715 3455 2143 3526 cogitationibus
2192 3455 2433 3508 animum
2478 3453 2746 3515 attendat,
2779 3463 3080 3518 earumque
3113 3461 3305 3501 causas

1717 3561 1831 3604 tum
1879 3549 2132 3610 noverit,
2185 3554 2298 3600 tum
2351 3546 2652 3600 exscindat.
2703 3543 2930 3598 Noverit
2971 3551 3152 3596 autem
3198 3541 3306 3592 hoc

1717 3642 1834 3694 fere
1885 3641 2086 3704 modo,
2139 3639 2296 3692 verbi
2348 3638 2542 3706 gratia,
2595 3636 3077 3704 concupiscentem
3138 3631 3306 3685 animi

1718 3739 1929 3801 partem
1961 3730 2234 3799 proritant
2255 3730 2563 3782 libidinosze
2597 3729 2888 3782 mulierum
2919 3725 3162 3796 repetita:
3199 3739 3311 3777 mc-

1719 3822 1926 3874 tnoriac.
1978 3819 2184 3872 llarum
2240 3827 2422 3871 autem
2473 3833 2672 3880 causa,
2728 3817 2975 3870 ciborum
3034 3825 3306 3884 potusque

1721 3910 2148 3979 intemperantia
2179 3917 2285 3972 cst,
2330 3910 2684 3978 ipsarumque
2727 3907 3020 3959 mulierum
3057 3905 3308 3959 crebrius

1721 4009 1984 4071 extraque
2029 4003 2300 4054 rationem
2345 4000 2586 4068 expetita
2637 3997 2928 4066 colloquia.
2964 3993 3311 4049 Exscindunt

1720 4109 1853 4148 vero
1897 4093 2033 4156 haec,
2069 4091 2241 4145 fames
2271 4095 2327 4145 et
2359 4091 2478 4144 sitis
2504 4099 2558 4145 ct
2588 4090 2809 4159 vigilias,
2837 4095 2892 4142 et
2927 4101 3178 4140 secessus
3212 4101 3306 4140 seu

1725 4183 2042 4240 solitudinis
2068 4191 2285 4250 captata
2317 4181 2555 4236 silentia.
2589 4181 2690 4235 Irae
2721 4180 2832 4233 vim
2864 4193 3056 4232 rursus
3089 4183 3312 4230 contur—

1725 4275 1878 4339 bant,
1917 4290 2043 4329 cnm
2076 4273 2276 4327 affectu
2317 4271 2625 4342 conjuncta:
2663 4285 2854 4324 eorum
2901 4267 3312 4322 recordationes

1727 4367 1822 4438 qui
1853 4366 2112 4435 injuriam
2149 4364 2351 4419 fecere.
2385 4364 2591 4418 Harum
2619 4370 2802 4416 autem
2834 4375 3017 4424 causa,
3059 4359 3312 4428 volupta-

31 4457 439 4528 καταφρόνησις
497 4457 590 4510 καὶ
640 4456 1026 4521 ἐξουδένωσις,
1077 4455 1164 4509 διά
1209 4455 1308 4526 τὴν
1349 4457 1429 4519 είς
1485 4455 1616 4508 Θεὸν

1729 4467 1843 4510 tum
1887 4453 2081 4519 libido,
2107 4453 2407 4522 inanisque
2442 4452 2614 4522 gloria
2653 4467 2716 4505 ac
2752 4459 3098 4504 terrenorum
3136 4463 3310 4501 amor.

31 4547 282 4616 ἀγάπην.

1726 4547 1854 4601 Haec
1894 4545 2042 4600 enim
2088 4552 2236 4606 sunt,
2275 4559 2510 4612 quorum
2554 4557 2716 4595 causa
2769 4555 3006 4595 maerore
3055 4537 3312 4603 adicitur,

32 4642 125 4709 qui
159 4641 453 4695 aﬂ‘cctihus
487 4639 722 4705 laborat,
755 4640 840 4693 vel
872 4639 1030 4708 quasi
1057 4637 1324 4702 amiserit,
1387 4639 1470 4692 vel
1538 4640 1684 4708 quod
1726 4639 1952 4693 minime
1993 4653 2218 4706 compos
2257 4635 2431 4690 factus
2466 4635 2555 4689 sit.
2601 4634 2726 4688 [hcc
2757 4647 2884 4686 vero
2916 4636 3181 4700 amputat,
3210 4631 3298 4685 ho-

35 4750 158 4786 rum
194 4733 442 4802 ipsorum
484 4739 834 4798 contemptus
875 4745 938 4784 ac
982 4730 1283 4798 despectio,
1309 4745 1416 4798 qua
1453 4731 1622 4784 Deum
1665 4732 1935 4786 charitate
1973 4730 2270 4800 diligimus.

103 4832 210 4878 καν.
247 4823 512 4877 Γινώσκει
547 4823 728 4887 ὁΘεὺς
755 4825 965 4888 ἐαυτὸν,
1009 4825 1267 4890 γινώσκει
1304 4825 1396 4876 καὶ
1427 4825 1490 4876 τὰ
1531 4825 1622 4876 ὑπ’

37 4915 202 4968 αὗτοῦ
231 4915 516 4982 γεγονότα.
573 4913 909 4966 Γινώσκουσι
961 4913 1018 4965 δὲ
1045 4913 1222 4966 κοιὶαὶ
1259 4912 1408 4979 ἅγιαι
1459 4913 1624 4965 Δυνά-

41 5025 164 5076 μεις
199 5007 293 5060 τὸν
324 5007 457 5058 Θεόν
479 5020 492 5033 ·
519 5005 850 5072 γινώσκουσι
875 5005 934 5057 δὲ
965 5003 1146 5056 καὶτὰ
1167 5003 1271 5055 ὑπὸ
1303 5002 1436 5054 Θεοῦ
1465 5019 1621 5071 γεγο-

37 5101 186 5153 vita.
229 5097 366 5150 Ἂλλ⁹
403 5099 498 5166 οὐχ
537 5097 612 5160 ὼς
655 5099 682 5150 ὁ
712 5097 844 5158 Θεὸς
879 5094 1138 5162 γινώσκει
1187 5094 1376 5147 ἐαυτὸν
1434 5093 1528 5147 καὶ
1561 5095 1627 5147 τὰ

41 5189 132 5241 ὑπ’
161 5188 329 5242 αὐτοῦ
361 5189 650 5257 γεγονότα,
682 5188 825 5240 οὕτω
851 5187 947 5239 καὶ
977 5190 1030 5240 αί
1062 5187 1214 5256 ἅγιαι
1247 5186 1516 5255 Δυνάμεις
1537 5186 1625 5239 τὶν

43 5279 180 5332 Θεὸν
203 5282 297 5332 καὶ
335 5280 401 5332 τὰ
439 5280 532 5332 ὑπ’
554 5278 722 5332 αὑτοῦ
751 5279 1037 5348 γεγονότα.

118 5397 190 5458 th)
233 5396 408 5462 ’Υπὲρ
437 5397 620 5458 τίνος.
657 5395 737 5448 Ab
759 5394 883 5455 hac,
917 5409 1028 5446 non
1057 5391 1262 5446 infelici
1287 5392 1380 5445 illo
1406 5391 1628 5462 quidem

46 5461 386 5532 ('t'ilzjt'tiilli‘ﬂ,
415 5469 528 5534 ipsa
557 5475 736 5518 tamen
797 5464 936 5517 haud
990 5463 1218 5534 ditlieili,
1248 5465 1330 5534 vel
1367 5463 1410 5534 si
1460 5461 1628 5534 codd.

47 5537 334 5598 «ir-ssent,
370 5532 562 5604 incipit
596 5537 810 5598 Billius,
837 5533 1199 5602 quorumdam
1253 5532 1634 5604 .‘l‘iaximimca—

48 5606 227 5672 pium:
261 5605 326 5656 de
357 5601 622 5659 charitatc
671 5601 1148 5662 emendationem,
1213 5611 1360 5655 tanta
1426 5601 1633 5653 scilicet

50 5671 226 5742 Angia
261 5685 459 5741 spreta,
493 5687 752 5744 quantam
789 5673 1170 5744 superioribus
1203 5671 1400 5744 partim
1449 5680 1634 5744 osten—

53 5740 224 5808 di,ac
255 5740 406 5812 quasi
431 5740 623 5814 digito,
653 5740 933 5820 nonnullis
1001 5741 1066 5794 ad
1115 5743 1392 5810 specimen
1453 5740 1632 5792 allatis

1797 4826 1886 4878 2i.
1921 4825 2066 4880 Dens
2096 4839 2152 4876 se
2189 4823 2304 4891 ipse
2337 4816 2650 4888 cognoscit;
2687 4813 2967 4884 cognoscit
3001 4809 3165 4864 etiam
3194 4821 3314 4876 quae

1731 4917 1800 4969 ab
1831 4917 1950 4985 ipso
1985 4914 2204 4968 condita
2235 4919 2383 4964 sunt.
2423 4908 2526 4962 Sed
2559 4915 2614 4960 et
2647 4913 2847 4960 sanctrc
2873 4902 3117 4956 Virtutes
3145 4899 3314 4950 Deum

1735 5012 2094 5074 cognoscunt;
2115 5002 2248 5071 quin
2275 5000 2440 5053 etiam
2461 5003 2821 5065 cognoscunt,
2843 5007 2964 5060 qua:
2991 5005 3020 5042 a
3045 4991 3158 5042 Deo
3185 5001 3314 5038 con-

1737 5097 1850 5151 dita
1877 5102 2024 5150 sunt.
2063 5095 2126 5146 At
2155 5107 2266 5145 non
2298 5090 2436 5143 sicut
2469 5090 2612 5141 Deus
2634 5103 2690 5139 se
2713 5088 2890 5152 ipsum
2915 5075 3217 5148 cognoscit,
3251 5090 3315 5128 ac

1733 5200 1856 5254 qum
1885 5186 1954 5238 ab
1981 5185 2100 5252 ipso
2128 5181 2346 5236 condita
2369 5187 2519 5240 sunt,
2550 5177 2630 5229 sic
2661 5174 2822 5228 etiam
2844 5177 3046 5225 sanctae
3073 5169 3316 5221 Virtutes

1733 5277 1902 5330 Deum
1917 5284 2359 5346 coguoscunt,ac
2373 5285 2494 5339 qua:
2526 5269 2636 5321 Deo
2659 5274 2885 5319 auctore
2916 5260 3136 5315 condita
3165 5263 3312 5311 sunt.

1733 5407 1798 5445 ac
1827 5388 2060 5450 sullixis,
2095 5386 2418 5440 monstravi.
2483 5383 2596 5436 Nec
2641 5373 3110 5455 _i.n__sequ_en_tibu‘s_
3155 5371 3314 5455 longe

1731 5461 1847 5514 fere
1883 5446 2144 5526 majorem
2209 5457 2293 5508 vir
2339 5455 2536 5526 doctus
2587 5448 2809 5502 adhibet
2864 5446 3227 5526 diligentiam,
3255 5449 3316 5520 ut

1731 5511 1876 5598 quod
1905 5511 1984 5581 illi
2016 5528 2070 5579 in
2105 5526 2339 5598 Maximo
2389 5522 2632 5598 positum
2659 5588 2668 5598 _
2692 5531 2893 5596 operte,
2941 5511 3314 5598 liaudjllagni

1731 5587 1820 5664 sit,
1845 5613 2156 5667 quanquam
2184 5605 2240 5650 ct
2301 5587 2415 5664 ipse
2469 5587 2906 5645 eruditissimum
2953 5587 3138 5637 virum
3186 5593 3314 5636 eum

1731 5667 1994 5740 agnoscit.
