3876 6314
31 213 164 283 10-25

861 229 1195 289 CAPITUM
1237 228 1334 288 DE
1373 223 1802 286 CIIABITATE
1838 205 2227 283 CENTURIA
2265 223 2381 284 ΙΙΙ.

3120 219 3256 290 1026

90 340 184 404 κζ’.
220 341 277 393 Ὀ
320 337 417 411 μὲν
462 339 593 404 Θεὸς
630 347 706 404 ὡς
735 340 1104 411 αὑτοΰπαρξις
1166 337 1240 390 ὣν
1279 337 1374 389 καὶ
1416 336 1575 389 αὖτο-
1605 353 1620 398 Α

1751 336 1839 390 27.
1875 337 2019 390 Deus
2047 336 2268 405 quidem
2297 335 2390 404 qui
2426 336 2541 405 ipsa
2572 351 2669 405 per
2700 351 2758 392 se
2779 337 3044 392 exsistens
3073 353 3263 394 essen-

31 433 280 501 ιγαθότης
306 432 399 484 καὶ
423 431 716 500 αὐτοσοφία
747 448 761 462 ·
797 431 994 502 μᾶλλον
1029 430 1085 483 δὲ
1107 428 1470 499 ἀληθέστερον
1501 428 1571 479 εί-

31 524 154 587 ιιεῖν,
185 523 274 574 καὶ
307 521 445 590 ὑπὲρ
475 520 645 574 ταῦτα
673 524 868 587 πάντα,
910 521 1061 574 οὐδὲν
1101 519 1214 590 εχει
1247 519 1308 572 τὸ
1363 519 1582 571 σύνολον

31 612 274 664 ιναντίον.
312 611 392 662 Τὰ
419 610 474 662 δὲ
512 610 806 680 κτίσμα-ια,
851 612 926 672 ὡς
969 611 1146 663 πάντα
1210 609 1308 679 μὲν
1366 607 1582 677 μεθέξει

31 704 108 756 (αὶ
152 703 331 773 χάριτι
384 702 481 772 τὴν
521 701 755 772 ὓπαρξιν
801 690 993 772 ἔχοντα
1024 717 1039 732 ο
1086 700 1243 753 τὰδὲ
1267 699 1459 768 λογικὰ
1489 699 1583 751 καὶ

31 794 194 864 ιοερὰ,
221 795 314 850 καὶ
343 793 441 865 τὴν
462 794 793 864 ἁγαθότητος
818 795 914 848 καὶ
948 792 1136 863 σοφίας
1155 791 1580 862 ἐπιτηδειότητα,

31 885 125 954 ἔχει
161 885 399 939 ἐναντίον
423 903 436 916 ο
479 888 550 956 τῇ
581 885 678 955 μὲν
705 885 958 956 ὑπάρξει,
988 886 1048 937 τὸ
1083 884 1159 954 μὴ
1189 882 1454 953 ὑπάρχειν
1475 899 1488 911 ·
1516 883 1583 952 τῇ

31 978 66 1028 ss
96 977 196 1044 τῆς
227 976 564 1048 ἁγαθότητος
597 977 690 1028 καὶ
721 975 910 1044 σοφίας
947 973 1359 1045 ἐπιτηδειότητι,
1393 971 1586 1025 κακίαν

31 1069 103 1119 cui.
129 1068 420 1136 ἀγνωσίαν.
459 1068 566 1120 Καὶ
599 1068 660 1120 τὸ
697 1067 796 1138 μὲν
827 1067 1098 1136 ὑπάρχειν
1121 1066 1206 1120 ἀεὶ
1233 1064 1266 1135 ἢ
1304 1065 1377 1136 μὴ
1413 1064 1590 1132 ὑπάρ-

31 1177 124 1228 ξειν
157 1159 330 1212 ταῦτα
362 1159 475 1231 [Fr.
506 1159 572 1212 τὰ
605 1160 798 1227 λογικὰ
831 1159 926 1212 καὶ
953 1156 1159 1229 vespa},
1189 1158 1246 1210 ὲν
1275 1160 1339 1226 τῇ
1371 1155 1589 1231 ἐξουσίᾳ

31 1251 103 1303 ςοῦ
139 1252 501 1318 πεποιηκότος
529 1252 643 1304 ἐστί
664 1267 676 1279 ⁶
699 1253 757 1304 τὸ
777 1251 833 1303 δὲ
865 1250 1108 1321 μετέχειν
1133 1251 1230 1319 τῆς
1257 1228 1590 1316 ἁγαθόέητος

31 1340 184 1393 ιύτοῦ
223 1343 317 1393 καὶ
356 1343 448 1411 τῆς
478 1341 669 1410 σοφίας
705 1340 838 1412 ἢμὴ
874 1341 1140 1412 μετέχειν,
1163 1343 1218 1393 ὲν
1240 1343 1304 1410 τῇ
1340 1338 1591 1409 βουλήσει

31 1432 117 1484 ςῶν
140 1431 373 1500 λογικῶν
397 1431 653 1503 ὑπάρχει.

77 1717 189 1782 κη’,
222 1711 286 1763 Οἱ
331 1709 425 1780 μὲν
459 1709 716 1779 ’Έλληνες
752 1709 830 1776 (n)
885 1707 943 1771 ἐξ
976 1708 1146 1760 ἀϊδίου
1179 1706 1425 1774 λέγοντες
1473 1723 1592 1759 συν-

31 1803 284 1873 υπάρχειν
309 1801 387 1868 τῷ
425 1799 542 1869 Θεῷ
569 1799 668 1868 τὴν
693 1797 800 1849 τῶν
837 1797 1004 1849 ὄντων
1033 1796 1236 1857 οὐσίαν,
1258 1796 1356 1858 τὰς
1377 1795 1434 1848 δὲ
1464 1794 1594 1866 περὶ

31 1894 181 1964 ιὺτὴν
231 1891 523 1961 ποιότητας
557 1891 728 1960 ⁴μόνον
756 1889 815 1956 ἐξ
840 1888 1004 1942 αὐτοῦ
1033 1889 1320 1959 ἐσχηκέναι
1351 1904 1365 1919 ο
1403 1891 1468 1959 τῇ
1496 1889 1596 1958 μὲν

37 1986 194 2056 ficia},
232 1983 383 2036 οὐδὲν
413 1983 660 2051 λέγουσιν
685 1981 926 2034 ἐναντίον
953 1996 965 2009 ⁸
1002 1982 1061 2033 ἐν
1091 1981 1148 2033 δὲ
1184 1982 1304 2041 ταῖς
1346 1980 1594 2050 ποιότησι

31 2076 230 2139 ιόναις,
264 2073 364 2144 τὴν
418 2072 731 2124 ἐναντίωσιν
770 2065 930 2124 εἶναι.
973 2071 1164 2139 Ἡμεῖς
1206 2069 1262 2122 δὲ
1306 2070 1472 2139 μόνην
1511 2069 1595 2122 λέ-

31 2182 182 2235 ὀμεν
214 2165 312 2234 τὴν
342 2163 496 2217 θείαν
517 2163 702 2216 οὐσίαν
761 2161 834 2234 μὴ
886 2162 1031 2232 ἔχειν
1087 2179 1139 2214 τι
1196 2159 1456 2220 ἐναντίον,
1520 2160 1596 2224 ὡς

31 2252 186 2306 ιῖδιόν
224 2268 284 2305 τε
315 2247 482 2304 οὖσαν
514 2250 606 2303 καὶ
632 2250 882 2320 ἄπειρον,
907 2250 1001 2302 καὶ
1022 2248 1318 2319 ἁϊδιότητος
1340 2247 1596 2318 ἀλλήλαις

31 2345 348 2416 ζαριστικήν
381 2361 394 2374 ·
428 2347 494 2415 τῇ
527 2343 583 2396 δὲ
613 2342 720 2397 τῶν
746 2343 913 2395 ὄντων
943 2341 1118 2411 οὐσίᾳ,
1143 2337 1281 2393 εἶναι
1312 2340 1409 2410 μὲν
1431 2341 1492 2392 τὸ
1523 2341 1596 2411 μὴ

33 2457 62 2492 ν
80 2438 352 2491 ἐναντίον·
377 2437 472 2491 καὶ
499 2438 556 2489 ἐν
577 2439 643 2507 τῇ
673 2435 889 2506 ἐξουσίᾳ
910 2433 1004 2487 τοῦ
1031 2427 1242 2504 κυρίως
1256 2434 1406 2495 ὄντος
1425 2433 1600 2502 ὑπάρο

31 2551 147 2603 ;ειν,
180 2533 248 2585 τὸ
278 2532 364 2585 ἀεὶ
403 2525 542 2583 εἶναι
574 2527 741 2598 αὐτὴν
795 2526 826 2597 ἢ
871 2527 946 2597 μὴ
997 2522 1156 2592 εἶναι,
1201 2525 1594 2595 ἀμεταμέλητα

32 2622 64 2672 ἑὲ
96 2615 248 2672 εἶναι
285 2618 353 2671 τὰ
409 2617 724 2688 χαρίσματα
757 2611 958 2667 αὐτοῦ.
988 2614 1098 2666 Καὶ⁸
1146 2613 1233 2666 διὰ
1285 2611 1464 2674 τοῦτο,
1507 2611 1600 2678 καὶ

38 2730 164 2766 στιν
220 2709 328 2775 ἀεὶ,
370 2710 461 2762 καὶ
514 2707 667 2760 ἔσται
711 2709 778 2776 τῇ
836 2705 1312 2773 παντοκρατορικῇ
1374 2702 1599 2772 δυνάμει

40 2801 483 2875 ιακρατουμένη,
540 2801 589 2852 εί
644 2798 739 2852 καὶ
781 2797 895 2867 ἔχει
946 2798 1004 2850 τὸ
1041 2795 1114 2866 μὴ
1145 2794 1204 2847 ὂν
1236 2794 1494 2856 ἐναντίον,
1526 2792 1601 2857 ὡς

38 2896 264 2965 ῖρηται,
294 2893 369 2956 ὡς
403 2894 466 2945 ὲκ
499 2891 574 2961 μὴ
618 2890 769 2953 ὄντος
803 2891 883 2952 εἰς
934 2887 995 2940 τὸ
1042 2883 1182 2941 εἶναι
1234 2885 1598 2956 παραχθεῖσα,

1685 429 1758 483 tia
1780 438 1836 483 et
1861 429 2080 484 bonitas
2110 437 2166 484 et
2200 428 2468 497 sapientia
2502 429 2608 492 sit;
2639 429 2772 498 quin
2799 438 2855 484 et
2889 431 2975 485 his
3005 433 3265 488 omnibus

1686 517 1770 590 (ut
1799 520 1987 574 verius
2013 520 2228 588 loquar)
2272 519 2524 588 superior
2561 521 2815 587 exsistat;
2854 522 2992 576 nihil
3037 539 3265 592 prorsus

1683 611 1852 666 habet
1880 611 2244 666 contrarium.
2265 610 2460 666 Creata
2483 627 2636 678 vero,
2671 622 2731 667 ut
2753 614 2898 682 quod
2929 614 3113 670 omnia
3139 633 3266 687 par-

1687 703 2002 772 ticipatione
2037 718 2216 773 exque
2259 703 2434 772 gratia
2460 704 2718 768 habeant,
2750 705 2898 774 quod
2939 716 3068 761 sunt
3095 709 3148 762 in
3179 725 3266 764 re-

1686 810 1807 848 rum
1850 803 2077 860 natura;
2109 796 2318 851 utentia
2348 811 2564 865 quoque
2594 797 2806 852 ratione
2851 813 2915 852 ac
2952 799 3264 871 intelligen-

1689 885 1785 948 tia,
1818 885 1963 954 quod
1996 884 2258 940 bonitatis
2283 901 2346 941 ac
2381 887 2665 956 sapientiae
2692 890 3037 957 capessenda:
3069 892 3266 946 idonea

1687 977 1974 1042 exsistant,
2010 978 2346 1033 contrarium
2387 978 2622 1043 habent;
2653 980 2984 1035 cxsistentiae
3019 983 3262 1050 quidem,

1688 1082 1800 1120 non
1843 1067 2252 1134 exsistentiam;
2303 1068 2650 1137 capessendae
2702 1085 2834 1124 vero
2892 1071 3158 1127 bonitatis
3204 1091 3268 1128 ac

1691 1157 1970 1226 sapientia:
2011 1158 2328 1228 aptitudini,
2375 1159 2497 1214 vitii
2550 1160 2876 1229 pravitatem
2910 1171 2966 1216 et
3014 1163 3270 1233 ignoran-

1693 1248 1845 1301 tiam.
1879 1247 1955 1302 Ac
1983 1249 2202 1317 quidem
2233 1259 2293 1304 ut
2329 1249 2445 1305 haec
2476 1265 2693 1319 semper
2720 1251 2985 1307 exsistant
3026 1264 3120 1308 aut
3158 1272 3266 1309 non

1692 1339 1977 1404 exsistant,
2010 1342 2130 1411 ejus
2165 1341 2259 1409 qui
2287 1341 2536 1395 condidit
2579 1343 2793 1397 arbitrii
2827 1351 2913 1396 est
2953 1352 3008 1398 et
3031 1353 3272 1413 potesta-

1696 1428 1764 1482 tis
1795 1446 1806 1480 :
1834 1439 1895 1484 ut
1928 1439 2111 1484 autem
2151 1430 2296 1484 illius
2326 1430 2588 1484 bonitatis
2611 1439 2665 1484 et
2689 1431 2969 1499 sapientia:
3002 1449 3269 1488 commer-

1695 1522 1782 1576 cio
1811 1523 2086 1593 gaudeant
2109 1523 2196 1578 vel
2227 1537 2338 1576 non
2375 1522 2666 1592 gaudeant,
2703 1523 2760 1576 in
2803 1523 2921 1590 ipsa
2961 1525 3270 1581 animorum

1698 1615 1978 1668 voluntate
2008 1614 2278 1668 consistit.

1764 1706 1853 1760 28.
1883 1706 2078 1773 Graeci,
2125 1707 2220 1776 qui
2263 1723 2450 1762 rerum
2493 1709 2786 1764 essentiam
2815 1726 2876 1766 ac
2909 1711 3271 1767 substantiam

1696 1793 1764 1847 ab
1796 1804 2005 1849 aeterno
2045 1795 2208 1850 simul
2255 1810 2378 1848 cum
2412 1797 2525 1851 Deo
2565 1798 2836 1854 exstitisse
2874 1800 3079 1865 dicant,
3104 1801 3274 1855 solas-

1695 1902 1802 1957 que
1860 1888 1928 1942 ab
1958 1903 2024 1942 eo
2049 1888 2326 1957 accepisse
2361 1889 2652 1956 qualitates
2687 1905 2809 1958 quae
2847 1907 2966 1945 eam
2996 1893 3272 1958 amiciant,

1694 1976 1946 2032 essentiae
1975 1977 2195 2045 quidem
2241 1992 2303 2030 ac
2350 1978 2689 2042 substantiae,
2741 1979 2932 2034 dicunt
2974 1981 3108 2036 nihil
3155 1997 3273 2038 esse

1694 2068 2062 2133 contrarium;
2086 2083 2414 2138 omnemque
2436 2069 2573 2124 adeo
2596 2071 3044 2128 contrarietatem
3069 2074 3124 2128 in
3145 2075 3273 2129 solis

1696 2159 2052 2229 qualitatibus
2089 2175 2231 2215 esse.
2280 2160 2390 2216 Nos
2434 2166 2620 2215 autem
2654 2178 2820 2221 unam
2862 2163 3106 2218 divinam
3145 2165 3278 2220 sub-

1694 2252 1972 2315 stantiam,
2012 2251 2250 2308 dicimus
2293 2254 2444 2306 omni
2485 2253 2763 2308 contrario
2809 2270 3025 2319 carere;
3074 2256 3277 2325 quippe

1695 2351 1956 2397 aeternam
1989 2352 2043 2398 et
2076 2343 2368 2410 inﬁnitam,
2401 2344 2614 2412 hocque
2653 2345 2833 2412 ipsum
2879 2345 3112 2416 reliquis
3140 2363 3279 2416 prae-

1697 2441 1956 2498 stantem,
2001 2443 2062 2486 ut
2109 2448 2326 2502 semper
2368 2442 2424 2487 et
2470 2434 2600 2503 ipsae
2642 2447 3000 2502 permaneant
3041 2454 3054 2489 :
3090 2453 3277 2493 rerum

1698 2538 1831 2577 vero
1864 2524 2186 2578 substantiae
2233 2523 2286 2576 id
2334 2523 2674 2577 contrarium
2702 2540 2824 2580 esse
2867 2529 3276 2593 contendimus,

1700 2611 1847 2682 quod
1889 2623 1974 2666 est
2010 2626 2120 2664 non
2167 2626 2288 2666 esse
2331 2625 2395 2665 ac
2435 2611 2701 2677 nihilum;
2748 2611 2914 2681 inque
2956 2613 3105 2668 illius
3131 2614 3280 2683 quod

1699 2719 1828 2759 vere
1859 2719 1924 2758 ac
1954 2704 2176 2773 proprie
2211 2711 2296 2760 est
2326 2702 2563 2773 positum
2595 2714 2887 2774 potestate,
2921 2715 2980 2760 ut
3013 2707 3105 2762 illa
3139 2722 3282 2762 sem-

1701 2812 1801 2868 per
1832 2796 2076 2861 exsistat,
2111 2803 2207 2849 aut
2247 2811 2356 2850 non
2388 2796 2634 2851 exsistat.
2667 2796 2906 2851 Tametsi
2950 2799 3070 2867 ejus
3111 2796 3283 2852 dono-

1703 2905 1827 2945 rum
1858 2888 2004 2943 haud
2052 2888 2229 2958 ipsum
2262 2888 2525 2957 poeniteat
2556 2889 2623 2942 εί.
2674 2889 2861 2958 anue
2909 2889 3120 2944 ratione
3161 2903 3283 2945 esse

31 2985 104 3038 ια).
139 2986 203 3037 ὲν
238 2985 304 3054 τῇ
338 2981 588 3052 βουλήσει
623 2978 786 3033 αὑτοῦ
814 2977 1014 3048 ἔχουσα
1053 2977 1112 3030 τὸ
1165 2971 1307 3028 εἶναι
1355 2976 1523 3047 αὐτὴν
1566 2976 1600 3045 ἧ

1710 2997 1827 3036 eam
1856 2995 2071 3050 semper
2093 2995 2158 3035 ac
2187 2979 2302 3034 fore
2332 2980 2580 3034 omnium
2607 2982 3010 3036 conservatrice
3040 2981 3285 3052 potentia

31 3078 88 3146 ιὴ
109 3073 283 3130 εἶναι.

1710 3074 1779 3128 ad
1812 3071 2216 3143 perennitatem
2253 3086 2374 3125 eam
2406 3072 2745 3136 continente,
2779 3073 2995 3128 tametsi
3027 3087 3140 3126 non
3165 3087 3286 3127 esse

31 3176 186 3238 itque
214 3165 450 3221 nihilum
483 3163 816 3218 contrarium
843 3161 1028 3226 habet,
1061 3159 1143 3214 uti
1173 3159 1378 3214 dictum
1403 3168 1506 3225 est,
1542 3173 1602 3219 ut
1638 3181 1759 3236 quae
1790 3180 1854 3220 ex
1894 3163 2070 3218 nihilo
2111 3170 2174 3216 ut
2219 3170 2386 3226 esset,
2455 3161 2742 3231 producta,
2782 3161 2838 3216 in
2903 3178 3010 3218 una
3050 3163 3170 3232 ejus
3194 3178 3290 3216 vo.

31 3270 238 3318 untate
271 3259 375 3313 hoc
402 3256 547 3327 quod
574 3264 658 3310 est
683 3270 804 3309 eam
833 3270 952 3309 esse
992 3253 1078 3306 vel
1115 3267 1224 3307 non
1249 3267 1390 3317 esse,
1420 3253 1608 3308 habet.

83 3355 198 3411 κθ⁹.
244 3353 458 3422 Ὠσπερ
489 3351 548 3403 τὸ
577 3349 743 3403 κακὸν
779 3347 1038 3418 στέρησίς
1071 3349 1218 3400 ἐστιν
1246 3346 1474 3416 ἀγαθοῦ,
1509 3350 1606 3401 καὶ

31 3469 44 3520 ι
85 3444 351 3516 ἀγνωσία
380 3441 631 3513 στέρησίς
660 3442 776 3494 ἐστι
812 3438 1064 3508 γνώσεως
1087 3453 1102 3468 ⁸
1141 3436 1284 3491 οὕτω
1313 3438 1407 3492 καὶ
1444 3439 1504 3492 τὸ
1530 3439 1603 3512 μὴ

38 3561 71 3596 ν
119 3536 386 3608 στέρησίς
415 3539 529 3589 ἐστι
553 3532 647 3587 τοῦ
676 3533 828 3594 ὄντος
855 3548 870 3564 ο
903 3531 964 3584 οὐ
997 3529 1090 3584 τοῦ
1115 3529 1318 3601 κυρίως
1348 3530 1404 3584 δὲ
1432 3530 1604 3594 ὄντος*

37 3634 115 3686 ὖκ
179 3632 300 3701 ἔχει
342 3628 450 3699 γὰρ
483 3626 720 3681 ἐναντίον
754 3641 768 3657 ο
805 3623 940 3679 ἀλλὰ
965 3621 1064 3676 τοῦ
1094 3622 1232 3675 κατὰ
1273 3621 1488 3692 μέθεξιν
1509 3620 1606 3675 τοῦ

31 3724 237 3793 ;υρίως
274 3720 446 3782 ὄντος.
489 3718 602 3772 Καὶ
645 3719 698 3770 αί
732 3716 829 3788 μὲν
855 3715 961 3770 τῶν
1011 3714 1290 3786 προτέρων
1322 3714 1610 3784 στερήσεις

35 3820 70 3887 ᾔ
107 3811 318 3882 γνώμῃ
347 3810 455 3862 τῶν
476 3807 774 3876 γεγονότων
799 3805 1023 3858 ἕπονται
1048 3817 1062 3833 '
1091 3803 1125 3872 ἡ
1146 3801 1203 3855 δὲ
1223 3799 1315 3853 τοῦ
1353 3799 1608 3871 δευτέρου

31 3927 62 3960 ν
107 3908 187 3976 τῇ
227 3903 482 3972 βουλήσει
515 3898 609 3953 τοῦ
636 3897 998 3969 πεποιηκότος
1024 3894 1330 3965 ὕπάρχεται
1354 3908 1368 3924 °
1401 3891 1494 3944 τοῦ
1524 3891 1612 3946 ἀεὶ

32 4002 72 4054 ι’
106 3996 448 4066 ἀγαθότητα
481 3990 804 4064 βουλομένου
856 3986 995 4043 εἶναι
1039 3987 1110 4041 τὰ
1173 3986 1324 4052 ὅντα,
1372 3985 1469 4040 καὶ
1523 3983 1611 4039 ἀεὶ

36 4093 101 4144 π’
137 4086 321 4143 αὑτοῦ
358 4082 782 4158 εὐεργετεῖσθαι.

76 4351 156 4404 λ’.
213 4346 402 4401 Πάντα
433 4343 503 4397 τὰ
525 4341 806 4412 γεγονότα,
858 4339 928 4392 τὰ
979 4337 1077 4408 μέν
1127 4339 1234 4390 είσι
1273 4335 1469 4405 λογικὰ
1519 4336 1607 4390 καὶ

32 4441 223 4513 capi,
264 4439 361 4491 καὶ
385 4437 496 4489 τῶν
520 4434 784 4488 ἐναντίων
813 4431 1035 4486 δεκτικά
1067 4447 1081 4463 ·
1121 4426 1252 4490 οἷον,
1286 4429 1485 4502 ἀρετῆς
1523 4428 1618 4482 καὶ

32 4534 264 4596 ακίοις,
299 4529 392 4583 καὶ
422 4527 674 4596 γνώσεως
723 4524 818 4578 καὶ
857 4521 1129 4591 ἀγνωσίας
1155 4537 1168 4550 ·
1205 4519 1274 4574 τὰ
1301 4520 1357 4573 δὲ
1392 4519 1620 4591 σώματα

32 4627 298 4694 ιάφορα,
329 4620 395 4674 ὲκ
420 4617 530 4672 τῶν
562 4615 820 4671 ἐναντίων
841 4611 1169 4667 συνεστῶτα·
1204 4611 1469 4677 τουτέστι,
1495 4613 1618 4682 γῆς,

83 4761 137 4793 ⁸⁸
177 4757 356 4813 Rom.
387 4770 462 4818 xi,
492 4753 583 4808 29.

93 4876 194 4943 (η)
252 4873 321 4926 οι
339 4871 462 4943 per:
503 4869 814 4943 Ἕλᾷηνες.
857 4862 1630 4943 Aristotelem_maxime_sug-

36 4931 192 5007 illat
239 4952 303 5000 et
332 4931 782 5012 Peripateticos;
821 4943 1052 4991 cunctos
1101 4933 1344 5012 denique
1383 4931 1628 5012 philoso-

38 5028 197 5082 hos,
244 5011 344 5082 qui
372 5009 656 5082 materiam
673 5009 787 5082 Deo
816 5019 1052 5082 coaavam
1081 5010 1399 5082 pornerent,_
1425 5009 1627 5082 ipsam-

39 5072 524 5147 ﬁéi'nécessario
573 5079 965 5141 exsistentem;
1024 5072 1094 5128 in
1135 5088 1276 5147 quos
1340 5072 1622 5147 _Ch_rysost.

36 5143 128 5218 δή
163 5169 300 5211 uno
323 5153 443 5206 loco
461 5149 697 5222 egregie
729 5147 994 5222 disputat,
1048 5143 1357 5222 acmreliqui
1413 5143 1621 5222 Patres.

31 5211 333 5293 lvir—orque
359 5211 634 5289 quomodo
654 5217 736 5273 sic
765 5211 944 5293 avide,
979 5215 1074 5283 qui
1101 5211 1412 5293 Qhristiane
1465 5211 1624 5264 insti-

31 5283 396 5358 u—t—isu'mus',
421 5302 705 5360 unumque
735 5286 1057 5360 noverimus
1077 5285 1137 5336 τὸ
1158 5285 1363 5360 κυρίως
1386 5283 1466 5343 ὃν,
1501 5295 1627 5360 eum

31 5350 270 5429 Ξῖῐίὲει
306 5350 399 5429 qui
429 5350 803 5432 Mosilocutus
827 5364 930 5420 est,
957 5353 1057 5432 ριεξ
1083 5361 1168 5432 est
1197 5350 1337 5432 misit
1365 5350 1633 5432 nte,_.Ari-:

31 5420 374 5502 {6161mm
431 5427 580 5482 istud
622 5425 966 5502 hauriantus,
1017 5421 1335 5502 Suostantiaz
1373 5420 1505 5502 nihil
1556 5426 1631 5471 est

31 5491 412 5569 gitimam,
458 5507 650 5569 etnon
690 5496 864 5564 magis
917 5507 1046 5549 cum
1088 5492 1323 5569 Maximo
1371 5491 1628 5569 dicimus,

32 5561 150 5640 ἐξά
182 5569 287 5629 illi
318 5561 660 5640 contrarium
692 5561 807 5619 non
821 5578 944 5640 esse
971 5576 1036 5616 ac
1053 5561 1307 5624 nihilum,
1343 5561 1488 5629 quod
1520 5573 1631 5638 una

32 5635 321 5711 mandat
345 5638 534 5696 divina
561 5635 834 5700 voluntas,
858 5635 1036 5703 ipsum
1059 5645 1250 5685 revera
1273 5645 1458 5686 comes
1480 5635 1631 5683 omni

1783 3345 1873 3400 29.
1920 3343 2074 3398 Sicut
2105 3341 2314 3396 malum
2347 3341 2477 3396 boni
2513 3342 2746 3412 privatio
2778 3353 2898 3408 est,
2928 3353 2985 3399 et
3035 3347 3289 3416 ignoran-

1714 3434 1788 3490 tia
1836 3433 2073 3504 privatio
2119 3432 2401 3489 scientiaa:
2443 3435 2524 3490 sic
2565 3451 2783 3506 quoque
2826 3451 2936 3490 non
2980 3453 3079 3493 ens
3125 3447 3290 3511 atque

1712 3523 1968 3589 nihilum,
1999 3523 2238 3593 privatio
2263 3523 2408 3579 entis
2437 3531 2539 3589 est,
2572 3539 2668 3580 seu
2697 3525 2816 3595 ejus
2844 3527 2988 3595 quod
3017 3537 3133 3595 est;
3178 3547 3293 3586 non

1714 3623 1899 3671 autem
1921 3616 2040 3686 ejus
2061 3615 2209 3684 quod
2232 3623 2316 3672 est
2341 3631 2470 3671 vere
2487 3626 2543 3671 et
2564 3618 2785 3687 proprie
2806 3618 2882 3690 (id
2905 3621 3050 3674 enim
3078 3623 3288 3676 nullum

1715 3705 2054 3759 contrarium
2102 3704 2314 3776 habet),
2339 3705 2437 3760 sed
2486 3706 2633 3774 quod
2679 3707 2828 3762 illius
2875 3710 3292 3779 participatione

1714 3803 1818 3872 est,
1843 3794 1992 3864 quod
2031 3809 2162 3850 vere
2201 3809 2265 3849 ac
2296 3795 2516 3864 proprie
2555 3803 2659 3849 est.
2689 3797 2768 3851 Ac
2794 3799 3040 3866 priorum
3069 3801 3288 3870 quidem

1715 3885 2074 3958 privationes,
2127 3885 2292 3958 5.32
2333 3893 2639 3940 creatorum
2681 3889 3018 3945 voluntatem
3047 3907 3291 3962 sequun-

1717 3988 1838 4045 tur;
1865 3977 2191 4048 posterioris
2227 3992 2361 4032 vero
2385 3977 2644 4047 privatio,
2676 3978 2733 4032 in
2759 3981 2879 4049 ejus
2915 3982 3010 4050 qui
3046 3983 3294 4039 condidit

1715 4071 1996 4127 voluntate
2024 4070 2264 4140 positum
2299 4079 2417 4135 est;
2457 4069 2553 4140 qui
2585 4085 2649 4124 ea
2693 4085 2802 4140 qua
2843 4071 3013 4140 pollet
3049 4073 3293 4128 bonitate

1714 4177 1804 4217 res
1834 4176 2051 4231 semper
2083 4176 2204 4216 esse
2233 4160 2372 4226 vult,
2408 4169 2465 4215 et
2495 4160 2641 4230 quod
2671 4161 2797 4231 ejus
2819 4168 2902 4215 est
2933 4164 3198 4231 muneris,
3225 4165 3293 4220 ab

1717 4269 1783 4309 eo
1809 4268 2025 4322 semper
2053 4252 2353 4322 suscipere.

1790 4344 1879 4398 50.
1910 4343 2233 4398 Creatorum
2265 4342 2586 4404 univcrsim,
2612 4342 2714 4396 alia
2745 4351 2874 4398 sunt
2903 4345 3114 4400 ratione
3136 4353 3295 4400 uten-

1717 4428 1794 4483 tia
1817 4436 1873 4484 et
1901 4428 2278 4498 intelligentia,
2307 4428 2823 4500 contrariorumque
2879 4432 3131 4501 capacia;
3161 4443 3294 4503 puta

1719 4521 1943 4575 virtutis
1970 4527 2026 4573 et
2055 4518 2194 4582 vitii,
2227 4519 2580 4589 scientiaeque
2612 4529 2669 4575 et
2695 4521 3048 4591 ignorantiae;
3080 4525 3185 4580 alia
3213 4526 3298 4580 di-

1723 4626 1879 4665 versa
1902 4625 2153 4667 corpora.
2171 4626 2238 4665 ex
2257 4611 2547 4668 contrariis
2567 4612 2886 4682 constituta,
2908 4621 3049 4669 terra
3065 4616 3296 4683 scilicet,

1729 4861 1877 4933 quod
1907 4869 2011 4924 est,
2053 4858 2461 4933 uno_duntaxat_
2515 4858 2608 4933 illo
2651 4868 2898 4933 excepto,
2951 4861 3030 4914 uti
3083 4865 3288 4933 excipit

1727 4928 2014 4994 Maximus,
2046 4929 2192 4999 quod
2221 4938 2306 4983 est
2337 4928 2538 4999 κυρίως
2578 4929 2632 4982 in
2655 4928 2812 4999 cujus
2845 4934 3155 4985 necessario
3203 4928 3290 4988 es-

1727 5003 1905 5056 sentia
1931 5010 2035 5064 est,
2067 4998 2227 5068 quod
2256 5006 2359 5061 est,
2393 4998 2522 5066 quia
2551 4998 2732 5053 unum
2775 5015 2804 5052 a
2838 5014 2898 5052 se
2929 5014 3137 5068 easque
3197 5019 3293 5056 ne-

1726 5070 2026 5124 cessarium
2051 5079 2165 5134 est;
2190 5069 2398 5140 reliqua
2429 5068 2752 5140 quodsunt,
2780 5070 2898 5140 ejus
2938 5069 3140 5140 habent
3170 5087 3296 5140 par-

1727 5141 2066 5209 ticipatione,
2107 5147 2163 5192 ct
2197 5139 2351 5209 quasi
2386 5137 2633 5209 precario
2675 5155 2707 5209 :_
2735 5137 2880 5207 qubd
2919 5137 3102 5193 dicere
3135 5137 3300 5194 Maxi-

1727 5205 1879 5265 muin
1912 5223 2022 5262 non
2059 5209 2193 5262 satis
2211 5205 2454 5260 advertit
2476 5205 2643 5261 Gesn.
2679 5205 2810 5260 dum
2852 5210 3171 5263 movendam
3198 5225 3299 5263 vo-

1732 5295 1851 5333 cem
1897 5278 2233 5348 κυρίωςείι,
2267 5284 2362 5330 aut
2391 5276 2699 5348 addendam
2733 5286 3018 5348 negantem
3059 5280 3302 5347 particu-

1731 5349 1838 5402 lam
1861 5351 1942 5412 οὐ,
1968 5346 2022 5403 in
2049 5347 2156 5401 illis
2172 5349 2293 5417 ejus
2318 5347 2525 5417 verbis,
2553 5346 2689 5398 ἀλλὰ
2713 5346 2820 5398 τοῦ
2871 5347 3012 5417 κατὰ
3063 5346 3301 5416 μέθεξιν

1729 5419 1822 5488 τοῦ
1851 5419 2056 5488 κυρίως
2086 5415 2265 5488 tua,
2321 5416 2466 5488 quod
2499 5417 2687 5488 etiam
2713 5417 2816 5469 rite
2848 5415 3126 5488 sullixerat
3177 5417 3300 5473 Bill.

1729 5485 1938 5557 Obsop.
1980 5485 2122 5559 nihil
2141 5486 2300 5559 bene,
2334 5485 2436 5539 Sed
2457 5487 2569 5555 ejus
2601 5487 2689 5555 qui
2709 5485 2992 5540 secundum
3015 5488 3310 5559 participa-

1731 5555 1922 5614 tionem
1953 5555 2290 5620 peculiariter
2326 5564 2422 5611 est.
3017 5555 3036 5561 ”
