3876 6314
581 277 714 343 1027

1751 267 1812 329 S-
1854 262 2139 325 ΜΑΧῘΜΙ
2180 258 2689 320 CONFESSORIS

575 409 724 458 aere,
757 392 882 464 igne
921 399 976 445 et
1003 403 1163 459 aqua.
1196 386 1375 455 Atque
1414 383 1520 436 alia
1561 381 1784 451 quidem
1817 378 2042 433 omnino
2083 376 2170 428 in~

2307 379 2458 446 .épog,
2514 375 2706 446 πυρὸς,
2742 374 2971 436 ὓδατος·
3011 374 3105 427 καὶ
3140 372 3209 425 τὰ
3269 372 3379 441 μέν
3450 373 3573 423 εἶσι
3632 372 3814 440 ἀειὶμι·

574 500 838 554 corporea
870 492 1000 537 sunt
1038 479 1389 547 materiaeque
1416 475 1682 545 expertia,
1716 472 1933 526 tametsi
1965 471 2164 523 horum

572 579 761 647 aliqua
804 575 917 630 sint
945 572 1272 643 corporibus
1307 568 1635 638 conjuncta;
1666 564 1772 618 alia
1806 562 1985 617 solum
2029 574 2164 613 con-

575 672 771 728 stituta
796 685 865 723 ex
892 667 1123 723 materia
1146 675 1203 721 et
1224 668 1420 718 forma.

647 764 737 818 51.
765 761 941 817 Omne
973 774 1175 829 corpus
1210 765 1405 811 natura
1436 750 1719 809 immobile
1753 757 1840 804 est
1866 763 1882 801 :
1914 754 2169 801 movetur

577 864 766 911 autem
793 855 864 908 ab
888 853 1092 909 anima.
1120 852 1321 920 partim
1355 854 1545 901 utente
1570 843 1804 905 ratione,
1830 839 2030 910 partim
2058 852 2171 892 non

578 957 793 1012 utente,
816 945 1018 1015 partim
1043 943 1209 998 etiam
1234 955 1346 993 non
1374 937 1667 992 sentiente.

649 1038 739 1091 52.
793 1036 1136 1091 Facultatum
1187 1031 1412 1094 animat,
1462 1028 1568 1080 alia
1611 1023 1935 1079 nutrimenti
1987 1029 2073 1075 est
2117 1025 2175 1073 et

579 1130 880 1201 augmenti,
925 1128 1031 1182 alia
1073 1123 1351 1195 cogitandi
1379 1129 1436 1175 et
1469 1117 1783 1189 appetendi,
1819 1115 1925 1169 alia
1956 1111 2175 1167 utenda:

582 1221 812 1276 rationis
861 1228 919 1274 et
965 1216 1331 1284 intelligendi.
1368 1214 1446 1268 Ac
1481 1210 1645 1282 primi
1691 1209 1914 1279 quidem
1957 1204 2176 1278 generis

580 1316 759 1370 solum
793 1312 1090 1383 participes
1130 1316 1259 1363 sunt
1307 1308 1511 1375 stirpes
1562 1312 1618 1357 et
1662 1303 1895 1370 plantae;
1947 1296 2176 1353 secundi

581 1414 866 1475 pneterea,
900 1402 1077 1455 bruta:
1118 1398 1462 1462 animantes;
1500 1394 1645 1448 tertii
1674 1407 1800 1445 cum
1835 1389 2054 1443 duobus
2086 1403 2176 1441 re-

582 1497 770 1566 liquis,
806 1494 1079 1549 homines.
1110 1492 1189 1545 Ac
1214 1490 1428 1560 priores
1454 1485 1678 1556 quidem
1704 1484 1827 1538 duae
1866 1482 2175 1544 facultates,

582 1585 929 1655 corruptioni
969 1581 1220 1638 obnoxia:
1246 1588 1394 1646 sunt,
1423 1576 1585 1634 tertia
1611 1591 1739 1631 vero
1767 1575 1837 1630 ab
1866 1590 1929 1629 ea
1974 1575 2177 1627 immu-

2273 471 2450 538 πάντη
2508 469 2601 522 καὶ
2649 468 2804 532 ἅῦλα,
2861 470 2909 520 εἰ
2959 468 3053 520 καί
3097 485 3218 520 τινα
3269 465 3499 518 τούτων
3536 464 3817 527 savis»:

2275 560 2493 632 σώμασι
2534 581 2547 595 -
2579 560 2648 613 τὰ
2675 560 2734 612 δὲ
2768 558 2827 623 ἐξ
2858 558 2989 631 ὕλης
3025 561 3118 613 καὶ
3162 558 3348 621 εἴδους
3394 558 3578 629 μόνον
3632 558 3733 629 ἔχει
3778 566 3812 611 7i-

2278 655 2560 709 σύστασιν.

2348 749 2447 802 λα’.
2482 749 2667 801 Πάντα
2700 749 2767 801 τὰ
2798 750 3048 818 σώματα,
3082 745 3228 799 κατά
3258 745 3335 813 φῦ
3348 762 3438 797 σιν
3464 744 3625 796 ἐστὶν
3648 744 3812 796 ixi)".

2279 846 2512 896 κινεῖται
2545 843 2603 896 δὲ
2631 842 2736 895 ὑπὸ
2767 842 2868 911 τῆς
2895 841 3073 911 ψυχῆς
3101 858 3114 872 ·
3145 842 3214 892 τὰ
3244 839 3377 909 μὲν,
3413 837 3658 905 λογικῆς
3680 853 3693 866 ·
3721 839 3811 887 τεᾷ

2279 894 3090 1003 ἀλόγου·τάδὲ,ἀκ)ἀίσθήτο⁶υ.
3244 894 3257 909 ’
3366 894 3376 898 ⁷
3480 894 3514 986 ,’
3616 894 3655 905 ”
3844 894 3847 975 l

2350 1027 2451 1098 λβ’.
2479 1028 2601 1080 Τῶν
2633 1026 2879 1097 ψυχικῶν
2907 1026 3195 1095 δυνάμεων
3231 1026 3266 1093 ἡ
3306 1023 3418 1092 μέν
3478 1024 3608 1074 ἐστι
3639 1022 3823 1093 θρῖπες

2282 1121 2377 1175 καὶ
2408 1119 2676 1191 αὐξητικὴ
2706 1137 2718 1148 ·
2753 1122 2786 1188 ὴ
2820 1118 2875 1170 δὲ
2910 1116 3251 1187 φανταστικὴ
3282 1116 3393 1167 καὶ
3418 1116 3709 1184 ὁρμητικῇ

2282 1210 2565 1282 λογιστικὴ
2604 1211 2699 1263 καὶ
2731 1210 2977 1280 νοητική.
3022 1209 3132 1261 Καὶ
3157 1207 3260 1275 τῆς
3296 1206 3410 1276 μὲν
3452 1206 3688 1275 πρώτης

2286 1302 2574 1374 μετέχουσι
2617 1302 2686 1355 τά
2730 1300 2875 1367 φυτά
2902 1316 2916 1331 ’
2966 1300 3065 1369 τῆς
3108 1298 3163 1352 δὲ
3211 1298 3503 1369 δευτέρας
3554 1299 3689 1367 πρὶς
3726 1301 3823 1349 τιέξ

2283 1397 2352 1450 τὰ
2383 1396 2555 1465 ἄλογα
2587 1396 2702 1460 ζῶα
2735 1414 2748 1427 ο
2785 1396 2885 1466 τῆς
2907 1396 2965 1448 δὲ
3009 1395 3197 1465 τρίτης
3230 1395 3383 1465 πρὸς
3451 1396 3585 1457 ταῖς
3632 1395 3774 1453 δςςὶρ,

2284 1485 2583 1557 ἄνθρωποι.
2644 1486 2753 1539 Καὶ
2791 1487 2848 1538 αἱ
2908 1489 3005 1555 μὲν
3050 1484 3144 1537 δύο
3185 1485 3501 1553 δυνάμεις,
3558 1485 3829 1555 quoue-.15;-

2284 1577 2341 1630 δὲ
2374 1578 2555 1651 τρίτη,
2607 1577 2882 1646 ἄφθαρτος
2912 1580 3004 1632 καὶ
3033 1576 3305 1638 ἀθάνατος
3329 1577 3754 1629 ἀποδεῖκνυται.

584 1679 670 1733 nis
695 1678 961 1748 probatur
983 1692 1046 1730 ac
1076 1672 1425 1728 immortalis.

654 1736 743 1824 δέ).
791 1770 1006 1825 Sanctae
1035 1768 1283 1823 Virtutes
1313 1773 1428 1818 tum
1478 1763 1599 1818 alia;
1632 1762 1788 1826 alias,
1820 1767 1935 1813 tum
1982 1757 2177 1810 huma-

2350 1736 2453 1805 λγ¹.
2488 1737 2773 1809 Ἀλλήλαις
2826 1736 3203 1808 μεταδιδοῦσαι
3259 1736 3583 1803 φωτισμοῦ
3643 1737 3697 1788 αἱ
3746 1736 3839 1801 if:

587 1880 714 1917 nam
761 1873 1013 1917 naturam
1049 1860 1444 1921 illuminantes,
1500 1864 1594 1909 aut
1642 1870 1741 1909 sua
1786 1850 2179 1921 impartiuntur

2307 1830 2554 1899 δυνάμεις
2584 1846 2597 1859 ⁸
2633 1829 2727 1883 καὶ
2754 1831 2821 1900 τῇ
2861 1828 3185 1900 ἀνθρωπίνῃ
3224 1831 3425 1896 φύσει,
3485 1828 3522 1897 ἦ
3571 1829 3675 1896 τῆς
3728 1828 3823 1878 αᾷτῖ

586 1956 812 2019 virtute,
838 1961 933 2007 aut
953 1968 1061 2021 qua
1092 1951 1300 2019 pollent
1330 1920 1578 2003 scientia.
1606 1948 1682 2000 Ac
1701 1920 1906 1998 virtute
1934 1941 2178 2012 quidem,

2307 1924 2482 1994 ιρετῆς
2505 1923 2907 1993 μεταδιδόασιν,
2941 1922 2974 1991 ἢ
3013 1922 3116 1990 τῆς
3146 1923 3203 1973 ὲν
3233 1922 3448 1984 αὐταῖς
3481 1920 3758 1989 γνώσεως.
3784 1922 3843 1969 ξυμ

589 2045 740 2099 velut
776 2009 988 2097 (ιίνίιιετιξ⁸
1005 2041 1171 2095 simili
1203 2040 1467 2103 bonitate,
1498 2053 1608 2107 qua
1654 2046 1770 2090 tum
1805 2036 2030 2105 seipsas,
2065 2041 2179 2085 tum

2307 2013 2489 2083 ιρετῆς
2543 2015 2665 2084 μὲν,
2707 2009 2820 2066 οἷον
2868 2014 3202 2083 θεομιμήτου
3248 2012 3648 2081 ἀγαθὸτητος,
3691 2012 3843 2063 καὲ’⁴·

589 2135 711 2187 aliae
740 2134 893 2197 alias,
925 2148 991 2186 ac
1028 2131 1316 2185 inferiores
1343 2130 1717 2193 demerentur,
1746 2126 2035 2182 etliciendo
2062 2124 2179 2178 dei-

2307 2106 2381 2161 ιαὶ
2416 2106 2636 2171 ἑαυτάς,
2689 2106 2786 2158 καὶ
2837 2105 3094 2174 ἀλλήλας.
3150 2104 3250 2156 καὶ
3310 2104 3427 2167 τὰς
3496 2105 3841 2170 ὑποεεετα-ᾴμ

591 2226 794 2279 formes
821 2243 835 2277 :
865 2224 1095 2279 scientia
1120 2238 1272 2288 vero,
1300 2230 1395 2276 aut
1419 2222 1487 2276 de
1514 2222 1627 2275 Deo
1649 2219 1939 2275 sublimius
1975 2216 2179 2287 aliquid

2307 2200 2653 2271 ὑεργετοῦσι,
2685 2199 2937 2276 θεοειδεῖς
2968 2197 3343 2267 ἐργαζόμεναι
3377 2213 3395 2226 ·
3735 2199 3791 2251 Ξὲ.
3828 2198 3841 2227 ⁵

590 2317 931 2389 detegendo;
960 2317 1034 2371 Tu
1057 2316 1225 2383 enim,
1254 2315 1455 2385 inquit,
1485 2313 1788 2369 Altissimus
1816 2313 1871 2366 in
1900 2319 2179 2377 aeternum,

2307 2293 2412 2365 περὶ
2441 2291 2577 2345 Θεοῦ
2597 2309 2648 2345 τι
2679 2291 3010 2362 ὑψηλότερον
3037 2308 3051 2321 ·
3094 2291 3179 2344 Σὺ
3201 2295 3341 2363 γὰρ,
3369 2296 3584 2361 φησὶν,
3615 2293 3841 2359 Τέτῃ-τες

591 2380 815 2463 Domine
841 2380 927 2475 θ’,
956 2417 1052 2463 aut
1095 2408 1165 2463 de
1195 2380 1522 2477 corporibus
1560 2404 1923 2476 profundius,
1974 2410 2068 2456 aut
2115 2401 2179 2456 de

2307 2387 2372 2450 τις
2406 2385 2512 2437 τὸν
2544 2381 2751 2446 αἰῶνα,
2798 2383 2975 2449 Κύριε
3009 2396 3022 2408 ·
3062 2382 3095 2451 ἦ
3133 2380 3268 2452 περὶ
3307 2383 3635 2450 σωμάτων,
3679 2383 3841 2452 βιϐζτςο

592 2501 932 2571 incorporeis
977 2501 1286 2569 animisque
1333 2500 1561 2565 certius,
1603 2506 1697 2553 aut
1730 2497 1799 2552 de
1838 2490 2179 2566 providentia

2307 2493 2380 2530 ›ον
2409 2476 2479 2546 ’ἢ
2516 2476 2648 2545 περὶ
2678 2474 3011 2544 ἀσωμάτων,
3043 2474 3464 2545 ἀκριϐέστερσν
3497 2495 3512 2506 -
3546 2478 3579 2543 ἦ
3618 2477 3733 2544 περὶ
3761 2493 3839 2524 εῖτ.

592 2593 815 2657 clarius,
850 2600 946 2647 aut
980 2592 1048 2646 de
1068 2591 1279 2662 judicio
1310 2591 1577 2660 apertius.

2307 2569 2455 2632 roia;,
2492 2566 2815 2639 τρανότερον
2848 2580 2859 2593 ·
2887 2564 2919 2635 ἢ
2946 2564 3075 2634 περὶ
3105 2564 3379 2634 κρίσεως,
3431 2567 3775 2636 σαφέστερςν.

665 2686 755 2739 54.
796 2685 993 2739 Mentis
1045 2685 1336 2754 impuritas
1381 2699 1447 2738 ea
1493 2691 1580 2737 est
1626 2682 1806 2753 primo
1848 2683 1990 2747 loco,
2037 2681 2186 2752 quod

592 2776 786 2831 falsam
818 2775 1187 2847 COgnitionem
1238 2775 1477 2829 habeat:
1510 2782 1624 2827 tum
1670 2788 1822 2837 vero,
1866 2773 2015 2843 quod
2059 2773 2185 2827 uni-

2356 2672 2449 2726 ).6'.
2480 2672 2619 2733 Νοός
2653 2672 2767 2723 ἐστι
2794 2669 3126 2741 ἀκαθαρσία,
3184 2670 3423 2740 πρῶτον
3461 2674 3591 2743 μὲν,
3622 2674 3681 2726 τὲ
3704 2674 3823 2740 τιεῖῖ.

2286 2762 2434 2832 ἔχειν
2460 2760 2634 2831 ψευδῆ
2659 2775 2673 2789 ⁸
2699 2760 2954 2831 δεύτερον
2977 2761 3056 2822 δὲ,
3092 2759 3156 2811 τὸ
3181 2763 3415 2828 ἀγνοεῖν
3444 2781 3504 2815 τι
3529 2765 3639 2815 τῶν
3656 2766 3825 2815 nidi.

591 2864 888 2919 versalium
931 2863 1139 2932 aliquid
1168 2862 1380 2917 nesciat
1423 2862 1593 2934 (quod
1625 2861 1833 2916 scilicet
1878 2862 1946 2915 ad
1991 2862 2186 2915 huma-

591 2973 719 3013 nam
763 2964 1004 3011 mentem
1040 2955 1257 3020 attinet,
1305 2954 1484 3024 angeli
1513 2953 1661 3008 enim
1706 2954 1947 3023 partium
1974 2963 2079 3015 est,
2122 2968 2187 3007 ac

593 3045 889 3111 facultatis,
927 3054 989 3098 ut
1040 3059 1110 3098 ne
1148 3044 1510 3113 Singularium
1562 3044 1787 3113 quidem
1823 3044 2033 3113 aliquid
2083 3028 2184 3099 ne;-

593 3134 753 3201 sciat)
780 3153 794 3186 :
830 3133 994 3188 tertio
1022 3142 1228 3197 autem,
1263 3133 1410 3202 quod
1436 3134 1572 3188 vitio
1602 3134 1876 3189 haerentes
1906 3150 1967 3189 ac
1997 3134 2184 3189 libidi-

594 3225 818 3278 tlinosas
862 3223 1221 3293 cogitationes
1267 3223 1467 3277 habeat
1494 3241 1509 3277 :
1537 3233 1734 3293 quarto
1763 3225 2007 3291 demum,
2040 3226 2185 3295 quod

596 3325 820 3384 peccato
852 3325 1181 3367 consensum
1220 3313 1480 3382 prazbeat.

668 3405 757 3459 55.
794 3404 1004 3458 Animae
1034 3404 1323 3473 impuritas
1352 3386 1459 3470 est:
1487 3421 1599 3459 non
1640 3407 1721 3461 sic
1749 3407 1987 3477 operari,
2020 3416 2082 3462 ut
2108 3409 2187 3463 illi

546 3509 552 3512 ‘
594 3512 664 3550 ex
693 3504 891 3549 natura
919 3506 1293 3564 comparatum
1322 3505 1425 3549 est.
1462 3498 1591 3551 lnde
1620 3500 1768 3552 enim
1805 3499 1861 3552 in
1890 3500 2075 3554 animo
2104 3505 2188 3572 gi-

595 3597 841 3658 gnuntur
882 3574 1195 3641 libidinosae
1235 3588 1596 3659 cogitationes
1644 3606 1709 3645 ac
1748 3591 1980 3646 vitiosae.
2034 3594 2190 3650 Tunc

592 3680 743 3734 enim
780 3687 842 3733 ut
868 3688 1081 3735 natura:
1118 3688 1553 3736 consentaneum
1604 3693 1689 3738 est
1715 3692 1996 3753 operatur,
2026 3685 2187 3758 £33

595 3787 721 3829 cum
749 3772 1005 3842 patibiles
1065 3775 1187 3845 ejus
1228 3773 1517 3830 facultates
1558 3776 1661 3848 (ira
1703 3777 1915 3832 scilicet
1943 3788 1998 3834 et
2030 3781 2188 3853 cupi-

594 3864 759 3935 ditas)
792 3864 1016 3919 incursu
1055 3879 1262 3930 rerum,
1293 3865 1459 3935 inque
1488 3866 1598 3921 illis
1639 3868 1917 3923 rationum
1949 3878 2007 3923 et
2042 3871 2191 3940 cogi-

597 3958 886 4020 tationum,
916 3955 1224 4011 manserint
1245 3971 1274 4010 a
1296 3957 1525 4013 libidine
1548 3973 1612 4013 ac
1638 3959 2056 4028 perturbatione
2082 3961 2187 4016 im-

597 4064 816 4103 tnunes.

668 4138 757 4192 '56.
805 4137 1067 4209 Corporis
1097 4138 1388 4209 impuritas
1416 4148 1521 4206 est,
1561 4148 1850 4210 peccatum
1882 4141 2031 4212 quod
2069 4142 2189 4214 ipso

593 4239 720 4286 actu
748 4239 914 4300 atque
941 4245 1108 4301 opere
1139 4241 1408 4301 patratur.

666 4323 755 4378 '57.
804 4325 1056 4390 Quietem
1091 4324 1270 4395 diligit
1314 4341 1378 4380 ac
1423 4326 1813 4396 solitudinem,
1856 4329 1951 4400 qui
2002 4329 2188 4384 saeculi

2286 2854 2363 2916 ὡς
2402 2852 2540 2921 πρὸς
2584 2850 2926 2922 ἀνθρώπινον
2954 2850 3079 2903 νοῦν
3112 2852 3259 2919 λέγω
3284 2869 3317 2889 ··
3349 2855 3604 2923 ἀγγέλσυ
3654 2858 3745 2924 γᾱρ
3768 2860 3826 2906 i:

2287 2945 2347 2998 τὸ
2403 2945 2567 3015 μηδὲν
2610 2945 2721 2996 τῶν
2776 2945 2870 2996 ἐπὶ
2916 2944 3116 3015 μέρους
3174 2948 3405 3011 ἀγνοεῖν
3436 2962 3452 2973 ⁸
3524 2948 3781 3016 τρίτον
3806 2963 3833 2995 ττ

2287 3037 2557 3107 ἐμπαθεῖς
2615 3037 2759 3106 ἔχειν
2786 3037 3080 3107 λογισμούς
3108 3037 3245 3109 (εδγ
3277 3037 3562 3109 τέταρτον
3591 3042 3667 3105 δὲ,
3694 3041 3742 3093 τὶ
3760 3056 3838 3104 .2:-

2290 3129 2677 3184 κατατίθεσθαι
2697 3132 2763 3201 τῇ
2787 3129 3053 3203 ἁμαρτίᾳ.

2366 3392 2463 3445 λε’.
2495 3392 2692 3462 Ψυχῆς
2727 3393 2875 3451 ἐστιν
2912 3392 3250 3462 ἀκαθαρσία,
3280 3394 3346 3445 τὸ
3375 3395 3455 3466 μὴ
3486 3398 3719 3465 ἐνεργεῖν
3748 3409 3833 3445 1:1:

2291 3484 2452 3553 φύσιν
2476 3484 2529 3554 (‘2
2542 3484 2609 3555 ί).
2645 3485 2741 3536 Ἐκ
2760 3483 2949 3537 τούτου
2982 3484 3089 3555 γάρ
3116 3485 3408 3539 τίκτονται
3434 3488 3519 3557 τῷ
3543 3490 3619 3557 νῷ
3643 3493 3687 3540 οἱ

2291 3578 2402 3641 θεῖς
2432 3577 2702 3648 λογισμοί.
2731 3578 2862 3631 Τότε
2896 3578 3005 3649 γάρ
3037 3578 3178 3632 κατὰ
3217 3579 3391 3647 φύσιν
3416 3584 3657 3653 ἐνεργεῖ,
3684 3584 3827 3633 52:31

2290 3668 2593 3739 παθητικαὶ
2616 3670 2787 3740 αὐτῆς
2810 3671 3067 3740 δυνάμεις
3100 3689 3113 3702 ·
3147 3674 3176 3725 ὁ
3203 3671 3386 3743 θυμὸς
3414 3674 3568 3745 λέγω
3592 3678 3683 3728 καὶ
3708 3678 3736 3744 1';
3757 3677 3833 3724 5:.-

2291 3762 2489 3833 θυμία,
2526 3765 2585 3816 ὲν
2620 3765 2687 3834 τῇ
2709 3762 2815 3816 τῶν
2864 3766 3210 3836 πραγμάτων
3265 3768 3368 3819 καὶ
3424 3769 3543 3822 τῶν
3599 3771 3658 3821 ὲν
3704 3767 3831 3820 ait-:2

2289 3857 2579 3929 νοημάτων
2616 3857 2878 3929 προϐολῇ,
2916 3856 3149 3922 ἀπαθεῖς
3175 3857 3536 3930 διαμείνωσι.

2356 4137 2473 4201 «λς’.
2522 4135 2785 4208 Σώματός
2825 4136 2977 4189 ἐστιν
3022 4123 3359 4207 ἀκαθαρσία,
3396 4138 3432 4193 ἡ
3458 4138 3827 4206 viavia-2m

2291 4230 2556 4302 ἁμαρτία.

2361 4323 2459 4387 λζ’.
2504 4322 2718 4393 Ἀγαπᾷ
2765 4321 2995 4393 ἡσυχίαν
3034 4322 3063 4375 ὁ
3109 4320 3184 4392 μὴ
3227 4321 3467 4393 πάσχων
3516 4324 3655 4394 πρὸς
3686 4323 3742 4373 τὰ
3770 4316 3823 4369 τί

593 4417 762 4471 rebus
786 4432 894 4469 non
932 4417 1169 4470 atiicitur
1196 4434 1209 4469 :
1245 4433 1546 4488 omnesque
1583 4420 1835 4477 homines
1864 4422 2062 4493 diligit,
2088 4423 2179 4492 qui

2307 4414 2498 4484 ιόσμου
2531 4430 2545 4444 ⁸
2614 4414 2709 4466 καὶ
2759 4413 2949 4485 ἀγαπᾷ
2995 4413 3203 4478 πάντας
3260 4414 3619 4487 ἀνθρώπους
3645 4419 3670 4468 ἐ
3713 4414 3805 4482 μτῂ

597 4509 803 4562 nullam
837 4507 1014 4577 diligit
1042 4508 1407 4562 humanarum
1439 4527 1623 4565 rerum
1653 4529 1667 4565 :
1699 4514 1910 4584 Deique
1934 4530 1998 4569 ac
2035 4513 2183 4568 divi-

596 4614 795 4654 norum
825 4599 995 4667 pollet
1028 4599 1279 4664 scientia,
1314 4600 1407 4669 qui
1454 4601 1510 4654 in
1556 4602 1709 4656 nullo
1740 4603 2061 4670 offenditur,
2097 4605 2186 4659 vel

598 4697 822 4761 propter
867 4689 1087 4757 delicta,
1128 4691 1216 4746 vel
1260 4699 1489 4762 propter
1537 4695 1897 4766 cogitationes
1946 4714 2069 4768 quae
2119 4715 2189 4755 ex

595 4782 913 4853 suspicione
943 4790 1267 4840 nascuntur.

668 4873 757 4928 ‘58.
806 4873 1058 4944 Magnum
1106 4873 1331 4944 quidem
1379 4882 1485 4940 est,
1533 4874 1686 4930 nulla
1742 4877 1909 4932 rebus
1955 4877 2188 4933 libidine

597 4963 774 5031 aﬂici;
802 4974 858 5019 at
892 4965 1051 5037 longe
1079 4965 1185 5020 hoc
1218 4968 1414 5038 majus,
1448 4981 1640 5022 earum
1685 4968 1851 5021 etiam
1896 4970 2189 5040 cogitatio—

598 5057 781 5122 nibus,
811 5072 842 5111 a
871 5056 1103 5112 libidine
1137 5058 1437 5113 immunem
1469 5057 2043 5129 imperturbatumque
2076 5077 2190 5115 ma-

599 5165 757 5206 nere.

666 5245 756 5303 59.
787 5244 1039 5301 Charitas
1066 5255 1123 5300 et
1148 5246 1512 5309 continentia,
1546 5245 1793 5299 animum
1821 5246 2191 5316 imperturba-

601 5344 716 5391 tum
742 5352 873 5407 erga
905 5352 995 5391 res
1027 5352 1324 5406 rerumque
1354 5336 1716 5407 cogitationes
1744 5337 2084 5392 custodiunt.

1619 5478 1631 5498 ε

666 5514 758 5570 40.
795 5513 925 5569 Pius
963 5514 1179 5570 animus
1211 5529 1275 5570 ac
1307 5513 1617 5582 religiosus,
1656 5529 1764 5568 non
1801 5514 2068 5570 adversus
2102 5532 2190 5573 res

671 5698 718 5731 ⁸²
749 5695 893 5752 Psal.
925 5708 1029 5762 χοι,
1060 5693 1113 5749 9.

2291 4505 2522 4575 ἀγαπῶν
2563 4504 2902 4575 ἀνθρώπινον
2928 4522 2944 4537 ’
2981 4507 3078 4559 καὶ
3111 4507 3314 4573 γνῶσιν
3346 4507 3466 4576 ἔχει
3499 4508 3636 4561 Θεοῦ
3665 4508 3739 4558 καὶ
3760 4502 3803 4552 τέ

2294 4598 2475 4663 θείων,
2519 4598 2547 4651 ὁ
2586 4598 2665 4668 μὴ
2702 4597 3191 4668 σκανδαλιζόμενος
3226 4599 3307 4662 είς
3330 4618 3483 4665 τινα,
3525 4602 3634 4653 εἴτε
3760 4612 3817 4647 ,τε-

2297 4688 2660 4759 ραπτώματα,
2686 4689 2797 4743 εἴτε
2827 4689 2916 4743 διὰ
2948 4688 3243 4759 λογισμοὺς
3276 4693 3336 4757 ἐξ
3368 4692 3654 4756 ὑπονοίας.

2364 4858 2467 4928 λη’.
2496 4858 2656 4927 Μέγα
2690 4858 2788 4926 μὲν
2807 4858 2868 4911 τὸ
2890 4857 2968 4929 μὴ
2995 4858 3227 4927 πάσχειν
3274 4859 3420 4931 πρὸς
3456 4862 3531 4914 τὰ

2301 4949 2487 5019 μεῖζον
2522 4950 2578 5002 δὲ
2609 4949 2802 5002 τούτου
2826 4949 3029 5019 πολλῷ,
3065 4950 3125 5003 τὸ
3152 4950 3292 5020 πρὸς
3316 4953 3389 5004 τὰ
3420 4953 3633 5006 τούτων
3650 4955 3827 5018 vniam

2298 5038 2484 5109 ἀπαθῆ
2506 5036 2799 5108 διαμεῖναι.

2362 5239 2461 5293 λθ’.
2505 5238 2720 5308 Ἀγάπη
2745 5239 2838 5291 καὶ
2858 5238 3159 5308 ἐγκράτεια
3212 5240 3408 5311 ἀπαθῆ
3436 5241 3531 5294 τὸν
3558 5242 3679 5296 νοῦν
3704 5241 3824 5292 6:2?-

2292 5332 2445 5403 ροῢσι
2465 5331 2602 5402 πρός
2625 5348 2685 5384 τε
2711 5330 2780 5384 τὰ
2798 5330 3123 5402 πράγματα,
3155 5334 3250 5386 καὶ
3278 5333 3422 5405 πρὸς
3450 5334 3516 5387 τὰ
3546 5334 3731 5388 mitts“-
3754 5345 3824 5389 ινῑῖ·

2293 5442 2460 5494 ματα.

2365 5514 2437 5586 μ’.
2471 5515 2544 5569 Οὐ
2582 5514 2717 5586 πρὸς
2742 5512 2809 5566 τά
2846 5513 3157 5584 πράγματα
3187 5518 3219 5569 ὁ
3251 5516 3379 5581 νοῦς
3405 5520 3639 5588 πολεμεῖ
3664 5515 3739 5569 ττιί
3762 5526 3820 5561 ξε*
