3876 6314
119 321 251 386 1029

974 307 1308 371 CAPITUM
1345 305 1440 364 DE
1481 297 1912 360 CiiARiTATE
1949 296 2334 356 CENTURIA
2377 297 2490 358 ΙῙῘ.

3242 299 3374 366 103-0

117 432 329 504 φιλοῦς,
362 431 481 483 οὐδὲ
513 428 649 499 πρὸς
674 427 740 480 τὰ
764 426 967 479 τούτων
999 424 1244 492 νοήματα
1271 437 1284 448 ⁸
1317 415 1454 470 ἀλλὰ
1477 414 1610 485 πρὸς
1635 411 1704 466 τὰ

1817 419 2026 480 pugnat,
2063 417 2157 464 aut
2191 427 2374 466 rerum
2407 411 2768 480 cogitationes
2805 429 2816 464 :
2865 412 2958 466 sed
2991 413 3258 470 adversus
3291 421 3374 470 al-

117 524 264 594 πὰθη
313 522 382 574 τὰ
428 523 540 583 τοῖς
579 521 812 589 νοήμασι
857 511 1276 582 συνεζευγμένα.
1302 505 1445 570 Οἴον,
1470 507 1530 560 οὺ
1564 504 1696 576 πρὸς

113 619 214 685 τὴν
247 616 478 683 γυναῖκα
540 612 787 680 πολεμεῖ,
844 609 962 662 οὐδὲ
1023 605 1158 675 πρὸς
1214 603 1306 654 τὸν
1355 600 1694 668 λυπήσαντα,

113 707 236 760 οὐδὲ
267 706 402 774 πρὸς
429 704 528 766 τὰς
551 703 754 755 τούτων
777 699 1074 768 φαντασίας
1099 714 1111 727 ·
1145 693 1280 748 ἀλλά
1301 692 1434 762 πρὸς
1457 691 1522 743 τὰ
1550 689 1697 758 πάθη

113 797 185 849 τὰ
216 797 335 858 ταῖς
367 792 689 864 φαντασίαις
721 788 1140 858 συνεζευγμένα.

193 980 301 1044 μα’.
360 972 544 1032 ’Λπας
586 972 614 1021 ὁ
671 967 903 1035 πόλεμος
957 963 1048 1016 τοῦ
1103 957 1338 1030 μοναχοῦ
1386 956 1520 1026 πρὸς
1572 955 1700 1015 τοὺς

113 1067 378 1134 δαίμονας
405 1104 418 1128 ,
466 1063 554 1115 ἵνα
592 1059 660 1112 τὰ
689 1058 833 1127 πάθη
859 1057 966 1108 τῶν
1001 1053 1288 1123 νοημάτων
1311 1050 1541 1121 χωρίσῃ.
1573 1045 1700 1098 Ἀλ-

115 1155 376 1224 λωςιγάρ
427 1150 651 1214 ἀπαθῶς
685 1150 752 1203 τὰ
785 1147 1085 1217 πράγματα
1119 1145 1334 1214 βλέπειν
1357 1143 1417 1194 οὐ
1454 1139 1696 1192 δύναται.

192 1329 303 1399 μβ’.
326 1329 486 1380 ’Λλλο
518 1326 634 1379 ἐστὶ
659 1327 910 1396 πρᾶγμα,
945 1323 1038 1375 καὶ
1067 1321 1194 1376 ἄλλο
1220 1320 1415 1390 νόημα,
1457 1318 1549 1372 καὶ
1575 1317 1700 1372 ἄλλο

119 1421 314 1484 πάθος.
379 1421 488 1474 Καὶ
537 1421 770 1488 πρᾶγμα
815 1417 911 1486 μέν
957 1417 1102 1467 ἐστιν
1132 1455 1146 1476 ,
1184 1409 1316 1476 οἷον,
1350 1413 1507 1480 ἀνὴρ,
1538 1411 1695 1478 γυνὴ,

117 1515 340 1586 χρυσὸς,
370 1513 462 1564 καὶ
497 1511 562 1564 τὰ
596 1511 739 1580 ἑξῆς.
775 1510 970 1579 Νόημα
1008 1507 1064 1560 δὲ
1091 1549 1106 1570 ,
1156 1505 1287 1568 οἱον,
1332 1506 1518 1574 μνήμη
1570 1502 1698 1572 ψιλή

115 1621 260 1666 τινος
285 1602 392 1655 τῶν
415 1619 644 1672 προειρη
656 1601 849 1670 μένων.
877 1599 1051 1660 Πάθος
1067 1599 1144 1664 δὲ,
1168 1594 1298 1660 οἷον,
1319 1595 1468 1664 φιλία
1485 1594 1698 1662 ἄλογος,

113 1694 148 1764 ἢ
193 1696 354 1763 μῖσος
403 1693 624 1763 ἄκριτόν
667 1709 808 1754 τινος
831 1691 938 1744 τῶν
971 1689 1405 1760 προειρημένων.
1439 1686 1579 1757 Πρὸς
1609 1681 1700 1739 οὖν

115 1785 176 1838 τὸ
208 1783 384 1847 πάθος
415 1785 530 1837 ἐστὶ
556 1783 649 1837 τοῦ
681 1782 916 1854 μονοιχοῦ
954 1785 987 1854 ἡ
1023 1781 1192 1854 μάχη.

190 2061 306 2133 μγ’.
359 2059 558 2130 Νόημὰ
583 2060 698 2111 ἐστι
728 2057 992 2128 ἐμπαθὲς,
1017 2055 1274 2125 λογισμὸς
1307 2053 1558 2114 σύνθετος
1590 2051 1697 2104 ἀπο

119 2153 332 2215 πάθους
367 2151 462 2204 καὶ
496 2151 785 2220 νοήματος.
822 2147 1162 2218 Χωρίσωμεν
1187 2145 1248 2200 τὸ
1279 2145 1447 2206 πάθος
1471 2143 1580 2196 ἀπὸ
1604 2141 1696 2194 τοῦ

119 2249 414 2318 νοήματος.
443 2243 536 2296 καὶ
583 2242 846 2310 ἀπομένει
893 2241 922 2291 ὁ
946 2237 1206 2307 λογισμὸς
1253 2236 1424 2305 ψιλός.
1455 2231 1698 2304 Χωρίζο-

123 2357 218 2410 μεν
247 2337 310 2390 δὲ
341 2336 408 2388 δι’
439 2335 659 2403 ἀγάπης
691 2330 1064 2401 πνευματικῆς
1099 2329 1190 2380 καὶ
1223 2325 1571 2396 ἐγκρατείας,
1605 2323 1698 2375 ἐὰν

121 2430 386 2499 θέλωμεν.

193 2601 302 2669 μδ⁹.
358 2599 424 2650 Al
481 2597 576 2667 μὲν
632 2594 840 2664 ἀρεταὶ,
885 2591 994 2644 τῶν
1031 2591 1216 2645 παθῶν
1253 2589 1342 2640 τὸν
1379 2588 1504 2640 νοῦν
1539 2587 1702 2656 χωρί-

123 2693 306 2756 ζουσιν
337 2706 350 2720 ο
387 2690 440 2740 αἱ
477 2687 532 2738 δὲ
569 2684 938 2753 πνευματικαὶ
967 2681 1206 2752 θεωρίαι,
1239 2679 1346 2731 τῶν
1376 2678 1544 2746 ψιλῶν
1576 2695 1702 2746 νοη-

127 2784 312 2852 μάτων
343 2797 356 2810 ο
391 2781 422 2850 ἡ
464 2778 520 2830 δὲ
569 2775 782 2847 καθαρά
833 2773 1108 2845 προσευχὴ
1163 2771 1308 2840 αὐτῷ
1353 2768 1514 2822 αὑτὸν
1561 2785 1704 2838 παρ-

127 2871 338 2938 ίστησιν
370 2865 450 2936 τῷ
477 2863 614 2934 Θεῷ.

195 2969 302 3032 με’.
332 2960 397 3013 Αἱ
424 2959 520 3028 μὲν
543 2956 756 3029 ἀρεταὶ,
783 2955 868 3008 διὰ
890 2954 988 3025 τὴν
1017 2953 1216 3022 γνῶσιν
1245 2952 1353 3005 τῶν
1383 2949 1702 3018 γεγονότων·

1797 502 1973 556 fectus
1999 517 2064 556 ac
2099 503 2379 566 libidines,
2411 519 2534 571 qua:
2564 503 2672 557 illis
2703 505 3005 574 conjunctae
3041 515 3186 560 sunt.
3217 509 3373 572 Puta.

1797 610 1908 648 non
1936 611 2058 648 cum
2093 596 2321 649 muliere
2355 602 2579 664 pugnat,
2611 595 2696 648 vel
2729 611 2852 649 eum
2886 611 2952 650 eo
2975 597 3072 666 qui
3113 599 3242 653 fecit
3289 601 3376 654 in-

1791 682 2014 752 juriam,
2047 697 2148 736 nec
2189 699 2314 736 cum
2347 699 2538 736 eorum
2573 685 2992 740 obversantibus
3021 689 3202 742 animo
3228 691 3377 760 cogi-

1799 774 2022 835 tatibus,
2070 775 2166 828 sed
2213 789 2336 828 cum
2385 775 2695 840 atl‘ectibus,
2742 792 2882 845 quos
2927 778 3004 830 illi
3057 781 3380 850 conjunctos

1799 863 2004 918 habent

1868 955 1956 1008 41.
1993 956 2124 1009 Belli
2173 965 2282 1010 tota
2315 956 2398 1010 vis
2439 957 2708 1012 adversus
2757 959 3032 1014 daemones
3079 961 3134 1014 in
3169 977 3236 1016 eo
3277 963 3378 1016 sita

1797 1055 1882 1101 est
1911 1048 2199 1110 monacltc,
2231 1057 2292 1100 ut
2331 1049 2560 1102 affectus
2586 1065 2648 1102 ac
2677 1049 2938 1104 libidines
2969 1067 2997 1104 a
3023 1055 3224 1107 mentis
3250 1069 3382 1106 con-

1799 1137 2051 1206 ceptibus
2077 1147 2310 1208 separet.
2339 1139 2486 1192 Alias
2516 1139 2662 1193 enim
2696 1155 2786 1192 res
2819 1141 3024 1209 absque
3059 1142 3288 1197 libidine
3317 1158 3383 1199 ac

1797 1227 2214 1296 perturbatione
2249 1227 2438 1282 videre
2472 1244 2582 1282 non
2619 1237 2820 1298 potest.

1869 1317 1958 1370 42.
2001 1318 2163 1371 Aliud
2209 1327 2296 1372 est
2343 1335 2452 1382 res,
2483 1319 2634 1373 aliud
2682 1321 2850 1374 animi
2884 1329 3202 1390 conceptus,
3231 1321 3382 1376 aliud

1799 1409 2028 1464 aﬂ‘ectus
2069 1426 2166 1464 seu
2207 1411 2399 1466 libido.
2431 1411 2508 1464 Ae
2535 1412 2758 1481 quidem
2801 1428 2888 1467 res
2929 1423 3032 1478 est,
3063 1415 3230 1468 veluti
3271 1415 3378 1480 vir,

1799 1501 2022 1564 femina,
2061 1518 2280 1566 aurum,
2305 1519 2369 1557 ac
2399 1504 2630 1573 reliqua.
2665 1504 2847 1558 Animi
2877 1515 3194 1574 conceptus,
3226 1515 3380 1577 puta,

1800 1594 2104 1664 cuiuspiam
2142 1609 2332 1648 eorum
2361 1611 2482 1664 qua:
2519 1595 2664 1650 dicta
2691 1605 2836 1658 sunt,
2871 1597 3014 1652 nuda
3041 1599 3382 1669 simplexque

1799 1685 2085 1738 memoria.
2139 1685 2380 1741 Allectus
2431 1695 2614 1741 autem
2661 1703 2757 1744 seu
2805 1689 3000 1756 libido,
3033 1692 3186 1744 velut
3229 1707 3385 1746 amor

1729 1749 1774 1808 Β
1801 1761 2014 1830 alienus
2041 1791 2072 1828 a
2107 1777 2337 1842 ratione,
2365 1777 2452 1830 vel
2481 1777 2668 1831 odium
2694 1779 2904 1848 judicio
2929 1781 3160 1834 rationis
3188 1795 3384 1836 carens

1797 1867 2027 1936 alicujus
2075 1867 2366 1921 dictorum.
2419 1869 2684 1924 Monacho
2735 1869 2903 1938 igitur
2935 1871 3200 1925 adversus
3243 1871 3381 1926 all'e-

1797 1967 1944 2014 ctum
1973 1973 2034 2013 ac
2061 1959 2346 2012 libidinem
2377 1959 2644 2015 incumbit
2670 1963 3044 2030 pugnandum.

1864 2049 1954 2102 45.
1993 2041 2197 2102 Vitiosa
2245 2047 2648 2118 libidinosaque
2684 2052 2886 2104 mentis
2930 2054 3240 2122 conceptio,
3285 2067 3381 2109 eo-

1797 2137 1988 2208 gitatio
2010 2145 2094 2192 est
2126 2139 2427 2208 composita
2453 2155 2520 2194 ex
2545 2141 2774 2195 libidine
2817 2157 2914 2196 seu
2957 2143 3178 2208 alfectu,
3223 2161 3381 2202 men-

1799 2230 1978 2299 tisque
2007 2231 2094 2283 illa
2120 2231 2498 2300 conceptione.
2532 2231 2862 2301 Separemus
2893 2250 3022 2304 ergo
3053 2235 3122 2288 ab
3160 2252 3222 2289 ea
3253 2237 3380 2292 libi-

1799 2313 1982 2374 dinem
2013 2337 2108 2374 seu
2136 2322 2412 2386 allectum,
2442 2324 2658 2391 eritque
2695 2324 2840 2378 nuda
2877 2339 2940 2378 ac
2974 2325 3204 2392 simplex
3231 2325 3380 2396 Cogi-

1800 2412 1953 2464 tatio.
2006 2413 2394 2480 Separabimus
2435 2423 2652 2476 autem,
2701 2415 2830 2466 dum
2871 2417 3246 2480 voluerimus,
3285 2433 3382 2486 per

1802 2502 2152 2556 dilectionem
2177 2504 2476 2570 spiritalem
2505 2513 2558 2560 et
2582 2505 2998 2558 continentiam.

1872 2592 1959 2642 lii.
1997 2592 2259 2654 Virtutes,
2291 2593 2360 2644 ab
2407 2593 2696 2647 affectibus
2741 2603 2904 2663 atque
2951 2597 3099 2650 vitiis
3143 2607 3380 2652 mentem

1803 2693 2060 2750 separant
2089 2700 2100 2735 :
2127 2684 2402 2752 spiritales
2425 2693 2604 2738 autem
2627 2689 3136 2756 contemplationes,
3165 2707 3194 2744 a
3219 2693 3384 2748 nudis

1805 2773 1939 2840 ipsis
1982 2776 2336 2842 conceptibus
2375 2791 2437 2830 ac
2476 2778 2940 2845 cogitationibus:
2969 2795 3106 2848 pura
3145 2781 3384 2854 denique

1806 2863 2004 2926 oratio,
2035 2865 2138 2932 ipsi
2169 2867 2278 2920 Deo
2307 2881 2426 2920 eam
2454 2866 2696 2921 adhibet.

1879 2954 2042 3025 434
2097 2957 2184 3009 45.
2221 2957 2498 3018 Virtutes,
2559 2965 2787 3026 propter
2837 2975 3020 3012 rerum
3075 2969 3384 3016 creatarnm

126 3055 158 3124 ἡ
207 3054 262 3106 δὲ
314 3051 536 3121 γνῶσις,
581 3048 670 3102 διὰ
709 3049 800 3102 τὸν
843 3045 1180 3114 γινώσκοντα
1209 3061 1220 3074 ·
1257 3047 1284 3096 ὁ
1315 3044 1372 3096 δὲ
1394 3042 1698 3110 γινώσκων,

1817 3045 2092 3099 scientiam
2134 3053 2287 3110 sunt;
2340 3046 2590 3106 scientia.
2631 3055 2856 3117 preptcr
2885 3065 3010 3103 eum
3044 3051 3138 3119 qui
3178 3052 3282 3105 scit
3322 3069 3385 3106 ac

126 3145 212 3198 at:
240 3145 338 3198 τὸν
379 3142 672 3210 ἀγνώστως
707 3139 1130 3210 γινωσκόμενον,
1179 3138 1272 3190 καὶ⁴
1317 3136 1456 3204 ὑπὲρ
1505 3133 1704 3202 γνῶσιν

129 3236 482 3306 γινώσκοντα.

203 3505 322 3570 μςι,
382 3497 494 3566 Οὐχ
547 3495 624 3556 ὡς
663 3491 1059 3566 προσδεόμενός
1092 3505 1234 3550 τινος
1274 3487 1302 3540 ὁ
1349 3484 1706 3556 ὑπερπλήρης
1753 3466 1756 3470 ”

133 3589 278 3652 Θεὸς,
321 3589 644 3656 παρήγαγεν
682 3586 760 3646 εἰς
791 3581 851 3635 τὺ
885 3578 1116 3636 εἶναιτὰ
1139 3579 1402 3648 γεγονότα
1435 3594 1446 3607 ο
1483 3576 1708 3630 ἀλλ’ἵνα

133 3681 268 3734 αὺτὲι
305 3679 408 3749 μὲν
443 3677 608 3731 αὐτοῦ
635 3675 912 3743 ἀναλόγως
957 3673 1252 3742 μετέχοντα
1283 3669 1554 3739 ἀπολαύῃ,
1593 3667 1704 3738 [Ε’ν.

135 3769 446 3841 ἀπολαύσῃ]
497 3768 658 3830 αὐτὸς
691 3767 747 3819 δὲ
777 3763 1054 3835 εὐφρανθῇ
1087 3764 1181 3814 ἐπὶ
1201 3761 1314 3822 τοῖς
1337 3758 1517 3828 ἔργοις
1539 3755 1704 3808 αὑτοῦ

133 3867 269 3936 ὁρῶν
311 3863 453 3918 αὐτά
490 3860 909 3930 εὐφραινόμενα,
945 3858 1038 3910 καὶ
1079 3855 1168 3908 τὸν
1197 3853 1488 3923 ἀκόρεστον
1517 3847 1711 3917 ἀκορέ-

137 3975 272 4021 στως
306 3953 384 4027 (ο)
421 3955 509 4006 ἀεὶ
546 3949 933 4022 κορεννύμενα.

205 4051 310 4119 pi”.
346 4045 578 4106 Πολλοὺς
611 4043 722 4112 ἔχει
745 4043 775 4093 ὁ
809 4041 1012 4110 κόσμος
1039 4040 1284 4108 πτωχοὺς
1312 4037 1388 4108 τῷ
1419 4041 1708 4107 πνεύματι,

136 4142 269 4195 ἀλλά
327 4137 480 4209 παρά
512 4136 573 4189 τὸ
610 4135 907 4205 προσῆκον.
948 4133 1056 4185 Καὶ
1090 4131 1319 4195 πολλοὺς
1355 4131 1710 4200 πενθοῦντας,

138 4231 272 4286 ἀλλὰ
317 4231 407 4284 διὰ
461 4228 665 4298 ζημίας
713 4225 1032 4296 χρημάτων,
1077 4222 1108 4294 ἢ
1161 4223 1432 4286 ἀποϐολάς
1483 4223 1708 4278 τέκνων.

139 4323 248 4375 Καὶ
273 4320 503 4381 πολλοὺς
539 4319 754 4386 πραεῖς,
783 4315 920 4368 ἀλλὰ
957 4315 1093 4383 πρὸς
1122 4313 1189 4366 τὰ
1218 4313 1508 4383 ἀκάθαρτα
1535 4315 1703 4386 πάθη.

1810 3137 2090 3206 cognoscit
2131 3155 2144 3189 :
2188 3153 2523 3207 cognoscens
2569 3151 2750 3193 autem
2796 3156 2860 3194 ac
2905 3141 3116 3206 sciens,
3163 3155 3386 3212 preptcr

1807 3243 1930 3284 eum
1958 3230 2050 3298 qui
2073 3229 2254 3299 ignota
2283 3231 2490 3283 ratione
2513 3231 2684 3284 scitur
2707 3247 2768 3284 ac
2787 3236 3156 3302 cognoscitur,
3178 3235 3386 3303 scitque

1807 3337 1872 3374 ac
1903 3321 2180 3390 cognoscit
2213 3337 2374 3390 supra
2401 3337 2618 3376 onmem
2663 3323 2908 3378 scicntia:
2951 3340 3012 3378 ac
3059 3327 3390 3395 cognitionis

1807 3411 1934 3465 mod
1945 3427 2032 3464 um
2046 3453 2057 3464 .

1879 3503 1967 3556 46.
2001 3503 2118 3556 Non
2149 3504 2304 3557 velut
2351 3503 2532 3572 aliquo
2573 3503 2844 3573 indigens,
2875 3506 2968 3574 qui
3015 3517 3178 3575 Supra
3226 3523 3388 3577 quam

1807 3593 2004 3662 plenus
2037 3605 2138 3660 est,
2180 3595 2339 3656 Deus,
2375 3611 2468 3649 res
2517 3596 2775 3664 produxit
2821 3605 2882 3650 ut
2925 3609 3144 3664 essent;
3191 3600 3284 3652 sed
3334 3610 3392 3654 ut

1809 3685 1940 3752 ipsa:
1971 3700 2074 3753 pro
2119 3701 2214 3738 sna
2259 3701 2490 3754 qmeqne
2537 3689 2771 3750 ratione,
2805 3688 3206 3756 participando,
3245 3689 3394 3742 illius

1809 3773 2126 3827 fruerentur
2159 3775 2431 3840 bonitate;
2467 3776 2850 3844 lactareturque
2892 3778 3008 3845 ipse
3045 3779 3100 3830 in
3131 3779 3394 3846 operibus

1809 3863 1924 3918 suis
1975 3863 2165 3914 videns
2208 3877 2272 3915 ea
2317 3863 2509 3928 laetari,
2561 3874 2616 3915 ct
2665 3863 2962 3916 insatiabili
3007 3865 3394 3918 insatiabiliter

1812 3970 2029 4024 semper
2069 3953 2276 4007 satiari.

1881 4047 1970 4099 47.
2015 4045 2210 4098 Multos
2257 4045 2495 4098 mundus
2539 4059 2808 4114 pauperes
2837 4045 3033 4113 spiritu
3066 4045 3250 4110 habet,
3298 4046 3395 4100 SCtl

1812 4145 2002 4190 contra
2038 4151 2200 4206 quam
2225 4135 2400 4189 decet.
2431 4135 2627 4190 Multos
2655 4151 2874 4204 quoque
2901 4136 3170 4206 lugentes,
3198 4135 3292 4190 sed
3323 4136 3396 4189 ob

1812 4229 2172 4299 pecuniarum
2211 4229 2504 4296 jacturam,
2547 4227 2634 4280 vel
2669 4226 3020 4280 amissionem
3071 4226 3392 4280 liberorum.

1813 4321 2010 4374 Multos
2037 4319 2166 4372 item
2197 4318 2377 4382 mites,
2403 4317 2497 4372 sed
2533 4317 2798 4372 adversus
2829 4316 3137 4371 immundos
3163 4316 3396 4370 allectus

141 4415 248 4467 Καὶ
273 4413 499 4473 πολλοὺς
533 4409 830 4468 πεινῶντας
860 4405 956 4459 καὶ
995 4405 1279 4474 διψῶντας,
1321 4405 1454 4458 ἀλλὰ
1498 4405 1557 4458 τὸ
1610 4409 1708 4478 ἁρ-

1817 4425 1882 4464 ae
1923 4408 2200 4463 libidines.
2231 4406 2408 4460 Etiam
2439 4408 2640 4461 multos
2682 4407 2992 4460 esurientes
3035 4415 3090 4461 et
3121 4407 3392 4472 sitientes,

141 4503 330 4566 στάζειν
351 4501 422 4555 τὰ
452 4499 726 4567 ἀλλότρια,
758 4495 851 4550 καὶ
886 4494 1190 4564 κερδαίνειν
1215 4494 1273 4558 ἐξ
1325 4495 1555 4557 ἀδικίας.
1601 4497 1710 4548 Καὶ

143 4595 370 4657 πολλοὺς
419 4593 740 4662 ἐλεήμονας,
794 4587 928 4640 ἀλλά
967 4586 1100 4656 πρὸς
1127 4585 1186 4638 τὸ
1217 4586 1374 4654 σῶμα
1399 4587 1488 4640 καὶ
1521 4589 1586 4641 τὰ
1613 4588 1705 4641 τοῦ

143 4687 410 4756 σώματος.
443 4683 551 4736 Καὶ
587 4679 862 4752 καθαροὺς
903 4681 969 4748 τῇ
1014 4675 1226 4746 καρδίᾳ,
1263 4676 1398 4729 ἀλλά
1436 4677 1522 4730 διὰ
1552 4695 1708 4731 κενο-

141 4777 336 4840 δοξίαν.
375 4776 487 4832 Καὶ
514 4771 912 4844 εἰρηνοποιοὺς,
947 4769 1083 4821 ἀλλά
1115 4769 1212 4836 τὴν
1242 4767 1420 4838 ψυχὴν
1445 4771 1509 4838 τῇ
1543 4771 1707 4840 σαρκὶ

142 4867 568 4928 ὑποτάσσοντας.
599 4863 708 4916 Καὶ
736 4861 964 4922 πολλοὺς
1012 4859 1425 4928 δεδιωγμένους,
1470 4861 1584 4913 ἀλλ’
1635 4861 1708 4924 ὡς

141 4956 428 5020 ἀτάκτους.
463 4958 574 5012 Καὶ
609 4953 834 5016 πολλοὺς
870 4951 1314 5020 ὀνειδιζομένους,
1347 4951 1460 5005 ἀλλ’
1505 4955 1593 5006 ἐπ’
1631 4957 1714 5008 αἱ·

143 5051 326 5120 σιροῖς
353 5049 737 5120 ἁμαρτήμασι·
769 5046 884 5099 ἀλλ’
908 5045 1106 5097 ἐκεῖνοι
1128 5043 1276 5112 μόνοι
1298 5047 1556 5118 μακάριοι
1575 5046 1712 5118 (i5),

215 5209 286 5279 (ο)
315 5207 420 5261 Καὶ
443 5207 548 5259 τὸν
570 5205 904 5279 (indagator
927 5202 1286 5279 ἁκορέσςζῳς.
1308 5201 1398 5279 Sic
1421 5203 1718 5279 emendare

145 5272 334 5334 docuit
357 5293 498 5330 unus
531 5275 654 5329 cod.
679 5275 814 5342 Reg.
867 5285 929 5326 ae
957 5274 1052 5340 qui
1081 5272 1216 5325 mihi
1253 5273 1552 5326 multorum
1601 5274 1722 5327 vice

145 5361 247 5413 est,
269 5347 424 5402 Dnl‘r.
463 5345 586 5400 cod.
613 5359 714 5412 pro
748 5341 853 5395 τῶν
902 5343 1232 5413 ἀκορέστων,
1261 5341 1558 5413 quoderat
1606 5343 1724 5395 edi-

148 5411 243 5474 tis.
265 5419 402 5470 Male.
423 5431 555 5471 vero
582 5411 786 5482 Obsop.
819 5421 874 5466 et
895 5411 1262 5482 Gesn.'active
1299 5411 1555 5476 reddunt,
1584 5414 1722 5465 alter

147 5491 310 5542 etiam
345 5485 681 5546 solmcismo,
717 5481 896 5534 rerum
935 5481 1341 5540 insatiabilium,
1382 5481 1521 5534 alter
1557 5484 1720 5550 paulo

150 5556 418 5618 Latinius,
450 5555 602 5608 rebus
627 5551 1014 5606 insatiabilibus
1059 5567 1076 5604 :
1111 5567 1220 5604 non
1265 5552 1412 5604 enim
1443 5553 1596 5619 quasi
1651 5553 1720 5606 de

152 5628 316 5682 rebus
335 5625 665 5679 satiantibus
688 5637 751 5676 ea
785 5635 890 5673 vox
935 5621 1158 5690 dicitur,
1203 5621 1294 5674 sed
1339 5621 1406 5674 dc
1445 5623 1716 5690 personis,

151 5712 274 5766 qua:
305 5695 492 5751 satiari
519 5709 628 5748 non
661 5699 911 5761 possunt.
955 5689 1190 5746 Phavor.
1223 5689 1540 5760 Ἀκὸρεστος
1561 5693 1717 5758 λέγε-

1818 4517 2011 4556 verum
2041 4512 2102 4554 ut
2137 4499 2315 4554 aliena
2353 4499 2586 4568 rapiant,
2616 4515 2681 4554 ac
2711 4499 2908 4568 injusta
2945 4499 3096 4554 lucra
3127 4507 3393 4568 quierant.

1820 4594 1925 4648 Sed
1961 4601 2016 4648 et
2059 4593 2261 4646 multos
2303 4591 2710 4656 misericordes,
2739 4607 2926 4645 verum
2960 4607 3086 4661 erga
3113 4607 3314 4660 corpus
3343 4599 3400 4644 et

1817 4703 1880 4742 ea
1909 4701 2032 4756 qua:
2075 4685 2142 4739 ad
2185 4701 2386 4754 corpus
2419 4693 2682 4754 spectant.
2720 4683 2916 4738 Multos
2961 4684 3165 4738 mundo
3209 4683 3394 4746 corde,

1816 4793 2010 4832 verum
2057 4777 2237 4830 inanis
2278 4776 2463 4846 gloria:
2497 4791 2678 4829 causa.
2731 4775 2926 4830 Multos
2969 4775 3256 4844 paeilicos,
3299 4775 3397 4830 sed

1817 4869 1912 4941 qui
1939 4869 2092 4923 carni
2135 4868 2378 4922 animum
2422 4866 2737 4938 subjiciant.
2784 4867 2981 4921 Multos
3015 4868 3107 4936 qui
3137 4883 3398 4941 persecu-

1821 4961 2024 5016 tionem
2053 4961 2350 5029 patiantur,
2383 4959 2478 5012 sed
2517 4969 2771 5028 tanquam
2805 4959 3138 5028 immorigeri
3167 4939 3221 5012 ἐι
3247 4959 3396 5012 inor-

1821 5049 2012 5104 dinati.
2059 5049 2256 5104 Multos
2295 5049 2386 5117 qui
2427 5049 2630 5118 probra
2678 5049 2984 5103 sustineant
3030 5064 3092 5102 ac
3132 5047 3394 5112 convitia,

1819 5223 1908 5256 ται
1939 5209 1964 5256 ό
2003 5205 2076 5272 μὴ
2107 5205 2266 5273 κόρον
2290 5203 2582 5273 λαμϐάνων
2600 5205 2741 5266 τινός
2759 5221 2772 5234 ⁸
2794 5199 2920 5256 οἷον.
2946 5205 3243 5269 ἀκόρεστος
3270 5222 3403 5272 χρη-

1825 5275 2030 5343 μάτων,
2066 5275 2362 5344 ἀκόρεστος
2426 5274 2639 5344 ἠδονῆς,
2685 5277 2778 5344 καὶ
2836 5277 3148 5341 ἀκόρεστος.
3187 5275 3232 5344 νό
3275 5275 3402 5342 περὶ

1819 5346 2026 5412 τροφὴν
2050 5343 2344 5412 ἄπληστος.
2375 5344 2465 5398 Ait
2488 5360 2616 5412 ergo
2651 5343 2936 5401 Maximus,
2969 5343 3404 5412 saliariinsatia-

1819 5411 1994 5466 biliter
2058 5411 2374 5474 insatiabili,
2415 5413 2468 5466 id
2526 5411 2630 5475 est,
2666 5413 2784 5480 ipso
2817 5415 2960 5466 Deo:
3005 5411 3239 5479 inquom
3271 5429 3399 5466 vere

1819 5484 1970 5536 nulla
2011 5485 2236 5536 satietas
2261 5483 2408 5536 cadit
2459 5485 2542 5536 sui
2580 5483 2862 5544 ﬁnitione,
2929 5483 3009 5536 uti
3053 5497 3154 5534 nec
3219 5481 3271 5534 in
3303 5497 3401 5537 eos

1818 5554 1912 5620 qui
1961 5554 2082 5620 ejus
2131 5553 2350 5606 fruendi
2407 5553 2708 5622 participes
2775 5563 2923 5612 sunt,
2969 5553 3102 5620 quin
3143 5567 3397 5620 semper,

1817 5637 1881 5674 ac
1917 5631 2122 5690 quanta
2163 5623 2446 5678 :etcrnitas
2493 5633 2596 5686 est,
2637 5623 2798 5676 beato
2847 5627 2952 5676 line
3009 5624 3100 5676 illo
3151 5623 3258 5676 frui
3305 5639 3400 5678 ve-

1815 5693 1938 5745 lint.
