3876 6314
474 284 602 348 1031

1626 290 1686 349 S.
1729 287 2016 347 MAXIMI
2056 285 2567 347 CONFESSORIS

3610 284 3751 348 109:2

467 394 566 450 sed
605 397 676 451 ob
720 397 920 467 turpia,
955 413 1078 467 quae
1122 404 1360 468 patrant.
1391 397 1594 452 Verum
1634 399 1668 452 ii
1707 398 2045 454 solummodo

2155 400 2204 451 οἱ
2243 397 2334 452 διὰ
2363 398 2600 471 Χριστὸν
2629 396 2723 452 καὶ
2747 396 2889 452 κατὰ
2912 397 3150 468 Χριστὸν
3174 396 3348 451 ταῦτα
3387 396 3486 448 καὶ
3520 399 3748 450 ποιοῦν-

391 547 402 558 ,
468 485 636 553 beati,
673 489 766 557 qui
809 496 1034 557 propter
1072 487 1353 543 Christum
1387 503 1449 544 ac
1489 489 1800 544 Christiana
1845 489 2047 558 pietate

467 579 586 634 haec
630 588 684 633 et
724 580 932 635 faciunt
976 587 1033 634 et
1066 580 1370 650 patiuntur.
1403 580 1673 646 Quorsum
1707 580 1874 635 vero?
1909 579 2050 645 Quo.-

470 673 616 726 niam
656 673 894 743 ipsorum
942 681 1019 726 est
1052 689 1272 743 regnum
1316 672 1588 738 caelorum,
1635 682 1712 736 et,
1765 671 1903 738 Quia
1947 674 2050 744 ipsi

468 764 633 817 Deum
665 764 908 818 videbunt
941 761 1008 828 ⁸³,
1041 772 1147 818 etc.
1174 765 1382 833 Itaque,
1409 779 1518 818 non
1545 764 1673 834 quia
1697 763 1813 818 haec
1845 763 2052 818 faciunt

471 867 534 906 ac
567 853 867 921 patiuntur,
913 860 1039 906 sunt
1070 852 1216 907 beati
1255 853 1398 923 (cum
1429 861 1484 906 et
1519 853 1557 907 ii
1598 869 1737 923 quos
1773 853 2046 918 dicebam,

472 943 709 1012 idipsum
756 943 1014 1013 faciant),
1051 942 1146 998 sed
1195 942 1343 1012 quod
1387 949 1611 1012 propter
1653 942 1933 997 Christum
1987 957 2052 996 ac

471 1031 780 1088 Christiana
809 1033 1030 1102 pietate,
1062 1033 1179 1088 haec
1201 1043 1257 1087 et
1283 1032 1492 1087 faciunt
1517 1041 1573 1087 et
1595 1033 1902 1102 patiuntur.

544 1125 634 1178 48.
681 1124 740 1178 In
771 1125 1027 1178 omnibus
1067 1140 1190 1192 quae
1217 1139 1247 1177 a
1281 1125 1440 1178 nobis
1483 1134 1738 1195 aguntur,
1772 1124 1897 1181 ﬁnis
1937 1127 2052 1181 Deo

474 1214 819 1282 exquiritur,
877 1221 938 1266 ut
984 1217 1182 1282 smpius
1235 1214 1444 1268 dictum
1491 1225 1608 1282 est;
1655 1217 1772 1270 sive
1825 1227 2053 1286 propter

475 1305 675 1372 ipsum,
707 1304 822 1358 sive
860 1303 1083 1359 alterius
1116 1305 1436 1374 cujusquam
1472 1307 1644 1376 gratia
1688 1321 1930 1376 agamus.
1973 1307 2053 1361 Ne

474 1395 643 1465 igitur
670 1412 794 1450 cum
840 1397 969 1451 boni
1004 1397 1212 1464 aliquid
1243 1413 1409 1468 agere
1442 1399 1498 1452 in
1543 1399 1786 1452 animum
1819 1398 2052 1453 induxe-

475 1487 668 1554 rimus,
699 1489 996 1542 humanum
1038 1488 1280 1542 favorem
1306 1504 1370 1544 ac
1402 1505 1592 1544 auram
1618 1501 1920 1560 captemus,
1956 1490 2053 1547 sed

474 1578 646 1632 Deum
687 1579 847 1634 nobis
886 1582 1048 1634 ﬁnem
1077 1595 1480 1650 proponamus;
1513 1591 1574 1637 ut
1600 1582 1654 1636 in
1686 1599 1810 1638 eum
1841 1598 2056 1654 semper

474 1670 822 1738 aspicientes,
864 1680 1091 1740 propter
1137 1671 1320 1741 ipsum
1367 1674 1553 1727 omnia
1600 1689 1843 1743 agamus,
1895 1689 1964 1728 ne
2000 1682 2056 1728 et

475 1761 720 1815 laborem
744 1764 1132 1826 sustineamus,
1161 1772 1216 1817 ct
1239 1763 1549 1818 mercedem
1575 1764 1908 1819 amittamus.

547 1853 634 1907 49.
662 1853 848 1907 Nudas
877 1854 1022 1923 ipsas
1055 1854 1416 1908 humanarum
1464 1871 1649 1910 rerum
1697 1871 1760 1911 ac
1802 1859 2050 1928 negotio-

476 1958 598 1995 rum
647 1945 1026 2014 cogitationes,
1073 1961 1371 2016 rerumque
1414 1947 1662 2002 omnium
1707 1950 2052 2004 conditarum

475 2031 959 2097 considerationes,
992 2036 1165 2106 abjiee
1195 2037 1380 2091 animo
1407 2053 1533 2093 cum
1559 2041 1818 2109 precibus
1843 2043 1950 2097 erit
1972 2044 2055 2097 in-

473 2125 877 2193 cumbendum;
907 2142 978 2181 ne
1003 2128 1144 2183 forte
1169 2131 1415 2199 cogitans
1444 2147 1565 2200 quae
1592 2132 1866 2188 deteriora
1902 2144 2050 2200 sunt,

472 2216 591 2284 ejus
616 2217 708 2285 qui
753 2218 917 2273 rebus
945 2219 1201 2275 omnibus
1243 2221 1381 2276 citra
1427 2236 1647 2278 omnem
1691 2226 2055 2294 comparatio-

472 2323 599 2362 nem
637 2317 876 2378 praestat,
901 2311 1170 2381 jacturam
1196 2312 1414 2369 feceris.

541 2399 702 2470 5.35
752 2401 839 2456 50.
873 2401 929 2456 Si
963 2418 1093 2458 vere
1123 2418 1189 2457 ex
1219 2403 1402 2458 animo
1443 2405 1615 2460 Deum
1661 2406 2047 2473 dilexerimus,

474 2488 760 2559 ipsiusmet
783 2492 1072 2548 charitatis
1097 2495 1148 2548 vi
1191 2495 1453 2551 libidines
1488 2504 1653 2567 atque
1693 2497 1924 2554 aﬂ‘ectus
1957 2500 2054 2555 de—

472 2581 756 2650 pellemus.
788 2583 884 2637 Dei
916 2592 1100 2639 autem
1135 2585 1375 2642 Charitas
1405 2588 1463 2641 in
1505 2603 1573 2642 eo
1614 2599 1719 2653 est,
1769 2599 1828 2644 ut
1871 2590 2050 2660 ipsum

473 2675 698 2737 mundo,
732 2683 789 2729 et
835 2690 1074 2731 animam
1114 2688 1266 2732 carni
1301 2677 1687 2748 praaferamus;
1733 2696 1797 2735 ea
1844 2683 2052 2738 scilicet

471 2765 683 2820 ratione
712 2767 858 2835 quod
889 2767 1087 2836 spretis
1117 2768 1469 2823 saecularibus
1492 2771 1746 2840 negotiis,
1772 2773 1820 2825 ei
1844 2773 2052 2843 jugiter

470 2869 570 2925 per
601 2857 994 2912 continentiam
1044 2867 1101 2914 et
1148 2859 1469 2914 charitatem
1522 2868 1580 2915 et
1623 2863 1760 2917 orati
1809 2878 1949 2932 nem,
1994 2872 2052 2918 et

470 2947 710 3016 psalmos
731 2947 1096 3009 concinendo.
1121 2964 1184 3003 ac
1207 2949 1440 3019 reliqua,
1472 2965 1749 3005 vacemus.

540 3037 629 3090 5!.
678 3037 783 3092 Ubi
833 3037 928 3092 diu
981 3039 1325 3110 multumque
1376 3040 1490 3095 Deo
1536 3053 1826 3108 vacantes,
1877 3045 2050 3114 partis

2148 508 2240 555 τες
2291 492 2384 545 καὶ
2435 494 2758 562 πάσχοντες,
2816 493 3006 558 Διατί;
3061 493 3182 544 Ὅτι
3224 490 3425 544 αὐτῶν
3467 491 3654 544 ἐστιν
3717 495 3746 557 ἠ

2145 580 2438 645 ,ϐασιλεία
2480 580 2600 633 τῶν
2663 580 2958 648 οὐρανῶν-τ
3027 579 3147 643 καὶ,
3196 577 3378 634 Αὐτοὶ
3425 579 3540 632 τὸν
3601 581 3748 634 Θεειγ

2151 670 2430 740 ὄψονται,
2464 671 2560 734 καὶ
2590 671 2657 725 τὰ
2686 671 2834 741 ἑξῆς.
2871 672 3054 736 Ὥστε,
3083 670 3184 739 οὐχ
3204 671 3288 723 ὅτι
3322 669 3549 724 ποιοῦσι
3576 670 3748 724 ταῦτα

2151 762 2246 815 καὶ
2280 762 2576 832 πάσχουσι,
2617 761 2727 814 εἰσὶ
2761 762 3064 832 μακάριοι·
3103 760 3200 813 καὶ
3237 760 3349 828 γὰρ
3381 761 3431 812 οἱ
3475 775 3746 830 προειρη-

2157 854 2307 925 μένοι
2351 854 2412 907 τὸ
2453 855 2587 908 αὐτὸ
2624 855 2871 908 ποιοῦσιν
2897 871 2911 886 ·
2960 853 3075 906 ἀλλ’
3104 854 3186 906 ὄτι
3217 852 3308 906 διὰ
3361 852 3618 922 Χριστὸν
3659 854 3745 905 καὶ

2153 946 2296 1000 κατὰ
2327 948 2564 1018 Χριστὸν
2584 947 2760 1001 ταῦτα
2803 948 2896 1001 καὶ
2931 945 3148 1000 ποιοῦσι
3176 946 3272 1000 καὶ
3296 947 3607 1016 πάσχουσι.

2228 1112 2340 1176 μη’.
2395 1105 2484 1157 Ἐν
2525 1105 2660 1158 πᾶσι
2702 1106 2815 1166 τοῖς
2869 1103 2958 1175 ὑφ’
3011 1102 3170 1172 ἡμῶν
3232 1102 3672 1172 πραττομένοις,
3721 1105 3742 1152 ἐ

2156 1196 2357 1259 σκοπὸς
2383 1195 2626 1266 ζητεῖται
2653 1193 2804 1263 παρὰ
2819 1193 2934 1263 Θεῷ
2954 1193 3087 1261 (26),
3109 1192 3186 1256 ὡς
3214 1192 3487 1253 πολλάκις
3514 1192 3743 1260 εἴρηται·

2154 1289 2267 1342 είτε
2328 1289 2395 1342 δι’
2448 1288 2637 1351 αὐτὸν,
2693 1287 2801 1340 εἴτε
2840 1285 2908 1339 δι’
2955 1285 3082 1340 ἄλλο
3106 1303 3160 1336 τι
3191 1285 3546 1354 πράττομεν.
3589 1285 3746 1334 Ὀτεντ

2155 1376 2249 1434 οὖν
2292 1397 2349 1433 τι
2395 1379 2642 1448 θέλωμεν
2694 1376 2901 1448 πρᾶξαι
2935 1375 3164 1443 ἀγαθὸν,
3201 1374 3280 1443 μὴ
3320 1374 3426 1442 τὴν
3496 1373 3746 1440 ἀνῦρωπ-

2155 1471 2446 1542 αρέσκειαν
2468 1509 2483 1534 ,
2511 1468 2650 1522 ἀλλὰ
2684 1467 2774 1520 τὸν
2805 1466 2936 1520 Θεὸν
2988 1465 3207 1535 σχῶμεν
3231 1464 3441 1516 σκοπόν
3462 1479 3488 1513 .·
3537 1463 3629 1514 ἵνα
3679 1466 3749 1523 εἰς

2155 1564 2319 1618 αὑτὸν
2345 1563 2433 1617 ἀεὶ
2462 1560 2917 1628 ἀποϐλεπόμενοι,
2941 1557 3008 1610 δι’
3029 1557 3196 1608 αὑτὸν
3216 1556 3402 1610 πάντα
3421 1555 3742 1624 ιιτράέὶωίμνΔ

2157 1657 2246 1710 ἵνα
2277 1655 2354 1726 μὴ
2380 1654 2472 1707 καὶ
2502 1653 2594 1706 τὸν
2620 1652 2785 1704 τόπον
2812 1649 3193 1720 ὑπομένωμεν,
3253 1647 3350 1702 καὶ
3405 1647 3508 1700 τδν
3569 1648 3752 1715 picem

2087 1755 2126 1810 Β
2155 1747 2529 1818 ἀπολέσωμεν.

2231 1841 2338 1912 μθ’.
2375 1841 2484 1892 Kal
2518 1838 2584 1891 τὰ
2632 1836 2763 1906 ψιλὰ
2821 1835 2932 1887 τῶν
2991 1831 3350 1903 ἀνθρωπίνων
3401 1831 3754 1902 πραγμάτων

2156 1933 2426 2003 νοήματα,
2450 1930 2546 1984 καλ⁵
2575 1929 2641 1981 τὰ
2665 1929 2880 1981 πάντων
2907 1925 3017 1978 τῶν
3049 1924 3357 1994 γεγονότων
3385 1923 3752 1994 θεωρήματα,

2155 2023 2398 2078 ἀπόϐαλε
2436 2021 2532 2081 τοῦ
2580 2021 2699 2083 νοὸς
2727 2021 2786 2074 ἐν
2814 2019 2892 2088 τῷ
2930 2017 3110 2089 καιρῷ
3131 2020 3232 2088 τῆς
3261 2016 3604 2087 προσευχῆς
3627 2031 3643 2048 ·
3677 2017 3757 2068 iu

2158 2115 2234 2184 μὴ
2253 2114 2322 2167 τά
2363 2114 2564 2184 ἦττονα
2603 2109 3029 2180 φανταζόμενος,
3062 2108 3156 2162 τοῦ
3190 2109 3423 2162 πάντων
3442 2108 3568 2162 τῶν
3595 2108 3754 2162 ὅντων

2155 2205 2501 2275 ἀσυγκρίτως
2537 2203 2844 2275 κρείττονος
2879 2202 3141 2271 ἐκπέσῃς.

2223 2400 2286 2447 ν’.
2331 2392 2457 2445 Ἐὰν
2483 2389 2572 2442 τὸν
2597 2387 2729 2440 Θεὸν
2763 2383 2999 2454 γνησίως
3027 2380 3442 2452 ἀγαπήσωμεν,
3476 2381 3551 2435 δι’
3590 2383 3751 2450 αὐτῆς

2153 2485 2251 2552 τῆς
2274 2482 2493 2550 ἀγάπης
2520 2477 2587 2531 τά
2616 2477 2764 2546 πάθη
2799 2473 3197 2540 ἀποϐάλλομεν,
3250 2472 3317 2524 Ἠ
3362 2472 3425 2525 δὲ
3462 2474 3552 2536 εἰς
3599 2474 3748 2526 αὑτὸν

2153 2575 2339 2644 ἀγάπη
2373 2572 2510 2636 ἐστὶ,
2540 2570 2603 2622 τὺ
2631 2568 2903 2640 προτιμᾷν
2935 2564 3098 2619 αὐτὸν
3120 2563 3218 2616 τοῦ
3245 2564 3492 2633 κόσμου,
3531 2567 3632 2620 καὶ
3659 2567 3744 2634 τὴν

2151 2665 2328 2736 ψυχὴν
2355 2662 2458 2750 τῆς
2490 2659 2692 2732 σαρκός
2712 2675 2727 2690 ·
2775 2659 2834 2711 ἐν
2979 2654 3090 2710 τῶν
3119 2653 3407 2724 κοσμικῶν
3447 2655 3556 2724 μὲν
3583 2673 3743 2708 κατα-

2153 2757 2370 2830 φρονεῖν
2401 2736 2766 2826 πραγμάτων,
2802 2736 2949 2819 αὐτῷ
2985 2748 3042 2801 δέ
3072 2745 3362 2818 σχολάζειν
3397 2746 3499 2800 διὰ

2151 2849 2239 2904 διά
2284 2865 2345 2901 τε
2381 2844 2709 2917 ἐγκρατείας
2757 2842 2853 2895 καὶ
2897 2840 3118 2910 ἀγάπης
3149 2840 3245 2894 καὶ
3289 2841 3624 2910 προσευχῆς
3656 2838 3739 2891 καὶ

2149 2937 2487 3010 ψαλμῳδίας,
2519 2935 2747 2990 καὶτῶν
2778 2932 2926 3005 ἑξῆς.

2221 3037 2324 3089 να⁹.
2367 3031 2493 3086 Ἒάν
2525 3029 2876 3100 σχολάζοντες
2905 3025 2984 3095 τῷ
3016 3024 3137 3096 Θεῷ
3169 3024 3354 3095 χρόνῳ
3403 3022 3617 3095 πολλῷ,
3653 3024 3738 3077 ταῦ

469 3127 666 3182 animae
715 3127 1004 3184 aﬂ'ectibus
1049 3130 1302 3186 obnoxiae
1348 3146 1537 3185 curam
1583 3135 1888 3203 egerimus,
1936 3150 2045 3190 non

2155 3124 2454 3197 παθητικοῦ
2483 3124 2684 3195 μέρους
2716 3123 2820 3191 τῆς
2854 3119 3036 3191 ψυχῆς
3071 3116 3492 3188 ἐπιμελώμεθα,
3525 3117 3629 3170 οὐκ
3662 3118 3738 3169 ἔτι

470 3217 703 3286 amplius
757 3218 824 3272 ad
870 3219 1262 3288 cogitationum
1327 3221 1566 3276 insultus
1616 3223 1982 3296 impingemus
2029 3244 2044 3281 :

469 3309 604 3377 quin
636 3317 693 3364 et
720 3309 978 3364 solertius
1012 3324 1205 3364 earum
1236 3311 1495 3381 dispectis
1524 3327 1588 3368 ac
1619 3316 1818 3371 excisis
1843 3318 2045 3383 causis,

470 3399 901 3468 perspicaciores
924 3399 1253 3467 evademus,
1282 3410 1344 3457 ut
1366 3402 1478 3473 jam
1511 3403 1568 3457 in
1593 3405 1752 3460 nobis
1782 3406 1917 3462 illud
1949 3409 2051 3464 im-

469 3490 684 3559 pleatur
727 3507 741 3544 :
784 3490 854 3544 Et
887 3492 1122 3562 despexit
1162 3493 1343 3548 oculus
1372 3511 1519 3550 meus
1551 3497 1607 3549 in
1648 3497 1872 3552 inimicis
1897 3502 2046 3569 meis,

470 3587 521 3632 et
547 3581 602 3633 in
623 3581 1009 3651 insurgentibus
1041 3585 1099 3639 in
1127 3601 1210 3640 me
1241 3584 1658 3657 malignantibus
1693 3589 1872 3644 audiet
1902 3594 2050 3648 auria

470 3687 586 3726 mea
611 3673 678 3726 ⁸³.

537 3870 624 3925 5‘2.
655 3869 793 3925 Cum
836 3880 1076 3928 mentem
1107 3881 1258 3929 tuam
1287 3874 1377 3945 pie
1407 3891 1472 3932 ac
1517 3879 1659 3949 iuste
1690 3885 1922 3953 versari,
1953 3901 2048 3946 co-

466 3962 688 4032 gitando
713 3977 778 4018 ea
819 3979 941 4034 quae
983 3967 1358 4046 suntmundi,
1387 3968 1613 4038 videris,
1639 3973 1808 4029 etiam
1844 3990 2046 4048 corpus

466 4062 621 4108 tuum
650 4069 848 4124 purum
896 4062 952 4110 et
983 4070 1014 4110 a
1044 4064 1270 4126 peccato
1316 4058 1562 4117 immune
1609 4063 1749 4118 scito
1782 4081 2042 4136 perseve-

463 4152 710 4199 raturum
761 4161 774 4198 :
822 4160 948 4201 cum
992 4156 1176 4201 autem
1223 4147 1516 4222 cogitando
1559 4153 1804 4220 peccatis
1847 4171 2044 4214 vacare

466 4233 686 4302 videris,
711 4251 815 4291 nec
850 4236 1176 4304 inhibueris,
1207 4239 1346 4294 scito
1372 4238 1491 4296 fore
1521 4248 1580 4295 ut
1608 4250 1666 4298 et
1697 4258 1898 4316 corpus
1927 4262 2042 4306 non

461 4325 557 4379 diu
587 4336 802 4381 maneat
830 4328 963 4397 quin
994 4329 1052 4381 in
1080 4342 1145 4382 ea
1176 4329 1410 4384 labatur.

531 4509 617 4563 55.
651 4505 1119 4572 Quemadmodum
1154 4521 1372 4576 corpus,
1413 4512 1677 4565 mundum
1713 4528 1801 4568 res
1833 4515 2031 4585 habet;

461 4600 534 4653 ita
560 4611 619 4654 ct
649 4599 886 4660 animus,
921 4597 1185 4650 mundum
1219 4598 1386 4652 habet
1431 4601 1787 4670 cogitationes
1833 4620 1896 4661 ac
1945 4622 2032 4663 re-

459 4705 578 4742 rum
604 4704 762 4743 sensa
788 4705 801 4741 :
833 4703 896 4741 ac
924 4689 1066 4742 sicut
1099 4701 1298 4756 corpus
1328 4697 1600 4744 scortatur
1631 4707 1756 4746 cum
1784 4695 2036 4751 mulieris

457 4795 707 4850 corpore,
733 4781 811 4836 sic
837 4789 892 4835 et
921 4779 1138 4834 animus
1157 4795 1280 4833 cum
1305 4781 1553 4836 mulieris
1574 4785 1807 4856 cogitata
1836 4785 2031 4856 forma,

456 4883 558 4938 per
613 4866 699 4932 sui
761 4868 1008 4938 corporis
1069 4868 1360 4936 cogitatam
1415 4869 1646 4933 formam
1709 4872 2031 4930 fornicatur.

455 4958 631 5013 Mente
666 4957 812 5013 enim
862 4967 918 5012 et
952 4958 1272 5029 cogitando,
1328 4960 1579 5029 corporis
1633 4963 1716 5017 sui
1759 4963 2024 5033 formam,

453 5064 578 5103 cum
626 5050 873 5104 mulieris
923 5050 1097 5104 forma
1147 5051 1296 5106 videt
1346 5051 1714 5108 commisceri.
1766 5054 2028 5113 Similiter

453 5156 615 5212 etiam
645 5155 851 5210 inimici
882 5155 1112 5209 formam
1139 5156 1337 5209 mentis
1359 5156 1687 5227 cogitatione
1712 5159 2023 5228 ulciscitur;

452 5265 516 5305 ac
540 5250 769 5320 perinde
801 5250 854 5304 in
894 5249 1125 5318 reliquis
1166 5248 1424 5319 peccatis.
1473 5249 1602 5316 Quae
1645 5252 1792 5307 enim
1829 5269 2028 5323 corpus

453 5341 510 5395 in
540 5351 687 5406 actu,
716 5341 942 5410 ipsoque
975 5354 1140 5410 opere
1172 5339 1226 5392 in
1263 5354 1448 5392 rerum
1480 5341 1686 5395 mundo
1730 5342 1878 5406 facit,
1912 5344 2030 5399 haec

451 5439 509 5488 et
559 5433 774 5488 animus
824 5431 879 5485 in
931 5445 1032 5485 suo
1074 5430 1345 5485 rationum
1380 5431 1586 5485 mundo
1637 5447 1700 5487 ac
1745 5433 2030 5503 cogitatio-

453 5533 606 5574 num.

524 5704 570 5736 ⁸³
596 5705 784 5760 Matth.
811 5723 866 5771 v,
898 5707 931 5760 '5
954 5722 1106 5774 seqq.
1184 5705 1230 5735 3"
1265 5702 1407 5756 Psal-
1429 5677 1547 5768 ¹κει,
1585 5705 1666 5758 19-

2150 3223 2287 3294 πρὸς
2343 3221 2442 3285 τὰς
2479 3219 2590 3274 τῶν
2645 3217 2922 3288 λογισμῶν
2979 3212 3286 3284 προσϐολὰς
3347 3211 3736 3280 ἐξοκείλομενο

2149 3313 2284 3368 ἀλλά
2310 3313 2405 3366 καὶ
2431 3311 2827 3383 ἀκριϐέστερον
2855 3307 2952 3370 τὰς
2973 3305 3180 3358 τούτων
3211 3303 3392 3366 αἰτίας
3410 3301 3738 3356 κατανοοῦν-

2147 3424 2238 3470 τες
2266 3406 2361 3460 καὶ
2389 3403 2768 3466 ἐκκόπτοντες,
2785 3398 3236 3472 διορατικώτεροι
3255 3396 3530 3466 γινόμεθα
3550 3409 3566 3424 ⁸
3598 3396 3734 3448 ὥστε

2148 3493 2504 3566 πληρωθῆναι
2531 3492 2610 3556 εἰς
2639 3493 2787 3563 ἡμᾶς
2815 3490 2876 3543 τὸ
2896 3528 2913 3555 ,
2946 3488 3057 3544 Kal
3102 3487 3344 3542 ἐπεῖδεν
3373 3489 3409 3541 ὁ
3424 3487 3735 3555 ὀξυ-ϐωμός

2141 3605 2260 3659 μου
2281 3587 2350 3640 ἐν
2378 3585 2501 3651 τοῖς
2521 3584 2754 3654 ἐχθροῖς
2783 3600 2904 3653 μου
2928 3594 2944 3612 ⁶
3002 3581 3104 3636 καὶ
3129 3579 3199 3634 ἐν
3236 3579 3364 3646 τοῖς
3407 3580 3721 3631 ἐπανιστα-

2141 3679 2349 3749 μένοις
2393 3676 2487 3731 ἐπ’
2535 3675 2638 3745 ἐμὲ
2695 3673 3216 3744 πονηρευομένοις,
3281 3671 3616 3726 ἀκούσεται
3669 3669 3732 3721 τὸ

2143 3767 2256 3838 οὖς
2292 3788 2434 3842 μου.

2213 3864 2314 3934 νβ’.
2380 3863 2547 3915 Ὅταν
2597 3859 2803 3930 βλέπῃς
2865 3857 2960 3911 τὸν
3001 3855 3127 3910 νοῦν
3184 3872 3280 3909 σου
3351 3852 3600 3916 εὐσεϐῶς
3638 3852 3728 3904 καὶ

2141 3953 2368 4016 δικαίως
2397 3950 2874 4022 ἀναστρεφόμενον
2889 3951 2948 4002 ἐν
2972 3950 3086 4011 τοῖς
3111 3945 3205 4000 τοῦ
3237 3946 3451 4015 κόσμου
3469 3948 3725 4016 νοήμασι,

2141 4046 2376 4116 γίνωσκε
2410 4045 2503 4098 καὶ
2529 4044 2592 4096 τὸ
2622 4042 2782 4113 σῶμά
2821 4059 2917 4094 σου
2945 4039 3184 4111 καθαρὸν
3207 4038 3302 4092 καὶ
3333 4038 3724 4107 ἀναμάρτητον

2141 4137 2416 4207 διαμένειν
2441 4154 2455 4166 ·
2501 4137 2629 4189 ὅταν
2665 4134 2720 4188 δέ
2752 4135 2841 4188 τὸν
2869 4133 2994 4187 νοῦν
3038 4131 3241 4202 βλέπῃς
3292 4130 3441 4182 κατά
3488 4129 3724 4182 διάνοιαν

2140 4234 2436 4306 ἁμαρτίαις
2469 4230 2819 4303 σχολάζοντα,
2860 4229 2954 4283 καὶ
3009 4229 3083 4299 μὴ
3122 4227 3462 4298 ἀνακόπτῃς,
3490 4225 3719 4294 γίνωσκε

2142 4330 2237 4382 καὶ
2273 4327 2335 4383 τὸ
2363 4325 2522 4395 σῶμά
2550 4341 2645 4376 σου
2691 4322 2767 4392 μὴ
2805 4317 3216 4394 πολυχρονίζειν
3253 4315 3349 4370 τοῦ
3388 4319 3506 4381 τοῖς
3545 4316 3718 4376 αὐτοῖς

2067 4447 2110 4502 D
2141 4420 2476 4490 περιπεσεῖν.

2211 4519 2312 4580 νγ’.
2350 4510 2563 4578 Ὠσπερ
2601 4506 2661 4559 τὸ
2701 4505 2861 4574 σῶμα
2888 4502 2998 4574 ἔχει
3028 4502 3233 4571 κόσμον
3278 4497 3348 4552 τά
3395 4500 3714 4569 πρᾶγμα-τα,

2135 4605 2278 4660 οὕτω
2306 4605 2398 4657 καὶ
2428 4603 2456 4654 ὁ
2481 4601 2603 4664 νοῦς
2624 4599 2738 4668 ἔχει
2767 4598 2970 4665 κόσμον
3004 4595 3073 4648 τὰ
3097 4595 3346 4664 νοήματα
3367 4609 3383 4624 ο
3419 4594 3514 4645 καὶ
3536 4593 3715 4658 ὥσπερ

2135 4697 2196 4751 τὸ
2230 4697 2389 4765 σῶμα
2423 4691 2747 4764 πορνεύεται
2786 4689 2925 4759 μετά
2950 4685 3044 4739 τοῦ
3086 4685 3336 4754 σώματος
3378 4685 3483 4754 τῆς
3527 4700 3710 4750 γυναι-

2137 4789 2253 4852 κὸς,
2287 4787 2428 4840 οὕτω
2454 4783 2550 4838 καὶ
2580 4783 2607 4836 ὁ
2655 4780 2781 4844 νοῦς
2829 4778 3085 4850 πορνεύει
3127 4776 3266 4846 μετὰ
3309 4774 3405 4826 τοῦ
3450 4776 3710 4842 νοήματος

2136 4882 2235 4950 τῆς
2268 4875 2547 4948 γυναικὸς,
2577 4874 2666 4928 διὰ
2695 4872 2790 4942 τῆς
2821 4867 3122 4940 φαντασίας
3145 4865 3240 4919 τοῦ
3275 4865 3406 4918 ἰδίου
3444 4865 3706 4934 σώματος.

2095 5039 2098 5043 _
2136 4972 2247 5042 Τὴν
2269 4970 2376 5044 γὰρ
2420 4967 2632 5040 μορφὴν
2670 4965 2766 5018 τοῦ
2822 4963 2953 5017 ἰδίου
2990 4959 3244 5031 σώματος
3284 4956 3474 5026 βλέπει
3522 4973 3710 5024 μιγνυ-

2137 5065 2305 5136 μένην
2337 5062 2474 5133 μετά
2492 5061 2591 5131 τῆς
2626 5058 2839 5129 μορφῆς
2865 5055 2967 5125 τῆς
2987 5051 3247 5121 γυναικὸς
3271 5048 3417 5103 κατὰ
3453 5049 3707 5101 διάνοιαν.

2144 5155 2418 5218 Ὡσαύτως
2453 5153 2548 5207 καὶ
2576 5151 2673 5221 τὴν
2700 5148 2915 5220 μορφὴν
2949 5145 3046 5198 τοῦ
3075 5143 3423 5212 λυπήσαντος
3447 5139 3708 5208 ἀμύνεται

2134 5247 2276 5304 κατά
2300 5246 2559 5308 διάνοιαν,
2589 5242 2678 5296 διὰ
2715 5241 2813 5311 τῆς
2864 5235 3084 5308 μορφῆς
3127 5231 3222 5286 τοῦ
3272 5231 3406 5284 ἰδίου
3442 5230 3706 5298 σώματος.

2127 5337 2237 5391 Καὶ
2263 5337 2354 5390 ἐπὶ
2369 5335 2476 5386 τῶν
2515 5332 2688 5387 ἄλλων
2718 5328 3131 5399 ἁμαρτημάτων
3157 5323 3382 5395 ὁμοίως.
3406 5323 3590 5389 "Amp
3608 5317 3708 5384 γὰρ

2128 5426 2360 5496 πράττει
2405 5425 2466 5477 τὸ
2515 5423 2676 5492 σῶμα
2735 5419 2854 5475 κατ’
2897 5419 3177 5488 ἐνέργειαν
3223 5417 3306 5477 εἰς
3358 5413 3451 5468 τὸν
3513 5411 3710 5478 κόσμον

2129 5517 2492 5588 πραγμάτων,
2526 5514 2696 5569 ταῦτα
2726 5513 2956 5584 πράττει
2981 5512 3074 5567 καὶ
3097 5512 3126 5563 ὁ
3149 5507 3273 5571 νοῦς
3302 5509 3381 5571 εἰς
3396 5505 3491 5560 τὸν
3511 5505 3712 5573 κόσμον

2129 5611 2238 5663 τῶν
2272 5610 2561 5679 νοημάτων
2578 5648 2594 5660 .
