3876 6314
111 229 221 297 1033

911 236 1243 297 CAPITUM
1280 235 1377 295 DE
1415 230 1846 293 CHARITATE
1884 231 2269 292 CENTURIA
2308 230 2423 292 III.

3170 224 3305 290 1034

163 344 241 399 νδ¹.
267 344 367 398 Οὐκ
392 344 507 398 ἔστι
536 344 721 416 φρίξαι
759 348 851 400 καὶ
871 349 1213 419 ἐκπλαγῆναι
1246 351 1338 402 καὶ
1366 350 1623 419 ἐκστῆναι
1652 394 1654 396 .

1796 348 1885 403 54.
1914 348 2033 402 Νοη
2062 345 2420 407 horrendum,
2453 358 2517 398 ac
2551 342 2695 413 quod
2728 351 3064 412 stupeamus,
3095 352 3306 399 mente-

104 436 159 503 τῇ
183 434 379 504 διανοίᾳ,
419 434 500 487 ὅτι
524 436 553 487 6
585 435 684 504 μὲν
704 436 835 499 Θεὸς
868 439 961 491 καὶ
999 438 1186 508 Πατὴρ
1211 438 1383 508 κρίνει
1410 437 1622 500 οὐδένα,

104 527 257 577 πᾶσαν
285 525 333 577 δὲ
354 524 451 595 τὴν
488 525 668 595 κρίσιν
695 527 891 581 δέδωκε
920 529 998 597 τῷ
1026 529 1139 598 Υἰῷ
1158 546 1172 561 ·
1194 532 1222 582 6
1243 529 1300 582 δὲ
1334 530 1461 591 Υἱὸς
1490 527 1627 598 κρά-

102 614 199 678 ζειο
221 614 306 682 Μὴ
331 616 575 683 κρίνετε,
611 618 711 672 ἵνα
746 617 833 686 μὴ
865 619 1136 688 κριθῆτε·
1173 619 1269 687 Μὴ
1311 617 1625 672 καταδικάο

101 705 220 769 ζετε,
270 706 356 761 ἵνα
390 707 475 775 μὴ
526 709 1028 778 καταδικασθῆτε.
1094 711 1150 762 ‘0
1179 709 1234 763 δὲ
1307 707 1627 772 Ἀπόστολος

97 797 271 865 ὁμοίως
292 816 303 828 ·
330 798 423 864 Μὴ
454 800 567 868 πρὸ
591 801 803 869 καιροῦ
843 818 899 854 τι
933 801 1184 869 κρίνετε,
1216 799 1330 864 ἕως
1378 800 1453 853 ἂν
1478 800 1625 868 ἔλθῃ

98 892 127 942 ὁ
155 889 341 956 Κύριος
366 907 378 919 ·
405 891 525 955 καὶ,
579 892 675 945 Ἐν
702 886 751 959 ᾧ
772 894 1007 961 κρίματι
1032 892 1256 960 κρίνεις
1274 890 1380 945 τὸν
1398 890 1624 959 ἕτερον,

95 978 327 1032 σεαυτὸν
348 982 755 1049 κατακρίνειςυ
795 985 844 1035 οί
888 983 946 1035 δὲ
975 983 1249 1053 ἄνθρωποι
1295 982 1523 1049 ἀφέντες
1565 982 1628 1035 τὸ

97 1069 277 1122 κλαίειν
293 1070 382 1133 τὰς
413 1071 620 1125 ἑαυτῶν
660 1074 953 1142 ἁμαρτίας,
985 1070 1126 1144 ἦραν
1160 1073 1256 1144 τὴν
1299 1073 1478 1144 κρίσιν
1521 1072 1627 1125 ἀπὸ

92 1157 176 1211 τοῦ
206 1158 339 1223 Υἱοῦ,
382 1162 475 1212 καὶ
518 1162 669 1215 αὐτοὶ
707 1164 784 1225 ὡς
828 1163 1224 1233 ἀναμάρτητοι,
1258 1161 1501 1230 κρίνουσι
1533 1161 1627 1214 καὶ

94 1251 516 1315 καταδικάζουσιν
562 1252 820 1320 ἀλλήλους
859 1256 968 1309 Καὶ
997 1258 1023 1307 ὸ
1054 1258 1153 1325 μὲν
1176 1255 1404 1325 οὐρανὸς
1431 1253 1623 1323 ἐξέστη

90 1344 177 1395 ἐπὶ
211 1344 367 1412 τούτῳ
389 1360 400 1373 '
427 1347 458 1415 ἡ
491 1344 546 1397 δὲ
570 1347 662 1415 γῆ,
691 1346 935 1417 ἔφριξεν·
965 1348 1117 1401 αὐτοὶ
1142 1347 1199 1399 δὲ
1227 1348 1327 1401 οὐκ
1349 1346 1627 1416 αἰσχύνονο

86 1451 171 1486 ται
192 1435 639 1504 ἀναισθητοῦντες.

147 1610 236 1657 νε’.
277 1605 332 1657 '0
357 1604 453 1669 τὰς
473 1605 579 1659 τῶν
613 1582 785 1660 ἇλλιυν
809 1608 1079 1679 ἁμαρτίας
1108 1610 1624 1680 περιεργαζόμενος,

82 1696 109 1765 ἢ
148 1697 239 1748 καὶ
266 1695 318 1760 ἐξ
356 1696 607 1761 ὑπονοίας
635 1698 725 1751 τὸν
756 1698 983 1767 ἀδελφὸν
1012 1701 1233 1771 κρίνων,
1255 1701 1407 1755 οὔπω
1434 1702 1625 1758 ἔϐαλεν
1657 1686 1701 1741 Β

79 1787 243 1857 ἀρχὴν
271 1789 570 1854 μετανοίας,
609 1790 732 1843 οὐδὲ
773 1793 1001 1863 ὲρευνᾷν
1027 1792 1121 1846 τοῦ
1155 1794 1499 1865 γνῶναιῌῗη
1534 1796 1629 1849 καὶ

79 1879 266 1947 γνῶναι
288 1878 306 1952 ]
326 1880 419 1944 τὰς
447 1881 639 1935 ἑαυτοῦ
672 1884 965 1953 ἁμαρτίας,
986 1885 1044 1937 ἐν
1073 1884 1299 1956 ἀληθείᾳ
1323 1885 1629 1960 βαρυτέρας

76 1972 236 2035 οὔσας
260 1974 499 2042 μολίϐδου
528 1975 924 2030 πολυταλάντου
947 1994 960 2007 ο
990 1978 1111 2031 οὐδὲ
1138 1979 1281 2048 ἔγνω
1307 1980 1468 2035 πόθεν
1491 1980 1630 2050 γίνε-

76 2080 161 2115 ται
197 2063 464 2137 ἄνθρωπος
489 2064 848 2140 βαρυκάρδιος
872 2069 1125 2137 ⁹ιίιγαιτῷν
1169 2071 1506 2142 ματαιότητα
1535 2070 1629 2126 καὶ

74 2154 249 2223 ζητῶν
275 2156 481 2225 ψεῦδος.
523 2160 623 2213 Διὰ
652 2160 810 2213 τοῦτο
853 2160 928 2224 ὼς
981 2159 1173 2232 ἄφρων
1223 2163 1318 2216 καὶ
1349 2164 1409 2217 ἐν
1450 2164 1631 2219 σκύτει

74 2248 533 2320 διαπορευόμενος,
592 2251 750 2321 ἀφεὶς
801 2250 901 2316 τὰς
944 2253 1139 2308 ἑαυτοῦ
1184 2254 1481 2325 ἁμαρτίας,
1532 2255 1631 2318 τὰς

71 2340 182 2391 τῶν
214 2338 379 2394 ἄλλων
412 2342 762 2411 φαντάζεται,
804 2344 835 2415 ἢ
874 2343 1064 2411 οὔσας,
1100 2347 1132 2419 ἢ
1175 2347 1533 2417 νομιζομένας
1570 2347 1630 2413 ἐξ

71 2430 342 2492 ὑπονοίας.

140 2523 250 2607 νςξ.
300 2520 363 2571 Ἡ
386 2521 666 2587 φιλαυτία..
699 2523 775 2589 ὡς
813 2525 1074 2591 πολλάκις
1117 2528 1355 2600 εἴρηται,
1409 2528 1632 2584 πάντων

69 2606 181 2663 τῶν
220 2606 472 2681 ἐμπαθῶν
498 2613 773 2686 λογισμῶν
820 2618 971 2673 αίτία
1010 2619 1358 2675 καθίσταται.
1402 2621 1498 2674 Ἐκ
1524 2620 1635 2692 γὰρ

71 2703 277 2773 ταύτης
302 2702 594 2772 γεννῶνται
645 2710 693 2761 oi
740 2713 889 2780 τρεῖς
931 2710 1287 2779 γενικώτατοι
1316 2713 1414 2782 τῆς
1444 2713 1636 2765 ἐπιθυ-

74 2798 208 2867 μίας
234 2796 503 2867 λογισμοί·
535 2802 563 2853 6
593 2799 690 2871 τῆς
713 2803 1177 2873 γαστριμαργίας,
1206 2803 1299 2858 καὶ
1313 2806 1411 2875 τῆς
1440 2804 1636 2874 φιλαρ-

70 2888 269 2959 γυρίας
300 2889 393 2943 καὶ
424 2891 521 2959 τῆς
546 2892 873 2958 κενοδοξίας.
914 2895 1009 2951 Ἐκ
1042 2895 1099 2949 δὲ
1146 2896 1246 2964 τῆς
1293 2912 1638 2968 γαστριμαρ-

71 2979 203 3046 γίας
230 2981 480 3048 γεννᾶται
522 2983 549 3033 6
589 2983 686 3051 τῆς
721 2983 975 3054 πορνείας
996 2999 1009 3014 ⁶
1043 2986 1107 3038 ὲκ
1142 2985 1199 3039 δὲ
1230 2986 1327 3052 τῆς
1380 2986 1638 3057 φιλαργυ-

70 3072 222 3143 ρίας,
260 3074 287 3124 ὁ
314 3074 410 3144 τῆς
438 3073 747 3138 πλεονεξίας
785 3075 892 3145 (p)'
926 3077 991 3130 ὲκ
1019 3077 1077 3130 δὲ
1112 3077 1212 3147 τῆς
1244 3077 1568 3144 κενοδοξίας,
1614 3080 1642 3132 6

69 3162 171 3231 τῆς
207 3161 625 3233 ὑπερηφανείας.
664 3165 801 3219 Οίδὲ
830 3165 1007 3221 λοιποὶ
1036 3167 1255 3230 πάντες,
1302 3167 1515 3237 ἑκάστῳ
1538 3166 1645 3220 τῶν

69 3253 245 3325 τριῶν
280 3254 697 3309 ἀκολουθοῦσιν·
759 3256 788 3310 ὅ
844 3275 904 3310 τε
946 3258 1046 3328 τῆς
1083 3260 1275 3329 ὀργῆς,
1326 3262 1420 3312 καὶ
1474 3261 1502 3312 6
1547 3260 1646 3329 τῆς

68 3344 255 3414 λύπης
280 3347 372 3398 καὶ
404 3348 430 3399 6
459 3347 557 3416 τῆς
580 3336 947 3416 μνησικακίας
969 3352 1061 3403 καὶ
1095 3352 1123 3403 ὁ
1153 3351 1251 3420 τῆς
1279 3351 1506 3421 ἀκηδίας
1552 3350 1646 3404 καὶ

69 3438 273 3508 φθόνου
305 3438 398 3491 καὶ
428 3439 782 3507 καταλαλιᾶς,
805 3442 897 3494 καὶ
930 3442 980 3494 oi
1010 3441 1207 3496 λοιποί.
1241 3442 1426 3496 Ταῦτα
1463 3440 1555 3498 οὖν
1578 3442 1648 3495 τὰ

64 3529 250 3599 πάθη,
310 3528 668 3598 συνδεαμοῦσι
718 3530 809 3582 τὸν
867 3531 990 3603 νοῦν
1048 3535 1162 3596 τοῖς
1217 3533 1419 3599 ὐλικοῐς
1470 3535 1648 3605 πράγ-

66 3636 211 3687 μασι
239 3619 374 3688 (27),
407 3620 500 3673 καὶ
530 3621 855 3692 κατέχουσιν
878 3623 1040 3676 αὑτὸν
1072 3626 1154 3688 είς
1192 3623 1290 3693 τὴν
1335 3629 1458 3696 γῆν,
1500 3625 1646 3679 λίθου

61 3711 230 3779 δίκην
265 3711 572 3782 βαρυτάτου
594 3713 741 3785 αὐτῷ
767 3714 1093 3786 ἐπικείμενα
1114 3731 1129 3748 ο
1158 3716 1315 3786 φύσει
1340 3718 1466 3771 ὄντα
1489 3719 1649 3771 αὑτὸν

63 3802 249 3870 πυρὸς
278 3803 609 3875 κουφότερον
657 3806 752 3861 καὶ
788 3806 1063 3878 ὀξύτερον.
1544 3870 1549 3873 ,

134 3888 240 3954 νζ’.
296 3890 467 3962 Ἀρχὴ
508 3898 605 3961 μὲν
653 3894 868 3947 πάντων
901 3897 1007 3948 τῶν
1037 3895 1248 3959 παθῶν,
1287 3899 1321 3966 ἡ
1353 3897 1608 3966 φιλαυτία
1632 3915 1647 3929 ⁸

63 3983 224 4045 τέλος
253 3980 333 4047 δὲ,
367 3984 400 4052 ἡ
430 3983 797 4053 ὑπερηφανία.
832 3986 1090 4040 Φιλαυτία
1132 3987 1189 4040 δέ
1234 3990 1399 4055 ἐστιν,
1441 3990 1476 4060 ἡ
1513 3990 1650 4061 πρὸς

63 4074 116 4125 τὸ
170 4072 343 4142 σῶμα
390 4073 583 4141 ἄλογος
645 4074 817 4143 φιλία.
871 4074 929 4128 Ὀ
964 4077 1168 4148 ταύτην
1211 4077 1471 4148 ἐκκόψας,
1523 4096 1649 4135 συν-

63 4167 233 4237 ἱκοψε
264 4167 449 4220 πάντα
480 4167 549 4220 τὰ
573 4166 719 4238 πάθη
750 4168 820 4221 τὰ
840 4167 900 4232 ἐξ
932 4171 1121 4241 αὐτῆς.

1726 457 1834 511 que
1867 440 2085 495 attoniti
2112 439 2276 493 etiam
2300 446 2465 506 atque
2488 436 2653 491 etiam
2679 434 2967 499 miremur,
2992 436 3137 504 quod
3161 436 3307 492 Deus

1727 541 1783 586 et
1815 533 1973 585 Pater
2007 531 2282 586 neminem
2319 528 2550 597 judicet,
2580 526 2674 581 sed
2722 541 2883 580 omne
2914 526 3181 596 judicium
3214 528 3306 582 de-

1728 622 1873 676 derit
1918 622 2055 675 Filio
2100 622 2178 685 ⁸⁵;
2231 618 2511 688 Filiusque
2548 618 2747 672 clamet
2779 617 2992 672 :Nolite
3034 619 3301 689 judicare,

1727 722 1774 765 et
1806 722 1909 765 non
1943 711 2315 781 judicaln'mini
2353 710 2398 741 ⁸⁸
2444 726 2455 761 :
2494 706 2669 762 Nolite
2711 708 3081 773 condemnare,
3120 716 3169 761 et
3203 725 3305 761 non

1726 802 2204 856 eondemnabimini
2251 801 2318 853 ⁸⁷.
2370 798 2635 854 Similiter
2673 814 2892 868 quoque
2942 798 3235 867 Apostolus
3287 816 3303 853 :

1727 892 1899 948 Nolite
1932 899 2054 946 ante
2087 902 2289 963 tempus
2320 890 2520 960 aliquid
2546 889 2809 960 judicare,
2854 891 3192 960 quoadusque
3222 905 3310 945 ve-

1729 986 1843 1038 niat
1874 984 2123 1039 Dominus
2154 984 2219 1036 ⁸⁵.
2247 983 2315 1037 Ει
2342 1000 2355 1035 :
2389 982 2450 1035 In
2477 998 2578 1051 quo
2596 981 2798 1051 judicio
2826 980 3051 1034 alterum
3071 980 3305 1050 judicas,

1730 1079 1952 1147 teipsum
1972 1080 2289 1128 condemnas
2316 1074 2394 1136 ‘9;
2429 1072 2678 1127 homines
2706 1080 2911 1135 autem,
2944 1072 3143 1125 omissa
3175 1087 3308 1125 cura

1728 1168 1949 1237 lugendi
1977 1174 2199 1236 peccata
2235 1180 2353 1229 sua,
2384 1163 2653 1234 judicium
2680 1161 2820 1215 Filio
2854 1160 3216 1225 abstulerint;
3244 1176 3309 1214 ac

1728 1259 1879 1312 velut
1911 1258 2011 1327 ipsi
2044 1257 2316 1311 immunes
2350 1272 2378 1309 a
2413 1261 2655 1324 peccato,
2688 1252 2777 1306 alii
2807 1251 2942 1306 alios
2963 1251 3211 1323 judicent
3246 1266 3309 1306 ac

1728 1350 2127 1404 condemnent?
2160 1348 2235 1403 Ac
2275 1346 2439 1419 436
2483 1347 2680 1402 caelum
2725 1345 2946 1415 quidem
2994 1359 3158 1414 super
3204 1344 3310 1398 hoc

1729 1441 2033 1510 obstupuit,
2061 1449 2314 1509 terraque
2342 1438 2618 1492 inhorruit
2643 1439 2722 1504 9°;
2755 1452 2856 1491 nec
2881 1436 2957 1490 illi
2987 1443 3167 1490 tamen
3199 1449 3311 1506 pra:

1728 1540 1956 1601 stupore
1987 1531 2198 1600 pudore
2228 1530 2340 1583 ullo
2374 1530 2672 1583 ducuntur.

1800 1623 1887 1676 55.
1912 1622 2015 1688 Qui
2050 1622 2106 1676 in
2149 1622 2383 1675 aliorum
2411 1620 2685 1674 curiosius
2715 1618 2914 1673 delicta
2948 1616 3199 1687 inquirit,
3226 1617 3306 1670 vel

1728 1713 1896 1768 etiam
1922 1727 1990 1768 ex
2021 1712 2125 1768 levi
2159 1714 2475 1783 conjectura
2514 1720 2610 1765 aut
2637 1709 2950 1780 suspicione
2977 1710 3201 1762 fratrem
3227 1707 3315 1778 ju-

1728 1804 1896 1869 dicat,
1927 1804 2172 1859 nondum
2206 1802 2543 1873 paenitentiae
2585 1801 3004 1855 fundamentum
3029 1799 3184 1869 jeeit,
3213 1811 3315 1851 nec

1730 1902 1791 1950 ut
1819 1903 2097 1951 scrutetur
2127 1910 2191 1949 ac
2221 1894 2508 1963 intelligat,
2544 1900 2769 1962 peccata
2815 1905 2913 1944 sua
2952 1891 3113 1960 longe
3144 1888 3315 1942 multa

1730 1987 1941 2059 plumbi
1970 1988 2192 2050 talenta,
2225 1985 2373 2055 gravi
2404 1984 2649 2054 pendere
2684 1995 2945 2051 superare
2968 1980 3012 2012 ⁹¹
3042 1998 3055 2033 :
3090 1994 3193 2034 nec
3212 1992 3317 2033 co-

1730 2078 1941 2147 gnovit,
1965 2076 2109 2131 unde
2138 2076 2233 2129 fiat
2264 2074 2430 2129 homo
2465 2074 2617 2145 gravi
2651 2072 2837 2137 corde,
2879 2071 2973 2141 qui
3001 2070 3194 2141 diligat
3224 2083 3319 2123 va-

1730 2165 1961 2222 nitatem
1996 2177 2056 2221 et
2095 2164 2442 2221 mendacium
2480 2170 2689 2233 quaerat
2716 2165 2782 2216 θ’.
2812 2162 3026 2216 Idcirco
3050 2161 3201 2215 velut
3234 2159 3315 2214 in-

1731 2256 1938 2327 sipiens
1957 2265 2014 2311 et
2051 2255 2144 2325 qui
2181 2255 2238 2309 in
2264 2254 2513 2309 tenebris
2541 2244 2809 2317 ambulet,
2833 2250 3054 2305 omissis
3076 2248 3319 2319 peccatis

1734 2348 1867 2413 suis,
1902 2348 2135 2403 aliorum
2162 2354 2384 2416 peccata
2418 2344 2641 2414 cogitat,
2683 2352 2777 2397 aut
2804 2356 2927 2412 qua:
2958 2340 3140 2409 reipsa
3182 2338 3316 2403 sint,

1734 2447 1831 2495 aut
1850 2453 1974 2506 quae
2003 2437 2145 2491 male
2166 2434 2503 2505 suspiciosus
2528 2432 2635 2487 sibi
2665 2432 2782 2501 ipse
2811 2429 3104 2500 conlingat.

1809 2530 1895 2585 56.
1930 2526 2185 2587 Φιλαυτία
2221 2524 2330 2596 (sui
2372 2525 2461 2579 ille
2498 2539 2562 2579 ac
2585 2524 2767 2579 carnis
2791 2536 2969 2577 caecus
2998 2520 3203 2591 amor),
3236 2519 3317 2573 uti

1735 2622 1935 2692 saepius
1972 2620 2183 2674 dictum
2226 2624 2332 2682 est,
2359 2616 2779 2671 libidinusarum
2818 2612 3065 2668 omnium
3114 2612 3320 2682 cogita-

1735 2714 1945 2771 tionum
1979 2722 2142 2767 causa
2184 2711 2418 2765 exsistit.
2449 2711 2531 2764 Ex
2574 2722 2639 2763 ea
2687 2707 2835 2761 enim
2877 2710 3183 2761 nascuntur
3213 2704 3322 2758 tria

1735 2800 2146 2875 generalissima
2173 2800 2492 2870 cupiditatis
2522 2800 2688 2863 vitia;
2715 2797 2853 2867 gula:
2882 2796 3113 2860 scilicet,
3143 2794 3323 2849 avari-

1739 2896 1827 2951 tiae
1859 2902 1916 2949 et
1943 2894 2122 2949 inanis
2151 2893 2356 2963 glorias.
2392 2893 2471 2946 Ex
2496 2890 2621 2962 gula
2651 2898 2857 2953 autem,
2887 2886 3134 2942 nascitur
3165 2900 3321 2940 scor-

1742 2986 1964 3040 tationis
1994 2985 2220 3050 vitium;
2253 3000 2320 3039 ex
2361 2983 2590 3037 avaritia
2629 2994 2783 3045 vero,
2822 2979 3024 3050 injusta
3053 2977 3326 3048 rapacitas

1744 3076 1976 3147 plusque
2024 3073 2263 3129 habendi
2310 3072 2516 3137 libido;
2569 3086 2638 3125 ex
2682 3069 2833 3123 inani
2875 3077 3059 3122 autem
3111 3066 3319 3138 gloria,

1745 3166 1939 3221 vitium
1969 3164 2261 3235 superbire.
2285 3163 2477 3218 Omnis
2498 3175 2663 3232 porro
2693 3161 3032 3229 reliquorum
3061 3158 3326 3212 vitiorum

1747 3259 1943 3321 turba,
1988 3257 2186 3326 cuique
2232 3256 2429 3309 horum
2479 3255 2657 3308 trium-
2690 3266 2886 3307 [comes
2936 3250 3180 3316 accedit;
3231 3250 3329 3307 im

1747 3348 1980 3412 scilicet,
2004 3346 2265 3410 tristitia,
2300 3345 2625 3417 injuriarum
2662 3341 2961 3407 memoriae,
2992 3340 3215 3405 acediae,
3241 3341 3329 3395 in-

1747 3438 1929 3503 vidiae,
1965 3437 2343 3501 detractionis,
2392 3450 2457 3490 ac
2497 3436 2729 3505 reliqua.
2789 3433 2912 3488 [lare
2958 3433 3126 3504 igitur
3171 3432 3327 3496 vitia,

1749 3527 1984 3583 terrenis
2032 3526 2201 3583 rebus
2247 3525 2492 3580 animum
2525 3524 2745 3579 fortiter
2790 3524 3025 3594 illigant,
3070 3522 3331 3594 gravissi-

1750 3618 1935 3688 mique
1976 3616 2093 3671 saxi
2140 3617 2314 3671 instar
2345 3614 2425 3670 illi
2458 3613 2857 3681 incumbentia,
2888 3613 2943 3668 in
2988 3623 3141 3669 terra
3185 3613 3331 3669 deti-

1751 3719 1903 3777 nent,
1932 3726 2058 3765 cum
2087 3710 2203 3779 ipse
2234 3718 2430 3763 natura
2456 3709 2568 3779 igni
2596 3708 2772 3763 letior
2798 3724 2863 3762 ac
2887 3707 3146 3763 subtilior
3168 3708 3260 3763 sit.

1822 3899 1910 3954 57.
1957 3897 2220 3950 Φιλαυτία
2272 3896 2380 3967 (sui
2428 3896 2519 3949 ille
2554 3906 2627 3950 ac
2674 3895 2858 3950 carnis
2905 3908 3106 3964 pravus
3152 3898 3330 3965 amor)

1752 3990 2011 4045 vitiorum
2045 3988 2291 4043 omnium
2324 3986 2543 4041 initium
2584 3995 2668 4041 est
2698 3993 2756 4041 et
2790 3986 2946 4056 origo
2977 4003 2989 4039 :
3020 3986 3145 4040 linis
3172 4000 3328 4049 vero,

1755 4081 2035 4151 superbia.
2068 4081 2167 4135 Est
2194 4092 2379 4135 autem
2403 4079 2682 4145 Φιλαυτία,
2719 4079 3024 4133 abhorrens
3054 4095 3084 4133 a
3120 4078 3335 4135 ratione

1755 4173 2009 4243 corporis
2055 4187 2227 4227 amor.
2284 4170 2437 4226 Hane
2482 4171 2577 4240 qui
2625 4168 2848 4235 excidit,
2888 4186 2994 4224 una
3042 4184 3166 4225 cum
3217 4170 3333 4235 illa,

1755 4280 1880 4333 quae
1909 4280 1979 4319 ex
2009 4264 2127 4334 ipsa
2165 4272 2314 4327 sunt,
2344 4261 2474 4317 vitia
2511 4261 2694 4316 omnia
2723 4260 2945 4317 excidit.

133 4343 240 4408 rq'.
279 4336 497 4409 Ὥσπερ
520 4339 570 4391 οί
596 4341 770 4407 γονεῖς
797 4339 903 4392 τῶν
922 4342 1209 4410 σωμάτων,
1240 4346 1651 4417 προσπάσχουσι

1826 4354 1914 4410 58.
1970 4353 2441 4421 Quemadmodum
2489 4353 2583 4424 qui
2641 4353 2940 4408 liberorum
2989 4352 3336 4421 susceptione

71 4432 171 4492 οἷς
221 4427 285 4492 ἐξ
330 4429 509 4481 αὐτῶν
550 4431 909 4500 γεννωμένοις
957 4432 1068 4503 (q)°
1117 4433 1260 4488 οὕτω
1304 4438 1397 4489 καὶ
1436 4439 1464 4491 6
1505 4440 1651 4505 νοῦς,

65 4520 326 4585 φυσικῶς
362 4523 475 4584 τοῖς
505 4519 700 4575 ἑαυτοῦ
736 4521 1055 4591 πρόσκειται
1087 4524 1285 4593 λόγοις.
1321 4528 1430 4582 Καὶ
1462 4529 1652 4603 ὥσπερ

117 4704 177 4775 3f
213 4701 384 4775 Joan.
416 4719 470 4767 v,
505 4702 596 4775 22.
654 4700 933 4775 f‘iMatth.
960 4721 1054 4765 vn.
1091 4706 1141 4759 l.
1215 4707 1259 4737 ⁸⁷
1293 4707 1426 4762 Luc.
1464 4725 1537 4775 γι,
1572 4710 1660 4765 57.

66 4776 78 4806 ¹
127 4774 389 4827 Zachar.
426 4789 481 4839 τ’,
516 4772 569 4823 7.
650 4773 695 4803 ⁹²
725 4774 868 4829 Psal.
900 4790 973 4839 ιν,
1013 4775 1064 4829 5.

118 4930 217 5003 (ρ)
299 4933 425 5003 ‘Exi
461 4930 532 4984 oe
560 4931 957 5003 φιλαργυρίας
981 4974 995 4995 ,
1028 4935 1060 4985 ό
1114 4932 1225 4998 τῆς
1276 4934 1653 5003 πλεονεξίας.

67 5002 385 5055 lcmbrum
415 5002 541 5066 hoc,
568 5002 633 5055 ad
666 5002 881 5056 Maximi
931 5011 1113 5056 textus
1144 5002 1513 5072 integritatem
1562 5002 1659 5061 ne-

68 5072 406 5151 esset-ium,
439 5072 875 5153 dederttntmss.
906 5073 1029 5127 eod.
1054 5073 1366 5153 Πλεονεξὶαι
1390 5074 1534 5129 haud
1567 5093 1657 5153 ra-

68 5158 95 5196 )
175 5142 308 5221 ipsa
374 5142 605 5223 avaritia
646 5141 1110 5225 redditu.r,.quo_d
1155 5151 1241 5197 est
1288 5144 1655 5215 φιλαργυρία·

68 5212 139 5265 ad
169 5210 592 5285 htc_Maxunus
618 5212 791 5285 probe
822 5213 1134 5285 distingunt,
1162 5221 1224 5267 ut
1260 5215 1467 5284 prolem
1503 5231 1533 5268 a
1565 5232 1662 5285 pa-

68 5289 240 5335 :nte.
281 5281 390 5335 Est
416 5298 550 5354 ergo
576 5281 804 5337 at'aritia
830 5284 885 5354 (ὴ
916 5281 1289 5354 φιλαργυρία)
1312 5281 1661 5341 inordinatus

67 5354 135 5405 le
204 5353 611 5423 pecuniarum,
666 5353 847 5423 amor.
892 5362 954 5407 ut
1003 5361 1059 5408 et
1109 5366 1211 5407 vos
1280 5353 1396 5423 ipsa
1464 5364 1663 5422 sonat;

67 5421 367 5503 λεονε-ξία
397 5438 531 5503 vero
564 5422 649 5478 vis
678 5424 794 5503 ipsa
829 5422 1031 5503 injuste
1054 5438 1125 5503 ac
1158 5424 1283 5493 plus
1303 5421 1545 5480 habendi
1583 5421 1669 5481 ra-

69 5507 141 5563 Ix
188 5491 400 5563 libido
413 5491 899 5563 circumveniendo‘
916 5491 1243 5563 proximum.

101 5560 211 5633 (q)
252 5562 757 5633 Προσπὰσχουσι
822 5560 945 5627 τοῖξ·
999 5564 1069 5628 ἐξ
1118 5563 1317 5618 αὐτῶν
1382 5566 1672 5633 γεννωμέ-

69 5652 209 5699 ρις.
252 5633 589 5689 Similituth
615 5643 697 5688 est
722 5634 1053 5703 spiritalium
1082 5642 1370 5703 parentum
1397 5650 1521 5689 cum
1551 5651 1672 5690 car-

405 5726 677 5785 PATROL.
722 5725 840 5785 Gn.
876 5726 999 5787 XC.

1759 4461 2052 4516 corporum
2076 4454 2334 4516 parentes
2361 4454 2509 4511 sunt,
2543 4445 2742 4500 affectu
2776 4445 3060 4499 ducuntur
3082 4456 3209 4514 erga
3237 4457 3338 4497 cus

1759 4551 1898 4604 quos
1943 4546 2306 4606 susceperunt
2349 4553 2363 4588 :
2412 4535 2493 4591 sic
2542 4549 2695 4590 mens
2749 4542 2945 4589 natura
2992 4531 3342 4589 sermonibus

1774 4712 1864 4766 ⁸⁸1
1898 4712 2023 4767 Cor.
2052 4729 2124 4777 IV,
2157 4713 2208 4765 5.
2326 4712 2371 4743 ⁸³
2405 4714 2562 4766 Rom.
2596 4727 2653 4775 ιι,
2692 4713 2739 4764 1.
2854 4711 2899 4741 ³⁸
2927 4709 3127 4765 Jercm.
3160 4726 3217 4775 ιι,
3246 4710 3338 4765 12.

1762 4938 2005 5009 nalibus,
2058 4955 2169 5007 quo
2204 4940 2287 4994 sic
2334 4941 2559 5009 utrique
2601 4939 2716 4992 suis
2749 4937 3340 5009 indulgentiprolihus.

1763 5010 1925 5076 Λόγοι
1953 5008 2141 5078 ita'que
2170 5020 2225 5063 et
2253 5025 2538 5065 sermones
2571 5009 2681 5070 hic.
2713 5008 3133 5078 praecipuelibri
3171 5018 3300 5078 sunt
3327 5026 3340 5061 :

1763 5079 1911 5133 unde
1939 5075 2133 5134 auctor
2170 5080 2356 5135 Schol.
2386 5078 2637 5133 Dufrenii
2673 5075 2797 5133 cod.
2826 5097 2838 5131 :
2862 5075 3024 5130 Φοὸεἰ
3050 5094 3119 5147 με
3146 5076 3342 5141 ταῦτα,

1765 5148 1858 5201 καὶ
1917 5148 2151 5217 γράφειν
2183 5149 2506 5216 ἀποτρέπει·
2554 5149 2768 5203 Terrent
2804 5164 2899 5217 me,
2922 5148 3050 5211 lucc,
3083 5147 3162 5202 sic
3195 5147 3344 5203 dicta

1764 5216 2020 5281 Maximo,
2046 5216 2110 5272 et
2145 5236 2176 5273 a
2205 5220 2479 5275 scribendo
2540 5219 2825 5273 deterrent.
2862 5216 2977 5272 lloc
3008 5232 3173 5271 sensu
3221 5233 3348 5273 san-

1764 5295 1887 5343 ctus
1911 5287 2236 5345 Ambrosius
2256 5290 2431 5345 libros
2447 5304 2507 5343 su
2517 5305 2577 5343 os
2593 5288 2715 5343 aliis
2736 5287 3060 5357 relegendos
3081 5295 3138 5341 et
3156 5302 3348 5357 emen-

1771 5357 1983 5411 dandos
2008 5358 2261 5415 tradebat
2289 5401 2303 5423 ,
2324 5361 2428 5413 etsi
2460 5359 2543 5413 vir
2562 5366 2747 5413 tantus
2776 5355 2927 5412 erat:
2957 5357 3104 5427 quod
3128 5356 3209 5411 sic
3232 5355 3349 5412 fere

1770 5427 2094 5500 auctoribus
2116 5430 2232 5483 suis
2250 5432 2501 5500 placeant
2521 5444 2619 5483 sua
2636 5427 2954 5500 _sc_ripta,_ac
2971 5434 3347 5500 monumenta,

1769 5497 2011 5552 naturali
2030 5497 2136 5569 illa
2168 5500 2232 5554 ad
2252 5496 2382 5569 ipsa
2409 5496 2772 5569 προσπαθείᾳζ
2800 5497 2953 5569 velut
2974 5504 3263 5567 parentum
3290 5496 3348 5569 in

1773 5516 2011 5552 natura"
2045 5516 2136 5553 Illa
2168 5516 2232 5554 aa
2266 5516 2382 5569 Ipsa
2409 5517 2449 5551 π
2487 5516 2772 5569 οσπαυειᾳ,
2800 5516 2953 5551 velut
2974 5516 3263 5567 parentum
3290 5516 3348 5554 ιη

1773 5576 1958 5690 21ῗὲδέ
2014 5567 2171 5634 Quod
2209 5569 2388 5626 reddit
2411 5516 2614 5624 Οἱεοη.
2638 5568 3053 5638 compatiuntur,
3080 5582 3188 5623 non
3211 5567 3353 5624 satis

1771 5652 1983 5706 aptum.

2950 5729 3029 5791 33
