3876 6314
120 267 240 329 103i

977 268 1310 329 CAPITUM
1349 270 1443 330 DE
1482 272 1912 334 CHARITATE
1945 275 2332 337 CENTURIA
2376 280 2487 340 ΙΙΙ.

3213 298 3346 357 1028

108 376 197 431 Διὸ
225 376 448 439 πολλοῖς
511 377 660 431 ἔστιν
719 378 900 449 εὑρεῖν
955 379 1064 434 τῶν
1104 381 1409 453 ἀνθρώπων
1462 386 1661 454 γνῶσιν

1773 404 1958 445 rerum
2001 393 2289 448 sensilium
2350 396 2672 465 cogitationi
2719 399 2916 455 similis
2977 405 3214 463 exsistit.
3262 410 3347 464 ld-

110 468 320 536 ἔχοντας
373 468 594 537 πολλὴν,
653 470 747 524 καὶ
794 472 852 524 ἐν
901 474 1013 536 τοῖς
1072 474 1173 543 τῆς
1227 477 1431 546 σαρκὸς
1476 478 1670 533 πάθεσι

106 559 257 629 δίκην
310 559 509 629 χοίρων
560 562 618 613 ὲν
680 560 928 633 βορϐόρῳ
987 564 1457 636 κυλινδουμένους.
1526 570 1668 641 Πρὸς

104 648 279 715 ὀλίγον
331 651 440 721 γὰρ
494 651 551 718 ἐξ
599 652 917 722 ἐπιμελείας
969 655 1357 725 καθαρθέντες,
1414 661 1509 714 καὶ
1568 663 1668 731 τῆς

103 739 347 806 γνώσεως
376 742 744 812 ἐπιτυχόντες,
773 744 999 817 ὕστερον
1022 748 1412 819 ἀμελήσαντες,
1448 752 1664 821 ὡμοιώ-

103 831 271 900 θησαν
314 831 389 901 τῷ
436 834 645 887 Σαούλο
701 835 758 898 ὃς
814 835 1091 906 βασιλείας
1144 841 1525 907 καταξιωθεὶς,
1572 844 1666 896 καὶ

100 919 329 984 ἀναξίως
390 923 870 995 πολιτευσάμενος,
928 927 1046 998 μετ’
1103 929 1270 1001 ὀργῆς
1320 931 1557 1003 φοϐερᾶς
1606 934 1663 1000 ἐξ

103 1016 267 1088 αὐτῆς
299 1017 607 1089 ἀπεϐλήθη.

169 1196 260 1263 EC’.
296 1198 505 1268 Ὥσπερ
528 1199 557 1251 6
588 1199 740 1268 ψιλὸς
775 1202 883 1255 τῶν
922 1203 1281 1275 ἀνθρωπίνων
1324 1211 1663 1279 πραγμάτων

96 1286 351 1355 λογισμὸς
381 1289 515 1356 (50),
543 1291 642 1343 οὐκ
669 1294 973 1360 ἀναγκάζει
1002 1294 1095 1349 τὸν
1143 1297 1267 1350 νοῦν
1301 1304 1663 1370 καταφρονεῖν

95 1380 206 1431 τῶν
227 1379 402 1433 θείων·
435 1379 608 1445 οὕτως
630 1384 750 1436 οὐδὲ
773 1384 900 1455 ψιλὴ
923 1386 1124 1453 γνῶσις
1149 1388 1257 1441 τῶν
1279 1390 1457 1453 θείων,
1485 1393 1661 1447 πείθει

94 1471 178 1531 εἰς
225 1469 372 1533 τέλος
424 1475 781 1541 καταφρονεῖν
825 1475 933 1528 τῶν
980 1476 1371 1548 ἀνθρωπίνων·
1424 1482 1556 1537 διότι
1604 1486 1661 1539 ἐν

97 1562 273 1623 σκιαῖς
304 1561 397 1614 νῦν
434 1563 668 1633 ὑπάρχει
715 1566 809 1618 καὶ
841 1569 1129 1638 εἰκασμοῖς
1169 1572 1201 1641 ἡ
1252 1572 1499 1644 ἀλήθεια.
1550 1577 1660 1631 Καὶ

92 1652 187 1704 διὰ
213 1652 364 1707 τοῦτο
403 1655 574 1709 δεῖται
625 1657 718 1710 τοῦ
769 1661 1038 1730 μακαρίου
1096 1664 1297 1728 πάθους
1346 1667 1445 1735 τῆς
1498 1669 1659 1736 ἁγίας

90 1743 336 1813 ἀγάπης,
362 1746 461 1815 τῆς
497 1746 901 1821 συνδεσμούσης
926 1750 1017 1803 τὸν
1050 1751 1176 1805 νοῦν
1205 1755 1318 1818 τοῖς
1352 1772 1656 1824 πνευματι-

90 1838 209 1897 κοῖς
273 1835 611 1908 θεωρήμασι,
682 1840 776 1891 καὶ
841 1842 1138 1914 πειθούσης
1208 1849 1483 1918 προτιμᾷν
1546 1848 1656 1902 τῶν

88 1928 307 1996 ὑλικῶν,
337 1930 405 1984 τὰ
425 1932 563 1985 άῦλα
586 1948 598 1962 ·
636 1935 728 1987 καὶ
757 1933 867 1988 τῶν
907 1936 1182 1997 αἰσθητῶν
1251 1940 1321 1994 τὰ
1360 1942 1528 2011 νοητά
1563 1944 1657 1997 καὶ

87 2024 228 2080 θεῖα.

162 2117 256 2187 ξη’.
300 2119 372 2172 Οὒ
412 2121 629 2185 πάντως
674 2126 702 2176 6
740 2127 807 2178 τὰ
845 2125 990 2197 πάθη
1021 2127 1281 2197 ἐκκόψας,
1330 2129 1423 2183 καὶ
1465 2130 1654 2199 ψιλοὺς

88 2210 216 2272 τοὺς
235 2209 524 2279 λογισμοὺς
571 2213 968 2284 ἐργασάμενος,
1005 2216 1107 2287 ἠδη
1156 2218 1294 2271 αὐτὰ
1337 2220 1431 2271 καὶ
1460 2220 1551 2273 ἐπὶ
1580 2221 1651 2273 τὰ

90 2300 208 2354 θεῖα
244 2302 465 2372 ἔτρεψεν
493 2317 507 2330 °
556 2305 691 2358 ἀλλᾶ
727 2306 971 2371 δύναται,
1007 2310 1141 2379 μήτε
1176 2309 1312 2379 πρὸς
1339 2311 1405 2365 τὰ
1436 2311 1649 2383 ἀνθρώ-

88 2408 215 2444 πινα
249 2394 493 2464 πάσχειν,
551 2396 687 2466 μήτε
735 2397 870 2467 πρὸς
919 2399 987 2451 τὰ
1036 2398 1187 2452 θεῖα-
1243 2401 1378 2470 ὅπερ
1415 2402 1649 2472 ἐπισυμ-

87 2482 256 2535 6αίνει
280 2473 369 2536 ὲπῖ
396 2486 504 2538 τῶν
533 2489 849 2555 πρακτικῶν
884 2490 1063 2559 μόνον,
1086 2492 1178 2544 καὶ
1199 2492 1649 2563 μήπωξγνώσεως

87 2574 523 2639 καταξιωθέντων
554 2578 702 2647 (51)⁶
762 2580 811 2632 οἳ
853 2580 1003 2651 φόϐῳ
1052 2581 1347 2650 κολάσεως,
1387 2583 1419 2654 ἢ
1473 2586 1648 2639 ἐλπίδι

87 2662 359 2732 βασιλείας
383 2665 492 2718 τῶν
527 2667 715 2721 παθῶν
739 2669 1057 2739 ἀπέχονται.

154 2834 212 2900 ξθ
234 2876 247 2890 .
277 2838 379 2891 Διὰ
404 2841 663 2908 πίστεως
686 2843 1165 2913 περιπατοῦμεν,
1196 2846 1267 2898 οὐ
1294 2844 1391 2899 διὰ
1412 2845 1612 2909 εἴδους
1630 2862 1642 2877 °

79 2927 177 2980 καὶ
198 2930 250 2978 ἐν
274 2929 556 3013 ἐσόπτροις
570 2931 669 3002 τὴν
684 2932 886 2999 γνῶσιν
906 2931 1100 3003 ἔχομεν
1121 2933 1197 3004 (ιι)
1218 2934 1311 2987 καὶ
1336 2935 1481 3000 αίνίγ
1490 2952 1640 3005 μασι.

1775 478 1924 533 circo
1959 495 2071 536 non
2134 498 2342 551 paucos
2388 484 2675 551 invenias,
2730 489 2823 557 qui
2857 490 3063 561 ingenti
3118 496 3346 553 scientia

1774 572 2013 639 prmditi,
2077 588 2238 630 suum
2271 592 2424 632 more
2454 578 2507 632 in
2535 594 2714 645 coeno,
2768 582 2825 636 in
2852 588 3032 640 carnis
3060 588 3346 647 affectibus

1772 676 1837 715 ac
1893 664 2219 721 libidinibus
2258 668 2659 725 volutentur“.
2720 673 3010 746 Tantisper
3045 681 3213 747 enim,
3258 700 3343 748 ea,

1771 767 1936 821 quam
2001 755 2413 825 adhibuerunt,
2474 760 2757 830 diligentia
2814 768 3029 836 purgati
3087 775 3344 840 nacti-lue

1771 843 2079 909 scientiam,
2109 848 2459 915 postmodum
2496 852 2921 923 negligentiores
2949 858 3152 925 effecti,
3195 860 3343 917 Sauli

1774 933 1981 988 similes
2014 937 2367 993 exstiterunt.
2393 941 2445 994 Is
2486 957 2724 1013 namque
2757 961 2926 1015 regno
2959 949 3187 1016 potitus,
3238 969 3343 1010 nec

1769 1025 1865 1079 illo
1892 1035 1951 1099 ut
1976 1028 2205 1098 dignum
2238 1030 2406 1102 438
2434 1041 2554 1089 erat
2582 1049 2646 1090 ac
2674 1052 2761 1091 res
2798 1040 3059 1107 poscebat
3102 1046 3338 1101 admini-

1768 1120 1962 1177 strato,
2000 1115 2336 1173 formidabili
2368 1121 2465 1177 irae
2484 1125 2754 1194 exemplo,
2782 1142 2848 1181 eo
2882 1128 3129 1199 dejectus
3161 1144 3268 1190 est.

1836 1205 1925 1260 67.
1960 1207 2431 1274 Quemadmodum
2476 1215 2707 1285 simplex
2740 1218 2995 1289 nudaque
3025 1238 3207 1277 rerum
3238 1226 3341 1281 hu-

1764 1310 2051 1351 manarum
2096 1300 2377 1370 cogitatio,
2410 1319 2521 1358 non
2554 1305 2700 1375 cogit
2732 1307 2974 1362 animum
3009 1326 3098 1366 res
3127 1312 3340 1369 divinas

1764 1390 2101 1457 contemptui
2137 1391 2363 1457 habere,
2399 1396 2480 1450 sic
2501 1413 2604 1453 nec
2638 1400 2871 1470 simplex
2900 1404 3219 1462 divinarum
3245 1426 3337 1465 co-

1762 1476 1934 1545 gnitio
1962 1478 2027 1532 ad
2053 1480 2418 1538 humanarum
2448 1503 2674 1556 prorsus
2698 1501 3071 1564 contemptum
3114 1500 3283 1570 adigit
3322 1520 3335 1555 :

1762 1568 1911 1636 quod
1948 1585 2145 1640 nempe
2180 1574 2405 1640 veritas,
2440 1578 2707 1636 hactenus
2740 1585 2902 1640 nobis
2938 1587 2993 1641 in
3031 1592 3239 1646 umbris
3274 1609 3339 1649 ac

1762 1658 2073 1716 simulacris
2117 1667 2399 1719 consistat.
2452 1668 2699 1740 llincque
2736 1674 2873 1729 adeo
2910 1686 2994 1731 est
3018 1720 3032 1743 ,
3067 1691 3127 1733 ut
3175 1683 3337 1737 beato

1763 1749 2052 1806 charitatis
2081 1755 2279 1809 atl'cctu
2320 1772 2384 1811 ac
2409 1761 2664 1827 passione
2707 1766 3049 1833 spiritalibus
3086 1784 3338 1828 contem~

1759 1839 2099 1907 plationibus
2135 1860 2200 1898 ac
2230 1848 2408 1901 sensis
2440 1860 2678 1906 mentem
2712 1855 3018 1923 addicente,
3060 1862 3332 1934 indigeat;

1757 1945 1984 2001 qumque
2026 1938 2294 2002 terrenis,
2335 1954 2398 1993 ea
2421 1956 2544 2010 qua:
2585 1956 2779 2002 vacant
2812 1953 3075 2016 materia,
3119 1958 3336 2013 sensile

1759 2019 1995 2091 busque,
2028 2024 2300 2094 spiritalia
2341 2043 2406 2082 ac
2430 2030 2616 2086 divina
2646 2036 2920 2092 anteferre
2951 2040 3199 2099 suadeat.

1825 2113 1913 2167 68.
1945 2115 2063 2169 Non
2101 2118 2325 2173 omnino
2350 2121 2445 2189 qui
2484 2123 2717 2181 affectus
2749 2144 2814 2182 ac
2838 2130 3100 2188 libidines
3138 2150 3333 2207 ampu-

1757 2206 1911 2271 tavit,
1955 2209 2238 2280 animique
2289 2213 2531 2270 rationes
2590 2217 2871 2289 simplices
2913 2224 3172 2291 reddidit,
3216 2230 3329 2298 jam

1754 2314 1973 2369 quoque
1994 2301 2225 2358 affectus
2247 2303 2315 2357 ad
2347 2304 2532 2360 divina
2564 2312 2868 2365 convertit:
2907 2315 3005 2369 sed
3050 2317 3167 2371 fieri
3225 2336 3329 2388 po-

1754 2396 1877 2453 test,
1907 2397 1967 2444 ut
2005 2407 2185 2461 neque
2219 2393 2607 2461 humanarum,
2636 2414 2741 2454 nec
2769 2400 3081 2459 divinarum
3138 2423 3326 2465 rerum

1750 2492 1917 2533 sensu
1943 2478 2244 2547 adiciatur;
2284 2483 2362 2537 uti
2392 2484 2448 2537 in
2476 2485 2585 2541 illis
2614 2490 2861 2557 proclive
2890 2502 2997 2558 est,
3023 2498 3114 2565 qui
3144 2499 3321 2554 actio-

1749 2581 1874 2621 nem
1921 2569 2130 2637 colnnt,
2174 2586 2238 2627 ac
2291 2573 2527 2628 necdum
2588 2577 2815 2635 scientia
2853 2581 3045 2639 donari
3097 2602 3316 2645 merue-

1749 2665 1900 2724 runt,
1928 2660 2020 2728 qni
2048 2676 2242 2730 nempe
2272 2664 2526 2734 supplicii
2560 2674 2710 2722 metu
2735 2679 2830 2725 aut
2860 2675 3013 2744 regni
3042 2690 3324 2747 exspecta-

1749 2747 1920 2813 tione,
1961 2750 2030 2803 ab
2057 2751 2347 2807 affectibus
2378 2765 2543 2825 atque
2569 2758 2718 2815 vitiis
2746 2777 2867 2818 sese
2892 2764 3189 2824 abstinent.

1726 2843 1733 2850 '
1817 2838 1905 2893 69.
1965 2838 2069 2894 Per
2101 2840 2267 2909 ﬁdem,
2298 2844 2655 2914 ambulamus,
2702 2868 2808 2906 non
2853 2871 2948 2923 per
2994 2860 3218 2928 speciem
3238 2862 3316 2929 ’5;

1746 2929 2123 3002 habemusque
2147 2935 2432 2993 scientiam
2468 2940 2524 2996 in
2547 2944 2788 3011 speculis
2821 2960 2885 3001 ac
2910 2948 3317 3020 aenigmatibus.

82 3020 194 3072 Καὶ
216 3020 302 3073 διὰ
328 3021 500 3086 τοῦτο,
536 3022 736 3094 πολλῆς
777 3023 1012 3094 δεόμεθα
1040 3025 1140 3095 τῆς
1169 3030 1227 3079 ὲν
1267 3026 1451 3088 αὐτοῖς
1479 3027 1643 3097 ἀσχο-

1756 3021 1955 3078 ideirco
1979 3024 2143 3079 etiam
2178 3027 2405 3083 multam
2436 3031 2520 3086 eis
2544 3048 2769 3101 operam
2800 3052 3069 3095 navemus
3092 3058 3320 3100 necesse

80 3110 221 3173 λίας,
264 3113 351 3165 ἵνα
386 3116 449 3183 τῇ
481 3115 673 3185 χρονίᾳ
707 3115 914 3169 τούτων
949 3116 1152 3189 μελέτῃ
1200 3118 1294 3170 καὶ
1335 3117 1643 3189 ἀδολεσχίᾳ,

78 3203 189 3269 ῑξιν
221 3204 666 3263 δυσαπόσπαστον
696 3208 804 3262 τῶν
830 3209 1204 3281 θεωρημάτων
1234 3212 1573 3282 ποιήσωμεν.

144 3377 206 3435 ο’.
252 3381 376 3434 Ἐὰν
404 3381 540 3452 πρὸς
568 3382 745 3450 ὀλίγον
767 3382 877 3435 τῶν
902 3382 1092 3437 παθῶν
1120 3382 1218 3445 τὰς
1259 3382 1437 3445 αἰτίας
1479 3384 1640 3437 ἐκκό-

67 3472 273 3543 ψαντες
297 3474 406 3535 τοῖς
427 3475 813 3542 πνευματικοῖς
827 3473 1278 3545 ἐνασχοληθῶμεν
1299 3473 1637 3545 θεωρήμασι,

71 3563 151 3632 μὴ
185 3564 242 3615 ὲν
266 3564 445 3626 αὐτοῖς
466 3563 521 3618 δὲ
552 3564 1042 3635 ἀεὶδιατρίψωμεν,
1076 3564 1211 3618 αὐτὸ
1238 3564 1396 3619 τοῦτο
1427 3565 1640 3637 ἔχοντες

66 3655 251 3726 ἔργον,
290 3658 529 3729 εὐχερῶς
554 3659 716 3712 πάλιν
738 3660 828 3712 ἐπὶ
858 3659 929 3711 τά
956 3659 1056 3728 τῆς
1086 3659 1287 3728 σαρκὸς
1310 3659 1457 3728 πάθη
1481 3677 1637 3731 περι-

61 3746 385 3815 τρεπόμεθα
416 3748 527 3817 (32)
548 3764 561 3777 '
600 3748 768 3818 μηδὲν
797 3748 925 3802 ἄλλο
954 3747 1165 3801 ἐκεῖθεν
1188 3749 1635 3820 καρπωσάμενοι,

59 3836 100 3906 ἤ
143 3835 305 3907 ψιλὴν
358 3838 558 3906 γνῶσιν
599 3840 736 3909 μετά
778 3843 1045 3911 οἰήσεως·
1100 3834 1169 3911 ἦς
1210 3841 1271 3893 τὸ
1297 3840 1468 3903 τέλος,
1514 3843 1548 3912 ἥ
1574 3860 1633 3894 τε

57 3927 241 3997 αὐτῆς
272 3929 412 3982 κατά
443 3930 637 4000 μικρὸν
684 3933 783 4001 τῆς
835 3930 1085 4001 γνώσεως
1131 3931 1418 3995 σκότωσις,
1474 3933 1568 3986 καὶ
1604 3934 1637 4002 ἡ

56 4019 335 4089 παντελὴς
367 4020 460 4074 τοῦ
492 4021 583 4074 νοῦ
612 4022 705 4077 ἐπὶ
738 4023 804 4077 τὰ
834 4023 993 4076 ὑλικά
1018 4024 1283 4094 ἐκτροπή.

1750 3120 1854 3177 est,
1883 3122 1944 3167 ut
1972 3114 2133 3185 longa
2173 3131 2365 3173 eorum
2391 3121 2753 3179 meditatione
2787 3135 2845 3182 et
2884 3137 3092 3186 attenta
3133 3136 3318 3191 consi-

1749 3203 2056 3270 deratione,
2096 3205 2313 3263 firmum
2338 3211 2579 3282 satisque
2621 3226 2867 3274 tenacem
2905 3224 3321 3294 contemplatio-

1750 3310 1881 3348 num
1908 3295 2157 3353 habitum
2178 3301 2580 3359 nanciscamur.

1823 3384 1907 3439 70.
1937 3386 1991 3441 Si
2019 3388 2088 3443 ad
2120 3392 2398 3447 modicum
2425 3397 2656 3453 excissis
2680 3399 3321 3464 affectuumlibidinum-

1748 3491 1855 3547 que
1882 3477 2080 3544 causis,
2114 3482 2460 3551 spiritalibus
2497 3496 2737 3543 mentem
2763 3495 3320 3569 contemplationibus

1745 3566 2151 3636 addixerimus,
2183 3588 2286 3628 nec
2319 3573 2376 3628 in
2420 3575 2502 3630 eis
2550 3592 2771 3649 semper
2798 3566 2995 3640 morati
3028 3586 3316 3654 fuerimus,

1745 3658 1801 3713 in
1835 3659 2138 3730 hocipsum
2170 3663 2572 3735 incumbentes,
2602 3672 2793 3742 reique
2830 3674 2884 3729 id
2926 3680 3317 3748 caputbaben-

1747 3756 1850 3814 tes,
1876 3750 2037 3806 facile
2071 3752 2271 3809 iterum
2302 3757 2369 3811 ad
2412 3762 2662 3816 carnales
2697 3764 2927 3822 affectus
2949 3768 3317 3842 libidinesque

1743 3850 2163 3910 convertemur;
2193 3847 2406 3900 nullum
2430 3849 2559 3905 inde
2581 3856 2930 3909 commodum
2947 3869 3315 3927 reportantes.

1743 3933 1851 3988 nisi
1908 3934 2255 3991 solummodo
2301 3938 2504 3993 nudam
2537 3956 2603 3995 ac
2647 3943 2952 4013 simplicem
3005 3951 3313 4018 scientiam,

1745 4043 1869 4082 cum
1901 4032 2070 4085 animi
2099 4032 2308 4089 scilicet
2338 4034 2444 4090 sibi
2488 4038 2760 4107 placentis
2802 4042 3038 4099 elatione
3080 4049 3314 4118 conjun-

52 4116 238 4177 ctam;
268 4113 426 4182 cujus
451 4113 497 4168 is
528 4114 673 4178 finis,
700 4122 763 4169 ut
785 4129 908 4169 cum
956 4114 1073 4185 ipsa
1114 4112 1378 4185 paulatim
1413 4115 1641 4171 scientia
1674 4117 2032 4188 obnubescat,
2087 4132 2201 4179 tum
2254 4142 2412 4183 mens
2480 4130 2547 4184 ad
2615 4140 2835 4188 terrena
2880 4136 3101 4204 penitus
3129 4140 3312 4196 desci-

64 4209 199 4255 Ξοῖη.

70 4223 79 4229 ’
111 4223 152 4254 ’ἂι
185 4241 199 4255 .

51 4223 232 4347 bco‘a'.
275 4294 453 4357 Πάθος
483 4296 704 4368 ἀγάπης
726 4298 949 4368 ψεκτὸν,
982 4303 1093 4364 τοῖς
1117 4302 1319 4367 ὑλικοῖς
1346 4302 1634 4373 πράγμασι

51 4385 151 4437 τὸν
191 4380 664 4457 νοῦνὲνασχολεῖ·
719 4388 891 4452 πάθος
932 4391 1153 4461 ἀγάπης
1195 4394 1499 4455 ἐπαινετὸν,
1539 4392 1632 4445 καὶ

1815 4303 1903 4356 71.
1942 4304 2263 4362 Dilectionis
2293 4308 2629 4378 vituperium
2661 4312 2953 4383 labemque
2990 4317 3197 4375 habens
3226 4323 3311 4375 af-

1741 4391 1937 4458 fectus,
1959 4396 2193 4451 terrenis
2213 4398 2380 4453 rebus
2399 4401 2642 4456 animum
2665 4404 2869 4460 addicit
2896 4424 2909 4459 :
2944 4408 3158 4464 laudem
3176 4427 3308 4467 vero

51 4478 172 4539 τοῖς
212 4475 380 4549 θείοις
409 4478 573 4531 αὐτὸν
605 4480 910 4549 συνδεσμεῖ.
966 4482 1135 4535 Εἴωθε
1176 4484 1283 4555 γὰρ
1332 4488 1359 4538 6
1403 4485 1525 4547 νοῦς
1573 4486 1629 4537 ἐν

1756 4487 1965 4553 tabens,
1996 4489 2160 4543 etiam
2186 4490 2389 4547 divinis
2413 4493 2677 4550 devincit.
2703 4496 2794 4553 Sic
2822 4500 2968 4554 enim
3012 4505 3182 4558 menti
3223 4506 3307 4560 in-

51 4561 135 4629 οῗς
165 4569 406 4639 χρονίζει
449 4572 754 4641 πράγμασι,
794 4573 851 4623 ὲν
883 4574 1063 4637 αὐτοῖς
1093 4577 1188 4628 καὶ
1234 4576 1627 4630 πλατύνεσθαι’

51 4659 113 4710 ὲν
144 4653 227 4720 οἷς
251 4659 309 4711 δὲ
346 4660 697 4723 πλατύνεται,
749 4663 806 4713 ἐν
853 4663 1033 4725 αὐτοῖς
1064 4665 1160 4716 καὶ
1204 4666 1302 4736 τὴν
1338 4665 1635 4734 ἐπιθυμίαν

51 4747 150 4800 καὶ
200 4751 301 4821 τὴν
358 4752 579 4824 ἀγάπην
626 4755 841 4825 τρέψαι,
901 4754 1007 4807 εἴτε
1078 4755 1134 4806 ὲν
1173 4761 1284 4819 τοῖς
1330 4756 1492 4818 θείοις
1534 4758 1636 4809 .κα“ι

51 4839 285 4904 οἰκείοις
346 4843 440 4896 καὶ
502 4848 728 4913 νοητοῖς,
802 4848 909 4898 εἴτε
976 4848 1033 4899 ἐν
1089 4850 1203 4910 τοῖς
1262 4847 1357 4917 τῆς
1436 4851 1636 4919 σαρκὸς

51 4930 354 5000 πράγμασί
380 4951 439 4986 τε
474 4936 566 4988 καὶ
601 4935 815 4989 πάθεσι.

125 5092 170 5125 ⁸⁸
199 5093 248 5149 Il
277 5096 425 5150 Petr.
458 5112 515 5161 ιι,
548 5096 637 5149 22.
714 5099 759 5129 ⁸⁸
788 5097 831 5151 ll
853 5098 976 5153 Cor.
1007 5116 1060 5161 ν,
1088 5100 1118 5152 7

122 5252 206 5326 (ιι)
238 5255 345 5308 Ἐν
374 5252 691 5326 ἐσόπτροις
744 5252 878 5326 τὴν-
914 5253 1160 5326 γνῶσιν-ν
1198 5256 1435 5326 ἔχομεν.
1472 5260 1625 5326 Erat

52 5312 337 5396 neindose,
368 5322 464 5391 τὴν
488 5312 880 5396 ἀρετήνηιιιιοιῖ
916 5312 1091 5396 ipsum
1153 5312 1431 5382 habuerat
1467 5312 1620 5383 Dufr.

52 5395 193 5453 :od.,
225 5392 326 5447 sed
351 5401 470 5445 erat
499 5391 552 5444 in
568 5407 633 5445 eo
665 5391 1033 5447 emendatum.
1069 5395 1409 5452 Decoxerunt
1442 5409 1619 5453 tamen

52 5466 253 5532 )bsop.
315 5460 568 5535 et_Gesn.
634 5460 1019 5535 Locus-Pauli
1052 5473 1154 5529 est,
1219 5483 1328 5535 quo
1395 5467 1620 5535 respicit

51 5530 338 5595 daxirnus,
372 5532 393 5584 1
610 5547 697 5583 xm
741 5532 1067 5615 :_B).é1:op.av
1095 5530 1318 5615 693.66
1352 5530 1617 5615 ἐσόπτρου

51 5624 99 5656 εν
121 5603 436 5673 αἰνίγματι.
473 5600 667 5673 Videre
693 5609 893 5664 autem,
928 5617 1034 5656 non
1063 5600 1296 5670 virtutis,
1326 5607 1420 5659 sed
1444 5600 1621 5660 scien-

55 5678 123 5730 ιω
160 5668 263 5729 est
289 5668 454 5741 atque
504 5668 648 5734 fidei,
714 5686 828 5744 seu
864 5673 1191 5741 cognitionis
1245 5668 1613 5747 :saotssng,

1736 4578 1951 4645 olitum,
1986 4589 2043 4634 ut
2066 4582 2269 4650 quibus
2292 4584 2344 4637 in
2376 4585 2543 4640 rebus
2571 4597 2838 4654 moratur,
2871 4592 2923 4646 in
2956 4593 3063 4649 illis
3081 4604 3137 4649 et
3170 4597 3307 4652 dila-

1737 4675 1913 4734 tetur;
1965 4670 2019 4723 in
2050 4671 2252 4741 quibus
2277 4682 2463 4729 autem
2497 4676 2781 4741 dilatatur,
2823 4682 2889 4735 ad
2918 4683 3034 4739 hinc
3060 4693 3118 4740 et
3145 4689 3303 4758 cupi-

1734 4760 1961 4815 ditatem
1988 4762 2450 4835 dilectionemque
2480 4778 2781 4834 convertat,
2816 4773 2931 4828 sive
2962 4776 3149 4831 divina
3177 4795 3304 4849 pro.

1734 4854 1960 4921 priaque
1987 4862 2042 4907 et
2065 4856 2356 4923 spiritalia,
2408 4859 2523 4913 sive
2556 4862 2794 4917 carnalia
2826 4880 3023 4937 resque
3064 4878 3120 4923 et
3162 4870 3297 4927 affe-

1734 4952 1854 4997 ctus
1890 4958 1986 4997 seu
2019 4945 2166 4999 vitia.

1721 5263 1868 5385 ﬁlled
1926 5266 2231 5347 ἐνδελεχείᾳ
2262 5271 2584 5327 mutandum
2638 5276 2859 5357 coniicit
2887 5278 3064 5361 Ge.an
3100 5286 3295 5362 merito

1766 5330 1879 5385 ΙΠΙΟ
1910 5333 2181 5385 disnlteet.
2226 5337 2302 5385 ΑΩ
2330 5355 2458 5385 sane
2485 5359 2586 5385 νοτ
2628 5355 2709 5385 oet
2743 5363 2795 5385 In
2851 5346 3147 5385 Rau-mnuu-
3179 5353 3260 5385 rm

1766 5330 1879 5386 iilio
1910 5330 2181 5419 displicet:
2207 5330 2458 5419 'Acsane
2485 5359 2590 5398 vox
2628 5355 2711 5419 est
2740 5330 2815 5419 in:
2851 5330 3293 5419 εει-’ίῇιῦτίζέιὲ

1719 5417 1915 5480 qnens,
1949 5418 2050 5480 pro
2082 5406 2328 5475 diligenti
2362 5427 2536 5480 exque
2558 5416 2742 5468 animo
2765 5406 3071 5473 divinar'um
3106 5406 3290 5479 rerum

1717 5472 2158 5547 consideratione
2186 5472 2277 5531 "ac
2336 5472 2692 5538 meditatione
2717 5487 2827 5547 ;sic
2856 5472 3002 5543 Isaae
3027 5472 3294 5547 erat'66o;

1716 5540 1923 5616 λετχῶν
1948 5542 2001 5616 in
2041 5560 2171 5616 agro
2201 5561 2323 5601 eum
2362 5550 2606 5606 Rebecca
2645 5554 2692 5607 ei
2721 5540 3108 5613 obviamﬂfacta
3143 5569 3227 5614 est
3274 5581 3288 5616 :

1714 5609 1792 5663 sic
1843 5613 1984 5680 apud
2039 5609 2296 5694 Davitica}
2318 5622 2542 5689 passim,
2570 5609 3019 5694 emata/ﬁtavoi,
3042 5630 3190 5685 nulla
3217 5647 3288 5688 eo

1713 5695 1874 5735 sensu
1902 5692 2077 5738 exstat
2102 5684 2155 5737 in
2171 5684 2472 5756 Scriptura.
