3876 6314
201 369 336 437 ιθιι

1045 366 1382 430 CAPITUM
1420 365 1519 427 DE
1551 362 1984 426 CHARITATE
2023 360 2414 422 CENTURIA
2456 359 2564 420 ΙΙΙ.

3313 350 3450 416 1042

269 479 367 544 οξ.
399 477 499 532 Διά
522 457 698 533 ταῦτά
745 495 829 542 τις
879 477 1106 548 πάσχων
1149 477 1413 547 ὑπομένει
1437 494 1450 508 ·
1486 477 1520 547 ἢ
1551 475 1641 530 διὰ
1668 475 1765 544 τὴν

1924 471 2016 527 '77.
2049 473 2146 529 His
2169 487 2238 528 ex
2257 471 2460 537 causis,
2484 485 2609 540 quae
2631 468 2888 526 accidunt
2927 469 3087 535 mala,
3122 467 3323 536 aliquis
3351 484 3446 522 su-

198 569 419 637 ἀγάπην
452 567 544 622 τοῦ
574 565 734 631 Θεοῦ,
764 567 796 639 ἢ
825 567 912 621 διά
961 568 1059 634 τὴν
1090 566 1283 620 ἐλπίδα
1313 567 1410 636 τῆς
1437 563 1769 635 μισθαποδο-

200 663 344 726 σίας,
380 659 524 732 ἢδιά
545 660 639 714 τὸν
665 658 830 728 φόϐον
855 658 953 727 τῆς
989 656 1284 720 κολάσεως,
1315 654 1348 726 ἢ
1379 653 1467 708 διὰ
1493 656 1585 708 τὸν
1609 653 1772 722 φόϐον

197 751 310 808 τῶν
339 747 668 820 ἀνθρώπων,
698 748 732 818 ἢ
763 747 853 800 διὰ
880 747 979 816 τὴν
1022 744 1207 815 φύσιν,
1235 744 1269 814 ἢ
1312 742 1400 799 διὰ
1427 743 1526 812 τὴν
1552 742 1768 811 ἡδονὴν,

199 842 232 913 ἢ
263 842 356 896 διά
382 841 591 912 κέρδος,
616 841 648 910 ἦ
684 839 774 894 διὰ
796 837 1122 905 κενοδοξίαν,
1146 837 1178 906 ἥ
1206 834 1293 889 διὰ
1326 835 1592 904 ἀνάγκην.

271 1028 372 1091 o'q'.
405 1021 570 1074 Ἀλλο
617 1020 734 1074 ἐστὶ
783 1019 1058 1092 λογισμῶν
1091 1017 1493 1090 ἀπαλλαγῆναι,
1521 1016 1617 1070 καὶ⁵
1641 1017 1771 1074 ἄλλο

201 1112 395 1166 παθῶν
436 1110 894 1183 ἑλευθερωθῆναι.
944 1111 1056 1164 Καὶ
1087 1108 1352 1171 πολλάκις
1378 1126 1462 1173 τις
1494 1108 1772 1179 λογισμῶν

200 1203 612 1260 ἀπαλλάττεται
634 1203 707 1274 μὴ
731 1202 1014 1273 παρόντων
1037 1202 1148 1257 τῶν
1169 1202 1511 1274 πραγμάτων
1525 1201 1769 1266 ἐκείνων,

202 1295 340 1366 πρὸς
369 1295 510 1365 άπερ
539 1293 608 1347 τὰ
632 1293 780 1366 πάθη
808 1294 1072 1362 κέκτηται
1091 1311 1104 1325 ·
1141 1293 1512 1366 κρύπτεταιδὲ
1531 1292 1602 1346 τά
1627 1292 1772 1362 πάθη

199 1384 261 1436 ἐν
291 1385 356 1452 τῇ
387 1381 556 1452 ψυχῇ,
588 1382 680 1437 καὶ
701 1382 1106 1450 ἀναφαινόντων
1127 1381 1235 1438 τῶν
1252 1383 1592 1454 πραγμάτων
1619 1382 1774 1451 ἐλεγ-

203 1489 407 1542 χονται.
445 1474 567 1544 Χρὴ
591 1468 689 1527 οὖν
729 1477 918 1545 τηρεῖν
967 1473 1058 1528 τὸν
1085 1473 1210 1528 νοῦν
1251 1475 1344 1528 ἐπὶ
1375 1473 1484 1528 τῶν
1515 1473 1776 1544 πραγμά-

203 1584 332 1632 των,
360 1567 453 1621 xui.
483 1565 687 1636 γνῶναι
727 1565 863 1637 πρὸς
889 1567 1041 1620 ποῖον
1069 1564 1182 1637 ἔχει
1207 1565 1268 1619 τὸ
1297 1564 1494 1628 πάθος.

1873 564 2048 620 stinet
2081 580 2096 617 :
2134 573 2231 619 aut
2263 569 2490 632 propter
2533 561 2634 617 Dei
2677 561 2997 617 charitatem
3023 603 3038 628 ,
3074 568 3170 614 aut
3222 569 3448 630 propter

1871 666 2025 722 spem
2051 651 2453 714 retributionis,
2479 656 2575 706 aut
2599 648 2857 720 supplicii
2898 657 3083 712 metu,
3121 657 3218 702 aut
3251 647 3446 704 timore

1873 741 2138 810 humano,
2163 749 2258 796 aut
2286 749 2513 812 propter
2549 749 2803 796 naturam
2830 756 2895 796 ac
2913 739 3174 805 indolem,
3201 747 3298 792 aut
3320 754 3448 811 pro-

1872 842 1997 904 pter
2025 835 2388 905 voluptatem,
2410 841 2506 890 aut
2532 833 2698 898 lucri,
2721 841 2816 887 aut
2840 831 3022 887 inanis
3039 831 3224 886 0'loria:
3258 845 3442 895 causa,

1872 935 1968 982 aut
2003 929 2131 998 quia
2160 929 2466 984 necessitas
2504 937 2685 998 cogat.

1941 1019 2030 1073 78.
2064 1019 2228 1075 Aliud
2264 1027 2350 1075 est
2399 1035 2430 1076 a
2465 1017 2893 1093 cogitationibus
2919 1016 3164 1080 liberari,
3201 1015 3351 1072 aliud
3375 1015 3445 1070 ab

1873 1109 2162 1166 aﬂ‘ectibus
2193 1127 2258 1166 ac
2291 1110 2444 1167 vitiis
2492 1110 2796 1165 immunem
2838 1107 3093 1178 praestari
3123 1124 3138 1162 :
3175 1122 3281 1164 nec
3321 1123 3446 1161 raro

1874 1201 2145 1274 contingit
2195 1210 2257 1255 ut
2296 1201 2421 1272 quis
2453 1217 2483 1256 a
2527 1199 2958 1272 cogitationibus
3003 1199 3302 1262 liberetur,
3346 1213 3447 1266 per

1873 1305 2066 1346 earnm
2099 1307 2286 1346 rerum
2314 1290 2619 1346 absentiam
2652 1291 2720 1346 ad
2743 1305 2882 1361 quas
2914 1289 3209 1346 libidinose
3242 1286 3446 1342 allicie-

1874 1381 2056 1447 batur,
2081 1397 2206 1438 cum
2237 1389 2418 1436 tamen
2437 1381 2667 1438 allectus
2690 1398 2755 1438 ac
2781 1381 3039 1438 libidines
3056 1381 3111 1435 in
3135 1380 3318 1436 animo
3347 1379 3446 1434 de-

1873 1473 2150 1538 litescant,
2186 1473 2465 1543 rebusque
2493 1474 2901 1545 emergentibus
2921 1489 2986 1528 ac
3008 1488 3190 1530 coram
3215 1471 3448 1544 objectis

1875 1579 1934 1619 se
1991 1561 2670 1636 prodant.0bservandus
2695 1580 2828 1636 ergo
2868 1565 3088 1620 animus
3143 1563 3200 1618 in
3258 1578 3444 1618 rerum

1875 1654 2186 1724 praesentia,
2209 1669 2273 1710 ac
2295 1653 2593 1710 videndum
2615 1655 2671 1709 in
2694 1670 2858 1725 quam
2888 1653 3107 1710 tandem
3146 1653 3347 1712 aﬂ'ectu
3380 1667 3447 1706 ac

1877 1745 2106 1801 libidine
2129 1744 2359 1799 feratur.

272 1829 368 1884 οϐ’.
411 1830 566 1895 Φίλος
585 1831 789 1895 ἐκεῖνός
821 1833 938 1884 ἐστι
964 1831 1204 1902 γνήσιος,
1231 1833 1258 1884 ὁ
1286 1830 1382 1895 τὰς
1414 1832 1478 1884 ἐκ
1508 1831 1770 1902 περιστά-

1945 1835 2032 1889 79.
2096 1835 2271 1890 Verus
2317 1837 2408 1890 ille
2441 1835 2654 1891 amicus
2704 1844 2807 1899 est,
2840 1835 2934 1904 qui
2986 1834 3219 1890 adverso
3261 1847 3444 1888 rerum

206 1938 344 1985 σεως
380 1920 586 1990 θλίψεις
616 1923 710 1975 καὶ
741 1923 984 1991 ἀνάγκας
1030 1922 1124 1975 καὶ⁵
1167 1923 1454 1994 συμφορὰς
1499 1924 1557 1974 ὲν
1589 1921 1770 1994 καιρῷ

203 2011 513 2082 πειρασμοῦ
544 2012 931 2082 συνυποφέοων
955 2013 1032 2084 τῷ
1053 2012 1280 2084 πλησίον
1297 2015 1371 2078 ὡς
1399 2015 1555 2082 ίδίας,
1577 2015 1772 2086 ἀθορύ‹

202 2101 314 2164 ὃως
345 2103 439 2155 καὶ
466 2102 773 2174 ἀταράχως.

274 2278 346 2334 π’.
379 2279 470 2349 Μὴ
496 2280 772 2354 ἀτιμάσῃς
804 2282 903 2353 τὴν
952 2285 1277 2356 συνείδησιν,
1309 2286 1510 2356 ἄριστά
1550 2305 1630 2341 σοι
1683 2289 1770 2342 ἀεὶ

199 2369 704 2437 συμϐουλεύουσαν.
736 2371 969 2444 Γνώμην
999 2373 1106 2444 γάρ
1151 2374 1303 2428 θείαν
1347 2377 1441 2429 καὶ
1467 2378 1775 2450 ἀγγελικὴν

199 2477 285 2512 σοι
321 2461 668 2518 ὑποτίθεται·
707 2463 800 2516 καὶ
831 2461 938 2516 τῶν
967 2465 1226 2536 κρυπτῶν
1259 2469 1360 2538 τῆς
1395 2469 1624 2540 καρδίας
1673 2487 1770 2540 μο-

193 2549 491 2618 λυσμάτων
519 2552 814 2624 ἐλευθεροῖ,
851 2555 944 2607 καὶ
989 2557 1302 2628 παρρησίαν
1339 2559 1473 2630 πρὸς
1502 2560 1596 2613 τὸν
1637 2561 1770 2614 Θεὸν

194 2643 261 2695 ὲν
287 2645 349 2713 τῇ
383 2642 547 2713 ἐξόδῳ
574 2661 654 2697 σοι
685 2645 992 2716 χαρίζεται.
1027 2695 1034 2702 .

274 2740 384 2788 πα’.
423 2735 485 2786 Ei
518 2735 694 2799 θέλεις
721 2737 972 2804 γενέσθαι
1011 2739 1339 2812 ἐπιγνώμων
1393 2744 1468 2814 (y)
1526 2747 1620 2799 καὶ
1675 2747 1772 2816 μὲ-

193 2840 350 2893 τριος
381 2825 514 2894 (34),
547 2826 642 2879 καὶ
687 2827 764 2892 τῷ
793 2828 955 2881 πάθει
985 2830 1081 2900 τῆς
1107 2827 1336 2902 οἰήσεως
1371 2833 1447 2905 μὴ
1475 2834 1768 2906 δουλεύειν,

194 2915 291 2967 ἀεὶ
349 2914 502 2986 ζήτει
558 2917 618 2969 ὲν
667 2921 780 2981 τοῖς
813 2914 953 2986 οὖσι,
991 2920 1043 2972 τί
1093 2923 1208 2974 ἐστι
1259 2925 1637 2996 κρυπτόμενον
1671 2929 1769 3000 τὴν

198 3007 301 3058 σὺν
332 3006 535 3074 γνῶσιν
569 3005 682 3079 [ΡΥ.
722 3011 789 3080 τῇ
825 3011 889 3080 σῇ
927 3008 1169 3084 γνώσει].
1193 3014 1301 3066 Καὶ
1327 3015 1597 3083 εὑρίσκων
1623 3019 1770 3090 πάμ-

194 3095 375 3148 πολλα
413 3097 507 3150 καὶ
535 3097 768 3168 διάφορα
815 3099 1112 3170 πράγματα
1156 3101 1488 3158 λανθάνοντά
1528 3123 1608 3172 σε,
1641 3107 1769 3160 θαυ-
1796 3141 1841 3202 c

197 3187 400 3258 μάσεις
428 3205 486 3240 τε
517 3189 608 3240 ἐπὶ
640 3192 705 3260 τῇ
733 3192 797 3260 σῇ
829 3190 1094 3262 ἀγνωσία,
1119 3194 1211 3246 καὶ
1243 3197 1517 3260 συπελείς
1553 3198 1612 3251 τὸ
1639 3199 1771 3270 φρό-

191 3293 383 3346 νημα·
442 3279 536 3331 καλ⁸
592 3280 818 3334 σεαυτὸν
853 3282 1132 3350 ἐπιγνοὺς,
1169 3287 1422 3356 συνήσεις
1476 3289 1647 3344 πολλά
1677 3292 1772 3344 καὶ

197 3368 416 3440 μεγάλα
438 3370 532 3422 καὶ
565 3370 856 3440 θαυμαστά
887 3374 1210 3445 πράγματα.
1257 3377 1410 3432 Ἐπεὶ
1439 3379 1501 3433 τδ
1529 3380 1771 3452 νομίζειν

191 3459 422 3526 ειδέναι,
455 3462 554 3514 οὐκ
585 3464 650 3534 ἐᾷ
683 3463 1016 3534 προκόπτειν
1051 3469 1132 3531 είς
1159 3468 1220 3520 τὸ
1257 3469 1480 3526 εἰδέναι.

275 3549 387 3620 πβ’.
420 3543 587 3615 Οὗτος
618 3554 864 3624 ἀκριϐῶς
903 3555 1045 3610 θέλει
1075 3559 1337 3631 σωθῆναι,
1370 3563 1398 3614 ὁ
1438 3565 1552 3628 τοῖς
1594 3566 1769 3638 ίατρι-

192 3643 319 3704 κοῖς
354 3645 667 3714 φαρμάκοις
724 3647 797 3718 μὴ
829 3648 1244 3720 ἀνθιστάμενος.
1295 3647 1463 3708 Δῦται
1517 3656 1572 3710 δέ
1624 3661 1764 3713 εἰσιν

190 3735 384 3789 ὀδύναι
436 3739 533 3790 καὶ
569 3738 739 3792 λύπαι
789 3737 880 3792 διὰ
926 3741 1188 3796 ποικίλων
1222 3745 1503 3817 ἐπιφορῶν
1559 3750 1764 3819 ἐπαγό-

193 3844 382 3898 μεναι.
399 3830 456 3881 '0
479 3830 534 3882 δὲ
563 3830 977 3902 ἀνθιστάμενος,
996 3834 1096 3886 οὐκ
1121 3830 1228 3889 οἶδε
1252 3835 1304 3888 τί
1324 3837 1555 3891 ἐνταῦθα
1585 3856 1770 3911 πραγ-

194 3917 516 3988 ματεύεται,
569 3920 689 3973 οὐδὲ
732 3921 784 3975 τί
845 3923 1097 3977 ἐντεῦθεν
1145 3925 1489 3996 ὠνησόμενος
1533 3929 1769 3985 ἀπελεύ-

193 4024 378 4066 σεται.

272 4100 385 4168 πγ’.
427 4103 715 4170 Κενοδοεία
748 4105 841 4160 καὶ
876 4106 1212 4180 φιλαργυρία
1243 4109 1488 4183 ἀλλήλων
1511 4113 1618 4168 είσὶ
1649 4133 1770 4186 γεν-

196 4194 441 4263 νητικαί.
497 4197 558 4249 Οἱ
610 4197 712 4266 μὲν
766 4197 874 4269 γὰρ
922 4199 1350 4268 κενοδοξοῦντες,
1404 4203 1766 4260 πλουτοῦσιν·

196 4286 248 4337 oi
278 4284 333 4338 δὲ
362 4286 744 4353 πλουτοῦντες,
789 4288 1161 4355 κενοδοξΟὖσιν
1179 4310 1194 4324 ο
1229 4293 1343 4346 ἀλλ’
1370 4295 1446 4360 ὡς
1478 4299 1766 4368 κοσμικοί·

197 4377 326 4430 ἐπεὶ
375 4380 404 4430 ὁ
460 4381 692 4450 μοναχὸς
742 4382 1009 4454 ἀκτήμων
1072 4383 1166 4450 ὢν,
1223 4387 1424 4456 μᾶλλον
1478 4391 1764 4458 κενοδοξεῖ.

1869 1941 2001 1996 casu
2034 1926 2258 1980 obortas
2279 1941 2551 1980 aerumnas
2578 1933 2634 1980 et
2650 1926 3010 1982 necessitates
3030 1933 3085 1978 ct
3113 1923 3448 1979 calamitates

1873 2031 1939 2072 ac
1968 2015 2174 2082 clades,
2211 2023 2458 2086 tempore
2495 2016 2836 2080 tentationis,
2860 2016 3014 2085 quasi
3041 2015 3312 2085 proprias,
3335 2028 3446 2067 una

1874 2123 1998 2163 cum
2048 2107 2299 2178 proximo
2353 2108 2749 2178 i-mpcrturbate
2795 2108 3092 2178 sedatoque
3137 2107 3322 2164 animo
3357 2121 3449 2162 su-

1874 2198 2042 2254 stinet
2060 2236 2076 2252 .

1943 2289 2031 2344 80.
2064 2290 2144 2345 Ne
2169 2290 2562 2346 conscientiam
2585 2332 2598 2354 ,
2635 2292 2842 2360 optima
2867 2290 2960 2344 tibi
2996 2305 3212 2359 semper
3242 2304 3445 2344 consu-

1873 2381 2076 2436 lentem
2105 2383 2400 2452 spreveris.
2435 2383 2688 2436 Divinmn
2724 2383 2870 2434 enim
2908 2388 2964 2434 et
3009 2380 3316 2449 angelicum
3345 2379 3445 2433 tibi

1872 2469 2163 2525 consilium
2213 2486 2277 2524 ac
2325 2470 2662 2525 voluntatem
2718 2468 2982 2538 suggerit,
3019 2466 3327 2536 liberatque
3373 2468 3443 2521 ab

1872 2563 2107 2616 occultis
2145 2561 2313 2615 animi
2344 2561 2622 2627 sordibus,
2650 2577 2712 2616 ac
2759 2560 2813 2615 in
2853 2559 3002 2615 exitu
3051 2558 3308 2614 ﬁduciam
3346 2560 3446 2615 tibi

1873 2651 1940 2708 ad
1967 2654 2140 2707 Deum
2166 2652 2469 2723 praastabit.

1940 2743 2027 2798 81.
2061 2742 2118 2798 Si
2161 2743 2405 2814 prudens
2431 2743 2684 2814 cognitor
2715 2758 2778 2798 ac
2821 2741 3105 2797 modestus
3149 2738 3288 2796 eilici
3339 2739 3444 2805 vis,

1870 2851 1974 2892 nec
1990 2835 2270 2907 iactantiae
2303 2835 2596 2904 inanisque
2626 2835 2798 2890 fastus
2835 2833 2970 2888 vitio
3005 2833 3235 2896 servire,
3263 2848 3446 2902 quaere

1871 2940 2090 2994 semper
2124 2923 2179 2978 in
2207 2924 2383 2978 rebus
2400 2923 2532 2995 quid
2565 2924 2852 2978 scientiam
2882 2931 3028 2977 tuam
3062 2923 3250 2978 lateat.
3281 2921 3448 2978 Cum-

1871 3029 1978 3083 que
2012 3014 2250 3088 plurima
2297 3023 2461 3084 atque
2509 3013 2731 3068 diversa
2763 3022 2817 3068 te
2867 3013 3038 3068 latere
3087 3013 3444 3085 compereris,

1873 3105 2163 3160 miraberis
2187 3121 2288 3175 pro
2307 3121 2372 3161 ea
2395 3121 2506 3176 qua
2527 3105 2744 3160 laboras
2767 3105 3096 3176 ignorantia,
3119 3121 3450 3180 sensumque

1875 3205 1931 3251 et
1985 3195 2199 3252 animos
2254 3198 2623 3266 comprimes;
2659 3205 2821 3267 teque
2876 3196 3056 3266 ipsum
3108 3213 3446 3269 agnoscens,

1876 3289 2046 3343 multa
2077 3304 2381 3359 magnaque
2403 3304 2467 3343 ac
2495 3287 2816 3344 admiranda
2841 3288 3136 3360 intelliges.
3155 3289 3310 3356 Quod
3325 3291 3452 3362 quis

1871 3379 2018 3437 enim
2045 3395 2103 3434 se
2131 3380 2273 3435 scire
2294 3380 2594 3447 existimat,
2623 3379 2780 3436 deest
2808 3379 2889 3435 illi
2923 3394 3034 3452 quo
3061 3380 3131 3436 ad
3160 3382 3448 3440 scientiam

1871 3470 2144 3541 proiicere
2175 3471 2360 3525 liceat.
2461 3487 2465 3491 ί

1943 3563 2032 3617 82.
2060 3563 2154 3618 Ille
2181 3563 2327 3618 serio
2373 3563 2605 3618 salutem
2637 3562 2901 3633 consequi
2932 3563 3106 3634 cupit,
3133 3565 3228 3634 qui
3277 3565 3452 3621 medi-

1871 3651 2147 3708 cinalibus
2201 3652 2466 3708 remediis
2518 3669 2628 3708 non
2675 3653 2908 3708 resistit.
2959 3652 3101 3709 Sunt
3144 3669 3278 3709 vero
3311 3654 3447 3722 hac,

1871 3743 2111 3804 dolores,
2139 3759 2398 3798 aerumnae
2420 3759 2483 3798 ac
2506 3745 2668 3809 mala,
2701 3744 2874 3799 variis
2900 3744 3122 3801 casibus
3147 3761 3448 3817 rerumque

1873 3831 2191 3886 turbinibus
2216 3831 2376 3902 44],
2411 3832 2676 3886 immissa.
2711 3831 2816 3897 Qui
2856 3840 3040 3888 autem
3087 3835 3328 3907 resistit,
3356 3854 3455 3891 nc-

1872 3924 1976 3979 scit
2003 3923 2264 3994 quidnam
2297 3923 2389 3978 hic
2409 3923 2614 3992 negotii
2649 3932 2864 3994 agatur,
2901 3924 3103 3994 quidve
3134 3921 3282 3982 lucri
3315 3942 3448 3984 con-

1871 4021 2094 4069 secutus
2116 4013 2372 4070 humanis
2406 4013 2742 4083 migraturus
2769 4014 2860 4068 sit.

1939 4101 2026 4157 85.
2053 4100 2238 4156 Inanis
2260 4101 2433 4172 gloria
2457 4109 2514 4156 ct
2547 4099 2798 4168 avaritia,
2825 4103 2998 4157 altera
3035 4102 3191 4158 alteri
3225 4118 3446 4174 parens.

1869 4192 1972 4261 Qui
1998 4194 2144 4249 enim
2176 4192 2329 4247 inani
2359 4192 2534 4264 gloria
2571 4192 2846 4258 laborant,
2883 4193 3160 4250 ditescere
3187 4195 3446 4262 student,

1869 4283 2233 4352 laborantque
2285 4282 2436 4336 inani
2485 4282 2679 4353 gloria,
2732 4283 2827 4352 qui
2877 4284 3103 4339 student
3140 4284 3447 4351 ditescere,

1869 4374 2015 4444 quod
2048 4389 2246 4444 nempe
2268 4373 2335 4428 ad
2363 4374 2650 4428 szecularcs
2670 4374 2869 4430 attinet
2899 4393 2910 4428 :
2944 4377 3248 4431 monachus
3276 4376 3448 4441 enim,

211 4470 502 4542 Ἀργύριον
535 4472 592 4524 δὲ
627 4472 786 4543 ἔχων,
818 4473 1050 4546 κρύπτει
1079 4477 1235 4538 αὐτὸ.
1267 4481 1656 4554 αἰσχυνόμενος
1687 4485 1764 4548 ὼς

1884 4478 1995 4518 :um
2024 4463 2162 4516 nihil
2191 4463 2247 4517 in
2277 4478 2444 4518 censu
2474 4463 2639 4517 habet
2662 4477 2724 4518 ac
2755 4479 2964 4534 pauper
2990 4472 3094 4530 est,
3133 4473 3246 4519 tum
3281 4467 3452 4537 magis

197 4560 469 4616 ἀνοίκειον
499 4565 732 4636 πρᾶγμα
763 4565 858 4620 τοῦ
890 4568 1172 4639 σχήματος
1212 4569 1376 4642 ἔχων.

272 4807 376 4863 τπδ’.
417 4809 530 4880 Τῆς
579 4810 677 4864 τοῦ
723 4813 960 4884 μοναχοῢ
1009 4814 1319 4882 κενοδοξίας
1372 4817 1525 4884 ἴδιον,
1577 4820 1639 4873 τὸ
1681 4823 1770 4875 ἐπ’

195 4897 369 4970 ἁρετῇ
404 4901 721 4970 κενοδοξεῖν,
748 4906 841 4958 καὶ
874 4908 988 4968 τοῖς
1019 4906 1194 4978 ταύτῃ
1244 4907 1600 4964 ἀκολουθοῦσι
1621 4927 1637 4944 ο
1669 4913 1770 4982 τῆς

193 4988 255 5042 δὲ
286 4989 661 5062 ὑπερηφανίας
711 4994 876 5049 αὐτοῦ
929 4996 1079 5063 ἴδιον,
1111 4997 1172 5050 τὸ
1201 4998 1295 5051 ἐπὶ
1349 5001 1768 5074 κατορθώμασιν

197 5142 364 5206 unus.
384 5143 463 5182 att
492 5128 778 5206 Maximus,
809 5132 983 5206 ὀρθῶς
1005 5136 1394 5206 περιποιεῖται,
1429 5153 1613 5206 qurum
1637 5150 1774 5194 recte

194 5197 463 5280 rationem
498 5199 668 5280 habet,
706 5209 763 5280 ut
811 5197 914 5280 non
945 5197 1093 5280 fecit
1127 5197 1417 5280 aliqugndo
1442 5197 1556 5277 'quo
1584 5211 1772 5280 cuique

195 5268 498 5342 necessaria
523 5269 784 5342 tribuat:
819 5272 909 5326 ubi
939 5271 1141 5342 ObsOp.
1169 5268 1226 5327 et
1264 5275 1432 5329 Gesn.
1467 5268 1582 5331 hon
1604 5268 1767 5341 bene,

191 5337 846 5416 curam_familiw__abie_ns
857 5358 880 5406 ;
899 5342 1045 5411 quod
1063 5337 1210 5398 esset
1234 5345 1568 5416 privatarum
1591 5337 1766 5403 solum

193 5409 558 5526 ﬁecuniarum
617 5409 968 5492 distributor,
1031 5428 1143 5467 non
1200 5409 1580 5482 publicarum;
1639 5434 1764 5472 cum

243 5490 366 5526 llltls
390 5492 625 5526 maXIme
655 5488 904 5526 tntersrt-
941 5489 999 5526 nt
1035 5484 1283 5526 nemmim
1311 5492 1607 5526 ennnntnnt
1657 5503 1764 5526 mm

243 5479 366 5554 ujus
386 5479 625 5554 maxime
655 5479 904 5554 intersit,
941 5489 1008 5554 ut_
1035 5479 1283 5554 pecuniae
1311 5479 1628 5553 suppetant,
1657 5503 1768 5554 quo

191 5553 257 5596 ct
282 5543 531 5624 divinius
552 5549 757 5624 bonum
790 5543 899 5624 illis
927 5551 1010 5604 vel
1023 5543 1322 5624 servandis
1353 5543 1768 5624 v'elerogan'dis

193 5617 543 5684 propositum
589 5619 795 5673 habet:
836 5619 946 5684 hic,
983 5620 1118 5674 nihil
1159 5623 1245 5692 eis.
1272 5623 1517 5692 exposita
1553 5617 1678 5689 vox,
1711 5637 1768 5681 at

197 5693 352 5765 certe
391 5700 500 5739 non
529 5695 682 5765 cntra
719 5691 1226 5765 mentem_auct9ris
1259 5690 1641 5765 detorta,_Non
1669 5712 1764 5765 po-

198 5758 300 5805 test
331 5757 701 5812 oeconomicum
741 5774 916 5826 aqere.
954 5759 1210 5816 Arcarius
1253 5761 1436 5817 dictus
1472 5757 1769 5832 ejusmodi.

1871 4553 2021 4606 inani
2050 4553 2222 4622 gloria
2259 4560 2452 4607 tumet.
2483 4551 2577 4608 Sin
2601 4561 2782 4608 autem
2813 4554 2983 4609 habet
3024 4557 3309 4624 pecunias,
3358 4573 3453 4612 eas

1870 4642 2174 4712 abscondit,
2200 4644 2554 4708 erubescens,
2589 4651 2648 4697 ut
2670 4660 2833 4714 quem
2863 4645 3066 4716 pudeat
3091 4646 3317 4715 habere,
3348 4664 3451 4704 ccu

1870 4747 1985 4786 rem
2021 4749 2142 4804 quae
2181 4733 2496 4790 institutum
2528 4734 2677 4790 illius
2703 4735 2987 4791 dedeceat.

1938 4823 2023 4878 85.
2058 4823 2238 4879 inanis
2263 4825 2451 4896 gloriae
2496 4825 2753 4880 monachi
2788 4829 3070 4898 proprium
3108 4839 3212 4896 est,
3257 4837 3320 4884 ut
3345 4830 3456 4885 vir-

1869 4916 2002 4971 tutis
2027 4918 2249 4971 nomine
2277 4933 2336 4972 se
2361 4918 2454 4974 illa
2485 4918 2700 4982 cll'erat,
2743 4935 3047 4990 eorumque
3077 4936 3201 4992 quae
3229 4937 3297 4976 ex
3335 4923 3449 4977 vir-

1866 5007 2000 5063 tutis
2049 5010 2261 5066 ratione
2315 5017 2487 5065 sunt:
2519 5012 2640 5083 ejus
2682 5029 2814 5068 vero
2852 5015 3143 5086 proprium
3179 5017 3451 5087 superbiae

1879 5145 2036 5212 quasi
2062 5146 2363 5221 πται·ὶί-νῷ
2397 5147 2600 5217 privati
2632 5149 2738 5221 vel
2761 5149 2968 5218 publici
3013 5157 3280 5221 quaestor;
3325 5153 3434 5209 ine-

1877 5222 2028 5293 ptus
2052 5225 2203 5293 certe
2255 5216 2668 5293 huic’muncri,
2697 5219 2743 5273 si
2763 5216 3012 5276 libenter
3031 5216 3313 5292 'accipiat,
3342 5237 3444 5278 nec

1876 5283 1984 5336 nisi
2015 5283 2223 5340 invitus
2262 5302 2326 5342 ac
2366 5287 2544 5342 tristis
2572 5287 2800 5343 tribuat.

1948 5352 2023 5423 (ει)
2057 5357 2126 5408 Εί
2155 5351 3039 5431 θέᾀειςῖτ-ενᾷᾳθαιᾳέπηηκῦμων.
3068 5359 3339 5431 Cogitt'tor,
3369 5362 3454 5416 in-

1873 5431 2101 5497 spector,
2141 5426 2240 5497 qui
2289 5427 2358 5497 ad
2400 5426 2903 5497 iudicandum'seu'
2934 5426 3317 5486 arbitrandum
3351 5432 3452 5485 ali-

1916 5492 2006 5546 uid
2040 5492 2248 5549 accitus
2286 5496 2376 5560 sit,
2401 5492 2563 5551 utait
2590 5497 2726 5551 Bud.
2768 5499 3010 5554 adducto
3048 5499 3276 5554 Luciani
3302 5499 3446 5556 loco.

1924 5563 2050 5638 tia_m
2075 5563 2309 5638 Hesych.
2330 5566 2692 5638 ἐπιγνώμων,
2733 5568 2994 5638 ἐπόπτης.
3034 5569 3300 5624 Praeclara
3335 5570 3452 5626 haec

1873 5631 2108 5711 Maximi
2156 5631 2366 5711 sciendi
2389 5631 2605 5711 regula,
2647 5637 2791 5711 quod
2831 5631 3068 5711 teipsum
3100 5639 3444 5696 nescientem

1872 5700 2035 5760 scias.
2063 5703 2182 5758 Non
2215 5705 2357 5759 male
2381 5700 2547 5760 Gesn.
2582 5700 2815 5779 sapiens.
