3876 6314
484 362 619 430 1013

1717 364 1775 425 S.
1816 364 2104 425 MAXIMI
2140 365 2654 430 CONFESSORIS

3651 371 3765 437 Ῑθίί

481 484 585 543 est,
622 484 686 531 ut
727 473 801 531 ob
842 489 1010 545 opera
1038 472 1300 547 gestaque
1349 471 1693 539 extollatur,‘
1719 488 1783 528 ac
1818 474 2062 545 reliquos

2176 468 2539 550 ἑπιιίρεσθαι.¹
2567 481 2665 534 καὶ
2722 480 3021 547 ἐξουθενεϊν
3058 483 3189 547 τοὺς
3242 481 3491 548 ἄλλους·
3566 487 3671 542 καί
3716 490 3765 540 τὲ

481 576 737 640 spernat,
764 577 821 624 et
853 575 913 623 ut
942 567 1047 623 sibi
1082 567 1217 634 hzee,
1260 583 1375 622 non
1399 568 1509 623 Deo
1538 567 1797 623 ascribat.
1824 567 2064 621 Saecula-

482 663 560 716 ris
582 669 767 716 autem
801 661 978 716 inanis
1006 661 1192 733 gloriae
1223 675 1289 716 ac
1338 660 1610 730 superbiae
1651 660 1960 730 pr0prium,
2001 666 2063 713 ut

479 762 537 806 et
576 747 1008 822 pulchritudinis
1034 762 1091 805 et
1119 747 1438 804 divitiarum
1465 754 1522 803 et
1549 749 1808 818 potentia:
1833 756 1889 802 et
1927 762 2062 818 pru-

478 843 687 898 dentiae
738 846 961 897 nomine
1017 843 1258 898 inaniter
1285 843 1553 914 glorietur
1600 857 1665 897 ac
1718 841 1860 897 fastu
1912 841 2064 896 intu-

464 928 709 988 inescat.

552 1010 1024 1081 85.Srecularium
1082 1027 1317 1083 virtutes
1369 1042 1435 1083 ac
1486 1035 1827 1091 ornamenta,
1877 1040 2063 1080 mona-

487 1116 720 1171 chorum
760 1118 893 1172 vitia
921 1127 1049 1173 sunt
1068 1134 1132 1174 ac
1158 1117 1523 1185 detrimenta;
1560 1118 1919 1187 vicissimque
1940 1131 2062 1170 mo-

484 1208 789 1262 nachorum
816 1201 1049 1264 virtutes
1080 1218 1136 1264 et
1165 1216 1506 1272 ornamenta,
1541 1208 1887 1264 srecularium
1934 1217 2064 1262 sunt

483 1299 616 1353 vitia
646 1306 702 1353 et
742 1298 1096 1354 detrimenta.
1147 1299 1305 1365 Puta,
1350 1300 1692 1356 saecularium
1739 1306 2061 1353 ornamenta

484 1397 633 1456 sunt,
666 1391 890 1456 divitiae,
925 1391 1119 1462 gloria,
1156 1392 1402 1461 potentia
1429 1433 1443 1457 ,
1468 1392 1702 1456 deliciae,
1755 1390 1898 1445 bona
1935 1404 2061 1444 cor-

483 1482 633 1551 poris
661 1482 947 1547 habitudo,
984 1483 1214 1538 honesta
1240 1483 1458 1538 soboles
1499 1491 1556 1537 et
1583 1483 1826 1552 copiosa,
1852 1489 1909 1536 et
1940 1496 2062 1551 qua:

485 1585 615 1631 sunt
641 1578 912 1649 ejusmodi
940 1595 951 1631 :
978 1576 1045 1631 ad
1081 1593 1203 1647 qua:
1237 1577 1281 1632 si
1312 1577 1494 1632 veniat
1515 1574 1840 1637 monachus,
1874 1581 2060 1628 actum

486 1671 584 1725 illo
643 1678 746 1748 est.
780 1671 1029 1726 Monachi
1057 1680 1241 1725 autem
1274 1678 1595 1725 ornamenta
1622 1676 1786 1739 atque
1803 1667 2058 1732 virtutes,

486 1771 816 1833 paupertas,
880 1761 1212 1833 ignominia,
1256 1760 1632 1824 imbecillitas,
1697 1755 2057 1819 continentia,

487 1851 740 1922 corporis
762 1851 921 1906 labor
959 1853 1190 1921 ejusque
1222 1851 1537 1915 amictatio,
1578 1859 1632 1905 et
1668 1859 1863 1904 ett-tera
1895 1847 2056 1912 talia;

486 1940 555 1995 ad
596 1956 716 2010 quae
749 1941 1031 1995 sazcularis
1074 1940 1280 1994 invitus
1328 1941 1592 2004 veniens,
1635 1939 1909 2009 ingentem
1946 1937 2060 1991 rui-

486 2047 612 2085 nam
633 2046 696 2085 ac
718 2030 1107 2085 detrimentum
1138 2029 1317 2095 ducit;
1353 2045 1455 2084 nec
1476 2044 1603 2084 raro
1627 2029 1932 2100 periculum
1955 2037 2059 2092 est,

486 2137 558 2177 ne
589 2118 646 2177 et
672 2121 775 2177 sibi
807 2123 1003 2192 laqueo
1033 2131 1222 2193 guttur
1250 2123 1529 2191 frangant;
1570 2132 1671 2174 nec
1696 2119 1895 2174 desunt
1921 2133 2062 2189 quos

484 2215 717 2287 fregisse
743 2224 800 2270 et
824 2223 1059 2270 constat.

557 2308 643 2362 86.
671 2306 816 2373 Cibi,
847 2307 1050 2378 duplici
1091 2324 1158 2363 ex
1181 2323 1343 2362 causa
1375 2306 1579 2361 conditi
1609 2314 1739 2360 sunt
1766 2321 1779 2358 :
1813 2304 2061 2360 alimenti

485 2400 714 2466 scilicet,
745 2410 801 2455 et
830 2400 1150 2461 curationis.
1181 2399 1285 2466 Qui
1314 2398 1481 2469 igitur
1515 2406 1715 2468 praeter
1739 2399 1838 2452 has
1865 2412 2064 2453 causas

486 2501 714 2548 sumunt
784 2502 844 2547 ut
895 2493 989 2563 qui
1036 2493 1202 2546 rebus
1246 2507 1275 2546 a
1323 2493 1437 2547 Deo
1489 2491 1542 2544 in
1574 2506 1734 2546 usum
1787 2489 2063 2545 concessis

486 2583 806 2648 abutantur,
834 2593 1091 2653 tanquam
1119 2581 1413 2653 voluptarii
1445 2580 1847 2637 condemnandi
1890 2589 2019 2637 sunt
2047 2598 2060 2633 :

486 2674 581 2732 sed
602 2684 657 2731 et
684 2674 741 2730 in
769 2674 1028 2730 omnibus
1050 2674 1236 2738 rebus,
1265 2681 1552 2745 peccatum
1576 2673 1782 2728 abusus
1819 2672 2059 2728 exsistit.

557 2851 646 2905 87.
694 2848 923 2905 Modesti
975 2848 1143 2903 animi
1189 2863 1384 2903 sensus
1415 2847 1531 2919 (seu
1568 2844 1872 2918 humilitas)
1917 2845 2065 2916 jugis

485 2943 663 2999 oratio
706 2952 809 3009 est,
846 2943 1136 3014 conjuncta
1178 2942 1435 3013 lacrymis
1485 2948 1541 2996 et
1589 2939 1894 2995 laboribus.
1939 2940 2065 2995 "me

484 3037 631 3091 cnim
674 3039 846 3089 Deum
874 3050 1091 3105 semper
1143 3035 1197 3087 in
1228 3033 1492 3087 auxilium
1524 3031 1807 3097 invocans,
1840 3032 1895 3086 in
1932 3047 2063 3101 pro-

2164 569 2344 642 ἐαυτῷ
2390 570 2587 638 ταῦτα,
2617 572 2712 626 καὶ
2762 572 2838 643 μὴ
2872 573 2951 644 τῷ
2990 573 3111 644 Θεῷ
3151 576 3531 647 ἐπιγράφειν.
3564 577 3681 644 ης
3717 576 3763 629 ἃ

2162 659 2259 714 τοῦ
2290 661 2561 733 κοσμικοῦ
2588 663 2896 729 κενοδοξίας
2924 665 3023 719 καὶ
3063 666 3470 738 ὑπερηφανίας
3523 666 3687 732 ἴδιον,
3712 670 3763 721 τὸ

2158 753 2260 807 ἐπὶ
2295 754 2485 809 κάλλει
2520 755 2615 810 καὶ
2646 754 2865 827 πλούτῳ
2902 758 2995 810 καὶ
3023 759 3324 830 δυναστείᾳ
3358 760 3470 811 καὶ
3507 760 3761 831 φρονήσει

2163 846 2463 913 κενοδοξεῖν
2495 849 2590 902 καὶ
2623 847 2974 921 ἐπαίρεσθαι.

2233 1023 2338 1077 πε’.
2370 1024 2453 1077 Τὰ
2473 1023 2584 1079 τῶν
2604 1024 2891 1096 κοσμικῶν
2911 1025 3323 1098 κατορθώματα
3355 1026 3466 1097 (z),
3496 1025 3757 1096 πτώμιτᾶ

2163 1112 2272 1166 είσι
2296 1111 2407 1166 τῶν
2440 1114 2693 1186 μοναχῶν
2713 1131 2728 1146 ·
2769 1115 2866 1169 καὶ
2897 1114 3005 1168 τῶν
3037 1115 3293 1187 μοναχῶν
3320 1116 3755 1188 κατορθώ;;ατι,

2164 1204 2439 1276 πτώματὰ
2465 1208 2571 1259 εἰσι
2606 1206 2716 1260 τῶν
2747 1207 3052 1278 κοσμικῶν.
3101 1203 3251 1275 υἴον,
3283 1207 3358 1260 τὰ
3412 1208 3540 1262 τῶν
3576 1226 3757 1278 acc-sgn-

2162 1296 2275 1351 κῶν
2310 1296 2739 1369 κατορθώματα,
2773 1298 3007 1362 πλοῦτός
3036 1302 3151 1353 ἐστι
3185 1301 3281 1353 καὶ
3307 1300 3453 1367 δόξα
3494 1303 3597 1354 καὶ
3616 1302 3757 1355 δυγιο

2164 1389 2316 1442 στεία
2344 1390 2440 1442 καὶ
2469 1389 2651 1461 τρυφὴ
2686 1390 2780 1443 καὶ
2810 1390 3078 1459 εὖσαρκία
3111 1390 3206 1444 καὶ
3238 1393 3545 1456 εὐτεκνία,
3581 1395 3679 1448 καὶ
3702 1396 3760 1448 τὰ

2160 1480 2366 1533 τούτων
2387 1479 2655 1533 ἀκόλουθα
2679 1498 2693 1512 ·
2736 1482 2817 1544 εἰς
2856 1480 2999 1550 ἅπερ
3023 1481 3194 1535 ἐλθὼν
3226 1484 3253 1536 ό
3286 1484 3571 1554 μοναχδς,
3607 1485 3759 1539 ἀπέλ-

2160 1572 2337 1625 λυται.
2379 1570 2461 1625 Τὰ
2506 1571 2564 1625 δὲ
2596 1571 2690 1625 τοῦ
2746 1572 2983 1642 μοναχοῦ
3018 1572 3469 1645 κατορθώματα,
3515 1577 3757 1646 tim-13:19-

2163 1664 2318 1736 σύνη,
2342 1664 2549 1731 ἀδοξία,
2589 1664 2884 1736 ἀδυναμία,
2910 1666 3231 1736 ἐγκράτεια,
3260 1666 3658 1730 κακοπάθεια,
3678 1680 3755 1728 καὶ

2160 1758 2227 1810 τὰ
2259 1756 2462 1810 τούτων
2493 1755 2792 1810 ἀκόλουθα·
2829 1759 2910 1820 εἰς
2953 1756 3096 1827 ἅπερ
3145 1755 3325 1809 ἐλθὼν
3358 1759 3388 1810 ὁ
3425 1757 3757 1829 φιλόκοσμος

2164 1848 2314 1920 παρὰ
2335 1847 2615 1923 πρόθεσιν,
2635 1848 2838 1920 πτῶμα
2864 1850 3079 1918 ἡγεῖται
3106 1849 3283 1919 μέγα’
3324 1849 3428 1902 καὶ
3458 1848 3756 1902 κινδυνεύει

2164 1942 2425 2004 πολλάκις
2452 1941 2547 1996 καὶ
2571 1940 2774 2013 ἀγχόνῃ
2803 1940 3113 2013 χρήσασθαι
3137 1956 3150 1971 ο
3183 1942 3335 2006 τινὲς
3363 1941 3427 1995 δὲ
3466 1942 3572 1996 καὶ
3601 1943 3753 2013 ἐχρή-

2165 2052 2352 2088 σαντο.

3496 2171 3529 2184 ρ

2239 2303 2357 2369 πς⁰.
2390 2304 2471 2358 Τὰ
2499 2303 2768 2375 βρώματα
2792 2303 2881 2358 διὰ
2913 2305 3007 2357 δυο
3035 2280 3214 2366 αἰτίας
3233 2304 3484 2379 ἐκτίσθη
3512 2325 3529 2340 ·
3561 2313 3748 2381 τροφῆς

2164 2395 2350 2462 ἕνεκα,
2389 2396 2485 2450 καὶ
2519 2394 2839 2465 θεραπείας.
2888 2396 2952 2449 Oi
2980 2391 3075 2450 οὖν
3118 2395 3299 2467 πάρεξ
3328 2398 3559 2453 τούτων
3596 2418 3748 2471 μετα-

2165 2486 2563 2558 λαμϐάνοντες,
2618 2486 2694 2551 ὡς
2754 2486 3185 2559 παραχρώμενοι
3230 2490 3350 2555 τοῖς
3413 2492 3508 2555 εἰς
3567 2493 3748 2564 χρῆσιν

2166 2580 2319 2651 παρὰ
2352 2578 2489 2633 Θεοῦ
2536 2578 2791 2642 δοθεῖσιν,
2849 2577 2926 2642 ὡς
2960 2581 3239 2650 τρυφηταὶ
3289 2584 3745 2655 κατακρίνονται.

2165 2672 2275 2725 Καὶ
2303 2671 2400 2724 ἐπὶ
2432 2669 2652 2724 πάντων
2691 2668 2751 2723 δὲ
2798 2670 2908 2724 τῶν
2947 2670 3313 2742 πραγμάτων,
3361 2674 3397 2746 ἡ
3463 2675 3750 2748 παράκρη-

2166 2762 2250 2826 σίς
2282 2763 2430 2815 ἐστιν
2456 2763 2490 2832 ἡ
2528 2761 2793 2833 ἁμαρτία.
3752 2812 3760 2816 -

2234 2852 2345 2917 πζ’.
2399 2852 2882 2925 Ταπεινοφροσύνη
2940 2853 3077 2919 ἐστὶ,
3154 2853 3458 2927 προσευχὴ
3532 2856 3750 2928 συνεχὴς

2169 2940 2307 3015 μετὰ
2337 2944 2589 3017 δακρύων
2617 2946 2713 2999 καὶ
2760 2946 2959 3001 πόνων.
2992 2944 3142 3017 Αὕτη
3189 2947 3300 3019 γὰρ
3347 2949 3439 3001 ἀεὶ
3495 2950 3594 3003 τὸν
3629 2951 3749 3003 Geta

2166 3034 2245 3097 είς
2281 3033 2535 3104 βοήθειαν
2572 3034 3002 3105 ἐπικαλουμένη,
3054 3036 3135 3098 είς
3180 3034 3284 3106 τὴν
3329 3035 3481 3089 ἰδίαν
3529 3038 3751 3107 δύναμιν

484 3127 604 3198 pria
632 3126 836 3180 virtute
865 3133 922 3179 et
954 3125 1221 3194 sapientia
1264 3123 1591 3194 insipienter
1618 3122 1899 3177 conﬁdere
1945 3138 2056 3177 non

2176 3125 2259 3178 καὶ
2284 3124 2474 3194 σοφίαν
2497 3124 2746 3195 ἀφρόνως
2766 3124 2990 3195 θαρρεῖν
3021 3124 3124 3177 οὐκ
3146 3122 3232 3193 ἐᾷ,
3259 3123 3388 3176 ούίὲ
3418 3125 3606 3177 ἄλλων
3633 3142 3751 3179 κατα

486 3217 638 3280 sinit,
674 3231 777 3271 nec
808 3214 993 3270 cﬂ‘erri
1030 3214 1295 3269 adversus
1337 3215 1508 3280 alios;
1550 3229 1673 3284 qum
1706 3212 1825 3265 vitii
1865 3228 2062 3283 super-

484 3308 591 3364 bia:
617 3322 812 3379 graves
839 3306 1194 3377 wgritudines
1219 3314 1349 3360 sunt
1368 3322 1433 3360 ac
1464 3321 1641 3362 noxae.

560 3399 723 3473 M2
763 3397 850 3453 88.
891 3396 1053 3452 Aliud
1080 3405 1172 3471 est
1219 3395 1486 3452 adversus
1515 3396 1823 3467 simplicem
1858 3395 2066 3465 cogita-

487 3494 695 3549 tionem
716 3505 981 3563 pugnare,
1012 3503 1082 3544 ne
1105 3487 1363 3543 allectum
1405 3504 1469 3544 ac
1494 3488 1783 3544 libidinem
1810 3497 2061 3553 moveat;

488 3580 638 3635 aliud
670 3593 913 3650 pugnare
942 3579 1209 3633 adversus
1247 3593 1366 3632 eam
1405 3594 1527 3649 quae
1563 3580 1635 3634 sit
1673 3579 1967 3634 libidinosa
2010 3586 2066 3633 et

489 3685 611 3725 cum
640 3668 864 3734 affectu,
886 3684 955 3724 ne
980 3669 1035 3722 in
1059 3682 1391 3723 consensum
1423 3669 1618 3724 trahat.
1646 3670 1855 3724 Neuter
1877 3676 2062 3724 autem

487 3763 685 3818 modus
710 3762 1069 3834 cogitationes
1106 3761 1164 3816 in
1187 3760 1373 3817 animo
1405 3762 1608 3817 morari
1631 3760 1784 3815 sinit.

556 3850 867 3906 89.-Vultus
885 3850 1142 3905 maestitia
1164 3891 1178 3916 ,
1208 3850 1532 3922 injuriarum
1562 3851 1843 3905 memoriae
1880 3864 2065 3905 comes

489 3953 593 4001 est.
619 3943 756 4000 Cum
785 3944 953 4016 igitur
979 3943 1198 3998 animus
1235 3942 1446 3996 vultum
1476 3941 1661 3998 fratris
1680 3941 1836 4012 quasi
1863 3942 1918 3996 in
1942 3957 2066 4011 spe-

489 4037 613 4093 culo
631 4046 861 4093 mwstus
894 4034 1263 4106 conspexerit,
1293 4032 1468 4103 palam
1486 4039 1571 4088 est
1609 4033 1823 4102 injuriae
1853 4047 2065 4087 meme--

490 4146 629 4195 rem,
658 4130 839 4201 ipsum
886 4128 1014 4183 odio
1056 4125 1314 4197 prosequi
1349 4144 1362 4179 :
1402 4125 1508 4180 Via:
1535 4132 1707 4178 autem
1754 4140 1935 4176 eorum
1974 4124 2066 4193 qui

491 4224 817 4296 iniuriarum
850 4235 1104 4276 memores
1131 4227 1290 4282 sunt,
1325 4218 1379 4272 in
1410 4223 1666 4281 mortem;
1691 4215 1892 4288 quippe
1913 4230 2063 4280 cum,

490 4315 660 4369 omnis
690 4314 1014 4384 injuriarum
1047 4325 1265 4375 memor,
1282 4309 1493 4377 iniquus
1529 4309 1598 4361 sit
1642 4307 1709 4359 “.

560 4405 649 4460 90.
685 4404 782 4460 Sin
823 4412 1005 4458 autem
1033 4410 1090 4456 tu
1129 4417 1257 4472 erga
1299 4399 1536 4470 aliquem
1580 4398 1908 4470 injuriarum
1945 4411 2062 4452 me-

2166 3216 2515 3288 επαίρεσθαι.
2565 3215 2725 3270 ἆτινά
2778 3217 2884 3268 είσι
2929 3215 3143 3286 χαλεπὰ
3183 3216 3484 3286 νοσήματα
3514 3216 3615 3270 τοῦ
3660 3218 3751 3287 τῆς

2166 3294 2547 3382 ὑπερηφανίας
2584 3308 2811 3372 πάθους.

2236 3407 2349 3472 πηθ.
2389 3399 2551 3453 Ἄλλο
2590 3400 2707 3454 ἐστὶ
2742 3398 3012 3470 μάχεσθαι
3053 3397 3133 3462 τῷ
3162 3397 3304 3469 ψιλῷ
3331 3399 3601 3469 λογισμῷ
3630 3399 3751 3471 (55),

2167 3494 2253 3548 ἴνα
2281 3492 2357 3564 μὴ
2389 3493 2585 3564 κινήσῃ
2611 3492 2673 3545 τδ
2702 3492 2903 3554 πάθοςο
2936 3489 3032 3544 καὶ
3062 3489 3191 3544 ἄλλο
3224 3489 3371 3555 ἐστὶ,
3400 3491 3490 3556 τδ,
3523 3490 3754 3561 ἐμπαθεί

2169 3585 2458 3657 μάχεσθαι.
2485 3585 2574 3638 ἴνα
2617 3583 2694 3655 μὴ
2727 3584 2958 3654 γένηται
2982 3581 3416 3651 συγκατάθεσις.
3470 3581 3546 3636 Οἱ
3582 3584 3751 3653 ἀμφό-

2163 3694 2313 3749 τεροι
2342 3677 2399 3730 δὲ
2436 3677 2654 3749 τρόποι,
2683 3676 2785 3730 οὐκ
2816 3675 2947 3752 ἐῶσι
2981 3675 3230 3747 χρονίσαι
3262 3676 3397 3738 τοὺς
3433 3674 3747 3745 λογισμούς.

2236 3856 2344 3910 πθ’.
2388 3856 2454 3909 Ἦ
2492 3854 2640 3926 λύπη
2673 3857 2738 3928 τῇ
2786 3853 3126 3927 μνησικακία
3167 3853 3563 3919 συνέζευκται.
3590 3856 3749 3908 Ὅταν

2164 3940 2258 4003 οὖν
2284 3952 2311 4003 ό
2337 3949 2463 4012 νοῦς
2506 3947 2569 4001 τὸ
2620 3947 2913 4019 πρόσωπον
2944 3945 3038 3999 τοῦ
3089 3945 3324 4016 ἀδελφοῦ
3385 3949 3536 4017 μετὰ
3580 3947 3749 4017 λύπης

2165 4041 2580 4112 ὲσοπτρίζηται,
2606 4039 2766 4110 δῆλον
2805 4040 2889 4093 ὅτι
2923 4039 3293 4112 μνησικακίαν
3328 4039 3451 4111 ἔχει
3485 4040 3635 4111 πρὸς
3663 4039 3749 4092 αὖ·

2164 4132 2461 4187 τόνοὍδοὶ
2493 4132 2562 4186 δὲ
2584 4132 2983 4201 μνησικάκων
3009 4134 3099 4200 εις
3132 4133 3418 4196 θάνατον,
3446 4133 3617 4199 διότι,
3640 4131 3747 4197 πᾶς

2160 4224 2562 4294 μνησίκακος,
2596 4223 2962 4294 παράνομος.

2235 4405 2308 4468 ις.
2373 4399 2483 4454 Εὰν
2508 4396 2606 4470 μὲν
2628 4400 2694 4453 σὺ
2726 4402 3074 4472 μνησικακῇς
3101 4415 3230 4468 τινι,
3260 4401 3587 4471 προσεύχου
3618 4399 3743 4468 {adp

489 4509 611 4549 mor
630 4506 914 4546 rancorem
946 4490 1229 4554 habueris,
1263 4503 1359 4542 ora
1386 4502 1484 4557 pro
1513 4502 1599 4551 eo,
1633 4487 1820 4556 sicque
1854 4484 2060 4556 passio-

2176 4473 2357 4557 έύτοῦ,
2389 4492 2485 4545 καὶ
2523 4493 2677 4563 ίστᾷς
2706 4493 2768 4544 τὸ
2804 4491 2977 4556 πάθος
3023 4492 3123 4562 τῆς
3163 4493 3461 4563 κινήσεως,
3501 4494 3741 4563 Impia-Iv

490 4586 579 4640 nis
632 4592 797 4654 atque
854 4582 1083 4638 affectus
1117 4588 1328 4635 motum
1363 4579 1650 4635 cohibebis
1688 4597 1700 4633 :
1745 4595 1812 4635 ea
1870 4593 2069 4649 nempe

490 4674 724 4739 ratione,
761 4682 821 4726 ut
848 4671 1079 4736 orando,
1121 4687 1188 4726 ex
1221 4669 1371 4734 mali,
1403 4685 1513 4740 quo
1548 4670 1593 4726 is
1615 4670 1820 4735 affecit,
1855 4684 2067 4724 memo-

492 4765 596 4832 ria,
644 4764 921 4821 tristitiam
951 4778 1177 4834 separes
1208 4778 1272 4819 ac
1299 4762 1566 4818 dolorem.
1592 4762 1694 4819 Ubi
1727 4772 1910 4818 autem
1934 4762 2064 4816 cha-

492 4859 660 4915 ritate
704 4857 939 4913 diﬂusus
970 4862 1136 4926 atque
1177 4853 1522 4910 humanitate
1565 4868 1772 4925 pronus
1805 4853 2067 4912 evaseris.

493 4950 719 5008 omnino
756 4966 820 5005 ex
874 4948 1059 5004 animo
1106 4946 1417 5018 passionem
1471 4944 1838 5014 aﬂ‘cctumque
1872 4943 2063 5014 proﬂi-

493 5044 674 5115 gabis.
707 5041 800 5097 Sin
832 5050 1014 5095 autem
1038 5053 1108 5095 ex
1137 5046 1360 5108 accepta
1394 5037 1594 5109 injuria
1625 5035 1767 5091 alius
1796 5036 1852 5089 in
1884 5042 1939 5089 te
1981 5034 2065 5088 in-

2165 4584 2266 4653 τὴν
2290 4583 2493 4651 λύπην,
2525 4582 2613 4637 διὰ
2643 4583 2746 4653 τῆς
2779 4583 3111 4654 προσευχῆς,
3153 4585 3219 4638 ὲκ
3248 4585 3352 4654 τῆς
3393 4585 3627 4655 μνήμης
3656 4582 3739 4635 τεῒν

2165 4676 2365 4738 κακοῦ,
2393 4671 2563 4746 οὗπέρ
2597 4691 2683 4728 σοι
2719 4675 2977 4746 ἐποίησεν
2997 4693 3012 4708 ο
3058 4674 3404 4747 ἀγαπητικδς
3430 4676 3489 4729 δὲ
3522 4675 3743 4743 γενόμεο

2164 4781 2254 4826 νος
2287 4766 2383 4817 καὶ
2421 4763 2831 4835 φιλάνθρωπος,
2888 4764 3172 4829 παντελῶς
3200 4767 3266 4818 ὲκ
3314 4764 3420 4834 τῆς
3462 4764 3648 4834 ψυχῆς
3688 4766 3741 4812 τι

2166 4854 2338 4918 πάθος
2385 4855 2752 4925 ἐξαφανίζεις.
2795 4856 2922 4911 Ἐὰν
2959 4855 3017 4910 δὲ
3064 4857 3225 4921 ἄλλος
3266 4874 3350 4910 σοι
3404 4855 3735 4927 μνησααιῇ.

2168 4933 2490 5019 χαριστικδς
2519 4947 2681 5016 γενόῦ
2700 4948 2849 5025 λπρδς
2887 4948 3052 5003 αὑτὸν
3078 4950 3175 5003 καὶ
3211 4950 3490 5011 ταπεινὸς,
3514 4948 3619 5001 καὶ
3650 4962 3740 4999 τι·

2172 5037 2280 5101 λῶς
2311 5037 2656 5104 συναυλίζου,
2684 5034 2782 5094 ’καὶ
2805 5039 3167 5105 ἀπαλλάττεις
3199 5039 3363 5093 αὐτὸν
3385 5039 3485 5093 τοῦ
3517 5038 3736 5097 πάθους.

496 5136 652 5193 tenso
674 5138 858 5192 animo
877 5145 982 5199 est,
1007 5144 1127 5191 esto
1152 5135 1218 5191 ad
1254 5149 1379 5190 eum
1423 5132 1698 5205 gratiosus
1718 5140 1775 5185 et
1816 5131 2066 5196 humilis,
2109 5136 2463 5207 comiterque
2479 5146 2533 5193 et
2593 5146 2843 5192 amanter
2869 5135 2966 5192 illo
2986 5144 3167 5203 utere,
3233 5136 3521 5209 ipsumque
3553 5132 3741 5189 modo

497 5233 782 5288 liberabis.

522 5236 535 5247 '
613 5236 729 5288 rabi
767 5274 782 5287 .

521 5236 660 5382 lb9ci.
693 5250 760 5382 Ui
782 5326 903 5396 ejus
930 5324 1024 5395 qui
1058 5323 1269 5380 invidet
1293 5323 1542 5379 dolorem
1583 5322 1763 5389 sedes,
1794 5322 1900 5378 hoc
1926 5331 2070 5392 opus

499 5419 592 5475 hic
618 5419 775 5476 labor
809 5424 915 5473 est.
953 5417 1155 5473 Malum
1176 5414 1326 5470 enim
1353 5424 1411 5470 et
1449 5429 1647 5470 noxam
1678 5414 1783 5470 sibi
1810 5413 1982 5478 ducit,
2014 5413 2068 5468 id
2104 5436 2111 5442 -

569 5541 618 5574 ’°
642 5540 802 5595 Prov.
830 5555 924 5606 xu,
954 5538 1057 5604 28;
1091 5554 1201 5605 xu,
1226 5539 1315 5595 24.

577 5648 669 5726 (Ax)
699 5655 775 5708 Τὰ
814 5653 932 5707 τῶν
968 5654 1278 5723 κοσμικῶν
1313 5653 1754 5726 κατορθῴέιατα.
1786 5651 2063 5707 Prmclarae

505 5722 795 5793 utriusque
828 5730 1003 5793 status
1026 5731 1191 5793 notae,
1218 5737 1326 5789 quo
1362 5722 1476 5776 Deo
1504 5722 1824 5793 militamus,
1860 5729 1916 5775 ct
1951 5736 2063 5793 quo

507 5789 987 5846 militant'saeculo
1061 5789 1182 5860 Ipsa
1234 5798 1420 5860 aperta
1475 5806 1538 5847 ac
1583 5791 1744 5861 plana
1789 5791 2059 5856 doctrina,

2248 5317 2472 5389 ιια’.Τοῢ
2498 5316 2820 5389 φθονοῦντος
2834 5319 2932 5392 τὴν
2950 5320 3153 5391 λύπην,
3170 5322 3326 5394 κόπῳ
3343 5318 3586 5391 στήσειε-ο
3615 5338 3743 5387 πμ·

2178 5412 2350 5484 φορὰν
2375 5409 2488 5481 γὰρ
2517 5411 2755 5482 ἡγεῖται,
2796 5409 2860 5463 τὸ
2902 5411 2961 5489 ὲν
3003 5411 3088 5465 σοὶ
3119 5412 3523 5484 φθονούμενον·
3558 5412 3662 5465 καὶ
3688 5408 3741 5465 εὖ

2170 5648 2431 5720 serioque
2452 5646 2555 5715 illi,
2578 5646 2674 5774 3ιυί
2703 5652 2880 5701 status
2903 5643 3164 5727 monachi
3200 5640 3595 5719 perfectionem
3626 5655 3749 5694 nu.

2170 5720 2304 5774 cisei
2341 5719 2498 5774 velit.
2543 5733 2573 5774 a
2657 5715 2937 5774 Evangelii
2971 5728 3251 5774 normam,
3283 5727 3395 5774 pne
3424 5712 3606 5767 oculis
3650 5710 3741 5763 ha.

2169 5720 2315 5845 {iise‘il
2341 5710 2498 5786 velit,
2541 5710 2614 5774 ad
2657 5714 2937 5787 Evangelii
2971 5710 3251 5782 normam,
3281 5727 3395 5785 prae
3424 5711 3606 5767 oculis
3650 5710 3741 5763 ha.

2208 5806 2278 5845 en
2319 5805 2370 5844 a.
