3876 6314
98 357 242 426 Η)ιὸ

974 357 1308 418 CAPITUM
1345 357 1444 418 DE
1479 353 1909 418 CHARITATE
1946 334 2334 416 CENTURIA
2373 353 2485 415 III.

3220 351 3348 415 1026

92 475 328 530 δυνατὸν
354 472 528 535 ἄλλως
554 473 772 542 στῆσαι,
806 473 855 526 εἱ
895 475 969 543 μή
1012 492 1065 526 τι
1093 473 1324 544 κρύψεις
1366 473 1551 526 αὐτόν.
1603 472 1665 524 Εἰ
1697 473 1714 528 ὲ

1810 487 1823 523 ι
1850 480 1900 526 te
1929 472 2081 537 boni,
2135 475 2292 544 cujus
2324 473 2420 528 tibi
2453 487 2617 528 causa
2651 472 2890 539 invidet;
2938 487 3039 529 nec
3066 473 3219 529 aliter
3257 474 3350 529 fiat

91 567 154 619 δὲ
187 564 418 628 πολλοὺς
457 564 556 634 μὲν
583 563 802 632 ὠφελεῖ,
844 566 1054 619 ἐκεῖνον
1077 566 1134 620 δὲ
1161 566 1344 632 λυπεῖ,
1377 565 1534 618 ποίου
1569 565 1668 635 μέ-

96 673 231 727 ρους
256 657 681 726 περιφρονήσεις
700 673 715 723 ;
734 657 1056 724 Ἀναγκαῖον
1084 651 1177 710 οὖν
1202 656 1302 725 τῆς
1322 655 1430 709 τῶν
1458 655 1671 708 πολλῶν

1777 569 1838 616 ut
1866 563 1986 633 ejus
2018 563 2182 618 sistas
2203 563 2465 627 livorem,
2493 563 2628 633 quin
2659 564 2864 633 aliquid
2905 579 3032 619 eum
3059 566 3345 620 celaveris.

1777 651 1874 706 Sin
1895 661 2081 706 autem
2115 653 2248 707 illud
2286 654 2559 724 ejusmodi
2589 654 2680 717 sit,
2710 654 2858 723 quod
2890 655 3092 710 multos
3124 654 3347 725 quidem

99 744 358 812 γενέσθαι
389 744 687 814 ὠφελείας,
736 744 992 798 κάκείνου
1032 744 1091 798 δὲ
1138 744 1280 799 κατὰ
1313 744 1542 814 δύναμιν
1595 745 1670 814 μὴ

1810 750 1946 809 tvet,
1977 743 2059 798 illi
2099 751 2279 798 autem
2308 743 2516 798 doloris
2558 752 2795 814 segetem
2842 745 3135 809 ministret,
3168 755 3348 800 utram

101 835 326 908 ἀμελεῖν
349 852 363 866 ⁸
438 837 576 908 μηδὲ
604 841 671 908 τῇ
705 836 800 890 τοῦ
827 836 1032 900 πάθους
1061 837 1295 908 πονηρίᾳ
1322 835 1667 905 συναπαχθῆ-

102 945 196 983 ναι
217 946 230 959 ·
261 928 338 990 ὡς
367 928 488 998 οὐχὶ
511 927 590 998 τῷ
624 928 808 994 πάθει,
839 929 976 982 ἀλλὰ
1000 928 1078 998 τῷ
1103 928 1364 1000 πάσχοντι
1388 929 1670 998 ἀμυνόμε-

103 1038 197 1074 νον
224 1035 238 1049 ·
280 1019 414 1073 ἀλλὰ
442 1023 509 1091 τῇ
548 1021 1015 1093 ταπεινοφροσύνῃ
1041 1020 1293 1091 ἡγεῖσθαι
1324 1020 1488 1075 αὐτὸν
1513 1020 1678 1090 ὑπερ-

108 1113 306 1182 έχοντα
333 1112 582 1177 σεαυτοῦ,
617 1113 708 1166 καὶ
763 1113 820 1166 ὲν
865 1113 1026 1166 παντὶ
1054 1111 1230 1184 καιρῷ
1263 1113 1356 1166 καὶ
1393 1112 1542 1182 τόπῳ
1582 1113 1677 1165 καὶ

110 1203 419 1273 πράγματι,
453 1206 724 1276 προτιμᾷν
755 1205 939 1259 αὐτόν.
969 1205 1073 1258 Τὸν
1096 1204 1154 1258 δὲ
1180 1204 1269 1257 σὸν
1299 1203 1490 1273 φθόνον
1519 1203 1679 1257 δύναιο

113 1310 206 1346 σαι
237 1296 451 1364 στῆσαι,
479 1295 572 1347 ἐὰν
599 1299 656 1348 ἐν
679 1289 762 1357 οἷς
785 1295 967 1366 χαίρει
991 1297 1018 1348 ὁ
1043 1295 1148 1348 ὑπὸ
1177 1296 1270 1349 σοῦ
1291 1295 1676 1366 φθονούμενος,

114 1383 448 1454 συγχαίρης·
495 1387 588 1437 καὶ
617 1387 676 1439 ἐν
710 1380 792 1448 οἷς
820 1386 1092 1448 λυπεῖται,
1125 1387 1222 1439 καὶ
1251 1386 1418 1448 αὑτδς
1451 1387 1515 1445 σὺ
1548 1385 1678 1439 συλ-

109 1471 288 1540 λυπῇ·
353 1473 573 1543 πληρῶν
626 1473 686 1527 τὸ
738 1475 834 1527 τοῦ
900 1476 1252 1540 ’Δποστόλου,
1305 1475 1388 1540 τὸ,
1442 1478 1682 1550 Χαίρειν

106 1563 260 1630 μετὰ
292 1564 641 1630 χαιρόντων,
674 1563 772 1616 καὶ
801 1565 1034 1618 κλαίειν
1056 1567 1206 1634 μετὰ
1237 1569 1571 1621 κλαιόντων
1599 1605 1616 1623 .

1776 844 1988 905 partem
2013 836 2374 890 contemnes?
2405 836 2574 906 Igitur
2595 851 2817 892 necesse
2840 844 2944 903 est,
2972 845 3088 891 uta
3106 838 3348 907 plurium

1776 925 2036 996 vulgique
2061 926 2299 980 utilitate
2324 934 2457 990 stes,
2489 941 2592 981 nec
2617 935 2820 990 tamen,
2849 935 3053 995 quanta
3097 926 3347 990 facultas,
3434 937 3442 942 '

1777 1017 1933 1072 illum
1963 1017 2229 1086 negligas,
2264 1032 2434 1072 necve
2463 1025 2513 1072 te
2539 1017 2657 1071 vitii
2679 1018 2948 1087 pravitate
2973 1018 3180 1087 pariter
3206 1019 3350 1073 trahi

1777 1108 1946 1174 sinas,
1987 1117 2050 1162 ut
2068 1108 2162 1177 qui
2189 1123 2300 1162 non
2331 1108 2542 1174 morbo,
2575 1109 2670 1164 sed
2697 1123 2764 1163 eo
2783 1109 3053 1162 laboranti
3081 1125 3242 1178 opem
3270 1110 3352 1164 fc-

1779 1214 1906 1253 ras:
1942 1198 2039 1253 sed
2089 1213 2284 1254 sensus
2327 1199 2612 1265 modestia,
2649 1215 2776 1255 eum
2821 1215 3039 1270 semper
3069 1200 3167 1254 tibi
3191 1216 3352 1270 supe-

1777 1290 1982 1343 riorem
2003 1287 2306 1352 existimes,
2336 1287 2596 1358 omnique
2631 1297 2877 1359 tempore
2910 1298 2966 1343 et
2997 1291 3120 1345 loco
3163 1305 3226 1345 ac
3254 1305 3352 1344 ne-

1779 1381 1927 1452 gotio
1969 1380 2176 1449 primas
2211 1379 2289 1434 illi
2328 1379 2513 1434 cedas.
2547 1380 2720 1434 Tuam
2765 1397 2898 1436 vero
2929 1381 3045 1452 ipse
3089 1382 3352 1436 invidiam

1781 1470 1972 1525 sedare
2001 1478 2177 1539 potes,
2233 1469 2280 1523 si
2308 1470 2510 1539 quibus
2557 1471 2781 1542 gaudet,
2836 1472 2891 1527 in
2936 1488 3099 1542 quem
3147 1473 3354 1530 invidia

1782 1560 2099 1626 concitaris,
2137 1561 2345 1631 pariter
2389 1563 2647 1633 gaudeas,
2681 1579 2744 1618 ac
2768 1565 2973 1634 quibus
3013 1565 3183 1631 dolet,
3239 1567 3356 1636 ipse

1782 1651 1947 1706 etiam
1970 1652 2176 1720 pariter
2203 1653 2411 1718 doleas,
2449 1653 2682 1722 implens
2721 1655 2854 1710 illud
2881 1656 3124 1725 Apostoli
3155 1676 3167 1711 ι
3210 1659 3355 1713 Gau-

1785 1744 1908 1796 dere
1936 1759 2054 1796 cum
2095 1743 2461 1814 gaudentibus,
2503 1753 2553 1797 et
2585 1747 2712 1815 ﬂere
2741 1763 2858 1800 cum
2888 1747 3132 1816 ﬂentibus
3152 1749 3219 1801 ³⁷.

190 1824 294 1895 [ιβ’.
335 1826 393 1878 '0
421 1825 543 1890 νοῦς
573 1827 733 1897 ἡμῶν
764 1828 930 1899 μέσος
958 1829 1106 1902 [Reg.
1134 1833 1184 1898 l,
1224 1834 1410 1906 μέσον]
1447 1837 1566 1889 ἐστὶ
1592 1836 1684 1890 δύο

1851 1832 1938 1886 92.
1968 1832 2118 1886 Mens
2161 1843 2348 1888 nostra
2378 1833 2611 1888 duorum
2648 1836 3014 1904 quorumdam
3039 1839 3219 1894 media
3249 1853 3352 1902 est,

120 1914 304 1977 τινῶν,
336 1915 568 1968 ἑκάστου
612 1915 682 1969 τὰ
715 1917 824 1970 ἴδια
872 1918 1254 1988 ἐνεργοῦντοςο
1295 1921 1388 1974 τοῦ
1438 1921 1554 1992 μὲν,
1584 1922 1684 1992 τὴν

119 2006 350 2074 ἀρετήν·
413 2005 506 2059 τοῦ
532 2006 609 2069 δὲ,
647 2008 746 2077 τὴν
777 2009 1003 2063 κακίαν·
1067 2011 1310 2066 τουτέστι
1334 2013 1564 2082 ἀγγέλου
1594 2016 1688 2069 καὶ

119 2093 397 2163 δαίμονος.
441 2095 718 2161 Ἐξουσίαν
747 2098 805 2152 δὲ
835 2098 949 2170 ἔχει
982 2102 1010 2154 ὁ
1039 2101 1183 2168 νοῦς,
1229 2104 1324 2158 καὶ
1360 2104 1590 2160 δύναμιν

122 2184 266 2239 θέλει
291 2185 399 2240 εἴτε
426 2186 677 2254 ἕπεσθαι,
708 2189 818 2243 εἴτε
847 2193 1185 2264 ἀντιστῆναι.

195 2361 297 2429 ια’.
350 2363 417 2414 Αἱ
457 2363 555 2433 μὲν
592 2364 752 2435 ,ἅγιαι
785 2367 1051 2437 Δυνάμεις
1106 2365 1498 2442 προτρδπονται
1548 2375 1694 2445 ἡμᾶς

122 2451 221 2504 ἐπὶ
248 2450 315 2504 τά
341 2451 482 2506 καλά
505 2469 518 2485 ·
578 2454 647 2507 τὰ
682 2456 737 2508 δὲ
781 2457 984 2526 φυσικά
1010 2459 1300 2530 σπέρματα
1333 2463 1425 2515 καὶ
1454 2464 1487 2534 ή
1516 2461 1696 2534 ἀγαθὴ

124 2541 464 2612 προαίρεσις,
522 2542 807 2614 βοηθοῦσιν
847 2549 978 2618 ἡμῖν
1003 2565 1017 2579 ·
1075 2549 1174 2614 τάς
1201 2550 1258 2604 δὲ
1289 2551 1399 2606 τῶν
1427 2553 1697 2624 δαιμόνων

124 2631 459 2702 προσϐολὰς,
517 2633 585 2687 τὰ
615 2635 760 2707 πάθη
795 2639 885 2691 καὶ
916 2640 948 2710 ἡ
975 2640 1188 2711 πονηρὰ
1220 2645 1539 2715 προαίρεσις
1571 2663 1698 2702 συν-

127 2741 333 2778 ιστωσι.

199 2818 296 2885 ιιᾶ.
352 2821 456 2874 Τὸν
503 2822 743 2895 καθαρὸν
792 2821 948 2886 νοῦν,
1005 2819 1135 2878 ποτέ
1163 2825 1282 2896 μὲν,
1324 2827 1488 2892 αὐτὸς
1514 2830 1543 2882 ὁ
1571 2827 1703 2893 Θεὸς

126 2911 276 2982 αύτῷ
303 2912 596 2968 ἐπιϐαίνων
622 2916 888 2970 διδάσκει·
923 2917 1051 2971 ποτέ
1073 2917 1150 2983 δὲ,
1174 2919 1230 2973 αἱ
1255 2919 1408 2986 ἅγιαι
1436 2921 1703 2993 Δυνάμεις

126 3005 201 3058 τά
241 3005 379 3058 καλὰ
428 3006 803 3062 ὑποτίθενται·
872 3010 1000 3064 ποτὲ
1038 3011 1128 3078 δὲ,
1174 3013 1208 3083 ἡ
1241 3011 1398 3081 φύσις
1426 3013 1534 3068 τῶν
1564 3031 1706 3086 πρα-

129 3094 355 3164 γμάτων
385 3097 758 3172 θεωρουμένη.

200 3275 301 3340 ιβ’.
358 3274 479 3346 Χρὴ
511 3275 606 3329 τὸν
631 3278 1034 3344 καταξιωθέντα
1061 3281 1317 3350 γνώσεως
1339 3281 1467 3336 νοῦν
1483 3321 1498 3347 ,
1546 3283 1616 3337 τά
1641 3299 1702 3336 τε

131 3363 378 3432 νοήματα
407 3367 594 3436 τηρεῖν
621 3367 806 3438 ἀπαθῆ
835 3370 943 3424 τῶν
963 3371 1326 3444 πραγμάτων
1364 3373 1454 3427 καὶ
1481 3372 1550 3427 τὰ
1572 3373 1703 3428 θεω-

135 3456 201 3525 ρή
212 3472 370 3524 ματα,
393 3457 629 3528 ἀσφαλῆο
660 3460 753 3512 καὶ
782 3461 879 3532 τὴν
904 3462 1004 3531 τῆς
1029 3465 1340 3536 προσευχῆς
1366 3470 1703 3521 κατάστασιν

133 3543 419 3600 ἀθόλωτον.
487 3547 561 3600 Ού
607 3549 827 3604 δύναται
874 3553 930 3606 δὲ
978 3555 1150 3609 ταῦτα
1183 3556 1268 3609 ἀεὶ
1293 3559 1480 3629 τηρεῖν
1509 3559 1573 3612 ἐκ
1596 3558 1704 3612 τῶν

133 3636 236 3704 τῆς
266 3639 464 3708 σαρκὸς
491 3640 792 3696 ἁναδὸσεων
812 3684 826 3707 ,
880 3645 969 3698 διὰ
1000 3646 1101 3715 τῆς
1145 3647 1252 3702 τῶν
1283 3650 1555 3720 δαιμόνων
1583 3652 1706 3705 ἐπι-

137 3724 333 3796 ϐουλῆς
364 3729 776 3803 καπνιζόμενος.
1257 3755 1266 3762 ’

212 3921 326 3985 Lg".
376 3921 451 3973 Ού
481 3922 664 3977 δι’ὅσα
690 3925 1025 3999 λυπούμεοα,
1055 3929 1143 3983 διὰ
1167 3929 1341 3984 ταῦτα
1371 3933 1465 3986 καὶ
1495 3933 1712 4003 ὀργιζό-

143 4009 305 4080 μεθα.
369 4011 658 4077 Πλεονάζει
689 4016 814 4086 -γὰρ
873 4017 941 4070 τὰ
991 4017 1089 4088 τὴν
1133 4017 1312 4092 λύπην
1356 4022 1709 4092 ἐμποιοῦντα,

141 4099 293 4169 παρὰ
323 4101 422 4172 τὴν
451 4103 639 4175 ὀργήν.
699 4101 844 4174 Οἶον,
897 4109 1134 4180 ἐκλάσθη
1165 4111 1281 4164 τόδε
1313 4112 1412 4183 (a)°
1464 4112 1712 4167 ἀπώλετο

139 4191 259 4242 τόδε
279 4209 292 4222 ο
338 4193 605 4248 ἀπέθανεν
634 4195 662 4246 ό
688 4195 854 4251 δεῖνα.
887 4198 985 4252 Διὰ
1009 4199 1114 4270 γὰρ
1143 4201 1210 4253 τὰ
1235 4201 1478 4266 τοιαῦτα,
1513 4205 1713 4259 λυπού-

145 4281 288 4351 μεθα
334 4284 525 4352 μόνον·
587 4286 674 4340 διὰ
711 4287 768 4341 δὲ
814 4289 883 4342 τὰ
919 4289 1101 4353 λοιπὰ,
1156 4292 1248 4345 καὶ
1277 4293 1592 4366 λυπούμεθα
1621 4299 1717 4351 καὶ

143 4374 496 4446 ὀργιζόμεθα,
525 4379 864 4449 άφιλοσόφως
891 4381 1238 4454 διακείμενοι.

219 4565 320 4633 ις’.
355 4567 650 4638 Δεχόμενος
675 4571 702 4622 ὁ
727 4570 850 4634 νοῦς
873 4569 942 4624 τὰ
964 4568 1073 4624 τῶν
1094 4574 1429 4643 πραγμάτων
1451 4577 1711 4646 νοήματα,

141 4663 281 4730 πρὸς
337 4659 565 4713 ἕκαστον
621 4661 800 4731 νόημα
857 4664 1430 4734 μετασχηματίζεσθαι
1483 4669 1714 4739 πέφυκε.

139 4751 377 4822 Θεωρῶν
403 4752 458 4804 δὲ
489 4751 660 4805 ταῦτα
689 4754 1072 4824 πνευματικῶς
1094 4797 1108 4820 ,
1160 4755 1294 4826 πρὸς
1324 4756 1550 4813 ἕκαστον
1581 4759 1715 4812 θεῶ-

141 4861 304 4915 ρημσ.
353 4845 610 4909 ποικίλως
665 4847 1164 4917 μεταμορφοῦσθαι.
1209 4847 1296 4901 Ἐν
1325 4849 1380 4901 δὲ
1423 4851 1536 4920 Θεῷ
1563 4853 1718 4919 γενό-

143 4953 351 5006 μενος,
401 4937 646 5008 ἄμορφος
694 4939 868 5010 πάντη
923 4939 1014 4993 καὶ
1055 4941 1460 5010 ἀσχημάτιστος
1486 4943 1714 5010 γίνεται.

141 5028 256 5083 Τὸν
302 5031 409 5100 γάρ
467 5030 714 5101 μονοειδῆ
763 5031 1018 5102 θεωρῶν,
1079 5032 1354 5104 μονοειδὴς
1386 5035 1594 5102 γίνεται
1626 5039 1720 5090 καὶ

141 5117 272 5181 ὅλος
299 5120 608 5191 φωτοειδής.

223 5277 268 5310 ⁸⁷
293 5279 452 5332 Rom.
491 5297 585 5345 xu,
618 5281 705 5335 1&

226 5415 304 5488 (τι)
355 5415 667 5488 Ἐκλᾴσθην
700 5416 850 5488 τόδε.
885 5416 1004 5471 Non
1048 5418 1182 5471 satis
1219 5416 1363 5488 felici
1403 5425 1720 5488 conjectura

147 5485 278 5543 Bill.
323 5485 550 5554 perinde
594 5487 804 5554 ἐκλὰπη
836 5486 941 5556 legi
980 5503 1140 5556 posse
1181 5485 1530 5556 existimavit,
1573 5487 1720 5555 quod

146 5573 297 5628 puro
329 5566 582 5628 typorum
627 5556 828 5628 mendo
862 5555 1225 5628 οτιιιεκλάθη.
1258 5555 1371 5609 Nec
1401 5564 1508 5628 tam
1550 5556 1716 5611 Gesn.

145 5625 565 5688 {emendaverau
597 5641 758 5696 quam
784 5627 976 5696 legisse
1007 5626 1330 5696 Obsopaeum
1369 5625 1714 5696 adverterat:

153 5705 393 5764 uterque
435 5692 901 5758 enim,’Fractu'm
960 5704 1038 5747 cst
1089 5692 1294 5764 aliquid
1333 5711 1348 5747 :
1396 5710 1522 5748 cum
1572 5694 1720 5764 furto

156 5762 429 5831 ablatum,
475 5765 653 5833 ipsum
685 5782 821 5835 pene
857 5765 925 5820 sit
958 5762 1102 5832 quod
1144 5763 1440 5832 amissum;
1477 5780 1576 5818 nec
1621 5763 1688 5820 de

1787 1940 2022 1992 quorum
2063 1933 2294 1994 uterque
2325 1938 2604 1995 operatur,
2641 1944 2761 1997 qua:
2785 1927 2889 1981 sibi
2920 1931 3142 1999 propria
3165 1932 3354 1995 habet;

1788 2014 1946 2077 alter,
1981 2015 2278 2080 virtutem;
2315 2017 2475 2077 alter,
2521 2017 2745 2083 vitium;
2781 2018 2926 2072 inter
2948 2019 3162 2076 scilicet
3197 2038 3359 2093 ange-

1787 2108 1902 2160 lum
1927 2114 2091 2175 atque
2123 2107 2449 2161 dzemonem.
2486 2106 2684 2168 Libera
2725 2124 2854 2164 vero
2891 2110 2968 2164 illi
2991 2110 3220 2168 facultas
3253 2122 3359 2180 est,

1793 2206 1954 2267 atque
1979 2205 2242 2267 potestas,
2277 2209 2460 2254 utrum
2490 2201 2622 2254 velit
2649 2201 2826 2270 sequi,
2862 2211 2958 2256 aut
2987 2203 3075 2257 cui
3109 2205 3362 2261 resistere

1793 2289 1968 2342 malit.

1861 2377 2021 2449 M3
2047 2379 2135 2434 95.
2174 2379 2387 2434 Sancta:
2421 2379 2685 2446 Virtutes,
2714 2395 2814 2434 nos
2846 2380 2912 2434 ad
2950 2395 3014 2436 ea
3042 2393 3360 2452 provocant,

1797 2483 1917 2538 quae
1943 2469 2172 2523 honesta
2196 2485 2258 2523 ac
2283 2469 2444 2523 ofﬁcii
2473 2477 2602 2524 sunt
2633 2487 2644 2521 :
2683 2471 2957 2525 naturalia
2994 2487 3125 2527 vero
3157 2476 3366 2530 semina

1798 2572 1862 2611 ac
1895 2557 2039 2610 bona
2078 2558 2356 2624 voluntas,
2395 2574 2499 2628 ope
2548 2561 2743 2630 juvant
2781 2579 2792 2613 :
2833 2561 3141 2616 daemonum
3182 2574 3367 2619 autem

1800 2648 2076 2713 incursus,
2108 2647 2338 2704 affectus
2368 2665 2431 2704 ac
2449 2651 2583 2705 vitia
2613 2652 2868 2722 malaque
2900 2653 3152 2709 voluntas
3182 2669 3369 2710 corro-

1801 2739 2018 2795 borant.

1872 2833 1960 2887 94.
2021 2833 2220 2889 Puram
2273 2844 2535 2904 mentem,
2579 2837 2913 2909 quandoque
2957 2840 3176 2910 quidem
3225 2838 3372 2894 Deus

1805 2924 1921 2991 ipse
1953 2924 2028 2979 illi
2062 2925 2350 2994 immeans,
2381 2928 2574 2997 docet;
2619 2930 2949 3002 quandoque
2995 2948 3128 2987 vero
3172 2939 3373 2987 sanctas

1805 3016 2071 3081 Virtutes,
2105 3033 2225 3087 quae
2252 3026 2383 3074 sunt
2412 3020 2646 3076 honesta
2675 3030 2976 3093 suggerunt
3000 3039 3014 3077 :
3043 3023 3373 3093 quandoque

1808 3107 1922 3178 ipsa
1966 3124 2152 3165 rerum
2199 3110 2410 3168 indoles
2447 3113 2766 3186 diligentius
2802 3115 2985 3170 animo
3032 3116 3276 3186 inspecta
3310 3130 3374 3170 ae

1803 3199 2168 3280 conSiderata.

1875 3288 1962 3342 95.
2016 3289 2175 3354 Eum,
2234 3291 2330 3360 qui
2392 3291 2638 3347 scientiae
2699 3307 2927 3364 compos
2981 3293 3213 3350 effectus
3265 3302 3374 3358 est,

1804 3374 2032 3436 necesSe
2062 3389 2168 3447 est,
2200 3389 2315 3436 tum
2353 3399 2536 3438 rerum
2582 3394 2886 3454 conceptus
2923 3401 3145 3441 scrvare
3181 3401 3212 3440 a
3250 3385 3376 3439 libi-

1807 3471 1937 3526 dine
1981 3487 2182 3542 puros;
2243 3482 2358 3529 tum
2410 3491 2607 3530 sensus
2657 3475 2956 3546 spiritales,
3005 3485 3152 3532 tutos
3197 3495 3209 3530 :
3262 3486 3376 3531 tum

1807 3562 2046 3633 denique
2071 3564 2425 3634 tranquillum
2453 3567 2720 3622 orationis
2752 3575 2975 3622 statum.
3013 3567 3167 3622 llaud
3197 3577 3379 3622 tamen

1811 3654 1925 3709 ﬁeri
1948 3661 2129 3724 potest
2156 3665 2217 3710 ut
2243 3657 2359 3711 haec
2386 3673 2604 3728 semper
2639 3675 2750 3730 pra:
2786 3661 2967 3716 carnis
2998 3660 3381 3730 eruptionibus

1811 3755 2027 3812 servet;
2062 3745 2214 3800 fumo
2243 3747 2454 3802 scilicet
2479 3763 2578 3817 per
2606 3747 2832 3804 insidias
2855 3750 3162 3804 daemonum
3197 3750 3248 3804 ei
3279 3751 3380 3805 ob-

1810 3838 2084 3892 turbante.

1884 3929 1972 3984 96.
2003 3929 2123 3984 Non
2163 3927 2420 3981 omnibus
2456 3927 2661 3996 quibus
2701 3925 2970 3992 dolemus,
2995 3927 3082 3982 bis
3108 3937 3164 3982 et
3191 3929 3380 3984 irasci-

1814 4033 1957 4072 mur.
1999 4019 2160 4072 Plura
2190 4017 2338 4072 enim
2379 4024 2510 4070 sunt
2539 4031 2662 4085 qua:
2707 4015 2986 4070 tristitiam
3024 4015 3384 4085 doloremque

1818 4111 1994 4172 cient,
2027 4124 2191 4180 quam
2219 4124 2339 4177 qum
2365 4108 2498 4161 iram
2541 4108 2701 4171 Puta,
2735 4123 2829 4160 vas
2853 4105 3090 4161 fractum
3115 4115 3231 4172 est;
3257 4123 3382 4176 pcr-

1821 4205 1906 4268 iit,
1935 4183 2030 4258 seu
2073 4203 2334 4256 amissum
2376 4209 2496 4267 est;
2542 4201 2630 4254 hic
2674 4200 2896 4270 quidam
2931 4199 3078 4254 diem
3109 4200 3265 4254 obiit.
3303 4197 3385 4253 0b

1818 4299 1934 4352 lucc
1958 4296 2103 4352 enim
2129 4301 2185 4348 et
2220 4293 2440 4357 similia,
2470 4292 2722 4346 dolemus
2743 4298 2989 4356 tantum;
3017 4291 3087 4345 ob
3109 4291 3212 4344 alia
3235 4307 3385 4354 vero,

1821 4391 2070 4446 dolemus
2092 4386 2253 4443 simul
2277 4394 2334 4440 et
2358 4385 2646 4440 irascimur
2669 4399 2765 4440 seu
2799 4383 3167 4454 indignamur,
3192 4383 3390 4438 anin'iis

1749 4493 1793 4548 ι)
1820 4497 1930 4536 non
1965 4480 2099 4533 satis
2133 4493 2200 4531 ex
2221 4475 2444 4530 virtutis
2484 4473 2696 4529 ratione
2725 4473 3068 4543 compositis.

1893 4573 1980 4627 97.
2039 4569 2268 4624 Animus
2322 4581 2507 4620 rerum
2550 4572 2853 4635 conceptus
2907 4565 3236 4634 suscipiens,
3289 4579 3390 4634 pro

1825 4663 2253 4733 uniuscujusque
2281 4659 2491 4713 ratione
2524 4658 2630 4712 alio
2664 4658 2880 4726 alioque
2919 4657 3085 4711 modo
3111 4658 3392 4726 componi—
3446 4727 3448 4729 _

1823 4769 1930 4812 tur.
1962 4757 2098 4809 Dum
2131 4762 2313 4807 autem
2343 4751 2664 4822 spiritaliter
2687 4749 3021 4814 considerat,
3055 4749 3122 4803 ad
3147 4749 3392 4819 singulos

1823 4845 2102 4919 spiritales
2145 4860 2340 4899 sensus
2390 4844 2541 4898 varie
2586 4842 3032 4896 transformatur.
3075 4843 3145 4895 At
3185 4841 3239 4895 in
3281 4843 3392 4895 Deo

1824 4955 2070 5003 versans,
2100 4939 2283 4992 omnis
2308 4937 2496 4991 forma:
2526 4944 2692 5005 atque
2732 4934 2915 5004 figura:
2941 4950 3167 5003 prorsus
3198 4949 3394 5002 expers

1823 5033 2078 5090 eﬂicitur.
2124 5031 2255 5100 Ejus
2294 5027 2442 5083 enim
2491 5027 2587 5096 qui
2623 5026 2912 5080 uniformis
2955 5034 3037 5080 est
3080 5024 3393 5080 considera-

1827 5127 1998 5188 tione,
2035 5121 2326 5177 uniformis
2350 5120 2467 5189 ipse
2494 5127 2752 5189 totusque
2778 5117 2996 5172 lucidus
3025 5116 3301 5172 redditur.

1827 5418 2012 5474 buerit
2065 5416 2330 5470 Maximus
2370 5410 2614 5480 ejusbem
2666 5426 2807 5482 pene
2847 5407 3064 5480 generis
3113 5407 3392 5482 geminare

1828 5487 2097 5555 exempla,
2124 5486 2329 5540 omisso
2363 5477 2510 5555 quod
2545 5484 2626 5537 sic
2668 5477 2724 5555 in
2752 5477 3012 5549 promptu
3049 5485 3152 5532 est.
3183 5477 3395 5555 Quotus

1824 5558 1972 5634 enim
1991 5545 2238 5634 quisque
2265 5545 2504 5634 esu-qui
2532 5568 2642 5608 non
2674 5545 3000 5634 fraetovase
3041 5562 3169 5634 casu
3198 5545 3396 5634 aliquo

1825 5616 2275 5748 doleatIperSnltle
2296 5616 2366 5680 ac.
2382 5616 2565 5694 aliquo
2587 5621 2820 5677 amisso?
2844 5621 2920 5674 lta
2936 5616 3171 5686 denique
3198 5628 3396 5683 reprae-

1826 5705 2047 5748 sentant
2073 5710 2137 5748 co
2222 5735 2234 5748 .

1826 5705 2047 5754 sontant
2073 5705 2234 5750 COdtl.
