3876 6314
176 329 322 397 1049

1047 330 1381 391 CAPITUM
1422 329 1519 390 DE
1557 328 1987 391 CHARITATE
2023 329 2407 392 CENTURIA
2451 333 2549 394 IV.

3296 336 3445 405 105οι

177 441 564 513 Contemplatio
613 442 761 498 enim
807 459 911 497 non
955 438 1189 498 coercita
1231 460 1294 496 ac
1339 442 1571 506 liberior,
1609 441 1744 511 forte
1782 442 1940 493 etiam
1981 442 2034 494 in
2080 459 2309 513 prwreps
2381 453 2529 515 agat,
2568 454 2629 499 ut
2702 454 2786 503 est
2826 449 3001 507 sancti
3038 448 3327 523 cujusdam
3356 452 3427 525 (ὁ)

176 537 482 593 sententia.

246 628 326 694 ς’.
393 628 549 690 Τινὲς
604 644 738 696 φασι
789 626 1155 697 συνυπάρχειν
1206 624 1267 690 ἐξ
1312 625 1482 679 ἀϊδίου
1524 623 1603 693 τῷ
1644 623 1756 691 Θεῷ

1932 624 2093 696 445
2127 627 2179 680 6.
2224 626 2365 683 Sunt
2394 630 2490 701 qui
2528 630 2717 686 dicant
2750 646 2840 686 res
2884 641 3096 687 creatas
3128 633 3196 687 ab
3227 642 3433 692 aeterno

164 722 239 775 τὰ
286 721 771 790 δημιουργήματα,
816 720 954 789 ὅπερ
997 718 1298 789 ἀμήχανον.
1357 716 1479 781 Πῶς
1524 717 1631 787 γὰρ
1680 716 1756 787 τῷ

171 812 351 879 πάντη
382 808 622 879 ἀπείρῳ,
675 809 745 862 τὰ
775 810 914 862 κατά
946 809 1122 861 πάντα
1152 807 1574 877 πεπερασμένα,
1629 823 1754 859 συν-

170 902 442 971 υπάρχειν
472 901 688 954 δύναται
720 900 781 964 ἐξ
802 901 1006 966 ἀϊδίους
1061 900 1095 970 ἦ
1127 900 1245 962 πῶς
1275 900 1479 969 κυρίως
1503 898 1755 969 δημιουρ-

168 996 435 1065 γήματα,
492 995 542 1047 εί
597 994 841 1047 ωναῖδια
881 993 960 1063 τῷ
1003 990 1371 1062 Δημιουργῷ;
1416 990 1554 1043 Ἀλλ’
1601 986 1754 1053 οὗτος

166 1082 201 1134 ὁ
257 1082 411 1151 λόγος
459 1082 567 1135 τῶν
616 1082 881 1152 Ἑλλήνων
929 1081 1109 1134 ἐστίν·
1167 1083 1363 1143 οἵτινες
1406 1080 1604 1134 οὐσιῶν
1654 1081 1752 1151 μὲν

164 1173 421 1243 οὐδαμῶς
445 1212 461 1237 ,
521 1174 825 1242 ποιοτήτων
862 1172 920 1225 δὲ
963 1171 1120 1241 μόνον
1147 1171 1478 1243 δημιουργὸν
1507 1170 1597 1223 τὸν
1621 1170 1751 1222 Θεὸν

165 1264 505 1332 εἰσάγουσιν.
553 1262 743 1333 Ἡμεῖς
780 1263 836 1315 δὲ
886 1262 975 1314 τὸν
1021 1262 1423 1331 παντοδύναμον
1452 1262 1752 1330 ἐγνωκότες

163 1355 335 1419 Θεὸν,
385 1355 449 1407 οὐ
476 1356 797 1423 ποιοτήτων,
848 1353 961 1407 ἀλλ’
982 1352 1180 1405 οὐσιῶν
1210 1352 1621 1422 πεποιωμένων,
1653 1352 1749 1423 δη-

167 1449 433 1520 μιουργὸν
466 1446 629 1505 αὑτδν
655 1442 797 1501 εἶναι
829 1464 1028 1516 φαμεν.
1066 1448 1128 1502 Εί
1158 1446 1215 1501 δὲ
1244 1447 1420 1512 τοῦτο,
1454 1446 1553 1500 οὐκ
1583 1446 1642 1512 ἐξ
1665 1447 1751 1500 ἀϊ-

160 1542 283 1595 δίου
318 1541 673 1610 συνύπαρκτα
699 1539 777 1610 τῷ
802 1538 918 1609 Θεῴ
946 1538 1014 1593 τά
1042 1539 1524 1609 δημιουργήματα.

241 1821 308 1886 ζ’.
361 1822 523 1876 Κατά
569 1840 619 1876 τι
671 1822 771 1893 μὲν
802 1822 1040 1890 γνωστὸν
1089 1822 1150 1875 τὸ
1185 1821 1338 1876 Θεϊον
1371 1823 1467 1876 καὶ
1495 1824 1563 1876 τὰ
1589 1822 1740 1877 Θεῖα·

1857 716 1971 771 Deo
2026 720 2383 784 coexsistcre,
2423 722 2572 793 quod
2623 732 2708 778 est
2748 725 3107 794 impossibile.
3148 726 3433 791 Quomodo

1856 809 2001 863 enim
2059 810 2233 879 possit
2282 811 2422 877 fieri,
2466 822 2527 869 ut
2572 831 2695 884 quae
2740 817 2918 870 modis
2970 818 3228 871 omnibus
3280 819 3430 873 finita

1855 908 2004 963 sunt,
2023 900 2091 953 ab
2119 913 2326 955 aeterno
2354 902 2428 956 illi
2450 906 2801 969 coexsistant,
2831 906 2923 974 qui
2964 922 3063 976 per
3090 908 3271 961 omnia
3310 908 3433 961 inli-

1853 987 2006 1041 nitus
2048 990 2166 1043 est?
2204 1002 2298 1045 aut
2321 994 2598 1060 quomodo
2625 1003 2894 1050 creaturze
2919 1013 3045 1051 vere
3087 1013 3150 1051 ac
3184 999 3427 1068 proprie.

1853 1093 1975 1146 qum
2013 1077 2263 1133 Creatori
2308 1090 2470 1151 atque
2510 1084 2718 1137 auctori
2766 1094 3052 1139 coaeternaz
3083 1087 3349 1140 exsistant
3374 1088 3432 1141 ’Υ

1854 1171 2055 1225 Verum
2081 1172 2335 1227 doctrina
2368 1174 2483 1229 haec
2508 1174 2824 1229 Grzecorum
2849 1184 2951 1241 cst,
2982 1176 3075 1245 qui
3116 1177 3286 1231 Deum
3323 1194 3430 1232 non

1852 1263 2076 1331 quidem
2102 1264 2563 1330 substantiarum,
2591 1266 2685 1320 sed
2729 1267 3073 1321 solummodo
3103 1268 3430 1337 qualitatum

1852 1355 2197 1411 conditorem
2224 1372 2344 1411 esse
2376 1357 2611 1412 tradant.
2645 1358 2754 1413 Nos
2778 1374 2910 1412 vero
2936 1360 3029 1429 qui
3058 1360 3226 1413 Deum
3253 1360 3432 1413 omni-

1850 1454 2131 1514 potentem
2162 1448 2502 1513 noverimus,
2532 1464 2641 1503 non
2664 1450 3011 1518 qualitatum,
3048 1450 3143 1504 sed
3170 1451 3428 1506 substan-

1849 1538 2052 1592 tiarum
2108 1539 2217 1593 illis
2262 1540 2633 1605 imbutarum,
2681 1541 2861 1610 ipsum
2912 1542 3255 1596 conditorem
3306 1558 3428 1597 esse

1849 1625 2103 1682 dicimus.
2135 1628 2290 1694 Quod
2331 1629 2375 1683 si
2412 1630 2487 1683 ita
2530 1641 2634 1696 est,
2683 1647 2805 1701 qua:
2834 1642 2961 1687 sunt
3000 1642 3183 1687 creata
3214 1649 3325 1687 non
3354 1634 3425 1688 ab

1846 1730 2074 1785 aeterno,
2102 1721 2215 1775 Deo
2234 1723 2601 1778 cocxsistunt.

1920 1817 1969 1871 7.
2002 1816 2205 1870 Partim
2233 1818 2377 1873 Deus
2398 1819 2651 1889 cognosci
2678 1826 2858 1888 potest
2884 1835 2948 1875 ac
2975 1819 3193 1885 divina;
3222 1820 3423 1889 partim

157 1915 310 1968 κατά
351 1932 403 1967 τι
442 1915 519 1980 δὲ,
560 1914 859 1982 ἄγνωστον.
922 1915 1031 1967 Καὶ
1058 1915 1297 1982 γνωστὸν
1324 1916 1441 1985 μὲν,
1477 1918 1588 1979 τοῖς
1616 1917 1745 1988 περὶ

1849 1906 2007 1962 nobis
2066 1908 2285 1977 ignotus
2339 1918 2444 1963 est.
2508 1910 2584 1963 Ac
2636 1909 2858 1978 quidem
2909 1911 3163 1980 cognosci
3218 1919 3420 1980 potest,

158 2009 299 2062 αὐτὸ
328 2008 507 2079 θεωρή
519 2024 701 2078 μασινο
739 2007 1015 2076 ἄγνωστον
1037 2006 1114 2071 δὲ,
1146 2009 1258 2070 τοίς
1285 2007 1404 2060 κατ’
1427 2008 1578 2060 αὑτό.

234 2195 305 2267 η’.
356 2195 448 2266 Μὴ
481 2195 623 2260 ἕξεις
665 2194 759 2247 καὶ
784 2193 1225 2263 ὲπιτηδειὸτητας
1258 2192 1499 2265 ζητήσεις
1526 2193 1619 2246 ἐπὶ
1644 2193 1743 2264 τῆς

155 2288 339 2355 ἁπλῆς
390 2287 483 2339 καὶ
532 2286 759 2355 ἀπείρου
805 2285 989 2349 οὐσίας
1019 2285 1121 2355 τῆς
1151 2286 1312 2353 ἁγίας
1339 2286 1564 2357 Τριάδος
1587 2328 1601 2351 ,
1656 2287 1745 2341 ἵνα

159 2380 243 2449 μὴ
296 2377 547 2431 σύνθετον
596 2376 762 2447 αὐτὴν
813 2378 1079 2447 ποιήσῃς,
1135 2375 1322 2446 ὥσπερ
1349 2378 1417 2430 τὰ
1447 2379 1741 2449 κτίσματα’

152 2471 296 2540 ὅπερ
327 2471 525 2524 ἄτοπον
553 2471 646 2521 καὶ
676 2469 932 2539 ἀθέμιτον
961 2469 1052 2521 ἐπὶ
1081 2468 1216 2521 Θεοῦ
1249 2470 1523 2539 ἐννοῆσαι.

235 2560 298 2615 θ’.
354 2561 507 2629 Μόνη
543 2560 689 2628 ἁπλῆ
738 2560 832 2613 καὶ
866 2558 1142 2630 μονοειδὴς
1195 2560 1289 2612 καὶ
1318 2560 1509 2624 ἄποιος
1532 2562 1598 2630 (c)
1649 2563 1743 2616 καὶ

152 2652 437 2723 εἰρηναῖος
494 2651 590 2704 καὶ
639 2650 1036 2717 ἀστασίαστος,
1092 2653 1124 2721 ή
1178 2652 1405 2722 ἄπειρος
1444 2652 1599 2706 οὐσία
1648 2654 1743 2707 καὶ

155 2743 572 2813 τταντοδύναμος
625 2744 718 2796 καὶ
750 2742 1117 2814 δημιουργικὴ
1147 2744 1255 2796 τῶν
1284 2744 1442 2804 ὅλων,
1498 2746 1654 2797 Πᾶσα
1682 2745 1741 2798 δὲ

156 2835 199 2905 ἡ
232 2835 406 2897 κτίσις
430 2872 444 2895 ,
505 2832 755 2891 σύνθετος
782 2832 1015 2902 ὑπάρχει
1046 2822 1316 2897 ὲξόὑσὶας
1345 2836 1437 2887 καὶ
1465 2834 1741 2905 συμϐεϐη-

154 2924 317 2987 κότος
341 2940 353 2953 ·
410 2922 503 2976 καὶ
533 2921 750 2993 ἐπιδεὴς
780 2922 866 2974 ἀεὶ
897 2924 995 2993 τῆς
1022 2923 1170 2987 Θείας
1199 2924 1475 2994 προνοίας,
1511 2924 1587 2988 ὡς
1614 2942 1739 2996 τρο-

152 3011 271 3081 πῆς
301 3012 399 3065 οὐκ
428 3012 711 3081 ἐλευθέρα.

237 3109 284 3157 ι’.
338 3105 494 3158 Πᾶσα
541 3107 573 3176 ή
623 3106 783 3177 νοερά
815 3106 969 3159 οὐσία
995 3147 1010 3171 ,
1071 3106 1164 3159 καὶ
1192 3105 1515 3177 αἰσθητικὴ,
1548 3106 1739 3161 ἔλαϐεν

150 3191 412 3262 δυνάμεις
460 3195 613 3265 παρὰ
656 3196 791 3249 Θεοῦ
846 3198 927 3259 εἰς
965 3196 1026 3249 τδ
1050 3190 1188 3249 εῖναι
1218 3195 1563 3271 παραχθεϊσα
1591 3198 1737 3249 ἀντι·

150 3286 424 3354 ληπτικὰς
453 3287 559 3341 τῶν
588 3288 775 3341 ὄντων·
812 3290 845 3358 ἡ
879 3289 977 3359 μὲν
1007 3286 1171 3358 νοερὰ
1223 3288 1323 3352 τὰς
1355 3288 1586 3360 νοήσειςο
1622 3290 1656 3360 ή
1678 3289 1735 3342 δὲ
1761 3310 1803 3367 C

154 3378 469 3449 αἰσθητικὴ,
506 3379 605 3444 τὰς
637 3380 941 3443 αἰσθήσεις.

232 3544 321 3600 ια’.
363 3545 423 3597 Ὀ
454 3547 550 3615 μὲν
576 3547 708 3611 Θεὸς
732 3585 747 3610 ,
805 3550 1093 3617 μετέχεται
1126 3550 1286 3618 μόνον
1309 3564 1324 3577 ·
1383 3550 1417 3619 ἡ
1449 3548 1507 3601 δὲ
1536 3548 1730 3613 κτίσις,

150 3636 254 3690 καὶ
304 3637 518 3707 μετέχει
579 3638 673 3690 καὶ
715 3639 1057 3707 μεταδίδωσι.
1120 3640 1226 3691 Καὶ
1265 3640 1485 3708 μετέχει
1515 3639 1613 3708 μὲν
1637 3636 1733 3691 τοῦ

1850 3627 1965 3684 nihil
2014 3646 2196 3699 .quam
2253 3631 2497 3701 impertit
2558 3649 2570 3683 :

150 3724 293 3781 εἶναι
315 3768 330 3791 ,
385 3729 478 3791 καὶ
507 3727 601 3785 τοῦ
628 3726 687 3781 εὖ
714 3726 851 3782 εἶναι
872 3746 885 3759 ·
926 3730 1244 3799 μεταδίδωσι
1268 3730 1346 3793 δὲ,
1378 3729 1471 3781 τοῦ
1504 3725 1562 3781 εὖ
1594 3725 1732 3782 εἶναι

152 3819 338 3890 μόνον·
366 3820 479 3873 ἀλλ’
502 3819 703 3891 ἑτέρως
730 3821 825 3892 μὲν
848 3823 882 3893 ὴ
910 3822 1216 3885 σωματικὴ,
1242 3820 1443 3891 ἑτέρως
1467 3820 1522 3872 δὲ
1538 3822 1576 3890 ὴ
1601 3820 1738 3873 ἀσώ-

152 3931 327 3986 ματος
352 3916 531 3969 οὐσία.

227 4094 315 4164 ιβ’.
362 4094 427 4148 Ἦ
477 4096 574 4165 μὲν
627 4096 914 4167 ἀσώματος
969 4095 1143 4159 οὐσία,
1210 4096 1305 4148 καὶ
1348 4094 1581 4163 λέγουσα
1634 4097 1729 4155 καὶ

146 4185 468 4255 πράττουσα
496 4188 590 4241 καὶ
620 4187 969 4258 θεωρουμένη
998 4187 1098 4257 (d),
1132 4187 1226 4241 τοῦ
1254 4182 1313 4241 εὗ
1344 4184 1487 4241 εἶναι
1517 4189 1730 4259 μεταδί-

145 4276 332 4332 δωσιν·
370 4280 403 4347 ή
435 4278 492 4331 δὲ
526 4279 833 4351 σωματικὴ,
866 4280 1213 4351 θεωρουμένη
1245 4280 1426 4351 μόνον.

235 4464 421 4532 ’Cant.
456 4491 534 4541 ιη,
561 4475 647 4530 20.

1772 1974 1817 2032 Β
1844 2007 2111 2067 quantum
2146 1998 2214 2052 ad
2256 2014 2343 2063 ea,
2366 2014 2487 2067 qum
2515 2008 2645 2053 sunt
2680 2000 2825 2053 circa
2870 1999 3050 2069 ipsum
3080 2000 3422 2054 theoremata

1843 2096 1899 2143 ει
1919 2104 2109 2153 sensa;
2147 2087 2294 2157 quod
2333 2102 2467 2141 vero
2501 2088 2615 2158 ipse
2640 2087 2877 2152 exsistit,
2911 2087 3131 2157 ignotus
3154 2096 3259 2142 est.

1914 2176 1965 2230 8.
2011 2175 2135 2231 Noli
2169 2177 2225 2229 in
2265 2175 2499 2245 simplici
2540 2190 2604 2229 ac
2642 2175 2857 2229 infinita
2895 2187 3095 2231 sanctm
3132 2176 3421 2231 Trinitatis

1842 2268 2149 2323 substantia
2170 2267 2403 2321 habitus
2425 2274 2481 2321 et
2516 2266 2830 2320 babilitatcs
2866 2282 3137 2335 qumrcre,
3169 2282 3237 2321 ne
3266 2281 3419 2319 com-

1841 2359 2074 2428 positam
2099 2374 2219 2413 eam
2253 2359 2475 2423 feceris,
2503 2358 2736 2428 perinde
2777 2373 2842 2412 ac
2872 2368 3055 2413 creata
3084 2374 3099 2410 :
3133 2358 3281 2428 quod
3317 2357 3418 2411 ab-

1841 2450 2070 2505 surdum
2098 2457 2153 2503 et
2174 2449 2327 2503 nefas
2367 2449 2423 2503 in
2454 2451 2565 2504 Deo
2593 2448 2856 2517 cogitare.

1911 2541 1964 2594 9.
1999 2540 2125 2594 Sola
2168 2539 2401 2611 simplex
2442 2550 2498 2594 et
2542 2541 2857 2606 uniformis,
2908 2540 3168 2609 nullaque
3209 2540 3421 2595 imbuta

1841 2629 2201 2699 qualitate,et
2225 2639 2415 2699 pacata
2445 2638 2515 2685 et.
2541 2632 2855 2700 tranquilla,
2890 2630 3106 2684 infinita
3142 2639 3198 2685 et
3233 2628 3415 2685 omni-

1840 2729 2055 2788 potens,
2076 2720 2430 2790 omniumque
2448 2721 2695 2775 eﬂ‘cctrix
2725 2719 2984 2775 essentia.
3017 2718 3205 2775 Omnis
3234 2729 3414 2775 autem

1841 2818 2093 2865 creatura
2122 2812 2426 2881 composita
2461 2820 2546 2866 est
2574 2827 2637 2866 cx
2682 2812 2990 2866 substantia
3034 2819 3090 2866 et
3131 2812 3415 2867 accidente

1837 2909 2071 2969 egetque
2099 2901 2283 2956 divina
2326 2900 2701 2967 Providentia,
2742 2910 2803 2957 ut
2832 2918 2953 2973 qua:
2990 2902 3217 2957 minime
3240 2902 3417 2959 libera

1838 2992 1963 3046 sita
1986 2993 2311 3048 mutatione.

1910 3084 1994 3138 l0.
2049 3083 2240 3140 Omnis
2299 3084 2613 3155 intelligens
2666 3086 3018 3156 sentiensque
3071 3083 3415 3151 substantia,

1836 3174 1985 3227 vires
2020 3190 2050 3230 a
2077 3175 2189 3229 Deo
2228 3175 2571 3245 percipiendi
2592 3174 2823 3244 accepit,
2860 3175 2913 3229 in
2943 3189 3127 3229 rerum
3157 3181 3412 3229 naturam

1836 3262 2107 3331 producta
2150 3280 2164 3317 :
2214 3264 2373 3334 cujus
2421 3263 2646 3333 quidem
2698 3264 2937 3333 partium
2999 3272 3061 3317 ut
3124 3262 3410 3331 intelligat,

1834 3354 1981 3410 vires
2019 3355 2391 3427 intelligendi;
2429 3357 2588 3427 cujus
2617 3371 2751 3411 vero
2778 3364 2837 3413 ut
2860 3356 3083 3421 sentiat,
3108 3356 3255 3409 vires
3291 3369 3415 3411 sen-

1834 3445 2028 3499 tiendi.

1905 3538 1989 3591 lt.
2050 3538 2195 3595 Deus
2245 3538 2470 3609 quidem
2528 3538 2680 3595 solus
2728 3537 2936 3594 nullius
2992 3535 3073 3591 rei
3114 3534 3409 3605 particeps,

2637 3642 2691 3685 at
2768 3637 3061 3693 creatura,
3139 3637 3195 3681 ct
3280 3641 3409 3695 par-

1831 3718 2002 3786 ticeps
2033 3727 2198 3777 estet
2244 3721 2493 3790 impertit
2519 3739 2532 3776 :
2558 3722 2833 3790 particeps
2876 3720 2929 3773 in
2961 3720 3085 3783 hoc,
3118 3726 3178 3773 ut
3220 3717 3311 3779 sit,
3356 3725 3413 3775 et

1836 3807 1977 3862 bene
2009 3810 2110 3875 sit;
2156 3810 2402 3879 impertit
2441 3819 2623 3864 autem
2656 3813 2833 3865 solum
2878 3811 3017 3865 bene
3058 3824 3177 3864 esse
3208 3825 3221 3863 :
3253 3808 3414 3863 aliter

1838 3906 2019 3953 tamen
2051 3900 2359 3955 substantia
2385 3916 2671 3971 corporea,
2713 3900 2874 3955 aliter
2920 3914 3053 3954 vero
3088 3898 3412 3967 incorporea

1838 3996 1894 4045 et
1925 3989 2207 4057 spiritalis.

1915 4080 2001 4134 12.
2039 4083 2366 4150 lncorporca
2414 4081 2638 4151 quidem
2678 4087 2734 4135 et
2780 4078 3045 4148 spiritalis
3084 4077 3411 4147 substantia,

1836 4186 1950 4233 tum
2005 4174 2305 4247 loquendo,
2370 4183 2483 4229 tum
2539 4171 2774 4241 agendo,
2825 4178 3048 4239 tumque
3105 4170 3270 4225 etiam
3323 4171 3409 4226 sui

1833 4269 2295 4332 consideratione,
2326 4276 2390 4322 ut
2418 4268 2490 4323 sit
2528 4267 2669 4324 bene
2704 4264 2948 4334 impertit
2979 4281 2992 4317 :
3033 4280 3096 4318 ac
3126 4280 3408 4334 corporea,

1837 4360 1921 4415 sui
1949 4358 2216 4413 duntaxat
2237 4364 2535 4426 conspectu
2561 4363 2617 4409 ct
2640 4351 3103 4409 consideratione.

227 4606 681 4688 (b_)(}_re_g.10rat.
704 4606 929 4688 Irhdiem
944 4606 1206 4688 natalem,
1234 4605 1345 4688 et?
1373 4606 1441 4688 _In
1493 4605 1720 4688 Pascha.
1756 4612 1803 4670 υ
1829 4621 2212 4688 sempercsse,
2247 4605 2813 4688 qurebabemussine
2845 4607 3026 4670 nobis,
3062 4621 3092 4659 a
3122 4605 3237 4688 Deo
3260 4622 3274 4670 ;
3295 4607 3410 4688 Asci-

232 4677 299 4752 (θ’)
340 4677 448 4752 Κιιὶ
476 4679 703 4741 ἄποιος.
749 4677 865 4752 Hoc
903 4677 1169 4752 nimirum.
1210 4677 1484 4752 singulare
1525 4677 1727 4752 divinae

145 4746 497 4809 substantiae,
533 4755 594 4800 ut
634 4754 744 4799 tota
784 4746 1090 4801 substantia
1129 4746 1221 4813 sit,
1269 4746 1417 4800 nulla
1458 4747 1725 4814 qualitate

146 4820 387 4883 imbuta,
432 4818 579 4887 quod
621 4817 821 4870 creatis
848 4816 1107 4887 omnibus
1136 4816 1210 4870 ita
1230 4816 1519 4887 convenit,
1564 4826 1622 4870 ut
1657 4818 1727 4872 ab

146 4906 219 4943 ea
240 4884 465 4944 absolvi
484 4887 800 4942 conditione
825 4902 935 4942 non
964 4886 1195 4954 possint.
1228 4885 1347 4941 Non
1384 4884 1525 4939 bene
1551 4902 1727 4941 novus

150 4974 353 5012 vocum
388 4973 551 5012 cusor
578 4966 742 5024 atque
787 4956 1020 5024 interpr.
1061 4954 1265 5023 Obsop.
1310 4954 1377 5008 Et
1416 4972 1520 5007 non
1559 4956 1723 5023 facta,

147 5029 319 5083 Gesn.
355 5036 404 5080 et
436 5024 689 5107 aequalis,
714 5025 860 5092 quod
889 5025 1024 5078 mihi
1060 5025 1438 5148 licentiusCrro
1463 5026 1614 5079 vocis
1640 5026 1728 5080 iu-

152 5098 423 5148 solentia:
445 5094 661 5148 etiamsi
690 5095 800 5147 vim
843 5095 1041 5148 Graeca:
1068 5094 1221 5148 vocis
1258 5109 1317 5148 re
1359 5095 1493 5148 dere
1530 5096 1728 5148 voluit.

152 5098 423 5161 solentia;
445 5094 661 5151 etiamsi
690 5095 800 5147 vim
843 5095 1041 5149 Grzecaa
1068 5094 1221 5148 vocis
1258 5094 1493 5149 reddere
1530 5096 1728 5149 voluit.

149 5166 311 5232 Quod
326 5167 547 5220 demum
562 5166 616 5219 in
639 5164 743 5218 fine
760 5180 880 5233 cap.
903 5172 1005 5228 est,
1021 5163 1094 5226 ὡς
1111 5165 1318 5233 τροπῆς
1333 5165 1431 5217 οὐκ
1452 5164 1729 5234 ἐλευθέρα,

155 5252 281 5305 qua:
319 5252 447 5290 vera
478 5236 622 5305 ratio
654 5234 854 5305 divinae
880 5234 952 5305 Ain
994 5248 1211 5305 omnem
1252 5245 1726 5305 creaturampro—

155 5303 439 5365 videmiae,
463 5304 608 5374 quod
633 5319 745 5357 non
773 5303 846 5357 sit
877 5303 1139 5374 immunis
1160 5318 1188 5355 a
1216 5304 1544 5356 mutatione.
1566 5303 1733 5374 Lepi-

156 5377 264 5429 dus
315 5371 526 5429 scilicet
569 5375 797 5443 interpr.
854 5373 1055 5442 Obsop.
1101 5383 1358 5443 tanquam
1400 5389 1504 5427 non
1556 5371 1731 5429 libera:

157 5445 531 5498 conversionis.
566 5442 610 5497 Ο
645 5445 865 5511 stupor!

235 5515 311 5583 (ά)
363 5514 467 5573 Καὶ
522 5510 912 5583 θεωρουμένη.
963 5510 1156 5566 Sermo
1200 5521 1284 5566 est
1316 5511 1403 5583 de
1462 5512 1702 5565 creaturi

160 5581 576 5638 conferentibus
606 5583 673 5636 ad
701 5582 869 5636 vitam
900 5582 1038 5636 bene
1064 5597 1241 5651 exque
1277 5581 1720 5651 virtute_compo«

162 5653 424 5723 nendum,
473 5652 620 5723 quod
680 5652 885 5720 ubique
930 5646 1168 5723 Maximo
1202 5651 1397 5723 εει-τὸ
1450 5647 1509 5703 εὖ
1565 5646 1725 5713 εἶναι,

160 5722 313 5792 quod
360 5720 529 5777 unum
580 5732 826 5775 nostrum
869 5728 972 5782 est,
1024 5720 1263 5774 medium
1311 5720 1455 5774 inter
1491 5734 1632 5784 csse,
1676 5730 1726 5775 et

1832 4685 1995 4746 teque
2024 4676 2315 4746 distinguit
2353 4676 2420 4729 de
2455 4676 2684 4746 spiritali
2712 4685 2767 4731 et
2800 4678 3124 4746 incorporea
3154 4676 3410 4731 substan-

1833 4745 1930 4811 tia,
1956 4756 2013 4799 et
2039 4746 2107 4799 de
2139 4745 2411 4815 corporali
2436 4763 2450 4808 ;
2478 4745 2624 4815 quod
2660 4747 2750 4800 illa
2785 4745 3003 4801 confert
3028 4760 3282 4801 sermone
3313 4764 3409 4802 seu

1832 4817 2112 4872 locutione
2139 4817 2376 4885 vitatque
2412 4816 2685 4883 exemplo,
2728 4826 2789 4870 ut
2816 4818 2872 4871 in
2902 4817 3108 4885 angelis
3139 4822 3195 4869 et
3234 4816 3410 4872 homi-

1833 4887 2017 4950 nibus,
2065 4894 2335 4957 quatenus
2370 4894 2426 4939 ει
2474 4886 2576 4957 ipsi
2619 4902 2871 4940 sermone
2910 4886 3131 4957 docent,
3174 4886 3410 4957 vitroque

1834 4954 2099 5025 exempla
2121 4957 2328 5020 edunt;
2363 4954 2576 5008 confert
2609 4957 2796 5019 etiam,
2826 4956 2955 5025 quia
2988 4962 3170 5025 potest
3201 4954 3331 5023 ipsa
3355 4958 3409 5010 in

1831 5042 1890 5081 se
1921 5026 2282 5089 considerari,
2316 5032 2375 5078 ut
2410 5025 2503 5077 Dei
2544 5025 2755 5080 scilicet
2784 5041 2941 5094 opus,
2973 5026 3029 5078 in
3053 5037 3164 5092 quo
3196 5026 3408 5079 eluceat

1830 5097 2101 5165 sapientia
2161 5095 2517 5165 potentiaque
2561 5095 2789 5165 artiﬁcis
2834 5113 2846 5147 :
2906 5110 3015 5163 quo
3070 5106 3199 5165 uno,
3221 5094 3406 5158 modo,

1829 5164 2082 5221 conferre
2154 5165 2230 5218 ait
2304 5164 2666 5217 substantiam
2749 5165 3113 5233 corporalem.
3186 5164 3407 5233 Resque

1830 5234 2035 5297 notior,
2074 5250 2237 5301 quam
2268 5242 2328 5287 ut
2356 5233 2534 5286 notari
2572 5233 2780 5301 aliquid
2818 5232 3047 5287 necesse
3084 5232 3271 5296 fuerit,
3300 5232 3408 5286 nisi

1831 5312 2053 5372 cogeret
2084 5303 2287 5372 Obsop.
2324 5311 2516 5372 stupor
2535 5310 2700 5370 atque
2737 5303 2901 5357 Gesn.
2939 5303 3143 5371 quibus
3176 5304 3409 5370 θεωρου-

1833 5371 1968 5442 μὲνη
1997 5382 2083 5427 εει
2105 5371 2489 5442 contemplans,
2527 5380 2577 5442 et
2603 5372 3009 5442 contemplanda
3039 5389 3056 5425 :
3087 5373 3411 5442 quasicon-

1841 5440 2121 5510 templatio
2155 5443 2271 5511 ipsa
2311 5440 2488 5495 active
2538 5441 2609 5493 sit
2650 5440 2989 5510 perficiendo
3029 5442 3188 5507 alios,
3226 5440 3408 5511 sitque

1877 5512 2061 5580 ropria
2087 5510 2407 5565 substantia:
2440 5511 2768 5578 corporalis;
2796 5520 2851 5564 et
2885 5511 2973 5563 illa
2999 5526 3107 5564 una
3138 5512 3206 5565 ad
3237 5510 3409 5563 vitam

1836 5527 1977 5634 Bene
2020 5580 2476 5634 componendam.
2518 5580 2633 5633 hare
2686 5581 2845 5633 nobis
2877 5580 3145 5634 conferat.
3178 5594 3305 5634 cum
3352 5586 3406 5632 et

1875 5597 1977 5635 ene
2020 5580 2476 5647 componendam,
2518 5580 2633 5633 hare
2686 5581 2845 5633 nobis
2877 5580 3145 5640 conferat,
3178 5594 3305 5635 cum
3352 5586 3406 5632 et

1835 5664 1987 5705 muta
2012 5650 2103 5714 sit,
2139 5648 2348 5717 ἄλογος.
2381 5665 2482 5703 nec
2518 5648 2751 5702 actionis
2777 5648 2843 5701 ad
2874 5650 3183 5717 exemplum
3215 5662 3406 5717 capax.

1834 5718 1878 5775 Ο
1902 5720 2029 5775 novi
2060 5719 2271 5775 scilicet
2292 5717 2663 5774 commatisdc
2684 5718 2898 5775 Calviui
2926 5718 3058 5775 hara
3092 5718 3398 5791 ιιιεοιοευερ
