3876 6314
439 334 571 403 1051

437 537 638 590 stantia
687 550 901 603 semper
938 535 1187 600 exsistat,
1230 547 1324 590 aut
1367 551 1472 588 non
1513 535 1758 599 exsistat,
1802 534 1855 586 in
1887 533 2007 601 ejus

438 628 680 696 positum
709 627 987 683 voluntate
1032 636 1112 681 est
1161 628 1254 697 qui
1299 627 1482 681 omnia
1519 628 1660 681 bona
1699 624 1946 680 condidit
1991 640 2006 678 :

441 725 503 770 ut
566 726 750 770 autem
807 717 924 772 hazc
988 718 1153 772 animi
1209 719 1492 788 proposito
1549 717 1690 771 bona
1742 717 1852 770 sint
1915 723 2010 768 aut

439 811 600 875 mala,
627 825 819 864 eorum
849 827 970 880 qua:
1006 820 1133 866 sunt
1153 811 1374 866 condita
1404 811 1700 864 voluntatis
1728 819 1831 863 est.

509 896 673 966 446
707 897 792 950 14.
830 897 950 950 Non
978 897 1122 951 circa
1152 897 1444 951 essentiam
1474 911 1685 958 eorum,
1727 911 1849 964 quae
1881 909 2010 948 con-

440 987 553 1041 dita
590 996 736 1050 sunt,
770 988 971 1041 malum
1000 987 1402 1051 consideratur,
1425 986 1520 1041 sed
1559 986 1704 1039 circa
1729 993 2009 1039 errantem

439 1089 495 1135 et
519 1081 888 1134 inconsultum
920 1089 1146 1134 motum.

515 1171 600 1224 15.
646 1171 876 1225 Animus
913 1178 1043 1226 tunc
1072 1187 1138 1225 ex
1167 1172 1379 1226 ratione
1415 1180 1688 1237 movetur,
1725 1188 1848 1227 cum
1892 1173 2012 1242 ejus

439 1277 566 1332 pars
592 1263 991 1332 concupiscens
1036 1263 1372 1317 continentia
1418 1263 1575 1327 nitet,
1625 1279 1857 1333 parsque
1902 1264 2010 1318 ira-

441 1367 604 1405 seens
633 1353 818 1406 odium
843 1362 1110 1417 aversata,
1133 1353 1414 1406 dilectioni
1437 1353 1619 1407 studet
1647 1370 1659 1406 :
1697 1368 1760 1406 ac
1790 1353 2011 1406 deruunt

442 1444 673 1498 rationis
733 1445 984 1508 facultas,
1043 1444 1235 1497 orandi
1288 1443 1610 1498 assiduitate
1665 1459 1730 1498 ac
1781 1443 2012 1513 spiritali

441 1534 927 1603 contemplatione,
986 1534 1130 1604 apud
1201 1533 1373 1587 Deum
1433 1548 1682 1598 versans,
1749 1533 1826 1586 illi
1883 1549 2018 1587 con-

442 1627 666 1679 suescit.

509 1718 590 1771 16.
624 1717 869 1772 Necdum
903 1717 1194 1786 perfectam
1220 1725 1413 1770 nactus
1435 1725 1518 1771 est
1545 1717 1886 1783 charitatem,
1911 1733 2016 1772 nec

445 1805 645 1862 divinre
670 1808 1036 1863 Providentia:
1064 1808 1224 1861 altam
1263 1818 1549 1862 assecutus
1583 1808 1890 1873 scientiam,
1919 1809 2014 1878 qui

446 1898 499 1951 in
553 1906 796 1968 tempore
843 1900 1181 1962 tentationis,
1237 1899 1293 1952 in
1346 1900 1506 1954 malis
1556 1916 1677 1969 quae
1729 1901 2011 1965 eveniunt,

444 2004 553 2042 non
593 1989 924 2058 longanimis
962 2006 1025 2044 ac
1062 1991 1289 2059 prolixae
1315 1991 1594 2061 patientia:
1631 1993 1882 2059 exsistit;
1919 1996 2014 2048 sed

447 2095 476 2133 a
499 2080 729 2149 spiritali
758 2080 983 2134 fratrum
1015 2081 1310 2136 dilectione
1345 2083 1585 2152 scipsum
1610 2083 1905 2137 abscindit.

519 2173 605 2225 17.
650 2172 857 2226 Divina:
894 2172 1259 2228 Providentia:
1300 2172 1425 2226 finis
1462 2181 1567 2238 est,
1608 2182 1669 2227 ut
1701 2190 1768 2228 ex
1811 2173 2016 2229 malitia

448 2272 611 2332 atque
635 2263 769 2316 vitio
793 2263 847 2317 in
869 2264 1020 2317 varia
1045 2264 1265 2328 scissos,
1288 2280 1386 2334 per
1407 2274 1610 2320 rectam
1636 2265 1797 2320 fidem
1827 2282 1891 2320 ac
1907 2268 2016 2336 spi-

446 2353 662 2408 ritalem
708 2353 1063 2409 dilectionem
1123 2356 1350 2410 unitatis
1395 2357 1618 2410 vinculo
1653 2359 2012 2430 constringat.

446 2444 570 2501 Ilaec
589 2445 735 2500 enim
759 2461 920 2500 causa
957 2455 1042 2500 est
1079 2462 1177 2500 cur
1208 2446 1458 2501 Salvator
1487 2455 1661 2502 morte
1695 2448 1914 2504 functus
1946 2451 2017 2506 sit

445 2551 509 2591 ac
531 2551 722 2606 passus
755 2554 768 2590 :
805 2537 868 2592 Ut
892 2536 988 2607 Dei
1012 2537 1172 2606 ﬁlios,
1207 2540 1296 2610 qui
1331 2539 1551 2610 dispersi
1585 2549 1758 2606 erant,
1794 2559 2014 2614 congre-

443 2637 595 2698 garet
615 2631 669 2681 in
701 2643 864 2683 unum
891 2630 930 2683 ³.
963 2629 1067 2696 Qui
1094 2646 1224 2700 ergo
1259 2632 1487 2686 molesta
1509 2647 1619 2686 non
1653 2634 1888 2688 sustinet
1913 2650 2017 2690 nec

445 2718 642 2774 tolerat
667 2720 864 2786 tristia,
903 2736 1004 2775 nec
1045 2721 1099 2776 in
1136 2721 1204 2776 iis
1249 2738 1369 2791 qua:
1397 2723 1641 2778 laborem
1678 2724 1881 2780 habent
1915 2741 2014 2795 pa-

443 2809 692 2864 tientiam
729 2822 932 2877 servat,
966 2823 1119 2867 extra
1157 2813 1398 2868 divinam
1435 2815 1755 2870 cliaritatcm
1795 2833 1860 2872 ac
1885 2818 2018 2874 Pro-

442 2899 700 2957 videntia:
727 2903 888 2958 tinem
919 2904 1182 2960 ambulat.

515 2994 604 3049 18.
628 2993 764 3050 Cum
793 2997 1025 3052 charitas
1059 2997 1396 3069 longanimis,
1431 3001 1756 3072 benignaque
1797 3018 1860 3055 ac
1889 3019 2017 3057 sua-

1567 334 1625 392 S.
1666 327 1953 392 MAXIMI
1994 325 2503 390 CONFESSORIS

508 446 594 499 15.
627 443 698 500 Ut
729 442 948 516 quidem
988 442 1198 497 ratione
1240 451 1401 498 utens
1439 459 1502 500 ac
1529 444 1838 512 intelligens
1875 439 2006 495 sub—
2035 442 2075 496 Α

2181 447 2267 505 ιγ’.
2307 442 2381 494 Τὸ
2411 443 2510 512 μὲν
2540 443 2626 496 ἀεὶ
2653 441 2790 496 εἶναι
2813 484 2826 507 ,
2881 443 2915 512 ἢ
2951 443 3026 514 μὴ
3053 441 3199 496 εἶναι
3229 442 3334 514 τὴν
3361 441 3605 510 λογικὴν
3635 445 3724 494 καί

2108 532 2300 603 νοεράν
2342 534 2572 600 οὐσίαν,
2635 535 2692 587 ὲν
2735 538 2802 605 τῇ
2853 534 3108 604 βουλήσει
3139 536 3264 586 ἐστὶ
3311 533 3416 585 τοῦ
3448 533 3724 586 tam

2109 623 2248 676 καλὰ
2271 624 2789 698 δημιουργήσαντος
2825 626 2886 680 τδ
2911 627 2966 679 δὲ
2994 626 3175 693 ἀγαθὰ
3203 625 3388 678 ταῦτα
3411 622 3558 677 εἶναι
3587 627 3722 678 κατά

2110 717 2431 789 προαίρεσιν
2457 719 2492 788 ἢ
2525 719 2723 789 φαῦλα,
2779 721 2838 773 ὲν
2860 721 2937 790 τῷ
2959 719 3232 790 θελήματι
3258 719 3378 772 τῶν
3415 719 3718 786 γεγονότων

2112 809 2368 878 ὑπάρχει.
2705 856 2714 880 ,

2183 902 2261 954 ιδ’.
2321 901 2396 952 Οὐ
2432 902 2562 972 περὶ
2590 902 2691 971 τὴν
2719 901 2909 954 οὐσίαν
2939 901 3048 954 τῶν
3074 897 3418 970 γεγονότων,
3456 901 3526 953 τὺ
3558 901 3716 954 κακον

2112 990 2400 1060 θεωρεῖται
2427 1009 2440 1022 ·
2477 991 2612 1046 ἀλλά
2641 993 2771 1045 πεοὶ
2797 991 2896 1063 τὴν
2922 991 3270 1062 ὲσφαλμένην
3301 993 3410 1044 καὶ
3433 992 3715 1060 ἀλόγιστον

2111 1083 2348 1154 κίνησιν.
3116 1086 3132 1094 “

2185 1183 2266 1228 ιε’.
2329 1177 2581 1245 Εὐλόγως
2614 1181 2844 1233 κινεῖται
2875 1181 2908 1250 ἡ
2939 1178 3123 1248 ψυχὴ,
3181 1178 3315 1231 ὃταν
3359 1177 3427 1230 τὸ
3461 1177 3572 1246 μὲν
3601 1179 3714 1229 ἑπι-

2115 1265 2415 1336 θυμητικον
2444 1269 2615 1339 αὐτῆς
2646 1272 2710 1340 τῇ
2744 1269 3041 1341 ἐγκρατείᾳ
3065 1270 3411 1322 πεποίωταιο
3447 1269 3517 1321 τὸ
3547 1269 3606 1321 δὲ
3631 1268 3717 1319 θυ-

2118 1355 2296 1426 μικδνο
2351 1357 2453 1426 τῆς
2474 1360 2695 1426 ἀγάπης
2722 1361 3027 1430 ἀντέχεται,
3075 1361 3136 1412 τὸ
3160 1363 3323 1428 μῖσος
3358 1362 3715 1429 ἀποστρεφί.

2117 1464 2278 1517 μενον
2300 1463 2314 1477 ο
2368 1450 2429 1501 τὸ
2453 1449 2510 1500 δὲ
2539 1448 2845 1517 λογιστικὸν
2864 1490 2878 1514 ,
2926 1451 3063 1520 πρὸς
3090 1451 3181 1502 τὸν
3207 1450 3350 1502 Θεὸν
3385 1449 3605 1516 διάγει,
3638 1450 3720 1502 διὰ

2114 1541 2424 1611 προσευχῆς
2457 1541 2554 1594 καὶ
2581 1541 2815 1612 θεωρίας
2842 1544 3240 1612 πνευματικῆς.

2191 1721 2283 1779 ις’.
2344 1713 2511 1768 Οὔπω
2553 1715 2668 1785 ἔχει
2709 1716 2918 1770 τελείαν
2946 1717 3164 1787 ἀγάπην
3189 1757 3204 1778 ,
3262 1717 3394 1770 οὐδὲ
3431 1718 3542 1785 τῆς
3575 1717 3721 1779 θείας

2117 1807 2382 1877 Προνοίας
2428 1807 2568 1860 κατὰ
2612 1806 2774 1876 βάθος
2805 1806 2903 1876 τὴν
2931 1807 3130 1874 γνῶσιν
3153 1847 3168 1869 ,
3222 1809 3253 1860 ὁ
3294 1809 3356 1860 ὲν
3387 1807 3582 1876 καιρῷ
3608 1825 3722 1859 πει-

2117 1896 2328 1970 ρασμοῦ
2367 1898 2442 1968 μὴ
2475 1897 2842 1967 μακροθυμῶν
2880 1900 2972 1950 ἐπὶ
2993 1901 3105 1961 τοῖς
3127 1899 3513 1967 συμϐαίνουσι
3540 1899 3718 1966 λυπη-

2120 1992 2232 2061 ροῖς
2258 2004 2272 2019 °
2329 1989 2442 2041 ἀλλ’
2465 1989 2792 2042 ἀποκόπτων
2823 1989 3011 2042 ἑαυτὸν
3042 1989 3140 2058 τῆς
3169 1989 3281 2044 τῶν
3312 1989 3720 2060 πνευματικῶν

2115 2082 2360 2150 ἀδελφῶν
2385 2083 2629 2152 ἀγάπης.

2189 2175 2272 2239 ιζ’.
2311 2175 2520 2237 Σκοπὸς
2553 2173 2652 2244 τῆς
2682 2172 2834 2236 θείας
2861 2171 3152 2243 Προνοίας,
3199 2175 3284 2236 τον,
3313 2173 3452 2236 τοὺς
3486 2174 3600 2227 ὑπὸ
3622 2174 3715 2241 11°;-

2117 2264 2316 2327 κακίας
2365 2263 2627 2325 ποικίλως
2664 2263 3074 2332 διεσχισμένους
3095 2303 3109 2324 ,
3164 2261 3254 2314 διὰ
3287 2262 3392 2330 τῆς
3419 2263 3600 2333 ὀρθῆς
3629 2264 3712 2314 πί-

2118 2371 2286 2418 στεως
2341 2354 2434 2408 καὶ
2487 2355 2864 2424 πνευματικῆς
2903 2354 3120 2423 ἀγάπης
3158 2353 3465 2405 ἐνοποιεῖν.
3545 2355 3712 2421 Εἴπερ

2114 2447 2201 2502 διὰ
2243 2446 2400 2500 τοῦτο
2443 2445 2712 2499 πέπονθεν
2757 2449 2785 2500 ὁ
2828 2445 3058 2516 Σωτὴρ,
3115 2446 3240 2498 Ἵνα
3277 2445 3353 2498 τὰ
3382 2446 3583 2498 τέκνα
3613 2445 3714 2498 τοῦ

2118 2537 2265 2593 Θεοῦ
2292 2537 2364 2591 τὰ
2390 2535 2914 2606 διεσκορπισμένα,
2939 2534 3249 2604 συναγάγῃ
3279 2536 3370 2600 είς
3397 2535 3497 2587 ἓν.
3540 2536 3602 2588 '0
3626 2529 3711 2588 οὖν

2119 2629 2193 2700 μὴ
2220 2629 2426 2697 στέγων
2455 2627 2523 2682 τὰ
2548 2629 2781 2700 ὀχληρὰ,
2819 2627 2952 2698 μηδὲ
2982 2627 3160 2698 φέρων
3189 2628 3256 2679 τὰ
3282 2627 3542 2698 λυπηρὰ,
3583 2628 3710 2697 μηδι

2117 2721 2401 2790 ὑπομένων
2451 2719 2520 2772 τὰ
2563 2719 2818 2784 ἐπίπονα,
2872 2717 3027 2781 ἐκτὸς
3057 2716 3156 2784 τῆς
3185 2715 3338 2779 θείας
3364 2717 3599 2786 ἀγάπης
3621 2717 3709 2768 καὶ

2115 2811 2207 2866 τοῦ
2242 2810 2443 2865 σκοποῦ
2468 2811 2566 2881 τῆς
2594 2810 2854 2881 Προνοίας
2873 2811 3194 2880 περιπατεῖς

2187 2999 2278 3064 ιη’.
2331 2993 2393 3046 El
2440 2992 2479 3060 ἡ
2516 2989 2724 3060 ἀγάπη
2757 2985 3128 3057 μακροθυμεῖ
3161 2985 3258 3040 καί
3285 2988 3706 3055 χρηστεύεται.

443 3085 520 3139 vis
548 3086 617 3138 sit
655 3085 697 3150 ⁵,
727 3087 820 3156 qui
848 3104 1017 3157 parvo
1051 3105 1115 3144 ac
1155 3089 1366 3160 dejecto
1407 3093 1592 3148 animo
1635 3101 1720 3148 est
1760 3095 1815 3148 in
1857 3095 2012 3150 malis

2136 3087 2146 3137 i
2191 3082 2529 3154 ὀλιγοψυχῶν
2580 3081 2672 3134 ἐπὶ
2715 3083 2829 3144 τοῖς
2871 3078 3227 3149 συμϐαίνουσι
3257 3078 3573 3150 λυπηροῖς,
3621 3079 3709 3133 καὶ

448 3190 570 3244 qua:
599 3177 879 3243 accidunt,
913 3195 1146 3250 eamque
1169 3181 1241 3235 ob
1280 3199 1395 3237 rem
1434 3185 1667 3256 maligne
1698 3186 1809 3257 agit
1835 3187 1892 3240 in
1921 3203 2018 3242 eos

447 3266 542 3336 qui
570 3267 777 3336 aliquid
803 3269 1082 3335 lasserunt,
1107 3286 1172 3325 ac
1192 3287 1249 3327 se
1275 3289 1305 3327 a
1330 3274 1617 3341 charitate,
1639 3293 1761 3346 qua:
1784 3285 1868 3331 est
1891 3293 2017 3349 erga

448 3356 590 3422 illos,
646 3358 950 3425 abscindit;
1007 3361 1281 3431 quomodo
1329 3379 1360 3418 a
1405 3364 1604 3420 divina:
1657 3367 2020 3423 Providentia:

448 3448 557 3504 flne
583 3465 690 3504 non
721 3451 958 3506 excidit?

521 3541 608 3594 19.
647 3542 877 3597 Attende
905 3542 1026 3608 tibi,
1063 3559 1125 3599 ac
1153 3559 1304 3608 cave,
1342 3561 1410 3600 ne
1439 3545 1580 3602 forte
1615 3549 1760 3617 quod
1795 3557 1848 3603 te
1881 3549 2014 3603 diri~

449 3625 550 3680 mit
576 3644 606 3680 a
636 3627 802 3682 fratre
835 3630 1059 3694 malum,
1091 3647 1200 3686 non
1230 3633 1284 3686 in
1321 3633 1434 3697 illo,
1463 3635 1559 3690 sed
1593 3636 1649 3690 in
1681 3646 1733 3692 te
1771 3638 2018 3694 invenia-

449 3726 569 3784 tur;
611 3734 674 3773 ac
705 3721 865 3775 stude
909 3722 1020 3776 cito
1065 3721 1141 3776 illi
1186 3725 1551 3790 reconciliari,
1583 3743 1652 3782 ne
1689 3744 1721 3783 a
1763 3729 2020 3786 mandato

450 3810 671 3865 excidas
694 3812 1000 3868 charitatis.

517 3901 610 3954 20.
643 3900 788 3956 Cave
836 3913 1170 3974 przeceptum
1221 3906 1504 3963 charitatis
1549 3909 1839 3980 despicias,
1878 3929 2020 3981 quo-

447 3991 596 4045 niam
637 4009 738 4061 per
783 3994 962 4063 ipsum
1013 3996 1109 4049 Dei
1157 3996 1301 4053 filius
1344 3999 1506 4054 eris:
1556 4002 1783 4072 ejusque
1831 4003 2019 4058 violati

451 4097 600 4147 reus,
629 4083 772 4139 ﬁlius
800 4087 1061 4155 gehenna:
1097 4088 1416 4144 invenieris.

515 4175 606 4230 21.
655 4173 780 4231 Haec
821 4175 934 4232 fere
971 4187 1102 4232 sunt
1128 4194 1251 4248 qua:
1279 4179 1349 4234 ab
1388 4179 1692 4235 amicorum
1722 4180 2019 4239 dilectione

450 4263 798 4334 disiungunt;
832 4267 1080 4322 invidere
1118 4277 1214 4322 aut
1246 4270 1518 4326 sustinere
1547 4272 1832 4339 invidiam,
1859 4273 2018 4328 dam-

451 4367 580 4408 num
611 4354 788 4411 facere
822 4366 916 4410 aut
944 4357 1076 4426 pati,
1109 4359 1311 4426 probro
1343 4360 1544 4417 habere
1580 4371 1673 4416 aut
1707 4363 1928 4430 haberi;
1953 4381 2017 4420 ac

2118 3177 2206 3231 διὰ
2231 3176 2388 3230 τοῦτο
2413 3173 2844 3246 πονηρευόμενος
2867 3173 2960 3226 ἐπὶ
2983 3173 3095 3234 τοῖς
3121 3171 3406 3242 λυπήσασι
3425 3211 3443 3234 ,
3494 3172 3592 3224 καὶ
3616 3173 3708 3241 τῆς

2119 3267 2496 3340 πρὸςάύτοὺς
2541 3265 2764 3333 ἀγάπης
2803 3262 2995 3318 ἑαυτὸν
3027 3263 3360 3316 ἀποκόπτων
3382 3303 3399 3326 ,
3465 3263 3589 3326 1:6;
3618 3259 3706 3314 τοῦ

2119 3357 2323 3412 σκοποῦ
2354 3356 2456 3426 τῆς
2484 3355 2634 3419 θείας
2665 3353 2926 3423 Προνοίας
2954 3353 3055 3406 ούκ
3079 3354 3364 3407 ἐκπίπτει.

2190 3531 2277 3587 ιο’.
2338 3531 2579 3600 Πρόσεχε
2635 3530 2878 3599 σεαυτῷ,
2933 3531 3144 3601 μήποτε
3191 3530 3226 3596 ἡ
3275 3529 3603 3599 χωρίζουσά
3653 3546 3705 3581 σε

2118 3623 2182 3674 ὲκ
2208 3621 2302 3674 τοῦ
2327 3621 2557 3690 ἀδελφοῦ
2588 3621 2778 3685 κακία,
2813 3622 2910 3674 ούκ
2944 3624 3001 3674 ὲν
3028 3619 3105 3689 τῷ
3132 3620 3372 3688 ἀδελφῷο
3403 3620 3526 3673 ἀλλ’
3550 3623 3610 3674 ὲν
3633 3623 3706 3674 σοὶ

2119 3715 2441 3787 εὑρίσκηται
2461 3732 2474 3744 ”
2531 3715 2625 3768 καὶ
2651 3715 2884 3768 σπεῦσον
2910 3714 3057 3784 αύτῷ
3083 3714 3466 3783 διαλλαγῆναι,
3508 3716 3598 3767 ἵνα
3627 3715 3696 3785 μη

2118 3807 2216 3877 τῆς
2243 3807 2464 3877 ἐντολῆς
2494 3808 2594 3878 τῆς
2620 3807 2842 3876 ἀγάπης
2866 3806 3126 3875 ἐκπέσῃς.

2191 3904 2263 3953 κ’.
2323 3898 2414 3968 Μὴ
2456 3899 2870 3968 καταφρονήσῃς
2920 3897 3020 3966 τῆς
3059 3895 3279 3965 ἐντολῆς
3327 3896 3430 3962 τῆς
3464 3897 3701 3965 ἀγάπης,

2115 3991 2199 4044 ὅτι
2250 3991 2318 4044 δι’
2352 3991 2522 4058 αὐτῆς
2576 3991 2689 4054 υίὸς
2715 3988 2850 4044 Θεοῦ
2879 3989 3007 4060 ἔσῃ’
3074 3992 3140 4061 ἣν
3168 3989 3557 4060 παραϐαίνων,
3600 3991 3704 4052 usa,-

2117 4083 2344 4154 γεέννης
2373 4083 2640 4154 εὑρεθήσῃ
2656 4125 2674 4144 .

2187 4182 2294 4248 κα’.
2356 4176 2437 4228 Τά
2487 4173 2790 4245 χωρίζοντα
2835 4173 2934 4243 τῆς
2974 4172 3085 4226 τῶν
3110 4173 3280 4242 φίλων
3309 4173 3562 4245 ἀγάπης,
3606 4175 3700 4228 εξσὶ

2115 4265 2291 4319 ταῦτα
2369 4265 2430 4318 τὸ
2455 4266 2689 4333 φθονεῖν,
2737 4265 2771 4336 ἢ
2797 4265 3130 4333 φθονεῖσθαι·
3167 4265 3227 4317 τὸ
3253 4263 3517 4335 ζημιοῦν,
3552 4268 3584 4337 ἢ
3615 4269 3700 4335 {1;-

2122 4357 2410 4428 μιοῦσθαι·
2471 4355 2532 4409 τὸ
2585 4357 2911 4427 ἀτιμάζειν,
2967 4357 3000 4427 ἢ
3053 4356 3459 4426 ἀτιμάζεσθαι,
3523 4361 3610 4411 καῖ
3658 4360 3698 4409 ei

450 4460 584 4513 quas
643 4447 982 4516 suspiciosus
1041 4449 1255 4503 animus
1321 4453 1564 4509 rationes
1613 4454 1878 4510 obtrudit.
1938 4455 2012 4511 Ne

2136 4451 2182 4516 ἐξ
2217 4450 2470 4514 ὑπονοίας
2503 4449 2769 4519 λογισμοί.
2803 4451 3032 4518 Μήποτε
3061 4446 3153 4503 οὖν
3182 4450 3419 4520 ἔδρασάς
3451 4469 3504 4504 τι
3536 4450 3699 4503 τοιοῦ-

448 4533 587 4590 forte
618 4536 784 4606 igitur
809 4537 1014 4605 aliquid
1045 4538 1314 4607 ejusmodi
1354 4541 1556 4610 egeris,
1594 4544 1680 4597 vel
1707 4559 1900 4612 passus
1923 4547 2020 4612 sis,

447 4640 678 4694 eamque
713 4625 784 4679 ob
810 4642 924 4681 rem
949 4627 1018 4681 ab
1043 4629 1204 4682 amici
1244 4629 1542 4684 dilectione
1573 4631 1909 4700 abjungeris.

517 4718 606 4771 22.
632 4718 848 4772 Accidit
869 4718 988 4782 tibi,
1015 4718 1182 4774 fratre
1211 4728 1456 4784 auctore,
1481 4721 1747 4776 nonnulla
1771 4725 2021 4792 tentatio,

448 4818 856 4878 conccptusquc
885 4809 1043 4864 dolor
1074 4809 1130 4863 in
1168 4810 1356 4865 odium
1395 4811 1631 4881 impulit.
1669 4813 1811 4868 Cave
1841 4831 1910 4870 ne
1953 4817 2022 4871 ab

449 4901 578 4956 odio
601 4902 859 4965 vincaris,
900 4903 996 4958 sed
1021 4902 1180 4958 vince
1213 4903 1399 4958 odium
1429 4904 1481 4958 in
1509 4905 1797 4962 charitate.
1834 4909 1904 4964 Ut
1925 4925 2023 4965 au-

450 5001 561 5048 tem
586 4995 794 5059 vincas,
840 4993 916 5049 ita
956 4995 1177 5050 demum
1220 4993 1334 5057 fiet,
1379 4995 1423 5049 si
1461 5011 1590 5052 vere
1620 5013 1688 5051 ex
1728 4999 1912 5053 animo
1952 5000 2022 5055 ad

450 5081 619 5138 Deum
645 5077 750 5153 pro
782 5099 849 5138 eo
882 5085 1148 5151 oraveris,
1196 5083 1358 5156 447
1401 5087 1630 5156 ejusque
1669 5087 1785 5156 ipse
1828 5089 2022 5144 defen-

449 5174 658 5229 sionem
687 5176 1030 5245 susceperis;
1063 5192 1127 5230 ac
1170 5186 1284 5230 tum
1324 5175 1417 5231 illa
1450 5192 1576 5232 eum
1612 5177 1866 5244 delinias,
1907 5188 2020 5234 tum

451 5268 683 5337 teipsum
733 5269 1052 5323 tentationis
1081 5278 1364 5324 auctorem
1394 5268 1705 5332 arbitreris,
1733 5269 1895 5340 longa
1929 5286 2025 5340 pa-

446 5359 642 5414 tientia
710 5359 910 5425 ferens,
973 5360 1150 5416 donec
1208 5362 1384 5417 nubes
1445 5361 1548 5416 ista
1615 5362 2022 5432 obscurumque

454 5453 760 5509 transierit.

526 5569 548 5602 ³
586 5571 743 5626 Joan.
772 5589 846 5635 XI,
875 5573 961 5627 52.
1039 5571 1106 5626 ⁸1
1137 5572 1264 5628 Cor.
1311 5589 1425 5639 xm,
1463 5575 1516 5628 4.

2121 4559 2214 4596 τον
2241 4542 2274 4613 ἢ
2306 4541 2598 4604 πέπονθας,
2635 4543 2731 4594 καὶ
2759 4541 2849 4594 διὰ
2874 4540 3033 4594 τοῦτο
3058 4542 3158 4611 τῆς
3184 4541 3278 4595 τοῦ
3307 4542 3467 4610 φῦ.ου
3494 4544 3698 4612 ἀγάπης

2122 4631 2331 4704 χωρίζῃ
2361 4633 2520 4703 [unus
2545 4632 2669 4702 Reg.
2701 4633 3068 4706 ἀποχωρίζῃι.

2194 4722 2298 4793 κβ’.
2359 4724 2566 4793 Συνέϐη
2616 4741 2701 4776 σοι
2748 4724 3055 4793 πειρασμὸς
3088 4724 3151 4776 ὲκ
3180 4721 3276 4776 τοῦ
3311 4724 3544 4792 ἀδελφοῦ
3568 4765 3583 4786 ,
3617 4723 3696 4774 καὶ

2123 4815 2156 4884 ή
2179 4813 2324 4884 λύπη
2354 4814 2434 4876 είς
2459 4814 2614 4884 μῖσός
2645 4830 2704 4866 σε
2732 4814 2929 4884 ῆγαγε.
2963 4813 3054 4883 Μὴ
3088 4813 3225 4866 νικῶ
3252 4813 3354 4866 ὑπὸ
3373 4814 3473 4866 τοῦ
3498 4815 3694 4884 μίσους.

2124 4904 2260 4959 ἁλλά
2288 4905 2414 4958 νίκα
2445 4907 2502 4958 ὲν
2534 4907 2598 4976 τῇ
2626 4904 2812 4976 ἀγάπῃ
2843 4905 2903 4959 τὸ
2935 4907 3113 4976 μῖσος.
3149 4905 3417 4974 Νικήσεις
3440 4905 3495 4957 δὲ
3523 4905 3697 4974 τρόπῳ

2123 4997 2380 5068 τοιούτῳ·
2435 4998 2876 5068 προσευχόμενος
2916 4997 3057 5067 ὑπὲρ
3099 4995 3265 5050 αὐτοῦ
3302 4997 3540 5066 γνησίως
3575 4997 3694 5064 πρὲς

2124 5090 2216 5143 τὸν
2239 5089 2372 5143 Θεόν
2390 5103 2404 5120 ⁸
2455 5089 2557 5158 τήν
2581 5105 2641 5140 τε
2674 5087 2969 5155 ἀπολογίαν
2993 5087 3160 5139 αὐτοῦ
3187 5087 3481 5155 δεχόμενος
3501 5103 3514 5116 ⁸
3547 5088 3582 5155 ἦ
3611 5087 3693 5137 aui

2124 5181 2285 5244 αὐτὸς
2320 5181 2406 5234 διὰ
2432 5181 2636 5247 ταύτης
2664 5179 2826 5233 αύτδν
2850 5177 3191 5250 θεραπεύων,
3244 5179 3341 5232 καὶ
3371 5179 3596 5232 σεαυτὸν
3617 5177 3693 5230 αῖ-

2129 5289 2243 5326 τιον
2289 5269 2384 5324 τοῦ
2425 5271 2733 5342 πειρασμοῦ
2760 5270 3110 5341 λογιζόμενος
3136 5310 3152 5335 ,
3212 5269 3306 5323 καὶ
3338 5269 3694 5340 μακροθυμῶν

2136 5365 2332 5436 μέχρις
2355 5358 2420 5418 οὗ
2452 5363 2700 5434 παρέλθῃ
2729 5363 2790 5415 τὸ
2816 5364 2994 5432 νέφος.

456 5686 663 5757 quisic
698 5687 868 5757 sacris
907 5687 1258 5757 profanisque
1299 5689 1642 5756 sapientibus
1690 5688 1932 5744 inaudita
1966 5705 2027 5744 ac
2067 5703 2167 5743 nec
2190 5687 2374 5756 szipitc
2405 5685 2588 5756 digna,
2626 5680 2840 5738 Maximi
2904 5677 3237 5736 confessoris
3299 5675 3694 5746 nomincitauti

459 5754 670 5809 scilicet
701 5754 938 5811 nominis
966 5754 1230 5829 theologi)
1261 5754 1544 5828 ingerantl
