3876 6314
102 370 252 435 1053

984 373 1319 435 CAPITUM
1356 371 1454 433 DE
1491 373 1921 436 CHARITATE
1959 377 2348 439 CENTURIA
2385 377 2484 437 IV.

3227 350 3356 429 1054

172 491 282 551 κγ’.
318 481 683 555 Μακρόθυμός
749 485 920 548 ἐστιν,
953 486 982 537 ὁ
1029 489 1096 541 τό
1133 488 1286 550 τέλος
1331 485 1687 556 ἐκδεχόμενος

1859 493 1949 548 25.
2001 492 2353 564 Longammis
2410 487 2742 557 prolixaeque
2789 479 3066 554 patientiae
3109 485 3214 542 est,
3266 475 3360 546 qui

93 577 199 717 rga-5
225 573 556 644 πειρασμοῦ,
585 575 680 628 καὶ
706 573 767 627 τὸ
787 575 1052 645 καύχημα
1067 574 1182 648 ,τῆς
1211 576 1510 646 καρτερίας
1542 575 1686 646 λαμ-

142 682 311 717 ανων.

142 682 311 718 ανων.

174 759 276 813 κδ’.
324 757 508 825 Ἀνὴρ
552 760 938 827 μακρόθυμος
961 799 976 824 ,
1010 759 1204 826 πολὺς
1231 759 1302 812 ἐν
1349 757 1683 828 φρονήσει·

102 855 188 906 ὅτι
222 849 403 904 πάντα
453 849 522 902 τὰ
571 849 936 918 συμϐαίνοντα
966 851 1058 904 ἐπὶ
1095 851 1158 903 τὸ
1205 850 1356 914 τέλος
1401 849 1682 921 ἀναφέρειο
1732 859 1738 864 ’

102 943 331 996 κάκεῖνο
377 939 711 1007 περιμένων,
733 939 993 1009 ἀνέχεται
1047 939 1156 992 τῶν
1188 937 1472 1008 λυπηρῶν.
1517 939 1588 992 Τὸ
1619 936 1686 990 δὲ

104 1033 286 1097 τέλος
313 1030 466 1092 ἐστὶ,
501 1029 612 1097 ζωὴ
644 1029 902 1096 αἰώνιος,
933 1030 1074 1084 κατά
1119 1029 1212 1083 τὸν
1253 1029 1396 1083 θεῖον
1431 1029 1689 1082 ’Λπόστο-

103 1123 218 1176 λον.
236 1122 397 1189 Αὕτη
429 1121 494 1174 δέ
517 1121 690 1174 ἐστιν
713 1121 750 1185 ἡ
777 1119 1012 1186 αίώνιος
1042 1119 1182 1188 ζωὴ,
1205 1121 1307 1177 ἵνα
1343 1119 1688 1190 γινώσκωσι

103 1231 178 1268 σε
210 1213 319 1266 τὸν
344 1213 537 1281 μόνον
564 1212 856 1279 ἀληθινὸν
895 1212 1064 1277 Θεὸν,
1089 1212 1184 1266 καί
1217 1211 1291 1265 ὃν
1321 1211 1688 1276 ἀπέστειλας

117 1304 371 1372 Ἰησόῦν⁸
399 1307 678 1372 Χριστόν.

177 1401 279 1447 κε’.
317 1393 411 1464 Μὴ
463 1392 684 1455 εὐκολος
735 1391 827 1446 ἔσο
869 1393 963 1445 ἐπὶ
1017 1393 1256 1463 ἀποϐολῇ
1311 1392 1688 1462 πνευματικῆς

103 1487 354 1554 ἀγάπης,
387 1484 521 1537 διότι
554 1483 686 1552 ἄλλη
742 1482 1014 1554 σωτηρίας
1047 1483 1166 1547 ὁδὸς
1185 1484 1283 1554 οὐχ
1308 1481 1691 1536 ὑπολέλειπται

104 1582 222 1642 τοῖς
245 1575 579 1647 ἀνθρώποις.

179 1676 296 1735 κς¹.
325 1669 418 1738 Μὴ
441 1667 532 1721 τὸν
558 1667 684 1738 χθὲς
717 1665 1085 1736 πνευματικὸν
1117 1663 1344 1733 ἀδελφὸν
1383 1663 1479 1717 καὶ
1505 1662 1692 1734 ὲνάρε-

105 1781 199 1817 τον
229 1761 369 1833 (56),
392 1760 478 1814 διὰ
507 1760 565 1812 τδ
591 1761 648 1811 ἐν
674 1758 755 1810 σοὶ
787 1759 1027 1828 σήμερον
1072 1754 1132 1820 ἐξ
1177 1755 1440 1826 ἐπηρείας
1471 1754 1567 1807 τοῦ
1596 1770 1692 1806 που

110 1872 178 1921 νη
191 1851 286 1923 ροῦ
315 1849 667 1918 ἐγγινόμενον
698 1850 874 1918 μῖσος,
895 1849 1047 1916 κρῖνε
1077 1843 1278 1914 φαῦλον
1301 1846 1393 1899 καὶ
1416 1843 1651 1914 πονηρόν
1673 1860 1686 1872 ·

112 1934 250 1997 ἆλλά
298 1941 391 1994 διὰ
423 1938 523 2007 τῆς
578 1935 1038 2007 μακροθυμούσης
1086 1933 1308 2002 ἀγάπης
1351 1933 1420 1984 τὰ
1472 1931 1695 2001 χθεσινά

112 2033 255 2088 καλὰ
287 2029 658 2101 λογιζόμενος,
684 2029 744 2081 τὸ
775 2028 1015 2098 σήμερον
1047 2028 1202 2097 μίσος
1227 2024 1327 2091 τῆς
1356 2024 1534 2094 ψυχῆς
1557 2023 1696 2076 ἀπό-

112 2127 263 2181 Cale.

182 2217 288 2282 κζ’.
334 2215 427 2286 Μὴ
458 2213 518 2268 ὃν
545 2213 769 2284 ἐπῄνεις
799 2217 922 2283 χθὲς
951 2213 1024 2273 ὼς
1046 2206 1234 2274 καλὸν,
1265 2207 1362 2260 καὶ
1391 2206 1696 2277 ἐνεκωμία-

117 2311 204 2374 ζες
237 2307 318 2370 ὡς
372 2307 648 2375 ἐνάρετον,
682 2303 920 2372 σήμερον
966 2299 1042 2362 ὡς
1075 2296 1280 2367 φαῦλον
1331 2295 1428 2349 καὶ
1461 2293 1697 2365 πονηρὸν

118 2398 524 2469 κακολογήσης,
544 2395 632 2450 διὰ
662 2395 762 2465 τὴν
791 2393 890 2461 σὴν
911 2393 969 2458 ἐξ
998 2391 1218 2460 ἀγάπης
1243 2391 1323 2450 είς
1353 2389 1509 2458 μῖσος
1540 2403 1698 2456 μετα-

119 2491 277 2562 ὁολὴν
309 2489 408 2541 τὸν
435 2486 532 2540 τοῦ
565 2483 795 2555 ἀδελφοῦ
817 2483 983 2553 ψόγον
1005 2521 1019 2546 ,
1044 2480 1338 2548 ἀπολογίαν
1370 2478 1464 2531 τοῦ
1511 2479 1570 2530 ὲν
1615 2477 1698 2529 σοὶ

120 2581 365 2656 πονηροῦ
423 2581 614 2652 μίσους
649 2577 969 2649 ποιούμενος
991 2591 1006 2605 ⁸
1036 2575 1174 2630 ἀλλὰ
1222 2577 1334 2637 τοῖς
1384 2574 1570 2634 αὐτοῖς
1605 2573 1698 2638 ἐγ-

117 2677 357 2748 κωμίοις
384 2674 682 2744 ἐπίμεινον,
715 2671 818 2724 κᾶν
847 2669 929 2722 ἐτι
961 2668 1065 2735 ὑπὸ
1096 2667 1194 2736 τῆς
1213 2665 1391 2734 λύπης
1418 2661 1694 2732 κεκράτη-

121 2787 229 2833 σαι,
269 2767 370 2822 καὶ
423 2767 504 2830 είς
555 2763 655 2836 τὴν
708 2760 982 2832 σωτηρίαν
1035 2758 1258 2826 ἀγάπην
1309 2752 1554 2825 εὐχερῶς
1594 2754 1695 2804 ὲπ-

119 2860 350 2934 ανέρχῃ.

189 2963 296 3026 κη’.
327 2952 424 3024 Μὴ
475 2951 566 3005 τὸν
617 2947 820 3018 συνήθη
866 2945 961 2999 τοῦ
1013 2941 1246 3012 ἀδελφοῦ
1286 2939 1509 2994 ἔπαινον
1541 2936 1654 3008 (37)
1679 2977 1694 3001 ,

120 3048 208 3104 διὰ
232 3047 333 3119 τὴν
366 3045 444 3098 ἔτι
470 3047 529 3098 ἐν
577 3042 660 3097 σοὶ
709 3041 844 3111 πρὸς
883 3037 1046 3092 αὑτὸν
1075 3035 1426 3106 ὑπάρχουσαν
1455 3046 1700 3100 κεκρυμ-

1787 586 2106 641 tentationis
2125 581 2471 654 praastolatur
2491 578 2674 641 finem,
2695 591 2758 630 ac
2779 571 3117 628 sustinentize
3134 568 3360 640 gloriam

1786 680 1975 734 refert.

1855 773 1943 827 24.
1983 769 2074 824 Vir
2109 767 2448 838 longanimis,
2484 761 2679 818 multus
2709 761 2762 814 in
2797 755 3075 829 prudentia
3107 753 3128 784 ⁸
3159 769 3175 817 ;
3212 747 3361 820 quod

1787 866 1998 921 scilicet
2027 861 2212 916 omnia
2243 875 2364 930 quae
2406 856 2483 911 illi
2515 853 2797 915 eveniunt,
2846 849 2900 902 in
2949 848 3112 900 tinem
3158 843 3357 906 refert;

1787 953 2046 1021 illiusque
2086 947 2516 1019 cx5pectatione,
2541 955 2813 998 aarumnas
2856 938 3106 1004 malaque
3143 931 3356 987 suﬂert.

1789 1040 1932 1095 Finis
1961 1051 2160 1103 autem,
2191 1045 2265 1091 est
2289 1039 2394 1091 vita
2425 1042 2642 1097 wterna,
2680 1036 2740 1083 ut
2772 1027 2940 1082 sentit
2971 1025 3193 1078 divinus
3220 1021 3364 1090 Apo-

1789 1135 1963 1190 stolus
1991 1133 2030 1186 ⁶.
2070 1132 2194 1186 Hazc
2219 1139 2292 1184 est
2317 1136 2492 1182 autent
2511 1127 2618 1178 vita
2652 1120 2872 1179 wterna’,
2894 1127 2951 1170 ut
2976 1118 3290 1185 cognoscant
3315 1120 3363 1164 te

1789 1227 1962 1283 solum
2014 1225 2182 1279 Deum
2227 1237 2429 1286 verum,
2472 1225 2522 1272 et
2564 1231 2717 1287 quem
2757 1210 2945 1265 misisti
2982 1207 3163 1261 Jesum
3211 1201 3362 1257 Chri-

1793 1330 1934 1376 stum
1959 1322 2004 1373 ".

1859 1413 1950 1468 25.
1977 1411 2122 1466 Cave
2148 1406 2410 1478 spiritalis
2442 1397 2752 1456 dilectionis
2784 1396 3052 1465 iacturam
3093 1385 3250 1441 facile
3282 1382 3364 1436 fe-
3409 1389 3415 1396 ‘

1792 1505 1938 1560 ceris
1970 1521 1985 1569 ;
2014 1475 2217 1572 quippe
2251 1513 2375 1552 cum
2405 1502 2607 1564 praeter
2637 1489 2805 1551 illam,
2833 1484 2980 1539 nulla
3013 1481 3116 1535 alia
3153 1475 3365 1544 reliqua

1793 1596 1865 1650 sit
1893 1592 2213 1648 hominibus
2237 1603 2360 1658 spes
2385 1583 2598 1640 salutis.

1861 1685 1950 1740 26.
1985 1683 2220 1744 Videsis,
2266 1655 2344 1732 ne
2389 1677 2614 1730 fratrem
2655 1667 2778 1724 heri
2823 1662 3126 1736 spiritalem
3166 1673 3230 1712 ac
3255 1655 3367 1710 vir-

1797 1787 1912 1834 tute
1940 1777 2159 1838 fultum,
2189 1773 2259 1827 ob
2282 1769 2469 1826 odium
2502 1765 2599 1820 tibi
2626 1762 2792 1818 hodie
2821 1753 3148 1826 nequissimi
3175 1747 3368 1804 fraude

1794 1889 1857 1928 ac
1889 1871 2010 1926 labe
2046 1866 2370 1926 immissum,
2406 1860 2605 1914 malum
2639 1853 2851 1926 judices
2881 1856 2938 1903 et
2974 1858 3200 1917 pravum
3229 1857 3243 1894 :
3271 1837 3368 1894 sed

1794 1960 1979 2031 potius
2004 1953 2288 2011 charitatis
2323 1945 2605 2020 patientia,
2646 1942 2902 1996 hesterna
2934 1935 3085 1988 illius
3104 1931 3249 1985 bona
3281 1939 3370 1981 re-

1795 2060 2015 2122 putans,
2048 2043 2304 2100 hodierni
2337 2039 2448 2095 odii
2475 2037 2627 2090 virus
2654 2047 2722 2087 ex
2753 2029 2937 2084 animo
2967 2023 3164 2079 abiiee.

1867 2229 1958 2283 27.
1993 2226 2094 2288 Ne,
2135 2235 2299 2293 quem
2325 2216 2448 2273 heri
2477 2229 2588 2286 pra:
2617 2204 2833 2264 morum
2867 2205 3154 2258 honestate
3181 2193 3372 2250 lauda-

1795 2323 1914 2386 bas,
1940 2336 2003 2374 ac
2024 2315 2248 2373 virtutis
2271 2311 2492 2366 nomine
2509 2301 2866 2376 praedicabas,
2892 2294 3056 2350 hodie
3079 2298 3143 2345 ut
3167 2289 3368 2342 malum

1795 2374 2135 2479 pravumque
2166 2401 2468 2468 vituperes,
2495 2374 2642 2462 quod
2681 2386 3034 2440 dilectionem
3059 2390 3209 2431 tuam
3243 2374 3371 2428 odio

1795 2497 2124 2561 mutaveris;
2172 2503 2370 2559 nempe
2422 2483 2660 2554 improbi
2703 2479 2781 2534 tui
2831 2475 2945 2530 odii
2993 2468 3370 2526 defensionem

1795 2604 2067 2662 quarens,
2114 2582 2261 2654 quod
2301 2581 2525 2634 fratrem
2569 2570 2922 2630 criminaris:
2955 2564 3050 2620 sed
3081 2572 3373 2632 persevera

1798 2685 1852 2740 in
1889 2681 2084 2736 iisdem
2118 2675 2400 2738 laudibus,
2439 2667 2657 2726 tametsi
2692 2664 2872 2719 adhuc
2906 2672 3052 2728 aegro
3094 2653 3276 2708 animo
3298 2650 3374 2705 sis

1797 2775 2117 2844 doleasque,
2149 2769 2416 2836 facileque
2453 2763 2521 2818 ad
2561 2760 2837 2816 salubrem
2868 2751 3219 2810 dilectionem
3255 2744 3375 2800 ani-

1798 2865 2062 2936 mzequior
2097 2862 2274 2916 factus
2305 2853 2623 2912 reverteris.

1865 2912 1956 3012 28‘.
1985 2954 2129 3010 Cave
2170 2966 2241 3006 ne
2272 2947 2491 3004 laudem
2520 2957 2628 3014 qua
2670 2939 2894 2994 fratrem
2937 2926 3200 3004 prosequi
3239 2940 3375 2981 con-
3469 2912 3471 2914 ’

1800 3063 2080 3110 sueveras,
2116 3045 2187 3099 ob
2220 3041 2467 3098 dolorem
2498 3035 2679 3090 adhuc
2709 3031 2766 3085 in
2797 3026 2964 3084 corde
2992 3025 3277 3083 latentem,
3316 3016 3374 3070 in

127 3109 300 3215 μένην.
321 3140 528 3209 λύπην,
565 3137 624 3188 ὲν
661 3136 730 3204 τῇ
754 3109 880 3186 τῶν
935 3128 1136 3184 λοιπῶν
1168 3124 1412 3196 ἀδελφῶν
1443 3122 1697 3193 συντυχίᾳ

1814 3141 2032 3194 'ratrum
2061 3134 2405 3203 reliquorum
2445 3133 2590 3182 ccetu
2636 3129 3043 3190 congressuque
3071 3109 3370 3168 adulteres,

124 3236 387 3306 νοθεύσῃς
423 3248 437 3263 ο
472 3225 953 3301 συμπαραμίσγων
1006 3224 1120 3284 τοῖς
1181 3220 1358 3287 λόγοις
1395 3216 1697 3286 λεληθότως

122 3331 208 3384 τὸν
228 3329 398 3399 ψόγον
420 3341 435 3355 ⁸
475 3322 610 3378 ἀλλὰ
640 3316 864 3389 καθαρῷ
913 3315 992 3386 τῷ
1025 3312 1230 3383 ἐπαίνῳ
1255 3314 1312 3365 ἐν
1333 3313 1403 3381 τῇ
1439 3308 1699 3379 συντυχίᾳ

125 3423 345 3494 χρῆσαι,
377 3417 475 3472 καὶ
512 3413 747 3484 γνησίως
772 3409 915 3480 ὑπὲρ
943 3404 1131 3470 αὐτοῦ,
1159 3404 1236 3466 ὡς
1268 3400 1489 3467 σαυτοῦ,
1526 3417 1698 3472 προσ.

124 3492 282 3584 εύχου
325 3529 340 3543 ·
379 3509 473 3564 καὶ
530 3505 624 3560 τοῦ
687 3501 931 3574 ὀλεθρίου
986 3499 1178 3571 μίσους
1237 3495 1470 3566 τάχιστα
1524 3492 1701 3547 ἀπαλ-

125 3611 313 3682 λάττῃ.

180 3681 294 3766 «ϐξ
325 3699 421 3772 Μή
464 3696 626 3769 εἴπῃς
646 3713 660 3725 ·
693 3693 766 3747 Ού
803 3688 945 3762 μισῶ
966 3686 1057 3742 τὸν
1079 3684 1327 3754 ἀδελφὸν,
1353 3682 1452 3754 τὴν
1482 3681 1703 3751 μνήμην

127 3797 287 3853 αὺτοῦ
318 3789 814 3862 ἀποστρεφόμενος.
857 3781 1017 3837 Ἀλλὰ
1056 3781 1285 3834 ἄκουσον
1324 3774 1596 3836 Μωῦσὲως
1618 3773 1706 3824 λέ-

127 3908 309 3960 γοντος
329 3907 343 3921 ·
375 3890 432 3940 Μ
441 3885 472 3953 ὴ
500 3880 778 3954 μισήσῃς
799 3877 906 3931 τὸν
935 3872 1204 3940 ἀδελφόν
1229 3885 1344 3922 σου
1369 3865 1445 3935 τῇ
1471 3865 1704 3931 διανοίᾳ

127 3957 274 4040 σου·
311 3974 542 4048 ἐλεγμῷ
569 3970 832 4042 ὲλέγξεις
885 3967 992 4021 τὸν
1043 3961 1308 4032 ἀδελφόν
1334 3976 1451 4014 σου
1483 3957 1582 4011 καὶ
1633 3957 1704 4010 οὐ

127 4076 311 4144 λήψῃ
339 4072 416 4126 δι’
448 4067 635 4122 αὑτὸν
671 4060 974 4133 ἁμαρτίαν.

196 4140 432 4220 λλνἚάν
489 4156 712 4225 ἀδελφὸς
763 4152 927 4222 τυχὸν
993 4145 1388 4219 πειραζόμενος
1447 4140 1704 4210 ὲπιμείνῃ

129 4255 448 4325 κακολογῶν
481 4270 569 4315 σε,
606 4247 742 4302 ἀλλὰ
780 4243 844 4296 σύ
885 4259 948 4310 γε
986 4240 1061 4311 μὴ
1110 4237 1394 4308 ἐξενεχθῇς
1440 4233 1539 4304 τῆς
1570 4234 1708 4300 ἁγα-

130 4347 370 4420 πητικῆς
404 4341 823 4400 καταστάσεως,
857 4331 950 4385 τοῦ
982 4329 1144 4383 αὑτοῦ
1176 4324 1414 4397 πονηροῦ
1453 4324 1708 4392 δαίμονος

130 4414 477 4509 ἀνεχόμενος,
506 4425 849 4498 ἐνοχλοῦντος
885 4422 1024 4476 κατὰ
1068 4419 1328 4473 διάνοιαν.
1367 4416 1484 4469 Οὐκ
1524 4414 1705 4478 ἐξενε-

132 4503 308 4602 χθήὲῄ
344 4527 400 4580 δὲ
425 4522 631 4590 ταύτης
649 4561 663 4585 ,
690 4517 784 4569 ἐὰν
814 4511 1219 4585 λοιδορούμενος
1251 4507 1582 4577 εὐλογήσῃςο
1609 4503 1706 4556 ἐὰν

133 4595 644 4686 ἔπι-ϐουλευόμενος,
676 4609 958 4678 εὐνοήσῃς.
999 4603 1144 4673 Αὕτη
1199 4601 1346 4654 ἐστὶν
1387 4600 1420 4669 ἡ
1461 4598 1578 4659 ὁδὸς
1610 4595 1709 4666 τῆς

133 4713 275 4768 κατὰ
308 4707 540 4782 Χριστὸν
572 4702 891 4778 φιλοσοφίας
925 4715 940 4731 ο
973 4697 1067 4752 καὶ
1097 4695 1124 4747 ὁ
1148 4693 1225 4766 μὴ
1251 4691 1454 4760 ταύτην
1488 4688 1686 4743 ὁδεύων

133 4809 192 4860 ού
220 4800 597 4866 συναυλίξεται
625 4793 795 4864 αὐτῷ.

203 4978 308 5033 λα’.
340 4974 434 5046 Μή
483 4974 560 5036 ὡς
615 4966 936 5028 εὐνοοῦντας
966 4961 1209 5030 λογίζου,
1234 4959 1360 5022 τοὺς
1403 4957 1594 5025 λόγους
1633 4973 1716 5010 σοι

137 5065 404 5139 φέροντας
425 5045 607 5134 λύπην
632 5060 691 5112 ὲν
723 5056 808 5110 σοὶ
852 5053 946 5108 καὶ
1001 5055 1156 5122 μῖσος
1191 5050 1281 5102 τὸν
1328 5047 1464 5118 πρὸς
1491 5045 1716 5114 ἀδελφὺν

137 5134 540 5228 ἐργαζομένους
587 5148 719 5220 (38),
761 5145 865 5198 κᾶν
895 5141 1178 5211 ἀληθεύειν
1204 5137 1435 5191 δοκῶσιν
1457 5153 1470 5167 ·
1499 5134 1612 5190 ἀλλ’
1641 5134 1717 5197 ὼς

141 5240 504 5303 θανατοῦντας
538 5237 690 5307 ὄφεις
717 5235 841 5295 τοὺς
890 5230 1162 5291 τοιούτους
1203 5226 1550 5296 ἀποστρέφου
1575 5241 1588 5254 ·
1631 5223 1718 5276 ἵνα

140 5333 427 5394 κάκείνους
454 5329 548 5383 τοῦ
575 5325 890 5392 κακολογεῖν
916 5322 1216 5392 ἁνακόψῃς,
1237 5320 1331 5373 καὶ
1360 5318 1460 5388 τὴν
1485 5314 1709 5370 σεαυτοῦ

140 5423 319 5494 Ψυχὴν
342 5419 606 5492 πονηρίας
634 5415 972 5485 ἀπαλλάξῃς,
1459 5425 1464 5428 _

214 5595 312 5665 13’.
349 5595 445 5666 Μὴ
467 5595 646 5663 λόγοις
667 5592 724 5646 δι
764 5588 1104 5659 αἰνιγμάτων
1133 5586 1225 5642 τὸν
1252 5584 1478 5655 ἀδελφὸν
1525 5583 1714 5650 κεντή-

1799 3194 1938 3284 clam
1977 3225 2123 3280 inter
2161 3194 2520 3276 fabulandum
2555 3205 2986 3268 commiscendo,
3007 3201 3152 3272 quod
3188 3197 3264 3252 illi
3290 3194 3374 3248 vi-

1801 3318 2016 3390 tuperio
2059 3315 2219 3372 cedat
2262 3329 2275 3365 :
2317 3307 2413 3364 sed
2453 3304 2625 3376 magis
2662 3317 2788 3357 cum
2832 3311 3014 3352 sermo
3053 3287 3367 3347 miscendus

1799 3411 1925 3472 erit,
1960 3419 2154 3476 puram
2186 3399 2388 3457 adhibe
2421 3393 2664 3458 laudem,
2699 3401 2938 3456 vereque
2961 3399 3029 3438 ex
3056 3380 3239 3436 animo
3267 3391 3368 3446 pro

1802 3465 1924 3560 illo,
1949 3465 2012 3550 ac
2044 3508 2145 3564 pro
2170 3490 2369 3560 teipso,
2394 3500 2526 3549 ora;
2562 3480 2766 3550 ﬁetque
2801 3482 2863 3530 ut
2897 3471 3052 3528 brevi
3079 3465 3377 3523 admodum

1802 3587 2035 3644 exitiosa
2062 3582 2176 3638 odii
2200 3580 2324 3636 labe
2357 3573 2632 3632 libereris.

1871 3679 1962 3734 29.
2016 3676 2096 3731 Nc
2154 3672 2306 3728 dicas
2353 3677 2404 3723 te
2448 3682 2558 3720 non
2604 3663 2788 3718 odisse
2831 3657 3078 3718 fratrem,
3123 3650 3219 3722 qui
3262 3649 3382 3719 ejus

1804 3767 2128 3824 memoriam
2154 3761 2447 3818 averseris.
2465 3758 2670 3812 Verum
2689 3751 2818 3807 audi
2837 3749 3039 3803 Mosem
3065 3743 3338 3799 dicentem
3364 3755 3378 3791 :

1804 3861 1922 3916 Non
1943 3858 2113 3912 oderis
2150 3855 2372 3924 fratrem
2393 3847 2613 3901 tuumin
2638 3842 2791 3896 corde
2823 3849 2912 3892 tuo
2937 3856 2954 3891 :
2982 3834 3383 3907 reprehensione

1807 3945 2149 4020 reprehendes
2191 3943 2415 4013 fratrem
2454 3946 2624 3999 tuum,
2669 3939 2856 3986 etnon
2895 3941 3128 3982 assumes
3171 3929 3384 3994 propter
3461 3933 3482 3956 ο

1807 4041 1961 4097 illum
1994 4044 2264 4110 peccatum
2293 4033 2335 4086 ³.

1876 4130 1967 4184 50.
1994 4105 2056 4183 Si
2082 4126 2223 4180 forte
2257 4121 2558 4190 contingat,
2590 4123 2650 4170 ut
2681 4114 2850 4168 frater
2885 4107 3181 4165 tentatione
3202 4105 3385 4175 pulsa-

1811 4231 1918 4287 tus,
1957 4215 2299 4274 detrahendo
2335 4209 2608 4266 morosior
2634 4205 2887 4269 insistat;
2936 4210 2991 4254 tu
3025 4207 3203 4252 tamen
3231 4210 3382 4258 cave,

1807 4328 1878 4368 ne
1933 4310 2128 4366 eodem
2155 4304 2460 4377 proposito,
2492 4297 2875 4368 interpellante
2914 4289 3245 4361 nequissimo
3279 4278 3388 4341 daal-

1809 4419 1993 4468 mone,
2031 4418 2062 4456 a
2100 4397 2386 4455 charitatis
2430 4402 2577 4449 statu
2615 4388 2900 4446 transferri
2931 4395 2983 4441 te
3018 4381 3182 4454 448
3210 4379 3386 4450 patia-
3465 4381 3468 4388 ³

1740 4471 1780 4525 θ
1810 4497 1906 4550 ris.
1942 4494 2013 4550 Ut
2045 4499 2231 4548 autem
2273 4483 2624 4542 transferaris
2673 4493 2953 4548 nunquam
2997 4475 3107 4537 ﬁat,
3138 4471 3181 4526 si
3217 4469 3387 4524 male-

1806 4585 1970 4643 dictis
1993 4582 2302 4643 lacessitus,
2332 4574 2684 4632 benedixeris
2717 4589 2732 4624 :
2764 4571 2809 4624 si
2849 4566 3066 4622 insidiis
3092 4562 3385 4633 appetitus.

1805 4673 2250 4734 benevolentiam
2292 4667 2561 4725 tenueris.
2603 4663 2730 4718 llaec
2771 4660 3097 4730 Christianae
3140 4654 3388 4726 philoso-

1807 4770 1953 4841 phia:
1978 4768 2103 4836 via;
2139 4779 2266 4836 qua,
2300 4762 2394 4832 qui
2422 4759 2716 4821 exorbitat,
2740 4755 2887 4810 haud
2923 4765 3164 4822 unquam
3183 4747 3389 4804 Christi

1810 4855 2176 4915 contubernio
2201 4867 2266 4907 ac
2289 4851 2552 4906 societate
2574 4846 2858 4918 gaudebit.

1881 4949 1972 5004 51.
2005 4945 2085 5000 Ne
2110 4941 2266 5013 quasi
2286 4939 2586 4996 benevolos
2617 4936 2806 5004 tuique
2837 4932 3078 4987 cultores
3110 4925 3390 4982 existima-

1810 5037 1978 5103 veris,
2004 5035 2099 5107 qui
2129 5033 2227 5089 tibi
2260 5032 2316 5086 in
2347 5045 2536 5085 aurem
2564 5039 2851 5083 sermones
2869 5024 3240 5079 insusurrant,
3266 5014 3389 5085 qui-

1813 5128 1916 5182 bus
1939 5127 1995 5180 in
2021 5124 2245 5179 fratrem
2285 5119 2506 5176 tristitia
2547 5126 2713 5186 atque
2751 5113 2878 5168 odio
2925 5106 3256 5169 incendaris,
3303 5115 3387 5159 ta-

1815 5218 1974 5273 metsi
2007 5230 2140 5271 vera
2156 5227 2382 5272 narrare
2413 5209 2732 5271 videantur;
2764 5204 2858 5260 sed
2883 5213 3138 5271 tanquam
3167 5197 3390 5268 pestife-

1816 5325 1907 5364 ros
1928 5316 2212 5376 serpentes
2246 5305 2367 5374 ejus
2411 5300 2629 5372 generis
2659 5297 2913 5352 homines
2940 5305 3229 5354 aversare;
3273 5297 3388 5340 tum

1815 5409 1878 5454 ut
1909 5399 2127 5453 illorum
2169 5391 2607 5450 maledicentiam
2641 5400 2976 5457 compescas,
3023 5390 3138 5437 tum
3177 5389 3238 5434 ut
3276 5379 3390 5451 ipse

1817 5490 2062 5545 animum
2103 5497 2257 5543 tuum
2289 5502 2320 5540 a
2347 5483 2594 5554 nequitia
2631 5481 2852 5535 liberes.

1889 5582 1979 5636 52.
2013 5581 2092 5636 Ne
2127 5580 2380 5634 obscuris
2425 5591 2490 5631 ac
2514 5571 2792 5646 perplexis
2820 5568 3004 5626 verbis
3031 5567 3256 5621 fratrem
3286 5577 3391 5630 pu-

223 5760 243 5793 '
265 5762 428 5816 Prov.
453 5777 557 5828 rw,
583 5764 669 5819 29.
745 5763 765 5794 ⁸
789 5765 945 5819 Rom.
972 5777 1045 5827 vr,
1070 5759 1159 5812 22.
1234 5759 1253 5789 ⁷
1279 5756 1437 5810 Rom.
1465 5769 1590 5819 xvu,
1623 5753 1675 5806 5.

1814 5745 1974 5802 Lavit.
2003 5760 2112 5811 XIX,
2160 5742 2238 5798 l7.
