3876 6314
468 307 605 374 1055

1647 309 1708 368 S.
1750 307 2036 370 MAXIMI
2074 305 2583 368 LONFESSORIS

3606 299 3752 367 1058

464 416 717 491 pugeris;
771 429 843 470 ne
907 413 1000 470 illo
1054 413 1206 484 paria
1272 412 1662 484 respondente,
1725 412 2039 468 dilectionis

2178 428 2261 483 τις,
2299 412 2385 466 ἵνα
2414 411 2489 482 μὴ
2525 409 2595 464 τά
2620 408 2924 480 ὄμοιαπαῤ
2963 407 3132 464 αὗτοῦ
3165 405 3629 476 ἀπῶεχόμενος,
3651 411 3749 472 τὶς-ι

463 504 720 559 affectum
750 519 817 557 ex
853 505 1138 558 amborum
1176 503 1375 560 animis
1413 503 1730 574 expuleris:
1771 501 1868 557 sed
1902 501 2034 556 cha-

465 597 644 650 ritatis
686 596 904 660 fiducia,
949 595 1107 660 vade,
1149 610 1387 664 eumque
1429 609 1598 664 argue
1630 595 1673 659 ’,
1708 602 1768 647 ut
1805 592 2037 648 sublatis

465 704 587 758 qua:
618 687 863 744 dolorem
890 688 1071 742 animo
1107 687 1448 758 ingerebant,
1497 695 1548 741 te
1587 685 1794 756 pariter
1831 685 2042 754 ipsum-

467 794 575 849 que
603 778 915 832 turbatione
943 787 1108 846 atque
1140 777 1307 830 animi
1337 775 1660 846 aegritudine
1690 775 1912 828 liberes.

539 869 628 922 55.
659 867 819 923 Omni
849 867 1133 938 diligentia
1173 876 1419 922 scrutare
1451 864 1842 921 conscientiam
1869 873 2056 929 tuam,

469 975 540 1014 ne
569 959 710 1013 forte
737 966 828 1012 tua
862 958 1020 1025 culpa
1057 957 1228 1010 frater
1267 972 1376 1011 non
1409 955 1795 1010 reconciliatus
1823 953 2044 1008 absces-

473 1050 647 1114 serit;
705 1065 769 1103 ac
810 1065 879 1102 ne
927 1049 1060 1102 falsa
1113 1047 1270 1117 quasi
1326 1045 1712 1116 supputatione
1753 1043 2044 1099 fallendam

473 1157 592 1194 eam
627 1141 927 1210 putaveris,
953 1156 1070 1209 quin
1098 1139 1314 1194 noverit
1337 1139 1548 1192 occulta
1581 1147 1693 1200 tua,
1727 1144 2048 1191 accusatura

475 1247 586 1300 quo
628 1240 871 1299 tempore
916 1231 1057 1284 vivis
1100 1229 1352 1295 excedes,
1388 1244 1452 1284 ac
1485 1227 1816 1282 oll‘endiculo
1865 1224 2052 1281 futura

479 1321 611 1375 dum
645 1321 907 1390 precaris.

543 1411 632 1467 54.
672 1411 750 1466 Ne
789 1411 940 1480 pacis
981 1419 1250 1481 tempore,
1289 1424 1482 1464 eorum
1530 1423 1651 1478 qua:
1688 1406 1835 1463 dicta
1864 1414 1993 1462 sunt
2021 1420 2054 1460 a

478 1502 669 1567 fratre,
702 1518 828 1556 cum
872 1503 917 1556 is
957 1518 1102 1572 aegro
1139 1503 1324 1556 animo
1363 1512 1529 1560 esset,
1577 1499 1912 1562 memineris,
1939 1499 2056 1554 sive

480 1594 574 1650 ille
603 1595 657 1649 in
689 1594 883 1649 faciem
920 1609 984 1649 ac
1011 1609 1196 1648 coram
1239 1594 1435 1648 acerba
1464 1594 1682 1647 locutus
1714 1601 1820 1656 est,
1849 1591 1964 1650 sive
1987 1589 2055 1644 ad

479 1685 646 1740 alium
667 1685 981 1750 oblocutus,
1011 1700 1078 1738 ex
1107 1700 1216 1755 quo
1246 1696 1434 1755 postea
1475 1684 1717 1739 audieris
1750 1701 1762 1737 :
1799 1699 1892 1748 ne,
1923 1682 2055 1737 dum

2135 505 2234 575 τῆς
2257 503 2474 574 ἀγάπης
2503 502 2740 556 διάθεσιν
2763 499 2823 566 ἐξ
2847 499 3178 570 ἀμφοτέρων
3228 496 3546 566 ἀπελάσῃς.
3591 498 3753 551 ’Δλὶὲι

2143 596 2284 669 μετά
2315 594 2626 667 παρρησίας
2654 592 3022 663 ἀγαπητικῆς,
3057 589 3262 657 ὕπαγε,
3296 589 3527 657 ἔλεγξον
3557 590 3750 653 αὑτὸν,

2141 689 2229 742 ἵνα
2257 687 2356 751 τὰς
2407 687 2586 748 αἰτίας
2606 685 2704 755 τῆς
2732 683 2908 755 λύπης
2939 682 3130 746 λύσας,
3151 681 3415 752 ταραχῆς
3445 683 3543 735 καὶ
3575 681 3750 747 λύπης

2143 779 2484 852 ἀμφοτέρους
2515 777 2853 848 ἀπαλλάξῃς.

2217 868 2322 938 λγ’.
2367 869 2690 940 Ἑρεύνησον
2717 867 2815 938 τὴν
2860 867 3166 933 συνείδησιν
3203 866 3350 936 μετά
3385 865 3578 933 πάσης
3603 867 3748 932 ἀκριο

2145 961 2320 1026 ὃείας,
2338 962 2547 1032 μήποτε
2575 962 2640 1031 τῇ
2665 962 2731 1030 σῇ
2777 958 2926 1029 αἰτίᾳ
2945 959 2973 1011 ὸ
2989 957 3218 1025 ἀδελφὸς
3236 957 3301 1009 οὐ
3325 955 3604 1026 διηλλάγη
3631 973 3646 986 ο
3663 958 3747 1007 nl

2151 1054 2226 1126 μὴ
2261 1052 2623 1124 παραλογίζου
2675 1051 2880 1122 ταύτην
2913 1053 3070 1122 (e-n),
3092 1049 3160 1103 τά
3191 1048 3425 1119 κρυπτά
3459 1065 3562 1100 σου
3591 1048 3723 1114 τινες,

2151 1162 2408 1208 σκουσαν,
2438 1145 2534 1200 nat
2593 1143 3008 1214 κατηγοροῦσαν
3042 1158 3136 1194 σου
3182 1142 3245 1192 ὲν
3301 1139 3388 1209 τῷ
3439 1138 3636 1208 καιρῷ
3660 1140 3748 1207 τῆς

2149 1238 2353 1304 ἐξόδου,
2377 1237 2470 1290 καὶ
2498 1238 2556 1290 ὲν
2586 1234 2764 1306 καιρῷ
2791 1235 2850 1287 δὲ
2900 1233 3227 1305 προσευχῆς,
3265 1231 3638 1303 πρόσκομμὰ
3679 1249 3750 1282 πε

2151 1329 2465 1399 γινομένην.

2223 1418 2316 1474 λδ.
2345 1417 2436 1488 Μὴ
2469 1415 2778 1488 μνημόνευε
2805 1417 2864 1469 ὲν
2893 1413 2974 1486 τῷ
3021 1413 3204 1485 καιρῷ
3229 1416 3339 1485 τῆς
3362 1414 3630 1484 εἰρήνης,
3653 1413 3754 1464 τῶν

2155 1505 2213 1556 ὲν
2232 1503 2310 1574 τῷ
2339 1503 2518 1574 καιρῷ
2543 1503 2643 1573 τῆς
2670 1503 2844 1573 λύπης
2871 1503 2977 1556 ὑπὸ
3004 1503 3098 1556 τοῦ
3127 1503 3370 1570 ἀδελφοῦ
3412 1503 3752 1572 λεχθέντων·

2155 1595 2258 1650 κάν
2284 1611 2345 1648 τε
2385 1593 2528 1648 κατά
2577 1594 2868 1664 πρόσωπον
2894 1594 2966 1648 τὰ
3013 1594 3237 1664 λυπηρά
3272 1593 3493 1665 ὲρῤἑθη
3515 1634 3533 1656 ,
3571 1596 3674 1647 κᾶν
3703 1612 3755 1646 :5

2157 1687 2295 1758 πρὸς
2322 1687 2480 1742 ἀλλον
2502 1687 2632 1757 περὶ
2662 1686 2781 1746 σοῦ.
2811 1685 2906 1739 καὶ
2938 1685 3077 1755 μετά
3126 1683 3304 1738 ταῦτα
3351 1685 3618 1753 ἡκουσας
3641 1703 3657 1714 ο
3681 1685 3756 1736 tu

479 1777 684 1832 veteris
733 1777 863 1831 rixaa
907 1792 972 1831 ac
1024 1776 1238 1846 injuria:
1283 1775 1642 1846 cogitationes
1690 1774 1954 1842 admittis,
1987 1773 2055 1828 ad

2178 1779 2238 1849 ti]
2267 1780 2376 1832 τῶν
2413 1778 2690 1849 λογισμῶν
2736 1777 2836 1847 τῆς
2871 1777 3238 1847 μνησικακίας
3284 1777 3664 1846 ἀνεχόμενος,
3688 1781 3757 1840 εὶς

480 1863 775 1918 exitiosum
812 1862 998 1918 fratris
1027 1863 1213 1916 odium
1251 1862 1563 1916 revertaris.

553 1952 644 2006 55.
681 1952 802 2014 Non
847 1960 1030 2021 potest
1069 1952 1286 2006 animus
1339 1960 1498 2006 utens
1535 1951 1768 2018 ratione,
1814 1949 2059 2021 quandiu

485 2057 674 2096 secum
717 2043 833 2112 ipse
856 2043 910 2096 in
950 2043 1228 2097 hominem
1258 2043 1356 2097 alit
1382 2043 1568 2099 odium
1599 2059 1663 2097 ac
1688 2043 1906 2112 premit,
1934 2057 2060 2096 cum

481 2133 619 2194 Deo.
646 2133 740 2202 qui
768 2132 921 2187 dedit
952 2134 1292 2197 mandatum,
1313 2149 1502 2203 pacem
1530 2135 1732 2188 habere
1761 2151 1774 2184 :
1803 2131 1860 2187 Si
1887 2132 2057 2198 enim,

484 2223 684 2292 inquit,
713 2240 818 2279 non
855 2224 1157 2278 dimiseritis
1185 2225 1476 2278 hominibus
1512 2231 1724 2294 peccata
1747 2239 1948 2288 eorum,
1969 2239 2062 2280 nec

483 2313 650 2369 Pater
679 2322 845 2369 vester
864 2314 1083 2370 caelestis
1119 2316 1346 2369 dimittet
1377 2316 1518 2369 vobis
1544 2323 1756 2386 peccata
1793 2321 1964 2367 vestra
1993 2314 2058 2367 ¹⁹.

487 2403 584 2460 Sin
607 2413 792 2460 autem
835 2406 925 2462 ille
964 2422 1156 2477 pacem
1185 2408 1324 2462 nolit
1361 2408 1562 2472 colere,
1601 2417 1656 2462 tu
1691 2407 1880 2461 saltem
1909 2415 1960 2461 te
1991 2405 2061 2461 ab

485 2495 615 2550 odio
646 2496 943 2555 immunem
985 2513 1164 2560 serva,
1184 2514 1312 2552 vere
1331 2515 1396 2552 ex
1423 2498 1606 2553 animo
1626 2514 1727 2570 pro
1752 2497 1846 2553 illo
1872 2513 2060 2566 orans,

484 2603 588 2645 nec
617 2588 759 2659 apud
808 2590 978 2645 ullum
1010 2590 1058 2646 ei
1091 2591 1430 2648 obtrectans.

558 2763 646 2819 36.
680 2763 1008 2819 Sanctorum
1048 2763 1365 2833 angelorum
1396 2763 1546 2817 nulla
1569 2763 1860 2816 verborum
1885 2760 1938 2814 vi
1965 2776 2062 2815 ex-

490 2855 766 2926 plicabilis
802 2871 926 2926 pax,
966 2853 1172 2924 duplici
1205 2855 1311 2908 hoc
1348 2853 1548 2908 affectu
1589 2853 1744 2907 firma
1779 2853 2058 2917 consistit;

487 2963 684 3019 nempe
712 2948 1003 3013 charitate,
1035 2963 1144 3018 qua
1170 2947 1366 3005 Deum.
1394 2955 1448 3001 et
1475 2962 1580 3018 qua
1618 2946 1721 3016 ipsi
1759 2945 1898 3000 alter
1929 2946 2064 2999 alte-

2155 1871 2218 1927 τὸ
2249 1869 2493 1940 ὀλέθριον
2529 1872 2686 1938 μῖσος
2711 1869 2807 1921 τοῦ
2849 1867 3078 1936 ἀδελφοῦ
3106 1867 3500 1937 ὑποστρέψῃς.

2229 1963 2321 2017 λε’.
2351 1961 2428 2015 Οὐ
2474 1960 2699 2016 δύναται
2741 1959 2887 2030 ψυχὴ
2921 1958 3116 2029 λογικὴ
3159 1959 3301 2029 πρὸς
3334 1959 3651 2030 ἄνθρωπον
3681 1963 3754 2029 με.

2161 2072 2251 2118 σος
2302 2053 2598 2125 τρέφουσα,
2627 2052 2765 2124 πρὸς
2810 2051 2902 2104 τὸν
2937 2051 3069 2104 Θεὸν
3121 2051 3456 2122 εἰρηνεῦσαι
3477 2092 3494 2112 ,
3531 2053 3630 2106 τὸν
3659 2051 3754 2104 τῷν

2157 2145 2389 2201 ἐντολῶν
2419 2145 2624 2215 δοτῆρα
2645 2161 2660 2178 ·
2712 2142 2848 2200 Ἐὰν
2878 2143 3008 2212 γὰρ.
3058 2143 3191 2213 φησὶ
3213 2184 3228 2208 .
3258 2143 3352 2211 μὴ
3397 2143 3614 2214 ἀφῆτε
3644 2143 3751 2206 ταῖς

2158 2238 2494 2306 ἀνθρώποις
2537 2235 2610 2290 τὰ
2639 2233 3080 2304 παραπτώματα
3123 2234 3329 2289 αὐτῶν
3351 2276 3369 2295 .
3408 2236 3572 2290 οὐδὲ
3595 2240 3629 2290 ό
3653 2240 3753 2289 Πο-

2156 2329 2272 2397 σὴρ
2304 2327 2474 2398 ἡμῶν
2529 2331 2601 2383 οὐ
2652 2328 2932 2396 οὐράνιος
2984 2326 3210 2394 ἀφήσει
3247 2327 3406 2396 ὑμῖν
3455 2328 3538 2382 τὰ
3590 2344 3751 2396 xm

2159 2420 2438 2488 πτώματα
2465 2417 2654 2488 ὑμῶν.
2691 2419 2755 2471 Ei.
2793 2417 2850 2472 δὲ
2890 2419 3097 2479 ἐκεῖνος
3137 2417 3462 2488 εἰρηνεύειν
3493 2419 3562 2471 οὐ
3601 2418 3750 2476 θέλει,

2160 2509 2298 2564 ἀλλὰ
2334 2509 2398 2562 σύ
2437 2525 2500 2576 γε
2537 2508 2763 2565 σεαυτὸν
2793 2507 2902 2561 ἀπὸ
2941 2507 3130 2577 μίσους
3167 2507 3440 2576 φύλαξον,
3464 2511 3752 2578 προσευχό-

2165 2614 2322 2668 μενος
2355 2598 2496 2668 ὑπὲρ
2527 2598 2690 2654 αὑτοῦ
2733 2598 2994 2668 γνησίως,
3027 2597 3125 2652 καὶ
3161 2596 3237 2668 μὴ
3287 2599 3628 2668 κακολογῶν
3665 2600 3749 2650 αὖ-

2161 2689 2252 2746 τὸν
2287 2689 2422 2760 πρός
2457 2708 2602 2745 τινα.

2232 2780 2340 2846 λς’.
2387 2782 2450 2835 Ἦ
2489 2781 2598 2834 τῶν
2640 2782 2812 2850 ἁγίων
2881 2781 3130 2850 ἀγγέλων
3169 2778 3496 2853 ’ἄφραστος
3551 2784 3750 2851 εἰρήνη.

2161 2872 2281 2933 ταῖς
2315 2871 2434 2926 δυσὶ
2459 2871 2682 2934 ταύταις
2709 2872 3040 2943 κεκράτηται
3069 2870 3349 2924 διαθέσεσι
3380 2888 3395 2902 ·
3439 2875 3514 2942 τῇ
3541 2889 3603 2924 τε
3631 2873 3751 2941 ag);

2163 2961 2254 3018 τὸν
2291 2963 2443 3028 Θεὸν,
2483 2965 2578 3018 καὶ
2628 2967 2698 3034 τῇ
2755 2965 2893 3035 πρὸς
2939 2964 3206 3034 ἀλλήλους
3252 2964 3482 3036 ἀγάπῃ.
3536 2966 3750 3034 Ὁμοίως

490 3051 611 3088 rum
659 3044 1091 3106 prosequuntur.
1135 3034 1402 3089 Similiter
1443 3051 1576 3088 vero
1617 3035 1782 3090 etiam
1815 3036 2059 3088 omnium

2178 3054 2242 3118 is,
2274 3057 2368 3110 καὶ
2423 3057 2640 3111 πάντων
2685 3057 2796 3110 τῶν
2843 3057 2937 3109 ἀπ’
2967 3056 3161 3118 αἰῶνος
3210 3055 3410 3122 ἁγίων.
3447 3058 3746 3122 ﬂuvidi»;

490 3135 808 3179 sanctorum
834 3126 930 3195 qui
958 3142 987 3180 a
1013 3127 1210 3180 saeculo
1236 3125 1476 3182 fuerunt.
1495 3126 1871 3181 Pulcherrime
1897 3127 2059 3196 igitur

2178 3103 2256 3199 ὤν
2285 3148 2498 3218 είρηται
2540 3148 2644 3200 ὑπὸ
2693 3147 2787 3200 τοῦ
2836 3147 3091 3218 Σωτῆρος
3125 3103 3307 3217 ημῶν,
3345 3149 3440 3200 ὅτι
3491 3105 3597 3203 ’έν
3629 3103 3748 3201 τριύῖ

490 3230 556 3268 ac
579 3215 784 3284 optime
815 3215 1024 3269 dictum
1057 3215 1324 3270 Salvatori
1368 3225 1557 3270 nostro
1592 3225 1676 3270 est
1716 3235 1728 3270 :
1766 3217 1831 3271 In
1866 3217 2066 3272 duobus

493 3305 574 3358 Itis
609 3305 879 3358 mandatis
929 3315 1038 3357 tota
1071 3303 1152 3357 lea:
1177 3305 1363 3373 pendet
1426 3313 1475 3360 et
1504 3306 1768 3375 praphclw
1795 3307 1858 3358 ¹¹.

553 3392 724 3470 ’449
753 3399 840 3453 37-
878 3376 956 3453 Nlﬁ
987 3397 1083 3453 libi
1138 3396 1254 3465 ipse
1284 3397 1523 3467 placeas,
1573 3407 1628 3452 et
1663 3397 1890 3451 fratrem
1941 3399 2071 3457 odio

493 3504 602 3541 non
631 3486 860 3541 habebis
893 3505 906 3540 :
936 3503 1038 3542 nec
1063 3495 1116 3541 te
1142 3488 1258 3558 ipse
1290 3503 1354 3540 ac
1395 3502 1616 3541 carnem
1653 3503 1820 3558 prave
1847 3505 2070 3545 amave-

493 3577 593 3641 ris,
630 3577 839 3645 Deique
870 3592 1062 3632 amans
1100 3593 1162 3631 ac
1185 3577 1476 3647 religiosus
1495 3577 1626 3631 eris.

561 3667 650 3722 58.
709 3666 997 3737 Siquidem
1047 3683 1170 3722 cum
1229 3668 1579 3739 spiritalibus
1633 3669 1803 3723 vitam
1867 3669 2072 3727 ducere

494 3756 680 3812 animo
734 3761 1096 3816 constitutum
1133 3771 1253 3826 est,
1313 3777 1382 3816 ex
1436 3761 1569 3834 ipsis
1599 3762 1788 3817 statim
1835 3762 2068 3828 foribus,

382 3904 407 3926 ο
496 3849 605 3904 tuis
631 3850 1010 3905 voluntatibus
1048 3852 1308 3906 nuntium
1342 3852 1581 3908 remitte.
1615 3852 1736 3907 Non
1773 3853 1923 3909 enim
1963 3854 2070 3907 ali-

495 3947 582 3994 ter
619 3938 736 3995 fieri
762 3940 987 4010 poterit,
1033 3947 1096 3994 ut
1129 3942 1214 3997 vel
1257 3956 1382 3995 cum
1411 3942 1543 4006 Deo,
1575 3942 1660 3996 vel
1688 3957 1813 3996 cum
1846 3942 1953 3995 illis
1975 3958 2072 4012 pa-

495 4045 614 4086 cem
642 4031 866 4097 habeas,
904 4032 1234 4101 quibuscum
1271 4034 1397 4086 vitae
1423 4034 1742 4087 societatem
1777 4032 1991 4090 inieris.

571 4119 660 4172 59.
713 4117 814 4174 Cui
857 4119 1157 4189 perfectam
1209 4120 1452 4177 nancisci
1507 4121 1829 4174 charitatem
1880 4121 2069 4186 licuit,

501 4225 802 4280 omnesque
826 4211 952 4267 vita:
988 4227 1102 4266 sua:
1131 4212 1372 4267 rationes
1394 4211 1460 4266 ad
1490 4227 1608 4268 eam
1636 4212 1962 4282 composuit,
1982 4213 2073 4267 hic

497 4301 689 4371 utique
737 4303 1026 4358 Dominum
1056 4302 1242 4357 Jesum
1285 4304 1340 4357 in
1375 4303 1586 4374 Spiritu
1610 4311 1801 4358 sancto
1840 4302 1975 4356 dicit
2004 4303 2068 4369 ";

497 4391 851 4459 vicissimque
883 4391 1182 4445 contraria.

567 4480 656 4533 40.
697 4477 826 4544 Qua!
863 4479 919 4532 in
951 4481 1121 4533 Deum
1157 4479 1399 4533 charitas
1436 4487 1539 4546 est,
1580 4480 1648 4534 ad
1681 4480 1867 4535 divina
1895 4481 2069 4536 collo-

498 4569 627 4636 quia
669 4569 960 4623 sublimem
994 4583 1263 4638 propense
1314 4585 1534 4640 semper
1583 4573 1827 4626 animum
1886 4573 2066 4628 levat:

498 4673 620 4726 quae
645 4669 826 4712 autem
859 4659 927 4712 ad
969 4659 1281 4730 proximum
1322 4668 1427 4725 est,
1461 4660 1599 4714 bene
1635 4676 1850 4732 semper
1880 4662 1948 4718 de
1977 4663 2071 4719 illo

500 4748 634 4804 facit
667 4751 931 4820 cogitare.

571 4913 593 4945 θ
626 4911 817 4967 Matth.
852 4928 1000 4978 xvm,
1034 4913 1120 4969 15.

573 5053 706 5126 (e-n)
735 5055 848 5126 Kal.
862 5054 951 5126 μὴ
973 5056 1368 5126 παραλογιζου
1418 5057 1659 5126 ταύτην.

504 5125 731 5196 rationes
771 5123 950 5192 fallas.
995 5123 1133 5196 Nota
1178 5123 1329 5180 vecis
1374 5123 1699 5196 significatio
1731 5123 1797 5181 ex
1830 5123 2072 5183 Βύάἶυι

503 5192 646 5255 aliis,
679 5201 1075 5265 auctorumque
1117 5195 1387 5264 frequenti
1427 5192 1560 5256 usu,
1598 5197 1652 5250 in
1693 5197 1758 5250 iis
1791 5199 1884 5265 qui
1921 5199 2072 5253 falsis

503 5263 988 5334 supputationibus
1015 5280 1079 5318 ac
1115 5263 1444 5330 rationibus,
1485 5266 1695 5334 aliquid
1733 5263 2069 5332 subducere,

505 5339 565 5401 ut
588 5331 642 5383 in
665 5333 1043 5401 vectigalibus,
1065 5349 1126 5388 ac
1145 5334 1439 5397 similibus,
1463 5331 1735 5401 satagunt.
1762 5337 1910 5390 Nihil
1934 5331 2074 5392 bene

504 5399 706 5469 Obsop.
738 5409 794 5454 et
816 5399 989 5456 Cesn.
1022 5403 1088 5455 Et
1119 5419 1180 5456 ne
1219 5413 1520 5457 contemnas
1546 5399 1718 5459 illam.
1772 5407 1886 5460 Etsi
1920 5407 2068 5462 enim

506 5469 598 5542 hic
618 5471 968 5542 conscientiae
988 5481 1330 5541 contemptus
1349 5481 1453 5537 est,
1478 5483 1532 5527 at
1552 5474 1931 5542 explicandum
1946 5491 2070 5529 cum

508 5537 762 5612 Maximo,
786 5541 841 5612 in
865 5556 1104 5609 quonam
1117 5537 1221 5612 est
1237 5549 1586 5612 contemptus
1608 5537 1638 5608 ;“
1662 5545 1716 5597 in
1743 5559 1809 5597 eo
1835 5545 2067 5608 scilicet,

509 5606 656 5682 quod
708 5610 833 5675 quis
883 5606 1039 5682 putet
1085 5611 1188 5682 sibi
1244 5606 1572 5682 consultum,
1611 5606 1684 5666 ἰιι
1722 5613 1871 5667 illius
1920 5606 2072 5668 fallat

512 5678 772 5740 rationes,
841 5679 996 5746 quasi
1044 5679 1126 5732 vel
1178 5678 1388 5732 nesciat
1421 5697 1540 5750 qua:
1580 5684 1719 5736 mala
1770 5684 1905 5737 fiunt
1975 5694 2070 5738 aut

2165 3254 2295 3304 ταις
2346 3238 2476 3304 ταῖς
2525 3238 2710 3294 δυσὶν
2755 3239 3032 3306 ἐντολαῖς
3066 3242 3100 3292 ὁ
3135 3239 3325 3308 νόμος
3373 3239 3531 3306 ὅλος
3583 3241 3677 3294 καί
3704 3241 3750 3292 ei

2168 3327 2467 3399 προφῆται
2493 3332 2832 3401 κρέμανται.

2240 3420 2340 3488 λζ’.
2379 3423 2471 3493 Μὴ
2528 3423 2622 3476 (eo
2659 3421 3015 3491 αὑτάρεσκος,
3049 3421 3140 3474 καὶ
3187 3422 3287 3474 οὐκ
3339 3422 3450 3493 ἔσῃ
3507 3424 3749 3492 μισάἰεὶο

2171 3528 2299 3583 φος’
2331 3513 2424 3566 καλ⁸
2458 3512 2534 3583 μὴ
2565 3511 2656 3566 ἔσο
2683 3513 2957 3582 φίλαυτος,
2982 3513 3079 3565 καὶ
3107 3510 3206 3584 ἔσῃ
3242 3513 3524 3580 φιλόθεος.

2240 3676 2341 3751 λη’.
2381 3679 2775 3750 Πνευματικοῖς
2802 3678 3038 3747 συζῆσαι
3061 3678 3475 3750 προῃρημένος,
3514 3681 3624 3741 τοῖς
3653 3682 3746 3738 :52;

2172 3773 2470 3844 θελήμασιν
2515 3772 2624 3826 ἀπὸ
2658 3773 2835 3844 θυρῶν
2871 3773 3172 3840 ἀπόταξαι’
3214 3775 3276 3826 οὐ
3330 3776 3409 3843 μὴ
3439 3777 3552 3846 γὰρ
3593 3777 3744 3844 ἑτέρῳ

2170 3865 2358 3938 τρόπῳ
2387 3863 2701 3936 εξρηνεῦσαι
2734 3863 2958 3937 δυνήσῃ,
2983 3863 3107 3916 οὔτε
3137 3863 3276 3936 πρὸς
3320 3865 3420 3917 τὸν
3449 3866 3611 3928 Θεὸν,
3638 3867 3742 3918 οὕτε

2173 3956 2307 4028 πρὸς
2337 3956 2460 4020 τοὺς
2492 3955 2786 4020 συζῶντας.

2239 4130 2341 4185 λθ’.
2393 4131 2453 4184 '0
2483 4130 2695 4184 τελείαν
2743 4131 2963 4202 ἀγάπην
3011 4130 3315 4201 κτήσασθαι
3364 4131 3742 4197 δυνηθεὶς,καὶ

2171 4220 2289 4275 ὅλον
2341 4219 2432 4273 τὸν
2472 4219 2586 4290 βίον
2617 4219 2781 4273 αὐτοῦ
2804 4260 2820 4285 ,
2862 4219 2998 4289 πρὸς
3025 4220 3224 4289 ταύτην
3255 4219 3565 4289 ρυθμξσας,
3605 4219 3736 4280 οἷο-τες

2171 4310 2316 4380 λέγει
2356 4310 2558 4381 Κύριον
2605 4309 2810 4381 Ἰησοῦν
2845 4312 2902 4363 ὲν
2925 4310 3387 4381 [Ῐνεύματιάγξῳ.
3429 4313 3542 4365 Καὶ
3573 4315 3635 4365 ὲκ
3661 4311 3735 4364 τεῦ

2101 4431 2147 4486 D
2176 4401 2438 4466 ἐναντίου,
2469 4401 2538 4454 τά
2564 4402 2779 4454 ἐναντία
2807 4401 3068 4470 δηλονότι.

2247 4499 2318 4564 μ’.
2371 4491 2436 4544 ἸΙ
2471 4491 2570 4562 μὲν
2612 4491 2691 4556 είς
2740 4491 2872 4543 Θεὸν
2904 4492 3113 4560 ἀγάπη,
3169 4493 3249 4555 εἰς
3292 4491 3398 4562 τὴν
3439 4493 3593 4548 θείαν
3635 4498 3736 4563 ὁμι-

2175 4582 2292 4636 λίαν
2327 4582 2414 4636 ἀεὶ
2442 4582 2586 4650 φιλεῖ
2622 4581 2900 4651 πτερῶσαι
2927 4581 3017 4633 τὸν
3050 4581 3177 4635 νοῦν
3195 4599 3209 4612 °
3243 4585 3277 4652 ἡ
3301 4583 3358 4635 δὲ
3391 4587 3478 4648 εἰς
3502 4587 3593 4638 τὸν
3620 4587 3734 4654 :19,—

2179 4673 2314 4740 σίον,
2352 4675 2441 4727 ἀεὶ⁵
2462 4673 2604 4727 καλά
2627 4672 2934 4740 λογίζεσθαι
2962 4672 3095 4744 περὶ
3119 4673 3287 4726 αὑτοῦ
3321 4675 3733 4746 παρασκευάζει.

1200 4915 1242 4947 ³⁸
1268 4915 1460 4970 Matth.
1490 4932 1564 4982 Vl,
1594 4918 1678 4973 μ.
1757 4919 1800 4952 ίί
1828 4920 2018 4976 Matth.
2055 4937 2185 4988 xm,
2212 4921 2302 4978 40.
2381 4923 2424 4955 ’⁸
2451 4921 2473 4976 ι
2496 4921 2623 4979 Cor.
2648 4939 2742 4988 κη,
2767 4920 2822 4977 3.

1712 5057 1900 5140 Quasi,
1929 5063 2069 5140 _ejus_
2169 5063 2322 5118 velut
2351 5061 2782 5140 praevaricari},
2819 5075 2941 5140 qua:
2977 5059 3198 5140 noverit
3227 5058 3556 5140 possi'tHnon
3591 5075 3729 5140 acel-

2171 5149 2311 5187 sarc.
2352 5128 2514 5198 Quod
2535 5140 2673 5208 erat,
2717 5135 2775 5183 ὲν
2815 5128 2892 5200 τῷ
2934 5129 3162 5208 κρυπτῷ
3193 5128 3286 5198 τῆς
3334 5128 3544 5190 ἐξόδου.
3588 5131 3731 5182 decu-

2173 5209 2462 5272 quun‘tque
2489 5201 2582 5272 qui
2622 5216 2810 5272 supra,
2840 5201 3154 5272 necessario
3195 5206 3469 5272 mutatum
3509 5214 3722 5272 ex__mss.

2173 5267 2232 5324 ἐν
2265 5270 2343 5339 τῷ
2372 5267 2594 5339 ’καιρῷ.
2649 5267 2720 5325 Ut
2760 5285 2866 5323 vox
2911 5267 3142 5339 κρυπτῷ
3185 5267 3498 5339 retinenda,
3545 5268 3726 5339 dixisse

2175 5337 2458 5394 debuisset
2496 5337 2790 5400 Maximus,
2817 5339 2915 5406 τῆς
2941 5337 3202 5398 διανοίας,
3240 5337 3326 5389 vel
3366 5337 3502 5406 quid
3544 5337 3723 5395 siilc,

2177 5411 2266 5463 cui
2298 5409 2494 5463 merito
2525 5408 2798 5478 quadrare
2847 5405 3048 5478 potest.
3080 5406 3192 5471 Τῆς
3232 5405 3430 5470 ἐξόδου,
3471 5405 3650 5474 potius
3677 5407 3724 5454 τὴ

2178 5479 2370 5549 ἄδηλον
2400 5487 2484 5532 est
2500 5495 2525 5549 γε
2548 5477 2774 5549 incerta
2807 5477 2986 5549 mortis
3015 5477 3145 5549 hora
3177 5485 3333 5543 atque
3345 5490 3608 5537 excessu;
3630 5489 3719 5526 non

2179 5544 2432 5602 occultus
2459 5547 2586 5600 vita;
2613 5547 2818 5608 exitus,
2851 5544 2948 5601 sed
2980 5546 3140 5600 valde
3167 5553 3353 5611 notus,
3380 5559 3545 5614 quem
3577 5557 3718 5598 nem

2178 5633 2290 5672 non
2317 5617 2425 5672 sibi
2457 5617 2661 5672 instare
2686 5616 2842 5671 sciat.
