3876 6314
61 290 88 354 1
101 290 219 354 057

966 281 1300 344 CAPITUM
1340 282 1438 343 DE
1478 267 1910 340 CHAR'ITATE
1947 281 2338 342 CENTURIA
2377 283 2475 343 IV.

3231 285 3361 349 1053
3393 342 3396 347 .

160 399 280 468 μα’.
325 395 433 451 Τοῦ
465 397 544 449 ἔτι
588 395 751 462 ’δόξαν
791 395 1114 462 ἀγαπῶντος
1144 391 1328 462 κενὴν,
1357 393 1391 461 ἦ
1425 406 1530 443 τινι
1564 387 1673 442 τῶν
1704 438 1709 448 ,

1845 389 1936 443 41.
1973 390 2106 462 Ejus
2142 401 2228 446 est
2278 390 2372 460 qui
2416 391 2637 444 inanem
2679 386 2859 446 adhuc
2887 387 3119 462 gloriam
3153 389 3354 464 diligit,

68 497 139 548 ὑὶ
158 491 296 544 ικῶν
327 483 665 560 πραγμάτων
695 486 1116 556 προσκειμένου,
1163 486 1281 538 ἐστὶ
1310 483 1370 536 τὸ
1416 481 1552 553 πρὸς
1584 482 1681 534 ἀνι

66 579 346 649 θρώπους
395 577 684 630 λυπεῖσθαι
730 575 816 630 διὰ
869 576 1203 646 πρόσκαιρα,
1239 575 1272 643 ἢ
1317 573 1680 644 μνησικακεῖν

65 674 298 737 αὐτοῖς,
332 671 365 741 ἢ
406 672 560 739 μῖσος
592 668 734 738 ἔχειν
769 667 904 739 πρὸς
936 667 1156 730 αὐτοὺς,
1186 665 1216 734 ἢ
1243 663 1524 733 λογισμοῖς
1562 663 1682 715 δου-

65 764 267 839 λεύειν
299 763 541 832 αἰσχροῖς
560 775 573 789 ’
603 761 700 830 τῆς
742 759 800 813 δὲ
831 757 1078 828 φιλοθέου
1116 755 1314 827 ψυχῆς,
1345 753 1518 806 ταῦτα
1548 753 1682 806 πάν-

64 871 151 907 τα
189 851 466 922 ἀλλότρια.

159 1023 274 1094 μβ’.
321 1025 488 1077 Ὅταν
547 1025 710 1094 μηδὲν
754 1025 934 1096 εἴπῃς,
1000 1025 1134 1096 μηδὲ
1184 1023 1401 1097 πράξῃς
1453 1025 1681 1095 αἰσχρὸν

70 1117 242 1170 κατά
263 1115 524 1180 διάνοιαν,
553 1118 644 1169 καὶ
673 1117 800 1169 ὅταν
824 1117 904 1187 τῷ
945 1117 1287 1187 ζημιώσαντι
1312 1117 1343 1188 ἢ
1381 1117 1684 1188 κακολογή-

74 1223 253 1258 σαντι
285 1205 359 1275 μὴ
407 1208 823 1277 μνησικακήσῃς
844 1225 856 1235 ·
901 1210 992 1260 καὶ
1017 1210 1143 1261 ὅταν
1176 1211 1233 1261 ὲν
1261 1211 1337 1280 τῷ
1363 1209 1540 1281 καιρῷ
1576 1210 1681 1280 τῆς

73 1295 412 1365 προσευχῆς
459 1296 619 1349 ἀῦλον
665 1294 758 1348 καὶ
811 1297 1049 1350 ἀνείδεον
1097 1299 1185 1350 ἀεὶ
1219 1299 1352 1369 ἔχῃς
1402 1301 1492 1353 τὸν
1532 1299 1679 1362 νοῦν,

73 1386 217 1437 τότε
255 1386 443 1452 γνῶθι,
476 1386 556 1439 ὅτι
582 1387 821 1456 ἔφθασας
859 1390 939 1440 είς·
970 1389 1029 1440 τὺ
1062 1391 1260 1460 μέτρον
1285 1391 1386 1462 τῆς
1414 1391 1683 1454 ἀπαθείας

73 1477 188 1529 καὶ
221 1478 324 1546 τῆς
353 1477 563 1540 τελείας
587 1479 826 1546 ἀγάπης.

163 1651 286 1723 μγ’.
330 1654 406 1706 Ού
463 1653 659 1725 μικρὸς
710 1653 859 1721 ἀγὼν
922 1656 1228 1723 κενοδοξίας
1272 1658 1678 1730 ἀπαλλαγῆναι.

77 1743 501 1799 ἀπαλλάττεται
548 1744 605 1797 δέ
654 1761 761 1807 τις,
799 1744 887 1798 διά
940 1748 1183 1818 κρυπτῆς
1213 1749 1321 1800 τῶν
1355 1750 1564 1819 ἀρετῶν
1594 1753 1682 1821 ὲρ-

73 1836 322 1907 γασίας,
369 1838 462 1889 καὶ
499 1838 832 1907 συχνοτέρας
877 1838 1208 1907 προσευχῆς·
1238 1841 1469 1910 Σημεῖον
1496 1843 1553 1894 δὲ
1580 1843 1681 1913 τῆς

78 1929 442 1999 ἀπαλλαγῆς,
486 1929 546 1981 τὸ
596 1929 793 1998 μηκέτι
842 1931 1198 1999 μνησικακεῖν
1246 1929 1326 1984 τῶ
1378 1932 1682 2001 κακολογῇ-

80 2041 278 2088 σαντι,
358 2021 763 2091 κακολογοῦντι.

169 2208 292 2283 με’.
333 2209 397 2266 Ei
429 2211 608 2286 θέλεις
643 2210 783 2267 εἶναι
816 2214 1040 2281 δίκαιος,
1072 2213 1312 2288 ἀπόνεμε
1343 2213 1556 2289 ἑκάστῳ
1573 2215 1682 2274 τῶν

82 2306 144 2356 ὲν
176 2304 279 2357 σοι
320 2303 501 2374 μερῶν
533 2305 603 2357 τὰ
631 2301 755 2358 κατ⁴
776 2305 932 2369 ἀξίαν
953 2324 964 2336 ’
989 2307 1132 2379 ψυχῇ
1166 2307 1308 2377 λέγω
1331 2310 1423 2362 καὶ
1447 2311 1678 2381 σώματι.

82 2397 201 2450 Καὶ
233 2394 326 2464 τῷ
358 2395 457 2464 μὲν
481 2393 770 2466 λογιστικῷ
803 2394 902 2464 τῆς
933 2396 1132 2467 ψυχῆς,
1159 2398 1560 2470 ἀναγνώσματα
1586 2403 1681 2455 καὶ

79 2487 439 2559 θεωρήματα
484 2485 848 2555 πνευματικὰ,
895 2487 989 2539 καὶ
1023 2492 1329 2561 προσευχήν
1349 2507 1364 2520 ο
1396 2492 1472 2562 τῷ
1500 2492 1556 2545 δὲ
1587 2493 1682 2547 θυ-

89 2581 273 2652 μικῷ,
306 2580 526 2649 ἀγάπην
579 2568 977 2650 πνευματικὴν,
1014 2583 1112 2651 τὴν
1144 2581 1221 2652 τῷ
1256 2582 1404 2653 μίσει
1445 2586 1682 2638 ἀντικειο

93 2673 273 2743 μένην
293 2688 307 2701 ·
336 2671 417 2741 τῷ
450 2673 505 2725 δὲ
535 2671 934 2744 ἐπιθυμητικῷ,
982 2673 1335 2745 σωφροσύνην
1361 2676 1453 2728 καὶ
1479 2675 1682 2746 ἐγκρά-

93 2780 246 2816 τειαν
270 2780 284 2794 ⁸
329 2761 407 2832 τῷ
443 2761 499 2814 δὲ
547 2762 792 2832 σαρκίῳ,
827 2762 1120 2834 διατροφὴν
1166 2765 1262 2818 καὶ
1301 2765 1680 2837 σκεπάσματα,

93 2855 167 2907 τὰ
195 2855 344 2925 μόνα
375 2854 796 2923 ἀναγκαιότερα.

1781 482 1868 536 vel
1903 492 2136 537 terrenae
2171 483 2264 537 ulli
2296 481 2375 536 rei
2407 481 2660 538 addictus
2687 495 2792 547 est,
2819 492 2879 537 ut
2905 479 2976 539 ob
3001 492 3359 554 temporanea

1781 587 1909 642 erga
1937 572 2151 644 aliquos
2179 589 2325 644 aegro
2357 575 2542 628 animo
2581 574 2675 639 sit,
2701 585 2796 630 aut
2826 576 2883 630 in
2911 590 3007 631 eos
3031 577 3358 647 iniuriarum

1781 675 2015 727 memor,
2046 665 2320 719 morosior
2339 664 2588 730 exsistat,
2611 667 2697 721 vel
2732 666 2861 722 odio
2884 667 3033 737 ipsos
3059 682 3362 737 prosequa-

1783 762 1892 818 tur,
1924 755 2012 807 vel
2058 755 2314 825 turpibus
2355 755 2784 826 cogitationibus
2816 757 3085 812 inserviat
3115 775 3128 810 :
3163 771 3359 811 verum

1782 850 1977 898 cuncta
2008 844 2124 899 htec
2161 845 2322 916 longe
2356 845 2536 901 aliena
2575 855 2706 901 sunt
2754 848 2824 902 ab
2876 848 3063 903 animo
3097 848 3359 918 religioso

1785 956 1850 996 ac
1879 943 1974 997 Dei
2003 943 2240 997 cultore.

1853 1030 1941 1085 42.
1985 1030 2123 1086 Cum
2181 1039 2364 1086 tecum
2430 1030 2548 1100 ipse
2591 1032 2793 1091 ,animo
2856 1032 2994 1086 nihil
3056 1041 3214 1102 turpe
3267 1041 3364 1088 aut

1782 1121 1989 1177 dixeris
2011 1131 2173 1178 autve
2207 1124 2411 1194 egeris,
2447 1138 2553 1178 nec
2588 1123 2640 1178 ei
2681 1124 2776 1193 qui
2834 1123 2975 1179 laesit
3005 1125 3238 1194 injuria,
3275 1127 3362 1178 vel

1782 1213 1938 1268 fama:
1973 1214 2230 1278 detraxit,
2277 1231 2344 1269 eo
2370 1216 2594 1269 nomine
2636 1215 2774 1268 iram
2818 1214 3229 1280 reservaveris;
3275 1215 3361 1268 in-

1785 1312 1976 1374 terque
2006 1306 2341 1374 precandum
2398 1313 2639 1360 mentem
2684 1321 2903 1375 semper
2944 1307 3094 1360 nulla
3142 1314 3364 1361 terrena

1783 1395 2116 1464 cogitantem
2173 1394 2449 1464 nullisque
2490 1395 2759 1448 imbutam
2824 1394 3016 1448 formis
3062 1394 3362 1457 habueris,

1784 1493 1901 1539 tum
1935 1485 2156 1540 noveris
2195 1496 2510 1540 assecutum
2558 1494 2612 1540 te
2647 1501 2767 1540 esse
2814 1486 3037 1540 modum
3065 1487 3364 1556 impertur-

1783 1573 2025 1631 balionis
2057 1592 2120 1631 ac
2157 1576 2418 1646 perfectae
2442 1577 2748 1632 charitatis.

1859 1668 1948 1723 45.
1991 1669 2147 1724 Haud
2181 1670 2301 1724 leve
2350 1677 2633 1725 certamen
2667 1679 2772 1735 est,
2799 1678 2859 1724 ut
2904 1669 2972 1724 ab
3001 1669 3152 1725 inani
3185 1670 3363 1740 gloria

1797 1760 2076 1814 libereris.
2109 1760 2192 1814 Ab
2211 1775 2275 1813 ea
2301 1768 2485 1815 autem
2516 1761 2742 1815 liberari
2795 1767 3057 1830 praestant
3092 1762 3363 1817 virtutum
3439 1772 3450 1777 ‘

1781 1851 2051 1905 occultata
2065 1851 2389 1905 exercitatio
2413 1866 2478 1906 ac
2496 1852 2699 1910 cultus,
2715 1853 3076 1920 crebriorque
3111 1852 3177 1906 ad
3191 1853 3364 1906 Deum

1781 1941 1982 1996 oratio.
2015 1940 2244 2012 Signum
2278 1957 2409 1997 vero
2441 1940 2610 1995 animi
2635 1943 2748 2013 jam
2780 1942 2848 1996 ab
2880 1957 2944 1996 ea
2966 1942 3208 2004 liberati,
3239 1958 3366 1996 cum

1781 2033 1932 2087 nulla
1995 2032 2274 2088 simultate
2339 2043 2593 2088 movetur
2631 2033 2687 2087 in
2743 2047 2870 2086 eum
2937 2032 3034 2102 qui
3093 2032 3365 2098 detraxit,

1781 2131 1942 2179 autve
1971 2121 2234 2177 detrahit.

1849 2213 1938 2266 44.
1974 2211 2030 2268 Si
2069 2212 2156 2267 vis
2179 2212 2520 2282 csseju‘stus,
2547 2210 2779 2280 singulis
2806 2209 2862 2263 in
2892 2216 2944 2263 te
2978 2209 3232 2278 partibus
3263 2209 3366 2262 tri-

1780 2305 1910 2370 bue,
1946 2305 2090 2375 quod
2119 2320 2187 2359 ex
2211 2303 2394 2358 meriti
2421 2303 2636 2358 ratione
2670 2311 2727 2358 et
2752 2301 2933 2356 officio
2967 2301 3068 2364 sit;
3099 2306 3214 2353 tum
3249 2299 3359 2354 sci-

1780 2395 1910 2450 licet
1943 2397 2158 2459 animae,
2194 2403 2310 2449 tum
2342 2393 2585 2462 corpori.
2617 2391 2694 2446 Ac
2715 2391 2938 2461 quidem
2971 2389 3115 2460 parti
3163 2390 3363 2443 anima:

1781 2503 1904 2557 quae
1927 2487 2140 2541 ratione
2166 2486 2322 2549 vivit,
2353 2485 2620 2540 lectiones
2660 2497 2933 2551 sensaque
2974 2481 3266 2551 spiritalia,
3308 2489 3366 2536 et

1781 2593 2018 2648 preces:
2046 2575 2293 2631 facultati
2325 2583 2508 2630 autem
2554 2575 2668 2639 irae,
2695 2574 3021 2628 charitatem
3057 2571 3366 2642 spiritalem

1783 2668 1911 2722 odio
1949 2667 2285 2721 contrariam
2323 2683 2337 2720 ι
2370 2666 2516 2736 parti
2569 2679 2702 2719 vero
2751 2662 3192 2733 concupiscenti,
3229 2669 3368 2715 tem-

1783 2760 2092 2828 perantiam
2116 2766 2168 2813 et
2196 2757 2598 2813 continentiam
2629 2773 2642 2810 :
2675 2771 2740 2811 ac
2759 2753 2984 2809 demum
3010 2752 3365 2823 corpusculo,

1783 2865 1879 2907 eos
1899 2852 2164 2906 duntaxat
2184 2851 2339 2906 cibos
2363 2859 2419 2906 et
2456 2851 2852 2919 integumenta,
2877 2862 3001 2917 quae
3025 2847 3231 2901 fuerint
3252 2861 3369 2900 ma-

1784 2943 1866 3015 gis
1908 2943 2240 2998 necessaria.

173 3040 279 3105 μεν.
320 3033 486 3085 Κατά
503 3031 664 3100 φύσιν
693 3031 720 3084 ό
743 3026 869 3093 νοῦς
899 3029 1261 3104 ὲνεργεῖ(39),
1289 3032 1419 3086 ὅταν
1447 3033 1515 3088 τὰ
1540 3013 1685 3113 πάθη

1799 3013 1806 3015 ⁷
1860 3036 1950 3090 45.
1997 3033 2154 3089 Tunc
2190 3047 2345 3088 mens
2373 3042 2435 3088 ut
2473 3033 2554 3088 illi
2593 3049 2660 3086 ex
2691 3039 2888 3086 natura
2918 3041 3023 3096 est,
3051 3031 3216 3103 550
3235 3049 3369 3104 ope-

102 3126 204 3197 ἔχῃ
238 3122 679 3192 ὑποτεταγμένα,
712 3121 806 3174 καὶ
835 3120 961 3184 τοὺς
998 3121 1189 3189 λόγους
1217 3123 1324 3177 τῶν
1353 3123 1522 3180 όντων
1550 3126 1686 3182 θεω-

111 3217 200 3287 ρῇ,
234 3216 332 3267 καὶ¹
369 3213 505 3284 πρὸς
529 3213 620 3265 τὸν
644 3211 777 3264 Θεὸν
800 3211 982 3282 διάγῃ.

181 3314 299 3380 μς¹.
347 3307 560 3375 Ὠσπερ
607 3302 763 3371 ὑγεία
803 3304 896 3356 κα.)⁵
939 3303 1091 3365 νόσος
1119 3303 1254 3382 πρὸς
1274 3303 1336 3358 τὸ
1367 3305 1526 3376 σῶμα
1549 3307 1686 3362 θεω-

106 3403 282 3472 ρεῖται
318 3399 414 3451 τοῦ
449 3397 609 3462 ζὼου,
637 3396 733 3448 καὶ
769 3397 888 3464 φῶς
932 3395 1034 3448 καὶ
1075 3395 1264 3459 σκότος
1302 3397 1438 3468 πρὸς
1473 3399 1565 3452 τὸν
1586 3400 1688 3470 όφ-

104 3491 351 3563 Θαλμόν⁸
393 3489 565 3552 οὕτως
622 3487 790 3558 ἀρετῆ
839 3488 934 3540 καὶ
983 3487 1152 3539 κακία
1200 3488 1337 3558 πρδς
1365 3490 1462 3562 τὴν
1485 3491 1684 3564 ψυχὴν,

107 3585 205 3638 καὶ
237 3583 440 3653 γνῶσις
467 3581 562 3634 καὶ
589 3579 830 3649 ἀγνωσία
871 3578 1008 3649 πρὸς
1038 3579 1128 3632 τὸν
1155 3579 1303 3633 νοῦν.

184 3677 293 3747 μζο,
352 3675 440 3728 Ἑν
472 3676 583 3737 τοῖς
615 3672 764 3743 τρισὶ
803 3671 1015 3734 τούτοις
1059 3673 1086 3724 ό
1127 3672 1450 3742 Χριστιανὸς
1478 3675 1691 3743 φιλοσο-

31 3793 42 3800 -
115 3768 230 3834 φεῖ·
265 3768 328 3820 ἒν
379 3766 500 3828 ταῖς
547 3763 808 3827 ἐντολαῖς,
838 3762 896 3815 ὲν
944 3763 1058 3822 τοῖς
1102 3759 1360 3830 δόγμασι,
1393 3769 1489 3816 καὶ
1525 3764 1584 3817 ὲν
1619 3766 1688 3836 τῇ

112 3858 316 3912 πίστει.
349 3857 459 3909 Καὶ
482 3857 538 3909 αἱ
569 3855 666 3925 μὲν
697 3851 930 3918 ἐντολαὶ,
958 3851 1067 3904 τῶν
1095 3848 1286 3905 παθῶν
1315 3852 1406 3905 τὸν
1431 3851 1558 3906 νοῦν
1585 3869 1692 3924 χω-

116 3950 326 4018 ρίζουσι
347 3965 361 3978 ·
399 3949 468 4000 τὰ
507 3947 562 4000 δὲ
595 3946 862 4016 δόγματα,
893 3945 974 4007 είς
1009 3944 1110 4014 τὴν
1145 3941 1348 4011 γνῶσιν
1386 3945 1494 3997 τῶν
1520 3944 1691 3998 δντων

116 4040 277 4093 αὐτὸν
316 4039 629 4106 εἰσάγουσιο
664 4039 698 4108 ἡ
733 4036 790 4088 δὲ
834 4034 1038 4100 πίστις,
1071 4035 1152 4098 είς
1181 4034 1280 4105 τὴν
1323 4035 1556 4108 θεωρίαν
1593 4036 1692 4106 τῆς

115 4127 282 4196 mm;
302 4112 554 4198 Τριάδος.

192 4225 303 4288 μιγ.
341 4220 407 4274 Oi
441 4219 538 4289 μὲν
566 4217 675 4271 τῶν
692 4215 1130 4289 ἀγωνιζομένων,
1165 4217 1560 4288 ἀποκρούονται
1594 4220 1692 4290 μό-

1785 3132 1966 3188 ratur,
1994 3137 2116 3177 cum
2145 3123 2410 3192 subjectis
2443 3123 2522 3177 llli
2551 3121 2864 3187 affectibus,
2909 3137 3093 3176 rerum
3124 3126 3370 3182 rationes

1698 3276 1702 3280 ,
1785 3217 2126 3287 speculatur,
2150 3225 2207 3269 et
2229 3216 2297 3269 ad
2321 3217 2499 3270 Deum
2536 3216 2796 3272 traducit.

1857 3309 1945 3364 46.
1982 3307 2454 3374 Quemadmodum
2493 3307 2700 3362 sanitas
2741 3317 2797 3362 et
2830 3307 3121 3377 aegritudo,
3156 3309 3371 3364 ratione

1787 3399 2041 3454 animalis
2089 3399 2536 3463 considerantur,
2567 3397 2868 3469 lumenque
2888 3409 2946 3456 et
2975 3400 3244 3467 tenebrae,
3283 3417 3372 3456 ra-

1787 3490 1938 3545 tione
1978 3491 2125 3545 oculi
2159 3509 2172 3544 :
2211 3491 2298 3546 sic
2325 3491 2503 3546 virtus
2545 3501 2602 3546 et
2658 3493 2855 3546 vitium
2895 3492 3109 3548 ratione
3171 3493 3369 3559 animi,

1788 3582 2125 3653 scientiaque
2145 3591 2202 3638 et
2221 3581 2529 3653 ignorantia
2564 3585 2776 3638 ratione
2799 3586 3022 3640 mentis.

1863 3675 1952 3729 47.
1990 3674 2120 3729 Tria
2157 3675 2274 3729 haec
2302 3683 2432 3730 sunt
2479 3675 2536 3728 in
2563 3675 2769 3744 quibus
2811 3676 2980 3730 homo
3020 3675 3374 3732 Christianus

1788 3765 2244 3834 philosophatur;
2271 3765 2326 3819 in
2353 3766 2650 3830 mandatis,
2683 3766 2738 3819 in
2756 3763 3032 3836 dogmatis
3079 3775 3137 3821 et
3158 3769 3214 3821 in
3239 3759 3370 3824 fide.

1790 3857 1869 3911 Ac
1901 3857 2126 3924 quidem
2156 3855 2434 3924 dogmata,
2464 3856 2711 3910 animum
2734 3857 2802 3909 ab
2827 3857 3123 3912 affectibus
3139 3875 3203 3912 ac
3224 3859 3376 3914 vitiis

1791 3954 2050 4018 separant
2082 3963 2096 4000 :
2131 3947 2386 4017 dogmata
2407 3961 2542 4001 vero
2573 3961 2674 4001 seu
2696 3947 2945 4013 decreta,
2977 3948 3032 4002 in
3067 3965 3252 4002 rerum
3279 3951 3369 4004 in-

1792 4041 2003 4094 ducunt
2031 4039 2324 4094 scientiam
2362 4056 2374 4092 :
2404 4038 2540 4092 ﬁdes
2571 4038 2831 4108 denique,
2873 4039 2928 4093 in
2955 4041 3372 4111 contemplatio-

1791 4145 1918 4185 nem
1949 4136 2157 4184 sanctae
2190 4128 2501 4182 Trinitatis.

1861 4218 1950 4273 48.
1986 4217 2090 4284 Qui
2125 4215 2426 4272 certamine
2458 4216 2784 4286 funguntur,
2833 4216 2928 4270 alii
2963 4216 3142 4270 solum
3174 4216 3370 4271 libidi-

117 4325 205 4362 νον
221 4311 348 4374 τοὺς
368 4309 632 4380 ἐμπαθεῖς
647 4308 936 4379 λογισμούς
955 4324 969 4339 ⁸
1001 4310 1050 4361 oi
1079 4308 1139 4361 δὲ
1166 4308 1263 4362 καὶ
1282 4307 1427 4362 αὐτὰ
1455 4303 1523 4362 τὰ
1543 4309 1690 4382 πάθη

1799 4323 1959 4364 nosas
1991 4308 2356 4378 cogitationes
2394 4305 2702 4375 repellunt;
2748 4305 2844 4360 alii
2875 4322 3028 4371 vero,
3056 4307 3205 4376 ipsos
3232 4321 3371 4376 quo-

122 4376 533 4472 περικόπτουσι.
576 4401 686 4455 Καὶ
719 4376 1084 4472 ἀποκρούεται
1131 4400 1229 4470 μέν
1252 4417 1334 4464 τις
1357 4401 1482 4463 τοὺς
1511 4376 1694 4472 ὲμπαξ

1799 4415 1903 4471 que
1926 4376 2155 4455 atfeetus
2197 4413 2262 4453 ac
2307 4398 2568 4452 libidines
2591 4405 2900 4466 amputant.
2929 4398 3008 4453 Ac
3036 4397 3260 4468 quidem
3283 4413 3372 4453 re—

121 4490 602 4562 Ostglo‘ytupoﬁg'
655 4487 784 4556 οἷον,
833 4492 866 4564 ἢ
907 4485 1211 4562 ψαλμῳδίᾳ,
1248 4491 1281 4561 ἦ
1314 4493 1610 4563 προσευχῇ,
1653 4493 1688 4564 ἢ

126 4581 483 4655 μετεωρισμῷ
531 4585 629 4656 (ο),
670 4585 702 4654 ἢ
756 4583 902 4652 ἄλλῳ
927 4583 1036 4636 τινὶ
1064 4581 1274 4652 τοπικῷ
1295 4581 1685 4654 περισπασμῷ.

134 4673 426 4729 Ἐκκόπτει
477 4677 532 4729 δὲ
581 4678 650 4728 τὰ
700 4674 870 4744 πάθη,
903 4674 1011 4727 τῶν
1070 4673 1417 4744 πραγμάτων
1461 4673 1688 4727 ἐκείνων

123 4766 490 4836 περιφρονῶν,
520 4766 654 4836 πρὸς
689 4765 830 4835 ἆπερ
859 4763 996 4816 αύτά
1026 4763 1310 4830 κέκτηται.

1795 4493 1951 4563 pellit
1995 4479 2194 4561 aliquis
2226 4484 2548 4545 libidinosas
2575 4490 2964 4561 cogitationes,
2989 4490 3147 4545 verbi
3169 4489 3367 4560 gratia,

1794 4594 1889 4640 aut
1916 4583 2275 4639 decantandis
2298 4582 2542 4652 psalmis,
2569 4591 2666 4636 aut
2695 4598 2924 4653 precum
2970 4582 3250 4647 instantia,
3272 4592 3372 4638 aut

1794 4674 2107 4730 sublimium
2160 4672 2601 4728 consideratione
2659 4687 2722 4728 ac
2758 4674 2813 4728 in
2858 4673 2948 4730 eis
2990 4675 3152 4745 quasi
3200 4673 3371 4729 animi

1792 4766 2134 4837 evagatione,
2197 4773 2292 4819 aut
2336 4765 2441 4818 alia
2495 4765 2730 4834 quadam
2763 4780 2833 4821 ea
2871 4767 2976 4822 loci
3033 4768 3248 4823 ratione
3310 4783 3376 4821 ac

127 4857 537 4915 circumstantia
562 4859 942 4914 distractione.
965 4857 1227 4927 Amputat
1260 4871 1394 4911 vero
1417 4856 1649 4913 aﬂ‘ectus
1683 4875 1747 4916 ac
1775 4863 1908 4916 vitia
1948 4877 2046 4918 seu
2087 4859 2372 4924 libidines,
2415 4875 2602 4914 rerum
2645 4859 2866 4914 illarum
2914 4867 3257 4928 contemptu,
3307 4857 3375 4912 ad

127 4965 267 5021 quas
303 4955 386 5009 sic
449 4953 649 5010 affectu
711 4967 775 5008 ac
801 4952 1032 5007 libidine
1084 4961 1358 5006 movetur.

201 5045 308 5113 μθθ.
351 5047 492 5118 Πρὸς
543 5047 686 5119 ἅπερ
725 5047 794 5100 τά
837 5045 984 5116 πάθη
1023 5045 1342 5114 κεκτήμεθα
1372 5045 1695 5116 πράγματα,

127 5135 234 5189 είσὶ
264 5137 458 5204 ταῦτα,
493 5136 626 5204 οἷον,
651 5140 810 5210 γυνὴ,
834 5140 940 5210 χρή
950 5153 1114 5210 ματα,
1138 5137 1308 5207 δῶρα,
1337 5138 1430 5191 καὶ
1452 5137 1522 5191 τὰ
1547 5138 1694 5209 ἑξῆς.

202 5337 275 5408 (ο)
351 5341 420 5396 Ἦ
478 5332 918 5413 μετεωρισμῷη
955 5337 1002 5413 ἣν
1060 5339 1228 5404 ἄλλῳ
1290 5339 1698 5413 τινὶ-,τοπικῷ

134 5409 541 5478 περισπασμῷ.
591 5409 824 5468 Videtur
871 5411 1137 5464 Maximus
1183 5410 1339 5479 quasi
1387 5409 1546 5464 aliam
1595 5411 1699 5464 alia

133 5482 606 5555 voce_explicare.
664 5481 1187 5555 ῌὶο-μετεωρισμὸς
1249 5479 1329 5533 illi
1394 5481 1484 5555 sit,
1539 5481 1697 5555 quasi

135 5547 299 5600 animi
345 5547 592 5606 avocatio
629 5553 694 5606 ad
727 5547 1116 5605 sublimia'seu
1145 5564 1306 5602 aerea
1341 5549 1426 5603 vel
1454 5549 1699 5603 coelestia

137 5615 441 5696 cogitanda,
485 5622 635 5675 velut
675 5621 730 5674 in
776 5622 857 5674 eis
887 5618 1209 5696 _evagando;
1258 5633 1699 5696 suSpensumqne

135 5690 302 5738 animi
337 5703 478 5757 esse,
512 5705 620 5761 qua
649 5690 1011 5761 suspensione
1051 5690 1268 5742 animus
1303 5703 1413 5742 non
1460 5691 1594 5743 satis
1615 5697 1698 5744 at-

1879 5045 1967 5101 ιο.
2013 5047 2121 5103 Res
2161 5047 2216 5100 in
2259 5059 2398 5115 quas
2447 5044 2648 5099 affectu
2693 5060 2756 5099 ac
2794 5043 3026 5098 libidine
3065 5059 3375 5112 movemur,

1805 5138 1924 5194 inec
1953 5147 2104 5203 sunt,
2129 5136 2415 5203 nimirum,
2459 5137 2678 5203 mulier,
2717 5137 2984 5206 pecuniae,
3029 5152 3282 5204 munera,
3313 5155 3377 5196 ac

1800 5340 2013 5406 tendat,
2033 5356 2094 5396 ac
2120 5339 2337 5395 vitiosis
2366 5340 2795 5411 cogitationibus
2823 5335 3088 5397 inhrereat
3115 5358 3128 5393 :
3151 5340 3375 5405 τοπικὸς

1801 5412 2208 5479 περισπασμὸς,
2255 5412 2543 5465 distractio
2581 5412 2869 5480 inanisque
2909 5412 3109 5466 mentis
3143 5425 3377 5477 occupa—-

1802 5481 1878 5534 tio
1930 5483 2009 5536 sic
2056 5497 2122 5533 ex
2176 5482 2279 5534 loci
2333 5482 2621 5536 occasione
2673 5479 3248 5535 aut'circumstantia.
3301 5482 3374 5534 De

1799 5550 1971 5619 priori
2009 5567 2140 5604 voce
2171 5553 2291 5605 vide
2328 5551 2506 5616 Suid.,
2548 5550 2708 5604 Bml..
2735 5558 2840 5602 etc.
2878 5549 3263 5620 Μετεωρισμὸς
3290 5565 3376 5604 sa-

1800 5620 1910 5675 cris
1944 5621 2286 5686 auctoribus,
2319 5621 2456 5674 nihil
2487 5621 2543 5675 in
2570 5622 2774 5675 bonum
2805 5629 2988 5674 sonat.
