3876 6314
551 228 686 294 1059
1739 231 1799 288 S.
1841 226 2110 289 MAXIM]

2226 225 2672 288 )NFESSORIS
3684 230 3791 292 1:11!

545 343 778 412 reliqua.
809 340 887 395 Ac
911 340 1136 410 quidem
1170 339 1458 396 mulierem
1491 339 1615 410 quis
1636 350 1990 396 contemnere
2014 354 2110 410 po-

2226 340 2329 392 Καὶ
2360 340 2459 408 τῆς
2487 341 2584 410 μὲν
2608 339 2885 407 γυναικός,
2915 337 3034 391 τότε
3055 337 3277 392 δύναταί
3307 355 3394 402 tt;
3434 344 3786 410 περιφρονῶ.

546 438 698 500 terit,
729 452 853 492 cum
892 445 948 489 et
995 443 1120 503 post
1163 435 1534 489 secessionem
1564 434 1802 504 vitatque
1857 435 2110 489 solitaria:

2226 432 2302 485 ὅτε
2344 431 2438 484 καὶ
2470 432 2612 501 μετά
2630 431 2727 501 τὴν
2757 429 3121 502 ἀναχώρησιν,
3145 432 3237 482 καὶ
3261 431 3317 483 τὸ
3360 431 3537 499 σῶμα
3556 433 3634 494 ὡς
3655 433 3726 484 δεῖ
3744 433 3788 484 δι’

545 538 760 599 captata
781 527 1017 590 silentia,
1045 527 1210 580 etiam
1243 543 1466 596 corpus,
1501 536 1560 581 ut
1585 543 1684 596 par
1711 538 1816 592 est,
1850 544 1950 597 per
1982 543 2117 581 con-

550 620 837 674 tinentiam
871 617 1247 686 severiorique
1299 618 1596 688 disciplina
1633 629 1915 674 macerat:
1951 634 2120 688 pecu-

546 712 666 764 nias
697 725 850 772 vero,
896 724 1021 763 cum
1058 709 1337 763 induxerit
1363 711 1608 764 animum
1653 721 1714 766 ut
1763 710 1817 763 in
1862 708 2119 764 omnibus

547 809 841 854 contentus
890 800 963 853 sit
1019 816 1086 854 eo
1117 801 1265 868 quod
1301 801 1534 856 sufficiat
1563 821 1576 855 :
1610 804 1851 870 itemque
1891 802 2118 872 gloriam

547 908 673 946 cum
711 893 766 945 in
809 891 1025 946 occulto
1057 891 1238 946 libens
1266 892 1539 946 virtutum
1575 907 1740 960 Opera
1772 893 2026 962 gesserit,
2056 906 2120 946 ac

547 985 651 1038 sub
679 985 790 1037 Deo
823 983 941 1036 solo
992 991 1150 1047 teste,
1203 983 1548 1052 perindeque
1585 983 1641 1036 in
1677 983 1820 1038 aliis.
1877 983 1982 1050 Qui
2016 999 2119 1036 au-

549 1084 660 1130 tem
702 1076 816 1130 haec
837 1076 1161 1136 contemnit,
1198 1074 1245 1127 is
1274 1075 1551 1129 neminem
1583 1090 1826 1144 unquam
1854 1075 1983 1130 odio
2019 1075 2118 1129 ba-

549 1168 754 1222 buerit.

620 1259 707 1314 50.
744 1260 848 1324 Qui
879 1259 1046 1314 rebus
1093 1259 1352 1312 nuntium
1405 1259 1650 1325 remisit,
1687 1273 1884 1327 nempe
1911 1257 2068 1311 uxori
2101 1296 2116 1320 ,

548 1354 801 1424 pecuniis
826 1369 890 1407 ac
915 1351 1162 1421 reliquis,
1193 1367 1342 1415 eum,
1367 1351 1462 1420 qui
1497 1350 1634 1405 foris
1659 1350 1764 1414 est,
1792 1350 2072 1404 hominem
2100 1389 2114 1413 ,

550 1446 878 1500 monachum
926 1443 1056 1497 fecit
1091 1461 1104 1495 :
1139 1444 1381 1496 nondum
1432 1460 1564 1497 vero
1599 1443 1800 1507 etiam,
1833 1457 1984 1503 eum,
2021 1440 2119 1509 qui

549 1546 633 1590 est
662 1538 830 1590 intus.
862 1535 967 1601 Qui
1001 1543 1183 1589 autem
1221 1535 1434 1588 vitiosis
1473 1549 1538 1587 ac
1577 1532 1891 1586 libidinosis
1922 1531 2119 1584 horum

550 1627 900 1697 cogitatibus,
937 1627 1114 1695 ipsum
1148 1625 1244 1694 qui
1296 1635 1381 1680 est
1411 1626 1584 1690 intus,
1633 1626 1688 1679 id
1717 1632 1823 1689 est,
1852 1632 2115 1678 mentem.

2217 525 2543 595 ἐγκρατείας
2585 525 2835 596 μαραίνει
2857 541 2871 554 ο
2901 524 3008 577 τῶν
3035 525 3092 577 δὲ
3116 523 3448 596 χρημάτων,
3490 526 3593 577 ὅτε
3629 526 3777 578 πεὲἑει

2215 617 2306 670 τὸν
2325 615 2588 686 ,λογισμὸν
2632 617 2690 667 ἐν
2733 615 2894 668 παντὶ
2921 617 2985 686 τῇ
3012 615 3316 685 αὐταρκείᾳ
3353 614 3662 684 στοιῂααι
3685 621 3783 684 ’τῆς

2216 707 2272 760 δὲ
2314 708 2493 777 δόξης,
2523 707 2611 760 ὅτε
2646 707 2746 777 τὴν
2790 708 3033 777 κρυπτὴν
3104 708 3392 776 ἀγαπήσει
3438 706 3560 759 τῶν
3613 709 3783 776 ipsa}.

2218 801 2501 870 ἐργασίαν,
2543 799 2637 852 καὶ
2671 797 2789 868 Θεῷ
2835 799 3166 869 φαινομένην
3210 799 3393 868 μόνῳ⁹
3436 800 3547 851 καὶ
3587 799 3678 851 ἐπὶ

2217 889 2392 943 ἄλλων
2431 889 2692 950 ὡσαύτως
2715 906 2728 918 ·
2767 890 2796 941 6
2827 890 2884 941 δὲ
2916 889 3120 942 τούτων
3154 889 3550 960 περιφρονῶν,
3581 890 3698 942 οἰδ-ἕξ
3731 894 3786 951 ei;

2221 983 2376 1052 μῖσός
2406 998 2550 1044 τινος
2578 981 2794 1052 ἔρχεταί
2834 996 2962 1033 ποτε

2295 1281 2358 1328 ν’.
2413 1273 2472 1326 '0
2502 1272 2599 1343 μὲν
2618 1273 2731 1334 τοῖς
2753 1270 3071 1341 πράγμασιν
3119 1268 3586 1338 ἀποταξάμενος,
3619 1265 3723 1322 οἷον
3745 1274 3787 1339 τῇ

2222 1368 2442 1434 γυναικὶ
2490 1370 2586 1418 καὶ
2628 1367 2738 1426 τοῖς
2785 1364 3053 1433 χρήμασι,
3097 1364 3192 1415 καὶ⁵
3230 1365 3347 1424 τοῖς
3391 1360 3561 1431 ἑξῆς,
3599 1364 3689 1415 τὸν
3713 1364 3790 1427 ἔξω

2221 1457 2756 1529 ἄνθρωπον-ἐποίησε
2799 1455 3057 1526 μοναχόν⁹
3089 1454 3243 1508 οὔπω
3303 1454 3364 1506 δὲ
3403 1457 3510 1507 καὶ
3559 1455 3652 1506 τὸν
3690 1455 3787 1506 Eas.

2234 1549 2292 1602 '0
2335 1550 2392 1602 δὲ
2438 1552 2547 1611 τοῖς
2577 1549 2778 1601 τούτων
2829 1546 3099 1616 ὲμπαοέσι
3142 1548 3409 1615 νοήμασι,
3451 1545 3556 1597 τὸν
3591 1547 3698 1597 ἔσω
3720 1546 3788 1597 ἄει-

2224 1639 2460 1710 θρωπον,
2502 1641 2529 1692 ³5
2567 1641 2716 1692 ἐστιν
2741 1641 2769 1692 ὁ
2798 1638 2942 1701 νοῦς.
2973 1639 3078 1691 Καὶ
3096 1639 3186 1690 τὸν
3224 1637 3330 1706 μὲν
3355 1636 3474 1700 ἔξω
3502 1638 3784 1706 Evasium,

547 1720 626 1772 Ac
656 1717 877 1787 quidem
913 1717 1240 1772 exteriorem
1270 1717 1550 1770 hominem
1596 1717 1751 1771 facile
1777 1717 1900 1785 quis
1925 1731 2110 1770 mona-

2226 1707 2459 1794 56x6).wc
2486 1748 2570 1793 τις
2602 1732 2744 1783 ποιεί
2801 1728 3052 1799 μοναχὸν,
3091 1729 3248 1798 μόνον
3295 1727 3400 1780 ὲάν
3438 1727 3687 1798 θελήσῃ·
3711 1729 3786 1779 ea}:

554 1810 721 1868 chum
775 1809 927 1872 facit,
971 1809 1099 1862 dum
1131 1809 1311 1870 solum
1345 1809 1617 1874 voluerit;
1657 1817 1719 1862 ut
1759 1819 1941 1863 autem
1974 1808 2105 1863 inte-

557 1899 757 1952 riorem
789 1898 1118 1952 monachum
1148 1898 1335 1961 facias,
1361 1914 1448 1952 res
1484 1897 1658 1952 ardua
1685 1905 1844 1952 estet
1870 1897 1927 1950 in
1950 1912 2114 1966 quam

553 1991 726 2043 multo
756 1999 953 2042 conatu
988 1987 1238 2042 enitaris.

623 2079 710 2132 5L
744 2077 876 2143 Quis
911 2093 1042 2147 ergo
1080 2077 1136 2130 in
1165 2079 1267 2132 hac
1296 2087 1455 2133 mtate
1489 2085 1596 2142 est,
1622 2079 1718 2147 qui
1745 2093 1774 2130 a
1801 2077 2116 2132 libidinosis

558 2184 623 2223 ac
651 2168 866 2222 vitiosis
900 2167 1326 2237 cogitationibus
1354 2184 1583 2238 prorsus
1606 2169 1874 2223 liberatus
1904 2169 1995 2231 sit,
2021 2185 2120 2237 pu-

559 2275 785 2329 ramque
817 2260 964 2313 illam
1007 2276 1108 2314 nec
1151 2259 1306 2330 45],
1337 2261 1538 2314 terreni
1569 2259 1870 2328 quidquam
1911 2259 2118 2314 haben-

557 2361 668 2406 tem
705 2360 905 2414 nactus
955 2352 1260 2406 orationem
1294 2370 1307 2404 :
1341 2352 1489 2421 quod
1541 2352 1823 2406 interioris
1864 2350 2116 2406 monachi

551 2447 768 2517 signum
791 2445 1044 2500 exsistit?
1847 2497 1852 2510 ι

621 2537 710 2592 52.
743 2538 899 2592 Multi
926 2537 1160 2593 affectus
1185 2555 1249 2593 ac
1275 2537 1412 2592 vitia
1438 2540 1493 2592 in
1522 2538 1724 2592 animis
1753 2537 1959 2592 nostris
1988 2537 2112 2592 lati-

552 2637 690 2695 tant,
716 2638 957 2700 tuncque
998 2631 1329 2700 produntur,
1361 2646 1484 2686 cum
1510 2646 1602 2686 res
1631 2638 1930 2701 praesentes
1952 2632 2112 2686 exsti-

555 2723 725 2778 terint
749 2738 813 2777 ac
841 2723 1194 2777 emerserint.

618 2818 706 2871 55.
731 2818 919 2872 Potest
953 2816 1094 2886 quis,
1129 2826 1266 2880 tum,
1298 2832 1421 2871 cum
1460 2832 1546 2872 res
1595 2817 1817 2882 absunt,
1862 2833 1973 2872 non
2003 2833 2119 2871 mo-

547 2908 662 2962 veri
699 2908 990 2962 affectibus
1027 2924 1291 2962 eorumve
1326 2911 1437 2978 pati
1483 2909 1834 2974 molestiam;
1883 2925 2006 2978 quze
2033 2917 2118 2964 est

2221 1825 2402 1892 ὀλίγος
2430 1824 2487 1877 δὲ
2511 1822 2679 1892 ἀγὼν,
2715 1822 2806 1876 τὸν
2831 1823 2937 1874 ἔσω
2969 1822 3256 1892 ἄνθρωπον
3279 1820 3526 1888 ποιῆσαι
3563 1820 3785 1888 mlh.

2290 2091 2392 2138 vat'.
2431 2083 2527 2147 Τίς
2562 2083 2672 2153 ἀρα
2698 2081 2843 2136 ἐστὶν
2871 2083 2930 2134 ἐν
2949 2084 3014 2151 τῇ
3042 2083 3206 2152 γενεᾷ
3228 2080 3438 2152 ταῦτῃ,
3466 2083 3498 2134 6
3532 2082 3784 2134 παν-τάξειε

2225 2188 2308 2225 σιν
2335 2171 2668 2238 ἀπαλλαγεὶς
2706 2169 2969 2240 ὲμπαθῶν
2996 2169 3308 2239 νοημάτων,
3359 2169 3466 2221 καὶ
3512 2170 3616 2238 τῆς
3643 2168 3782 2220 καθα-

2227 2265 2324 2335 ρᾶς
2377 2264 2470 2318 καὶ
2515 2263 2680 2316 ἀῢλου
2723 2260 3079 2324 καταξιωοεὶς
3119 2260 3484 2330 προσευχτίλς⁹
3523 2262 3661 2328 ὅπερ
3690 2260 3780 2311 ἐπὶ

2222 2350 2452 2426 ’σημεῖον
2478 2355 2571 2408 τοῦ
2602 2354 2748 2408 ἔνδον
2776 2352 3008 2424 μοναχοῧ
3033 2369 3049 2418 ;

2291 2528 2391 2598 νβ’.
2432 2528 2610 2582 Πολλά
2659 2528 2806 2598 πάθη
2851 2530 2909 2580 ὲν
2957 2528 3077 2590 ταῖς
3123 2525 3329 2595 ψυχαῖς
3385 2526 3559 2596 ἡμῶν
3613 2525 3780 2596 ﬁxi-,9.

2223 2637 2354 2676 πται
2386 2618 2496 2692 (40)
2517 2636 2531 2650 ο
2557 2618 2678 2672 τότε
2729 2618 2785 2671 δὲ
2839 2616 3169 2687 ἐλέγχονται,
3202 2617 3336 2668 ὅταν
3384 2616 3460 2668 τὰ
3511 2619 3780 2687 πράγματι

2221 2711 2618 2779 ἀναφαίνωντα.

2293 2809 2392 2873 νγ¹.
2433 2801 2664 2854 Δύναταί
2697 2817 2778 2864 τις
2812 2800 2889 2871 μὴ
2918 2799 3191 2869 ὀχλεῖσοαι
3227 2799 3337 2852 ὑπὸ
3401 2801 3607 2854 παοῶν
3649 2802 3702 2852 ὲν
3730 2803 3780 2868 τῇ

2220 2894 2327 2946 τῶν
2355 2893 2694 2964 πραγμάτων
2716 2890 2973 2962 ἀπουσία,
3012 2893 3245 2961 μερικῆς
3274 2890 3468 2961 τυχὼν
3501 2893 3780 2953 ἀπαθεΞας’

548 3016 677 3070 pars
696 3000 942 3068 quaadam
975 2998 1500 3068 imperturbationis,
1533 3001 1813 3069 animique
1845 3001 2110 3069 tranquil-

2226 2986 2319 3039 ἐὰν
2349 2985 2408 3039 δὲ
2439 2984 2754 3050 ἀναφανῶσι
2780 2984 2850 3037 τὰ
2879 2984 3200 3054 πράγματα,
3239 2984 3412 3046 εὐθὺς
3442 2984 3518 3038 τὰ
3548 2985 3691 3053 πάθη
3711 2983 3782 3035 τὸν

547 3093 705 3146 liorts
735 3099 913 3145 status
977 3091 1094 3161 (τῆς
1147 3091 1434 3159 ἀπαθείας)
1483 3107 1609 3145 mox
1665 3101 1848 3147 autem
1897 3108 1961 3147 ac
2009 3093 2116 3146 illae

454 3249 457 3252 γ
547 3181 898 3244 emerserint,
943 3182 1205 3236 continuo
1239 3184 1469 3237 affectus
1492 3199 1556 3238 ac
1581 3185 1842 3240 libidines
1871 3185 2113 3239 animum

546 3274 878 3328 distrahunt.

617 3369 702 3422 54.
743 3369 822 3423 Ne
853 3376 903 3423 te
936 3367 1232 3437 perfectam
1261 3368 1534 3438 ejusmodi
1565 3368 2114 3438 imperturbationem

544 3469 764 3516 nactum
786 3469 966 3529 putes,
1006 3459 1249 3529 quandiu
1272 3475 1360 3514 res
1409 3459 1585 3536 abest.
1626 3459 1763 3514 Cum
1795 3469 1976 3514 autem
2022 3461 2114 3516 illa

545 3551 831 3604 emerserit
856 3591 870 3612 ,
918 3566 981 3603 ac
1012 3565 1141 3619 erga
1195 3565 1309 3603 rem
1343 3550 1573 3620 ejusque
1612 3549 1875 3618 deinceps
1900 3565 2111 3606 memo-

547 3640 685 3694 riam
737 3639 995 3692 immotus
1039 3639 1341 3702 manseris,
1379 3647 1512 3694 tunc
1544 3640 1687 3694 scias
1719 3640 1838 3709 ejus
1869 3648 1922 3694 te
1973 3640 2112 3696 ﬁnes

545 3729 852 3799 ingressum
881 3744 1022 3784 esse.
1056 3729 1259 3783 Verum
1282 3744 1385 3784 nec
1408 3729 1488 3785 sic
1513 3730 1736 3799 quidem
1769 3739 2114 3800 contempse-

544 3820 621 3875 ris
657 3839 668 3873 :
701 3837 825 3875 nam
851 3821 996 3876 sicut
1027 3821 1204 3876 virtus
1243 3821 1338 3875 diu
1369 3837 1592 3876 morans
1617 3821 1847 3876 aﬂectus
1870 3822 2111 3891 vitiaque

541 3913 868 3983 exstinguit;
921 3913 1001 3967 sic
1038 3928 1231 3967 rursus
1263 3913 1541 3983 neglecta,
1607 3913 1700 3966 illa
1728 3913 2030 3968 exsuscitat
2055 3921 2112 3968 et

540 4015 601 4061 ut
622 4005 804 4060 denuo
819 4007 1058 4076 vigeant,
1088 4005 1237 4061 facit.

751 4097 854 4162 Qui
897 4095 1176 4150 Christum
1205 4095 1406 4166 diligit,
1445 4096 1670 4150 omnino
1705 4096 1867 4150 etiam
1897 4113 1996 4166 pro
2024 4097 2108 4150 vi-

537 4189 627 4242 rili
651 4203 775 4242 eum
805 4189 1068 4242 imitatur.
1104 4187 1174 4242 Ut
1203 4188 1306 4242 sub
1329 4189 1580 4256 exemplo
1609 4189 1823 4256 loquar,
1848 4190 1964 4243 Non
1992 4205 2110 4245 ces-

537 4280 677 4334 savit
703 4280 986 4334 beneficiis
1016 4280 1268 4333 homines
1298 4279 1574 4333 demereri
1613 4296 1627 4332 :
1675 4295 1738 4333 ac
1771 4294 1894 4333 cum
1925 4281 2108 4351 ingra-

2219 3076 2348 3130 νοῦν
2382 3075 2714 3148 περισπῶσι.

2283 3366 2376 3419 νδ’.
2419 3365 2510 3435 Μὴ
2541 3361 2730 3433 νόμιζε
2763 3362 2976 3418 τελείαν
3003 3362 3148 3432 ἔχειν
3172 3362 3482 3428 ἀπάθειαν,
3508 3362 3611 3416 τοῦ
3636 3367 3780 3436 πραγ-

2217 3473 2384 3525 ματος
2425 3455 2498 3525 μὴ
2553 3455 2841 3525 παρόντος.
2875 3454 3046 3506 Ὅταν
3075 3453 3132 3505 δὲ
3154 3454 3323 3522 φανῇ,
3353 3455 3458 3506 καὶ
3487 3454 3660 3523 μένῃς
3683 3453 3778 3506 ἀπε.

2213 3563 2400 3615 νητος..
2423 3545 2650 3616 πρόςτε
2673 3545 2734 3596 τὸ
2763 3547 3019 3614 πρᾶγμα,
3049 3545 3142 3596 καὶ
3161 3544 3261 3613 τὴν
3291 3543 3440 3613 μετά
3460 3544 3641 3596 ταῦτα
3670 3543 3778 3611 μνέε-

2213 3658 2322 3710 μην
2378 3638 2566 3703 αὐτοῦ,
2619 3639 2741 3692 τότε
2783 3638 2953 3707 γνῶθι
3011 3639 3240 3691 σεαυτὸν
3273 3639 3388 3692 τῶν
3433 3641 3584 3709 ὅρων
3633 3639 3775 3706 αὐτῆς

2205 3731 2614 3800 ἐπιϐεϐηκέναι.
2647 3730 2792 3801 ῌλὴν
2824 3729 2957 3802 μηδὲ
3007 3728 3156 3783 οὕτω
3178 3735 3637 3803 καταφρονήσῃς,
3666 3732 3776 3784 auiti

2208 3823 2377 3892 ἀρετὴ
2415 3824 2510 3891 μὲν
2538 3821 2883 3892 χρονίζουσα,
2910 3824 3096 3893 νεκροῖ
3117 3821 3187 3876 τὰ
3224 3823 3376 3894 πάθη
3395 3842 3411 3855 ο
3446 3824 3772 3895 ἀμελουμὲππ,

2207 3912 2286 3978 δὲ,
2320 3913 2484 3966 πάλιν
2511 3914 2717 3983 ἐγείρει
2749 3915 2906 3969 αὐτά.
2942 3959 2952 3967 .

2278 4102 2372 4150 νε’.
2426 4097 2484 4149 Ὁ
2517 4097 2748 4164 ἀγαπῶν
2797 4096 2888 4150 τὸν
2940 4098 3173 4165 Χριστὸν
3209 4097 3345 4166 (Η),
3419 4100 3650 4162 παντως
3696 4098 3768 4150 καὶ

2211 4187 2649 4256 μιμῖἶταιαὺτδν
2688 4185 2830 4239 κατά
2868 4184 3116 4256 δύναμιν.
3151 4182 3298 4251 Οἷον,
3331 4188 3360 4238 6
3387 4189 3631 4258 Χριστὸς
3666 4191 3768 4247 τοὺς

2207 4277 2525 4348 ἀνθρώπους
2546 4278 2848 4348 εὐεργετῶν
2871 4278 2971 4330 οὐκ
2995 4278 3270 4332 ἐπαύσατο
3292 4295 3306 4307 ο
3334 4281 3435 4332 καὶ
3459 4279 3764 4350 ἀχαριστοὸ-

537 4379 624 4424 tos
667 4371 856 4433 ferret,
901 4385 966 4423 ac
1015 4370 1110 4436 qui
1143 4370 1246 4438 ipsi
1294 4369 1672 4434 detraherent,
1719 4371 2106 4440 longanimiter

2226 4386 2368 4431 ιενος
2411 4369 2505 4422 καὶ
2555 4368 3062 4439 βλασφημούμενος,
3114 4370 3531 4439 ἐμακροθύμει·
3569 4377 3660 4424 καὶ
3694 4388 3764 4422 τυ-

537 4460 806 4514 tolerabat
835 4476 847 4511 :
879 4473 1116 4527 cumque
1148 4459 1452 4513 caederetur
1479 4460 1548 4514 ab
1581 4461 1661 4513 eis
1683 4475 1747 4514 ac
1775 4457 1897 4514 n'eci
1928 4461 2109 4516 trade-

537 4559 710 4613 retur,
746 4549 1078 4611 sustinebat,
1128 4548 1267 4602 nulli
1311 4565 1540 4618 prorsus
1593 4552 1796 4604 malum
1825 4560 2104 4620 reputans.

535 4639 674 4694 Sunt
706 4648 886 4692 autem
916 4639 1032 4694 hazc
1056 4638 1180 4703 tria,
1207 4640 1326 4708 ejus
1347 4655 1513 4708 opera
1535 4640 1842 4706 charitatis,
1867 4659 1990 4712 qua:
2017 4659 2107 4697 re-

533 4729 694 4798 Spicil
717 4730 1046 4798 proximum,
1081 4730 1427 4799 sine'quibus
1454 4733 1548 4800 qui
1577 4732 1711 4787 dicit
1739 4749 1797 4788 se
1817 4733 2101 4788 Christum

531 4820 888 4890 diligere,aut
907 4822 1010 4876 sibi
1039 4837 1266 4888 regnum
1303 4822 1612 4890 pollicetur,
1643 4825 1758 4894 ipse
1777 4841 1835 4879 se
1860 4826 2092 4882 seducit:

531 4907 646 4962 Non
679 4911 819 4962 enim
837 4911 926 4979 qui
951 4909 1075 4962 dicit
1094 4911 1240 4976 mihi,
1260 4909 1496 4976 Domine,
1517 4912 1760 4978 Domine,
1787 4913 1966 4983 inquit
1995 4916 2098 4969 Do-

531 5001 734 5066 minus,
769 5003 987 5056 intrabit
1004 5005 1058 5056 in
1091 5019 1310 5073 regnum
1343 5005 1612 5069 caelorum,
1641 5007 1732 5059 sed
1751 5009 1841 5083 qui
1860 5008 1986 5076 facit
2002 5025 2093 5061 vo-

531 5089 788 5145 tuntatem
827 5091 1007 5147 Patris
1040 5095 1139 5147 mei
1162 5095 1224 5147 ¹³.
1281 5095 1350 5148 Et
1383 5111 1576 5151 rursus
1603 5115 1615 5150 :
1647 5097 1748 5162 Qui
1790 5097 1960 5168 diligit
1989 5116 2089 5170 me,

529 5180 781 5232 mandata
818 5197 933 5234 mea
963 5183 1186 5236 servabit
1206 5185 1271 5247 ”,
1296 5193 1402 5238 etc.

591 5268 677 5320 56.
696 5268 884 5324 Omnis
899 5287 1097 5341 seopus
1109 5275 1489 5329 mandatorum
1509 5276 1809 5331 Salvatoris
1823 5278 1878 5331 in
1898 5294 1964 5332 eo
1987 5288 2090 5342 est,

529 5360 588 5404 ut
613 5355 680 5407 ab
713 5356 1036 5426 intemperie
1073 5370 1237 5429 atque
1277 5363 1406 5416 odio
1449 5363 1646 5419 liberet
1680 5366 1943 5431 animum,
1981 5377 2087 5422 tra-

527 5441 725 5515 hatque
753 5447 807 5500 in
835 5466 987 5504 suam
1033 5467 1096 5507 ac
1125 5455 1360 5522 proximi
1385 5457 1742 5526 charilatem;
1783 5476 1848 5514 ex
1889 5462 2092 5531 quibus

594 5607 638 5638 "
672 5611 858 5668 Matth.
886 5631 976 5681 vn,
1014 5618 1102 5671 2i.
1182 5620 1225 5652 “
1251 5621 1404 5676 Joan.
1443 5641 1550 5691 xw,
1586 5628 1650 5681 15

2211 4460 2478 4531 πτάμενος
2503 4461 2594 4513 ὑπ’
2636 4461 2819 4513 αὐτῶν
2845 4461 2940 4512 καὶ
2978 4461 3358 4530 φονευόμενος,
3387 4463 3655 4532 ὑπέμενε.
3679 4479 3762 4529 μη-

2207 4552 2318 4606 δενὶ
2351 4551 2636 4606 τοσύνολον
2677 4551 2739 4604 τὸ
2786 4552 2954 4605 κακὸν
3000 4551 3370 4620 λογιζόμενος.
3416 4554 3606 4606 Ταῦτα
3634 4555 3686 4606 δὲ
3710 4554 3761 4602 τὰ

2205 4642 2354 4712 τρία,
2388 4642 2456 4694 τὰ
2491 4641 2628 4712 ἔργα
2657 4642 2764 4694 εἰσὶ
2793 4641 2890 4711 τῆς
2923 4642 3003 4704 είς
3036 4641 3129 4693 τὸν
3163 4641 3390 4711 πλησίον
3440 4635 3756 4710 676313.22».

2205 4734 2375 4802 χωρὶς
2411 4734 2439 4785 ὀ
2467 4733 2640 4800 λέγων
2661 4733 2881 4803 ἀγαπᾷν
2912 4733 3000 4785 τὸν
3029 4731 3284 4803 Χριστὸν,
3317 4733 3348 4803 ἢ
3372 4734 3477 4803 τῆς
3507 4735 3758 4804 βασιλεὺς

2206 4823 2372 4876 αὑτοῦ
2409 4827 2611 4894 τυχεῖν,
2649 4824 2840 4878 ἑαυτὸν
2865 4825 3052 4895 ἀπατᾷ
3073 4839 3086 4854 ·
3123 4825 3205 4878 Οὐ
3241 4826 3350 4895 γὰρ
3378 4829 3415 4879 ό
3432 4827 3631 4895 λέγων
3660 4843 3756 4891 μα.

2203 4915 2360 4982 φησὶ,
2395 4916 2592 4982 Κύριε,
2627 4917 2826 4984 Κύριε,
2854 4911 3033 4980 οὗτος
3076 4919 3490 4972 εἰσελεύσεται
3537 4922 3626 4984 εἰς
3664 4920 3759 4982 τὴν

2195 5007 2520 5072 ,ϐασιλείαν
2547 5007 2664 5060 τῶν
2690 5006 2980 5076 οὐρανῶν,
3014 5009 3154 5062 ἀλλ’
3183 5013 3216 5063 ὁ
3235 5009 3424 5063 ποιῶν
3454 5013 3523 5065 τὸ
3551 5014 3755 5080 θέλημα

2200 5098 2307 5152 τοῦ
2334 5100 2563 5166 Πατρός
2589 5116 2728 5168 μου.
2765 5100 2873 5154 Καὶ
2911 5100 3074 5154 πάλιν
3093 5119 3108 5132 ο
3151 5103 3214 5155 '0
3241 5101 3495 5171 ἀγαπῶν
3524 5106 3646 5174 ἐμὲ,
3673 5106 3752 5154 καὶ

2127 5171 2170 5225 Β
2200 5190 2306 5256 τὰς
2333 5190 2586 5255 ἐντολάς
2611 5208 2731 5259 μου
2753 5193 3024 5260 τηρήσει,
3047 5193 3140 5247 καὶ
3168 5195 3236 5247 τὰ
3269 5196 3417 5265 ἑξῆς.

2271 5287 2380 5345 νς⁸.
2399 5281 2580 5343 ’Ἅπας
2596 5282 2622 5333 6
2647 5281 2846 5343 σκοπὸς
2874 5283 2980 5336 τῶν
3011 5283 3239 5338 ἐντολῶν
3257 5287 3352 5340 τοῦ
3387 5289 3660 5360 Σωτῆρος,
3681 5290 3753 5341 ἵνα

2200 5372 2469 5441 ἀκρασίας
2502 5373 2597 5425 καὶ
2634 5372 2827 5441 μίσους
2869 5375 2962 5427 τὸν
3009 5373 3135 5428 νοῦν
3178 5377 3542 5450 ἐλευθερώσῃ,
3572 5383 3665 5432 καὶ
3688 5382 3754 5437 εἰς

2198 5465 2296 5535 τὴν
2327 5464 2492 5518 αὐτοῦ
2523 5465 2743 5536 ἀγάπην
2782 5466 2878 5518 καὶ
2919 5466 3014 5520 τοῦ
3054 5466 3308 5539 πλησίον,
3353 5470 3540 5544 ἀγάγῃ
3563 5489 3576 5502 ·
3605 5473 3662 5538 ἐξ
3690 5464 3754 5524 ὗν
