3876 6314
119 241 248 306 1061

980 242 1317 304 CAPITUM
1357 239 1926 303 DE'CHARITATE
1966 241 2349 302 CENTURIA
2393 243 2490 302 IV.

3242 242 3378 305 1062

111 355 362 409 τίκτεται
403 353 462 406 τδ
497 352 699 421 φέγγος
730 351 831 423 τῆς
870 354 988 407 κατ’
1025 355 1308 424 ἐνέργειαν
1350 353 1512 423 ἁγίας
1549 350 1693 421 γνώ-
1724 401 1730 413 ,

1827 359 2000 407 aucta:
2028 352 2085 407 in
2120 361 2246 409 actu
2279 354 2613 425 cognitionis
2633 368 2698 410 ac
2723 354 2967 410 scientiae
3009 355 3166 410 iubar
3194 361 3378 413 nasci-

117 462 280 508 σεως.

201 536 299 599 νζ’.
341 535 592 606 Μερικῆς
625 537 881 603 γνώσεως
915 534 1069 604 παρὰ
1105 533 1200 586 τοῦ
1250 533 1386 587 Θεοῦ
1441 533 1702 597 καταξιω-

117 628 254 691 οεὶς,
285 627 359 698 μὴ
388 627 582 697 ἀμέλει
631 629 854 698 ἀγάπης
880 627 974 680 καὶ
1001 626 1349 697 ἐγκρατείας.
1397 617 1570 679 Αῦται
1593 626 1699 694 γὰρ

114 719 178 772 τὸ
195 718 498 789 παθητικὸν
514 721 678 790 μέρος
707 721 781 790 (ρ)
799 722 895 788 τῆς
915 718 1094 789 ψυχῆς
1117 717 1544 787 ἐκκαθαίρουσαι
1562 716 1697 787 (42),

115 810 217 881 τὴν
242 812 334 864 ἐπὶ
363 813 460 881 τὴν
487 811 686 879 γνῶσιν
705 811 823 864 ὁδὸν
849 810 936 866 ἀει
977 827 1058 864 σοι
1086 809 1521 889 εὐτρεπίζουσιν.

190 997 295 1060 νη’.
350 989 499 1054 Ὁδὸς
531 990 623 1041 ἐπὶ
653 990 752 1059 τὴν
779 987 979 1056 γνῶσίν
1003 989 1149 1040 ἐστιν
1172 987 1308 1058 (45),
1332 986 1570 1040 ἀπάθεια
1599 987 1696 1039 καὶ

111 1082 454 1144 ταπείνωσις
474 1081 571 1151 (q),
601 1072 675 1134 ὧν
708 1081 876 1151 χωρὶς
903 1079 1081 1142 οὐδεὶς
1121 1078 1314 1148 ὄψεται
1347 1077 1437 1130 τὸν
1471 1077 1696 1147 Κύριον.

195 1172 293 1224 νϐ’.
346 1170 562 1241 Ἐπειδὴ
592 1173 624 1240 ἡ
658 1171 859 1238 γνῶσις
886 1169 1144 1238 φυσιοῖ,ή
1181 1167 1237 1220 δὲ
1269 1167 1458 1237 ἀγάπη
1481 1165 1693 1219 οἰκοδο-

117 1268 217 1335 μεί
237 1281 250 1294 ·
283 1262 538 1326 σύζευξον
566 1265 630 1332 τῇ
669 1260 865 1329 γνώσει
892 1260 991 1328 τὴν
1026 1259 1274 1330 ἀγάπην,
1307 1257 1402 1310 καὶ
1433 1256 1531 1326 ἔσῃ
1558 1255 1684 1309 ἄτυ-

114 1374 256 1428 φος·
289 1357 383 1410 καὶ
418 1355 787 1424 πνευματικὸς
830 1352 1132 1421 οἰκοδόμος,
1171 1349 1266 1420 καὶ
1298 1349 1521 1402 σεαυτὸν
1552 1348 1700 1400 οἰκο-

113 1447 328 1518 δομῶν,
363 1447 458 1500 καὶ
491 1445 698 1508 πάντας
721 1445 846 1506 τοῦς
866 1441 1182 1512 ἑγγίζοντάς
1211 1457 1314 1494 σοι.

198 1541 261 1608 ξ’.
302 1537 595 1592 ’Ἐντεῦθεν
649 1539 682 1608 ἡ
748 1538 936 1606 ἀγάπη
991 1534 1285 1603 οἰκοδομεῖ,
1335 1530 1524 1602 ἐπειδὴ
1583 1529 1703 1583 οῦδὲ

113 1630 332 1698 φθονεῖ,
385 1628 507 1680 οὐδὲ
547 1626 682 1696 πρὸς
745 1624 1075 1694 φθονοῦντας
1164 1621 1544 1692 πικραίνεται·
1580 1620 1702 1673 οὐδὲ

112 1693 187 1773 τὸ
209 1718 570 1790 φθονούμενον
593 1693 929 1788 -δημοσιεύει
970 1715 1350 1778 ἐπιδεικτικῶς
1370 1729 1382 1745 °
1411 1712 1529 1765 οὐδὲ
1557 1711 1704 1779 λογί-
1737 1693 1777 1748 Β

117 1811 282 1876 ζεται
315 1809 505 1867 ἑαυτὸν
557 1809 657 1880 ἤδη
713 1806 1100 1876 κατειληφέναι
1138 1805 1241 1875 (r)°
1291 1804 1386 1858 καὶ
1421 1795 1494 1856 ὧν
1530 1803 1584 1854 δὲ
1606 1803 1705 1855 οὐκ

117 1897 293 1963 οἶδεν,
333 1899 584 1969 ὁμολογεῖ
620 1897 1060 1969 ἀνερυθριάστως
1098 1896 1196 1966 τὴν
1240 1896 1484 1964 ἄγνοιαν.
1517 1892 1706 1954 Οὕτως

116 1985 223 2043 οὖν
263 1989 354 2043 τὸν
393 1988 518 2040 νοῦν
559 1988 761 2056 ἄτυφον
802 1987 1174 2056 ἀπεργάζεται
1206 1987 1340 2054 (εΗ),
1368 1987 1461 2039 καὶ
1505 1983 1705 2056 προκό-

120 2097 288 2134 πτειν
315 2081 398 2143 εἰς
434 2078 534 2150 τὴν
570 2078 770 2147 γνῶσιν
793 2079 877 2132 ἀεὶ
907 2076 1335 2148 παρασκευάζει.

207 2268 305 2332 ξω.
348 2268 564 2336 Πὲφυκὲ
623 2285 742 2330 πως
778 2265 1119 2338 παρέπεσθαι
1147 2269 1212 2336 τῇ
1249 2265 1450 2334 γνώσει
1475 2269 1508 2337 ἡ
1533 2268 1713 2337 οἴησις

123 2359 228 2414 καὶ
265 2359 458 2427 φθόνος
489 2357 555 2427 (ε)
622 2358 679 2409 ἐν
723 2356 1032 2428 προοιμίοις
1080 2355 1334 2425 μάλιστα.
1384 2356 1494 2410 Καὶ
1539 2358 1572 2426 ἠ
1608 2357 1708 2428 μὲν

122 2451 332 2520 οἴησις,
361 2447 574 2501 ἔνδοθεν
602 2447 792 2517 μόνον·
817 2449 846 2500 ὁ
885 2446 942 2500 δὲ
983 2445 1196 2515 φθόνος,
1231 2448 1325 2499 καὶ
1355 2446 1585 2512 ἔνδοθεν,
1615 2447 1709 2500 καὶ¹

126 2539 354 2604 ἔξωθεν.
380 2538 489 2590 Καὶ
512 2537 727 2590 ἔνδοθεν
760 2537 881 2608 μὲν,
915 2536 1054 2608 πρὸς
1075 2538 1200 2601 τοὺς
1220 2536 1440 2606 ἔχοντας
1469 2537 1671 2605 γνῶσιν
1691 2555 1704 2568 ·

129 2628 338 2693 ἔξωθεν
384 2627 462 2689 δὲ,
497 2627 607 2682 ἀπὸ
637 2627 745 2680 τῶν
797 2626 1052 2697 ἑχόντων.
1097 2626 1161 2679 Ἤ
1223 2623 1318 2681 οὖν
1376 2628 1586 2698 ἀγάπη,
1641 2628 1710 2681 τὰ

126 2721 264 2790 cpia
289 2719 614 2788 ἀνατρέπειο
643 2718 743 2788 τὴν
793 2718 893 2788 μὲν
939 2715 1141 2786 οἴησιν,
1177 2717 1366 2789 ἐπειδὴ
1395 2718 1457 2770 οὐ
1489 2719 1712 2787 φυσιοῦ-

128 2828 252 2865 ται.
291 2811 396 2864 Τδν
437 2811 494 2863 δὲ
536 2809 746 2863 ἔνδοθεν
781 2808 997 2879 φθόνον,
1048 2808 1170 2862 ἐπεὶ
1209 2809 1270 2862 οῦ
1307 2808 1495 2879 ζηλοῖ·
1527 2808 1618 2862 τὸν
1645 2808 1707 2862 δὲ

130 2903 358 2968 ἔξωθεν,
383 2901 572 2972 ἐπειδὴ
592 2899 938 2971 μακροθυμεῖ
967 2899 1062 2952 καὶ
1087 2898 1471 2970 χρηστεύεται.
1520 2899 1713 2968 Ἀνάγ-

129 3011 214 3065 κη
265 2986 356 3052 οὖν
409 2991 501 3045 τὸν
549 2991 740 3061 ἔχοντα
782 2988 1006 3057 γνῶσιν,
1045 2986 1450 3058 προσλαϐέσθαι
1482 2987 1577 3039 καὶ
1615 2982 1713 3057 τὴν

1802 450 1915 496 tur.

1870 533 1957 587 57.
1996 532 2252 589 Scientiae
2297 542 2454 604 parte
2488 535 2671 604 aliqua
2705 536 2965 606 dignatus
2992 553 3021 590 a
3046 538 3178 602 Deo,
3215 553 3380 594 eave-

1802 623 1878 677 sis
1900 623 2255 678 dilectionem
2293 625 2538 694 negligas
2562 641 2626 680 ac
2652 626 3068 681 continentiam.
3107 629 3200 684 lla:
3232 630 3380 684 enim

1800 711 1970 766 animi
2021 723 2232 781 partem
2275 713 2568 768 affectibus
2623 714 2915 769 obnoxiam
2977 727 3379 788 expurgantes,

1801 800 1945 853 viam
1977 817 2097 870 quae
2121 801 2188 856 ad
2219 802 2503 858 scientiam
2538 803 2694 858 ducit
2725 805 2826 859 tibi
2844 821 3062 876 semper
3084 809 3383 878 expediunt

1800 904 1866 943 ac
1900 901 2226 960 praeparant.

1873 987 1962 1040 58.
1990 987 2086 1042 Via
2108 988 2175 1042 ad
2201 988 2509 1054 scientiam,
2551 989 2972 1060 imperturbatio
3006 1001 3090 1047 est
3117 1002 3174 1048 et
3203 994 3382 1048 humi-

1799 1078 1950 1143 litas,
1985 1081 2106 1135 sine
2131 1081 2333 1151 quibus
2364 1098 2528 1136 nemo
2550 1083 2760 1137 videbit
2785 1084 3075 1138 Dominum
3105 1086 3147 1117 ¹⁵

1872 1170 1961 1225 59.
1992 1170 2129 1226 Cum
2152 1171 2382 1226 scientia
2408 1172 2581 1239 inﬂet,
2609 1175 2852 1231 charitas
2872 1186 3056 1233 autem
3079 1179 3380 1246 aediﬁcet“;

1801 1261 2136 1317 charitatem‘
2161 1263 2405 1318 scicntia:
2425 1266 2643 1334 copula,
2671 1267 2935 1337 nulloque
2963 1271 3234 1339 superbiae
3254 1281 3383 1342 typo

1806 1351 2053 1405 tumidus
2107 1352 2269 1423 452
2330 1370 2394 1409 ac
2438 1355 2700 1424 spiritalis
2739 1357 3040 1413 :edificator
3089 1361 3240 1423 eris,
3285 1361 3381 1430 qui

1804 1451 1920 1496 tum
1955 1443 2070 1512 ipse
2106 1453 2159 1498 te
2183 1444 2440 1509 aediﬁces,
2467 1454 2582 1500 tum
2613 1463 2711 1503 eos
2745 1464 2936 1504 omnes
2967 1452 3060 1521 qui
3081 1461 3131 1507 te
3156 1455 3382 1508 adeunt.

1874 1530 1959 1585 60.
2018 1531 2149 1585 Inde
2197 1541 2280 1586 est
2311 1533 2458 1602 quod
2485 1535 2725 1591 Charitas
2748 1536 3000 1603 aedificet,
3021 1541 3170 1610 quod
3202 1559 3382 1614 neque

1806 1622 2072 1688 invideat,
2104 1639 2284 1694 neque
2312 1625 2367 1678 in
2394 1641 2490 1680 eos
2510 1627 2602 1695 qui
2626 1628 2898 1694 invident,
2929 1633 3130 1687 animis
3153 1649 3384 1705 exaspe—

1807 1722 1993 1779 retur;
2021 1714 2358 1785 honumque,
2381 1717 2527 1785 quod
2569 1717 2831 1773 invidiam
2865 1723 3027 1790 parit,
3057 1739 3155 1792 per
3176 1726 3391 1794 jactan-

1807 1807 1938 1862 tiam
1963 1805 2020 1860 in
2047 1808 2240 1877 vulgus
2269 1823 2378 1861 non
2404 1807 2703 1876 producat;
2737 1826 2840 1865 nec
2869 1828 2926 1867 se
2949 1815 3060 1883 jam
3084 1815 3386 1872 arbitretur

1806 1899 2293 1969 comprehendisse
2324 1901 2396 1966 ‘7;
2453 1901 2548 1955 sed
2577 1909 2634 1956 et
2664 1917 2859 1956 eorum
2892 1919 3014 1972 quae
3053 1908 3230 1962 nescit
3267 1908 3387 1964 sine

1806 1988 2008 2043 rubore
2045 1988 2406 2059 ignorantiam
2430 1988 2668 2044 fatetur:
2701 1991 2779 2045 sic
2801 1991 2965 2062 igitur
2991 1994 3231 2049 animum
3247 1995 3387 2052 fastu

1807 2079 2044 2144 liberat,
2081 2088 2246 2148 atque
2274 2078 2344 2132 ad
2395 2078 2671 2134 uberioris
2697 2095 2914 2135 semper
2939 2083 3182 2138 scientiae
3207 2085 3389 2154 profc-

1809 2179 1956 2226 ctum
1994 2178 2285 2241 prmparat.

1878 2263 1965 2317 61.
2002 2262 2092 2317 Sic
2135 2262 2250 2324 fere
2287 2271 2664 2332 comparatum
2697 2273 2822 2327 west,
2871 2274 2933 2320 ut
2969 2265 3256 2322 scientiam
3303 2284 3389 2324 se-

1807 2364 2070 2426 quantur,
2093 2355 2250 2424 quasi
2275 2354 2326 2408 ei
2363 2355 2613 2418 comites,
2651 2356 2771 2424 ipso
2808 2357 3112 2425 przesertim
3148 2360 3268 2428 ejus
3288 2375 3388 2414 ex-

1809 2446 1989 2509 ordio,
2014 2445 2179 2500 elatio
2199 2445 2366 2498 animi
2412 2444 2554 2515 (ejus
2576 2447 2785 2500 scilicet
2809 2463 2949 2502 vane
2984 2449 3087 2502 sibi
3118 2451 3390 2518 placentis

1809 2536 2018 2606 Opinio)
2048 2544 2104 2590 et
2135 2536 2360 2590 invidia.
2382 2536 2460 2591 Ac
2482 2538 2702 2607 quidem
2739 2538 2905 2592 animi
2940 2540 3106 2594 elatio
3141 2557 3388 2610 vanaque

1809 2628 1902 2682 illa
1925 2628 2136 2698 opinio,
2169 2627 2404 2683 interius
2440 2630 2648 2695 solum;
2690 2630 2893 2684 invidia
2923 2647 3073 2695 vero,
3099 2647 3214 2686 tum
3247 2633 3386 2688 inte-

1812 2719 1947 2779 rius.
1969 2726 2082 2772 tum
2104 2719 2372 2773 exterius.
2394 2720 2469 2773 Ac
2486 2721 2707 2789 quidem
2731 2721 2986 2785 interius,
3009 2723 3275 2778 adversus
3289 2738 3388 2779 eos

1812 2809 1907 2879 qui
1962 2809 2194 2874 scientia
2226 2809 2470 2878 pollent;
2523 2811 2766 2866 exterius
2793 2827 2944 2876 vero,
2995 2812 3064 2866 ab
3103 2811 3169 2866 iis
3208 2813 3382 2881 quiet

1814 2900 1917 2969 ipsi
1947 2900 2040 2954 illa
2075 2899 2304 2970 fulgent.
2354 2899 2610 2956 Charitas
2659 2916 2789 2970 ergo
2843 2903 2960 2956 haec
3005 2903 3110 2957 tria
3155 2903 3384 2969 evertit;

1815 2989 1984 3044 animi
2018 2989 2242 3058 quidem
2271 2991 2587 3056 elationem,
2621 3007 2685 3045 ea
2734 2993 2950 3048 ratione
2978 2993 3124 3061 quod
3172 3007 3280 3047 non
3307 2993 3391 3048 in-

131 3085 385 3154 ἁγάπην,
425 3084 512 3136 ἵνα
542 3083 796 3153 ἄτρωπον
819 3081 910 3133 τὸν
939 3079 1059 3133 νοῦν
1093 3081 1149 3132 ὲν
1170 3079 1333 3132 παντὶ
1361 3078 1711 3148 διαφυλάττῃ.

1827 3080 1980 3135 llatnr
2013 3099 2028 3133 :
2065 3081 2328 3136 invidiam
2359 3098 2490 3136 vero
2531 3098 2652 3151 quae
2693 3083 2924 3137 interius
2964 3093 3068 3149 cst,
3098 3093 3389 3152 propterea

134 3175 272 3245 quia
296 3191 403 3229 non
435 3174 826 3239 aemulatur“;
873 3187 992 3241 quae
1032 3181 1216 3226 autem
1246 3170 1314 3224 ab
1341 3169 1711 3225 exterioribus
1748 3173 2024 3241 provenit,
2089 3173 2235 3242 quod
2291 3175 2620 3246 longanimis
2689 3190 2755 3228 ac
2809 3175 3026 3244 patiens
3079 3177 3168 3230 sit.
3217 3176 3391 3246 Igitur

135 3288 369 3329 necesse
401 3281 488 3326 est
537 3279 596 3324 ut
633 3270 730 3340 qui
787 3269 1018 3324 scientia
1041 3268 1306 3338 praeditus
1350 3277 1458 3333 est,
1491 3268 1711 3336 abunde
1746 3270 1914 3324 etiam
1981 3270 2306 3324 cbaritatem
2369 3271 2622 3335 asciseat,
2678 3278 2740 3324 ut
2787 3270 3010 3325 illaesam
3053 3270 3109 3325 in
3133 3271 3390 3336 onmibns

139 3373 382 3418 mentem
408 3361 704 3417 custodiat.

221 3454 318 3526 83'.
373 3457 430 3510 ’0
460 3454 550 3508 τοῦ
575 3455 913 3525 χαρίσματος
937 3454 1037 3524 τῆς
1056 3451 1309 3520 γνώσεως
1332 3452 1710 3519 καταξιωθεὶς,

140 3548 243 3602 καὶ
275 3547 533 3616 λύπην,ἥ
571 3546 938 3617 μνησικακίαν
981 3545 1116 3615 πρὸς
1153 3543 1440 3616 ἄνθρωπον
1486 3544 1646 3614 ἔχων,
1679 3545 1710 3598 ἢ

145 3642 328 3711 μῖσος,
368 3639 552 3708 ὅμοιός
584 3623 820 3707 ἐστι’τῷ
857 3635 1122 3698 ἀκάνθαις
1161 3634 1256 3687 κιιι)⁸
1296 3633 1563 3703 τριϐόλοις
1592 3634 1715 3696 τοὺς

223 3826 264 3858 ³³
287 3824 453 3880 Hebr.
483 3840 577 3890 xu,
603 3824 688 3878 Η.
768 3823 809 3854 ¹⁶
833 3821 856 3877 Ι
877 3819 1002 3876 Cor.
1029 3835 1144 3884 vui,
1171 3819 1223 3872 l.

224 3982 298 4053 (p)
346 3981 413 4034 Τὸ
459 3981 786 4053 παθητικὸν
819 3977 1030 4053 μέρος..
1067 3974 1370 4053 Adcctibus
1417 3972 1712 4053 obnoxiam

142 4042 381 4124 partem,
424 4042 835 4124 ae‘patibilemf
857 4042 986 4103 Non
1017 4048 1158 4102 bene
1197 4044 1400 4124 Gbsop.
1442 4052 1498 4124 et
1541 4042 1708 4097 Gesn.

144 4114 600 4192 concupiscibilém
639 4128 865 4192 partem,
902 4134 1024 4187 quae
1046 4126 1131 4171 est
1164 4116 1334 4169 altera
1378 4114 1552 4192 solum
1588 4128 1714 4181 pars

144 4192 248 4246 τοῦ
279 4184 600 4256 παθητικοῦ,
625 4184 1206 4256 ὀοιιᾶίειίηόιιιᾼοοηιιο
1238 4193 1444 4256 partem
1482 4184 1722 4256 irascen-

147 4252 491 4331 tem;_cujus
532 4252 919 4331 perfectionem
963 4253 1098 4331 alias
1131 4252 1253 4331 etv:
1278 4255 1496 4331 ἀγάπην
1535 4252 1722 4305 docuit

1895 3453 1985 3507 62.
2021 3452 2124 3519 QUI
2154 3453 2399 3508 scientiae
2450 3453 2654 3507 donum
2719 3461 3068 3514 consecutus.
3107 3453 3384 3508 tristitiam

1820 3544 2085 3598 adversus
2119 3543 2377 3612 aliquem.
2421 3543 2506 3597 vel
2543 3543 2868 3613 iujuriarum
2895 3541 3240 3606 memoriam,
3273 3542 3387 3596 sive

1821 3632 2012 3688 odium
2053 3633 2240 3698 habet,
2276 3633 2476 3696 similis
2507 3633 2586 3687 illi
2615 3642 2719 3700 est,
2739 3633 2833 3702 qui
2867 3633 3042 3704 spinis
3076 3642 3133 3688 et
3169 3633 3388 3688 tribulis

1299 3818 1339 3850 "
1365 3790 1601 3887 Philipp.
1627 3833 1705 3883 ιιι,
1734 3818 1822 3872 12.
1891 3818 1935 3850 ’³
1958 3817 2125 3873 ICor.
2143 3834 2258 3880 xm,
2287 3822 2319 3874 4

1817 3987 1924 4041 pue
1955 3980 2172 4026 sanctos
2197 3971 2439 4042 insignit,
2475 3972 2762 4041 ipsumque
2785 3970 3043 4025 Sanctum
3074 3986 3384 4033 sanctorum

1817 4057 1885 4096 eo
1927 4041 2168 4111 plenum)
2197 4043 2273 4095 illi
2310 4041 2569 4095 ascribat.

1893 4112 1963 4182 (ν)
2015 4111 2166 4165 Οὐδὲ
2196 4111 2482 4180 λογίζεται
2511 4111 2728 4182 ἑαυτιὲν
2778 4113 2894 4181 ἤδη
2944 4115 3380 4180 κατειληφέναι.

1827 4179 2002 4238 Verba
2033 4191 2160 4234 sunt
2175 4179 2420 4250 Apestoli
2459 4179 2693 4252 Philipp.
2722 4179 2813 4241 in,
2829 4179 2892 4237 ac
2917 4179 3382 4252 snpei'flua’Gcsn.

1827 4252 2163 4320 conjectura,
2193 4252 2329 4321 forte
2355 4251 2573 4315 σκοπόν,
2612 4259 2864 4321 tanquam
2895 4251 2999 4306 illa
3024 4269 3127 4306 vox
3155 4253 3384 4308 Maximo

148 4320 436 4394 Maximus,
461 4320 592 4383 utet
623 4328 1063 4400 concupiscentis
1094 4320 1202 4400 $th
1226 4320 1576 4400 ἐγκράτειανε
1600 4337 1721 4400 qua:
1753 4345 1795 4400 Ι)
1826 4320 2234 4400 desideretur;
2264 4328 2330 4400 ut
2375 4322 2539 4400 etiam
2585 4320 2984 4400 ἰιιξηοιξιγοιτιι⁸
3020 4322 3386 4400 Bill._Anetor

149 4403 228 4456 sit
267 4392 431 4455 velut
463 4399 705 4454 severior
751 4392 1032 4466 disciplina
1081 4394 1300 4466 modum
1349 4392 1722 4460 voluptatibus

148 4484 545 4541 ponens,_cum
574 4484 639 4522 ea
672 4463 1030 4541 pugna,'qu:e
1067 4463 1288 4541 propria
1328 4472 1412 4517 est
1458 4477 1722 4541 exercen-

153 4532 296 4594 iium
351 4532 419 4592 ad
475 4532 776 4608 pietate—mf
804 4532 980 4608 donec
1037 4532 1328 4608 perfectam
1374 4532 1724 4608 σωφροσῦνην

151 4611 234 4682 (id
277 4621 394 4682 _est,
453 4601 885 4682 temperantiam,
932 4601 1222 4682 ipsamque
1263 4601 1725 4682 sic-spiritalibus

150 4670 506 4741 celebratam,
549 4670 838 4742 ἀπάθειαν)
892 4670 1035 4729 ιιιιόιὶ
1085 4670 1309 4726 fuerint.
1362 4670 1464 4724 Hic
1502 4685 1724 4742 summa

154 4749 421 4802 Maximus
445 4739 658 4816 plenam
695 4739 1004 4816 doctrinam
1045 4743 1230 4816 tradit,
1272 4755 1436 4809 quam
1471 4739 1551 4795 sic
1587 4755 1723 4795 exo-

157 4818 252 4872 tici
283 4812 533 4871 homines
566 4831 663 4886 per
691 4815 1022 4884 imperitiam
1056 4812 1380 4886 dimin_u_tam
1405 4824 1723 4886 _re_przesen-

160 4895 296 4942 tant.
335 4886 466 4941 Vide
503 4879 621 4955 cap.
658 4886 744 4948 80,
771 4879 1015 4955 itemque
1055 4897 1173 4952 cap.
1217 4880 1306 4945 66,
1338 4879 1498 4950 primi
1543 4888 1726 4934 cente-

159 4957 306 5011 narii
335 4973 458 5010 cum
481 4953 598 5010 sch’.
644 4957 712 5010 ad
739 4953 893 5009 illud.

254 5026 310 5097 q)
385 5026 654 5097 Ἄπάθξια
727 5024 827 5078 καὶ
864 5021 1243 5097 ταπείνωσις»
1313 5017 1460 5097 Quas
1526 5018 1726 5097 Paulus

162 5089 332 5151 Hebr.
377 5112 475 5163 ιιι,
521 5095 751 5150 virtutes
793 5101 972 5163 vocat.
1020 5093 1242 5162 εἰρήνην
1287 5089 1402 5163 καὶ.
1435 5089 1721 5163 ἁγιασμῷ,

161 5165 265 5220 has
313 5157 577 5220 Maximus
630 5164 720 5219 hic
774 5162 1041 5217 ἀπάθειαν
1074 5157 1206 5213 ⁷καὶ⁷
1242 5157 1612 5211 ταπείνωσινζ
1649 5157 1726 5212 Ac

163 5237 365 5306 prioris
398 5236 620 5306 quidem
659 5236 820 5306 clara;
841 5231 1016 5296 ratio;
1045 5231 1100 5306 in
1130 5229 1274 5306 idem
1309 5228 1455 5281 enim
1479 5241 1616 5306 pene
1639 5241 1728 5281 so-

162 5300 300 5359 nant
353 5300 475 5373 pax,
507 5303 785 5374 animique
809 5300 1236 5374 imperturbatio
1251 5313 1315 5352 ac
1342 5313 1552 5374 summa
1579 5305 1727 5349 tran-
1768 5300 1770 5302 ’

164 5367 428 5444 (ιιιίηὶιῆε.
454 5367 712 5430 Αιιειοιιιή
732 5374 852 5444 plus
874 5367 1118 5444 mysterii
1153 5369 1335 5444 habet,
1358 5367 1503 5444 quod
1529 5381 1726 5444 nempe

165 5435 376 5500 natura:
400 5444 601 5516 utentis
626 5435 834 5516 ratione
860 5435 1216 5516 sanctimonia
1228 5439 1286 5516 i_n
1310 5435 1726 5516 humilitate‘vel

167 5516 401 5570 maxime
432 5515 606 5584 posita
647 5514 736 5578 sit,
774 5528 879 5584 qua
901 5509 1199 5584 subjicitur
1228 5509 1361 5570 Deo,
1406 5514 1465 5584 ut
1501 5505 1726 5584 ab‘ipso

166 5575 522 5654 perﬁcienda,
553 5575 860 5654 inquc'cj'us
898 5575 1136 5654 laudem,
1163 5585 1218 5633 et
1245 5587 1306 5630 ut
1335 5575 1601 5653 quidquid
1642 5584 1727 5653 est

169 5649 388 5724 (timore
426 5654 519 5709 illo
546 5649 694 5707 casto
722 5649 815 5723 qui
841 5657 1028 5705 manet
1054 5649 1107 5703 in
1131 5657 1418 5713 internum,
1449 5661 1512 5700 ac
1538 5649 1727 5715 praeci-

1825 4391 1998 4445 schol.
2041 4389 2109 4445 ad
2160 4391 2433 4444 intentum
2461 4390 2698 4452 Maximi,
2728 4391 2865 4446 bene
2897 4392 3065 4446 refert
3102 4391 3168 4444 ad
3211 4392 3390 4445 scien-

1827 4460 1957 4514 tiam
2009 4459 2145 4530 :JQ
2203 4460 2374 4530 δοκῷν
2447 4461 2546 4530 ἤδη
2625 4462 3007 4530 κατειληφέναι
3066 4463 3158 4514 καὶ
3219 4462 3385 4530 μηδὲν

1827 4532 2062 4596 ἀγνοεῖν,
2097 4529 2254 4600 δῆλον
2288 4529 2362 4592 ὡς
2381 4529 2600 4596 ἀγάπην
2630 4531 2728 4583 οὐκ
2751 4529 2894 4600 ἔχει’
2929 4530 3028 4594 Qui
3061 4547 3114 4583 se
3131 4529 3253 4600 jam
3288 4529 3388 4600 ap-

1825 4599 2154 4670 prehendisse
2178 4597 2295 4666 (seu
2327 4607 2680 4654 consecutum
2711 4597 2852 4670 esse)
2880 4597 3162 4665 existimat,
3183 4608 3232 4652 et
3256 4597 3388 4654 nillil

1823 4667 2094 4739 ignorare,
2131 4667 2286 4738 liquet
2314 4685 2418 4722 non
2450 4670 2638 4722 habere
2667 4667 2998 4739 c/taritatem.
3034 4737 3044 4739 _
3367 4675 3372 4678 ’

1899 4739 1963 4809 (s)
2011 4739 2070 4791 Ἡ
2095 4737 2294 4802 οἴησις
2316 4739 2410 4792 καὶ
2428 4740 2668 4806 φθόνος.
2708 4738 2909 4809 Obsop.
2940 4749 2990 4794 et
3017 4737 3180 4794 Gesn.
3215 4739 3389 4808 opinio

1827 4817 1875 4880 et
1905 4809 2124 4880 inuidia,
2155 4809 2308 4880 quasi
2343 4818 2487 4880 esset
2510 4809 2814 4880 ὃᾴξαηΝοη
2861 4809 3007 4880 enim
3050 4825 3155 4880 vox
3189 4811 3386 4880 opinio,

1827 4879 1905 4932 sie
1928 4878 2172 4948 absolute
2192 4878 2419 4946 prolata,
2438 4877 2491 4931 id
2517 4876 2786 4948 signiﬁcat
2805 4879 2949 4948 quod
2967 4879 3170 4932 Graecis
3189 4876 3385 4948 οἴησις,

1827 4956 1921 5001 aut
1971 4947 2074 5000 rite
2121 4961 2304 5000 comes
2348 4947 2656 5017 assignatur
2701 4947 2940 5002 invidiae.
2991 4948 3146 5002 Suid.
3193 4947 3385 5012 οἴησις,

1827 5017 2072 5087 ἔπαρμα,
2110 5017 2364 5087 Δὑπόνοια,
2399 5019 2494 5071 ubi
2528 5018 2754 5087 Portus,
2788 5017 2946 5070 elatio
2975 5018 3159 5077 animi,
3192 5017 3387 5087 opinio.

1826 5085 1990 5156 quam
2031 5085 2145 5156 quis
2188 5085 2250 5138 de
2281 5103 2336 5140 se
2377 5085 2693 5156 praclarum
2733 5087 2906 5152 habet,
2951 5087 3194 5156 suspicio.
3234 5085 3389 5156 Quod

1827 5154 2011 5209 tamen
2044 5154 2302 5208 ‘ultimum
2343 5154 2453 5209 non
2505 5156 2699 5224 placet.
2755 5157 2922 5210 Recte
2969 5154 3188 5223 quidem
3233 5154 3390 5213 Suid.

1830 5226 2052 5278 ὑπόνοια
2075 5241 2089 5255 ο
2130 5224 2225 5279 sed
2267 5241 2428 5294 quam
2457 5240 2646 5280 vocem
2677 5226 2796 5295 ejus
2825 5226 2917 5279 hic
2942 5240 3128 5288 sensu,
3161 5239 3264 5276 vox
3291 5224 3392 5295 ba-

1827 5295 1941 5349 tina
1968 5310 2076 5348 non
2103 5295 2236 5348 satis
2261 5293 2548 5364 exprimit;
2582 5296 2676 5349 sed
2708 5293 2854 5362 quod
2889 5311 3009 5347 eam
3041 5295 3264 5362 exponit
3287 5293 3390 5346 lle-

1828 5364 1980 5434 sych.
2007 5365 2382 5434 ῥπερηφανὶα,
2419 5365 2647 5434 θράσος·
2683 5365 2945 5434 superbia,
2969 5364 3214 5425 audacia,
3236 5371 3392 5434 teme-

1828 5432 1978 5503 ritas.
2007 5432 2144 5488 Hine
2169 5432 2661 5503 οῐηματίαςοῑάοιῐι
2685 5432 2841 5488 Suid.
2883 5435 3206 5502 ἐπηρμένος.
3235 5433 3382 5486 Port.

1829 5502 2019 5574 elatas,
2063 5502 2302 5574 inﬂatus,
2348 5504 2624 5574 superbus.
2664 5504 2812 5559 Idem
2854 5503 3103 5574 pluribus
3145 5503 3380 5556 Phavor.

1827 5588 1931 5628 nec
1960 5573 2018 5628 in
2044 5588 2104 5630 re
2121 5573 2243 5630 tam
2267 5573 2423 5630 clara
2439 5574 2648 5631 diutius
2673 5573 3013 5630 haerendum.
