  <div class='ocr_page' id='page_1' title='image "/cluster/home/n/w/nwhite01/storage/ocr_20150623/90/pst.000005712960/571.png"; bbox 0 0 3876 6314; ppageno 0'>
   <div class='ocr_carea' id='block_1_1' title="bbox 491 235 626 301">
    <p class='ocr_par' dir='ltr' id='par_1_1' title="bbox 491 235 626 301">
     <span class='ocr_line' id='line_1_1' title="bbox 491 235 626 301; baseline 0.007 -2"><span class='ocrx_word' id='word_1_1' title='bbox 491 235 626 301; x_wconf 82' lang='lat'><strong>1063</strong></span> 
     </span>
    </p>
   </div>
   <div class='ocr_carea' id='block_1_2' title="bbox 1606 217 2547 287">
    <p class='ocr_par' dir='ltr' id='par_1_2' title="bbox 1606 217 2547 287">
     <span class='ocr_line' id='line_1_2' title="bbox 1606 217 2547 287; baseline -0.012 1"><span class='ocrx_word' id='word_1_2' title='bbox 1606 228 1668 287; x_wconf 93' lang='lat' dir='ltr'><strong>S.</strong></span> <span class='ocrx_word' id='word_1_3' title='bbox 1709 221 1996 286; x_wconf 80' lang='lat' dir='ltr'><strong>MAXIMI</strong></span> <span class='ocrx_word' id='word_1_4' title='bbox 2039 217 2547 280; x_wconf 83' lang='lat' dir='ltr'><strong>CONFESSORIS</strong></span> 
     </span>
    </p>
   </div>
   <div class='ocr_carea' id='block_1_3' title="bbox 3617 201 3750 264">
    <p class='ocr_par' dir='ltr' id='par_1_3' title="bbox 3617 201 3750 264">
     <span class='ocr_line' id='line_1_3' title="bbox 3617 201 3750 264; baseline -0.008 0"><span class='ocrx_word' id='word_1_5' title='bbox 3617 201 3750 264; x_wconf 66' lang='grc'>1661</span> 
     </span>
    </p>
   </div>
   <div class='ocr_carea' id='block_1_4' title="bbox 482 313 2067 422">
    <p class='ocr_par' dir='ltr' id='par_1_4' title="bbox 482 335 2058 422">
     <span class='ocr_line' id='line_1_4' title="bbox 482 335 2058 422; baseline -0.009 -19"><span class='ocrx_word' id='word_1_6' title='bbox 482 348 676 404; x_wconf 82' lang='lat' dir='ltr'><strong>oculos</strong></span> <span class='ocrx_word' id='word_1_7' title='bbox 719 346 1061 416; x_wconf 87' lang='lat' dir='ltr'><strong>eompungit.</strong></span> <span class='ocrx_word' id='word_1_8' title='bbox 1100 342 1223 410; x_wconf 84' lang='lat' dir='ltr'><strong>Quo</strong></span> <span class='ocrx_word' id='word_1_9' title='bbox 1257 339 1353 409; x_wconf 70' lang='lat' dir='ltr'><strong>lit&#39;,</strong></span> <span class='ocrx_word' id='word_1_10' title='bbox 1383 349 1446 422; x_wconf 76' lang='lat' dir='ltr'><strong>ut</strong></span> <span class='ocrx_word' id='word_1_11' title='bbox 1473 340 1717 397; x_wconf 84' lang='lat' dir='ltr'><strong>charitas</strong></span> <span class='ocrx_word' id='word_1_12' title='bbox 1745 335 2058 394; x_wconf 81' lang='lat' dir='ltr'><strong>necessario</strong></span> 
     </span>
    </p>
   </div>
   <div class='ocr_carea' id='block_1_5' title="bbox 2179 313 3750 422">
    <p class='ocr_par' dir='ltr' id='par_1_5' title="bbox 2179 313 3750 400">
     <span class='ocr_line' id='line_1_5' title="bbox 2179 313 3750 400; baseline -0.013 -17"><span class='ocrx_word' id='word_1_13' title='bbox 2179 329 2476 400; x_wconf 69' lang='grc' dir='ltr'>ἰφθαλμοῦς</span> <span class='ocrx_word' id='word_1_14' title='bbox 2548 321 2964 380; x_wconf 78' lang='grc' dir='ltr'>κατακεντοῦντι</span> <span class='ocrx_word' id='word_1_15' title='bbox 3014 319 3128 392; x_wconf 66' lang='grc' dir='ltr'><strong>[ἲν.</strong></span> <span class='ocrx_word' id='word_1_16' title='bbox 3181 317 3274 370; x_wconf 70' lang='grc' dir='ltr'>τοῦ</span> <span class='ocrx_word' id='word_1_17' title='bbox 3340 313 3750 369; x_wconf 66' lang='grc' dir='ltr'>κατακεντοίν·</span> 
     </span>
    </p>
   </div>
   <div class='ocr_carea' id='block_1_6' title="bbox 481 435 1176 508">
    <p class='ocr_par' dir='ltr' id='par_1_6' title="bbox 481 435 1176 508">
     <span class='ocr_line' id='line_1_6' title="bbox 481 435 1176 508; baseline -0.013 -12"><span class='ocrx_word' id='word_1_18' title='bbox 481 441 724 496; x_wconf 70' lang='lat' dir='ltr'><strong>scientize</strong></span> <span class='ocrx_word' id='word_1_19' title='bbox 751 435 1055 508; x_wconf 89' lang='lat' dir='ltr'><strong>c0pulanda</strong></span> <span class='ocrx_word' id='word_1_20' title='bbox 1087 435 1176 488; x_wconf 92' lang='lat' dir='ltr'><strong>sit.</strong></span> 
     </span>
    </p>
   </div>
   <div class='ocr_carea' id='block_1_7' title="bbox 550 514 2054 591">
    <p class='ocr_par' dir='ltr' id='par_1_7' title="bbox 550 514 2054 591">
     <span class='ocr_line' id='line_1_7' title="bbox 550 514 2054 591; baseline -0.011 -7"><span class='ocrx_word' id='word_1_21' title='bbox 550 531 639 584; x_wconf 78' lang='grc'>65.</span> <span class='ocrx_word' id='word_1_22' title='bbox 666 529 809 584; x_wconf 85' lang='lat' dir='ltr'><strong>Cave</strong></span> <span class='ocrx_word' id='word_1_23' title='bbox 835 541 998 581; x_wconf 89' lang='lat' dir='ltr'><strong>omne</strong></span> <span class='ocrx_word' id='word_1_24' title='bbox 1031 526 1206 580; x_wconf 89' lang='lat' dir='ltr'><strong>otium</strong></span> <span class='ocrx_word' id='word_1_25' title='bbox 1238 533 1395 579; x_wconf 85' lang='lat' dir='ltr'><strong>tuum</strong></span> <span class='ocrx_word' id='word_1_26' title='bbox 1435 530 1601 591; x_wconf 88' lang='lat' dir='ltr'><strong>atque</strong></span> <span class='ocrx_word' id='word_1_27' title='bbox 1639 533 1865 589; x_wconf 84' lang='lat' dir='ltr'><strong>operam</strong></span> <span class='ocrx_word' id='word_1_28' title='bbox 1898 514 2054 570; x_wconf 90' lang='lat' dir='ltr'><strong>carni</strong></span> 
     </span>
    </p>
   </div>
   <div class='ocr_carea' id='block_1_8' title="bbox 482 607 2056 690">
    <p class='ocr_par' dir='ltr' id='par_1_8' title="bbox 482 607 2056 690">
     <span class='ocr_line' id='line_1_8' title="bbox 482 607 2056 690; baseline -0.01 -15"><span class='ocrx_word' id='word_1_29' title='bbox 482 619 837 690; x_wconf 89' lang='lat' dir='ltr'><strong>impenderis,</strong></span> <span class='ocrx_word' id='word_1_30' title='bbox 867 619 960 672; x_wconf 88' lang='lat' dir='ltr'><strong>sed</strong></span> <span class='ocrx_word' id='word_1_31' title='bbox 1008 625 1268 686; x_wconf 88' lang='lat' dir='ltr'><strong>quantam</strong></span> <span class='ocrx_word' id='word_1_32' title='bbox 1301 621 1557 684; x_wconf 63' lang='lat' dir='ltr'><strong>praastare</strong></span> <span class='ocrx_word' id='word_1_33' title='bbox 1585 619 1760 682; x_wconf 90' lang='lat' dir='ltr'><strong>potes,</strong></span> <span class='ocrx_word' id='word_1_34' title='bbox 1784 607 2056 664; x_wconf 79' lang='lat' dir='ltr'><strong>exercita—</strong></span> 
     </span>
    </p>
   </div>
   <div class='ocr_carea' id='block_1_9' title="bbox 483 702 2055 773">
    <p class='ocr_par' dir='ltr' id='par_1_9' title="bbox 483 702 2055 773">
     <span class='ocr_line' id='line_1_9' title="bbox 483 702 2055 773; baseline -0.006 -9"><span class='ocrx_word' id='word_1_35' title='bbox 483 712 631 765; x_wconf 88' lang='lat' dir='ltr'><strong>tione</strong></span> <span class='ocrx_word' id='word_1_36' title='bbox 664 712 715 766; x_wconf 92' lang='lat' dir='ltr'><strong>ei</strong></span> <span class='ocrx_word' id='word_1_37' title='bbox 749 710 1066 773; x_wconf 88' lang='lat' dir='ltr'><strong>constituta,</strong></span> <span class='ocrx_word' id='word_1_38' title='bbox 1110 709 1220 762; x_wconf 89' lang='lat' dir='ltr'><strong>vim</strong></span> <span class='ocrx_word' id='word_1_39' title='bbox 1250 721 1468 761; x_wconf 89' lang='lat' dir='ltr'><strong>omnem</strong></span> <span class='ocrx_word' id='word_1_40' title='bbox 1502 705 1671 758; x_wconf 87' lang='lat' dir='ltr'><strong>animi</strong></span> <span class='ocrx_word' id='word_1_41' title='bbox 1697 703 1764 757; x_wconf 86' lang='lat' dir='ltr'><strong>ad</strong></span> <span class='ocrx_word' id='word_1_42' title='bbox 1791 702 2055 756; x_wconf 79' lang='lat' dir='ltr'><strong>interiora</strong></span> 
     </span>
    </p>
   </div>
   <div class='ocr_carea' id='block_1_10' title="bbox 479 792 2055 870">
    <p class='ocr_par' dir='ltr' id='par_1_10' title="bbox 479 792 2055 870">
     <span class='ocr_line' id='line_1_10' title="bbox 479 792 2055 870; baseline -0.005 -16"><span class='ocrx_word' id='word_1_43' title='bbox 479 809 634 855; x_wconf 85' lang='lat' dir='ltr'><strong>verte</strong></span> <span class='ocrx_word' id='word_1_44' title='bbox 660 818 672 853; x_wconf 91' lang='lat'>:</span> <span class='ocrx_word' id='word_1_45' title='bbox 703 800 1010 870; x_wconf 73' lang='lat' dir='ltr'><strong>Corporatis</strong></span> <span class='ocrx_word' id='word_1_46' title='bbox 1032 800 1171 852; x_wconf 78' lang='lat' dir='ltr'><strong>enim</strong></span> <span class='ocrx_word' id='word_1_47' title='bbox 1214 798 1516 851; x_wconf 68' lang='lat' dir='ltr'><strong>exercitatio</strong></span> <span class='ocrx_word' id='word_1_48' title='bbox 1536 795 1605 848; x_wconf 84' lang='lat' dir='ltr'><strong>ad</strong></span> <span class='ocrx_word' id='word_1_49' title='bbox 1626 795 1887 848; x_wconf 83' lang='lat' dir='ltr'><strong>modicum</strong></span> <span class='ocrx_word' id='word_1_50' title='bbox 1908 792 2055 847; x_wconf 74' lang='lat' dir='ltr'><strong>utilis</strong></span> 
     </span>
    </p>
   </div>
   <div class='ocr_carea' id='block_1_11' title="bbox 485 888 1808 964">
    <p class='ocr_par' dir='ltr' id='par_1_11' title="bbox 485 888 1808 964">
     <span class='ocr_line' id='line_1_11' title="bbox 485 888 1808 964; baseline -0.004 -19"><span class='ocrx_word' id='word_1_51' title='bbox 485 901 590 957; x_wconf 80' lang='lat' dir='ltr'><strong>est;</strong></span> <span class='ocrx_word' id='word_1_52' title='bbox 623 893 788 964; x_wconf 81' lang='lat' dir='ltr'><strong>pietas</strong></span> <span class='ocrx_word' id='word_1_53' title='bbox 815 903 992 945; x_wconf 83' lang='lat' dir='ltr'><strong>autem</strong></span> <span class='ocrx_word' id='word_1_54' title='bbox 1026 893 1095 944; x_wconf 88' lang='lat' dir='ltr'><strong>ad</strong></span> <span class='ocrx_word' id='word_1_55' title='bbox 1127 891 1306 943; x_wconf 83' lang='lat' dir='ltr'><strong>omnia</strong></span> <span class='ocrx_word' id='word_1_56' title='bbox 1337 888 1481 941; x_wconf 77' lang='lat' dir='ltr'><strong>utilis</strong></span> <span class='ocrx_word' id='word_1_57' title='bbox 1509 900 1583 940; x_wconf 78' lang='lat' dir='ltr'><strong>est</strong></span> <span class='ocrx_word' id='word_1_58' title='bbox 1607 888 1671 952; x_wconf 80' lang='lat'><strong>”,</strong></span> <span class='ocrx_word' id='word_1_59' title='bbox 1701 895 1808 941; x_wconf 90' lang='lat' dir='ltr'><strong>etc.</strong></span> 
     </span>
    </p>
   </div>
   <div class='ocr_carea' id='block_1_12' title="bbox 550 1034 2056 1135">
    <p class='ocr_par' dir='ltr' id='par_1_12' title="bbox 550 1064 2056 1135">
     <span class='ocr_line' id='line_1_12' title="bbox 550 1064 2056 1135; baseline -0.005 -11"><span class='ocrx_word' id='word_1_60' title='bbox 550 1069 639 1124; x_wconf 73' lang='grc'>64.</span> <span class='ocrx_word' id='word_1_61' title='bbox 670 1069 773 1135; x_wconf 86' lang='lat' dir='ltr'><strong>Qui</strong></span> <span class='ocrx_word' id='word_1_62' title='bbox 797 1069 1173 1122; x_wconf 86' lang='lat' dir='ltr'><strong>indesinenter</strong></span> <span class='ocrx_word' id='word_1_63' title='bbox 1206 1065 1260 1119; x_wconf 89' lang='lat' dir='ltr'><strong>in</strong></span> <span class='ocrx_word' id='word_1_64' title='bbox 1289 1064 1649 1119; x_wconf 89' lang='lat' dir='ltr'><strong>interioribus</strong></span> <span class='ocrx_word' id='word_1_65' title='bbox 1673 1071 1941 1128; x_wconf 83' lang='lat' dir='ltr'><strong>moratur,</strong></span> <span class='ocrx_word' id='word_1_66' title='bbox 1968 1076 2056 1116; x_wconf 91' lang='lat' dir='ltr'><strong>so-</strong></span> 
     </span>
    </p>
   </div>
   <div class='ocr_carea' id='block_1_13' title="bbox 487 1152 2050 1229">
    <p class='ocr_par' dir='ltr' id='par_1_13' title="bbox 487 1152 2050 1229">
     <span class='ocr_line' id='line_1_13' title="bbox 487 1152 2050 1229; baseline -0.003 -14"><span class='ocrx_word' id='word_1_67' title='bbox 487 1161 644 1215; x_wconf 89' lang='lat' dir='ltr'><strong>brius</strong></span> <span class='ocrx_word' id='word_1_68' title='bbox 695 1169 752 1215; x_wconf 91' lang='lat' dir='ltr'><strong>et</strong></span> <span class='ocrx_word' id='word_1_69' title='bbox 786 1159 1116 1229; x_wconf 83' lang='lat' dir='ltr'><strong>longanimis</strong></span> <span class='ocrx_word' id='word_1_70' title='bbox 1164 1168 1220 1212; x_wconf 90' lang='lat' dir='ltr'><strong>et</strong></span> <span class='ocrx_word' id='word_1_71' title='bbox 1271 1157 1543 1226; x_wconf 84' lang='lat' dir='ltr'><strong>benignus</strong></span> <span class='ocrx_word' id='word_1_72' title='bbox 1579 1165 1635 1210; x_wconf 89' lang='lat' dir='ltr'><strong>et</strong></span> <span class='ocrx_word' id='word_1_73' title='bbox 1682 1152 1907 1210; x_wconf 87' lang='lat' dir='ltr'><strong>humilis</strong></span> <span class='ocrx_word' id='word_1_74' title='bbox 1948 1165 2050 1210; x_wconf 90' lang='lat' dir='ltr'><strong>est.</strong></span> 
     </span>
    </p>
   </div>
   <div class='ocr_carea' id='block_1_14' title="bbox 377 1251 2057 1325">
    <p class='ocr_par' dir='ltr' id='par_1_14' title="bbox 377 1251 2057 1325">
     <span class='ocr_line' id='line_1_14' title="bbox 377 1251 2057 1325; baseline -0.004 -15"><span class='ocrx_word' id='word_1_75' title='bbox 377 1289 385 1302; x_wconf 57' lang='grc' dir='ltr'><strong>η</strong></span> <span class='ocrx_word' id='word_1_76' title='bbox 481 1257 670 1325; x_wconf 83' lang='lat' dir='ltr'><strong>Neque</strong></span> <span class='ocrx_word' id='word_1_77' title='bbox 695 1256 748 1309; x_wconf 87' lang='lat' dir='ltr'><strong>id</strong></span> <span class='ocrx_word' id='word_1_78' title='bbox 774 1255 957 1316; x_wconf 88' lang='lat' dir='ltr'><strong>modo,</strong></span> <span class='ocrx_word' id='word_1_79' title='bbox 981 1269 1172 1308; x_wconf 90' lang='lat' dir='ltr'><strong>verum</strong></span> <span class='ocrx_word' id='word_1_80' title='bbox 1202 1253 1368 1308; x_wconf 88' lang='lat' dir='ltr'><strong>etiam</strong></span> <span class='ocrx_word' id='word_1_81' title='bbox 1399 1251 1851 1321; x_wconf 87' lang='lat' dir='ltr'><strong>contemplationi</strong></span> <span class='ocrx_word' id='word_1_82' title='bbox 1872 1251 2057 1305; x_wconf 84' lang='lat' dir='ltr'><strong>studet</strong></span> 
     </span>
    </p>
   </div>
   <div class='ocr_carea' id='block_1_15' title="bbox 483 1341 2056 1414">
    <p class='ocr_par' dir='ltr' id='par_1_15' title="bbox 483 1341 2056 1414">
     <span class='ocr_line' id='line_1_15' title="bbox 483 1341 2056 1414; baseline -0.003 -14"><span class='ocrx_word' id='word_1_83' title='bbox 483 1347 788 1414; x_wconf 61' lang='lat' dir='ltr'><strong>divinaque</strong></span> <span class='ocrx_word' id='word_1_84' title='bbox 803 1345 1071 1407; x_wconf 67' lang='lat' dir='ltr'><strong>scientiae,</strong></span> <span class='ocrx_word' id='word_1_85' title='bbox 1106 1359 1172 1397; x_wconf 92' lang='lat' dir='ltr'><strong>ac</strong></span> <span class='ocrx_word' id='word_1_86' title='bbox 1214 1343 1473 1412; x_wconf 87' lang='lat' dir='ltr'><strong>precibus</strong></span> <span class='ocrx_word' id='word_1_87' title='bbox 1511 1342 1769 1396; x_wconf 87' lang='lat' dir='ltr'><strong>assiduus</strong></span> <span class='ocrx_word' id='word_1_88' title='bbox 1820 1351 1922 1396; x_wconf 91' lang='lat' dir='ltr'><strong>est.</strong></span> <span class='ocrx_word' id='word_1_89' title='bbox 1957 1341 2056 1396; x_wconf 81' lang='grc' dir='ltr'><strong>Αι-</strong></span> 
     </span>
    </p>
   </div>
   <div class='ocr_carea' id='block_1_16' title="bbox 482 1429 2056 1507">
    <p class='ocr_par' dir='ltr' id='par_1_16' title="bbox 482 1429 2056 1507">
     <span class='ocr_line' id='line_1_16' title="bbox 482 1429 2056 1507; baseline -0.003 -15"><span class='ocrx_word' id='word_1_90' title='bbox 482 1453 590 1507; x_wconf 87' lang='lat' dir='ltr'><strong>que</strong></span> <span class='ocrx_word' id='word_1_91' title='bbox 659 1438 764 1491; x_wconf 88' lang='lat' dir='ltr'><strong>hoc</strong></span> <span class='ocrx_word' id='word_1_92' title='bbox 822 1429 907 1492; x_wconf 69' lang='lat' dir='ltr'><strong>es&#39;t</strong></span> <span class='ocrx_word' id='word_1_93' title='bbox 938 1437 1086 1507; x_wconf 87' lang='lat' dir='ltr'><strong>quod</strong></span> <span class='ocrx_word' id='word_1_94' title='bbox 1133 1437 1210 1489; x_wconf 87' lang='lat' dir='ltr'><strong>ait</strong></span> <span class='ocrx_word' id='word_1_95' title='bbox 1257 1436 1597 1504; x_wconf 83' lang='lat' dir='ltr'><strong>Apostolus:</strong></span> <span class='ocrx_word' id='word_1_96' title='bbox 1633 1435 1836 1505; x_wconf 83' lang='lat' dir='ltr'><strong>Spiritu</strong></span> <span class='ocrx_word' id='word_1_97' title='bbox 1867 1435 2056 1489; x_wconf 79' lang='lat' dir='ltr'><strong>ambu-</strong></span> 
     </span>
    </p>
   </div>
   <div class='ocr_carea' id='block_1_17' title="bbox 485 1527 823 1593">
    <p class='ocr_par' dir='ltr' id='par_1_17' title="bbox 485 1527 823 1593">
     <span class='ocr_line' id='line_1_17' title="bbox 485 1527 823 1593; baseline 0.003 -13"><span class='ocrx_word' id='word_1_98' title='bbox 485 1527 592 1582; x_wconf 80' lang='lat' dir='ltr'><strong>late</strong></span> <span class='ocrx_word' id='word_1_99' title='bbox 619 1529 684 1593; x_wconf 81' lang='lat'><strong>’°,</strong></span> <span class='ocrx_word' id='word_1_100' title='bbox 716 1537 823 1582; x_wconf 87' lang='lat' dir='ltr'><strong>etc.</strong></span> 
     </span>
    </p>
   </div>
   <div class='ocr_carea' id='block_1_18' title="bbox 553 1594 2060 1688">
    <p class='ocr_par' dir='ltr' id='par_1_18' title="bbox 553 1594 2060 1688">
     <span class='ocr_line' id='line_1_18' title="bbox 553 1594 2060 1688; baseline -0.003 -14"><span class='ocrx_word' id='word_1_101' title='bbox 553 1621 641 1674; x_wconf 82' lang='grc'>65.</span> <span class='ocrx_word' id='word_1_102' title='bbox 682 1620 786 1686; x_wconf 81' lang='lat' dir='ltr'><strong>Qui</strong></span> <span class='ocrx_word' id='word_1_103' title='bbox 838 1619 1137 1688; x_wconf 67' lang='lat' dir='ltr'><strong>spiritalem</strong></span> <span class='ocrx_word' id='word_1_104' title='bbox 1185 1619 1326 1674; x_wconf 88' lang='lat' dir='ltr'><strong>viam</strong></span> <span class='ocrx_word' id='word_1_105' title='bbox 1370 1603 1547 1673; x_wconf 86' lang='lat' dir='ltr'><strong>nescit</strong></span> <span class='ocrx_word' id='word_1_106' title='bbox 1597 1617 1898 1682; x_wconf 87' lang='lat' dir='ltr'><strong>ambulare,</strong></span> <span class='ocrx_word' id='word_1_107' title='bbox 1934 1594 2060 1671; x_wconf 50' lang='lat' dir='ltr'><strong>libi:</strong></span> 
     </span>
    </p>
   </div>
   <div class='ocr_carea' id='block_1_19' title="bbox 483 1681 2067 1781">
    <p class='ocr_par' dir='ltr' id='par_1_19' title="bbox 483 1710 2058 1781">
     <span class='ocr_line' id='line_1_19' title="bbox 483 1710 2058 1781; baseline -0.001 -17"><span class='ocrx_word' id='word_1_108' title='bbox 483 1712 801 1766; x_wconf 85' lang='lat' dir='ltr'><strong>dinosarum</strong></span> <span class='ocrx_word' id='word_1_109' title='bbox 829 1720 886 1766; x_wconf 91' lang='lat' dir='ltr'><strong>et</strong></span> <span class='ocrx_word' id='word_1_110' title='bbox 915 1725 1041 1764; x_wconf 90' lang='lat' dir='ltr'><strong>eum</strong></span> <span class='ocrx_word' id='word_1_111' title='bbox 1072 1710 1271 1765; x_wconf 68' lang='lat' dir='ltr'><strong>aﬂ‘ectu</strong></span> <span class='ocrx_word' id='word_1_112' title='bbox 1308 1711 1701 1781; x_wconf 78' lang='lat' dir='ltr'><strong>cogitationum</strong></span> <span class='ocrx_word' id='word_1_113' title='bbox 1729 1724 1919 1763; x_wconf 92' lang='lat' dir='ltr'><strong>curam</strong></span> <span class='ocrx_word' id='word_1_114' title='bbox 1949 1724 2058 1763; x_wconf 93' lang='lat' dir='ltr'><strong>non</strong></span> 
     </span>
    </p>
   </div>
   <div class='ocr_carea' id='block_1_20' title="bbox 2179 1681 3380 1781">
    <p class='ocr_par' dir='ltr' id='par_1_20' title="bbox 2179 1681 3380 1761">
     <span class='ocr_line' id='line_1_20' title="bbox 2179 1681 3380 1761; baseline -0.02 -10"><span class='ocrx_word' id='word_1_115' title='bbox 2179 1713 2342 1759; x_wconf 80' lang='grc' dir='ltr'>ιενος,</span> <span class='ocrx_word' id='word_1_116' title='bbox 2373 1692 2482 1746; x_wconf 88' lang='grc' dir='ltr'><strong>τῶν</strong></span> <span class='ocrx_word' id='word_1_117' title='bbox 2513 1687 2778 1761; x_wconf 66' lang='grc' dir='ltr'>ἐμπαθῶν</span> <span class='ocrx_word' id='word_1_118' title='bbox 2805 1682 3094 1752; x_wconf 75' lang='grc' dir='ltr'><strong>νοημάτων</strong></span> <span class='ocrx_word' id='word_1_119' title='bbox 3119 1681 3180 1733; x_wconf 84' lang='grc' dir='ltr'><strong>οὐ</strong></span> <span class='ocrx_word' id='word_1_120' title='bbox 3205 1681 3380 1730; x_wconf 70' lang='grc' dir='ltr'><strong>ποιείς</strong></span> 
     </span>
    </p>
   </div>
   <div class='ocr_carea' id='block_1_21' title="bbox 483 1799 2061 1874">
    <p class='ocr_par' dir='ltr' id='par_1_21' title="bbox 483 1799 2061 1874">
     <span class='ocr_line' id='line_1_21' title="bbox 483 1799 2061 1874; baseline -0.003 -17"><span class='ocrx_word' id='word_1_121' title='bbox 483 1804 617 1874; x_wconf 90' lang='lat' dir='ltr'><strong>agit,</strong></span> <span class='ocrx_word' id='word_1_122' title='bbox 663 1803 760 1857; x_wconf 89' lang='lat' dir='ltr'><strong>sed</strong></span> <span class='ocrx_word' id='word_1_123' title='bbox 798 1817 1018 1857; x_wconf 88' lang='lat' dir='ltr'><strong>omnem</strong></span> <span class='ocrx_word' id='word_1_124' title='bbox 1064 1817 1285 1871; x_wconf 88' lang='lat' dir='ltr'><strong>operam</strong></span> <span class='ocrx_word' id='word_1_125' title='bbox 1328 1803 1475 1856; x_wconf 91' lang='lat' dir='ltr'><strong>circa</strong></span> <span class='ocrx_word' id='word_1_126' title='bbox 1516 1817 1734 1856; x_wconf 88' lang='lat' dir='ltr'><strong>carnem</strong></span> <span class='ocrx_word' id='word_1_127' title='bbox 1772 1799 1956 1870; x_wconf 90' lang='lat' dir='ltr'><strong>ponit;</strong></span> <span class='ocrx_word' id='word_1_128' title='bbox 1997 1813 2061 1853; x_wconf 85' lang='lat' dir='ltr'><strong>ac</strong></span> 
     </span>
    </p>
   </div>
   <div class='ocr_carea' id='block_1_22' title="bbox 483 1887 2062 1962">
    <p class='ocr_par' dir='ltr' id='par_1_22' title="bbox 483 1887 2062 1962">
     <span class='ocr_line' id='line_1_22' title="bbox 483 1887 2062 1962; baseline -0.005 -15"><span class='ocrx_word' id='word_1_129' title='bbox 483 1894 570 1948; x_wconf 88' lang='lat' dir='ltr'><strong>vel</strong></span> <span class='ocrx_word' id='word_1_130' title='bbox 604 1893 743 1962; x_wconf 68' lang='lat' dir='ltr'><strong>gulae</strong></span> <span class='ocrx_word' id='word_1_131' title='bbox 777 1907 839 1944; x_wconf 86' lang='lat' dir='ltr'><strong>ac</strong></span> <span class='ocrx_word' id='word_1_132' title='bbox 871 1891 1100 1944; x_wconf 74' lang='lat' dir='ltr'><strong>luxuria:</strong></span> <span class='ocrx_word' id='word_1_133' title='bbox 1138 1890 1409 1959; x_wconf 80' lang='lat' dir='ltr'><strong>indulget,</strong></span> <span class='ocrx_word' id='word_1_134' title='bbox 1437 1889 1692 1957; x_wconf 86' lang='lat' dir='ltr'><strong>doletque</strong></span> <span class='ocrx_word' id='word_1_135' title='bbox 1715 1902 1772 1941; x_wconf 87' lang='lat' dir='ltr'><strong>et</strong></span> <span class='ocrx_word' id='word_1_136' title='bbox 1802 1887 2062 1941; x_wconf 84' lang='lat' dir='ltr'><strong>irascitur</strong></span> 
     </span>
    </p>
   </div>
   <div class='ocr_carea' id='block_1_23' title="bbox 485 1977 2063 2052">
    <p class='ocr_par' dir='ltr' id='par_1_23' title="bbox 485 1977 2063 2052">
     <span class='ocr_line' id='line_1_23' title="bbox 485 1977 2063 2052; baseline -0.004 -16"><span class='ocrx_word' id='word_1_137' title='bbox 485 1993 542 2037; x_wconf 90' lang='lat' dir='ltr'><strong>et</strong></span> <span class='ocrx_word' id='word_1_138' title='bbox 573 1982 897 2052; x_wconf 88' lang='lat' dir='ltr'><strong>injuriarum</strong></span> <span class='ocrx_word' id='word_1_139' title='bbox 927 1995 1140 2034; x_wconf 90' lang='lat' dir='ltr'><strong>memor</strong></span> <span class='ocrx_word' id='word_1_140' title='bbox 1179 1987 1298 2044; x_wconf 88' lang='lat' dir='ltr'><strong>est;</strong></span> <span class='ocrx_word' id='word_1_141' title='bbox 1329 1979 1566 2048; x_wconf 87' lang='lat' dir='ltr'><strong>indeque</strong></span> <span class='ocrx_word' id='word_1_142' title='bbox 1596 1978 1838 2032; x_wconf 83' lang='lat' dir='ltr'><strong>tenebris</strong></span> <span class='ocrx_word' id='word_1_143' title='bbox 1863 1977 2063 2031; x_wconf 87' lang='lat' dir='ltr'><strong>obseu-</strong></span> 
     </span>
    </p>
   </div>
   <div class='ocr_carea' id='block_1_24' title="bbox 487 2067 2064 2140">
    <p class='ocr_par' dir='ltr' id='par_1_24' title="bbox 487 2067 2064 2140">
     <span class='ocr_line' id='line_1_24' title="bbox 487 2067 2064 2140; baseline -0.003 -14"><span class='ocrx_word' id='word_1_144' title='bbox 487 2085 574 2128; x_wconf 87' lang='lat' dir='ltr'><strong>rat</strong></span> <span class='ocrx_word' id='word_1_145' title='bbox 622 2074 890 2136; x_wconf 90' lang='lat' dir='ltr'><strong>animum,</strong></span> <span class='ocrx_word' id='word_1_146' title='bbox 925 2079 1020 2125; x_wconf 88' lang='lat' dir='ltr'><strong>aut</strong></span> <span class='ocrx_word' id='word_1_147' title='bbox 1067 2071 1524 2125; x_wconf 87' lang='lat' dir='ltr'><strong>immoderantius</strong></span> <span class='ocrx_word' id='word_1_148' title='bbox 1567 2069 1729 2140; x_wconf 59' lang='lat'><strong>553</strong></span> <span class='ocrx_word' id='word_1_149' title='bbox 1775 2067 2064 2136; x_wconf 75' lang='lat' dir='ltr'><strong>disciplina</strong></span> 
     </span>
    </p>
   </div>
   <div class='ocr_carea' id='block_1_25' title="bbox 488 2163 1179 2228">
    <p class='ocr_par' dir='ltr' id='par_1_25' title="bbox 488 2163 1179 2228">
     <span class='ocr_line' id='line_1_25' title="bbox 488 2163 1179 2228; baseline -0.006 -8"><span class='ocrx_word' id='word_1_150' title='bbox 488 2175 668 2228; x_wconf 90' lang='lat' dir='ltr'><strong>utens,</strong></span> <span class='ocrx_word' id='word_1_151' title='bbox 699 2173 938 2218; x_wconf 91' lang='lat' dir='ltr'><strong>mentem</strong></span> <span class='ocrx_word' id='word_1_152' title='bbox 972 2163 1179 2217; x_wconf 87' lang='lat' dir='ltr'><strong>turbat.</strong></span> 
     </span>
    </p>
   </div>
   <div class='ocr_carea' id='block_1_26' title="bbox 558 2252 2073 2332">
    <p class='ocr_par' dir='ltr' id='par_1_26' title="bbox 558 2252 2073 2332">
     <span class='ocr_line' id='line_1_26' title="bbox 558 2252 2073 2332; baseline -0.001 -23"><span class='ocrx_word' id='word_1_153' title='bbox 558 2255 645 2309; x_wconf 87' lang='lat'><strong>66.</strong></span> <span class='ocrx_word' id='word_1_154' title='bbox 686 2253 907 2308; x_wconf 86' lang='lat' dir='ltr'><strong>Nullam</strong></span> <span class='ocrx_word' id='word_1_155' title='bbox 956 2266 1157 2307; x_wconf 85' lang='lat' dir='ltr'><strong>rerum&#39;</strong></span> <span class='ocrx_word' id='word_1_156' title='bbox 1191 2253 1354 2308; x_wconf 91' lang='lat' dir='ltr'><strong>nobis</strong></span> <span class='ocrx_word' id='word_1_157' title='bbox 1391 2264 1422 2306; x_wconf 69' lang='grc' dir='ltr'><strong>ε</strong></span> <span class='ocrx_word' id='word_1_158' title='bbox 1460 2253 1573 2307; x_wconf 90' lang='lat' dir='ltr'><strong>Deo</strong></span> <span class='ocrx_word' id='word_1_159' title='bbox 1616 2252 1682 2306; x_wconf 85' lang='lat' dir='ltr'><strong>ad</strong></span> <span class='ocrx_word' id='word_1_160' title='bbox 1730 2268 1888 2307; x_wconf 84' lang='lat' dir='ltr'><strong>usum</strong></span> <span class='ocrx_word' id='word_1_161' title='bbox 1926 2267 2073 2332; x_wconf 44' lang='lat' dir='ltr'><strong>con-1</strong></span> 
     </span>
    </p>
   </div>
   <div class='ocr_carea' id='block_1_27' title="bbox 483 2344 2064 2415">
    <p class='ocr_par' dir='ltr' id='par_1_27' title="bbox 483 2344 2064 2415">
     <span class='ocr_line' id='line_1_27' title="bbox 483 2344 2064 2415; baseline -0.001 -13"><span class='ocrx_word' id='word_1_162' title='bbox 483 2360 767 2402; x_wconf 79' lang='lat' dir='ltr'><strong>cessarem</strong></span> <span class='ocrx_word' id='word_1_163' title='bbox 829 2346 970 2399; x_wconf 91' lang='lat' dir='ltr'><strong>tollit</strong></span> <span class='ocrx_word' id='word_1_164' title='bbox 1037 2344 1364 2415; x_wconf 84' lang='lat' dir='ltr'><strong>Scriptura,</strong></span> <span class='ocrx_word' id='word_1_165' title='bbox 1426 2344 1521 2399; x_wconf 87' lang='lat' dir='ltr'><strong>sed</strong></span> <span class='ocrx_word' id='word_1_166' title='bbox 1588 2344 2064 2401; x_wconf 85' lang='lat' dir='ltr'><strong>immoderantiam</strong></span> 
     </span>
    </p>
   </div>
   <div class='ocr_carea' id='block_1_28' title="bbox 488 2434 2064 2507">
    <p class='ocr_par' dir='ltr' id='par_1_28' title="bbox 488 2434 2064 2507">
     <span class='ocr_line' id='line_1_28' title="bbox 488 2434 2064 2507; baseline -0.001 -15"><span class='ocrx_word' id='word_1_167' title='bbox 488 2437 740 2507; x_wconf 80' lang='lat' dir='ltr'><strong>castigat,</strong></span> <span class='ocrx_word' id='word_1_168' title='bbox 767 2445 825 2489; x_wconf 91' lang='lat' dir='ltr'><strong>et</strong></span> <span class='ocrx_word' id='word_1_169' title='bbox 860 2435 1010 2504; x_wconf 90' lang='lat' dir='ltr'><strong>quod</strong></span> <span class='ocrx_word' id='word_1_170' title='bbox 1036 2451 1065 2488; x_wconf 90' lang='lat' dir='ltr'><strong>a</strong></span> <span class='ocrx_word' id='word_1_171' title='bbox 1096 2435 1309 2490; x_wconf 88' lang='lat' dir='ltr'><strong>ratione</strong></span> <span class='ocrx_word' id='word_1_172' title='bbox 1351 2434 1646 2498; x_wconf 79' lang='lat' dir='ltr'><strong>exorbitat,</strong></span> <span class='ocrx_word' id='word_1_173' title='bbox 1688 2435 1742 2489; x_wconf 89' lang='lat' dir='ltr'><strong>id</strong></span> <span class='ocrx_word' id='word_1_174' title='bbox 1782 2435 2064 2491; x_wconf 84' lang='lat' dir='ltr'><strong>emendat.</strong></span> 
     </span>
    </p>
   </div>
   <div class='ocr_carea' id='block_1_29' title="bbox 489 2528 2068 2598">
    <p class='ocr_par' dir='ltr' id='par_1_29' title="bbox 489 2528 2068 2598">
     <span class='ocr_line' id='line_1_29' title="bbox 489 2528 2068 2598; baseline 0.001 -15"><span class='ocrx_word' id='word_1_175' title='bbox 489 2530 648 2593; x_wconf 81' lang='lat' dir='ltr'><strong>Puta,</strong></span> <span class='ocrx_word' id='word_1_176' title='bbox 681 2545 789 2583; x_wconf 88' lang='lat' dir='ltr'><strong>non</strong></span> <span class='ocrx_word' id='word_1_177' title='bbox 819 2529 1075 2598; x_wconf 90' lang='lat' dir='ltr'><strong>prohibet</strong></span> <span class='ocrx_word' id='word_1_178' title='bbox 1101 2529 1289 2592; x_wconf 88' lang='lat' dir='ltr'><strong>edere,</strong></span> <span class='ocrx_word' id='word_1_179' title='bbox 1328 2528 1470 2582; x_wconf 82' lang='lat' dir='ltr'><strong>ﬁlios</strong></span> <span class='ocrx_word' id='word_1_180' title='bbox 1517 2543 1829 2597; x_wconf 86' lang='lat' dir='ltr'><strong>procreare,</strong></span> <span class='ocrx_word' id='word_1_181' title='bbox 1862 2528 2068 2584; x_wconf 88' lang='lat' dir='ltr'><strong>habere</strong></span> 
     </span>
    </p>
   </div>
   <div class='ocr_carea' id='block_1_30' title="bbox 490 2617 2070 2691">
    <p class='ocr_par' dir='ltr' id='par_1_30' title="bbox 490 2617 2070 2691">
     <span class='ocr_line' id='line_1_30' title="bbox 490 2617 2070 2691; baseline -0.002 -17"><span class='ocrx_word' id='word_1_182' title='bbox 490 2620 776 2691; x_wconf 85' lang='lat' dir='ltr'><strong>pecunias,</strong></span> <span class='ocrx_word' id='word_1_183' title='bbox 804 2633 869 2674; x_wconf 92' lang='lat' dir='ltr'><strong>ac</strong></span> <span class='ocrx_word' id='word_1_184' title='bbox 912 2627 1058 2673; x_wconf 90' lang='lat' dir='ltr'><strong>recte</strong></span> <span class='ocrx_word' id='word_1_185' title='bbox 1091 2619 1439 2688; x_wconf 84' lang='lat' dir='ltr'><strong>dispensare;</strong></span> <span class='ocrx_word' id='word_1_186' title='bbox 1471 2617 1565 2672; x_wconf 82' lang='lat' dir='ltr'><strong>sed</strong></span> <span class='ocrx_word' id='word_1_187' title='bbox 1596 2618 1854 2687; x_wconf 90' lang='lat' dir='ltr'><strong>prohibet</strong></span> <span class='ocrx_word' id='word_1_188' title='bbox 1887 2618 2070 2672; x_wconf 82' lang='lat' dir='ltr'><strong>ventri</strong></span> 
     </span>
    </p>
   </div>
   <div class='ocr_carea' id='block_1_31' title="bbox 491 2707 2070 2780">
    <p class='ocr_par' dir='ltr' id='par_1_31' title="bbox 491 2707 2070 2780">
     <span class='ocr_line' id='line_1_31' title="bbox 491 2707 2070 2780; baseline -0.001 -15"><span class='ocrx_word' id='word_1_189' title='bbox 491 2711 779 2780; x_wconf 89' lang='lat' dir='ltr'><strong>indulgere</strong></span> <span class='ocrx_word' id='word_1_190' title='bbox 832 2719 891 2764; x_wconf 88' lang='lat' dir='ltr'><strong>et</strong></span> <span class='ocrx_word' id='word_1_191' title='bbox 915 2710 1168 2772; x_wconf 85' lang='lat' dir='ltr'><strong>scortari,</strong></span> <span class='ocrx_word' id='word_1_192' title='bbox 1201 2717 1308 2763; x_wconf 91' lang='lat' dir='ltr'><strong>etc.</strong></span> <span class='ocrx_word' id='word_1_193' title='bbox 1339 2707 1444 2762; x_wconf 89' lang='lat' dir='ltr'><strong>Sed</strong></span> <span class='ocrx_word' id='word_1_194' title='bbox 1476 2723 1654 2777; x_wconf 87' lang='lat' dir='ltr'><strong>neque</strong></span> <span class='ocrx_word' id='word_1_195' title='bbox 1686 2708 1802 2763; x_wconf 67' lang='lat' dir='ltr'><strong>haec</strong></span> <span class='ocrx_word' id='word_1_196' title='bbox 1828 2708 2070 2780; x_wconf 84' lang='lat' dir='ltr'><strong>cogitare</strong></span> 
     </span>
    </p>
   </div>
   <div class='ocr_carea' id='block_1_32' title="bbox 489 2798 2072 2871">
    <p class='ocr_par' dir='ltr' id='par_1_32' title="bbox 489 2798 2072 2871">
     <span class='ocr_line' id='line_1_32' title="bbox 489 2798 2072 2871; baseline 0 -16"><span class='ocrx_word' id='word_1_197' title='bbox 489 2809 643 2855; x_wconf 89' lang='lat' dir='ltr'><strong>vetat</strong></span> <span class='ocrx_word' id='word_1_198' title='bbox 689 2801 774 2871; x_wconf 90' lang='lat' dir='ltr'><strong>(in</strong></span> <span class='ocrx_word' id='word_1_199' title='bbox 817 2800 926 2855; x_wconf 87' lang='lat' dir='ltr'><strong>hoc</strong></span> <span class='ocrx_word' id='word_1_200' title='bbox 969 2801 1117 2855; x_wconf 90' lang='lat' dir='ltr'><strong>enim</strong></span> <span class='ocrx_word' id='word_1_201' title='bbox 1156 2798 1298 2855; x_wconf 85' lang='lat' dir='ltr'><strong>facta</strong></span> <span class='ocrx_word' id='word_1_202' title='bbox 1333 2798 1506 2868; x_wconf 87' lang='lat' dir='ltr'><strong>sunt),</strong></span> <span class='ocrx_word' id='word_1_203' title='bbox 1541 2799 1638 2854; x_wconf 89' lang='lat' dir='ltr'><strong>sed</strong></span> <span class='ocrx_word' id='word_1_204' title='bbox 1680 2798 1977 2857; x_wconf 81' lang='lat' dir='ltr'><strong>libidinose</strong></span> <span class='ocrx_word' id='word_1_205' title='bbox 2014 2810 2072 2856; x_wconf 92' lang='lat' dir='ltr'><strong>et</strong></span> 
     </span>
    </p>
   </div>
   <div class='ocr_carea' id='block_1_33' title="bbox 493 2893 1151 2963">
    <p class='ocr_par' dir='ltr' id='par_1_33' title="bbox 493 2893 1151 2963">
     <span class='ocr_line' id='line_1_33' title="bbox 493 2893 1151 2963; baseline -0.003 -16"><span class='ocrx_word' id='word_1_206' title='bbox 493 2908 618 2947; x_wconf 89' lang='lat' dir='ltr'><strong>cum</strong></span> <span class='ocrx_word' id='word_1_207' title='bbox 653 2893 855 2948; x_wconf 74' lang='lat' dir='ltr'><strong>aﬂ‘ectu</strong></span> <span class='ocrx_word' id='word_1_208' title='bbox 890 2893 1151 2963; x_wconf 88' lang='lat' dir='ltr'><strong>cogitare.</strong></span> 
     </span>
    </p>
   </div>
   <div class='ocr_carea' id='block_1_34' title="bbox 563 2982 2070 3053">
    <p class='ocr_par' dir='ltr' id='par_1_34' title="bbox 563 2982 2070 3053">
     <span class='ocr_line' id='line_1_34' title="bbox 563 2982 2070 3053; baseline -0.001 -14"><span class='ocrx_word' id='word_1_209' title='bbox 563 2985 649 3039; x_wconf 86' lang='grc'>67.</span> <span class='ocrx_word' id='word_1_210' title='bbox 688 2984 765 3039; x_wconf 85' lang='lat' dir='ltr'><strong>Ea</strong></span> <span class='ocrx_word' id='word_1_211' title='bbox 805 2999 930 3053; x_wconf 68' lang='lat' dir='ltr'><strong>quae</strong></span> <span class='ocrx_word' id='word_1_212' title='bbox 981 2999 1012 3038; x_wconf 91' lang='lat' dir='ltr'><strong>a</strong></span> <span class='ocrx_word' id='word_1_213' title='bbox 1058 2983 1224 3037; x_wconf 91' lang='lat' dir='ltr'><strong>nobis</strong></span> <span class='ocrx_word' id='word_1_214' title='bbox 1275 2983 1478 3053; x_wconf 86' lang='lat' dir='ltr'><strong>pietate</strong></span> <span class='ocrx_word' id='word_1_215' title='bbox 1527 2989 1817 3052; x_wconf 83' lang='lat' dir='ltr'><strong>geruntur,</strong></span> <span class='ocrx_word' id='word_1_216' title='bbox 1872 2982 2070 3052; x_wconf 83' lang='lat' dir='ltr'><strong>partim</strong></span> 
     </span>
    </p>
   </div>
   <div class='ocr_carea' id='block_1_35' title="bbox 491 3077 2065 3146">
    <p class='ocr_par' dir='ltr' id='par_1_35' title="bbox 491 3077 2065 3146">
     <span class='ocr_line' id='line_1_35' title="bbox 491 3077 2065 3146; baseline -0.001 -15"><span class='ocrx_word' id='word_1_217' title='bbox 491 3093 559 3132; x_wconf 83' lang='lat' dir='ltr'><strong>ex</strong></span> <span class='ocrx_word' id='word_1_218' title='bbox 599 3083 870 3146; x_wconf 81' lang='lat' dir='ltr'><strong>praecepto</strong></span> <span class='ocrx_word' id='word_1_219' title='bbox 919 3089 1204 3146; x_wconf 81' lang='lat' dir='ltr'><strong>geruntur,</strong></span> <span class='ocrx_word' id='word_1_220' title='bbox 1245 3077 1442 3146; x_wconf 88' lang='lat' dir='ltr'><strong>partim</strong></span> <span class='ocrx_word' id='word_1_221' title='bbox 1485 3089 1596 3129; x_wconf 88' lang='lat' dir='ltr'><strong>non</strong></span> <span class='ocrx_word' id='word_1_222' title='bbox 1645 3091 1713 3130; x_wconf 81' lang='lat' dir='ltr'><strong>ex</strong></span> <span class='ocrx_word' id='word_1_223' title='bbox 1757 3083 2065 3145; x_wconf 66' lang='lat' dir='ltr'><strong>praecepto,</strong></span> 
     </span>
    </p>
   </div>
   <div class='ocr_carea' id='block_1_36' title="bbox 494 3165 2068 3235">
    <p class='ocr_par' dir='ltr' id='par_1_36' title="bbox 494 3165 2068 3235">
     <span class='ocr_line' id='line_1_36' title="bbox 494 3165 2068 3235; baseline -0.001 -14"><span class='ocrx_word' id='word_1_224' title='bbox 494 3167 591 3222; x_wconf 89' lang='lat' dir='ltr'><strong>sed</strong></span> <span class='ocrx_word' id='word_1_225' title='bbox 637 3166 796 3235; x_wconf 84' lang='lat' dir='ltr'><strong>quasi</strong></span> <span class='ocrx_word' id='word_1_226' title='bbox 838 3167 1182 3230; x_wconf 85' lang='lat' dir='ltr'><strong>voluntaria,</strong></span> <span class='ocrx_word' id='word_1_227' title='bbox 1243 3174 1304 3221; x_wconf 88' lang='lat' dir='ltr'><strong>ut</strong></span> <span class='ocrx_word' id='word_1_228' title='bbox 1363 3166 1487 3235; x_wconf 89' lang='lat' dir='ltr'><strong>quis</strong></span> <span class='ocrx_word' id='word_1_229' title='bbox 1541 3165 1715 3231; x_wconf 90' lang='lat' dir='ltr'><strong>dicat,</strong></span> <span class='ocrx_word' id='word_1_230' title='bbox 1767 3167 2068 3221; x_wconf 88' lang='lat' dir='ltr'><strong>oblatione.</strong></span> 
     </span>
    </p>
   </div>
   <div class='ocr_carea' id='block_1_37' title="bbox 495 3255 2072 3328">
    <p class='ocr_par' dir='ltr' id='par_1_37' title="bbox 495 3255 2072 3328">
     <span class='ocr_line' id='line_1_37' title="bbox 495 3255 2072 3328; baseline -0.001 -16"><span class='ocrx_word' id='word_1_231' title='bbox 495 3259 633 3312; x_wconf 92' lang='lat' dir='ltr'><strong>Puta</strong></span> <span class='ocrx_word' id='word_1_232' title='bbox 661 3273 729 3311; x_wconf 80' lang='lat' dir='ltr'><strong>ex</strong></span> <span class='ocrx_word' id='word_1_233' title='bbox 758 3264 1034 3325; x_wconf 80' lang='lat' dir='ltr'><strong>praecepto</strong></span> <span class='ocrx_word' id='word_1_234' title='bbox 1063 3255 1306 3324; x_wconf 87' lang='lat' dir='ltr'><strong>quidem,</strong></span> <span class='ocrx_word' id='word_1_235' title='bbox 1338 3257 1566 3326; x_wconf 77' lang='lat' dir='ltr'><strong>diligere</strong></span> <span class='ocrx_word' id='word_1_236' title='bbox 1592 3258 1765 3311; x_wconf 88' lang='lat' dir='ltr'><strong>Deum</strong></span> <span class='ocrx_word' id='word_1_237' title='bbox 1792 3272 1856 3311; x_wconf 88' lang='lat' dir='ltr'><strong>ac</strong></span> <span class='ocrx_word' id='word_1_238' title='bbox 1885 3258 2072 3328; x_wconf 84' lang='lat' dir='ltr'><strong>proxi-</strong></span> 
     </span>
    </p>
   </div>
   <div class='ocr_carea' id='block_1_38' title="bbox 495 3345 2075 3416">
    <p class='ocr_par' dir='ltr' id='par_1_38' title="bbox 495 3345 2075 3416">
     <span class='ocr_line' id='line_1_38' title="bbox 495 3345 2075 3416; baseline 0 -14"><span class='ocrx_word' id='word_1_239' title='bbox 495 3363 668 3412; x_wconf 90' lang='lat' dir='ltr'><strong>mum,</strong></span> <span class='ocrx_word' id='word_1_240' title='bbox 693 3347 946 3402; x_wconf 88' lang='lat' dir='ltr'><strong>inimicos</strong></span> <span class='ocrx_word' id='word_1_241' title='bbox 984 3345 1243 3416; x_wconf 79' lang='lat' dir='ltr'><strong>diligere,</strong></span> <span class='ocrx_word' id='word_1_242' title='bbox 1287 3363 1397 3400; x_wconf 91' lang='lat' dir='ltr'><strong>non</strong></span> <span class='ocrx_word' id='word_1_243' title='bbox 1443 3347 1737 3412; x_wconf 82' lang='lat' dir='ltr'><strong>moechari,</strong></span> <span class='ocrx_word' id='word_1_244' title='bbox 1780 3364 1884 3403; x_wconf 91' lang='lat' dir='ltr'><strong>nec</strong></span> <span class='ocrx_word' id='word_1_245' title='bbox 1927 3349 2075 3404; x_wconf 90' lang='lat' dir='ltr'><strong>occi-</strong></span> 
     </span>
    </p>
   </div>
   <div class='ocr_carea' id='block_1_39' title="bbox 496 3440 2073 3511">
    <p class='ocr_par' dir='ltr' id='par_1_39' title="bbox 496 3440 2073 3511">
     <span class='ocr_line' id='line_1_39' title="bbox 496 3440 2073 3511; baseline 0 -16"><span class='ocrx_word' id='word_1_246' title='bbox 496 3441 648 3506; x_wconf 88' lang='lat' dir='ltr'><strong>dere,</strong></span> <span class='ocrx_word' id='word_1_247' title='bbox 685 3450 741 3495; x_wconf 88' lang='lat' dir='ltr'><strong>ct</strong></span> <span class='ocrx_word' id='word_1_248' title='bbox 781 3456 901 3509; x_wconf 69' lang='lat' dir='ltr'><strong>qua:</strong></span> <span class='ocrx_word' id='word_1_249' title='bbox 935 3448 1271 3508; x_wconf 90' lang='lat' dir='ltr'><strong>sequuntur;</strong></span> <span class='ocrx_word' id='word_1_250' title='bbox 1313 3455 1549 3508; x_wconf 86' lang='lat' dir='ltr'><strong>quorum</strong></span> <span class='ocrx_word' id='word_1_251' title='bbox 1586 3440 1753 3493; x_wconf 89' lang='lat' dir='ltr'><strong>etiam</strong></span> <span class='ocrx_word' id='word_1_252' title='bbox 1793 3449 2073 3511; x_wconf 87' lang='lat' dir='ltr'><strong>trangres-</strong></span> 
     </span>
    </p>
   </div>
   <div class='ocr_carea' id='block_1_40' title="bbox 497 3531 2074 3601">
    <p class='ocr_par' dir='ltr' id='par_1_40' title="bbox 497 3531 2074 3601">
     <span class='ocr_line' id='line_1_40' title="bbox 497 3531 2074 3601; baseline 0.001 -14"><span class='ocrx_word' id='word_1_253' title='bbox 497 3533 671 3595; x_wconf 87' lang='lat' dir='ltr'><strong>sione,</strong></span> <span class='ocrx_word' id='word_1_254' title='bbox 704 3532 1072 3586; x_wconf 88' lang='lat' dir='ltr'><strong>damnationis</strong></span> <span class='ocrx_word' id='word_1_255' title='bbox 1107 3532 1188 3585; x_wconf 90' lang='lat' dir='ltr'><strong>rei</strong></span> <span class='ocrx_word' id='word_1_256' title='bbox 1234 3531 1524 3585; x_wconf 76' lang='lat' dir='ltr'><strong>eﬂicimur.</strong></span> <span class='ocrx_word' id='word_1_257' title='bbox 1554 3531 1674 3585; x_wconf 85' lang='lat' dir='ltr'><strong>Non</strong></span> <span class='ocrx_word' id='word_1_258' title='bbox 1706 3547 1770 3586; x_wconf 79' lang='lat' dir='ltr'><strong>ex</strong></span> <span class='ocrx_word' id='word_1_259' title='bbox 1801 3537 2074 3601; x_wconf 61' lang='lat' dir='ltr'><strong>praecepto</strong></span> 
     </span>
    </p>
   </div>
   <div class='ocr_carea' id='block_1_41' title="bbox 495 3622 2071 3694">
    <p class='ocr_par' dir='ltr' id='par_1_41' title="bbox 495 3622 2071 3694">
     <span class='ocr_line' id='line_1_41' title="bbox 495 3622 2071 3694; baseline 0.002 -17"><span class='ocrx_word' id='word_1_260' title='bbox 495 3631 701 3688; x_wconf 90' lang='lat' dir='ltr'><strong>autem,</strong></span> <span class='ocrx_word' id='word_1_261' title='bbox 733 3622 1106 3692; x_wconf 88' lang='lat' dir='ltr'><strong>virginitatem</strong></span> <span class='ocrx_word' id='word_1_262' title='bbox 1151 3623 1354 3686; x_wconf 90' lang='lat' dir='ltr'><strong>colere,</strong></span> <span class='ocrx_word' id='word_1_263' title='bbox 1391 3623 1634 3678; x_wconf 70' lang='lat' dir='ltr'><strong>caelibem</strong></span> <span class='ocrx_word' id='word_1_264' title='bbox 1683 3633 1739 3678; x_wconf 88' lang='lat' dir='ltr'><strong>et</strong></span> <span class='ocrx_word' id='word_1_265' title='bbox 1774 3639 2071 3694; x_wconf 85' lang='lat' dir='ltr'><strong>pauperem</strong></span> 
     </span>
    </p>
   </div>
   <div class='ocr_carea' id='block_1_42' title="bbox 497 3713 2068 3786">
    <p class='ocr_par' dir='ltr' id='par_1_42' title="bbox 497 3713 2068 3786">
     <span class='ocr_line' id='line_1_42' title="bbox 497 3713 2068 3786; baseline 0.003 -20"><span class='ocrx_word' id='word_1_266' title='bbox 497 3722 663 3780; x_wconf 87' lang='lat' dir='ltr'><strong>atque</strong></span> <span class='ocrx_word' id='word_1_267' title='bbox 693 3713 1020 3766; x_wconf 88' lang='lat' dir='ltr'><strong>monachum</strong></span> <span class='ocrx_word' id='word_1_268' title='bbox 1053 3728 1148 3768; x_wconf 89' lang='lat' dir='ltr'><strong>seu</strong></span> <span class='ocrx_word' id='word_1_269' title='bbox 1183 3713 1490 3767; x_wconf 89' lang='lat' dir='ltr'><strong>solitarium</strong></span> <span class='ocrx_word' id='word_1_270' title='bbox 1525 3729 1706 3784; x_wconf 83' lang='lat' dir='ltr'><strong>agere,</strong></span> <span class='ocrx_word' id='word_1_271' title='bbox 1742 3730 1805 3769; x_wconf 91' lang='lat' dir='ltr'><strong>ac</strong></span> <span class='ocrx_word' id='word_1_272' title='bbox 1835 3716 2068 3786; x_wconf 88' lang='lat' dir='ltr'><strong>reliqua.</strong></span> 
     </span>
    </p>
   </div>
   <div class='ocr_carea' id='block_1_43' title="bbox 499 3803 2068 3876">
    <p class='ocr_par' dir='ltr' id='par_1_43' title="bbox 499 3803 2068 3876">
     <span class='ocr_line' id='line_1_43' title="bbox 499 3803 2068 3876; baseline 0.003 -20"><span class='ocrx_word' id='word_1_273' title='bbox 499 3803 714 3857; x_wconf 70' lang='lat' dir='ltr'><strong>[labent</strong></span> <span class='ocrx_word' id='word_1_274' title='bbox 738 3804 855 3858; x_wconf 79' lang='lat' dir='ltr'><strong>haec</strong></span> <span class='ocrx_word' id='word_1_275' title='bbox 877 3819 1168 3859; x_wconf 90' lang='lat' dir='ltr'><strong>munerum</strong></span> <span class='ocrx_word' id='word_1_276' title='bbox 1195 3805 1488 3866; x_wconf 89' lang='lat' dir='ltr'><strong>rationem,</strong></span> <span class='ocrx_word' id='word_1_277' title='bbox 1516 3814 1576 3858; x_wconf 88' lang='lat' dir='ltr'><strong>ut</strong></span> <span class='ocrx_word' id='word_1_278' title='bbox 1600 3806 1644 3859; x_wconf 93' lang='lat' dir='ltr'><strong>si</strong></span> <span class='ocrx_word' id='word_1_279' title='bbox 1668 3818 1775 3875; x_wconf 87' lang='lat' dir='ltr'><strong>qua</strong></span> <span class='ocrx_word' id='word_1_280' title='bbox 1799 3815 2068 3876; x_wconf 64' lang='lat' dir='ltr'><strong>praecepta</strong></span> 
     </span>
    </p>
   </div>
   <div class='ocr_carea' id='block_1_44' title="bbox 495 3893 2071 3964">
    <p class='ocr_par' dir='ltr' id='par_1_44' title="bbox 495 3893 2071 3964">
     <span class='ocr_line' id='line_1_44' title="bbox 495 3893 2071 3964; baseline 0.003 -16"><span class='ocrx_word' id='word_1_281' title='bbox 495 3909 563 3948; x_wconf 81' lang='lat' dir='ltr'><strong>ex</strong></span> <span class='ocrx_word' id='word_1_282' title='bbox 600 3893 917 3948; x_wconf 84' lang='lat' dir='ltr'><strong>inﬁrmitate</strong></span> <span class='ocrx_word' id='word_1_283' title='bbox 961 3895 1065 3950; x_wconf 90' lang='lat' dir='ltr'><strong>rite</strong></span> <span class='ocrx_word' id='word_1_284' title='bbox 1119 3896 1344 3964; x_wconf 80' lang='lat' dir='ltr'><strong>exsequi</strong></span> <span class='ocrx_word' id='word_1_285' title='bbox 1392 3897 1835 3964; x_wconf 84' lang='lat' dir='ltr'><strong>nequiverimus,</strong></span> <span class='ocrx_word' id='word_1_286' title='bbox 1878 3913 2071 3952; x_wconf 90' lang='lat' dir='ltr'><strong>mune-</strong></span> 
     </span>
    </p>
   </div>
   <div class='ocr_carea' id='block_1_45' title="bbox 496 3983 2071 4054">
    <p class='ocr_par' dir='ltr' id='par_1_45' title="bbox 496 3983 2071 4054">
     <span class='ocr_line' id='line_1_45' title="bbox 496 3983 2071 4054; baseline 0.002 -18"><span class='ocrx_word' id='word_1_287' title='bbox 496 3999 619 4036; x_wconf 89' lang='lat' dir='ltr'><strong>rum</strong></span> <span class='ocrx_word' id='word_1_288' title='bbox 668 3999 772 4053; x_wconf 92' lang='lat' dir='ltr'><strong>ope</strong></span> <span class='ocrx_word' id='word_1_289' title='bbox 815 3983 1272 4054; x_wconf 84' lang='lat' dir='ltr'><strong>benignissimum</strong></span> <span class='ocrx_word' id='word_1_290' title='bbox 1321 3983 1612 4038; x_wconf 90' lang='lat' dir='ltr'><strong>Dominum</strong></span> <span class='ocrx_word' id='word_1_291' title='bbox 1654 3995 1906 4040; x_wconf 87' lang='lat' dir='ltr'><strong>nostrum</strong></span> <span class='ocrx_word' id='word_1_292' title='bbox 1940 3999 2071 4054; x_wconf 69' lang='lat' dir='ltr'><strong>pro~</strong></span> 
     </span>
    </p>
   </div>
   <div class='ocr_carea' id='block_1_46' title="bbox 498 4074 1042 4144">
    <p class='ocr_par' dir='ltr' id='par_1_46' title="bbox 498 4074 1042 4144">
     <span class='ocr_line' id='line_1_46' title="bbox 498 4074 1042 4144; baseline 0 -17"><span class='ocrx_word' id='word_1_293' title='bbox 498 4074 697 4144; x_wconf 89' lang='lat' dir='ltr'><strong>pitium</strong></span> <span class='ocrx_word' id='word_1_294' title='bbox 730 4074 1042 4129; x_wconf 89' lang='lat' dir='ltr'><strong>reddamus.</strong></span> 
     </span>
    </p>
   </div>
   <div class='ocr_carea' id='block_1_47' title="bbox 568 4163 2070 4236">
    <p class='ocr_par' dir='ltr' id='par_1_47' title="bbox 568 4163 2070 4236">
     <span class='ocr_line' id='line_1_47' title="bbox 568 4163 2070 4236; baseline 0.003 -20"><span class='ocrx_word' id='word_1_295' title='bbox 568 4163 655 4216; x_wconf 83' lang='lat'><strong>68.</strong></span> <span class='ocrx_word' id='word_1_296' title='bbox 695 4163 798 4230; x_wconf 87' lang='lat' dir='ltr'><strong>Qui</strong></span> <span class='ocrx_word' id='word_1_297' title='bbox 842 4164 1008 4217; x_wconf 88' lang='lat' dir='ltr'><strong>vitam</strong></span> <span class='ocrx_word' id='word_1_298' title='bbox 1062 4165 1306 4220; x_wconf 58' lang='lat' dir='ltr'><strong>caelibem</strong></span> <span class='ocrx_word' id='word_1_299' title='bbox 1357 4165 1490 4221; x_wconf 86' lang='lat' dir='ltr'><strong>colit</strong></span> <span class='ocrx_word' id='word_1_300' title='bbox 1525 4175 1621 4221; x_wconf 85' lang='lat' dir='ltr'><strong>aut</strong></span> <span class='ocrx_word' id='word_1_301' title='bbox 1665 4165 2070 4236; x_wconf 81' lang='lat' dir='ltr'><strong>virginitatem,</strong></span> 
     </span>
    </p>
   </div>
   <div class='ocr_carea' id='block_1_48' title="bbox 495 4255 2072 4328">
    <p class='ocr_par' dir='ltr' id='par_1_48' title="bbox 495 4255 2072 4328">
     <span class='ocr_line' id='line_1_48' title="bbox 495 4255 2072 4328; baseline 0.002 -18"><span class='ocrx_word' id='word_1_302' title='bbox 495 4270 720 4310; x_wconf 88' lang='lat' dir='ltr'><strong>necesse</strong></span> <span class='ocrx_word' id='word_1_303' title='bbox 747 4263 828 4308; x_wconf 90' lang='lat' dir='ltr'><strong>est</strong></span> <span class='ocrx_word' id='word_1_304' title='bbox 857 4263 919 4308; x_wconf 90' lang='lat' dir='ltr'><strong>ut</strong></span> <span class='ocrx_word' id='word_1_305' title='bbox 950 4255 1150 4309; x_wconf 86' lang='lat' dir='ltr'><strong>habeat</strong></span> <span class='ocrx_word' id='word_1_306' title='bbox 1192 4256 1409 4312; x_wconf 85' lang='lat' dir='ltr'><strong>lumbos</strong></span> <span class='ocrx_word' id='word_1_307' title='bbox 1437 4258 1778 4328; x_wconf 72' lang='lat' dir='ltr'><strong>praecinctos,</strong></span> <span class='ocrx_word' id='word_1_308' title='bbox 1805 4267 1860 4312; x_wconf 91' lang='lat' dir='ltr'><strong>et</strong></span> <span class='ocrx_word' id='word_1_309' title='bbox 1887 4259 2072 4314; x_wconf 89' lang='lat' dir='ltr'><strong>lucer-</strong></span> 
     </span>
    </p>
   </div>
   <div class='ocr_carea' id='block_1_49' title="bbox 2161 405 3686 492">
    <p class='ocr_par' dir='ltr' id='par_1_49' title="bbox 2161 405 3686 492">
     <span class='ocr_line' id='line_1_49' title="bbox 2161 405 3686 492; baseline -0.014 -16"><span class='ocrx_word' id='word_1_310' title='bbox 2161 421 2278 492; x_wconf 86' lang='grc' dir='ltr'>τος]</span> <span class='ocrx_word' id='word_1_311' title='bbox 2313 421 2399 491; x_wconf 89' lang='grc' dir='ltr'><strong>(ι).</strong></span> <span class='ocrx_word' id='word_1_312' title='bbox 2437 417 2528 471; x_wconf 82' lang='grc' dir='ltr'><strong>Διὸ</strong></span> <span class='ocrx_word' id='word_1_313' title='bbox 2565 415 2881 484; x_wconf 79' lang='grc' dir='ltr'><strong>ἀναγκαίως</strong></span> <span class='ocrx_word' id='word_1_314' title='bbox 2911 413 3088 464; x_wconf 81' lang='grc' dir='ltr'><strong>δέεται</strong></span> <span class='ocrx_word' id='word_1_315' title='bbox 3127 410 3162 477; x_wconf 78' lang='grc' dir='ltr'><strong>ἡ</strong></span> <span class='ocrx_word' id='word_1_316' title='bbox 3188 407 3391 475; x_wconf 74' lang='grc' dir='ltr'>γνῶσις</span> <span class='ocrx_word' id='word_1_317' title='bbox 3427 405 3686 472; x_wconf 63' lang='grc' dir='ltr'>ἀγάπης.</span> 
     </span>
    </p>
   </div>
   <div class='ocr_carea' id='block_1_50' title="bbox 2232 493 3743 580">
    <p class='ocr_par' dir='ltr' id='par_1_50' title="bbox 2232 493 3743 580">
     <span class='ocr_line' id='line_1_50' title="bbox 2232 493 3743 580; baseline 0.006 -32"><span class='ocrx_word' id='word_1_318' title='bbox 2232 511 2329 580; x_wconf 47' lang='grc' dir='ltr'>ξγο,</span> <span class='ocrx_word' id='word_1_319' title='bbox 2374 511 2467 579; x_wconf 76' lang='grc' dir='ltr'><strong>Μὴ</strong></span> <span class='ocrx_word' id='word_1_320' title='bbox 2492 509 2619 578; x_wconf 78' lang='grc' dir='ltr'>δλην</span> <span class='ocrx_word' id='word_1_321' title='bbox 2646 507 2746 577; x_wconf 76' lang='grc' dir='ltr'>τὴν</span> <span class='ocrx_word' id='word_1_322' title='bbox 2781 504 2978 575; x_wconf 82' lang='grc' dir='ltr'>σχολήν</span> <span class='ocrx_word' id='word_1_323' title='bbox 3013 519 3108 555; x_wconf 79' lang='grc' dir='ltr'><strong>σου</strong></span> <span class='ocrx_word' id='word_1_324' title='bbox 3142 499 3274 570; x_wconf 76' lang='grc' dir='ltr'>περὶ</span> <span class='ocrx_word' id='word_1_325' title='bbox 3294 499 3400 567; x_wconf 79' lang='grc' dir='ltr'>τὴν</span> <span class='ocrx_word' id='word_1_326' title='bbox 3428 497 3624 564; x_wconf 64' lang='grc' dir='ltr'>σάρκα</span> <span class='ocrx_word' id='word_1_327' title='bbox 3641 493 3743 562; x_wconf 68' lang='grc' dir='ltr'><strong>ἔχε.</strong></span> 
     </span>
    </p>
   </div>
   <div class='ocr_carea' id='block_1_51' title="bbox 2160 591 3744 672">
    <p class='ocr_par' dir='ltr' id='par_1_51' title="bbox 2160 591 3744 672">
     <span class='ocr_line' id='line_1_51' title="bbox 2160 591 3744 672; baseline -0.013 -14"><span class='ocrx_word' id='word_1_328' title='bbox 2160 605 2296 659; x_wconf 74' lang='grc' dir='ltr'>ἀλλὰ</span> <span class='ocrx_word' id='word_1_329' title='bbox 2339 604 2522 672; x_wconf 83' lang='grc' dir='ltr'>ὅρισον</span> <span class='ocrx_word' id='word_1_330' title='bbox 2558 601 2694 670; x_wconf 77' lang='grc' dir='ltr'>αὐτῇ</span> <span class='ocrx_word' id='word_1_331' title='bbox 2734 597 2831 669; x_wconf 84' lang='grc' dir='ltr'>τὴν</span> <span class='ocrx_word' id='word_1_332' title='bbox 2883 597 3022 650; x_wconf 81' lang='grc' dir='ltr'><strong>κατά</strong></span> <span class='ocrx_word' id='word_1_333' title='bbox 3055 595 3288 664; x_wconf 84' lang='grc' dir='ltr'>δύναμιν</span> <span class='ocrx_word' id='word_1_334' title='bbox 3329 593 3588 658; x_wconf 71' lang='grc' dir='ltr'>ἄσκησιν</span> <span class='ocrx_word' id='word_1_335' title='bbox 3611 605 3624 616; x_wconf 73' lang='grc'><strong><em>⁸</em></strong></span> <span class='ocrx_word' id='word_1_336' title='bbox 3661 591 3744 640; x_wconf 73' lang='grc' dir='ltr'><strong>καὶ</strong></span> 
     </span>
    </p>
   </div>
   <div class='ocr_carea' id='block_1_52' title="bbox 2161 675 3744 758">
    <p class='ocr_par' dir='ltr' id='par_1_52' title="bbox 2161 675 3744 758">
     <span class='ocr_line' id='line_1_52' title="bbox 2161 675 3744 758; baseline -0.015 -8"><span class='ocrx_word' id='word_1_337' title='bbox 2161 697 2282 749; x_wconf 82' lang='grc' dir='ltr'><strong>ὅλον</strong></span> <span class='ocrx_word' id='word_1_338' title='bbox 2325 694 2417 747; x_wconf 78' lang='grc' dir='ltr'><strong>τὸν</strong></span> <span class='ocrx_word' id='word_1_339' title='bbox 2457 690 2581 746; x_wconf 83' lang='grc' dir='ltr'><strong>νοῦν</strong></span> <span class='ocrx_word' id='word_1_340' title='bbox 2629 706 2744 754; x_wconf 85' lang='grc' dir='ltr'>σου,</span> <span class='ocrx_word' id='word_1_341' title='bbox 2785 687 2916 758; x_wconf 83' lang='grc' dir='ltr'>περὶ</span> <span class='ocrx_word' id='word_1_342' title='bbox 2956 686 3025 738; x_wconf 86' lang='grc' dir='ltr'><strong>τά</strong></span> <span class='ocrx_word' id='word_1_343' title='bbox 3061 685 3210 737; x_wconf 75' lang='grc' dir='ltr'>ἔνδον</span> <span class='ocrx_word' id='word_1_344' title='bbox 3240 680 3452 749; x_wconf 76' lang='grc' dir='ltr'>τρέψον</span> <span class='ocrx_word' id='word_1_345' title='bbox 3474 694 3489 705; x_wconf 67' lang='grc'>⁸</span> <span class='ocrx_word' id='word_1_346' title='bbox 3539 677 3605 730; x_wconf 85' lang='grc' dir='ltr'>Ἡ</span> <span class='ocrx_word' id='word_1_347' title='bbox 3649 675 3744 743; x_wconf 60' lang='grc' dir='ltr'><strong>τῲ</strong></span> 
     </span>
    </p>
   </div>
   <div class='ocr_carea' id='block_1_53' title="bbox 2162 767 3843 856">
    <p class='ocr_par' dir='ltr' id='par_1_53' title="bbox 2162 767 3843 856">
     <span class='ocr_line' id='line_1_53' title="bbox 2162 767 3843 856; baseline -0.017 -15"><span class='ocrx_word' id='word_1_348' title='bbox 2162 784 2468 856; x_wconf 79' lang='grc' dir='ltr'><strong>σωματικὴ</strong></span> <span class='ocrx_word' id='word_1_349' title='bbox 2504 783 2831 852; x_wconf 71' lang='grc' dir='ltr'>γυμνασία,</span> <span class='ocrx_word' id='word_1_350' title='bbox 2870 779 3024 846; x_wconf 76' lang='grc' dir='ltr'>πρὸς</span> <span class='ocrx_word' id='word_1_351' title='bbox 3056 777 3269 842; x_wconf 70' lang='grc' dir='ltr'>ὀλίγον</span> <span class='ocrx_word' id='word_1_352' title='bbox 3312 771 3503 825; x_wconf 72' lang='grc' dir='ltr'>ἐστὶν</span> <span class='ocrx_word' id='word_1_353' title='bbox 3551 767 3746 836; x_wconf 54' lang='lat' dir='ltr'><strong>rigat.</strong></span> <span class='ocrx_word' id='word_1_354' title='bbox 3839 799 3843 856; x_wconf 30' lang='grc' dir='ltr'><strong><em>ἦ</em></strong></span> 
     </span>
    </p>
   </div>
   <div class='ocr_carea' id='block_1_54' title="bbox 2159 861 3746 949">
    <p class='ocr_par' dir='ltr' id='par_1_54' title="bbox 2159 861 3746 949">
     <span class='ocr_line' id='line_1_54' title="bbox 2159 861 3746 949; baseline -0.014 -16"><span class='ocrx_word' id='word_1_355' title='bbox 2159 895 2302 949; x_wconf 83' lang='grc' dir='ltr'>μος·</span> <span class='ocrx_word' id='word_1_356' title='bbox 2335 879 2373 945; x_wconf 77' lang='grc' dir='ltr'><em>ἠ</em></span> <span class='ocrx_word' id='word_1_357' title='bbox 2404 876 2473 929; x_wconf 82' lang='grc' dir='ltr'>δὲ</span> <span class='ocrx_word' id='word_1_358' title='bbox 2501 873 2792 936; x_wconf 78' lang='grc' dir='ltr'>εὐσέϐεια,</span> <span class='ocrx_word' id='word_1_359' title='bbox 2821 870 2971 940; x_wconf 78' lang='grc' dir='ltr'>πρὸς</span> <span class='ocrx_word' id='word_1_360' title='bbox 3001 868 3196 922; x_wconf 73' lang='grc' dir='ltr'>πάντα</span> <span class='ocrx_word' id='word_1_361' title='bbox 3222 864 3406 918; x_wconf 75' lang='grc' dir='ltr'>ἐστίν</span> <span class='ocrx_word' id='word_1_362' title='bbox 3432 861 3746 930; x_wconf 52' lang='grc' dir='ltr'>ἁςὲὰμες.</span> 
     </span>
    </p>
   </div>
   <div class='ocr_carea' id='block_1_55' title="bbox 2161 969 2530 1038">
    <p class='ocr_par' dir='ltr' id='par_1_55' title="bbox 2161 969 2530 1038">
     <span class='ocr_line' id='line_1_55' title="bbox 2161 969 2530 1038; baseline -0.005 -14"><span class='ocrx_word' id='word_1_363' title='bbox 2161 971 2256 1024; x_wconf 74' lang='grc' dir='ltr'>καὶ</span> <span class='ocrx_word' id='word_1_364' title='bbox 2287 971 2356 1022; x_wconf 84' lang='grc' dir='ltr'><strong>τὰ</strong></span> <span class='ocrx_word' id='word_1_365' title='bbox 2382 969 2530 1038; x_wconf 80' lang='grc' dir='ltr'>ἑξῆς.</span> 
     </span>
    </p>
   </div>
   <div class='ocr_carea' id='block_1_56' title="bbox 2233 1041 3750 1129">
    <p class='ocr_par' dir='ltr' id='par_1_56' title="bbox 2233 1041 3750 1129">
     <span class='ocr_line' id='line_1_56' title="bbox 2233 1041 3750 1129; baseline -0.017 -12"><span class='ocrx_word' id='word_1_366' title='bbox 2233 1064 2328 1129; x_wconf 78' lang='grc' dir='ltr'>ξδ’.</span> <span class='ocrx_word' id='word_1_367' title='bbox 2379 1063 2437 1114; x_wconf 90' lang='lat'><strong>&#39;0</strong></span> <span class='ocrx_word' id='word_1_368' title='bbox 2474 1052 2836 1116; x_wconf 73' lang='grc' dir='ltr'><strong>ἀδιαλείπτως</strong></span> <span class='ocrx_word' id='word_1_369' title='bbox 2875 1049 3098 1122; x_wconf 78' lang='grc' dir='ltr'>περὶτὰ</span> <span class='ocrx_word' id='word_1_370' title='bbox 3143 1043 3294 1100; x_wconf 76' lang='grc' dir='ltr'>ἔνδον</span> <span class='ocrx_word' id='word_1_371' title='bbox 3323 1044 3436 1108; x_wconf 74' lang='grc' dir='ltr'>τὰς</span> <span class='ocrx_word' id='word_1_372' title='bbox 3476 1041 3750 1113; x_wconf 68' lang='grc' dir='ltr'>διατριεὲς</span> 
     </span>
    </p>
   </div>
   <div class='ocr_carea' id='block_1_57' title="bbox 2163 1133 3750 1222">
    <p class='ocr_par' dir='ltr' id='par_1_57' title="bbox 2163 1133 3750 1222">
     <span class='ocr_line' id='line_1_57' title="bbox 2163 1133 3750 1222; baseline -0.015 -15"><span class='ocrx_word' id='word_1_373' title='bbox 2163 1152 2504 1222; x_wconf 82' lang='grc' dir='ltr'>ποιούμενος,</span> <span class='ocrx_word' id='word_1_374' title='bbox 2562 1147 2847 1215; x_wconf 78' lang='grc' dir='ltr'>σωφρονεῖ,</span> <span class='ocrx_word' id='word_1_375' title='bbox 2913 1137 3288 1211; x_wconf 80' lang='grc' dir='ltr'><strong>μακροθυμεῖ,</strong></span> <span class='ocrx_word' id='word_1_376' title='bbox 3365 1133 3750 1205; x_wconf 69' lang='grc' dir='ltr'>χρηστεύεται,</span> 
     </span>
    </p>
   </div>
   <div class='ocr_carea' id='block_1_58' title="bbox 2163 1227 3756 1312">
    <p class='ocr_par' dir='ltr' id='par_1_58' title="bbox 2163 1227 3756 1312">
     <span class='ocr_line' id='line_1_58' title="bbox 2163 1227 3756 1312; baseline -0.016 -13"><span class='ocrx_word' id='word_1_377' title='bbox 2163 1243 2592 1312; x_wconf 84' lang='grc' dir='ltr'>ταπεινοφρονεῖ.</span> <span class='ocrx_word' id='word_1_378' title='bbox 2642 1240 2717 1291; x_wconf 84' lang='grc' dir='ltr'><strong>Οὐ</strong></span> <span class='ocrx_word' id='word_1_379' title='bbox 2759 1236 2917 1306; x_wconf 85' lang='grc' dir='ltr'>μόνον</span> <span class='ocrx_word' id='word_1_380' title='bbox 2962 1233 3036 1295; x_wconf 82' lang='grc' dir='ltr'>δὲ,</span> <span class='ocrx_word' id='word_1_381' title='bbox 3084 1230 3217 1284; x_wconf 73' lang='grc' dir='ltr'>ἀλλὰ</span> <span class='ocrx_word' id='word_1_382' title='bbox 3268 1228 3372 1280; x_wconf 73' lang='grc' dir='ltr'>καὶ</span> <span class='ocrx_word' id='word_1_383' title='bbox 3402 1227 3640 1297; x_wconf 76' lang='grc' dir='ltr'>θεωρεῖ.</span> <span class='ocrx_word' id='word_1_384' title='bbox 3676 1229 3756 1278; x_wconf 68' lang='lat' dir='ltr'><strong>au&quot;.</strong></span> 
     </span>
    </p>
   </div>
   <div class='ocr_carea' id='block_1_59' title="bbox 2164 1318 3754 1404">
    <p class='ocr_par' dir='ltr' id='par_1_59' title="bbox 2164 1318 3754 1404">
     <span class='ocr_line' id='line_1_59' title="bbox 2164 1318 3754 1404; baseline -0.014 -13"><span class='ocrx_word' id='word_1_385' title='bbox 2164 1338 2426 1404; x_wconf 77' lang='grc' dir='ltr'>θεολογεῖ,</span> <span class='ocrx_word' id='word_1_386' title='bbox 2480 1333 2574 1386; x_wconf 73' lang='grc' dir='ltr'>καὶ</span> <span class='ocrx_word' id='word_1_387' title='bbox 2615 1330 3008 1402; x_wconf 67' lang='grc' dir='ltr'>προσεύχεται.</span> <span class='ocrx_word' id='word_1_388' title='bbox 3038 1325 3147 1376; x_wconf 80' lang='grc' dir='ltr'><strong>Καὶ</strong></span> <span class='ocrx_word' id='word_1_389' title='bbox 3173 1322 3336 1374; x_wconf 78' lang='grc' dir='ltr'><strong>τοῦτό</strong></span> <span class='ocrx_word' id='word_1_390' title='bbox 3368 1323 3534 1372; x_wconf 72' lang='grc' dir='ltr'>ἐστιν</span> <span class='ocrx_word' id='word_1_391' title='bbox 3562 1320 3594 1371; x_wconf 81' lang='grc' dir='ltr'><strong>ὃ</strong></span> <span class='ocrx_word' id='word_1_392' title='bbox 3622 1318 3754 1383; x_wconf 71' lang='grc' dir='ltr'>λέγει</span> 
     </span>
    </p>
   </div>
   <div class='ocr_carea' id='block_1_60' title="bbox 2163 1408 3755 1490">
    <p class='ocr_par' dir='ltr' id='par_1_60' title="bbox 2163 1408 3755 1490">
     <span class='ocr_line' id='line_1_60' title="bbox 2163 1408 3755 1490; baseline -0.017 -5"><span class='ocrx_word' id='word_1_393' title='bbox 2163 1434 2193 1486; x_wconf 84' lang='grc' dir='ltr'>ὁ</span> <span class='ocrx_word' id='word_1_394' title='bbox 2233 1427 2587 1489; x_wconf 75' lang='grc' dir='ltr'>’Δπόστολοςο</span> <span class='ocrx_word' id='word_1_395' title='bbox 2619 1423 2915 1490; x_wconf 82' lang='grc' dir='ltr'>Πνεύματι</span> <span class='ocrx_word' id='word_1_396' title='bbox 2949 1413 3351 1484; x_wconf 76' lang='grc' dir='ltr'><strong>περιπατεῖτε,</strong></span> <span class='ocrx_word' id='word_1_397' title='bbox 3383 1413 3496 1464; x_wconf 77' lang='grc' dir='ltr'><strong>καὶ</strong></span> <span class='ocrx_word' id='word_1_398' title='bbox 3522 1413 3599 1463; x_wconf 65' lang='grc' dir='ltr'>τὰ</span> <span class='ocrx_word' id='word_1_399' title='bbox 3624 1408 3755 1478; x_wconf 70' lang='grc' dir='ltr'>ἑξῆς.</span> 
     </span>
    </p>
   </div>
   <div class='ocr_carea' id='block_1_61' title="bbox 2239 1581 3758 1670">
    <p class='ocr_par' dir='ltr' id='par_1_61' title="bbox 2239 1581 3758 1670">
     <span class='ocr_line' id='line_1_61' title="bbox 2239 1581 3758 1670; baseline -0.016 -12"><span class='ocrx_word' id='word_1_400' title='bbox 2239 1603 2330 1669; x_wconf 73' lang='grc' dir='ltr'>ξεν.</span> <span class='ocrx_word' id='word_1_401' title='bbox 2375 1603 2435 1655; x_wconf 88' lang='lat'><strong>&#39;0</strong></span> <span class='ocrx_word' id='word_1_402' title='bbox 2469 1601 2570 1670; x_wconf 84' lang='grc' dir='ltr'>τὴν</span> <span class='ocrx_word' id='word_1_403' title='bbox 2603 1592 2985 1665; x_wconf 81' lang='grc' dir='ltr'>πνευματικὴν</span> <span class='ocrx_word' id='word_1_404' title='bbox 3013 1590 3130 1644; x_wconf 76' lang='grc' dir='ltr'>ὁδὸν</span> <span class='ocrx_word' id='word_1_405' title='bbox 3155 1587 3368 1640; x_wconf 77' lang='grc' dir='ltr'><strong>ὁδεύειν</strong></span> <span class='ocrx_word' id='word_1_406' title='bbox 3407 1585 3496 1654; x_wconf 77' lang='grc' dir='ltr'>μὴ</span> <span class='ocrx_word' id='word_1_407' title='bbox 3544 1581 3758 1634; x_wconf 65' lang='grc' dir='ltr'>ἐπιστα-</span> 
     </span>
    </p>
   </div>
   <div class='ocr_carea' id='block_1_62' title="bbox 3355 1673 3753 1743">
    <p class='ocr_par' dir='ltr' id='par_1_62' title="bbox 3355 1673 3753 1743">
     <span class='ocr_line' id='line_1_62' title="bbox 3355 1673 3753 1743; baseline -0.005 -17"><span class='ocrx_word' id='word_1_408' title='bbox 3355 1693 3456 1728; x_wconf 79' lang='grc' dir='ltr'><strong>ται</strong></span> <span class='ocrx_word' id='word_1_409' title='bbox 3483 1673 3753 1743; x_wconf 67' lang='grc' dir='ltr'>φροντίδα·</span> 
     </span>
    </p>
   </div>
   <div class='ocr_carea' id='block_1_63' title="bbox 2159 1762 3755 1855">
    <p class='ocr_par' dir='ltr' id='par_1_63' title="bbox 2159 1762 3755 1855">
     <span class='ocr_line' id='line_1_63' title="bbox 2159 1762 3755 1855; baseline -0.017 -15"><span class='ocrx_word' id='word_1_410' title='bbox 2159 1762 2278 1840; x_wconf 76' lang='grc' dir='ltr'>ἀλλ’</span> <span class='ocrx_word' id='word_1_411' title='bbox 2323 1786 2453 1855; x_wconf 84' lang='grc' dir='ltr'>ὅλην</span> <span class='ocrx_word' id='word_1_412' title='bbox 2497 1783 2597 1853; x_wconf 77' lang='grc' dir='ltr'><strong>τὴν</strong></span> <span class='ocrx_word' id='word_1_413' title='bbox 2634 1776 2830 1850; x_wconf 79' lang='grc' dir='ltr'>σχολὴν</span> <span class='ocrx_word' id='word_1_414' title='bbox 2859 1774 2992 1844; x_wconf 72' lang='grc' dir='ltr'>περὶ</span> <span class='ocrx_word' id='word_1_415' title='bbox 3019 1773 3116 1842; x_wconf 76' lang='grc' dir='ltr'>τὴν</span> <span class='ocrx_word' id='word_1_416' title='bbox 3152 1771 3339 1839; x_wconf 73' lang='grc' dir='ltr'>σάρκα</span> <span class='ocrx_word' id='word_1_417' title='bbox 3373 1766 3508 1835; x_wconf 74' lang='grc' dir='ltr'>ἔχει</span> <span class='ocrx_word' id='word_1_418' title='bbox 3586 1762 3755 1829; x_wconf 50' lang='grc' dir='ltr'>καὶμξ</span> 
     </span>
    </p>
   </div>
   <div class='ocr_carea' id='block_1_64' title="bbox 2160 1857 3756 1948">
    <p class='ocr_par' dir='ltr' id='par_1_64' title="bbox 2160 1857 3756 1948">
     <span class='ocr_line' id='line_1_64' title="bbox 2160 1857 3756 1948; baseline -0.016 -16"><span class='ocrx_word' id='word_1_419' title='bbox 2160 1877 2568 1948; x_wconf 82' lang='grc' dir='ltr'>γαστριμαργετ</span> <span class='ocrx_word' id='word_1_420' title='bbox 2617 1872 2712 1927; x_wconf 78' lang='grc' dir='ltr'>καὶ</span> <span class='ocrx_word' id='word_1_421' title='bbox 2765 1865 3165 1926; x_wconf 72' lang='grc' dir='ltr'><strong>ἀκολασταίνει,</strong></span> <span class='ocrx_word' id='word_1_422' title='bbox 3223 1859 3497 1913; x_wconf 79' lang='grc' dir='ltr'>λυπεῖταί</span> <span class='ocrx_word' id='word_1_423' title='bbox 3553 1873 3620 1908; x_wconf 85' lang='grc' dir='ltr'><strong>τε</strong></span> 
     </span>
    </p>
   </div>
   <div class='ocr_carea' id='block_1_65' title="bbox 2161 1948 3752 2043">
    <p class='ocr_par' dir='ltr' id='par_1_65' title="bbox 2161 1948 3752 2043">
     <span class='ocr_line' id='line_1_65' title="bbox 2161 1948 3752 2043; baseline -0.018 -17"><span class='ocrx_word' id='word_1_424' title='bbox 2161 1973 2440 2043; x_wconf 70' lang='grc' dir='ltr'><strong>ὀργίζεται</strong></span> <span class='ocrx_word' id='word_1_425' title='bbox 2488 1965 2584 2020; x_wconf 73' lang='grc' dir='ltr'><strong>καὶ</strong></span> <span class='ocrx_word' id='word_1_426' title='bbox 2633 1961 2983 2035; x_wconf 83' lang='grc' dir='ltr'><strong>μνησικακεῖ,</strong></span> <span class='ocrx_word' id='word_1_427' title='bbox 3030 1957 3126 2010; x_wconf 76' lang='grc' dir='ltr'><strong>καὶ</strong></span> <span class='ocrx_word' id='word_1_428' title='bbox 3181 1951 3450 2005; x_wconf 70' lang='grc' dir='ltr'>ἐντεῦθεν</span> <span class='ocrx_word' id='word_1_429' title='bbox 3508 1951 3604 2003; x_wconf 69' lang='grc' dir='ltr'>τὸν</span> <span class='ocrx_word' id='word_1_430' title='bbox 3645 1948 3752 2000; x_wconf 57' lang='grc' dir='ltr'>νοεῖ</span> 
     </span>
    </p>
   </div>
   <div class='ocr_carea' id='block_1_66' title="bbox 2166 2043 3752 2132">
    <p class='ocr_par' dir='ltr' id='par_1_66' title="bbox 2166 2043 3752 2132">
     <span class='ocr_line' id='line_1_66' title="bbox 2166 2043 3752 2132; baseline -0.016 -13"><span class='ocrx_word' id='word_1_431' title='bbox 2166 2065 2402 2128; x_wconf 79' lang='grc' dir='ltr'>σκοτίζει</span> <span class='ocrx_word' id='word_1_432' title='bbox 2423 2079 2437 2093; x_wconf 85' lang='grc'><strong>·</strong></span> <span class='ocrx_word' id='word_1_433' title='bbox 2467 2061 2502 2132; x_wconf 80' lang='grc' dir='ltr'>ἢ</span> <span class='ocrx_word' id='word_1_434' title='bbox 2529 2059 2786 2130; x_wconf 81' lang='grc' dir='ltr'><strong>ἀμέτρως</strong></span> <span class='ocrx_word' id='word_1_435' title='bbox 2815 2056 2881 2123; x_wconf 81' lang='grc' dir='ltr'>τῇ</span> <span class='ocrx_word' id='word_1_436' title='bbox 2919 2051 3151 2119; x_wconf 75' lang='grc' dir='ltr'><strong>ἀσκήσει</strong></span> <span class='ocrx_word' id='word_1_437' title='bbox 3196 2049 3510 2118; x_wconf 71' lang='grc' dir='ltr'>κέχρηται,</span> <span class='ocrx_word' id='word_1_438' title='bbox 3551 2043 3650 2097; x_wconf 73' lang='grc' dir='ltr'>καὶ</span> <span class='ocrx_word' id='word_1_439' title='bbox 3679 2043 3752 2094; x_wconf 76' lang='grc' dir='ltr'>θο-</span> 
     </span>
    </p>
   </div>
   <div class='ocr_carea' id='block_1_67' title="bbox 2163 2133 2697 2226">
    <p class='ocr_par' dir='ltr' id='par_1_67' title="bbox 2163 2153 2668 2226">
     <span class='ocr_line' id='line_1_67' title="bbox 2163 2153 2668 2226; baseline -0.012 -16"><span class='ocrx_word' id='word_1_440' title='bbox 2163 2157 2247 2210; x_wconf 88' lang='grc' dir='ltr'><strong>λοῖ</strong></span> <span class='ocrx_word' id='word_1_441' title='bbox 2279 2155 2377 2226; x_wconf 82' lang='grc' dir='ltr'>τὴν</span> <span class='ocrx_word' id='word_1_442' title='bbox 2413 2153 2668 2206; x_wconf 85' lang='grc' dir='ltr'>διάνοιαν.</span> 
     </span>
    </p>
   </div>
   <div class='ocr_carea' id='block_1_68' title="bbox 2247 2225 3749 2306">
    <p class='ocr_par' dir='ltr' id='par_1_68' title="bbox 2247 2225 3749 2306">
     <span class='ocr_line' id='line_1_68' title="bbox 2247 2225 3749 2306; baseline -0.018 -10"><span class='ocrx_word' id='word_1_443' title='bbox 2247 2225 2355 2306; x_wconf 83' lang='grc' dir='ltr'>ξς’.</span> <span class='ocrx_word' id='word_1_444' title='bbox 2392 2237 2558 2294; x_wconf 83' lang='grc' dir='ltr'>Οὐδὲν</span> <span class='ocrx_word' id='word_1_445' title='bbox 2585 2237 2696 2289; x_wconf 89' lang='grc' dir='ltr'><strong>τῶν</strong></span> <span class='ocrx_word' id='word_1_446' title='bbox 2723 2236 2789 2287; x_wconf 84' lang='grc' dir='ltr'>ὲκ</span> <span class='ocrx_word' id='word_1_447' title='bbox 2809 2231 2943 2286; x_wconf 85' lang='grc' dir='ltr'>Θεοῦ</span> <span class='ocrx_word' id='word_1_448' title='bbox 2971 2230 3052 2294; x_wconf 85' lang='grc' dir='ltr'>εἰς</span> <span class='ocrx_word' id='word_1_449' title='bbox 3071 2229 3266 2300; x_wconf 86' lang='grc' dir='ltr'>χρῆσιν</span> <span class='ocrx_word' id='word_1_450' title='bbox 3320 2227 3466 2296; x_wconf 74' lang='grc' dir='ltr'><strong>ἡμῖν</strong></span> <span class='ocrx_word' id='word_1_451' title='bbox 3501 2225 3749 2279; x_wconf 65' lang='grc' dir='ltr'>δοθέντων</span> 
     </span>
    </p>
   </div>
   <div class='ocr_carea' id='block_1_69' title="bbox 2159 2317 3750 2404">
    <p class='ocr_par' dir='ltr' id='par_1_69' title="bbox 2159 2317 3750 2404">
     <span class='ocr_line' id='line_1_69' title="bbox 2159 2317 3750 2404; baseline -0.003 -31"><span class='ocrx_word' id='word_1_452' title='bbox 2159 2332 2381 2404; x_wconf 73' lang='grc' dir='ltr'>ἀναιρεῖ</span> <span class='ocrx_word' id='word_1_453' title='bbox 2405 2333 2438 2402; x_wconf 78' lang='grc' dir='ltr'><strong>ἡ</strong></span> <span class='ocrx_word' id='word_1_454' title='bbox 2465 2330 2690 2402; x_wconf 76' lang='grc' dir='ltr'><strong>Γραφήο</strong></span> <span class='ocrx_word' id='word_1_455' title='bbox 2723 2325 2861 2379; x_wconf 79' lang='grc' dir='ltr'>ἀλλὰ</span> <span class='ocrx_word' id='word_1_456' title='bbox 2903 2324 3004 2392; x_wconf 78' lang='grc' dir='ltr'>τὴν</span> <span class='ocrx_word' id='word_1_457' title='bbox 3045 2320 3326 2391; x_wconf 79' lang='grc' dir='ltr'>ἀμετρίαν</span> <span class='ocrx_word' id='word_1_458' title='bbox 3372 2318 3642 2382; x_wconf 72' lang='grc' dir='ltr'>κολάζει,</span> <span class='ocrx_word' id='word_1_459' title='bbox 3671 2317 3750 2369; x_wconf 64' lang='grc' dir='ltr'>καὶ</span> 
     </span>
    </p>
   </div>
   <div class='ocr_carea' id='block_1_70' title="bbox 2165 2409 3742 2498">
    <p class='ocr_par' dir='ltr' id='par_1_70' title="bbox 2165 2409 3742 2498">
     <span class='ocr_line' id='line_1_70' title="bbox 2165 2409 3742 2498; baseline -0.013 -17"><span class='ocrx_word' id='word_1_460' title='bbox 2165 2428 2263 2498; x_wconf 80' lang='grc' dir='ltr'><strong>τὴν</strong></span> <span class='ocrx_word' id='word_1_461' title='bbox 2293 2424 2605 2494; x_wconf 76' lang='grc' dir='ltr'>ἀλογιστίαν</span> <span class='ocrx_word' id='word_1_462' title='bbox 2641 2416 2967 2490; x_wconf 76' lang='grc' dir='ltr'>διορθοῦται.</span> <span class='ocrx_word' id='word_1_463' title='bbox 2998 2409 3144 2478; x_wconf 75' lang='grc' dir='ltr'>οἷον,</span> <span class='ocrx_word' id='word_1_464' title='bbox 3171 2413 3233 2465; x_wconf 84' lang='grc' dir='ltr'><strong>ού</strong></span> <span class='ocrx_word' id='word_1_465' title='bbox 3263 2410 3484 2464; x_wconf 80' lang='grc' dir='ltr'>κωλύει</span> <span class='ocrx_word' id='word_1_466' title='bbox 3526 2410 3742 2468; x_wconf 71' lang='grc' dir='ltr'>ἐσθίειν.</span> 
     </span>
    </p>
   </div>
   <div class='ocr_carea' id='block_1_71' title="bbox 2167 2499 3738 2578">
    <p class='ocr_par' dir='ltr' id='par_1_71' title="bbox 2167 2499 3738 2578">
     <span class='ocr_line' id='line_1_71' title="bbox 2167 2499 3738 2578; baseline -0.016 -5"><span class='ocrx_word' id='word_1_467' title='bbox 2167 2520 2287 2574; x_wconf 78' lang='grc' dir='ltr'>οὐδὲ</span> <span class='ocrx_word' id='word_1_468' title='bbox 2334 2514 2690 2577; x_wconf 77' lang='grc' dir='ltr'>παιδοποιεῖν,</span> <span class='ocrx_word' id='word_1_469' title='bbox 2739 2509 2862 2563; x_wconf 74' lang='grc' dir='ltr'>οὐδὲ</span> <span class='ocrx_word' id='word_1_470' title='bbox 2915 2507 3178 2578; x_wconf 83' lang='grc' dir='ltr'>χρήματα</span> <span class='ocrx_word' id='word_1_471' title='bbox 3227 2502 3380 2571; x_wconf 74' lang='grc' dir='ltr'>ἔχειν</span> <span class='ocrx_word' id='word_1_472' title='bbox 3425 2501 3538 2553; x_wconf 77' lang='grc' dir='ltr'><strong>καὶ</strong></span> <span class='ocrx_word' id='word_1_473' title='bbox 3574 2499 3738 2569; x_wconf 69' lang='grc' dir='ltr'>ὀρθῶς</span> 
     </span>
    </p>
   </div>
   <div class='ocr_carea' id='block_1_72' title="bbox 2167 2590 3746 2668">
    <p class='ocr_par' dir='ltr' id='par_1_72' title="bbox 2167 2590 3746 2668">
     <span class='ocr_line' id='line_1_72' title="bbox 2167 2590 3746 2668; baseline -0.016 -2"><span class='ocrx_word' id='word_1_474' title='bbox 2167 2613 2421 2666; x_wconf 81' lang='grc' dir='ltr'>διοικεῖν·</span> <span class='ocrx_word' id='word_1_475' title='bbox 2462 2606 2600 2660; x_wconf 82' lang='grc' dir='ltr'><strong>ἀλλά</strong></span> <span class='ocrx_word' id='word_1_476' title='bbox 2671 2601 2873 2657; x_wconf 78' lang='grc' dir='ltr'>κωλύει</span> <span class='ocrx_word' id='word_1_477' title='bbox 2931 2596 3401 2668; x_wconf 85' lang='grc' dir='ltr'>γαστριμαργεῖν,</span> <span class='ocrx_word' id='word_1_478' title='bbox 3445 2590 3746 2662; x_wconf 75' lang='grc' dir='ltr'>πορνεύειν.</span> 
     </span>
    </p>
   </div>
   <div class='ocr_carea' id='block_1_73' title="bbox 2170 2680 3749 2768">
    <p class='ocr_par' dir='ltr' id='par_1_73' title="bbox 2170 2680 3749 2768">
     <span class='ocr_line' id='line_1_73' title="bbox 2170 2680 3749 2768; baseline -0.017 -11"><span class='ocrx_word' id='word_1_479' title='bbox 2170 2703 2267 2757; x_wconf 74' lang='grc' dir='ltr'>καὶ</span> <span class='ocrx_word' id='word_1_480' title='bbox 2311 2701 2379 2754; x_wconf 87' lang='grc' dir='ltr'>τὰ</span> <span class='ocrx_word' id='word_1_481' title='bbox 2414 2699 2561 2768; x_wconf 75' lang='grc' dir='ltr'>ἑξῆς.</span> <span class='ocrx_word' id='word_1_482' title='bbox 2601 2693 2741 2751; x_wconf 81' lang='grc' dir='ltr'>Ἀλλ’</span> <span class='ocrx_word' id='word_1_483' title='bbox 2775 2691 2896 2747; x_wconf 79' lang='grc' dir='ltr'>οὐδὲ</span> <span class='ocrx_word' id='word_1_484' title='bbox 2925 2690 2985 2743; x_wconf 80' lang='grc' dir='ltr'>τὸ</span> <span class='ocrx_word' id='word_1_485' title='bbox 3008 2689 3150 2742; x_wconf 82' lang='grc' dir='ltr'>νοεῖν</span> <span class='ocrx_word' id='word_1_486' title='bbox 3188 2683 3370 2736; x_wconf 77' lang='grc' dir='ltr'>ταῦτα</span> <span class='ocrx_word' id='word_1_487' title='bbox 3400 2682 3613 2735; x_wconf 81' lang='grc' dir='ltr'>κωλύει</span> <span class='ocrx_word' id='word_1_488' title='bbox 3656 2680 3749 2749; x_wconf 60' lang='grc' dir='ltr'>(διὰ</span> 
     </span>
    </p>
   </div>
   <div class='ocr_carea' id='block_1_74' title="bbox 2169 2775 3588 2864">
    <p class='ocr_par' dir='ltr' id='par_1_74' title="bbox 2169 2775 3588 2864">
     <span class='ocr_line' id='line_1_74' title="bbox 2169 2775 3588 2864; baseline -0.015 -14"><span class='ocrx_word' id='word_1_489' title='bbox 2169 2793 2328 2852; x_wconf 74' lang='grc' dir='ltr'>τοῦτο</span> <span class='ocrx_word' id='word_1_490' title='bbox 2353 2791 2461 2864; x_wconf 78' lang='grc' dir='ltr'><strong>γὰρ</strong></span> <span class='ocrx_word' id='word_1_491' title='bbox 2487 2785 2821 2860; x_wconf 82' lang='grc' dir='ltr'>γεγόνασιν),</span> <span class='ocrx_word' id='word_1_492' title='bbox 2857 2784 2991 2839; x_wconf 75' lang='grc' dir='ltr'>ἀλλὰ</span> <span class='ocrx_word' id='word_1_493' title='bbox 3016 2782 3077 2835; x_wconf 76' lang='grc' dir='ltr'>τὸ</span> <span class='ocrx_word' id='word_1_494' title='bbox 3102 2775 3377 2850; x_wconf 76' lang='grc' dir='ltr'><strong>ἐμπαθῶς</strong></span> <span class='ocrx_word' id='word_1_495' title='bbox 3411 2779 3588 2829; x_wconf 76' lang='grc' dir='ltr'>νοεῖν.</span> 
     </span>
    </p>
   </div>
   <div class='ocr_carea' id='block_1_75' title="bbox 2155 2953 3746 3055">
    <p class='ocr_par' dir='ltr' id='par_1_75' title="bbox 2155 2953 3746 3055">
     <span class='ocr_line' id='line_1_75' title="bbox 2155 2953 3746 3055; baseline -0.017 -9"><span class='ocrx_word' id='word_1_496' title='bbox 2155 2953 2158 2956; x_wconf 41' lang='grc'><strong>’</strong></span> <span class='ocrx_word' id='word_1_497' title='bbox 2245 2987 2322 3053; x_wconf 70' lang='grc' dir='ltr'>ξς·</span> <span class='ocrx_word' id='word_1_498' title='bbox 2381 2987 2462 3040; x_wconf 66' lang='grc' dir='ltr'><strong>τι</strong></span> <span class='ocrx_word' id='word_1_499' title='bbox 2510 2986 2605 3055; x_wconf 77' lang='grc' dir='ltr'>μὲν</span> <span class='ocrx_word' id='word_1_500' title='bbox 2636 2983 2742 3037; x_wconf 88' lang='grc' dir='ltr'><strong>τῶν</strong></span> <span class='ocrx_word' id='word_1_501' title='bbox 2794 2975 3066 3048; x_wconf 76' lang='grc' dir='ltr'>ὕφ’ὴμῶν</span> <span class='ocrx_word' id='word_1_502' title='bbox 3097 2974 3240 3028; x_wconf 77' lang='grc' dir='ltr'>κατὰ</span> <span class='ocrx_word' id='word_1_503' title='bbox 3275 2973 3419 3025; x_wconf 76' lang='grc' dir='ltr'>Θεδν</span> <span class='ocrx_word' id='word_1_504' title='bbox 3449 2968 3746 3042; x_wconf 72' lang='grc' dir='ltr'>πραττομέ-</span> 
     </span>
    </p>
   </div>
   <div class='ocr_carea' id='block_1_76' title="bbox 2176 3063 3747 3144">
    <p class='ocr_par' dir='ltr' id='par_1_76' title="bbox 2176 3063 3747 3144">
     <span class='ocr_line' id='line_1_76' title="bbox 2176 3063 3747 3144; baseline -0.016 -10"><span class='ocrx_word' id='word_1_505' title='bbox 2176 3097 2306 3142; x_wconf 86' lang='grc' dir='ltr'>νων,</span> <span class='ocrx_word' id='word_1_506' title='bbox 2349 3080 2467 3131; x_wconf 89' lang='grc' dir='ltr'>κατ⁹</span> <span class='ocrx_word' id='word_1_507' title='bbox 2515 3069 2735 3144; x_wconf 73' lang='grc' dir='ltr'>ἐντολὴν</span> <span class='ocrx_word' id='word_1_508' title='bbox 2775 3072 3072 3142; x_wconf 75' lang='grc' dir='ltr'>πράττεται</span> <span class='ocrx_word' id='word_1_509' title='bbox 3095 3083 3109 3096; x_wconf 88' lang='grc'><strong>·</strong></span> <span class='ocrx_word' id='word_1_510' title='bbox 3141 3065 3208 3118; x_wconf 78' lang='grc' dir='ltr'>τὰ</span> <span class='ocrx_word' id='word_1_511' title='bbox 3252 3064 3332 3127; x_wconf 74' lang='grc' dir='ltr'><strong>δὲ,</strong></span> <span class='ocrx_word' id='word_1_512' title='bbox 3363 3064 3426 3115; x_wconf 71' lang='grc' dir='ltr'>οὐ</span> <span class='ocrx_word' id='word_1_513' title='bbox 3453 3063 3586 3114; x_wconf 78' lang='grc' dir='ltr'>κατ’</span> <span class='ocrx_word' id='word_1_514' title='bbox 3617 3063 3747 3111; x_wconf 75' lang='grc' dir='ltr'>ἐντο-</span> 
     </span>
    </p>
   </div>
   <div class='ocr_carea' id='block_1_77' title="bbox 2174 3153 3746 3244">
    <p class='ocr_par' dir='ltr' id='par_1_77' title="bbox 2174 3153 3746 3244">
     <span class='ocr_line' id='line_1_77' title="bbox 2174 3153 3746 3244; baseline -0.017 -16"><span class='ocrx_word' id='word_1_515' title='bbox 2174 3175 2294 3244; x_wconf 82' lang='grc' dir='ltr'>λὴν,</span> <span class='ocrx_word' id='word_1_516' title='bbox 2324 3173 2438 3226; x_wconf 82' lang='grc' dir='ltr'>ἀλλ’</span> <span class='ocrx_word' id='word_1_517' title='bbox 2471 3171 2547 3233; x_wconf 76' lang='grc' dir='ltr'><strong>ὡς</strong></span> <span class='ocrx_word' id='word_1_518' title='bbox 2577 3169 2641 3222; x_wconf 80' lang='grc' dir='ltr'>ἀν</span> <span class='ocrx_word' id='word_1_519' title='bbox 2670 3183 2752 3230; x_wconf 88' lang='grc' dir='ltr'><strong>τις</strong></span> <span class='ocrx_word' id='word_1_520' title='bbox 2785 3163 2949 3226; x_wconf 79' lang='grc' dir='ltr'>εἴποι,</span> <span class='ocrx_word' id='word_1_521' title='bbox 2977 3161 3100 3215; x_wconf 89' lang='grc' dir='ltr'>καθ’</span> <span class='ocrx_word' id='word_1_522' title='bbox 3122 3157 3375 3212; x_wconf 79' lang='grc' dir='ltr'>ἑκούσιον</span> 
     </span>
    </p>
   </div>
   <div class='ocr_carea' id='block_1_78' title="bbox 2177 3243 3746 3328">
    <p class='ocr_par' dir='ltr' id='par_1_78' title="bbox 2177 3243 3746 3328">
     <span class='ocr_line' id='line_1_78' title="bbox 2177 3243 3746 3328; baseline -0.018 -8"><span class='ocrx_word' id='word_1_523' title='bbox 2177 3243 2303 3320; x_wconf 66' lang='grc' dir='ltr'>Οἷον</span> <span class='ocrx_word' id='word_1_524' title='bbox 2333 3265 2454 3318; x_wconf 80' lang='grc' dir='ltr'>κατ’</span> <span class='ocrx_word' id='word_1_525' title='bbox 2481 3259 2701 3327; x_wconf 80' lang='grc' dir='ltr'>ἐντολὴν</span> <span class='ocrx_word' id='word_1_526' title='bbox 2735 3257 2856 3328; x_wconf 80' lang='grc' dir='ltr'>μὲν,</span> <span class='ocrx_word' id='word_1_527' title='bbox 2903 3255 2963 3307; x_wconf 74' lang='grc' dir='ltr'>τὸ</span> <span class='ocrx_word' id='word_1_528' title='bbox 3004 3247 3351 3320; x_wconf 77' lang='grc' dir='ltr'>ἀγαπᾷντὺν</span> <span class='ocrx_word' id='word_1_529' title='bbox 3381 3246 3527 3298; x_wconf 80' lang='grc' dir='ltr'>Θεδν</span> <span class='ocrx_word' id='word_1_530' title='bbox 3555 3247 3649 3296; x_wconf 69' lang='grc' dir='ltr'><strong>καὶ</strong></span> <span class='ocrx_word' id='word_1_531' title='bbox 3671 3243 3746 3294; x_wconf 55' lang='grc' dir='ltr'>τι.</span> 
     </span>
    </p>
   </div>
   <div class='ocr_carea' id='block_1_79' title="bbox 2175 3334 3748 3422">
    <p class='ocr_par' dir='ltr' id='par_1_79' title="bbox 2175 3334 3748 3422">
     <span class='ocr_line' id='line_1_79' title="bbox 2175 3334 3748 3422; baseline -0.015 -14"><span class='ocrx_word' id='word_1_532' title='bbox 2175 3354 2435 3422; x_wconf 76' lang='grc' dir='ltr'>πλησίον·</span> <span class='ocrx_word' id='word_1_533' title='bbox 2473 3351 2534 3403; x_wconf 83' lang='grc' dir='ltr'><strong>τὸ</strong></span> <span class='ocrx_word' id='word_1_534' title='bbox 2556 3351 2776 3418; x_wconf 80' lang='grc' dir='ltr'><strong>ἀγαπᾷν</strong></span> <span class='ocrx_word' id='word_1_535' title='bbox 2812 3347 2938 3406; x_wconf 75' lang='grc' dir='ltr'>τοὺς</span> <span class='ocrx_word' id='word_1_536' title='bbox 2971 3340 3231 3412; x_wconf 47' lang='grc' dir='ltr'>ἐχθροκ·</span> <span class='ocrx_word' id='word_1_537' title='bbox 3259 3338 3322 3390; x_wconf 81' lang='grc' dir='ltr'><strong>τὸ</strong></span> <span class='ocrx_word' id='word_1_538' title='bbox 3366 3337 3448 3405; x_wconf 81' lang='grc' dir='ltr'>μὴ</span> <span class='ocrx_word' id='word_1_539' title='bbox 3488 3334 3748 3405; x_wconf 68' lang='grc' dir='ltr'>μοιχεύειν</span> 
     </span>
    </p>
   </div>
   <div class='ocr_carea' id='block_1_80' title="bbox 2177 3423 3743 3516">
    <p class='ocr_par' dir='ltr' id='par_1_80' title="bbox 2177 3423 3743 3516">
     <span class='ocr_line' id='line_1_80' title="bbox 2177 3423 3743 3516; baseline -0.015 -17"><span class='ocrx_word' id='word_1_540' title='bbox 2177 3445 2311 3516; x_wconf 69' lang='grc' dir='ltr'>μηδὲ</span> <span class='ocrx_word' id='word_1_541' title='bbox 2359 3441 2602 3512; x_wconf 76' lang='grc' dir='ltr'>φονεύειν</span> <span class='ocrx_word' id='word_1_542' title='bbox 2641 3437 2799 3510; x_wconf 76' lang='lat' dir='ltr'><strong>[unus</strong></span> <span class='ocrx_word' id='word_1_543' title='bbox 2842 3436 2969 3506; x_wconf 82' lang='lat' dir='ltr'><strong>Reg.</strong></span> <span class='ocrx_word' id='word_1_544' title='bbox 3015 3427 3278 3500; x_wconf 81' lang='grc' dir='ltr'>φθονεῖν],</span> <span class='ocrx_word' id='word_1_545' title='bbox 3318 3429 3421 3481; x_wconf 75' lang='grc' dir='ltr'>καὶ</span> <span class='ocrx_word' id='word_1_546' title='bbox 3454 3427 3528 3479; x_wconf 73' lang='grc' dir='ltr'>τὰ</span> <span class='ocrx_word' id='word_1_547' title='bbox 3567 3423 3743 3477; x_wconf 59' lang='grc' dir='ltr'><strong>λωπὲ·</strong></span> 
     </span>
    </p>
   </div>
   <div class='ocr_carea' id='block_1_81' title="bbox 2174 3516 3746 3602">
    <p class='ocr_par' dir='ltr' id='par_1_81' title="bbox 2174 3516 3746 3602">
     <span class='ocr_line' id='line_1_81' title="bbox 2174 3516 3746 3602; baseline -0.016 -11"><span class='ocrx_word' id='word_1_548' title='bbox 2174 3537 2330 3591; x_wconf 73' lang='grc' dir='ltr'>ἅτινα</span> <span class='ocrx_word' id='word_1_549' title='bbox 2360 3534 2452 3588; x_wconf 73' lang='grc' dir='ltr'>καὶ</span> <span class='ocrx_word' id='word_1_550' title='bbox 2494 3531 2860 3602; x_wconf 76' lang='grc' dir='ltr'>παραϐάντες,</span> <span class='ocrx_word' id='word_1_551' title='bbox 2893 3521 3359 3594; x_wconf 84' lang='grc' dir='ltr'>κατακρινόμεθα.</span> <span class='ocrx_word' id='word_1_552' title='bbox 3401 3520 3480 3571; x_wconf 78' lang='grc' dir='ltr'><strong>υύ</strong></span> <span class='ocrx_word' id='word_1_553' title='bbox 3522 3518 3643 3569; x_wconf 79' lang='grc' dir='ltr'>κατ’</span> <span class='ocrx_word' id='word_1_554' title='bbox 3674 3516 3746 3566; x_wconf 81' lang='grc' dir='ltr'><strong>ἐν·</strong></span> 
     </span>
    </p>
   </div>
   <div class='ocr_carea' id='block_1_82' title="bbox 2173 3607 3742 3698">
    <p class='ocr_par' dir='ltr' id='par_1_82' title="bbox 2173 3607 3742 3698">
     <span class='ocr_line' id='line_1_82' title="bbox 2173 3607 3742 3698; baseline -0.011 -16"><span class='ocrx_word' id='word_1_555' title='bbox 2173 3627 2330 3698; x_wconf 81' lang='grc' dir='ltr'>τολὴν</span> <span class='ocrx_word' id='word_1_556' title='bbox 2359 3625 2438 3692; x_wconf 84' lang='grc' dir='ltr'><strong>δὲ,</strong></span> <span class='ocrx_word' id='word_1_557' title='bbox 2471 3625 2533 3678; x_wconf 81' lang='grc' dir='ltr'><strong>τὸ</strong></span> <span class='ocrx_word' id='word_1_558' title='bbox 2567 3619 2941 3694; x_wconf 79' lang='grc' dir='ltr'>παρθενεύειν,</span> <span class='ocrx_word' id='word_1_559' title='bbox 2973 3619 3005 3686; x_wconf 81' lang='grc' dir='ltr'><strong>ἠ</strong></span> <span class='ocrx_word' id='word_1_560' title='bbox 3039 3614 3273 3684; x_wconf 84' lang='grc' dir='ltr'>ἀγαμία,</span> <span class='ocrx_word' id='word_1_561' title='bbox 3301 3613 3336 3681; x_wconf 75' lang='grc' dir='ltr'><strong>ἠ</strong></span> <span class='ocrx_word' id='word_1_562' title='bbox 3365 3607 3742 3679; x_wconf 60' lang='grc' dir='ltr'>ἀκτημοσὲνη.</span> 
     </span>
    </p>
   </div>
   <div class='ocr_carea' id='block_1_83' title="bbox 2173 3698 3743 3791">
    <p class='ocr_par' dir='ltr' id='par_1_83' title="bbox 2173 3698 3743 3791">
     <span class='ocr_line' id='line_1_83' title="bbox 2173 3698 3743 3791; baseline -0.018 -17"><span class='ocrx_word' id='word_1_563' title='bbox 2173 3723 2206 3791; x_wconf 83' lang='grc' dir='ltr'>ἡ</span> <span class='ocrx_word' id='word_1_564' title='bbox 2238 3717 2605 3788; x_wconf 83' lang='grc' dir='ltr'>ἀναχώρησις,</span> <span class='ocrx_word' id='word_1_565' title='bbox 2657 3713 2754 3767; x_wconf 76' lang='grc' dir='ltr'>καὶ</span> <span class='ocrx_word' id='word_1_566' title='bbox 2812 3710 2881 3764; x_wconf 86' lang='grc' dir='ltr'><strong>τά</strong></span> <span class='ocrx_word' id='word_1_567' title='bbox 2923 3709 3072 3776; x_wconf 80' lang='grc' dir='ltr'>ἑξῆς.</span> <span class='ocrx_word' id='word_1_568' title='bbox 3125 3704 3314 3759; x_wconf 80' lang='grc' dir='ltr'>Ταῦτα</span> <span class='ocrx_word' id='word_1_569' title='bbox 3359 3701 3559 3770; x_wconf 78' lang='grc' dir='ltr'>δώρων</span> <span class='ocrx_word' id='word_1_570' title='bbox 3595 3698 3743 3791; x_wconf 49' lang='grc' dir='ltr'>λογον</span> 
     </span>
    </p>
   </div>
   <div class='ocr_carea' id='block_1_84' title="bbox 2176 3790 3741 3881">
    <p class='ocr_par' dir='ltr' id='par_1_84' title="bbox 2176 3790 3741 3881">
     <span class='ocr_line' id='line_1_84' title="bbox 2176 3790 3741 3881; baseline -0.017 -16"><span class='ocrx_word' id='word_1_571' title='bbox 2176 3790 2496 3881; x_wconf 70' lang='grc' dir='ltr'>ἐπέχουσιν·</span> <span class='ocrx_word' id='word_1_572' title='bbox 2528 3807 2614 3860; x_wconf 83' lang='grc' dir='ltr'><strong>ἵνα</strong></span> <span class='ocrx_word' id='word_1_573' title='bbox 2655 3805 2754 3858; x_wconf 82' lang='grc' dir='ltr'>ὲὰν</span> <span class='ocrx_word' id='word_1_574' title='bbox 2792 3817 2943 3866; x_wconf 85' lang='grc' dir='ltr'>τινας</span> <span class='ocrx_word' id='word_1_575' title='bbox 2987 3799 3096 3852; x_wconf 87' lang='grc' dir='ltr'><strong>τῶν</strong></span> <span class='ocrx_word' id='word_1_576' title='bbox 3137 3794 3368 3850; x_wconf 74' lang='grc' dir='ltr'>ἐντολῶν</span> <span class='ocrx_word' id='word_1_577' title='bbox 3405 3790 3741 3859; x_wconf 68' lang='grc' dir='ltr'>κατορθῶσαι</span> 
     </span>
    </p>
   </div>
   <div class='ocr_carea' id='block_1_85' title="bbox 2173 3881 3743 3968">
    <p class='ocr_par' dir='ltr' id='par_1_85' title="bbox 2173 3881 3743 3968">
     <span class='ocr_line' id='line_1_85' title="bbox 2173 3881 3743 3968; baseline -0.015 -12"><span class='ocrx_word' id='word_1_578' title='bbox 2173 3903 2231 3968; x_wconf 78' lang='grc' dir='ltr'>ἐξ</span> <span class='ocrx_word' id='word_1_579' title='bbox 2260 3900 2543 3961; x_wconf 82' lang='grc' dir='ltr'>ἀσθενείας</span> <span class='ocrx_word' id='word_1_580' title='bbox 2567 3895 2642 3967; x_wconf 83' lang='grc' dir='ltr'>μὴ</span> <span class='ocrx_word' id='word_1_581' title='bbox 2676 3892 3014 3962; x_wconf 81' lang='grc' dir='ltr'>δυνηθῶμεν,</span> <span class='ocrx_word' id='word_1_582' title='bbox 3039 3889 3128 3942; x_wconf 75' lang='grc' dir='ltr'>διὰ</span> <span class='ocrx_word' id='word_1_583' title='bbox 3150 3887 3258 3940; x_wconf 88' lang='grc' dir='ltr'><strong>τῶν</strong></span> <span class='ocrx_word' id='word_1_584' title='bbox 3279 3884 3475 3956; x_wconf 65' lang='grc' dir='ltr'>δώρων</span> <span class='ocrx_word' id='word_1_585' title='bbox 3499 3882 3594 3936; x_wconf 69' lang='grc' dir='ltr'>τὸν</span> <span class='ocrx_word' id='word_1_586' title='bbox 3624 3881 3743 3948; x_wconf 76' lang='grc' dir='ltr'>ἀτα-</span> 
     </span>
    </p>
   </div>
   <div class='ocr_carea' id='block_1_86' title="bbox 2173 3981 3212 4064">
    <p class='ocr_par' dir='ltr' id='par_1_86' title="bbox 2173 3981 3212 4064">
     <span class='ocr_line' id='line_1_86' title="bbox 2173 3981 3212 4064; baseline -0.013 -17"><span class='ocrx_word' id='word_1_587' title='bbox 2173 3993 2264 4047; x_wconf 86' lang='grc' dir='ltr'><strong>θὸν</strong></span> <span class='ocrx_word' id='word_1_588' title='bbox 2291 3991 2451 4064; x_wconf 81' lang='grc' dir='ltr'>ὴμῶν</span> <span class='ocrx_word' id='word_1_589' title='bbox 2480 3984 2894 4056; x_wconf 83' lang='grc' dir='ltr'>ὲξιλεωσὼμεθα</span> <span class='ocrx_word' id='word_1_590' title='bbox 2915 3981 3212 4050; x_wconf 81' lang='grc' dir='ltr'>Δεσπότην.</span> 
     </span>
    </p>
   </div>
   <div class='ocr_carea' id='block_1_87' title="bbox 2205 4164 3737 4251">
    <p class='ocr_par' dir='ltr' id='par_1_87' title="bbox 2205 4164 3737 4251">
     <span class='ocr_line' id='line_1_87' title="bbox 2205 4164 3737 4251; baseline -0.016 -14"><span class='ocrx_word' id='word_1_591' title='bbox 2205 4182 2344 4251; x_wconf 83' lang='grc' dir='ltr'><strong>’ξη⁹.</strong></span> <span class='ocrx_word' id='word_1_592' title='bbox 2391 4178 2452 4230; x_wconf 77' lang='grc'><strong>’0</strong></span> <span class='ocrx_word' id='word_1_593' title='bbox 2496 4177 2595 4246; x_wconf 84' lang='grc' dir='ltr'>τὴν</span> <span class='ocrx_word' id='word_1_594' title='bbox 2637 4171 2879 4243; x_wconf 79' lang='grc' dir='ltr'>ἀγαμίαν</span> <span class='ocrx_word' id='word_1_595' title='bbox 2918 4167 3095 4237; x_wconf 84' lang='grc' dir='ltr'>τιμῶν</span> <span class='ocrx_word' id='word_1_596' title='bbox 3149 4167 3183 4236; x_wconf 83' lang='grc' dir='ltr'>ἢ</span> <span class='ocrx_word' id='word_1_597' title='bbox 3227 4164 3553 4235; x_wconf 74' lang='grc' dir='ltr'>παρθενίαν,</span> <span class='ocrx_word' id='word_1_598' title='bbox 3584 4165 3737 4228; x_wconf 71' lang='grc' dir='ltr'>ἀνατ-</span> 
     </span>
    </p>
   </div>
   <div class='ocr_carea' id='block_1_88' title="bbox 2175 4254 3736 4338">
    <p class='ocr_par' dir='ltr' id='par_1_88' title="bbox 2175 4254 3736 4338">
     <span class='ocr_line' id='line_1_88' title="bbox 2175 4254 3736 4338; baseline -0.012 -14"><span class='ocrx_word' id='word_1_599' title='bbox 2175 4273 2343 4334; x_wconf 83' lang='grc' dir='ltr'>καίως</span> <span class='ocrx_word' id='word_1_600' title='bbox 2372 4267 2576 4338; x_wconf 81' lang='grc' dir='ltr'>ὀφείλει</span> <span class='ocrx_word' id='word_1_601' title='bbox 2611 4266 2754 4336; x_wconf 74' lang='grc' dir='ltr'>ἔχειν</span> <span class='ocrx_word' id='word_1_602' title='bbox 2787 4264 2886 4333; x_wconf 87' lang='grc' dir='ltr'><strong>τὴν</strong></span> <span class='ocrx_word' id='word_1_603' title='bbox 2936 4264 3107 4330; x_wconf 77' lang='grc' dir='ltr'>ὀσφὺν</span> <span class='ocrx_word' id='word_1_604' title='bbox 3155 4257 3629 4329; x_wconf 72' lang='grc' dir='ltr'>περιεζωσμένην,</span> <span class='ocrx_word' id='word_1_605' title='bbox 3656 4254 3736 4308; x_wconf 74' lang='lat' dir='ltr'><strong>nl</strong></span> 
     </span>
    </p>
   </div>
   <div class='ocr_carea' id='block_1_89' title="bbox 496 4344 2067 4432">
    <p class='ocr_par' dir='ltr' id='par_1_89' title="bbox 496 4345 2067 4418">
     <span class='ocr_line' id='line_1_89' title="bbox 496 4345 2067 4418; baseline 0.004 -22"><span class='ocrx_word' id='word_1_606' title='bbox 496 4360 621 4397; x_wconf 87' lang='lat' dir='ltr'><strong>nam</strong></span> <span class='ocrx_word' id='word_1_607' title='bbox 651 4345 935 4399; x_wconf 89' lang='lat' dir='ltr'><strong>ardentem</strong></span> <span class='ocrx_word' id='word_1_608' title='bbox 959 4347 1002 4376; x_wconf 80' lang='grc'>¹¹</span> <span class='ocrx_word' id='word_1_609' title='bbox 1037 4363 1049 4398; x_wconf 91' lang='lat'><strong>:</strong></span> <span class='ocrx_word' id='word_1_610' title='bbox 1082 4347 1299 4401; x_wconf 86' lang='lat' dir='ltr'><strong>lumbos</strong></span> <span class='ocrx_word' id='word_1_611' title='bbox 1336 4347 1558 4416; x_wconf 89' lang='lat' dir='ltr'><strong>quidem</strong></span> <span class='ocrx_word' id='word_1_612' title='bbox 1592 4347 1936 4417; x_wconf 67' lang='lat' dir='ltr'><strong>praecinctos,</strong></span> <span class='ocrx_word' id='word_1_613' title='bbox 1970 4364 2067 4418; x_wconf 91' lang='lat' dir='ltr'><strong>per</strong></span> 
     </span>
    </p>
   </div>
   <div class='ocr_carea' id='block_1_90' title="bbox 2179 4344 3733 4432">
    <p class='ocr_par' dir='ltr' id='par_1_90' title="bbox 2179 4344 3733 4432">
     <span class='ocr_line' id='line_1_90' title="bbox 2179 4344 3733 4432; baseline -0.017 -16"><span class='ocrx_word' id='word_1_614' title='bbox 2179 4363 2263 4416; x_wconf 82' lang='grc' dir='ltr'><strong>τὸν</strong></span> <span class='ocrx_word' id='word_1_615' title='bbox 2287 4361 2479 4432; x_wconf 82' lang='grc' dir='ltr'>λύχνον</span> <span class='ocrx_word' id='word_1_616' title='bbox 2510 4357 2799 4423; x_wconf 76' lang='grc' dir='ltr'>καιόμενον</span> <span class='ocrx_word' id='word_1_617' title='bbox 2820 4371 2834 4384; x_wconf 93' lang='grc'><strong>·</strong></span> <span class='ocrx_word' id='word_1_618' title='bbox 2858 4353 2958 4424; x_wconf 81' lang='grc' dir='ltr'>τὴν</span> <span class='ocrx_word' id='word_1_619' title='bbox 2986 4352 3086 4422; x_wconf 81' lang='grc' dir='ltr'><strong>μὲν</strong></span> <span class='ocrx_word' id='word_1_620' title='bbox 3118 4349 3289 4418; x_wconf 81' lang='grc' dir='ltr'>ὀσφὺν</span> <span class='ocrx_word' id='word_1_621' title='bbox 3307 4347 3375 4401; x_wconf 78' lang='grc' dir='ltr'>δι’</span> <span class='ocrx_word' id='word_1_622' title='bbox 3398 4344 3733 4416; x_wconf 60' lang='grc' dir='ltr'>ἐγκρατείας·</span> 
     </span>
    </p>
   </div>
   <div class='ocr_carea' id='block_1_91' title="bbox 497 4435 2078 4510">
    <p class='ocr_par' dir='ltr' id='par_1_91' title="bbox 497 4435 2078 4510">
     <span class='ocr_line' id='line_1_91' title="bbox 497 4435 2078 4510; baseline 0.004 -22"><span class='ocrx_word' id='word_1_623' title='bbox 497 4435 929 4500; x_wconf 88' lang='lat' dir='ltr'><strong>continentiam;</strong></span> <span class='ocrx_word' id='word_1_624' title='bbox 964 4435 1244 4489; x_wconf 86' lang='lat' dir='ltr'><strong>lucernam</strong></span> <span class='ocrx_word' id='word_1_625' title='bbox 1276 4445 1456 4492; x_wconf 90' lang='lat' dir='ltr'><strong>autem</strong></span> <span class='ocrx_word' id='word_1_626' title='bbox 1493 4439 1798 4504; x_wconf 86' lang='lat' dir='ltr'><strong>ardentem,</strong></span> <span class='ocrx_word' id='word_1_627' title='bbox 1826 4455 1926 4509; x_wconf 91' lang='lat' dir='ltr'><strong>per</strong></span> <span class='ocrx_word' id='word_1_628' title='bbox 1953 4451 2078 4510; x_wconf 82' lang='lat' dir='ltr'><strong>pre-</strong></span> 
     </span>
    </p>
   </div>
   <div class='ocr_carea' id='block_1_92' title="bbox 497 4525 2079 4602">
    <p class='ocr_par' dir='ltr' id='par_1_92' title="bbox 497 4525 2079 4602">
     <span class='ocr_line' id='line_1_92' title="bbox 497 4525 2079 4602; baseline 0.006 -25"><span class='ocrx_word' id='word_1_629' title='bbox 497 4525 774 4579; x_wconf 90' lang='lat' dir='ltr'><strong>cationem</strong></span> <span class='ocrx_word' id='word_1_630' title='bbox 821 4533 876 4579; x_wconf 87' lang='lat' dir='ltr'><strong>et</strong></span> <span class='ocrx_word' id='word_1_631' title='bbox 920 4527 1442 4596; x_wconf 87' lang='lat' dir='ltr'><strong>contemplationem</strong></span> <span class='ocrx_word' id='word_1_632' title='bbox 1478 4545 1542 4584; x_wconf 88' lang='lat' dir='ltr'><strong>ac</strong></span> <span class='ocrx_word' id='word_1_633' title='bbox 1577 4530 1930 4587; x_wconf 89' lang='lat' dir='ltr'><strong>dilectionem</strong></span> <span class='ocrx_word' id='word_1_634' title='bbox 1965 4531 2079 4602; x_wconf 89' lang='lat' dir='ltr'><strong>spi-</strong></span> 
     </span>
    </p>
   </div>
   <div class='ocr_carea' id='block_1_93' title="bbox 498 4614 735 4668">
    <p class='ocr_par' dir='ltr' id='par_1_93' title="bbox 498 4614 735 4668">
     <span class='ocr_line' id='line_1_93' title="bbox 498 4614 735 4668; baseline -0.013 0"><span class='ocrx_word' id='word_1_635' title='bbox 498 4614 735 4668; x_wconf 87' lang='lat' dir='ltr'><strong>ritalem.</strong></span> 
     </span>
    </p>
   </div>
   <div class='ocr_carea' id='block_1_94' title="bbox 569 4705 2079 4785">
    <p class='ocr_par' dir='ltr' id='par_1_94' title="bbox 569 4705 2079 4785">
     <span class='ocr_line' id='line_1_94' title="bbox 569 4705 2079 4785; baseline 0.009 -26"><span class='ocrx_word' id='word_1_636' title='bbox 569 4705 658 4760; x_wconf 90' lang='lat'><strong>69.</strong></span> <span class='ocrx_word' id='word_1_637' title='bbox 699 4705 932 4772; x_wconf 85' lang='lat' dir='ltr'><strong>Quidam</strong></span> <span class='ocrx_word' id='word_1_638' title='bbox 989 4706 1256 4774; x_wconf 83' lang='lat' dir='ltr'><strong>fratrum,</strong></span> <span class='ocrx_word' id='word_1_639' title='bbox 1305 4721 1598 4769; x_wconf 77' lang='lat' dir='ltr'><strong>extraneos</strong></span> <span class='ocrx_word' id='word_1_640' title='bbox 1643 4730 1702 4770; x_wconf 88' lang='lat' dir='ltr'><strong>se</strong></span> <span class='ocrx_word' id='word_1_641' title='bbox 1751 4730 1783 4770; x_wconf 84' lang='lat' dir='ltr'><strong>a</strong></span> <span class='ocrx_word' id='word_1_642' title='bbox 1840 4715 2079 4785; x_wconf 85' lang='lat' dir='ltr'><strong>Spiritus</strong></span> 
     </span>
    </p>
   </div>
   <div class='ocr_carea' id='block_1_95' title="bbox 497 4798 2078 4876">
    <p class='ocr_par' dir='ltr' id='par_1_95' title="bbox 497 4798 2078 4876">
     <span class='ocr_line' id='line_1_95' title="bbox 497 4798 2078 4876; baseline 0.007 -23"><span class='ocrx_word' id='word_1_643' title='bbox 497 4798 674 4853; x_wconf 88' lang='lat' dir='ltr'><strong>sancti</strong></span> <span class='ocrx_word' id='word_1_644' title='bbox 705 4798 865 4853; x_wconf 91' lang='lat' dir='ltr'><strong>donis</strong></span> <span class='ocrx_word' id='word_1_645' title='bbox 898 4799 1237 4857; x_wconf 82' lang='lat' dir='ltr'><strong>existimant.</strong></span> <span class='ocrx_word' id='word_1_646' title='bbox 1268 4803 1379 4858; x_wconf 81' lang='lat' dir='ltr'><strong>Nec</strong></span> <span class='ocrx_word' id='word_1_647' title='bbox 1409 4804 1555 4859; x_wconf 92' lang='lat' dir='ltr'><strong>enim</strong></span> <span class='ocrx_word' id='word_1_648' title='bbox 1587 4814 1812 4873; x_wconf 86' lang='lat' dir='ltr'><strong>norunt,</strong></span> <span class='ocrx_word' id='word_1_649' title='bbox 1840 4823 1947 4876; x_wconf 90' lang='lat' dir='ltr'><strong>qua</strong></span> <span class='ocrx_word' id='word_1_650' title='bbox 1982 4823 2078 4863; x_wconf 91' lang='lat' dir='ltr'><strong>ne-</strong></span> 
     </span>
    </p>
   </div>
   <div class='ocr_carea' id='block_1_96' title="bbox 497 4890 2071 4970">
    <p class='ocr_par' dir='ltr' id='par_1_96' title="bbox 497 4890 2071 4970">
     <span class='ocr_line' id='line_1_96' title="bbox 497 4890 2071 4970; baseline 0.008 -27"><span class='ocrx_word' id='word_1_651' title='bbox 497 4890 754 4961; x_wconf 79' lang='lat' dir='ltr'><strong>gligentia</strong></span> <span class='ocrx_word' id='word_1_652' title='bbox 799 4906 863 4946; x_wconf 89' lang='lat' dir='ltr'><strong>ac</strong></span> <span class='ocrx_word' id='word_1_653' title='bbox 904 4892 1116 4948; x_wconf 87' lang='lat' dir='ltr'><strong>incuria</strong></span> <span class='ocrx_word' id='word_1_654' title='bbox 1157 4895 1344 4950; x_wconf 89' lang='lat' dir='ltr'><strong>divina</strong></span> <span class='ocrx_word' id='word_1_655' title='bbox 1383 4897 1637 4952; x_wconf 89' lang='lat' dir='ltr'><strong>mandata</strong></span> <span class='ocrx_word' id='word_1_656' title='bbox 1673 4909 2071 4970; x_wconf 77' lang='lat' dir='ltr'><strong>exsequuntur,</strong></span> 
     </span>
    </p>
   </div>
   <div class='ocr_carea' id='block_1_97' title="bbox 497 4981 2074 5056">
    <p class='ocr_par' dir='ltr' id='par_1_97' title="bbox 497 4981 2074 5056">
     <span class='ocr_line' id='line_1_97' title="bbox 497 4981 2074 5056; baseline 0.006 -20"><span class='ocrx_word' id='word_1_657' title='bbox 497 4997 624 5037; x_wconf 90' lang='lat' dir='ltr'><strong>eum</strong></span> <span class='ocrx_word' id='word_1_658' title='bbox 651 4981 745 5052; x_wconf 90' lang='lat' dir='ltr'><strong>qni</strong></span> <span class='ocrx_word' id='word_1_659' title='bbox 777 4983 939 5038; x_wconf 84' lang='lat' dir='ltr'><strong>iidem</strong></span> <span class='ocrx_word' id='word_1_660' title='bbox 974 4985 1028 5038; x_wconf 93' lang='lat' dir='ltr'><strong>in</strong></span> <span class='ocrx_word' id='word_1_661' title='bbox 1058 4984 1335 5042; x_wconf 88' lang='lat' dir='ltr'><strong>Christum</strong></span> <span class='ocrx_word' id='word_1_662' title='bbox 1375 4988 1643 5042; x_wconf 85' lang='lat' dir='ltr'><strong>sinceram</strong></span> <span class='ocrx_word' id='word_1_663' title='bbox 1671 4989 1858 5056; x_wconf 85' lang='lat' dir='ltr'><strong>habet,</strong></span> <span class='ocrx_word' id='word_1_664' title='bbox 1887 4993 2074 5046; x_wconf 78' lang='lat' dir='ltr'><strong>omnia</strong></span> 
     </span>
    </p>
   </div>
   <div class='ocr_carea' id='block_1_98' title="bbox 496 5074 2074 5155">
    <p class='ocr_par' dir='ltr' id='par_1_98' title="bbox 496 5074 2074 5155">
     <span class='ocr_line' id='line_1_98' title="bbox 496 5074 2074 5155; baseline 0.008 -28"><span class='ocrx_word' id='word_1_665' title='bbox 496 5074 686 5128; x_wconf 90' lang='lat' dir='ltr'><strong>divina</strong></span> <span class='ocrx_word' id='word_1_666' title='bbox 711 5075 852 5130; x_wconf 91' lang='lat' dir='ltr'><strong>dona</strong></span> <span class='ocrx_word' id='word_1_667' title='bbox 881 5076 1032 5131; x_wconf 91' lang='lat' dir='ltr'><strong>velut</strong></span> <span class='ocrx_word' id='word_1_668' title='bbox 1059 5093 1168 5132; x_wconf 91' lang='lat' dir='ltr'><strong>uno</strong></span> <span class='ocrx_word' id='word_1_669' title='bbox 1195 5080 1594 5149; x_wconf 85' lang='lat' dir='ltr'><strong>comprehensa</strong></span> <span class='ocrx_word' id='word_1_670' title='bbox 1626 5080 1772 5136; x_wconf 80' lang='lat' dir='ltr'><strong>fasce</strong></span> <span class='ocrx_word' id='word_1_671' title='bbox 1804 5082 1858 5136; x_wconf 91' lang='lat' dir='ltr'><strong>in</strong></span> <span class='ocrx_word' id='word_1_672' title='bbox 1890 5085 2074 5155; x_wconf 83' lang='lat' dir='ltr'><strong>seipse</strong></span> 
     </span>
    </p>
   </div>
   <div class='ocr_carea' id='block_1_99' title="bbox 571 5210 2074 5285">
    <p class='ocr_par' dir='ltr' id='par_1_99' title="bbox 571 5210 2074 5285">
     <span class='ocr_line' id='line_1_99' title="bbox 571 5210 2074 5285; baseline 0.007 -22"><span class='ocrx_word' id='word_1_673' title='bbox 571 5212 612 5243; x_wconf 79' lang='lat'>&quot;</span> <span class='ocrx_word' id='word_1_674' title='bbox 639 5211 659 5264; x_wconf 91' lang='lat' dir='ltr'><strong>l</strong></span> <span class='ocrx_word' id='word_1_675' title='bbox 689 5210 828 5266; x_wconf 90' lang='lat' dir='ltr'><strong>Tim.</strong></span> <span class='ocrx_word' id='word_1_676' title='bbox 854 5227 928 5278; x_wconf 78' lang='lat' dir='ltr'><strong>iv,</strong></span> <span class='ocrx_word' id='word_1_677' title='bbox 959 5213 1012 5266; x_wconf 89' lang='lat'><strong>8.</strong></span> <span class='ocrx_word' id='word_1_678' title='bbox 1087 5214 1134 5245; x_wconf 79' lang='grc'><strong>⁸⁸</strong></span> <span class='ocrx_word' id='word_1_679' title='bbox 1157 5213 1336 5270; x_wconf 81' lang='lat' dir='ltr'><strong>Galat.</strong></span> <span class='ocrx_word' id='word_1_680' title='bbox 1367 5231 1422 5282; x_wconf 76' lang='grc' dir='ltr'><strong>ν,</strong></span> <span class='ocrx_word' id='word_1_681' title='bbox 1458 5216 1542 5272; x_wconf 81' lang='grc'>16.</span> <span class='ocrx_word' id='word_1_682' title='bbox 1617 5219 1662 5249; x_wconf 73' lang='grc'><strong>’⁸</strong></span> <span class='ocrx_word' id='word_1_683' title='bbox 1688 5218 1822 5274; x_wconf 88' lang='lat' dir='ltr'><strong>Luc.</strong></span> <span class='ocrx_word' id='word_1_684' title='bbox 1857 5234 1952 5285; x_wconf 67' lang='grc' dir='ltr'>χιι,</span> <span class='ocrx_word' id='word_1_685' title='bbox 1983 5220 2074 5275; x_wconf 75' lang='grc'><strong>55.</strong></span> 
     </span>
    </p>
   </div>
   <div class='ocr_carea' id='block_1_100' title="bbox 571 5354 2070 5433">
    <p class='ocr_par' dir='ltr' id='par_1_100' title="bbox 571 5354 2070 5433">
     <span class='ocr_line' id='line_1_100' title="bbox 571 5354 2070 5433; baseline 0.007 -27"><span class='ocrx_word' id='word_1_686' title='bbox 571 5354 636 5423; x_wconf 84' lang='lat' dir='ltr'><strong>(t)</strong></span> <span class='ocrx_word' id='word_1_687' title='bbox 667 5357 812 5433; x_wconf 64' lang='grc' dir='ltr'>ζοὺς</span> <span class='ocrx_word' id='word_1_688' title='bbox 852 5354 1205 5433; x_wconf 35' lang='grc' dir='ltr'>ὀφθαλμοὺς.</span> <span class='ocrx_word' id='word_1_689' title='bbox 1227 5357 1711 5433; x_wconf 66' lang='grc' dir='ltr'>κατακεντοῦντι.</span> <span class='ocrx_word' id='word_1_690' title='bbox 1742 5357 1900 5426; x_wconf 83' lang='lat' dir='ltr'><strong>Quod</strong></span> <span class='ocrx_word' id='word_1_691' title='bbox 1925 5367 2070 5424; x_wconf 83' lang='lat' dir='ltr'><strong>erat,</strong></span> 
     </span>
    </p>
   </div>
   <div class='ocr_carea' id='block_1_101' title="bbox 497 5421 2071 5495">
    <p class='ocr_par' dir='ltr' id='par_1_101' title="bbox 497 5421 2071 5495">
     <span class='ocr_line' id='line_1_101' title="bbox 497 5421 2071 5495; baseline 0.008 -21"><span class='ocrx_word' id='word_1_692' title='bbox 497 5421 591 5495; x_wconf 61' lang='grc' dir='ltr'><strong>τὸν</strong></span> <span class='ocrx_word' id='word_1_693' title='bbox 612 5421 754 5487; x_wconf 81' lang='grc' dir='ltr'>νοῦν,</span> <span class='ocrx_word' id='word_1_694' title='bbox 778 5439 841 5478; x_wconf 92' lang='lat' dir='ltr'><strong>ac</strong></span> <span class='ocrx_word' id='word_1_695' title='bbox 858 5421 1118 5495; x_wconf 69' lang='lat' dir='ltr'><strong>mendase</strong></span> <span class='ocrx_word' id='word_1_696' title='bbox 1144 5425 1346 5495; x_wconf 85' lang='lat' dir='ltr'><strong>Obsop.</strong></span> <span class='ocrx_word' id='word_1_697' title='bbox 1375 5430 1582 5484; x_wconf 86' lang='lat' dir='ltr'><strong>editum</strong></span> <span class='ocrx_word' id='word_1_698' title='bbox 1607 5440 1727 5484; x_wconf 89' lang='lat' dir='ltr'><strong>erat</strong></span> <span class='ocrx_word' id='word_1_699' title='bbox 1749 5421 1999 5494; x_wconf 61' lang='lat' dir='ltr'><strong>Emicum,</strong></span> <span class='ocrx_word' id='word_1_700' title='bbox 2015 5421 2071 5486; x_wconf 80' lang='lat' dir='ltr'><strong>et</strong></span> 
     </span>
    </p>
   </div>
   <div class='ocr_carea' id='block_1_102' title="bbox 503 5490 2071 5567">
    <p class='ocr_par' dir='ltr' id='par_1_102' title="bbox 503 5490 2071 5567">
     <span class='ocr_line' id='line_1_102' title="bbox 503 5490 2071 5567; baseline 0.008 -24"><span class='ocrx_word' id='word_1_701' title='bbox 503 5490 668 5567; x_wconf 81' lang='lat' dir='ltr'><strong>Gesn.</strong></span> <span class='ocrx_word' id='word_1_702' title='bbox 692 5493 1062 5567; x_wconf 77' lang='lat' dir='ltr'><strong>emendatum,</strong></span> <span class='ocrx_word' id='word_1_703' title='bbox 1094 5490 1331 5549; x_wconf 71' lang='lat' dir='ltr'><strong>animum</strong></span> <span class='ocrx_word' id='word_1_704' title='bbox 1357 5497 1523 5567; x_wconf 89' lang='lat' dir='ltr'><strong>(quod</strong></span> <span class='ocrx_word' id='word_1_705' title='bbox 1549 5507 1604 5553; x_wconf 87' lang='lat' dir='ltr'><strong>et</strong></span> <span class='ocrx_word' id='word_1_706' title='bbox 1638 5499 1825 5553; x_wconf 70' lang='lat' dir='ltr'><strong>Graeca</strong></span> <span class='ocrx_word' id='word_1_707' title='bbox 1853 5516 1956 5554; x_wconf 80' lang='lat' dir='ltr'><strong>vox</strong></span> <span class='ocrx_word' id='word_1_708' title='bbox 1983 5490 2071 5555; x_wconf 84' lang='lat' dir='ltr'><strong>so-</strong></span> 
     </span>
    </p>
   </div>
   <div class='ocr_carea' id='block_1_103' title="bbox 504 5561 2070 5646">
    <p class='ocr_par' dir='ltr' id='par_1_103' title="bbox 504 5561 2070 5646">
     <span class='ocr_line' id='line_1_103' title="bbox 504 5561 2070 5646; baseline 0.008 -35"><span class='ocrx_word' id='word_1_709' title='bbox 504 5561 618 5646; x_wconf 56' lang='lat' dir='ltr'><strong>nat)</strong></span> <span class='ocrx_word' id='word_1_710' title='bbox 829 5564 986 5646; x_wconf 85' lang='lat' dir='ltr'><strong>plane</strong></span> <span class='ocrx_word' id='word_1_711' title='bbox 1021 5573 1210 5646; x_wconf 79' lang='lat' dir='ltr'><strong>aptum</strong></span> <span class='ocrx_word' id='word_1_712' title='bbox 1242 5585 1265 5646; x_wconf 17' lang='lat' dir='ltr'><strong>:A</strong></span> <span class='ocrx_word' id='word_1_713' title='bbox 1290 5561 1562 5646; x_wconf 47' lang='lat' dir='ltr'><strong>nec-enim</strong></span> <span class='ocrx_word' id='word_1_714' title='bbox 1595 5568 1767 5646; x_wconf 64' lang='lat' dir='ltr'><strong>spinae</strong></span> <span class='ocrx_word' id='word_1_715' title='bbox 1791 5581 1850 5624; x_wconf 89' lang='lat' dir='ltr'><strong>ct</strong></span> <span class='ocrx_word' id='word_1_716' title='bbox 1877 5569 2070 5624; x_wconf 82' lang='lat' dir='ltr'><strong>tribuli</strong></span> 
     </span>
    </p>
   </div>
   <div class='ocr_carea' id='block_1_104' title="bbox 508 5626 2072 5710">
    <p class='ocr_par' dir='ltr' id='par_1_104' title="bbox 508 5626 2072 5710">
     <span class='ocr_line' id='line_1_104' title="bbox 508 5626 2072 5710; baseline 0.008 -29"><span class='ocrx_word' id='word_1_717' title='bbox 508 5626 621 5683; x_wconf 74' lang='lat' dir='ltr'><strong>(res</strong></span> <span class='ocrx_word' id='word_1_718' title='bbox 648 5626 855 5710; x_wconf 61' lang='lat' dir='ltr'><strong>scilicet</strong></span> <span class='ocrx_word' id='word_1_719' title='bbox 895 5626 1181 5704; x_wconf 65' lang='lat' dir='ltr'><strong>corporea)</strong></span> <span class='ocrx_word' id='word_1_720' title='bbox 1219 5626 1493 5704; x_wconf 83' lang='lat' dir='ltr'><strong>attingunt</strong></span> <span class='ocrx_word' id='word_1_721' title='bbox 1521 5626 1763 5693; x_wconf 76' lang='lat' dir='ltr'><strong>animum</strong></span> <span class='ocrx_word' id='word_1_722' title='bbox 1793 5649 1887 5695; x_wconf 88' lang='lat' dir='ltr'><strong>ant</strong></span> <span class='ocrx_word' id='word_1_723' title='bbox 1917 5655 2072 5696; x_wconf 85' lang='lat' dir='ltr'><strong>men-</strong></span> 
     </span>
    </p>
   </div>
   <div class='ocr_carea' id='block_1_105' title="bbox 2175 4436 3734 4521">
    <p class='ocr_par' dir='ltr' id='par_1_105' title="bbox 2175 4436 3734 4521">
     <span class='ocr_line' id='line_1_105' title="bbox 2175 4436 3734 4521; baseline -0.013 -14"><span class='ocrx_word' id='word_1_724' title='bbox 2175 4453 2266 4507; x_wconf 81' lang='grc' dir='ltr'><strong>τδν</strong></span> <span class='ocrx_word' id='word_1_725' title='bbox 2299 4452 2356 4506; x_wconf 85' lang='grc' dir='ltr'>δὲ</span> <span class='ocrx_word' id='word_1_726' title='bbox 2397 4450 2611 4521; x_wconf 82' lang='grc' dir='ltr'>λύχνον,</span> <span class='ocrx_word' id='word_1_727' title='bbox 2640 4447 2728 4501; x_wconf 81' lang='grc' dir='ltr'><strong>διὰ</strong></span> <span class='ocrx_word' id='word_1_728' title='bbox 2755 4444 3063 4518; x_wconf 78' lang='grc' dir='ltr'>προσευχῆς</span> <span class='ocrx_word' id='word_1_729' title='bbox 3087 4443 3184 4496; x_wconf 72' lang='grc' dir='ltr'>καὶ</span> <span class='ocrx_word' id='word_1_730' title='bbox 3228 4440 3471 4512; x_wconf 72' lang='grc' dir='ltr'>θεωρίας</span> <span class='ocrx_word' id='word_1_731' title='bbox 3499 4439 3597 4492; x_wconf 73' lang='grc' dir='ltr'><strong>καὶ</strong></span> <span class='ocrx_word' id='word_1_732' title='bbox 3617 4436 3734 4505; x_wconf 66' lang='grc' dir='ltr'><strong>ἐτά-</strong></span> 
     </span>
    </p>
   </div>
   <div class='ocr_carea' id='block_1_106' title="bbox 2177 4537 2716 4614">
    <p class='ocr_par' dir='ltr' id='par_1_106' title="bbox 2177 4537 2716 4614">
     <span class='ocr_line' id='line_1_106' title="bbox 2177 4537 2716 4614; baseline -0.009 -18"><span class='ocrx_word' id='word_1_733' title='bbox 2177 4561 2285 4614; x_wconf 84' lang='grc' dir='ltr'><strong>πης</strong></span> <span class='ocrx_word' id='word_1_734' title='bbox 2319 4537 2716 4610; x_wconf 78' lang='grc' dir='ltr'>πνευματικῆς.</span> 
     </span>
    </p>
   </div>
   <div class='ocr_carea' id='block_1_107' title="bbox 2247 4703 3730 4782">
    <p class='ocr_par' dir='ltr' id='par_1_107' title="bbox 2247 4703 3730 4782">
     <span class='ocr_line' id='line_1_107' title="bbox 2247 4703 3730 4782; baseline -0.009 -11"><span class='ocrx_word' id='word_1_735' title='bbox 2247 4717 2344 4782; x_wconf 82' lang='grc' dir='ltr'>ξθ’.</span> <span class='ocrx_word' id='word_1_736' title='bbox 2384 4715 2542 4778; x_wconf 73' lang='grc' dir='ltr'>Τινὲς</span> <span class='ocrx_word' id='word_1_737' title='bbox 2581 4713 2692 4768; x_wconf 85' lang='grc' dir='ltr'><strong>τῶν</strong></span> <span class='ocrx_word' id='word_1_738' title='bbox 2733 4710 3000 4781; x_wconf 82' lang='grc' dir='ltr'>ἀδελφῶν,</span> <span class='ocrx_word' id='word_1_739' title='bbox 3035 4709 3193 4771; x_wconf 76' lang='grc' dir='ltr'>ἐκτὸς</span> <span class='ocrx_word' id='word_1_740' title='bbox 3233 4709 3464 4770; x_wconf 72' lang='grc' dir='ltr'>ἑαυτοὺς</span> <span class='ocrx_word' id='word_1_741' title='bbox 3494 4703 3632 4761; x_wconf 76' lang='grc' dir='ltr'>εἶναι</span> <span class='ocrx_word' id='word_1_742' title='bbox 3657 4722 3730 4758; x_wconf 78' lang='grc' dir='ltr'>νο-</span> 
     </span>
    </p>
   </div>
   <div class='ocr_carea' id='block_1_108' title="bbox 2186 4799 3731 4880">
    <p class='ocr_par' dir='ltr' id='par_1_108' title="bbox 2186 4799 3731 4880">
     <span class='ocr_line' id='line_1_108' title="bbox 2186 4799 3731 4880; baseline -0.007 -18"><span class='ocrx_word' id='word_1_743' title='bbox 2186 4809 2427 4880; x_wconf 74' lang='grc' dir='ltr'>μίξουσι,</span> <span class='ocrx_word' id='word_1_744' title='bbox 2455 4807 2567 4862; x_wconf 87' lang='grc' dir='ltr'><strong>τῶν</strong></span> <span class='ocrx_word' id='word_1_745' title='bbox 2591 4805 2688 4860; x_wconf 79' lang='grc' dir='ltr'>τοῦ</span> <span class='ocrx_word' id='word_1_746' title='bbox 2731 4807 2888 4875; x_wconf 79' lang='grc' dir='ltr'>ἁγίου</span> <span class='ocrx_word' id='word_1_747' title='bbox 2917 4801 3237 4874; x_wconf 85' lang='grc' dir='ltr'>Πνεύματος</span> <span class='ocrx_word' id='word_1_748' title='bbox 3262 4803 3640 4875; x_wconf 71' lang='grc' dir='ltr'>χαρισμάτων.</span> <span class='ocrx_word' id='word_1_749' title='bbox 3666 4799 3731 4850; x_wconf 67' lang='lat' dir='ltr'><strong>Ob</strong></span> 
     </span>
    </p>
   </div>
   <div class='ocr_carea' id='block_1_109' title="bbox 2180 4892 3733 4973">
    <p class='ocr_par' dir='ltr' id='par_1_109' title="bbox 2180 4892 3733 4973">
     <span class='ocr_line' id='line_1_109' title="bbox 2180 4892 3733 4973; baseline -0.009 -17"><span class='ocrx_word' id='word_1_750' title='bbox 2180 4903 2288 4973; x_wconf 75' lang='grc' dir='ltr'><strong>γὰρ</strong></span> <span class='ocrx_word' id='word_1_751' title='bbox 2318 4900 2466 4955; x_wconf 74' lang='grc' dir='ltr'>ἴσασι</span> <span class='ocrx_word' id='word_1_752' title='bbox 2514 4897 2604 4953; x_wconf 83' lang='grc' dir='ltr'>διὰ</span> <span class='ocrx_word' id='word_1_753' title='bbox 2633 4898 2731 4970; x_wconf 84' lang='grc' dir='ltr'>τὴν</span> <span class='ocrx_word' id='word_1_754' title='bbox 2756 4897 3020 4969; x_wconf 83' lang='grc' dir='ltr'>ἀμέλειαν</span> <span class='ocrx_word' id='word_1_755' title='bbox 3055 4894 3155 4966; x_wconf 87' lang='grc' dir='ltr'><strong>τῆς</strong></span> <span class='ocrx_word' id='word_1_756' title='bbox 3180 4894 3294 4947; x_wconf 88' lang='grc' dir='ltr'><strong>τῶν</strong></span> <span class='ocrx_word' id='word_1_757' title='bbox 3323 4892 3558 4946; x_wconf 77' lang='grc' dir='ltr'>ἐντολῶν</span> <span class='ocrx_word' id='word_1_758' title='bbox 3583 4893 3733 4960; x_wconf 55' lang='grc' dir='ltr'>ἔρηται</span> 
     </span>
    </p>
   </div>
   <div class='ocr_carea' id='block_1_110' title="bbox 2181 4985 3730 5060">
    <p class='ocr_par' dir='ltr' id='par_1_110' title="bbox 2181 4985 3730 5060">
     <span class='ocr_line' id='line_1_110' title="bbox 2181 4985 3730 5060; baseline -0.006 -14"><span class='ocrx_word' id='word_1_759' title='bbox 2181 4993 2323 5056; x_wconf 80' lang='grc' dir='ltr'>σίας,</span> <span class='ocrx_word' id='word_1_760' title='bbox 2358 4993 2498 5046; x_wconf 69' lang='grc' dir='ltr'>δτινὸ</span> <span class='ocrx_word' id='word_1_761' title='bbox 2529 4992 2630 5060; x_wconf 80' lang='grc' dir='ltr'>τὴν</span> <span class='ocrx_word' id='word_1_762' title='bbox 2660 4993 2742 5054; x_wconf 77' lang='grc' dir='ltr'>εἰς</span> <span class='ocrx_word' id='word_1_763' title='bbox 2765 4989 3000 5060; x_wconf 76' lang='grc' dir='ltr'>Χριστὸν</span> <span class='ocrx_word' id='word_1_764' title='bbox 3043 4988 3229 5041; x_wconf 82' lang='grc' dir='ltr'>πίστιν</span> <span class='ocrx_word' id='word_1_765' title='bbox 3265 4985 3559 5040; x_wconf 77' lang='grc' dir='ltr'>ἀνόθευτον</span> <span class='ocrx_word' id='word_1_766' title='bbox 3585 4986 3730 5052; x_wconf 69' lang='grc' dir='ltr'>ἔχων,</span> 
     </span>
    </p>
   </div>
   <div class='ocr_carea' id='block_1_111' title="bbox 2180 5074 3732 5154">
    <p class='ocr_par' dir='ltr' id='par_1_111' title="bbox 2180 5074 3732 5154">
     <span class='ocr_line' id='line_1_111' title="bbox 2180 5074 3732 5154; baseline -0.006 -15"><span class='ocrx_word' id='word_1_767' title='bbox 2180 5085 2357 5139; x_wconf 75' lang='grc' dir='ltr'>πάντα</span> <span class='ocrx_word' id='word_1_768' title='bbox 2386 5085 2454 5137; x_wconf 77' lang='grc' dir='ltr'><strong>τὰ</strong></span> <span class='ocrx_word' id='word_1_769' title='bbox 2487 5084 2604 5137; x_wconf 82' lang='grc' dir='ltr'>θεῖα</span> <span class='ocrx_word' id='word_1_770' title='bbox 2633 5081 2945 5154; x_wconf 82' lang='grc' dir='ltr'>χαρίσματα</span> <span class='ocrx_word' id='word_1_771' title='bbox 2973 5079 3278 5150; x_wconf 78' lang='grc' dir='ltr'>συλλήϐδην</span> <span class='ocrx_word' id='word_1_772' title='bbox 3309 5078 3424 5150; x_wconf 68' lang='grc' dir='ltr'>ἔχει</span> <span class='ocrx_word' id='word_1_773' title='bbox 3464 5079 3525 5132; x_wconf 79' lang='grc' dir='ltr'>ἑν</span> <span class='ocrx_word' id='word_1_774' title='bbox 3552 5074 3732 5146; x_wconf 63' lang='grc' dir='ltr'>ἑαυτῷ.</span> 
     </span>
    </p>
   </div>
   <div class='ocr_carea' id='block_1_112' title="bbox 2176 5359 3731 5431">
    <p class='ocr_par' dir='ltr' id='par_1_112' title="bbox 2176 5359 3731 5431">
     <span class='ocr_line' id='line_1_112' title="bbox 2176 5359 3731 5431; baseline 0 -17"><span class='ocrx_word' id='word_1_775' title='bbox 2176 5367 2287 5415; x_wconf 81' lang='lat' dir='ltr'><strong>tem</strong></span> <span class='ocrx_word' id='word_1_776' title='bbox 2339 5363 2476 5430; x_wconf 89' lang='lat' dir='ltr'><strong>(rem</strong></span> <span class='ocrx_word' id='word_1_777' title='bbox 2516 5359 3075 5431; x_wconf 18' lang='lat' dir='ltr'><strong>utiqueispiritalem)</strong></span> <span class='ocrx_word' id='word_1_778' title='bbox 3105 5368 3171 5414; x_wconf 91' lang='lat' dir='ltr'><strong>ut</strong></span> <span class='ocrx_word' id='word_1_779' title='bbox 3205 5359 3278 5431; x_wconf 14' lang='lat' dir='ltr'><strong>in,</strong></span> <span class='ocrx_word' id='word_1_780' title='bbox 3308 5359 3394 5414; x_wconf 83' lang='lat' dir='ltr'><strong>eis</strong></span> <span class='ocrx_word' id='word_1_781' title='bbox 3437 5361 3731 5431; x_wconf 73' lang='lat' dir='ltr'><strong>exemplu-</strong></span> 
     </span>
    </p>
   </div>
   <div class='ocr_carea' id='block_1_113' title="bbox 2216 5430 3572 5493">
    <p class='ocr_par' dir='ltr' id='par_1_113' title="bbox 2216 5430 3572 5493">
     <span class='ocr_line' id='line_1_113' title="bbox 2216 5430 3572 5493; baseline 0.001 -9"><span class='ocrx_word' id='word_1_782' title='bbox 2216 5445 2385 5486; x_wconf 89' lang='lat' dir='ltr'><strong>onere</strong></span> <span class='ocrx_word' id='word_1_783' title='bbox 2415 5430 2680 5485; x_wconf 80' lang='lat' dir='ltr'><strong>debuerit</strong></span> <span class='ocrx_word' id='word_1_784' title='bbox 2718 5430 3001 5483; x_wconf 83' lang='lat' dir='ltr'><strong>Maximus.</strong></span> <span class='ocrx_word' id='word_1_785' title='bbox 3048 5430 3219 5484; x_wconf 83' lang='lat' dir='ltr'><strong>Secus</strong></span> <span class='ocrx_word' id='word_1_786' title='bbox 3268 5430 3322 5483; x_wconf 91' lang='lat' dir='ltr'><strong>in</strong></span> <span class='ocrx_word' id='word_1_787' title='bbox 3374 5433 3572 5493; x_wconf 86' lang='lat' dir='ltr'><strong>oculis,</strong></span> 
     </span>
    </p>
   </div>
   <div class='ocr_carea' id='block_1_114' title="bbox 2197 5499 3732 5571">
    <p class='ocr_par' dir='ltr' id='par_1_114' title="bbox 2197 5499 3732 5571">
     <span class='ocr_line' id='line_1_114' title="bbox 2197 5499 3732 5571; baseline -0.001 -18"><span class='ocrx_word' id='word_1_788' title='bbox 2197 5502 2264 5555; x_wconf 78' lang='lat' dir='ltr'><strong>iis</strong></span> <span class='ocrx_word' id='word_1_789' title='bbox 2287 5501 2576 5571; x_wconf 90' lang='lat' dir='ltr'><strong>compungi</strong></span> <span class='ocrx_word' id='word_1_790' title='bbox 2599 5499 2976 5571; x_wconf 79' lang='lat' dir='ltr'><strong>gravissimum</strong></span> <span class='ocrx_word' id='word_1_791' title='bbox 3004 5508 3107 5571; x_wconf 79' lang='lat' dir='ltr'><strong>est,</strong></span> <span class='ocrx_word' id='word_1_792' title='bbox 3135 5509 3196 5553; x_wconf 89' lang='lat' dir='ltr'><strong>ut</strong></span> <span class='ocrx_word' id='word_1_793' title='bbox 3219 5509 3276 5554; x_wconf 90' lang='lat' dir='ltr'><strong>et</strong></span> <span class='ocrx_word' id='word_1_794' title='bbox 3317 5501 3464 5571; x_wconf 86' lang='lat' dir='ltr'><strong>quod</strong></span> <span class='ocrx_word' id='word_1_795' title='bbox 3507 5502 3593 5557; x_wconf 83' lang='lat' dir='ltr'><strong>illa</strong></span> <span class='ocrx_word' id='word_1_796' title='bbox 3628 5499 3732 5571; x_wconf 68' lang='lat' dir='ltr'><strong>(ad-</strong></span> 
     </span>
    </p>
   </div>
   <div class='ocr_carea' id='block_1_115' title="bbox 2176 5569 3613 5639">
    <p class='ocr_par' dir='ltr' id='par_1_115' title="bbox 2176 5569 3613 5639">
     <span class='ocr_line' id='line_1_115' title="bbox 2176 5569 3613 5639; baseline -0.001 -14"><span class='ocrx_word' id='word_1_797' title='bbox 2176 5585 2333 5626; x_wconf 86' lang='lat' dir='ltr'><strong>versa</strong></span> <span class='ocrx_word' id='word_1_798' title='bbox 2359 5569 2570 5628; x_wconf 78' lang='lat' dir='ltr'><strong>scilicet</strong></span> <span class='ocrx_word' id='word_1_799' title='bbox 2595 5569 2850 5639; x_wconf 83' lang='lat' dir='ltr'><strong>charitati</strong></span> <span class='ocrx_word' id='word_1_800' title='bbox 2884 5569 3034 5639; x_wconf 81' lang='lat' dir='ltr'><strong>vitia)</strong></span> <span class='ocrx_word' id='word_1_801' title='bbox 3070 5569 3127 5623; x_wconf 89' lang='lat' dir='ltr'><strong>in</strong></span> <span class='ocrx_word' id='word_1_802' title='bbox 3163 5571 3352 5625; x_wconf 88' lang='lat' dir='ltr'><strong>animo</strong></span> <span class='ocrx_word' id='word_1_803' title='bbox 3383 5570 3486 5626; x_wconf 71' lang='lat' dir='ltr'><strong>hat</strong></span> <span class='ocrx_word' id='word_1_804' title='bbox 3501 5586 3613 5627; x_wconf 68' lang='lat' dir='ltr'><strong>sas.</strong></span> 
     </span>
    </p>
   </div>
  </div>
