3876 6314
540 316 674 391 l06’1

1709 322 1770 386 S.
1813 321 2100 385 MAXIMI
2128 321 2644 383 CONFESSORIS

3682 310 3781 375 ltili

610 439 698 495 76.
735 436 984 492 Emunda
1027 437 1272 491 animum
1315 443 1471 492 tuum
1492 408 1574 489 ἐι)
1615 434 1696 488 ira
1726 442 1782 488 et
1812 431 2112 495 simultate,

2291 438 2399 495 og'.
2442 431 2689 502 Κάθαιρε
2728 428 2822 480 τὸν
2862 426 2987 482 νοῦν
3024 442 3122 479 σου
3153 423 3269 479 ἀπὸ
3297 422 3514 494 ὀργῆς,
3552 420 3649 474 καὶ
3674 441 3779 492 μνη-

539 546 603 590 ac
642 532 896 602 turpibus
934 514 1383 603 cogitationibus.
1433 530 1604 600 quue
1639 529 1735 585 ubi
1767 524 2115 598 praestiteris,

539 624 940 681 inhabitantem
966 625 1249 680 Christum
1276 637 1437 679 nosse
1471 621 1699 693 poteris.

610 718 698 773 77.
734 717 869 785 Quis
907 726 959 772 te
997 717 1326 772 illuminavit
1371 716 1426 769 in
1464 713 1626 768 ﬁdem
1663 723 1865 767 sancta:
1894 717 1951 762 et
1988 723 2121 761 con-

538 809 918 866 substantialis
970 823 1034 863 ac
1094 807 1386 863 adoranda:
1449 804 1773 869 Trinitatis;
1836 810 1932 855 aut
1993 798 2119 868 quis

538 901 969 974 dispensationis
1018 902 1074 954 in
1123 915 1290 955 carne
1337 899 1501 953 unius
1543 913 1575 952 e
1613 900 1802 952 sancta
1849 892 2119 947 Trinitate

539 996 792 1051 notitiam
837 993 1060 1049 intulit?
1088 992 1224 1058 Quis
1262 1000 1398 1045 vero
1435 987 1731 1059 spirituum
1769 1000 1867 1039 seu
1904 983 2119 1037 animo-

539 1104 663 1143 rum
700 1087 944 1142 rationes
983 1084 1191 1148 docuit,
1226 1083 1309 1137 vel
1351 1096 1467 1146 eas,
1502 1095 1624 1149 qua:
1662 1070 1953 1133 adortum
1992 1087 2120 1142 spe-

538 1188 691 1234 ctant
754 1193 819 1233 ac
877 1174 1409 1232 consummationem
1471 1169 1665 1224 mundi
1728 1168 1893 1237 hujus
1941 1162 2118 1219 oculis

540 1268 927 1339 aspectabilis,
976 1267 1091 1321 sive
1132 1265 1302 1319 etiam
1347 1262 1416 1317 ad
1461 1259 1926 1316 resurrectionem
1968 1268 2133 1310 mor:

542 1369 762 1414 tuorum
787 1366 843 1413 et
866 1358 1033 1412 vitam
1055 1364 1338 1420 :eternam,
1356 1354 1442 1409 vel
1466 1353 1532 1407 ad
1555 1351 1785 1423 gloriam
1808 1357 1865 1405 et
1887 1362 2115 1418 regnum

538 1451 805 1506 malorum
859 1446 1320 1516 tremendumque
1361 1442 1672 1515 judicium?
1714 1439 1875 1513 455
1924 1439 2116 1493 Nonne

539 1558 660 1614 quae
703 1543 757 1596 in
802 1549 856 1596 te
898 1540 1113 1595 habitat
1152 1537 1356 1594 Christi
1400 1535 1600 1608 gratia,
1641 1541 1836 1603 estque
1879 1528 2116 1585 arrhabo

538 1635 713 1690 sancti
745 1632 1017 1705 Spiritus?
1050 1629 1192 1698 Quid
1228 1630 1333 1685 hac
1374 1628 1553 1699 majus
1601 1624 1813 1698 gratia?
1845 1632 1940 1678 aut
1981 1621 2115 1693 quid

540 1723 643 1780 hac
685 1722 1051 1795 praestantius
1076 1720 1346 1790 sapientia
1380 1727 1438 1774 et
1482 1718 1743 1781 scientia,
1780 1715 1983 1787 quidve
2024 1714 2112 1776 iis,

2218 521 2495 586 σικακίας,
2528 522 2622 576 καὶ
2663 520 2771 573 τῶν
2812 519 3056 589 αἰσχρῶν
3081 514 3391 586 λογισμῶν.
3427 514 3555 567 Καὶ
3583 513 3697 567 τότε
3718 514 3776 566 ἀ)

2216 616 2356 686 νήσῃ
2380 614 2585 683 γνῶναι
2614 614 2714 685 τὴν
2746 610 2842 666 τοῦ
2868 610 3107 683 Χριστοῦ
3135 609 3448 679 ἐνοίκησιν.

2288 706 2382 771 οζν.
2426 706 2522 770 Τίς
2556 723 2617 759 σε
2645 705 2913 773 ἐφώτισεν
2943 706 3025 767 εἰς
3048 703 3153 773 τὴν
3176 702 3369 755 πίστιν
3390 701 3505 770 τῆς
3535 699 3694 767 ἁγίας
3709 700 3776 752 καὶ

2215 798 2500 867 όμοουσίου
2535 797 2628 850 καὶ
2656 798 3040 867 προσκυνητῆς
3070 793 3306 864 Τριάδος
3330 792 3456 861 (Π)
3482 810 3501 856 ;
3542 791 3580 860 ἢ
3610 791 3685 852 τίς
3718 806 3774 841 τα

2217 888 2482 959 ἐγνώρισε
2510 889 2611 958 τὴν
2637 888 2902 958 ἐνσαρκον
2920 885 3234 955 οἰκονομίαν
3255 884 3357 938 τοῦ
3382 884 3518 946 ἑνὸς
3536 884 3636 953 τῆς

2196 981 2470 1053 ⁵Τριάδος;
2510 981 2608 1044 Τίς
2656 979 2715 1032 δέ
2743 996 2803 1032 σε
2859 978 3063 1045 ἐδίδαξε
3124 979 3256 1041 τοὺς
3304 977 3451 1047 περὶ
3504 977 3774 1045 ἀσωμάτων

2215 1072 2497 1143 λόγυυς,ἢ
2539 1073 2666 1135 τοὺς
2709 1071 2839 1142 περὶ
2889 1064 3158 1139 γενέσεως
3209 1070 3310 1123 καὶ
3364 1068 3690 1130 συντελείας
3709 1067 3775 1119 et}

2218 1162 2501 1233 ὁρωμένου
2553 1162 2759 1232 κόσμου
2781 1178 2795 1192 ·
2830 1161 2864 1231 ἢ
2908 1161 3038 1231 περὶ
3083 1160 3186 1229 τῆς
3214 1159 3552 1231 ὲκ-νεκρῶν
3584 1160 3775 1213 ἀναστὰν

2218 1271 2357 1317 σεως
2386 1264 2481 1307 και
2508 1254 2729 1307 αἰωνίου
2754 1253 2925 1324 ζωῆς,
2955 1253 2988 1324 ἢ
3024 1252 3157 1322 περὶ
3183 1252 3283 1321 τῆς
3314 1251 3497 1320 δόξης
3524 1252 3632 1321 τῆς
3667 1251 3773 1321 βεστ.
3850 1251 3851 1291 1

2216 1347 2367 1410 λείας
2398 1345 2507 1399 τῶν
2530 1345 2799 1417 οὐρανῶν,
2837 1346 2931 1400 καὶ
2958 1345 3057 1416 τῆς
3082 1344 3330 1415 φοδερᾶς
3380 1345 3661 1414 κρίσεως
3681 1345 3783 1412 (Ειῇ

2217 1441 2250 1509 ἡ
2271 1440 2433 1509 χάρις
2457 1437 2551 1491 τοῦ
2577 1435 2814 1507 Χριστοῦ
2845 1438 2877 1506 ἡ
2904 1437 3191 1489 ἐνοικοῦσα
3233 1438 3296 1489 ὲν
3323 1436 3421 1489 σοί
3437 1454 3454 1499 ;
3512 1437 3643 1506 ἥτις
3671 1438 3785 1489 ἐστὶν

2214 1532 2244 1582 6
2271 1529 2527 1603 ἀρραϐὼν
2566 1529 2659 1583 τοῦ
2692 1529 2851 1598 ἁγίου
2876 1529 3232 1598 Πνεύματος;
3269 1528 3340 1581 Τί
3380 1528 3589 1597 μεῖζον
3615 1529 3785 1597 ως

2216 1623 2315 1693 τῆς
2360 1624 2615 1693 χάριτος;
2656 1622 2694 1693 ἢ
2744 1622 2796 1674 τί
2836 1624 3085 1692 κρεῖττον
3113 1619 3321 1689 ταύτης
3347 1621 3462 1691 τῆς
3497 1621 3792 1689 σοφίαςιέ

2217 1715 2312 1785 τῆς
2365 1714 2660 1783 γνὼσεως;
2704 1713 2737 1783 ἢ
2776 1712 2828 1765 τί
2876 1711 2982 1765 τῶν
3024 1711 3383 1780 ἐπαγγελιῶν
3439 1713 3791 1783 ὑψηλότερος

539 1830 662 1885 quae
686 1775 969 1883 promissa
1002 1775 1157 1876 sunt:
1189 1809 1518 1865 sublimius?
1549 1808 1645 1863 Sin
1688 1816 1870 1863 autem
1909 1806 2117 1860 inertes

2237 1775 2571 1876 Ξίόἑνὲσμεν
2604 1775 2781 1876 ἀργοὶ
2811 1803 2905 1857 καὶ
2947 1775 3195 1873 ἀμελεῖς,
3219 1802 3317 1855 καὶ
3351 1802 3439 1871 μὴ

539 1916 845 1972 segnesque
887 1915 1099 1966 sumus,
1133 1915 1237 1955 nec
1269 1916 1300 1955 a
1342 1899 1858 1970 perturbationibus
1886 1911 1949 1951 ac
1980 1894 2116 1950 atie-

539 1991 727 2045 ctihus
784 1989 1218 2059 impedientibus
1273 1999 1624 2059 mentemque
1679 1987 2115 2053 excaecantibus,

540 2096 641 2136 nos
687 2080 791 2149 ipsi
831 2078 1215 2143 emundamus,
1257 2086 1320 2132 ut
1355 2079 1440 2133 vel
1486 2078 1607 2149 ipso
1641 2078 1845 2132 clarius
1875 2078 1989 2132 sole
2020 2078 2121 2131 ho-

542 2187 663 2224 rum
696 2171 941 2226 rationes
968 2170 1157 2225 videre
1177 2169 1475 2241 possimus,
1511 2170 1566 2224 in
1601 2178 1702 2225 nos
1726 2169 1875 2239 ipsos
1896 2184 2118 2225 causam

541 2262 846 2317 referamus
874 2302 889 2325 ,
941 2275 1045 2315 nec
1086 2275 1208 2331 quae
1260 2261 1317 2315 in
1371 2258 1533 2315 nobis
1586 2259 1833 2325 habitat,
1886 2260 2120 2331 gratiam

540 2354 896 2424 abnegemus.

611 2443 698 2496 78.
733 2441 838 2508 Qui
869 2441 969 2496 tibi
1016 2449 1221 2496 aeterna
1282 2441 1424 2496 bona
1468 2440 1747 2510 pollicitus
1785 2449 1890 2507 est,
1951 2440 2117 2506 Deus,

542 2532 706 2600 inque
745 2536 841 2585 tuo
867 2538 1091 2600 pectore
1137 2527 1376 2599 Spiritus
1430 2528 1796 2583 arrhabonem
1840 2527 2025 2592 dedit,
2051 2528 2119 2593 is,

542 2638 736 2693 magna
762 2635 893 2676 cura
943 2637 1009 2676 ac
1039 2619 1325 2691 diligentia
1364 2620 1491 2674 vitae
1537 2620 1780 2674 rationes
1822 2619 1922 2673 tibi
1964 2619 2123 2673 insti-

542 2713 772 2768 tuendas
800 2712 1092 2783 praecepit;
1134 2719 1195 2767 ut
1224 2710 1388 2767 homo
1434 2712 1665 2767 interior
1712 2712 1781 2767 ab
1835 2711 2122 2767 affectibus

542 2816 706 2875 atque
757 2803 907 2858 vitiis
957 2803 1243 2868 liberatus,
1290 2803 1402 2873 jam
1445 2810 1561 2857 tum
1609 2801 1773 2857 bonis
1821 2800 1931 2856 frui
1980 2801 2120 2855 inei—

544 2905 720 2967 perct.

613 2988 700 3041 '79.
753 2985 1070 3040 Divinorum
1122 2999 1186 3039 ac
1234 2983 1553 3038 sublimium
1595 2982 2120 3053 cuntemplationum

544 3093 767 3147 compos
818 3078 1068 3143 effectus,
1103 3091 1353 3146 magnam
1383 3076 1739 3131 charitati-ac
1771 3073 2123 3130 continentia:

493 3182 501 3188 ’
544 3166 885 3238 diligentiam
912 3167 1053 3222 habe
1080 3184 1093 3220 :
1124 3181 1234 3235 quo
1251 3181 1450 3236 nempe
1469 3173 1681 3236 partem
1711 3165 1879 3220 animi
1912 3164 2124 3220 allecti-

546 3264 647 3317 hus
668 3260 981 3324 obnoxiam,
1018 3258 1470 3329 imperturbatam
1524 3272 1769 3323 servans,
1805 3257 2127 3313 indeliciens

547 3353 715 3409 animi
736 3353 899 3422 jubar
924 3351 1193 3406 obtinens.

616 3441 1067 3512 80.1rascentem
1117 3438 1285 3494 animi
1338 3446 1550 3509 partem
1592 3438 1864 3511 charitate
1925 3437 2121 3504 frena;

547 3532 773 3603 ejusque
805 3539 1012 3600 partem
1038 3529 1518 3600 concupiscentem
1551 3529 1903 3584 continentiae
1922 3529 2128 3584 labori-

547 3622 652 3675 l-.us
680 3635 932 3675 macera:
987 3619 1098 3674 vim
1151 3627 1336 3675 autem
1397 3618 1627 3674 rationis
1672 3616 1938 3675 orationis
1975 3618 2127 3673 cultu

547 3710 838 3764 sublimem
855 3708 1008 3776 leva;
1038 3696 1141 3764 nec
1167 3707 1306 3765 ullas
1333 3722 1574 3779 unquam
1595 3707 1795 3763 mentis
1814 3714 1921 3763 tua:
1941 3708 2128 3762 lumen

551 3800 809 3855 tenebras
841 3801 1107 3855 incurret.
1813 3865 1823 3877 ι

621 3893 709 3946 81.
748 3890 881 3957 Quae
937 3890 1295 3946 dilectionem
1343 3890 1586 3955 solvunt,
1634 3889 1753 3945 hac
1791 3888 1910 3945 fere
1964 3896 2125 3954 sunt;

548 3974 768 4055 nrznpe,
813 3984 1092 4039 detractus
1124 3983 1324 4049 honor,
1352 3981 1540 4037 damni
1591 3981 1729 4036 illati
1768 3980 1988 4054 injuria,
2039 3995 2129 4035 ca-

551 4072 779 4137 lumnia,
812 4071 925 4126 sive
953 4071 1008 4125 in
1036 4066 1164 4136 ﬁde,
1197 4070 1313 4127 sive
1335 4071 1391 4125 in
1418 4071 1532 4125 vita
1563 4084 1629 4125 ae
1677 4070 1956 4136 moribus;
2003 4086 2131 4126 ver-

553 4167 704 4228 hera,
736 4164 984 4227 vulnera,
1031 4169 1138 4216 etc.
1187 4162 1365 4232 Atque
1409 4161 1528 4216 haec
1558 4160 1645 4216 vel
1682 4174 1804 4230 qua:
1833 4160 1937 4230 ipsi
1993 4174 2129 4215 con-

553 4247 789 4325 tingant,‘
819 4253 905 4309 vel
937 4268 1060 4322 quae
1104 4253 1347 4307 allinium
1392 4252 1633 4324 cuipiam
1676 4267 1773 4307 seu
1828 4251 2129 4307 amicorum

554 4350 887 4417 irrogentur.
913 4344 1016 4410 Qui
1048 4344 1214 4415 igitur
1244 4345 1444 4399 horum
1499 4345 1734 4416 alicujus
1764 4359 1929 4399 causa
1988 4344 2129 4398 dile-

2217 1897 2444 1960 ὲαυτοὺς
2476 1894 2587 1948 τῶν
2630 1895 2948 1949 κωλυόντων
2994 1894 3164 1963 ἡμᾶς,
3199 1894 3298 1946 καὶ
3343 1893 3452 1946 τὸν
3504 1894 3641 1947 νοῦν
3670 1894 3795 1965 ἡμὲν

2217 1991 2625 2061 ἔκτυφλούντων
2659 1989 2866 2052 παθῶν,
2897 1987 3036 2042 ὥστε
3057 1989 3321 2042 δύνασθαι
3350 1987 3462 2041 καὶ
3496 1988 3795 2061 τρανότερον

2219 2082 2373 2155 ἡλίου
2402 2084 2530 2146 τοὺς
2558 2080 2918 2154 περὶτούτων
2945 2080 3138 2148 λόγους
3160 2079 3319 2150 ὁρᾷν,
3359 2078 3614 2142 ἑαυτοὺς
3645 2081 3793 2131 αἰτια-

2220 2173 2466 2246 σώμεθα,
2503 2173 2599 2228 καὶ
2631 2173 2706 2245 μὴ
2730 2172 2831 2243 τὴν
2858 2172 2956 2243 τῆς
2980 2171 3203 2243 χάριτος
3232 2168 3539 2239 ἐνοίκησιν
3573 2168 3792 2241 ἀρνηαὲ-

2221 2261 2380 2334 μεθα.
3422 2300 3433 2303 -

2290 2443 2391 2507 οη’.
2462 2436 2520 2489 '0
2585 2433 3054 2504 ὲπαγγειλάμενός
3114 2449 3197 2485 σοι
3267 2430 3416 2495 Θεὸς
3492 2432 3570 2490 τὰ
3630 2430 3791 2485 ἀέρια

2218 2528 2421 2596 ἀγαθὰ,
2472 2526 2569 2580 καὶ
2614 2526 2708 2580 τὸν
2768 2525 3067 2597 ἀρραϐῶνα
3117 2523 3216 2576 τοῦ
3247 2522 3594 2592 Πνεύματος
3638 2524 3693 2575 ἓν
3736 2524 3787 2589 τῇ

2219 2621 2418 2692 καρδίᾳ
2462 2617 2712 2681 δεδωκὼς
2735 2657 2751 2682 ,
2822 2616 3127 2671 ἐνετείλατό
3175 2632 3257 2669 σοι
3315 2615 3709 2686 ἐπιμελεῖσθαί
3746 2631 3789 2666 σε

2217 2710 2313 2762 τοῦ
2345 2709 2485 2779 βίου,
2524 2709 2614 2762 ἵνα
2668 2711 2697 2762 6
2749 2708 2859 2761 ἔσω
2910 2706 3198 2779 ἄνθρωπος
3238 2704 3355 2759 τῶν
3407 2707 3614 2760 παθῶν
3662 2706 3789 2759 ass.

2220 2799 2501 2870 θερωθεὶς,
2531 2799 2759 2870 ἄρξηται
2790 2797 3123 2853 ἀπεντεῦϐεν
3144 2797 3247 2868 τῆς
3274 2797 3391 2851 τῶν
3418 2798 3656 2866 ἀγαθῶν
3676 2800 3790 2851 ἀτο-

2218 2889 2485 2954 λαύσεως.

2290 2984 2386 3039 οϐ’.
2434 2986 2557 3040 Τῶν
2595 2986 2755 3040 θείων
2784 2986 2880 3039 καὶ
2916 2983 3139 3056 ὑψηλῶν
3187 2982 3573 3048 καταξιωθεὶς
3601 2981 3789 3052 θεωρῇ·

2148 3107 2192 3166 C
2228 3079 2413 3147 μάτων
2433 3116 2449 3143 ,
2481 3076 2691 3147 σφόδρα
2736 3075 3000 3145 ἐπιμελοῦ
3030 3074 3389 3166 ἀγάπηςῗκαὶ

2226 3168 2314 3222 ίνα
2343 3167 2405 3221 τὸ
2445 3167 2751 3238 παθητικὸν
2798 3167 3074 3238 ἀτάραχον
3101 3165 3499 3235 διαφυλάττων
3520 3205 3538 3231 ,
3564 3165 3791 3219 ἀνέκλει-

2226 3266 2357 3314 πτον
2386 3258 2516 3331 ἕξεις
2541 3259 2604 3313 τὸ
2630 3258 2732 3329 τῆς
2757 3258 2937 3329 ψυχῆς
2968 3257 3190 3327 φέγγος-

2298 3449 2372 3496 π’.
2410 3441 2484 3495 Τὸ
2531 3440 2762 3511 θυμικὸν
2808 3439 2907 3510 τῆς
2955 3436 3167 3509 ψυχῆς,
3226 3436 3422 3506 ἀγάπῃ
3467 3436 3787 3505 χαλίνωαον”

2227 3533 2324 3587 καὶ
2345 3533 2407 3591 τὸ
2428 3529 2826 3600 ἐπιθυμητικὸν
2847 3530 3019 3599 αὐτῆς
3066 3527 3372 3598 ἐγκρατείᾳ
3392 3527 3789 3597 καταμάραι·

2229 3626 2324 3680 καὶ
2355 3625 2417 3679 τὸ
2454 3624 2677 3692 λογικὸν
2709 3623 2882 3693 αὐτῆς
2920 3623 3199 3693 προσευχῇ
3254 3601 3553 3693 πτέρωσον
3573 3637 3592 3651 ο
3636 3618 3727 3673 ul.
3747 3618 3792 3669 sl

2230 3718 2346 3787 φῶς
2374 3715 2468 3770 τοῦ
2498 3714 2591 3768 νοῦ
2617 3714 2718 3769 οὒκ
2747 3712 3093 3785 ἀμαυροῦται
3125 3728 3280 3766 ποτε.

2302 3894 2415 3953 πα⁸.
2469 3896 2552 3949 Τὰ
2578 3894 2679 3967 τὴν
2725 3894 2950 3965 ἀγάπην
3001 3892 3222 3956 λύοντα,
3257 3894 3371 3946 εἰσὶ
3417 3893 3639 3947 ταῦτα·
3674 3886 3788 3951 οέει.

2230 3989 2443 4060 ἀτιμία,
2476 3987 2672 4059 ζημία,
2706 3986 3063 4056 συκοφαντία,
3092 3984 3127 4056 ἦ
3158 3986 3241 4049 είς
3264 3984 3477 4049 πίστιν,
3503 3987 3539 4056 ἢ
3564 3987 3647 4048 είς
3675 3984 3790 4054 βὲειθ

2231 4080 2432 4151 δαρμοὶ
2459 4122 2472 4144 ,
2523 4078 2732 4149 πληγαὶ
2757 4117 2773 4143 ,
2820 4077 2918 4131 καὶ
2952 4076 3022 4131 τὰ
3053 4076 3182 4147 ἑξῆς
3202 4094 3219 4107 ⁸
3256 4077 3354 4130 καὶ
3382 4078 3568 4134 ταῦτα
3595 4080 3629 4149 ἢ
3664 4077 3791 4143 αὐτῷ

2234 4171 2616 4242 συμϐαίνοντα,
2648 4171 2683 4239 ἧ
2714 4187 2825 4223 τινι
2863 4169 2972 4223 τῶν
3004 4169 3169 4223 αὐτοῦ
3216 4170 3511 4237 συγγενῶν
3542 4171 3579 4241 ἧ
3626 4170 3790 4239 φίλων.

2245 4264 2304 4317 '0
2328 4259 2423 4317 οὖν
2449 4262 2538 4316 διά
2570 4279 2622 4315 τι
2656 4262 2861 4315 τούτων
2894 4261 3036 4316 λύων
3062 4262 3163 4333 τὴν
3191 4261 3442 4331 ἀγάπην,
3489 4261 3650 4315 οὔπω
3673 4262 3790 4329 ἔγω

2231 4356 2317 4422 τίς
2343 4361 2371 4413 6
2400 4358 2600 4421 σκοπὸς
2632 4356 2743 4411 τῶν
2775 4355 2871 4408 τοῦ
2899 4354 3139 4427 Χριστοῦ
3165 4353 3424 4410 ἐντολῶν.

558 4436 797 4489 ctionem
820 4433 983 4489 solvit
1003 4447 1068 4487 ac
1091 4434 1437 4498 charitatem,
1490 4435 1537 4490 is
1583 4434 1819 4490 necdum
1874 4434 2127 4503 quisnam
2164 4442 2206 4497 ι)

564 4529 690 4581 ﬁnis
721 4528 794 4582 sit
815 4525 1199 4580 mandatorum
1231 4525 1434 4582 Christi
1461 4528 1736 4597 cognovit.

633 4615 719 4669 82.
775 4614 944 4669 Stude
997 4623 1201 4685 quanta
1253 4614 1483 4670 facultas
1537 4618 1788 4685 quemvis
1843 4618 2130 4672 hominum

556 4706 804 4776 diligere.
845 4705 941 4760 Sin
971 4713 1153 4760 autem
1186 4705 1257 4760 id-
1278 4705 1512 4761 necdum
1546 4718 1804 4777 prmstare
1827 4709 2000 4775 vales,
2044 4710 2130 4765 vel

556 4807 705 4853 certe
739 4796 1014 4852 neminem
1072 4796 1275 4852 oderis.
1305 4797 1383 4852 Ae
1431 4812 1501 4852 ne
1555 4797 1661 4854 hoc
1711 4800 1936 4870 quidem
1983 4801 2132 4856 vales

560 4900 837 4959 praestare,
872 4890 977 4943 nisi
1000 4904 1123 4959 quae
1141 4898 1271 4944 sunt
1297 4890 1489 4945 mundi
1516 4892 1933 4961 contempseris.

625 4982 715 5037 85.
755 4981 878 5036 Tibi
906 4981 1108 5051 aliquis
1140 4981 1461 5036 maledixit?
1483 4981 1562 5036 Ne
1615 4981 1767 5035 illum
1796 4981 2002 5047 oderis,
2035 4983 2130 5038 sed

557 5074 705 5145 quod
736 5076 797 5129 in
829 5083 883 5129 te
928 5075 1189 5145 iactatum
1215 5083 1301 5128 est
1364 5073 1738 5138 maledictum,
1775 5076 2002 5143 ejusque
2051 5076 2133 5145 ja-

559 5166 743 5221 ctandi
773 5173 1078 5224 auctorem,
1114 5164 1417 5219 diabolum.
1450 5164 1542 5219 Sin
1575 5173 1757 5218 autem
1795 5165 1971 5234 ipsum
1999 5167 2130 5220 ode-

561 5259 654 5322 ris,
690 5257 785 5327 qui
822 5257 1123 5321 maledixit,
1148 5256 1429 5311 hominem
1451 5256 1637 5321 odisti,
1665 5270 1902 5327 reusque
1926 5274 1986 5311 es
2013 5259 2125 5311 vio-

558 5347 649 5401 lati
684 5345 925 5401 mandati
957 5363 971 5398 :
1003 5362 1069 5402 ac
1122 5345 1271 5415 quod
1322 5346 1414 5402 ille
1474 5345 1603 5401 fecit
1658 5346 1849 5411 verbo,
1903 5357 1958 5400 tu
2000 5348 2134 5403 facis

558 5454 745 5508 opere.
773 5437 867 5492 Sin
893 5446 1076 5492 autem
1108 5452 1293 5493 servas
1315 5437 1655 5501 mandatum,
1680 5454 1799 5508 qum
1822 5438 2133 5495 dilectionis

557 5537 705 5595 sunt,
737 5528 959 5593 exhibe,
988 5544 1051 5585 ac
1084 5529 1130 5584 si
1163 5529 1295 5599 quid
1328 5545 1425 5599 per
1462 5529 1777 5595 facultatem
1814 5530 1963 5596 licet,
1991 5530 2131 5586 ferto

559 5634 740 5687 opem,
769 5629 830 5674 ut
858 5635 887 5673 a
917 5620 1061 5675 malo
1082 5620 1306 5675 liberes:

634 5710 721 5762 Si.
757 5709 873 5763 Non
913 5709 1323 5778 vultChristus,
1384 5720 1443 5764 ut
1505 5710 1765 5767 adversus
1821 5715 2131 5784 quempiam

2304 4615 2416 4688 πβ’.
2469 4617 2778 4672 Σπούδασον
2829 4618 2956 4671 ὅσον
3006 4617 3233 4672 δύνασαι
3291 4618 3479 4673 πάντα
3531 4619 3789 4688 ἄνθρωπ’

2234 4710 2541 4779 ἀγαπῆσαι.
2575 4709 2639 4763 Et
2684 4709 2743 4762 δὲ
2772 4707 2930 4763 τοῦτο
2961 4704 3115 4762 οὔπω
3153 4709 3426 4775 δύνασαι,
3461 4710 3573 4765 πᾶν
3614 4711 3789 4782 peis»:

2237 4801 2493 4872 μισήσῃς.
2530 4801 2607 4854 Ού
2655 4800 2881 4854 δύνασαι
2928 4800 2988 4854 δὲ
3015 4801 3139 4855 οὐδὲ
3167 4800 3324 4855 τοῦτο
3354 4802 3630 4872 ποιῆσαι,
3662 4802 3709 4854 εἰ
3734 4800 3791 4867 μὴ

2232 4895 2342 4948 τῶν
2364 4894 2459 4948 τοῦ
2493 4895 2701 4965 κόσμου
2733 4895 3079 4967 πραγμάτων
3102 4899 3559 4967 καταφρονήσῃς.

2307 4991 2418 5054 πγ’.
2466 4986 2524 5039 ’0
2548 4986 2697 5039 δεῖνα
2726 4984 3121 5055 ὲύλασφήμησε
3145 5001 3159 5015 ο
3205 4984 3282 5056 μὴ
3313 4987 3565 5056 μισήσῃς
3592 4986 3795 5039 enim.

2208 5073 2373 5133 ⁴ἀλλά
2402 5072 2500 5146 τὴν
2543 5073 2915 5145 βλασφημίαν,
2947 5073 3044 5127 καὶ
3081 5073 3175 5128 τὸν
3205 5072 3613 5144 βλασφημῆσαι
3654 5086 3798 5139 1:35:3-

2240 5162 2590 5219 σκευάσαντα
2634 5164 2888 5235 δαίμονα.
2954 5165 3018 5218 El
3075 5164 3131 5217 δὲ
3192 5165 3286 5217 τὸν
3338 5163 3797 5235 βλασφημήσαντι

2240 5261 2441 5328 μισεῖς,
2472 5259 2760 5330 ἄνθρωπον
2810 5260 3104 5331 ἐμίσησας,
3137 5261 3233 5314 καὶ
3264 5260 3364 5329 τὴν
3414 5259 3643 5329 ἐντολὴν
3676 5271 3794 5321 αξι-

2238 5349 2371 5421 έδης
2398 5366 2414 5383 ⁹
2441 5351 2538 5404 καὶ
2562 5351 2699 5420 ὅπερ
2729 5351 2939 5414 ἐκεῖνος
2971 5351 3049 5420 τῷ
3074 5351 3221 5420 λόγῳ
3253 5349 3499 5420 ἐποίησε,
3533 5349 3711 5409 ποιεῖς
3747 5346 3793 5393 τ’.

2238 5440 2318 5511 τῷ
2368 5439 2535 5511 ἔργῳ.
2590 5441 2649 5493 ΕΞ
2701 5440 2759 5494 δὲ
2809 5441 2908 5512 τὴν
2960 5440 3180 5511 ἐντολὴν
3230 5440 3561 5509 φυλάττεις,
3614 5440 3683 5490 τὰ
3720 5438 3791 5493 ’ἐξ

2238 5533 2462 5603 ἀγάπης
2488 5530 2749 5597 ἐπίδειξαι
2770 5548 2784 5563 ⁸
2812 5533 2907 5585 καὶ
2947 5533 3000 5585 εἴ
3028 5550 3080 5585 τι
3112 5532 3363 5600 δύνασαι,
3401 5531 3696 5602 βοήθησον.
3728 5528 3793 5575 ἓιῖ

2238 5622 2333 5677 τοῦ
2364 5625 2538 5678 κακοῦ
2569 5626 2730 5679 αὐτὸν
2768 5624 3104 5696 ἀπαλλάξῃς.

2314 5715 2416 5771 τπδ’.
2449 5717 2523 5771 Οὐ
2556 5717 2700 5771 θέλει
2739 5735 2798 5770 σε
2820 5719 2852 5771 6
2885 5719 3119 5787 Χριστὸς
3169 5720 3328 5787 μῖσος
3365 5716 3512 5786 ἔχειν
3536 5715 3681 5786 πρὶς
3714 5710 3791 5761 ἂν·
