3876 6314
119 353 254 420 1069

993 352 1330 414 CAPITUM
1373 351 1471 411 DE
1509 350 1943 412 CHARITATE
1978 355 2363 416 CENTURIA
2406 357 2503 418 IV.

3234 353 3367 419 10Ἶῦ

114 468 353 539 ορωπον,
389 464 421 534 ἢ
452 462 629 533 λύπην
663 463 890 535 ἣόργὴν
924 463 956 533 ἢ
992 463 1365 543 μνησικακίαν
1397 462 1680 515 τοσύνολον
1709 512 1710 518 η

1805 465 2075 519 nominum
2108 468 2296 522 odium
2324 467 2547 531 habeas,
2571 466 2736 537 456
2761 475 2857 521 aut
2880 466 3011 537 :egri
3043 466 3212 521 animi
3240 482 3368 520 scn-

112 557 235 611 καί)⁹
285 557 596 626 οίονδήποτε
636 556 861 625 τρόπον,
913 554 947 623 ἢ
996 555 1063 608 δι’
1099 555 1413 624 οίονδήποτε
1450 555 1687 622 πρᾶγμα

113 649 468 719 πρόσκαιρον.
523 648 631 701 Καὶ
661 648 820 701 τοῦτο
870 648 1046 717 πάντη
1102 645 1270 717 βοῶσι
1325 644 1396 699 τὰ
1441 645 1686 715 τέσσαρα

110 741 441 810 Εὑαγγέλια.

185 930 290 977 πε’.
319 921 512 975 Πολλοί
541 924 710 992 ὲσμεν
737 923 787 975 οἱ
820 920 1093 990 λέγοντες,
1117 920 1287 987 ὀλίγοι
1316 919 1371 971 δὲ
1400 920 1449 971 οἱ
1473 916 1687 969 ποιοῦν-

106 1034 222 1080 τες.
267 1015 407 1067 Ἀλλ’
454 1011 547 1066 οὖν
590 1014 681 1067 τὸν
715 1013 873 1080 λόγον
922 1012 1016 1065 τοῦ
1077 1009 1212 1064 Θεοῦ
1260 1010 1434 1072 οὐδεὶς
1486 1007 1685 1076 ὠφειλε

106 1107 352 1162 νοθεύειν
383 1106 471 1159 διά
494 1106 593 1175 τὴν
629 1090 764 1157 ἰδίαν
794 1103 1057 1173 ἀμέλειαν
1079 1119 1093 1133 ο
1134 1101 1251 1156 ἀλλ’
1277 1100 1559 1171 ὁμολογεῖν
1589 1099 1686 1169 μὲν

104 1197 212 1268 τὴν
253 1195 450 1251 ἑαυτοῦ
497 1195 803 1257 ἀσθένειαν,
858 1194 932 1264 μὴ
967 1190 1342 1262 ἀποκρύπτειν
1369 1190 1424 1243 δὲ
1460 1190 1559 1258 τὴν
1592 1188 1685 1241 τοῦ

106 1289 251 1342 Θεοῦ
288 1286 584 1359 ἀλήθειαν·
638 1288 726 1338 ἴνα
785 1284 857 1354 μὴ
890 1284 1134 1337 ὑπόδικοι
1181 1281 1494 1351 γενώμεθα.
1549 1278 1687 1351 μετὰ

106 1380 211 1450 τῆς
235 1379 342 1431 τῶν
372 1377 603 1430 ἐντολῶν
632 1377 1018 1447 παραϐάσεως,
1051 1376 1143 1428 καὶ
1165 1375 1263 1445 τῆς
1286 1372 1381 1425 τοῦ
1408 1372 1566 1440 λόγου
1592 1370 1686 1425 τοῦ

106 1470 248 1524 Θεοῦ
278 1469 566 1540 παρεξηγή
576 1484 732 1530 σεως.

181 1643 303 1710 πς’.
353 1644 563 1714 Ἀγάπη
607 1646 702 1697 καὶ
728 1642 1066 1712 ἐγκράτεια,
1123 1638 1314 1692 παθῶν
1366 1638 1464 1709 τὴν
1510 1637 1688 1706 ψυχὴν

108 1736 527 1807 ὲλευθεροῦσινο
570 1736 877 1802 ἀνάγνωσις
921 1734 1013 1786 καὶ
1048 1733 1250 1801 Θεωρία
1276 1770 1291 1794 ,
1320 1731 1545 1798 ἀγνοίας
1596 1731 1686 1782 τὸν

1793 570 1935 620 sum,
1964 567 2057 613 aut
2087 560 2243 623 iram,
2272 560 2504 614 ullamve
2527 559 2722 629 quovis
2738 559 2964 634 omnino
2985 559 3167 623 modo,
3194 559 3278 613 vel
3302 560 3371 613 οἱ)

1792 648 1958 702 ullam
1991 665 2219 718 prorsus
2253 666 2369 705 rem
2403 659 2839 718 temporancam,
2899 658 3086 704 teneas
3138 650 3368 719 injuria—

1794 755 1914 792 rum
1943 741 2284 795 memoriam.
2319 741 2498 810 Atque
2540 741 2646 795 boc
2674 739 2899 794 omnino
2920 748 3158 809 quatuor
3188 739 3362 794 Evan-

1793 831 1935 900 gelia
1968 834 2227 887 clamant.

1863 924 1951 979 85.
1987 926 2140 979 Multi
2184 940 2376 981 sumus
2405 925 2500 996 qui
2552 926 2819 993 dicamus,
2867 927 3027 995 pauci
3066 925 3162 996 qui
3206 924 3371 978 facia-

1795 1031 1937 1070 mus.
1976 1018 2148 1071 Nemo
2204 1024 2409 1082 tamen,
2458 1017 2603 1086 quod
2638 1018 2755 1088 ipse
2784 1018 3066 1088 negligens
3114 1018 3370 1087 inersque

1794 1117 1901 1171 est,
1928 1109 2026 1163 Dei
2056 1096 2287 1165 verbum
2314 1110 2480 1166 debet
2500 1111 2813 1166 adulterare
2842 1128 2857 1164 :
2920 1110 3015 1165 sed
3063 1125 3219 1163 suam
3251 1109 3373 1177 qui-

1782 1198 1919 1252 ‘dcm
1949 1199 2111 1256 fateri
2139 1200 2536 1259 inﬁrmitatem.
2561 1216 2663 1255 nec
2694 1210 2878 1256 tamen
2930 1208 3223 1270 propterea
3277 1198 3373 1252 Dei

1795 1292 1976 1348 celare
2007 1294 2325 1359 veritatem;
2355 1310 2423 1348 ne
2460 1294 2697 1364 duplicis
2723 1294 2975 1348 criminis
3006 1293 3084 1348 rei
3128 1291 3374 1345 invenia-

1796 1400 1944 1448 mur,
1995 1384 2143 1454 quod
2183 1400 2292 1438 non
2346 1386 2522 1439 solum
2566 1386 2821 1439 mandata
2882 1384 3368 1454 transgrediamur,

1795 1491 1986 1529 verum
2013 1477 2177 1530 etiam
2202 1477 2299 1531 Dei
2330 1476 2560 1531 verbum
2582 1492 2644 1531 ac
2669 1477 3005 1546 Scripturam
3036 1478 3178 1532 male
3204 1478 3375 1533 inter-

1796 1576 2095 1634 pretemur.
2220 1637 2222 1640 ν

1867 1654 1953 1707 86.
1982 1654 2212 1709 Dilectio
2235 1662 2289 1709 et
2326 1655 2667 1709 continentia
2696 1657 2931 1710 animam
2966 1656 3035 1710 ab
3082 1657 3373 1712 affectibus

1797 1751 1960 1812 atque
1985 1744 2135 1797 vitiis
2159 1743 2397 1798 liberant
2429 1762 2442 1797 :
2477 1744 2639 1798 lectio
2660 1753 2840 1798 autem
2873 1753 2929 1798 et
2960 1746 3369 1815 contemplatio,

108 1828 238 1883 νοῦν
286 1825 719 1879 ἀπαλλάττουσιν
743 1841 758 1857 ο
794 1825 828 1892 ἡ
862 1824 918 1875 δὲ
947 1823 1044 1891 τῆς
1076 1821 1385 1890 προσευχῆς
1414 1820 1689 1871 κατάστα-

1805 1842 2033 1889 mentem
2083 1837 2152 1889 ab
2181 1835 2489 1905 ignorantia
2522 1835 2796 1901 eximunt;
2832 1845 2888 1890 at
2935 1851 3056 1890 eam
3107 1837 3375 1892 orationis

113 1934 199 1981 σις
225 1919 319 1988 (υ),
350 1915 497 1985 αὐτῷ
527 1914 858 1983 παρίστησιν
888 1913 1053 1966 αὐτὸν
1083 1911 1163 1981 τῷ
1194 1910 1333 1981 Θεῷ.

184 2007 292 2072 σις’.
322 2009 493 2059 Ὅταν
523 2006 709 2059 ἴδωσιν
743 2005 889 2074 ἡμᾶς
919 2004 969 2056 οἱ
1009 2003 1265 2073 δαίμονες
1291 2002 1399 2055 τῶν
1428 2001 1689 2072 πραγμά-

109 2116 222 2153 των
251 2099 344 2151 τοῦ
394 2098 599 2166 κόσμου
654 2092 1132 2163 καταφρονοῦντας
1157 2091 1309 2161 (48),
1364 2092 1449 2143 ἴνα
1498 2092 1572 2160 μὴ
1621 2088 1690 2141 δι’

113 2193 257 2245 αὐτὰ
299 2188 425 2251 τοὺς
468 2186 792 2257 ἀνθρώπους
846 2185 1170 2254 μισήσωμεν
1202 2183 1421 2251 καὶτῆς
1466 2182 1689 2250 άγάπης

112 2281 458 2349 ἐκπέσωμεν,
483 2278 604 2330 τότε
638 2274 1003 2344 συκοφαντίας
1029 2273 1150 2325 καθ’
1176 2276 1207 2342 ἡ
1218 2273 1333 2340 μῶν
1362 2270 1685 2340 ἐγείρουσιν,

113 2372 203 2424 ἵνα
233 2371 330 2436 τὴν
359 2368 537 2437 λύπην
580 2366 654 2436 μὴ
687 2365 943 2435 φέροντες
967 2406 980 2430 ,
1013 2363 1139 2426 τοὺς
1173 2364 1690 2430 συκοιραντήσαντας

116 2464 460 2532 μισήσωμεν.

187 2551 300 2622 πη’.
336 2553 452 2604 Οὐκ
482 2550 598 2603 ἔστι
641 2550 803 2612 πόνος
846 2549 1025 2619 ψυχῆς
1078 2547 1379 2618 βαρύτερος
1414 2562 1688 2614 συκοφανο

109 2645 233 2705 τίας
265 2643 409 2713 (49),
443 2643 542 2696 κάν
583 2657 642 2693 τε
692 2642 771 2703 είς
806 2644 988 2693 πίστιν
1014 2678 1030 2702 ,
1076 2639 1178 2692 κάν
1227 2655 1287 2690 τε
1330 2639 1409 2700 εἰς
1443 2635 1557 2707 βίον
1603 2651 1689 2697 τις

113 2736 537 2802 συκοφαντεῖται
560 2751 573 2765 ·
623 2732 719 2785 καὶ
754 2732 932 2793 οὐδεὶς
961 2730 1169 2799 ταύτης
1200 2729 1563 2797 καταφρονεῖν
1596 2716 1687 2778 δύ-

110 2842 291 2884 ναται,
327 2827 373 2876 εί
408 2825 481 2893 μὴ
517 2824 672 2893 μόνος
697 2824 726 2874 ὁ
756 2824 834 2885 εὶς
874 2821 1006 2873 Θεὸν
1048 2820 1491 2890 ἀποϐλεπόμενος
1544 2817 1619 2881 ὼς
1656 2819 1688 2888 ἡ

111 2916 396 2977 Σωσάννα,
442 2915 535 2970 τὸν
563 2918 723 2985 μόνον
764 2914 1067 2983 δυνάμενον
1096 2912 1187 2964 καὶ
1224 2910 1283 2975 ἐξ
1315 2909 1569 2978 ἀναγκῶν
1597 2909 1690 2979 ρύ-

112 3007 316 3062 σασθαι
345 3007 536 3075 ὥσπερ
570 3005 854 3074 κάκείνην,
895 3004 992 3057 καὶ
1035 3004 1161 3064 τοὺς
1190 3001 1513 3071 ἀνθρώπους
1549 3000 1689 3070 πλη-

1790 1934 1964 1981 status
1991 1926 2095 1995 ipsi
2118 1928 2229 1980 Deo
2256 1926 2424 1981 sistit.

1782 2064 1797 2071 -
1858 2017 1944 2071 87.
1978 2016 2115 2070 Cum
2177 2033 2280 2071 nos
2331 2018 2573 2073 viderint
2623 2018 2904 2074 daemones
2955 2034 3019 2074 ea
3065 2034 3187 2089 quae
3242 2026 3373 2075 sunt

1790 2108 1982 2161 mundi
2007 2124 2293 2177 spernere,
2328 2124 2397 2164 ne
2430 2109 2648 2164 illorum
2684 2126 2849 2165 causa
2891 2112 3206 2180 quempiam
3236 2111 3371 2166 ode-

1790 2197 1964 2252 rimus
1996 2213 2061 2251 ac
2093 2198 2379 2253 charitatis
2406 2200 2672 2269 jacturam
2736 2200 3001 2255 faciamus
3029 2218 3041 2252 :
3086 2208 3219 2255 tunc
3277 2217 3371 2256 ca-

1788 2288 2027 2343 lumnias
2055 2289 2110 2342 in
2127 2304 2228 2343 nos
2257 2290 2519 2355 excitant,
2544 2300 2625 2354 ut,
2650 2291 2780 2360 aegri
2804 2291 2973 2344 animi
2994 2290 3238 2346 dolorem
3260 2306 3372 2345 non

1788 2378 2052 2445 ferentes,
2080 2396 2272 2435 earum
2297 2381 2460 2436 nobis
2491 2390 2794 2437 structores
2815 2382 3119 2436 oderimus.

1856 2551 1944 2606 88.
1966 2553 2160 2607 Nullus
2188 2553 2384 2609 animae
2415 2553 2633 2625 gravior
2655 2553 2830 2618 labor,
2853 2569 3017 2624 quam
3055 2554 3368 2620 calumniae,

1787 2643 1904 2697 sive
1938 2644 2053 2698 haec
2080 2643 2240 2699 ﬁdem
2273 2652 2443 2713 petat,
2494 2645 2607 2700 sive
2640 2645 2809 2699 vitam
2858 2660 3150 2715 moresque
3193 2647 3370 2715 respi-

1790 2733 1931 2799 ciat;
1969 2750 2072 2789 nec
2116 2736 2405 2805 quisquam
2453 2737 2856 2791 contemnendo
2899 2738 2989 2802 sit,
3038 2738 3145 2791 nisi
3194 2738 3371 2792 solum

1789 2826 1884 2894 qui
1921 2825 2094 2881 instar
2119 2827 2381 2882 Susannm
2414 2828 2468 2881 in
2498 2829 2667 2882 Deum
2693 2829 2922 2898 aspiciat
2952 2830 3025 2895 '9;
3064 2828 3159 2898 qui
3197 2829 3367 2894 solus,

1790 2916 1943 2970 velut
1990 2917 2160 2980 illam,
2208 2932 2238 2970 a
2292 2918 2717 2972 necessitatibus
2761 2926 2943 2988 potest
2984 2918 3250 2984 liberare;
3307 2934 3372 2973 ac

1791 3002 1934 3057 sicut
1956 3003 2011 3056 in
2033 3003 2143 3067 illa,
2177 3004 2379 3057 malum
2432 3020 2634 3059 nomen
2684 3005 2982 3076 depellere,
3034 3014 3199 3077 atque
3253 3008 3373 3063 ani-

114 3100 441 3173 ροφορῆσαι,
472 3099 546 3161 ὼς
591 3099 685 3152 καὶ
713 3096 842 3167 περὶ
872 3095 1085 3165 ἐκείνης
1110 3109 1124 3124 ο
1161 3094 1254 3146 καὶ
1284 3092 1380 3163 τὴν
1413 3092 1591 3163 ψυχὴν
1619 3094 1686 3162 τῇ

1805 3106 1942 3145 mum
1971 3092 2088 3162 spei
2118 3093 2315 3147 solatio
2350 3093 2556 3148 levare.

113 3191 287 3243 ἑλπίδι
320 3185 843 3259 παραμυθήσασθαι.

190 3284 297 3338 πθ’.
327 3283 493 3334 Ὅσον
516 3279 653 3352 εὔχῃ
680 3283 744 3332 ὲκ
773 3282 871 3349 τῆς
909 3278 1089 3349 ψυχῆς
1120 3276 1259 3347 ὑπὲρ
1287 3276 1383 3330 τοῦ
1419 3294 1691 3344 συκοφαν-
1730 3328 1737 3334 _

114 3378 417 3445 τήσαντος,
463 3371 716 3425 τοσοῦτον
771 3371 864 3423 καὶ
910 3370 939 3422 ὁ
986 3371 1122 3433 Θεὸς
1171 3369 1514 3441 πληροφορεῖ
1562 3368 1692 3431 τοὺς

118 3464 624 3526 σκανδαλισθέντας.

190 3647 262 3709 ιη’.
301 3641 465 3695 Φύσει
506 3639 710 3710 ἀγαθὸς
752 3640 968 3710 μόνοςὸ
999 3639 1133 3703 Θεός
1156 3657 1171 3670 ·
1210 3642 1305 3693 καὶ
1332 3639 1526 3711 γνώμῃ
1558 3641 1695 3708 άγα-

117 3732 231 3800 οὺς,
261 3735 421 3806 μόνος
450 3736 478 3787 ὁ
504 3733 859 3804 θεομίμητος.
906 3731 1112 3795 Σκοπὸς
1138 3732 1248 3801 γὰρ
1275 3732 1423 3802 αύτῷ
1452 3734 1591 3795 ἐστι,
1615 3730 1694 3802 τῷ

118 3825 278 3894 φύσει
311 3824 500 3895 άγαϐᾦ
530 3826 656 3887 τοὺς
694 3825 968 3893 πονηροὺς
1011 3823 1266 3893 συνάψαι,
1306 3823 1394 3876 ἵνα
1427 3823 1694 3890 γένωνται

119 3917 335 3986 ἀγαθοί.
386 3918 484 3971 Διὰ
525 3916 683 3970 τοῦτο
727 3917 819 3969 ὑπ’
891 3915 1071 3970 αὐτῶν
1119 3914 1531 3986 λοιδορούμενος
1600 3917 1693 3968 εὑ-

117 4010 275 4079 λογῇ’
307 4011 630 4079 διωκόμενος
683 4010 954 4079 ἀνέχεται·
1014 4006 1501 4077 βλασφημούμενος
1525 3993 1721 4078 πικραί

118 4102 315 4167 καλεῖ*
399 4101 753 4169 φονευόμενος
839 4098 1224 4169 ὑπερεύχεται.
1284 4097 1469 4150 Πάντα
1530 4099 1692 4160 ποιεῖ,

117 4193 207 4247 ἵνα
232 4193 326 4246 τοῦ
359 4192 564 4245 σκοποῦ
591 4194 690 4261 τῆς
726 4191 950 4262 ἀγάπης
982 4190 1056 4261 μὴ
1083 4191 1318 4263 ἐκπέσῃ.

191 4365 299 4432 ιμ’.
327 4366 392 4418 Αἱ
425 4366 523 4435 μὲν
552 4365 763 4419 ἐντολαὶ
789 4363 880 4417 τοῦ
913 4364 1143 4434 Κυρίου,
1176 4364 1516 4417 διδάσκουσιν
1550 4328 1694 4434 ἡμᾶς

1864 3270 1951 3324 89.
1981 3268 2254 3335 Quantum
2285 3284 2351 3323 ex
2373 3270 2557 3323 animo
2583 3284 2683 3338 pro
2717 3284 2783 3325 eo
2809 3285 2952 3335 oras,
2983 3287 3013 3327 a
3041 3287 3149 3341 quo
3178 3288 3370 3343 asper-

1794 3376 1888 3416 sus
1917 3359 2189 3415 calumnia
2214 3375 2295 3425 es,
2324 3368 2534 3413 tantum
2562 3360 2708 3414 Deus
2749 3361 2893 3430 apud
2927 3362 3049 3417 illos
3083 3361 3368 3434 abstergit,

1794 3468 1934 3523 quos
1988 3452 2082 3506 illa
2140 3451 2471 3519 offenderat,
2532 3454 2783 3524 laesaque
2834 3454 2993 3507 ﬁdem
3043 3454 3371 3512 innocentia:

1798 3545 1950 3600 facit.

1866 3639 1954 3692 90.
1987 3637 2149 3693 Solus
2179 3638 2324 3692 Deus
2355 3644 2553 3692 natura
2574 3636 2753 3692 bonus
2778 3646 2864 3692 est
2898 3656 2910 3691 :
2943 3638 3223 3693 voluntate
3275 3653 3372 3691 au-

1795 3740 1906 3785 tem
1934 3730 2214 3800 animique
2246 3730 2520 3785 sententia
2557 3729 2707 3784 solus
2739 3729 2917 3783 bonus
2940 3739 3047 3795 est,
3073 3731 3167 3799 qui
3198 3728 3371 3784 Deum

1795 3821 2063 3875 imitatur.
2100 3822 2160 3875 ld
2192 3823 2340 3875 enim
2368 3821 2594 3874 omnino
2649 3820 2865 3889 satagit,
2900 3832 2959 3874 ut
3006 3822 3079 3885 ei,
3133 3821 3228 3890 qui
3270 3836 3369 3874 na-

1797 3923 1918 3969 tura
1950 3914 2129 3967 bonus
2169 3914 2261 3977 sit,
2304 3913 2478 3968 malos
2528 3914 2841 3984 conjungat,
2891 3929 3002 3983 quo
3054 3921 3110 3969 et
3161 3914 3199 3967 ii
3241 3915 3370 3968 boni

1795 4006 1947 4061 ﬁant.
1970 4006 2179 4060 Idcirco
2206 4006 2313 4059 illis
2340 4004 2796 4059 maledicentibus
2840 4005 3151 4069 benedieit;
3186 4020 3371 4074 persc-

1796 4098 2093 4167 qnentihus
2172 4096 2442 4160 sustinet;
2497 4095 3026 4165 blasphemantibus,
3080 4096 3366 4167 obsecrat;

1796 4189 2173 4251 enecantibus,
2225 4197 2482 4256 precatur
2510 4188 2573 4239 ³ο.
2608 4185 2800 4241 Omnia
2831 4187 3071 4256 denique
3128 4187 3278 4253 facit,
3312 4197 3370 4243 ut

1798 4277 1866 4330 ab
1894 4290 2062 4345 scopo
2085 4274 2396 4328 dilectionis
2428 4288 2535 4327 non
2560 4272 2795 4329 excidat.

1867 4368 1953 4422 9l.
2008 4367 2283 4435 Praecepta
2350 4364 2630 4419 Dominica
2697 4365 2783 4419 liis
2844 4380 2965 4432 qua:
3026 4373 3154 4419 sunt
3204 4366 3370 4421 medii

111 4460 233 4519 τοῖς
292 4460 478 4528 μέσοις
527 4460 763 4529 εὐλόγως
817 4464 1126 4532 χρήσασθαι
1174 4464 1502 4533 πράγμασι·
1565 4466 1597 4531 ἡ
1633 4465 1689 4517 δὲ

1805 4457 2007 4513 ordinis
2030 4457 2231 4510 docent
2253 4454 2648 4509 convenienter
2676 4470 2745 4507 ex
2782 4454 2993 4508 ratione
3022 4454 3100 4508 uti
3124 4473 3135 4508 :
3173 4447 3371 4509 convc-

112 4547 338 4615 εὔλογος
366 4550 475 4602 τῶν
504 4551 684 4620 μέσων
708 4555 934 4623 χρῆσις,
970 4554 1066 4623 τὴν
1105 4555 1203 4623 τῆς
1235 4554 1411 4624 ψυχῆς
1437 4555 1691 4621 καθαίρει

110 4640 489 4694 κατάστασιν
533 4643 566 4711 ἡ
596 4642 667 4695 δὲ
703 4643 920 4715 καθαρά
968 4647 1320 4708 κατάστασις,
1372 4646 1550 4700 τίκτει
1594 4649 1692 4717 τὴν

107 4732 393 4802 διάκρισιν
418 4736 433 4762 "
466 4738 498 4804 ἡ
522 4734 583 4787 δὲ
608 4735 909 4806 διάκρισις,
956 4739 1131 4790 τίκτει
1174 4739 1270 4807 τὴν
1298 4738 1568 4794 ἀπάθειαν
1590 4782 1605 4806 ,
1635 4742 1694 4807 ἐξ

106 4821 183 4897 ἧς
219 4826 460 4879 τίκτεται
488 4830 520 4898 ἡ
548 4827 729 4882 τελεία
754 4831 964 4901 ἀγάπη.

190 4992 297 5061 ιιβν.
334 4994 501 5047 Οὔπω
554 4995 667 5064 ἔχει
717 4995 815 5065 τὴν
870 4995 1139 5049 ἀπάθειαν
1168 5036 1180 5055 ,
1211 4998 1240 5048 ὁ
1272 4998 1359 5050 διὰ
1419 4998 1689 5068 σύμῆαςιν

110 5084 462 5154 πειρασμοῦ,
516 5085 577 5137 τὸ
630 5085 918 5155 ἐλάττωμα
974 5085 1065 5137 τοῦ
1110 5086 1263 5153 φίλου
1316 5090 1692 5157 παραδλὲπειν

112 5171 197 5241 μὴ
235 5170 562 5240 δυνάμενος,
598 5172 630 5242 ἢ
669 5170 727 5223 ὃν
773 5172 953 5241 τυχὸν,
1001 5170 1033 5241 ἢ
1069 5172 1124 5223 δὲ
1174 5169 1315 5236 εἶναι
1364 5174 1573 5230 δοκοῦν.
1609 5180 1691 5233 Τά

193 5309 238 5339 ’θ
272 5308 406 5401 Dan.
441 5324 555 5372 xm,
586 5308 613 5360 1
653 5284 825 5377 seqq."
882 5307 927 5338 ³ο
949 5307 970 5360 I
996 5306 1121 5360 Cor.
1150 5306 1337 5371 mle.

189 5422 265 5503 (ιι)
386 5421 453 5473 δὲ
483 5420 599 5502 τῆς.
621 5420 965 5503 προσευχῆς
989 5420 1374 5503 κατάστασις.
1409 5423 1513 5503 _Pro
1543 5432 1686 5503 statu

106 5507 181 5548 ac
203 5491 399 5545 indole
432 5492 672 5559 accipio;
701 5492 1003 5561 scentulum
1048 5491 1193 5559 quod
1228 5492 1462 5561 Hesych.
1495 5501 1552 5546 et
1582 5494 1688 5549 Va-
1721 5506 1726 5511 '

110 5563 248 5617 rino
271 5562 350 5623 τὸ,
385 5557 734 5623 κατάστασις,
771 5560 911 5619 ,ωοῤ
938 5557 1080 5627 ἦθος
1099 5557 1365 5614 redditur.
1392 5562 1507 5615 Hoc
1539 5565 1688 5617 enim

109 5633 317 5687 Volunt
374 5631 506 5700 ipsae
551 5630 818 5684 orationis
865 5629 1204 5683 deﬁnitionis
1249 5632 1582 5686 Damasceno
1637 5643 1692 5688 et

106 5702 245 5757 aliis
275 5700 487 5754 tradita:
508 5718 532 5752 -ι
565 5700 810 5769 Ascensio
848 5701 1035 5769 mentis
1068 5701 1123 5751 in
1163 5704 1354 5763 Deum,
1391 5702 1570 5769 petitio
1596 5704 1686 5755 de-

107 5773 351 5827 centium
391 5789 425 5824 a
474 5769 603 5832 Deo,
641 5779 748 5825 etc.
778 5768 967 5824 Oratio
997 5767 1179 5837 itaque
1207 5767 1400 5839 suapte
1429 5770 1612 5826 indole
1636 5782 1692 5827 et

1801 4552 1959 4605 niens
1996 4556 2177 4602 autem
2212 4561 2387 4615 exque
2414 4545 2622 4599 ratione
2650 4562 2834 4599 rerum
2862 4546 3165 4600 mediarum
3215 4563 3367 4611 usus,

1800 4643 1966 4697 animi
2001 4648 2199 4694 statum
2225 4645 2452 4707 purgat;
2482 4636 2634 4706 isque
2670 4646 2952 4706 purgatus,
2981 4638 3366 4693 discretionem

1802 4734 1975 4804 parit;
2005 4732 2286 4792 discretio,
2324 4730 2874 4798 imperturbationcm
2913 4730 3190 4800 animique
3237 4733 3370 4786 alii--

1801 4827 2076 4881 ctionibus
2106 4823 2261 4877 vacui
2312 4822 2799 4891 tranquillitatem;
2857 4838 2925 4875 ex
2980 4838 3087 4890 qua
3146 4821 3367 4876 demum

1800 4914 2042 4983 perfecta
2075 4910 2315 4964 cllaritas
2348 4909 2617 4978 procedit.

1867 5001 2027 5073 457
2071 4999 2158 5052 92.
2194 4996 2447 5051 Nondum
2497 4995 3044 5065 imperturbationcm
3064 4997 3365 5065 animique,

1799 5094 2002 5149 sedatis
2031 5090 2342 5151 affectibus,
2375 5088 2829 5156 tranquillitatcm
2862 5086 3094 5155 adeptus
3141 5096 3249 5153 est,
3269 5091 3363 5157 qui

1797 5202 1863 5239 eo
1887 5183 2035 5253 quod
2058 5180 2288 5235 tentatio
2333 5178 2631 5247 duriusque
2676 5178 2877 5247 aliquid
2923 5176 3142 5243 accidit,
3204 5180 3365 5234 amici

1796 5425 2027 5481 ratione.
2078 5431 2314 5476 mentem
2352 5420 2455 5488 ipsi
2486 5420 2597 5473 Deo
2642 5419 2804 5473 sistit.
2854 5419 2961 5473 Sic.
3008 5436 3127 5489 cap.
3168 5421 3228 5475 91
3275 5436 3366 5475 ac-

1796 5495 1902 5564 cipi
1935 5493 2172 5553 videtur,
2212 5493 2244 5558 ὴ
2277 5491 2375 5564 τῆς
2405 5489 2581 5557 ψυχῆς
2611 5491 2958 5564 κατάστασις,
2988 5506 3149 5559 quam
3184 5506 3365 5564 rerum

1797 5560 2098 5618 mediarum
2130 5561 2465 5614 conveniens
2494 5572 2628 5611 usus
2664 5566 2719 5612 et
2744 5573 2808 5611 ex
2843 5560 3074 5623 ratione,
3108 5561 3366 5614 mundam

1797 5631 2049 5703 prmstét;
2080 5639 2141 5683 ut
2165 5630 2248 5703 sic
2266 5629 2479 5703 animus
2496 5627 2650 5696 quasi
2801 5643 3019 5697 suaeque
3048 5629 3217 5685 indoli
3246 5631 3370 5685 red-

1799 5697 1979 5767 datur,
2017 5699 2260 5771 depulsis
2301 5699 2563 5755 vitiorum
2597 5697 2874 5752 sordibus.
