3876 6314
510 357 638 422 1671

1668 357 1734 420 8.,
1771 355 2058 418 ΜΑΧΙΜῙ
2093 356 2605 420 CONFESSORIS

3661 353 3776 416 illi!

509 471 809 538 defectum,
839 473 958 529 sive
985 473 1079 544 qui
1116 489 1242 529 rore
1275 475 1456 545 reipsa
1500 476 1590 540 sit,
1630 477 1746 531 sive
1781 478 1875 548 qui
1908 477 2095 531 videa-

2211 477 2304 548 τὰρ
2335 477 2633 548 ἐγκείμενα
2685 478 2752 546 τῇ
2793 474 2938 545 ψυχῇ
2977 473 3124 544 πάθη
3160 473 3638 542 ἐκταρασπτμεεετι
3659 472 3772 540 (δεμ,

509 573 618 626 tur,
656 564 1006 620 dissimulare
1066 566 1266 620 nescit.
1317 566 1642 638 lngrucntes
1693 569 1841 623 enim
1903 569 2088 623 animo

509 656 712 710 turbati
734 671 798 711 ac
817 657 1126 728 exasperati
1143 657 1394 724 aﬂ‘cctus,
1409 669 1650 714 mentem
1673 672 1970 727 exczecant,
1985 677 2089 716 nec

509 745 781 815 fulgentes
831 746 1084 803 veritatis
1143 747 1330 803 radios
1374 749 1562 803 videre
1603 749 1813 814 sinunt,
1867 766 1973 805 nec
2028 759 2090 805 ut

511 837 684 892 virtus
710 837 1062 893 discernatur
1091 855 1121 895 a
1147 841 1304 895 vitio.
1336 841 1480 912 Ergo
1517 842 1614 912 qui
1657 843 1930 914 ejusmodi
1981 852 2086 908 est,

511 928 744 982 necdum
791 930 1091 1000 perleetam
1155 933 1496 1002 comparavit
1564 933 1916 997 charitatem,
1968 949 2090 1003 qua:

510 1017 660 1074 foras
693 1018 861 1074 mittit
883 1020 1076 1090 judicii
1101 1021 1354 1075 timorem
1378 1021 1446 1074 “.
1646 1088 1656 1097 _

584 1109 675 1164 95.
703 1110 869 1164 Amici
895 1109 1066 1178 ﬁdelis
1095 1110 1246 1165 nulla
1293 1120 1368 1166 est
1401 1113 1740 1166 commutatio
1781 1111 1826 1144 θ’
1871 1127 1884 1164 :
1932 1108 2088 1177 Quod

519 1201 585 1262 is,
625 1199 788 1254 amici
824 1217 1098 1257 aerumnas
1146 1217 1210 1257 ae
1255 1204 1419 1268 mala,
1462 1215 1561 1258 sua
1618 1203 1794 1273 ipsius
1838 1211 2090 1272 reputet;

514 1293 763 1363 duraque
796 1309 860 1348 ac
889 1295 1118 1349 molesta
1164 1293 1244 1348 illi
1293 1295 1480 1350 socius
1530 1296 1596 1350 ad
1629 1305 1864 1351 mortem
1916 1311 2089 1366 usque

515 1386 734 1442 toleret.

580 1477 668 1532 94.
703 1477 1019 1532 Amicorum
1043 1476 1268 1546 quidem
1293 1478 1488 1548 ingens
1512 1494 1806 1543 numerus,
1856 1478 1910 1532 id
1954 1493 2090 1534 vero

514 1567 680 1624 rebus
710 1567 967 1622 secundis
988 1581 1052 1622 ac
1079 1568 1357 1638 prosperis
1391 1585 1406 1622 :
1452 1578 1712 1624 caeterum
1756 1569 1949 1625 iisdem
1989 1585 2091 1626 nu-

515 1659 640 1714 bilis
667 1667 830 1729 atque
861 1658 1118 1725 turbatis,
1148 1660 1240 1714 vix
1270 1676 1441 1715 unum
1470 1660 1770 1717 inveneris.

583 1748 671 1803 95.
727 1749 932 1805 Omnes
971 1749 1195 1820 quidem
1250 1766 1318 1806 ex
1367 1752 1556 1807 animo
1611 1753 1872 1825 diligendi
1920 1762 2086 1807 sunt:

2193 570 2454 639 ὲκτυερλοῖ
2476 570 2573 641 τὴν
2600 568 2857 632 διάνοιαν,
2888 567 2984 622 καὶ
3007 568 3109 620 οὑκ
3144 568 3209 637 ἐᾷ
3248 564 3555 630 διαϐλέψαι
3581 566 3661 624 εἰς
3695 566 3772 620 τὰς

2193 661 2293 730 τῆς
2321 660 2581 732 ἀληθείας
2609 660 2808 728 αὐγὰς,
2839 659 2958 713 οὐδὲ
2987 658 3270 730 διακρῖναι
3299 656 3367 709 τὸ
3399 659 3664 725 κρεῖττον
3688 656 3774 705 5:5

2195 751 2289 805 τοῦ
2321 752 2581 822 χείρονος.
2621 753 2734 805 Ούκ
2766 751 2875 822 ἄρα
2901 745 2993 804 οὖν
3027 749 3149 802 οὐδὲ
3176 748 3277 816 τὴν
3306 745 3544 799 τελείαν
3577 745 3772 811 ἀγάπην

2193 847 2222 898 ὁ
2250 844 2490 908 τοιοῦτος
2519 845 2821 914 ἐκτήσατο,
2873 843 2974 914 τὴν
3012 840 3119 906 ἔξω
3163 839 3479 910 βάλλουσαν
3513 837 3610 889 τὸν
3636 836 3769 903 σόϐει

2193 937 2289 1007 τῆς
2325 936 2584 1008 κρίσεως.

2262 1118 2372 1182 tm.
2433 1113 2621 1168 Φίλου
2687 1108 2908 1166 πιστοῦ
2963 1110 3076 1164 οὐκ
3136 1091 3321 1162 ἔστιν
3356 1103 3765 1172 dav-trinam.

2208 1205 2425 1277 Ἐπειδὴ
2496 1205 2597 1267 τὰς
2650 1203 2747 1258 τοῦ
2824 1204 2982 1273 φίλου
3049 1199 3338 1272 συμφορὰς
3365 1238 3384 1262 ,
3459 1199 3610 1260 ἰδίας
3653 1198 3770 1260 λοτέ-

2195 1296 2346 1358 ζεται
2372 1311 2386 1325 ο
2423 1295 2518 1348 καὶ
2553 1293 2917 1364 ωνυποφέρει
2949 1289 3098 1362 αὐτῷ
3134 1290 3296 1360 μέχρι
3338 1287 3602 1342 θανάτου
3628 1301 3769 1341 καιν-

2194 1385 2401 1440 παθῶν.

2265 1474 2366 1544 ιδ’.
2397 1474 2588 1530 Πολλοὶ
2641 1475 2741 1545 μέν
2777 1474 2830 1526 oi
2864 1473 3011 1543 φίλοι
3030 1516 3044 1537 ,
3100 1470 3215 1524 ἀλλ’
3248 1472 3312 1524 ἐν
3364 1467 3567 1540 καιρῷ
3599 1469 3775 1539 εὐημε-

2197 1566 2349 1638 ρίας·
2396 1567 2455 1618 ἐν
2498 1563 2557 1618 δὲ
2605 1562 2785 1634 καιρῷ
2829 1562 3192 1632 πειρασμῶν,
3229 1560 3392 1631 μόλις
3429 1560 3506 1613 ἂν
3534 1559 3775 1629 εὑρήσεις

2193 1657 2307 1711 Eva.

2267 1751 2366 1813 ιβ’.
2397 1746 2582 1800 Πάντα
2620 1745 2720 1816 μὲν
2750 1743 3059 1816 ἄνθρωπον,
3098 1745 3164 1796 ἐκ
3185 1743 3372 1813 ψυχῆς
3421 1742 3775 1810 ἀγαπητέον·

516 1855 708 1896 verum
733 1841 788 1896 in
816 1842 936 1896 solo
968 1843 1081 1897 Deo
1118 1843 1438 1898 collocanda
1460 1860 1604 1914 spes,
1636 1861 1814 1914 exque
1851 1852 1964 1898 tota
1985 1844 2098 1899 vir-

2211 1839 2294 1891 ὲπὶ
2324 1835 2402 1908 τῷ
2431 1835 2550 1906 Θεῷ
2578 1836 2633 1889 δὲ
2666 1837 2812 1906 μόνῳ
2833 1837 2934 1904 τὴν
2961 1833 3154 1888 ἐλπίδα
3186 1831 3402 1896 θετέον,
3438 1833 3548 1885 καὶ
3581 1832 3643 1897 ἐξ
3670 1830 3777 1892 ὅλης

519 1941 637 1988 tute
661 1933 742 1987 illi
777 1933 1154 1987 serviendum.
1184 1933 1440 1999 Quandiu
1471 1935 1619 1990 enim
1651 1950 1754 1990 nos
1813 1935 1933 2004 ipse
1965 1951 2098 1991 con-

517 2029 718 2089 servat,
745 2031 861 2078 tum
903 2039 1007 2078 nos
1034 2039 1228 2079 omnes
1262 2025 1421 2079 amici
1461 2026 1671 2091 colunt,
1717 2035 1832 2082 tum
1887 2023 2097 2080 inimici

518 2127 712 2168 omnes
736 2129 800 2168 ac
819 2113 1121 2168 adversarii
1147 2114 1286 2167 nihil
1338 2125 1538 2170 nocere
1565 2124 1816 2186 possunt.
1869 2115 1967 2170 Illo
2003 2132 2098 2170 au-

519 2213 628 2258 tem
658 2205 979 2270 deserente,
1014 2213 1130 2259 tum
1195 2221 1297 2260 nos
1337 2205 1498 2260 amici
1536 2221 1729 2261 omnes
1753 2215 2096 2273 aversantur,

522 2305 638 2349 tum
664 2295 877 2351 inimici
902 2310 1096 2352 omnes
1119 2296 1414 2352 adversum
1441 2311 1543 2353 nos
1569 2297 1886 2367 pravalent.

591 2469 680 2525 96.
715 2471 967 2536 Quatuor
997 2470 1298 2526 universim
1322 2479 1452 2525 sunt
1480 2471 1859 2527 derelictionis
1901 2472 2049 2526 modi
2080 2489 2095 2527 :

521 2561 736 2630 primus
765 2569 914 2614 certa
936 2560 1172 2630 quadam
1203 2561 1617 2631 dispensatione
1646 2578 1709 2617 ac
1756 2562 1972 2617 consilii
2009 2579 2098 2616 ra-

521 2650 695 2711 tione,
729 2650 875 2703 velut
905 2649 962 2703 in
985 2648 1228 2714 Christo,
1255 2658 1316 2704 u-t
1345 2667 1445 2720 per
1479 2667 1604 2706 eam
1641 2666 1762 2721 qua:
1786 2651 2096 2716 videbatur,

524 2740 964 2807 derelictionem,
1003 2741 1097 2811 qui
1127 2741 1382 2797 derelicli
1425 2753 1587 2799 erant
1629 2744 1863 2798 salutem
1909 2758 2101 2798 conse-

525 2838 860 2900 querentur;
891 2832 1188 2900 secundus,
1219 2833 1313 2903 qui
1368 2843 1455 2890 est
1503 2835 1851 2905 probationis
1909 2850 2095 2900 causa,

523 2929 588 2978 ut
621 2924 680 2980 in
700 2923 840 2978 Jobo
855 2939 919 2979 ac
935 2924 1198 2996 Josepho,
1227 2933 1288 2980 ut
1321 2927 1461 2980 alter
1481 2927 1706 2996 quidem
1735 2925 2098 2993 fortitudinis,

527 3011 664 3065 alter
716 3025 848 3066 vero
906 3011 1187 3068 castitatis
1253 3022 1452 3067 erectae
1523 3013 1791 3067 columnae
1845 3011 2099 3081 titulique

524 3102 854 3155 exsisterent
879 3118 892 3166 ;
921 3103 1137 3169 tertius,
1165 3103 1495 3157 eruditionis
1524 3118 1685 3157 causa
1731 3102 2012 3173 spiritalis,
2041 3109 2102 3155 ut

2200 1928 2383 2000 ἰσχύος
2440 1927 2604 1982 αὑτὸν
2673 1927 3058 1998 θεραπευτέον.
3137 1925 3372 1994 Ἐφόσον
3468 1927 3590 1996 γὰρ
3639 1923 3776 1983 αὐτὸς

2198 2015 2346 2085 ἡμᾶς
2375 2016 2652 2086 sumpsi,
2682 2015 2736 2068 οί
2759 2031 2820 2068 τε
2844 2013 2987 2084 φίλοι
3010 2013 3216 2077 πάντες
3237 2013 3394 2083 ἡμᾶς
3433 2013 3771 2082 περιέπουσι.

2197 2107 2294 2160 καὶ
2358 2108 2406 2160 οἱ
2463 2105 2650 2177 ἐχθροὶ
2715 2107 2920 2168 πάντες
2979 2105 3116 2175 πρὸς
3177 2106 3332 2175 ἡμᾶς
3398 2103 3770 2159 ﬂava-mima.

2209 2195 2379 2250 Ἐπὰν
2411 2195 2468 2248 δὲ
2506 2193 2668 2258 αὐτὸς
2695 2196 2845 2265 ἡμᾶς
2873 2193 3238 2264 ἐγκαταλίπῃ,
3306 2191 3430 2248 οἵτε
3466 2193 3622 2260 φίλοι
3656 2192 3768 2243 πέν-

2197 2303 2289 2349 τες
2314 2286 2461 2356 ἡμᾶς
2490 2285 2942 2356 ἀποστρέφονται,
2971 2285 3068 2338 καὶ
3095 2287 3144 2338 ot
3185 2283 3376 2355 ἐχθροὶ
3420 2285 3639 2348 πάντες
3661 2282 3768 2335 καθ’

2199 2379 2231 2448 ἡ
2239 2377 2358 2449 μῶν
2391 2378 2654 2448 ἰσχύουσι.

2272 2475 2388 2538 ιιςό
2439 2470 2713 2540 Τέσσαρές
2761 2471 2869 2523 είσι
2917 2469 3126 2538 γενικοὶ
3175 2468 3766 2539 ἐγκαταλείψωκτρι

2199 2581 2291 2616 ποι
2318 2580 2332 2595 ’
2373 2564 2405 2632 ἡ
2445 2564 2579 2633 μὲν,
2615 2560 2972 2632 οἰκονομικὴ,
3015 2562 3092 2622 ὡς
3139 2562 3235 2614 ἐπὶ
3281 2561 3384 2613 τοῦ
3418 2561 3668 2630 Κυρίουο
3698 2562 3768 2613 ἵνα

2198 2655 2286 2710 διὰ
2309 2655 2411 2725 τῆς
2441 2655 2705 2716 δοκούσης
2738 2652 3202 2722 ἐγκαταλείψεως,
3248 2654 3299 2706 οι
3346 2653 3766 2721 ἐγκαταλελειμο

2202 2746 2353 2817 μένοι
2407 2744 2674 2799 σωθῶσιν.
2723 2744 2787 2796 Ἢ
2817 2744 2910 2808 δὲ,
2958 2743 3094 2814 πρὸς
3121 2743 3392 2813 δοκιμὴν,
3435 2743 3522 2797 ὡς
3555 2743 3652 2794 ἐπὶ
3691 2741 3769 2792 τοό

2211 2835 2333 2889 Ἰὼϐ
2361 2835 2456 2888 καὶ
2485 2836 2715 2904 Ἰωσήφ·
2748 2835 2834 2888 ἵνα
2860 2837 2889 2888 ὁ
2916 2835 3034 2904 μὲν,
3064 2833 3320 2902 ἀνδρείας
3353 2851 3371 2864 ο
3394 2836 3425 2886 ὁ
3462 2833 3549 2897 δὲ,
3583 2848 3772 2901 cur???

2203 2928 2368 2999 σύνης
2409 2929 2601 2998 στῆλαι
2634 2927 3003 2996 ἀναφανῶσιν.
3065 2927 3131 2979 Ἦ
3159 2927 3216 2978 δὲ
3243 2966 3260 2989 ,
3309 2925 3455 2996 πρὸς
3511 2926 3770 2978 παίδευσιν

2202 3020 2599 3091 πνευματικὴν,
2645 3020 2720 3084 ὡς
2749 3021 2842 3072 ἐπὶ
2871 3020 2964 3074 τοῦ
3004 3018 3355 3082 Ἀποστὸλου,
3394 3019 3488 3071 ἵνα
3537 3033 3770 3070 ταπεινῆ-

2203 3110 2436 3182 φρονῶν,
2471 3112 2568 3182 τὴν
2605 3110 2911 3181 ὑπερϐολὴν
2941 3109 3147 3180 φυλάξῃ
3188 3109 3291 3177 τῆς
3317 3109 3586 3178 ’χάριτος
3633 3108 3692 3160 Ἡ
3723 3105 3768 3156 δὲ

527 3193 582 3245 in
607 3192 903 3261 Apostolo,
941 3209 1052 3261 quo
1076 3195 1187 3259 ille,
1233 3209 1430 3250 sensus
1475 3195 1743 3248 modestia
1779 3210 1844 3248 ac
1874 3192 2098 3248 humili-

2211 3203 2349 3257 κατὰ
2376 3204 2744 3273 ἀποστροφὴν,
2776 3203 2849 3266 ὼς
2879 3202 2970 3254 ἐπὶ
2997 3201 3107 3254 τῶν
3167 3199 3472 3264 Ἰουδαίων,
3508 3199 3597 3251 ἵνα
3629 3198 3764 3250 κοιτ-

529 3291 658 3346 tate,
705 3282 1106 3352 praecellentem
1147 3285 1380 3354 gratiam
1428 3295 1813 3352 conservaret;
1867 3294 2099 3355 quartus

529 3387 626 3442 per
654 3372 1018 3438 eversionem,
1046 3384 1106 3430 ut
1140 3374 1196 3428 in
1217 3374 1422 3430 Judaeis
1444 3418 1458 3441 ,
1487 3385 1548 3428 ut
1599 3375 1810 3429 scilicet
1865 3373 2098 3443 castiga-

529 3467 678 3520 tione
732 3465 958 3530 eruditi,
1005 3465 1072 3520 ad
1118 3466 1497 3536 paenitentiam
1540 3467 1912 3521 ﬂecterentur.
1961 3465 2102 3520 Sunt

529 3572 660 3610 vero
690 3571 885 3610 omnes
904 3556 960 3609 hi
979 3557 1125 3610 modi
1162 3557 1448 3622 salutares,
1473 3557 1780 3626 divinaeque
1840 3558 2102 3613 bonitatis

531 3643 676 3715 pleni
703 3660 768 3698 ac
795 3644 1185 3700 miserationis.

600 3735 689 3790 97.
725 3736 766 3790 li
810 3735 1074 3808 duntaxat
1099 3737 1195 3806 qui
1238 3736 1494 3791 mandata
1523 3735 1816 3808 diligenter
1858 3745 2099 3804 servant,

530 3839 764 3898 suntque
793 3829 908 3882 veri
936 3827 1248 3883 divinorum
1272 3828 1605 3900 iudiciorum
1641 3838 1849 3901 mystae,
1874 3830 2099 3894 amicos,

529 3919 626 3988 qui
647 3919 830 3973 divina
887 3920 1248 3988 permissione
1300 3928 1602 3986 tententur,
1642 3936 1753 3975 non
1817 3921 2098 3976 deserunt.

529 4009 632 4076 Qui
657 4019 842 4064 autem
869 4010 1125 4064 n‘iandata
1155 4018 1534 4072 contemnunt,
1566 4025 1669 4064 nec
1693 4010 1875 4064 divina
1894 4009 2100 4080 judicia

529 4103 676 4157 docti
703 4111 852 4167 sunt,
880 4112 997 4156 tum
1025 4093 1244 4172 quidem
1274 4117 1399 4157 cum
1423 4102 1631 4156 amicus
1655 4101 1913 4156 secundis
1941 4102 2104 4157 rebus

533 4193 728 4258 utitur,
762 4195 888 4264 ejus
915 4193 1050 4248 socii
1101 4193 1384 4248 felicitatis
1417 4192 1687 4246 accedunt
1727 4208 1741 4244 :
1793 4191 1892 4246 ubi
1921 4201 2102 4246 autem

533 4283 589 4335 in
611 4281 912 4335 tentatione
933 4283 1145 4351 positus
1170 4281 1326 4336 malis
1351 4280 1603 4346 adicitur,
1631 4296 1758 4335 eum
1817 4279 2099 4336 deserunt.

533 4372 1108 4448 Quinetquandoque
1157 4373 1215 4426 in
1251 4372 1688 4427 adversariorum
1737 4381 1924 4442 partes
1970 4386 2104 4426 con-

533 4463 758 4518 cedunt.

2202 3295 2420 3365 ζόμενοι
2469 3293 2606 3365 πρὸς
2663 3293 2949 3364 μετάνοιαν
2993 3288 3472 3359 κατακαμφθῶσι.
3523 3289 3766 3355 Σωτήρια

2198 3387 2255 3441 δὲ
2289 3386 2481 3448 πάντες
2514 3387 2563 3438 οἱ
2591 3386 2783 3456 τρόποι
2815 3385 3151 3454 ὑπάρχουσι,
3193 3381 3289 3434 καὶ
3317 3385 3428 3451 τῆς
3457 3380 3616 3445 θείας
3643 3381 3766 3446 ἄγιν

2201 3477 2423 3548 θότητος
2452 3477 2547 3529 καὶ
2575 3475 2984 3546 φιλανθρωπίας
3013 3473 3336 3544 ἀνάμεστοι.

2271 3740 2376 3809 ιιζν.
2407 3739 2574 3794 Movet
2604 3742 2654 3792 οί
2699 3738 2951 3808 ἀκριϐεῖς
2973 3736 3084 3790 τῶν
3114 3734 3351 3788 ἐντολῶν
3379 3733 3648 3804 φύλακες.
3683 3732 3762 3785 ra‘:

2200 3837 2412 3905 γνήσιοι
2460 3831 2568 3884 τῶν
2610 3817 2767 3884 θείων
2822 3829 3110 3899 χριμάτων
3161 3826 3402 3896 μύσται,
3460 3826 3597 3885 τοὺς
3638 3826 3761 3876 κατὰ

2203 3923 2552 3996 συγχώρησιν
2599 3919 2738 3974 Θεοῦ
2784 3918 3255 3990 πειραζομένους,
3301 3917 3365 3969 οὗ
3427 3914 3760 3983 καταλιμπά-

2201 4034 2352 4072 νουσι
2383 4015 2587 4083 φίλους.
2620 4015 2683 4067 Οί
2717 4012 2774 4066 δὲ
2806 4013 2916 4065 τῶν
2948 4010 3178 4068 ἐντολῶν
3219 4010 3660 4079 καταφρονηταὶ,
3686 4008 3760 4058 κεί

2200 4110 2309 4164 τῶν
2341 4108 2500 4162 θείων
2530 4105 2812 4178 χριμάτων
2835 4103 3104 4174 ἀμύητοι,
3137 4104 3266 4156 ὅταν
3293 4100 3396 4170 μὲν
3429 4103 3460 4152 ὁ
3503 4100 3661 4168 φίλος
3691 4099 3758 4148 εει-

2200 4202 2406 4271 ημερῇ,
2441 4196 2904 4251 συναπολαύουσιν
2928 4194 3096 4264 αὐτῷ·
3127 4193 3268 4246 ἐπὰν
3294 4192 3351 4245 δέ
3381 4190 3756 4260 πειραζόμενις

2202 4287 2524 4359 κακοπαθῇ,
2565 4285 3071 4355 καταλιμπάνουσιν
3109 4283 3297 4338 αὐτόν.
3348 4283 3511 4335 Ἔστι
3552 4281 3611 4333 δὲ
3649 4280 3756 4331 ὅταν

2202 4382 2300 4434 καὶ
2329 4378 2468 4450 μετὰ
2509 4379 2616 4432 τῶν
2647 4376 2906 4430 ἐναντίων
2941 4376 3209 4430 ἵστανται.

603 4552 769 4625 458
793 4553 882 4608 98.
913 4551 1122 4608 Christi
1142 4553 1326 4618 amici,
1346 4569 1474 4608 vere
1495 4563 1549 4609 et
1569 4570 1634 4609 ex
1662 4557 1847 4610 animo
1877 4563 2098 4611 cunctos

2279 4555 2387 4624 ιη’.
2421 4557 2488 4608 Οἱ
2531 4553 2629 4624 μὲν
2675 4552 2768 4606 τοῦ
2798 4551 3039 4623 Χριστοῦ
3074 4551 3240 4620 φίλοι,
3274 4551 3490 4613 πάντας
3521 4547 3756 4619 iratis:

484 4702 496 4709 ,
535 4643 772 4713 diligunt
801 4661 815 4697 :
855 4659 965 4698 non
997 4653 1178 4698 tamen
1207 4644 1276 4699 ab
1304 4645 1558 4700 omnibus
1574 4646 1896 4716 diliguntur.
1921 4648 2106 4702 Mundi

533 4741 716 4787 autem
767 4734 953 4798 amici,
1005 4750 1110 4789 nec
1163 4748 1356 4788 omnes
1405 4735 1660 4805 diligunt,
1692 4752 1796 4792 nec
1835 4737 1903 4791 ab
1933 4739 2109 4792 omni-

537 4825 641 4880 bus
667 4824 986 4896 diliguntur.
1015 4825 1094 4880 Ac
1119 4826 1342 4896 quidem
1371 4825 1574 4882 Christi
1597 4829 1782 4894 amici,
1838 4829 1891 4881 in
1946 4828 2107 4883 ﬁnem

536 4930 764 4987 usquam
803 4914 1104 4984 perfectam
1137 4923 1358 4969 servant
1381 4915 1706 4970 charitatem
1735 4933 1750 4981 ;
1793 4915 1984 4969 mundi
2009 4931 2103 4969 au-

535 5015 668 5074 tem,
693 5007 868 5062 donec
901 5007 1042 5062 alter
1060 5007 1297 5062 alterum
1321 5023 1509 5062 rerum
1536 5007 1719 5062 saeculi
1735 4991 1913 5062 causa
1929 5005 2104 5061 offen-

536 5099 741 5154 derint.

603 5191 693 5248 99.
747 5191 941 5246 Fidelis
1010 5194 1233 5256 amicus,
1303 5193 1554 5262 protectio
1620 5190 1780 5259 ﬁrma
1829 5192 1893 5245 ³³.
1947 5190 2107 5257 Quod

535 5299 730 5354 nempe
759 5285 956 5350 amico,
974 5293 1030 5339 et
1051 5284 1180 5338 dum
1200 5283 1458 5340 secundis
1477 5284 1644 5339 rebus
1665 5283 1859 5350 utitur,
1895 5283 2104 5353 probus

537 5377 774 5432 monitor
791 5377 862 5430 sit
879 5392 943 5431 ac
963 5376 1310 5431 consiliarius
1335 5376 1718 5444 unanimisque
1740 5375 1968 5446 adiutor;
1988 5385 2104 5428 tum

537 5466 642 5523 illis
669 5465 875 5521 nubilis
900 5476 1062 5534 atque
1089 5465 1358 5528 adversis,
1389 5463 1796 5518 sincerissimus
1844 5462 2103 5516 defensor

533 5571 598 5611 ac
623 5566 994 5630 propugnator
1019 5555 1468 5612 olliciosissimus.

599 5736 650 5769 ³⁸
679 5735 837 5792 Joan.
869 5751 944 5803 ιν,
971 5735 1058 5790 18.
1135 5736 1179 5769 ³³
1203 5732 1373 5790 Eccli.
1406 5749 1478 5799 ιν,
1520 5733 1605 5788 15.
1683 5733 1728 5765 ³³
1752 5731 1918 5788 Eccli.
1953 5746 2026 5796 vr,
2063 5731 2147 5786 M.

2203 4646 2459 4718 γνησίως.
2495 4645 2608 4714 Οὐχ
2641 4642 2745 4696 ὑπὸ
2773 4644 2992 4697 πάντων
3019 4643 3078 4696 δὲ
3106 4642 3454 4711 ἀγαπῶνται.
3485 4643 3551 4695 Οἱ
3593 4642 3650 4694 δὲ

2205 4742 2414 4809 κόσμου
2467 4738 2634 4807 φίλοι,
2691 4737 2812 4791 οὐδὲ
2875 4737 3084 4801 πάντας
3138 4737 3419 4805 ἀγαπῶσι,
3478 4737 3600 4790 οὐδὲ
3663 4736 3751 4787 ΰτὲ

2207 4833 2427 4887 ⁴πάντων
2453 4829 2797 4899 ἀγαπῶνται.
2830 4829 2939 4882 Καὶ
2967 4831 3020 4882 οἱ
3052 4830 3160 4900 μὲν
3177 4828 3269 4883 τοῦ
3313 4828 3576 4898 Χριστοῦ,
3613 4827 3754 4896 μέχρι

2207 4923 2395 4985 τέλους
2440 4921 2539 4992 τὴν
2574 4922 2856 4992 συνέχειαν
2900 4921 3000 4989 τῆς
3041 4921 3263 4991 ἀγάπης
3305 4919 3688 4990 διατηροῦσιν
3715 4918 3752 4964 οὶ

2207 5014 2263 5067 δὲ
2303 5013 2396 5065 τοῦ
2447 5011 2653 5082 κόσμου
2675 5051 2690 5076 ,
2740 5013 2935 5083 μέχρις
2965 5006 3027 5066 οὗ
3068 5012 3325 5083 ἀλλήλοις
3361 5011 3451 5064 διὰ
3476 5010 3542 5062 τὰ
3571 5011 3754 5076 nam:

2212 5103 2574 5176 προσκρούσω
2585 5119 2660 5156 σι.
3143 5114 3152 5121 ’

2279 5195 2383 5262 ῑ-ιθ’.
2415 5195 2596 5260 Φίλος
2624 5193 2860 5260 πιστὸς,
2897 5191 3100 5260 σκέπη
3130 5191 3396 5260 separaui.
3443 5190 3654 5256 Ἐπειδὴ
3680 5187 3754 5238 ui

2209 5283 2572 5356 εὐημεροῦντι
2607 5283 2682 5354 τῷ
2728 5282 2867 5359 φίλῳ
2915 5281 3220 5351 σύμϐουλός
3254 5282 3403 5334 ἐστιν
3433 5278 3633 5347 ἀγαθὸς
3677 5273 3756 5325 καὶ

2213 5377 2474 5450 συνεργὸς
2501 5374 2782 5447 σύμψυχος
2808 5389 2821 5402 ·
2860 5373 2955 5426 καὶ
2993 5371 3396 5435 κακοπαθοῦντι
3432 5370 3755 5438 immani?

2209 5466 2578 5536 γνησιώτατος
2618 5465 2711 5518 καὶ
2742 5457 3060 5535 ύπέρμαχος
3096 5461 3567 5534 συμπτιθὲστατος.
