3876 6314
161 286 300 352 1073

1039 289 1376 351 CAPITUM
1416 290 1514 351 DE
1551 289 1985 351 CHARITATE
2023 290 2412 351 CENTURIA
2452 292 2548 352 IV.

3275 288 3413 354 107$

229 409 298 474 ρ’.
341 401 535 457 Πολλοὶ
559 400 662 473 μὲν
689 402 857 457 πολλά
890 405 1021 475 περὶ
1060 404 1281 475 ἀγάπης
1310 407 1600 478 εἰρήκασιν
1625 424 1638 435 ·
1672 406 1730 459 ἐν

1906 405 2026 463 100.
2060 406 2214 461 Multi
2244 406 2316 462 de
2350 406 2616 462 charitate
2656 403 2825 460 locuti
2849 410 2977 459 sunt
3008 420 3022 458 :
3055 402 3197 458 bane
3241 405 3416 460 enim-

160 498 347 567 μόνοις
383 495 441 549 δέ
485 497 597 559 τοῖς
626 496 863 567 Χριστοῦ
917 496 1188 569 μαθηταῖς
1222 500 1425 569 ταύτην
1469 500 1731 569 ζητήσας,

155 590 413 659 εὑρήσεις
436 602 450 617 ·
496 588 619 641 ἐπεὶ
648 589 744 641 καὶ
777 589 926 659 μόνοι
970 590 1121 643 αὐτοὶ
1170 589 1315 660 εἶχον
1343 591 1441 660 τὴν
1473 591 1734 662 ἀληθινὴν

167 676 417 747 Ἀγάπην
449 681 548 749 τῆς
582 679 804 749 ἀγάπης
843 680 1192 746 διδάσκαλον,
1244 682 1373 751 περὶ
1402 677 1468 753 ἦς
1504 682 1689 749 ἔλεγον
1714 697 1727 710 ·

166 769 316 824 Ἐὰν
342 770 464 840 ἔχω
485 773 876 841 προφητείαν,
895 772 993 826 καὶ
1017 773 1151 826 εἰδῶ
1170 773 1241 827 τὰ
1252 774 1558 842 μυστήρια
1577 773 1730 827 πάν-

150 878 225 915 τα
235 861 353 927 ,καὶ
371 861 578 918 πᾶσαν
590 866 704 932 τὴν
714 864 959 935 γνῶσιν,
974 864 1215 934 ἀγάπην
1227 865 1296 918 δὲ
1305 866 1390 935 μὴ
1410 865 1738 934 exmowa

149 952 522 1023 ὠφελοῦμαι.
568 954 628 1008 '0
656 951 751 1009 οὖν
784 958 1128 1026 κτησάμενος
1159 957 1257 1027 τὴν
1281 956 1529 1027 ἀγάπην,
1567 955 1731 1009 αὐτὸν

149 1047 250 1100 τὸν
282 1047 414 1103 Θεδν
445 1048 771 1117 ἐκτήσατο·.
804 1050 993 1119 ἐπειδὴ
1050 1051 1077 1102 ὁ
1125 1049 1269 1116 Θεὸς
1305 1048 1505 1119 ἀγάπη
1536 1049 1729 1103 ἐστίν.

150 1138 316 1210 Αὐτῷ
349 1139 382 1210 ἡ
413 1139 539 1205 δόξα
567 1141 647 1204 εἰς
677 1142 803 1204 τοὺς
831 1140 1052 1204 αἰῶνας.
1090 1142 1284 1212 Ἀμήν.

159 1254 342 1336 Τέλος
366 1255 485 1311 τῶν
512 1256 643 1326 περὶ
673 1255 910 1336 ἀγάπης
943 1256 1286 1336 κεςξαλαίων
1305 1257 1416 1326 τῆς
1450 1258 1732 1326 τετάρτης

718 1326 1132 1393 ἐκατοντάδος.

492 1438 981 1493 ΑΝειιιΓΡΑΦοΥ
1019 1440 1270 1494 ΣΧοΑιΑ
1293 1439 1393 1511 (π).

231 1554 301 1603 α’.
346 1549 535 1620 Ἡμεῖς
579 1550 699 1605 οὐδὲ
734 1550 913 1619 λόγοις
952 1552 1073 1606 οὑδέ
1125 1552 1308 1624 ἔργοις
1358 1534 1726 1626 παιδέύειν,ἤ

154 1639 265 1694 κᾶν
302 1639 657 1694 παιδεύεσθαι
690 1642 1020 1712 δυνάμενοι,
1067 1643 1246 1711 λόγοις
1284 1646 1560 1697 παιδεύειν
1604 1652 1726 1699 ἐπι-

1835 515 1968 553 vero
2002 499 2048 554 si
2075 499 2384 570 quaesieris,
2437 498 2493 552 in
2524 497 2658 552 solis
2712 495 2962 551 invenies
2998 494 3203 551 Christi
3256 494 3419 554 disci-

1835 588 1999 657 pulis.
2028 588 2161 642 Nam
2181 598 2235 643 et
2280 587 2337 641 hi
2362 586 2465 641 soli
2515 600 2702 641 veram
2747 584 3072 648 charitatem
3113 582 3415 650 habebant.

1835 698 1957 748 quae
1977 681 2201 735 doceret
2224 681 2583 744 charitatem;
2616 679 2685 733 de
2709 693 2816 748 qua
2856 677 3039 731 aiebat
3063 676 3356 745 Apostolus
3394 694 3413 730 :

1834 770 1891 825 Si
1923 773 2152 827 habuero
2186 773 2517 844 prophetiam
2546 781 2594 825 et
2638 772 2872 825 noverim
2904 771 3155 841 mysteria
3209 769 3412 833 omnia,

1833 873 1883 917 et
1906 879 2114 921 omnem
2138 867 2437 930 scientiam,
2464 865 2779 917 charitateut
2806 870 2983 916 autem
3027 878 3131 914 non
3158 859 3411 924 habuero.

1833 953 1967 1007 nihil
1995 955 2121 1009 mihi
2149 955 2359 1024 prodest
2383 954 2445 1008 ".
2468 953 2569 1020 Qui
2586 969 2718 1023 ergo
2743 960 2934 1008 nactus
2954 960 3039 1005 est
3063 950 3408 1013 charitatem.

1830 1045 2000 1099 Deum
2032 1054 2227 1102 nactus
2256 1055 2360 1109 est,
2405 1063 2472 1101 eo
2495 1046 2641 1115 quod
2668 1045 2806 1100 Deus
2838 1045 3070 1098 charitas
3093 1051 3168 1097 est
3204 1043 3268 1097 ".
3301 1041 3408 1112 Ipsi

1826 1134 2001 1203 gloria
2038 1136 2090 1189 in
2119 1138 2315 1201 sgecula
2344 1136 2691 1191 saeculorum.
2720 1135 2913 1189 Amen.

1932 1250 2073 1304 Finis
2106 1258 2295 1319 quater
2324 1261 2659 1303 centenorum
2688 1248 2919 1317 capitum
2942 1246 3008 1299 de
3026 1244 3302 1299 charitate.

2112 1426 2390 1486 lNCERTl
2426 1427 2772 1486 AUCTOBIS
2805 1424 3119 1483 SCHOLIA.

1902 1542 2086 1596 l.Nos
2113 1543 2207 1612 qui
2231 1557 2333 1597 nec
2379 1542 2566 1597 verbis
2612 1557 2715 1596 nec
2753 1540 3014 1611 operibus
3063 1538 3284 1602 docere,
3313 1544 3411 1592 aut

1827 1633 2021 1687 saltem
2051 1633 2237 1688 doceri
2262 1634 2559 1697 valeamus,
2613 1632 2801 1687 verbis
2835 1646 2897 1686 ac
2924 1629 3270 1686 sermonibus
3307 1627 3411 1683 do-

153 1732 454 1803 χειροῦμεν
477 1750 492 1764 ο
527 1732 619 1785 καὶ
641 1731 816 1786 ἄλλων
846 1733 1091 1800 γίνεσθαι
1125 1735 1298 1805 ἰατροὶ
1330 1735 1544 1793 ἕλκεσιν
1570 1738 1726 1793 αὐτοὶ

1843 1738 1953 1777 :ere
1972 1731 2264 1786 tentamus,
2289 1733 2453 1791 atque
2483 1722 2713 1777 aliorum
2734 1720 2871 1775 efﬁci
2902 1719 3121 1783 medici,
3148 1717 3241 1788 qui
3264 1717 3410 1771 ulce-

152 1823 439 1894 βρύοντες.
475 1823 616 1895 ’Όρα
656 1822 713 1876 δὲ
760 1823 853 1889 τὸ,
893 1823 973 1877 ὅτι
1026 1826 1107 1879 Οὐ
1140 1825 1334 1880 πάντα
1362 1825 1486 1892 τοῖς
1514 1827 1734 1891 ,ϐουλοο

143 1919 357 1986 μένοις
391 1916 551 1971 εἰσιν
581 1917 869 1982 εὔληπτα,
910 1914 1025 1969 κᾶν
1066 1917 1241 1972 τοῦτο
1285 1917 1457 1986 δοκῇ.
1500 1920 1611 1972 Καὶ
1648 1918 1733 1983 τίς

149 2008 222 2063 οὐ
246 2009 585 2079 θαυμάσεται
606 2010 731 2073 τοὺς
757 2011 851 2063 καὶ
877 2012 1142 2079 γυναῖκας
1164 2010 1428 2081 χλιδώσας
1452 2012 1544 2066 καὶ
1565 2012 1732 2083 νήπια

148 2100 332 2155 ταῦτα
393 2101 665 2155 διδάσκειν
722 2101 1233 2172 ἐπαγγελλομένους
1296 2102 1437 2173 μετά
1498 2103 1729 2174 σοϐαροῦ

147 2193 251 2249 τοῦ
282 2195 627 2264 φρονήματος
660 2211 675 2259 ;

230 2284 295 2354 β’.
330 2285 523 2352 Λέγων
549 2287 576 2338 ὁ
624 2284 981 2349 Ἀπόστολοςο
1032 2288 1101 2339 El
1145 2285 1213 2339 δέ
1247 2303 1338 2351 τις
1388 2286 1593 2357 ἀγαπᾷ
1623 2287 1731 2341 τὸν

148 2373 346 2434 Θεὸν,
398 2368 576 2439 οὗτος
643 2373 939 2442 ἔγνωσται
994 2374 1095 2429 ὑπ’
1142 2374 1327 2429 αὑτοῦ
1355 2391 1368 2404 °
1408 2374 1545 2444 δῆτα
1594 2377 1729 2444 ἀγα-

147 2464 375 2528 πῶντας
428 2466 574 2535 ἡμᾶς
621 2464 714 2517 τὸν
765 2466 970 2536 Κύριον
1022 2464 1388 2534 γινώσκεσθαι
1431 2466 1679 2537 βούλεται
1711 2486 1724 2499 ·

162 2556 270 2609 Ἕκ
297 2554 365 2607 δὲ
400 2555 507 2609 τοῦ
546 2555 963 2624 γινώσκεσθαι,
1008 2559 1070 2611 τὸ
1117 2556 1509 2613 διδάσκεσθαι
1536 2599 1550 2624 ,
1582 2559 1729 2613 καθά

144 2663 322 2716 φησιν
352 2648 381 2699 ὁ
435 2646 609 2717 μέγας
654 2648 746 2707 καὶ
795 2648 894 2718 τὴν
929 2648 1132 2719 ἀρετὴν
1178 2651 1271 2702 καὶ
1311 2652 1410 2721 τὴν
1444 2649 1726 2719 θεολογίαν

143 2739 476 2809 Γρηγὸριος.
503 2739 719 2809 Ταύτης
748 2736 900 2809 οἶμαι
931 2740 1030 2811 τῆς
1058 2738 1268 2801 ἐννοίας
1293 2741 1408 2793 ἐστὶ
1428 2782 1442 2806 ,
1485 2743 1581 2794 καὶ
1608 2741 1726 2794 τόδε

142 2831 217 2883 τὸ
245 2816 564 2898 κεφάλαὶον·
612 2830 876 2904 ’Λγάπην
899 2829 1033 2899 μὲν,
1063 2814 1247 2885 eiurat
1269 2833 1521 2887 ἀπάθεια
1549 2851 1561 2864 ·
1601 2835 1636 2903 ὴ
1660 2833 1728 2888 δὲ

143 2921 379 2991 ἀγάπη,
415 2921 521 2976 τοῦ
553 2920 860 2991 φωτισμοῦ
902 2920 1013 2990 τῆς
1053 2921 1328 2992 γνώσεώς
1354 2924 1484 2977 ἐστι
1516 2942 1725 2995 γεννη-

143 3014 310 3082 tum.

1835 1815 1991 1870 ribus
2050 1815 2152 1885 ipsi
2202 1824 2528 1869 scateamus.
2556 1813 2797 1868 Observa
2847 1826 2980 1867 vero
3032 1810 3165 1864 illud
3222 1826 3234 1862 :
3291 1807 3409 1862 Non

1833 1907 2011 1962 omnia
2036 1907 2115 1959 his
2147 1906 2236 1975 qui
2257 1905 2437 1971 velint,
2461 1907 2578 1975 capi
2611 1904 2764 1975 facile
2808 1911 3022 1973 possunt
3052 1918 3113 1955 ac
3158 1898 3407 1969 intelligi,

1833 1998 1929 2051 etsi
1959 1998 2037 2051 ita
2060 1998 2322 2051 videatur.
2357 1996 2558 2066 Ecquis
2621 2011 2731 2049 non
2770 1996 3005 2048 miretur
3056 2006 3171 2056 eos,
3205 1991 3301 2059 qui
3355 1996 3409 2043 et

1832 2088 2144 2144 luxuriosas
2168 2089 2524 2143 mulierculas
2550 2095 2605 2142 et
2632 2086 2887 2148 infantes,
2912 2084 3031 2138 hac
3050 2098 3108 2137 se
3125 2082 3406 2148 docturos,

1832 2189 1997 2229 sensu
2032 2176 2242 2231 tumido
2267 2192 2331 2231 ac
2363 2176 2620 2246 superbo,
2652 2172 3062 2244 proﬁteantur?

1901 2269 1954 2321 2.
1979 2267 2117 2323 Cum
2165 2269 2316 2323 dicat
2339 2268 2638 2339 Apostolus
2690 2285 2704 2322 :
2766 2265 2823 2321 Si
2853 2267 2971 2337 quis
3014 2273 3191 2318 autem
3234 2262 3408 2333 diligit

1829 2354 2021 2425 Deum,
2052 2362 2133 2415 hic
2163 2364 2403 2432 cognitus
2438 2370 2513 2415 est
2539 2361 2602 2414 ab
2635 2377 2692 2413 eo
2715 2361 2792 2425 ³⁶;
2824 2358 3086 2412 nimirum
3142 2356 3262 2410 vult
3304 2370 3406 2410 nos

1830 2450 2108 2521 diligendo
2155 2450 2449 2505 Dominum
2486 2450 2742 2520 cognosci
2781 2466 2795 2502 :
2842 2448 2925 2515 Ea:
2956 2463 3015 2501 eo
3062 2453 3240 2499 autem
3268 2443 3407 2515 quod

1829 2538 2219 2611 cognoscimur,‘
2259 2536 2635 2605 doceri,'sicut
2682 2540 2779 2605 ait,
2835 2546 2951 2593 tum
2998 2537 3224 2592 virtutis
3268 2546 3409 2606 prae-

1828 2632 2051 2697 stantia,
2082 2640 2197 2685 tum
2245 2630 2407 2686 laude
2468 2630 2758 2702 theologia:
2808 2640 3038 2699 magnus
3085 2626 3403 2698 Gregorius.

1829 2721 1985 2775 Hunc
2014 2730 2148 2791 puto
2170 2736 2392 2777 sensum
2421 2721 2625 2776 habere
2651 2731 2707 2775 et
2730 2721 2835 2775 hoc
2889 2718 3191 2789 capitulum
3223 2734 3235 2769 :
3264 2714 3405 2771 Cha-

1826 2812 2038 2866 ritutem
2070 2814 2280 2883 quidem
2305 2815 2447 2883 parit
2485 2811 2916 2884 imperturbatio;
2951 2810 3184 2863 Charitas
3230 2812 3434 2862 autem‘

1823 2904 2203 2959 illustrationis
2232 2906 2464 2961 scientia:
2489 2920 2680 2976 parcns
2706 2903 2929 2957 exsistit.

227 3108 297 3176 γ’.
353 3107 525 3161 Τίνων
563 3107 660 3177 οὐχ
712 3107 941 3161 ἅπτεται
1002 3104 1140 3178 αὕτη
1190 3105 1411 3170 ἔννοια,
1453 3104 1607 3177 οἶμαι
1667 3107 1723 3159 δέ

1900 3099 1951 3152 5.
1976 3097 2123 3163 Quos
2154 3100 2422 3171 sententia
2458 3100 2576 3153 hac
2600 3114 2710 3152 non
2737 3096 3066 3168 perstringat
3089 3111 3103 3147 :
3126 3091 3407 3161 Przecipue

150 3199 391 3274 μάλιστα
417 3242 433 3267 ,
481 3200 589 3266 τῶν
642 3198 736 3253 τοῦ
801 3201 1037 3270 μαμωνᾶ
1089 3202 1720 3273 ὑπεραποθνησκόντωνσ

144 3292 348 3347 ταυτὸν
381 3292 438 3346 δὲ
472 3293 646 3345 εἰπεῖν
687 3291 782 3345 τοῦ
830 3292 1125 3363 λεγομένου
1172 3293 1436 3363 δημοσίου
1488 3295 1584 3347 καὶ
1628 3292 1723 3347 τοῦ

144 3380 617 3450 κοσμοκράτορας.

228 3470 293 3523 δ’.
334 3472 396 3524 ’0
424 3470 558 3534 Θεὸς
591 3469 802 3535 πάντας
823 3470 1143 3544 ἀνθρώπους
1170 3472 1315 3527 θέλει
1339 3472 1597 3545 σωθῆναι,
1630 3474 1725 3527 καὶ

146 3563 297 3635 ὑπὲρ
330 3564 549 3619 πάντων
577 3565 871 3629 ἀπέθανεν,
918 3565 1004 3619 ἵνα
1045 3567 1095 3618 οἱ
1127 3566 1328 3631 πάντες
1358 3566 1626 3622 σωθῶσιν.
1664 3567 1725 3620 '0

144 3653 250 3712 οὖν
270 3655 499 3727 ἀγαπῶν
523 3657 616 3712 τὸν
643 3657 795 3721 Θεὸν,
824 3656 885 3711 τὸ
916 3658 1138 3729 θελητδν
1160 3657 1255 3712 τοῦ
1278 3656 1414 3713 Θεοῦ
1442 3659 1721 3729 φυλάττει.

144 3734 443 3805 Φυλάκιξτων
481 3749 561 3815 δέ,
617 3749 736 3814 πῶς
765 3749 866 3802 οὐκ
913 3750 1194 3820 ἀγαπήσει
1222 3750 1456 3812 ’πάντας
1494 3749 1569 3813 ὡς
1604 3752 1724 3803 ἐαυ-

145 3843 276 3909 τὸν,
312 3842 407 3895 καὶ
444 3842 660 3913 θελήσει
708 3840 921 3905 πάντας
972 3841 1244 3912 σωθῆναι,
1277 3842 1436 3894 τοῦτο
1472 3841 1721 3908 θέλοντος

143 3935 248 3992 τοῦ
275 3934 429 4001 Θεοῦ;

227 4122 288 4171 ε’.
338 4114 543 4169 Γνῶσιν
592 4112 687 4167 τοῦ
727 4110 864 4167 Θεοῦ
905 4112 1006 4184 τὴν
1038 4111 1220 4167 πίστιν
1262 4111 1448 4181 λέγει·
1504 4112 1726 4185 ἀγάπην

144 4208 235 4273 δὲ,
262 4208 360 4277 τὴν
395 4206 627 4278 τήρησιν
666 4202 775 4259 τῶν
809 4202 1038 4259 ἐντολῶν
1060 4220 1073 4233 ⁸
1113 4204 1180 4273 ἢν
1209 4204 1303 4257 καὶ
1335 4203 1546 4275 θέλημα
1573 4204 1730 4259 καλεῖ

147 4299 254 4354 καὶ
285 4297 630 4369 δικαιώματα
677 4295 774 4349 καὶ
824 4296 1140 4366 ἐντάλματα
1189 4296 1285 4349 καὶ
1321 4296 1726 4367 προστάγματα

148 4391 253 4445 καὶ
304 4387 453 4458 φῶς·
498 4386 642 4442 κατά
682 4386 778 4452 τὸ,
820 4387 972 4440 Διότι
1018 4385 1145 4456 φῶς
1183 4385 1255 4441 τὰ
1303 4385 1729 4457 προστάγγιατά

1822 3205 1955 3245 vero
1981 3206 2099 3257 eos,
2137 3193 2233 3262 qui
2263 3207 2584 3246 mammona:
2622 3206 2782 3245 causa
2814 3188 3167 3242 moriuntur:
3220 3184 3410 3254 perin-

1825 3282 2002 3352 deque
2042 3295 2127 3337 est
2176 3299 2240 3338 ac
2284 3284 2456 3349 dicas,
2507 3284 2630 3350 eius
2678 3280 2824 3352 quod
2880 3278 3167 3350 publicum
3230 3275 3406 3346 (quasi

1824 3373 1965 3431 forte
1995 3374 2267 3446 wrarium)
2294 3382 2512 3439 vocant,
2536 3390 2592 3429 et
2612 3372 2803 3428 mundi
2831 3382 3121 3427 rectorem.

1895 3468 1948 3521 4.
1980 3467 2128 3522 Deus
2153 3482 2346 3522 omnes
2372 3466 2627 3521 homines
2650 3465 2770 3520 vult
2796 3464 2975 3519 salvos
3022 3460 3163 3528 ﬁeri,
3199 3471 3257 3517 et
3305 3475 3408 3531 pro

1826 3559 2086 3614 omnibus
2121 3566 2375 3613 mortuus
2430 3564 2536 3621 est,
2568 3563 2630 3611 ut
2694 3570 2887 3612 omnes
2933 3553 3165 3608 salutem
3209 3566 3407 3607 conse-

1826 3660 2068 3722 quantur
2097 3652 2163 3705 ⁸⁷.
2201 3651 2305 3717 Qui
2347 3666 2478 3721 ergo
2526 3650 2697 3704 Deum
2744 3649 2944 3716 diligit,
2980 3648 3087 3701 hoc
3141 3644 3404 3708 custodit,

1826 3742 1977 3813 quod
2020 3757 2089 3795 ex
2116 3743 2213 3796 Dei
2240 3744 2521 3797 voluntate
2552 3741 2786 3796 exsistit.
2814 3740 2916 3807 Qui
2950 3755 3083 3794 vero
3111 3737 3405 3799 custodiat,

1827 3830 2105 3899 quomodo
2134 3844 2246 3883 non
2288 3844 2479 3883 omnes
2512 3837 2576 3882 ut
2627 3820 2870 3897 seipsum
2922 3828 3120 3897 diligit,
3180 3826 3408 3895 vultque

1827 3935 2021 3976 omnes
2054 3918 2234 3975 salvos
2278 3917 2435 3983 ﬁeri,
2490 3931 2616 3973 cum
2658 3914 2777 3971 haec
2825 3916 2923 3971 Dei
2969 3916 3224 3970 voluntas
3259 3915 3407 3969 exsi—

1828 4010 1978 4067 stat?

1899 4103 1952 4158 5.
1993 4101 2293 4158 Scientiam
2318 4100 2437 4165 Dei,
2468 4097 2631 4154 ﬁdem
2673 4107 2855 4154 vocat.
2885 4098 3221 4154 Charitatem
3250 4111 3404 4159 vero,

1829 4193 2276 4249 observationem
2315 4189 2723 4257 mandatorum,
2753 4204 2919 4260 quam
2967 4196 3024 4244 et
3062 4189 3405 4244 voluntatem

1829 4285 2087 4354 appellat,
2119 4292 2174 4339 et
2197 4281 2623 4355 justiﬁcationes
2646 4289 2702 4335 et
2742 4280 2996 4334 mandata
3032 4289 3089 4334 et
3136 4286 3407 4349 praecepta

1828 4384 1886 4429 ct
1908 4376 2114 4439 lumen,
2143 4376 2297 4445 juxta
2332 4372 2464 4427 illud
2496 4390 2509 4426 :
2557 4371 2694 4437 Quia
2730 4369 2822 4426 lux
2854 4370 3113 4425 mandata
3140 4368 3205 4424 ³⁸.
3236 4369 3409 4423 Porro

147 4440 298 4536 ἆυ.
317 4440 437 4552 ’Τήν
468 4440 785 4552 ἔμπρακτον
813 4477 870 4532 δέ
902 4440 1438 4549 γνῶσινιπαρίστησι
1466 4478 1527 4530 τὸ
1546 4440 1726 4547 ’κεφά

1843 4475 2000 4537 caput
2030 4440 2159 4521 hoc-
2179 4465 2464 4522 scientiam
2500 4460 2725 4520 exhibet
2768 4481 2893 4521 cum
2932 4463 3149 4519 actione
3178 4462 3410 4532 conjun-

149 4573 328 4629 λαιον.

233 4668 309 4729 ς’.
360 4662 520 4717 Attia
566 4660 677 4718 τῶν
726 4660 939 4733 ἀρετῶν
970 4661 1120 4715 ἐστιν
1157 4662 1185 4714 ὁ
1218 4660 1374 4725 Θεὸς.
1407 4660 1612 4714 Τούτου
1648 4659 1726 4725 δέ,

151 4753 282 4810 κατ’
336 4754 620 4826 ἐνέργειαν
650 4749 879 4823 γνῶσις,
930 4755 965 4823 ἡ
999 4751 1095 4805 τοῦ
1138 4753 1260 4806 κατ’
1319 4751 1579 4823 ἀλήθειαν
1628 4754 1728 4805 ἐπ-

152 4845 464 4914 εγνωκότος
495 4844 587 4899 τὸν
615 4843 783 4910 Θεὸν,
819 4843 954 4915 πρὸς
982 4842 1044 4898 τὸ
1076 4843 1294 4916 πνεῦμα
1323 4842 1464 4898 κατά
1489 4830 1731 4914 τὴνὲξιν

157 4936 471 5002 ἀλλοίωσις.

232 5030 300 5093 ζ’.
342 5023 640 5095 ’Δνάγνωθι
668 5024 730 5079 τὸ
755 5032 839 5089 ος⁰
879 5026 980 5097 τῆς
1025 5022 1196 5097 αὐτῆς
1234 5031 1299 5098 ρ’,
1348 5025 1443 5079 καὶ
1478 5026 1730 5098 εὑρήσεις

158 5119 348 5190 δμοιον
372 5117 573 5188 πάντη,
600 5115 752 5188 παρά
777 5116 839 5170 τὸ
867 5117 977 5170 τῶν
1007 5116 1289 5186 ὀνομάτων
1316 5114 1600 5188 διάφορον.

231 5297 304 5363 η’.
347 5292 412 5347 El
444 5291 736 5363 φάρμακον
782 5289 881 5360 τῆς
934 5290 1152 5360 ἀγάπης
1178 5291 1213 5362 ή
1244 5290 1431 5361 ἐντολὴ
1462 5292 1605 5346 κατὰ
1633 5293 1729 5347 τοῦ

158 5380 336 5454 θυμοῦ
381 5380 558 5453 ἐδόθη·
595 5380 810 5444 πάντως
846 5380 879 5450 ἡ
911 5379 1209 5449 ἐγκράτεια
1241 5379 1384 5439 κατὰ
1408 5382 1507 5452 τῆς
1538 5380 1730 5436 ἐπιθυ-

164 5469 296 5540 μίας
319 5469 641 5544 δεδώρηται.
680 5466 977 5535 Ἀνάγνωθι
1010 5468 1070 5520 τὸ
1109 5467 1204 5520 οϐ’.

1836 4570 1980 4614 ctam
2007 4575 2240 4630 eamque
2264 4559 2617 4631 dirigentem.

1906 4651 1959 4705 6.
2001 4651 2259 4706 Scientiae
2292 4657 2486 4705 auctor
2530 4650 2679 4705 Deus
2709 4657 2812 4705 est.
2838 4647 2971 4720 Ejus
3003 4657 3187 4705 autem
3209 4645 3264 4700 in
3281 4652 3406 4701 actu

1834 4742 2087 4808 scientia,
2117 4745 2237 4815 ejus
2261 4752 2346 4799 est
2374 4743 2469 4813 qui
2496 4742 2668 4797 Deum
2695 4741 2819 4807 scit,
2842 4741 2897 4795 in
2936 4740 3192 4812 spiritum
3214 4737 3410 4795 habitu

1833 4834 2164 4890 immutatio.

1902 5010 1953 5064 7.
1986 5007 2131 5080 Lege
2178 5017 2343 5079 caput
2393 5008 2856 5081 septuagesimum
2902 5015 3116 5063 sextum
3158 5004 3407 5077 ejusdem

1831 5099 2157 5162 centenarii,
2210 5099 2569 5169 inveniesque
2618 5113 2849 5170 prorsus
2896 5097 3099 5163 simile,
3123 5095 3231 5152 nisi
3256 5096 3407 5168 quod

1836 5194 1945 5249 alia
1965 5193 2189 5249 nomina
2216 5194 2394 5264 posita
2417 5200 2564 5248 sunt.

1907 5284 2073 5357 459
2095 5284 2146 5339 8.
2174 5284 2231 5339 Si
2254 5284 2543 5339 charitatis
2581 5281 2901 5338 mandatum
2948 5280 3256 5337 remedium
3310 5279 3410 5336 ad-

1835 5390 2028 5432 versus
2058 5378 2193 5432 iram
2218 5376 2405 5431 datum
2433 5384 2548 5441 est,
2586 5376 2744 5446 plane
2770 5374 3110 5430 continentia
3140 5373 3408 5429 adversus

1837 5468 2340 5539 concupiscentiam
2367 5481 2627 5523 concessa
2653 5475 2759 5522 est.
2789 5464 2931 5537 Lege
2956 5480 3076 5535 cap.
3106 5463 3194 5521 79.

232 5577 325 5636 ³⁵1
351 5578 476 5634 Cor.
508 5594 623 5643 xm,
653 5578 706 5631 2.
784 5578 828 5610 ³⁸
863 5576 1061 5631 lJoan.
1097 5594 1167 5641 Iv,
1203 5578 1289 5631 46.
1368 5578 1413 5609 ³⁸
1439 5577 1601 5633 lCor.
1634 5597 1745 5649 vm,

1902 5584 1943 5615 ³⁷
1977 5583 1994 5636 ι
2031 5581 2173 5635 Tim.
2206 5595 2263 5645 ιι,
2298 5579 2350 5634 4.
2429 5578 2472 5610 ³⁸
2506 5578 2609 5633 lsa.
2643 5592 2787 5642 xxvi,
2820 5579 2873 5633 9.

220 5701 303 5777 (ιτ)
362 5700 439 5759 Ex
475 5698 771 5772 Raphaclis
808 5698 1077 5763 Dufrenii,
1131 5715 1279 5755 nunc
1308 5700 1495 5771 Regio,
1552 5701 1761 5759 codice.
