3876 6314
450 274 586 343 1075

1609 272 1670 334 S.
1712 271 2001 335 MAXIMI
2035 270 2545 334 CONFESSORIS

3603 275 3737 342 1016

514 388 570 444 θ.
594 385 704 441 Nos
731 398 868 440 vero
889 383 983 453 qui
1034 381 1231 436 horum
1258 380 1426 436 trium
1455 381 1602 437 servi
1634 382 1828 446 simus,
1856 397 2032 452 quan‘

2208 382 2273 435 θ’.
2323 384 2385 435 Οἱ
2413 382 2474 436 δὲ
2516 380 2627 436 τῶν
2652 383 2824 455 τριῶν
2866 384 3065 452 δοῦλοι,
3105 387 3274 442 πόσον
3303 389 3468 460 μῖσος
3490 391 3620 445 κατ’
3648 390 3728 442 ﬂ-

451 488 567 531 tnm
595 475 687 531 alii
736 474 797 528 in
830 472 969 527 alios
993 469 1184 525 odium
1214 470 1450 536 alimus;
1473 469 1569 540 qui
1612 470 1916 525 insatiabili
1936 483 2033 525 cu-

451 568 681 638 piditate
709 565 807 620 toti
843 573 1153 619 teneamur.
1192 561 1336 633 Lege
1367 577 1489 632 cap.
1512 560 1604 615 64.

424 680 434 690 ·
518 660 606 715 10.
636 658 741 714 Ubi
776 656 1020 722 dixerat,
1063 669 1187 726 cap.
1227 656 1315 720 77,
1347 669 1447 724 per
1485 652 1746 708 mandata
1781 652 1852 709 ab
1894 650 2033 707 ισο-

447 754 633 808 ctibus
653 767 717 806 ac
745 749 898 806 vitiis
926 749 1202 804 immunes
1228 757 1487 819 praestare
1514 764 1528 802 :
1562 747 1669 803 hoc
1699 762 1850 801 nunc
1880 745 2035 816 capi—

450 845 567 899 talo
588 842 814 897 modum
835 841 1112 907 ostendit;
1138 856 1335 911 nempe
1352 841 1408 895 in
1431 840 1704 896 charitate
1725 848 1784 896 et
1800 839 2034 913 jejunio,

450 934 901 1003 continentiaque
931 941 989 987 et
1016 933 1291 988 oratione.
1616 972 1622 977 .

523 1028 611 1083 tl.
642 1027 820 1081 Etiam
857 1025 984 1095 quis
1031 1025 1301 1094 spiritalis
1346 1039 1411 1078 ac
1472 1022 1707 1087 scientia
1754 1020 2036 1092 praeditus,

454 1134 651 1175 rursus
683 1118 1000 1173 detrahitur
1024 1133 1091 1172 ac
1116 1117 1469 1187 degravatur.

523 1208 610 1263 12.
635 1207 748 1265 Nos
778 1221 912 1262 vero
937 1207 1033 1277 qui
1063 1205 1355 1261 affectibus
1378 1213 1545 1275 atque
1568 1202 1721 1257 vitiis
1743 1200 1928 1257 obruti
1967 1201 2042 1255 si-

455 1315 599 1363 mus,
620 1299 898 1369 quomodo
922 1297 1423 1368 contemplahimur
1453 1313 1467 1349 :
1496 1302 1594 1350 aut
1623 1292 1901 1365 quomodo
1921 1308 2045 1364 qua:

453 1392 728 1449 fuerimus
766 1391 1143 1461 contemplati,
1167 1405 1282 1445 non
1313 1404 1416 1445 nos
1442 1404 1509 1445 ex
1530 1394 1736 1443 sancta:
1756 1386 2045 1443 Trinitatis

455 1484 688 1544 scicntia
713 1482 1053 1545 extrudent?

529 1575 616 1633 l3.
645 1575 813 1631 Vides
839 1568 1320 1645 contemplatiOnis
1341 1573 1737 1628 ascensiones?

529 1666 617 1721 14.
680 1665 1158 1733 Quemadmodum
1220 1665 1276 1719 in
1331 1663 1461 1726 ﬁde,
1509 1664 1664 1719 nulla
1707 1662 2047 1718 inﬁdelitatis

2136 473 2315 545 λήλων
2366 475 2662 546 τρέφομεν·
2702 479 2798 531 τοῦ
2839 479 3047 544 πάθους
3104 480 3219 535 ὅλοι
3264 481 3377 552 τῆς
3422 480 3734 552 ἀπληστίας
3834 496 3835 551 ἒ

2135 567 2441 636 γενόμενοι.
2487 567 2786 637 ’Δνάγνωθι
2809 569 2872 623 τὸ
2901 570 2994 635 ξδ’.

2209 663 2263 711 ι’.
2291 657 2478 712 Εἰπὼν
2520 660 2580 712 ὲν
2627 660 2707 730 τῷ
2759 659 2858 725 οξ,
2902 662 3102 717 ὃτιδιά
3156 664 3257 736 μὲν
3301 664 3422 718 τῶν
3488 665 3730 724 ὲντοῦῶτ.

2139 749 2372 813 ἀπαθεῖς
2430 751 2756 822 ἐργάζεται·
2806 754 2901 808 νῦν
2949 755 3039 809 διὰ
3067 756 3222 810 τοῦδε
3274 754 3380 810 τοῦ
3432 757 3730 826 κεφαλαίου

2136 841 2377 897 δείκνυσι
2400 844 2537 906 πῶς·
2560 846 2645 899 ὅτι
2669 848 2726 901 δν
2745 846 2938 918 ἀγάπῃ
2955 849 3051 902 καὶ
3076 849 3326 920 νηστείᾳ,
3349 852 3420 920 τῇ
3448 866 3517 901 τε
3537 850 3732 919 ἐγκρα-

2138 935 2262 1005 τείᾳ
2289 936 2384 988 καὶ
2412 940 2713 1009 προσευχῇ.

2212 1034 2301 1081 ια’.
2336 1029 2448 1081 Καὶ
2475 1032 2776 1098 γνωστικός
2804 1050 2890 1097 τις
2917 1035 3344 1101 ὲγκατασπᾶται
3378 1033 3581 1088 πάλιν.

2218 1200 2306 1272 ιβ’.
2351 1202 2564 1274 Ἠμεϊς
2610 1203 2669 1257 δὲ
2718 1212 3163 1277 συγκεχωσμένοι
3194 1210 3312 1271 τοῖς
3369 1208 3608 1272 πάθεσι,
3636 1209 3738 1271 πῶς

2145 1290 2511 1363 θεωρήσωμεν
2536 1310 2551 1359 ;
2574 1294 2607 1364 ἢ
2642 1294 2759 1358 πῶς
2783 1296 2819 1348 ἀ
2847 1295 3161 1366 θεωροῦμεν
3184 1300 3288 1351 οὐκ
3310 1298 3588 1352 ἐκϐάλλει
3606 1300 3740 1370 ήμὶς

2143 1385 2245 1453 τῆς
2275 1383 2529 1451 γνώσεως
2554 1387 2655 1457 τῆς
2688 1386 2850 1457 ἁγίας
2871 1389 3128 1458 Τριάδοίς
3636 1396 3646 1401 ³

2223 1590 2314 1653 ιγ’.
2360 1584 2472 1650 Τάς
2516 1583 2814 1650 ἀναϐάσεις
2833 1586 2938 1656 τῆς
2972 1585 3205 1658 θεωρίας
3234 1585 3472 1657 βλέπεις
3495 1606 3514 1652 ἶ

2223 1675 2303 1728 ιδ’.
2337 1676 2458 1728 Ὀτι
2485 1673 2675 1746 ὥσπερ
2703 1675 3011 1740 ἀπιστιδίας
3045 1678 3102 1731 ὲν
3135 1678 3321 1730 πίστει
3356 1676 3531 1746 λόγος
3558 1678 3744 1741 οὐδείς·

459 1757 602 1813 ratio
626 1764 750 1823 est;
782 1756 864 1814 sic
887 1772 1071 1828 neque
1103 1756 1159 1810 in
1201 1753 1516 1809 rationibus
1539 1770 1661 1824 quae
1704 1763 1921 1809 suntex
1949 1770 2047 1811 na-

2169 1766 2322 1831 μῦτως
2354 1767 2477 1821 οὐδὲ
2528 1769 2587 1820 ὲν
2628 1733 2742 1834 τοῖς
2764 1769 2947 1837 λόγοις
2991 1733 3136 1823 κατά
3164 1769 3341 1839 φύσιν
3406 1733 3662 1842 ὑπάρχει

461 1849 606 1914 tuia,
640 1848 851 1918 aliquid
883 1848 1029 1904 inest
1052 1846 1200 1917 quod
1230 1861 1263 1901 a
1294 1845 1508 1899 ratione
1533 1845 1851 1900 abhorreat.
1895 1844 2048 1916 Opus

459 1950 642 1995 autem
671 1938 1083 2001 mandatorum,
1118 1937 1259 1990 ratio
1281 1946 1367 1990 est
1394 1952 1458 1990 ac
1480 1951 1664 1991 sermo
1687 1936 1868 2007 reipsa
1892 1952 2051 1992 exer-

460 2031 623 2085 citus.
650 2029 794 2099 Lege
824 2044 947 2098 cap.
968 2027 1060 2094 84,
1093 2036 1151 2082 et
1170 2027 1569 2097 conquiesces;
1601 2027 1805 2084 factum
1833 2029 2049 2085 scilicet

462 2121 563 2176 tibi
585 2121 723 2176 satis
753 2120 1020 2175 invenies.
1990 2186 1991 2189 η

532 2213 622 2269 15.
654 2212 954 2277 Naturalis,
982 2211 1181 2281 inquit.
1211 2212 1610 2282 contemplatio
1636 2212 2047 2279 mandatorum,

462 2303 798 2373 sinceraque
815 2318 944 2373 erga
977 2301 1292 2372 proximum
1330 2301 1577 2368 dilectio,
1607 2318 1704 2359 eos
1736 2303 1832 2373 qui
1857 2303 2051 2358 obsera

465 2402 614 2461 rent,
640 2409 673 2449 a
694 2409 866 2465 pravo
888 2409 953 2449 ac
974 2394 1183 2449 carnali
1202 2408 1389 2448 amore
1407 2403 1464 2449 et
1481 2395 1767 2466 tyrannide
1791 2394 2049 2449 liberant.

465 2487 672 2543 lterum
698 2497 832 2539 vero
860 2483 1116 2547 scientia,
1164 2498 1264 2539 eos
1287 2483 1383 2555 qui
1414 2482 1698 2554 spiritales
1750 2500 1926 2556 eaque
1961 2486 2051 2540 in-

462 2577 660 2633 structi
688 2583 840 2642 sunt,
873 2576 943 2631 ab
970 2575 1252 2631 oblivione
1275 2584 1333 2631 et
1361 2575 1671 2647 ignorantia
1696 2576 1890 2632 itidem
1909 2576 2051 2632 libe-

463 2680 566 2725 rat.
596 2668 811 2738 Quibus
835 2670 1097 2725 omnibus
1119 2669 1373 2735 docetur,
1396 2668 1634 2725 animam
1672 2669 1852 2724 tribus
1880 2669 2053 2740 parti-

464 2763 567 2818 tzus
590 2776 658 2817 ac
679 2761 1038 2817 facultatibus
1065 2760 1322 2827 divisam,
1358 2759 1492 2817 dum
1539 2776 1608 2817 ex
1637 2759 1852 2815 ratione
1892 2766 2057 2816 natu—

465 2870 636 2925 raque
661 2865 967 2920 moveatur,
1021 2869 1241 2909 omnem
1276 2865 1538 2924 praestare
1578 2853 1879 2919 virtutem,
1921 2853 2054 2909 dum

461 2963 594 3003 vero
641 2958 837 3004 contra
892 2949 1162 3005 rationem
1207 2957 1266 3004 et
1310 2956 1586 3014 naturam,
1634 2962 1798 3003 omne
1855 2947 2053 3000 vitium

462 3040 677 3095 efﬁcere
703 3055 770 3095 ac
799 3040 1090 3095 malitiam.
1136 3040 1412 3096 Memento
1463 3038 1568 3093 tria
1610 3039 1729 3093 haec
1767 3037 2054 3109 originalia
2081 3072 2123 3130 ο

462 3147 608 3198 esse,
636 3147 966 3202 summaque
999 3132 1181 3188 omnis
1210 3132 1501 3203 pravitatis
1535 3132 1868 3201 malitiaaque
1904 3131 2056 3201 prin-

464 3222 643 3293 cipia;
675 3222 1042 3295 ignorantiam
1064 3223 1295 3287 scilicet,
1324 3239 1568 3279 amorem
1588 3223 1741 3277 illum
1757 3238 2053 3292 corporum

463 3330 564 3370 seu
602 3314 907 3381 carnalem,
950 3330 1015 3370 ac
1064 3315 1432 3385 tyrannidem.
1483 3314 1609 3369 Haec
1651 3314 1707 3368 in
1755 3314 1916 3371 nobis
1953 3329 2054 3370 ne—

465 3406 772 3479 quissimus
801 3406 892 3462 ille
913 3405 1189 3472 condidit,
1217 3422 1317 3477 per
1353 3405 1523 3461 animi
1552 3407 1608 3460 in
1658 3408 1821 3463 nobis
1849 3408 2053 3462 virium

465 3498 721 3553 abusum.

537 3590 624 3645 i6.
660 3589 915 3645 Mandata
964 3605 1150 3644 rerum
1194 3588 1467 3660 cogitatus
1497 3605 1767 3660 sensaque
1803 3607 1834 3644 a
1864 3590 2055 3646 libidi-

465 3680 621 3737 nosis
651 3680 774 3735 istis
805 3688 863 3735 et
896 3696 1022 3735 cum
1072 3680 1273 3736 aﬁ'ectu
1327 3690 1558 3735 tenuant
1600 3682 2052 3753 cogitationibus,

465 3780 530 3829 ut
553 3773 610 3827 in
640 3788 763 3842 cap.
791 3773 845 3838 4,
878 3773 956 3827 ait
993 3772 1266 3827 istiusmet
1289 3773 1614 3828 centenarii.

539 3861 793 3929 l7.Quae
833 3872 1035 3933 prazter
1089 3862 1186 3918 Dei
1239 3863 1577 3919 voluntatem
1630 3853 1769 3918 ﬁunt
1835 3863 2055 3935 (bonam

470 3953 617 4010 illam
646 3963 704 4010 et
729 3953 1131 4024 beneplacitam
1158 3962 1215 4010 et
1238 3956 1540 4025 perfectam
1564 3954 1631 4026 ⁸⁸)
1669 3971 1794 4025 qua:
1844 3956 2059 4011 scilicet

473 4047 616 4102 bona
644 4046 703 4101 in
737 4045 1050 4116 proximum
1104 4054 1332 4116 propter
1380 4047 1555 4101 Deum
1612 4046 1780 4101 animi
1840 4046 2057 4102 aﬂectio

467 4147 575 4205 est,
598 4147 798 4207 praeter
820 4147 1030 4197 rectum
1060 4138 1224 4193 ﬁnem
1257 4152 1319 4192 ac
1348 4138 1684 4196 destinatum
1719 4137 1875 4193 ﬁunt.
1902 4138 2060 4205 Quod

470 4243 604 4285 vero
647 4227 746 4283 Dei
788 4228 1059 4287 voluntati
1115 4229 1455 4295 adversetur,
1504 4246 1614 4285 non
1668 4230 1815 4285 bono
1875 4232 2060 4287 animo

472 4333 602 4388 erga
636 4318 948 4389 proximum
976 4334 1119 4386 esse,
1150 4320 1397 4376 ostendit
1439 4321 1707 4377 Dominus
1755 4322 1812 4376 in
1875 4322 2058 4377 Evan—

2148 1860 2480 1932 παράλογον.
2538 1861 2740 1933 Ἔργον
2799 1861 2857 1915 δὲ
2899 1861 3007 1915 τῶν
3060 1859 3318 1926 ἐντολῶν,
3376 1862 3555 1931 λόγος
3616 1865 3749 1916 ἐστὶν

2149 1952 2566 2023 ἐνεργούμενος.
2631 1952 2931 2023 ’Ᾱνάγνωθι
2980 1954 3041 2008 τὸ
3085 1953 3169 2007 τπδ’
3236 1955 3561 2024 κεφάλαιον
3599 1997 3617 2019 ,
3664 1954 3748 2007 καὶ

2150 2043 2456 2115 ἀναπαύσῃ.

2227 2229 2309 2277 ιε’.
2349 2223 2413 2275 Ἦ
2457 2222 2663 2292 φυσική
2709 2239 2843 2291 φησι
2878 2220 3080 2291 θεωρία
3114 2218 3224 2273 τῶν
3252 2219 3530 2281 ἐντολῶν,
3570 2219 3608 2289 ἦ
3639 2219 3744 2287 τεὴ

2153 2315 2289 2384 πρὸς
2333 2314 2424 2367 τὶν
2475 2312 2707 2383 πλησίον
2740 2311 3029 2374 ἀνόθευτος
3068 2311 3283 2381 ἀγάπη,
3316 2310 3632 2378 φιλαυτίας
3665 2312 3745 2363 καὶ

2152 2406 2465 2478 τυραννίδος
2497 2404 2774 2477 ἐλευθεροῖ
2817 2406 2941 2467 τοὺς
2971 2405 3371 2473 φυλάσσοντας.
3420 2404 3494 2456 Ἦ
3533 2404 3593 2457 δὲ
3622 2402 3746 2471 γνῶ-

2130 2506 2240 2562 ’σις
2288 2498 2395 2551 τῶν
2420 2497 2610 2565 ὅντων,
2657 2496 2827 2567 λήθης
2877 2497 2971 2549 καὶ
3010 2495 3230 2564 ἀγνοίας
3259 2494 3616 2548 ἀπαλλάττει
3633 2494 3742 2554 τοίς

2153 2588 2506 2662 γνωστικοὺς.
2569 2588 2667 2642 Διά
2715 2588 2919 2662 τούτων
2968 2587 3024 2640 δὲ
3078 2587 3324 2651 πάντων,
3374 2585 3444 2639 τὸ
3492 2585 3741 2655 τριμερὶς

2152 2686 2252 2754 τῆς
2280 2680 2459 2751 ψυχῆς
2491 2661 2869 2743 ὑποτίθεταιξ
2891 2678 3034 2734 κατά
3079 2677 3239 2746 λόγον
3293 2677 3398 2746 μὲν
3448 2678 3552 2732 καὶ
3593 2676 3741 2743 ςρῦπν

2155 2773 2498 2843 κινούμενον,
2546 2771 2727 2825 πᾶσαν
2774 2768 2976 2841 ἀρετὴν
3025 2766 3349 2839 κατορθοῦν·
3394 2768 3563 2838 παρὰ
3596 2766 3741 2832 λόγων

2154 2863 2210 2915 δὲ
2253 2862 2346 2915 καὶ
2373 2860 2555 2930 φύσιν,
2602 2862 2782 2914 πᾶσαν
2826 2859 3025 2913 κακίαν
3056 2856 3416 2927 ἐργάζεσθαι.
3458 2858 3738 2928 Μέμνησο.

2154 2953 2330 3008 ὅτιτά
2357 2952 2632 3025 ἀρχέγονα
2680 2953 2775 3007 καὶ
2806 2951 2985 3023 πάσης
3029 2951 3223 3014 κακίας
3255 2951 3593 3020 γεννητικά,
3624 2949 3741 3019 τρία

2156 3044 2336 3100 ταῦτά
2384 3047 2557 3111 ἐστιν,
2599 3045 2792 3111 ἄγνοια
2817 3084 2833 3109 ,
2879 3041 3157 3112 φιλαυτία,
3193 3042 3292 3095 καὶ
3326 3042 3618 3112 τυραννίς·
3656 3040 3739 3092 καὶ

2157 3138 2237 3191 ὅτι
2281 3137 2626 3208 ὑπεστήσατο
2661 3135 2864 3198 ταύτας
2888 3137 2918 3189 ὁ
2944 3134 3176 3206 πονηρὸς
3223 3137 3280 3186 ἐν
3314 3135 3480 3205 ἡμῖν,
3507 3132 3588 3203 τῷ
3609 3132 3739 3185 κατὰ

2157 3227 2505 3298 παράχρησιν
2549 3225 2693 3298 λόγῳ
2719 3224 2827 3278 τῶν
2863 3227 2921 3278 ὲν
2960 3226 3095 3297 ἡμῖν
3137 3223 3427 3295 δυνάμεως
3474 3239 3741 3295 προσχρη-

2158 3317 2408 3388 σάμενος.

2232 3598 2328 3658 ις’.
2363 3591 2583 3646 Τούτων
2616 3591 2724 3645 τῶν
2777 3588 3045 3661 ὲμπαθῶν
3073 3587 3359 3659 λογισμῶν
3399 3586 3655 3657 φιλοῦσιν
3687 3586 3734 3638 si

2157 3685 2392 3751 ἐντολαὶ,
2435 3684 2505 3738 τὰ
2563 3683 2671 3737 τῶν
2716 3681 3061 3754 πραγμάτων
3093 3681 3372 3752 νοήματα·
3406 3678 3556 3733 καθά
3584 3680 3640 3730 ὲν
3666 3675 3735 3745 τῷ

2154 3778 2196 3831 δ’
2229 3778 2509 3848 κεφαλαίῳ
2532 3777 2632 3847 τῆς
2675 3776 2844 3846 αὐτῆς
2877 3780 2921 3845 ρ’
2944 3773 3096 3845 φησί.

2232 3871 2315 3935 ιζ’.
2346 3869 2427 3924 Τά
2457 3869 2608 3941 παρά
2636 3867 2695 3922 τὸ
2734 3868 2946 3938 θέλημα
2982 3865 3336 3937 πραττόμενα
3363 3863 3460 3917 τοῦ
3499 3861 3652 3927 Θεοῦ,
3681 3862 3735 3912 τὺ

2156 3962 2358 4031 ἀγαθὸν
2396 3961 2491 4014 καὶ
2518 3960 2809 4031 εὐάρεστον
2861 3960 2957 4011 καὶ
2984 3958 3208 4018 τέλειον,
3237 3958 3380 4027 ὅπερ
3408 3955 3565 4008 ἐστὶν
3597 3955 3632 4024 ή
3658 3952 3735 4005 διὰ

2156 4056 2246 4109 τὸν
2302 4054 2433 4108 Θεὸν
2473 4054 2607 4125 πρὸς
2650 4052 2739 4106 τὸν
2780 4050 3007 4123 πλησίον
3053 4049 3233 4120 ἀγαθὴ
3280 4047 3568 4111 διάθεσις,
3602 4043 3733 4115 παρᾶ

2156 4147 2247 4200 τὸν
2281 4144 2440 4216 ὀρθόν
2482 4145 2599 4197 ἐστι
2661 4142 2861 4195 σκοπὸν
2914 4140 3193 4209 γινόμενα.
3228 4138 3356 4191 Ὀτι
3386 4136 3446 4190 δὲ
3486 4138 3643 4206 παρὰ
3682 4133 3735 4186 τὸ

2160 4236 2368 4307 θέλημα
2404 4234 2496 4289 τοῦ
2535 4233 2669 4288 Θεοῦ
2699 4235 2758 4287 τὸ
2789 4234 2924 4309 πρὸς
2953 4233 3044 4287 τὸν
3069 4231 3301 4302 πλησίον
3327 4230 3389 4282 οὗ
3417 4228 3606 4288 καλῶς
3632 4229 3730 4281 δια-

2161 4320 2397 4392 κεῖσθαι,
2435 4327 2707 4380 δείκνυσιν
2743 4326 2799 4377 ὲν
2836 4323 3192 4394 Εὑαγγελίοις
3234 4322 3417 4391 λέγων
3456 4323 3486 4375 ὁ
3518 4320 3730 4388 Κύριος·

471 4407 650 4479 geliis,
675 4424 800 4464 cum
825 4410 901 4465 ait
930 4428 942 4463 :
975 4409 1248 4476 Quatenus
1278 4411 1494 4481 fecistis,
1521 4414 1605 4468 vel
1638 4431 1742 4467 non
1772 4413 1962 4485 fecistis
1986 4413 2050 4482 ‘°;

2171 4420 2279 4488 Ἔφ
2305 4418 2457 4472 ὅσον
2483 4404 2829 4482 ἐποιήσατε,
2861 4415 2956 4469 καὶ
2976 4416 3049 4483 t3;
3071 4414 3222 4489 ὅσον
3252 4415 3366 4467 οὐκ
3391 4410 3727 4475 ἐποιήσατε.

470 4514 804 4555 enumerans
839 4500 1124 4557 charitatis
1170 4509 1336 4571 atque
1373 4502 1483 4557 odii
1542 4519 1763 4573 genera.
1815 4503 2059 4559 Observa

470 4603 626 4654 vero,
655 4589 802 4660 quod
826 4590 921 4660 qui
943 4597 1134 4646 contra
1169 4599 1381 4649 rectum
1422 4592 1586 4647 ﬁnem
1627 4610 1692 4649 ac
1722 4595 2056 4650 destinatum

474 4684 690 4738 (contra
715 4678 813 4735 Dei
841 4679 1052 4735 scilicet
1081 4681 1450 4753 mandatum),
1486 4698 1718 4739 excusso
1744 4685 2058 4740 humanita-

474 4768 544 4825 tis
566 4784 754 4834 sensu,
782 4770 1053 4840 fecerunt,
1083 4788 1210 4829 cum
1233 4774 1373 4829 nihil
1409 4774 1477 4830 ad
1531 4775 1906 4832 defensionem
1952 4778 2054 4833 ha-

470 4862 688 4929 berent,
724 4879 908 4934 neque
929 4865 1096 4920 etiam
1127 4865 1293 4922 ﬁnem
1316 4882 1380 4922 ac
1412 4866 1744 4925 destinatum
1771 4884 2054 4939 opponere

469 4954 733 5013 videntur
773 4974 788 5011 :
825 4957 972 5027 quod
1002 4973 1203 5028 nempe
1243 4959 1473 5025 scirent,
1525 4975 1651 5015 cum
1713 4961 1808 5030 qui
1863 4970 2056 5017 contra

471 5052 683 5104 rectum
707 5047 803 5102 Dei
834 5046 999 5105 tinem
1023 5063 1089 5105 ac
1107 5049 1443 5105 destinatum
1474 5050 1660 5117 faciat,
1713 5052 1929 5106 tametsi
1967 5052 2052 5107 in-

471 5153 728 5194 numeras
757 5150 1001 5210 opponat
1024 5142 1289 5208 rationes,
1313 5143 1458 5198 haud
1493 5160 1734 5215 unquam
1749 5144 2055 5216 gehennam

471 5243 785 5286 evasurum.

544 5319 632 5376 18.
673 5320 1043 5392 Cupiditatem
1088 5317 1236 5380 sistit
1292 5324 1389 5382 Dei
1451 5326 1692 5383 charitas
1737 5346 1750 5382 :
1815 5326 2052 5397 proximi

473 5420 657 5467 autem
692 5412 917 5470 dilectio
948 5415 1029 5470 ira
1075 5407 1458 5488 exasperatum
1478 5419 1723 5475 animum
1750 5420 1923 5476 sedat.

545 5503 634 5561 l9.
667 5503 773 5570 Qui
818 5504 1118 5578 imaginum
1142 5509 1427 5575 materias,
1462 5509 1678 5567 divinas
1713 5512 1914 5584 ﬁguras
1941 5513 2061 5570 exi-

536 5670 584 5703 ⁸⁸
619 5675 776 5732 Rom.
804 5696 900 5747 xu,
931 5682 987 5737 2.
1064 5683 1108 5716 ⁵ο
1135 5684 1325 5746 Matth.
1354 5703 1478 5753 xxv,
1511 5687 1600 5743 40.

2160 4511 2261 4580 τῆς
2286 4509 2505 4581 ἀγάπης
2532 4508 2602 4562 τὰ
2639 4509 2754 4581 εἴδη
2796 4510 2889 4563 καὶ
2946 4507 3039 4561 τοῦ
3088 4507 3279 4577 μίσους
3320 4502 3728 4576 ἀπαριθμοὺειεο

2160 4620 2269 4666 νος.
2306 4602 2446 4674 Ὅρα
2475 4601 2533 4654 δὲ
2569 4602 2650 4654 ὅτι
2682 4601 2732 4653 ol
2767 4598 2919 4670 παρὰ
2945 4599 3036 4651 τὸν
3065 4597 3224 4668 ὀρθὸν
3256 4596 3595 4668 ποιήσαντες
3618 4608 3725 4646 σπο-

2161 4692 2285 4757 πὸν,
2319 4694 2489 4764 ήγουν
2517 4691 2669 4763 παρὰ
2703 4691 2800 4763 τὴν
2843 4689 3062 4760 ἐντολὴν
3107 4689 3203 4743 τοῦ
3235 4688 3397 4752 Θεοῦ,
3442 4684 3725 4743 (17:95:55-

2163 4803 2313 4856 μενοι
2341 4784 2401 4839 τὸ
2439 4784 2842 4855 φιλάνθρωπον,
2882 4782 3138 4854 οὐδεμίαν
3187 4781 3403 4851 ἔχοντες
3448 4778 3729 4846 ἀπολογίαν

2159 4879 2354 4943 εἰπεῖν,
2409 4876 2530 4931 οὐδὲ
2584 4875 2678 4929 τὸν
2712 4875 2912 4931 σκοπὸν
2961 4875 3394 4947 προϐαλλόμενοι
3439 4874 3723 4943 φαίνονται·

2159 4969 2380 5033 εἰδότες,
2411 4967 2487 5031 ὡς
2534 4969 2562 5022 ὁ
2610 4968 2763 5039 παρὰ
2814 4965 2907 5041 τὸν
2950 4965 3112 5038 ὀρθὸν
3146 4965 3348 5019 σκοπὸν
3380 4964 3481 5018 τοῦ
3524 4963 3655 5018 Θεοῦ
3681 4977 3726 5013 τι

2162 5059 2438 5131 πράττων,
2473 5058 2574 5113 κᾶν
2608 5059 2836 5132 μυρίους
2859 5057 3056 5128 λόγους
3102 5055 3420 5128 προϐάλλοι,
3460 5056 3557 5128 τὴν
3587 5055 3724 5122 γέεν-

2163 5168 2259 5204 ναν
2280 5150 2379 5203 οὐκ
2407 5148 2750 5219 ἐκφεύξεται.

2233 5337 2324 5401 ιη’.
2368 5328 2940 5399 Ἐπιθυμίανῖστησιν
2978 5330 3016 5399 ή
3048 5328 3143 5381 τοῦ
3180 5325 3315 5380 Θεοῦ
3349 5324 3562 5394 ἀγάπη·
3585 5323 3619 5392 ή
3640 5318 3723 5373 τοῦ

2162 5420 2391 5492 πλησίον
2420 5420 2498 5484 δὲ,
2532 5418 2697 5474 παύει
2729 5420 2900 5490 θυμὸν
2944 5417 3309 5491 ἠγριωμένον.

2236 5511 2320 5569 ιθ’.
2368 5514 2431 5568 Ol
2485 5512 2761 5576 είκονικάς
2813 5511 2945 5576 ὕλας
2983 5511 3109 5575 τοὺς
3145 5509 3324 5574 θείους
3380 5508 3724 5579 χαρακτῆρας
