  <div class='ocr_page' id='page_1' title='image "/cluster/home/n/w/nwhite01/storage/ocr_20150623/90/pst.000005712960/578.png"; bbox 0 0 3876 6314; ppageno 0'>
   <div class='ocr_carea' id='block_1_1' title="bbox 114 217 3425 353">
    <p class='ocr_par' dir='ltr' id='par_1_1' title="bbox 114 217 3425 353">
     <span class='ocr_line' id='line_1_1' title="bbox 114 217 3425 353; baseline 0.002 -31"><span class='ocrx_word' id='word_1_1' title='bbox 114 265 302 333; x_wconf 76' lang='grc' dir='ltr'><strong>ιοπ</strong></span> <span class='ocrx_word' id='word_1_2' title='bbox 1046 267 1382 328; x_wconf 80' lang='lat' dir='ltr'><strong>CAPITUM</strong></span> <span class='ocrx_word' id='word_1_3' title='bbox 1422 268 1519 328; x_wconf 88' lang='lat' dir='ltr'><strong>DE</strong></span> <span class='ocrx_word' id='word_1_4' title='bbox 1556 253 1986 353; x_wconf 72' lang='lat' dir='ltr'><strong>ClIARlTATE</strong></span> <span class='ocrx_word' id='word_1_5' title='bbox 2027 271 2419 334; x_wconf 80' lang='lat' dir='ltr'><strong>CENTURIA</strong></span> <span class='ocrx_word' id='word_1_6' title='bbox 2459 274 2555 333; x_wconf 86' lang='lat' dir='ltr'><strong>1v.</strong></span> <span class='ocrx_word' id='word_1_7' title='bbox 3269 217 3425 340; x_wconf 80' lang='lat' dir='ltr'><strong>107s.</strong></span> 
     </span>
    </p>
   </div>
   <div class='ocr_carea' id='block_1_2' title="bbox 99 384 1630 459">
    <p class='ocr_par' dir='ltr' id='par_1_2' title="bbox 99 384 1630 458">
     <span class='ocr_line' id='line_1_2' title="bbox 99 384 1630 458; baseline -0.001 -20"><span class='ocrx_word' id='word_1_8' title='bbox 99 385 649 458; x_wconf 76' lang='grc' dir='ltr'>ὑπολαμϐάνοντες,</span> <span class='ocrx_word' id='word_1_9' title='bbox 679 384 1070 457; x_wconf 66' lang='grc' dir='ltr'>παραχρῶνται</span> <span class='ocrx_word' id='word_1_10' title='bbox 1099 387 1213 449; x_wconf 73' lang='grc' dir='ltr'>τοῖς</span> <span class='ocrx_word' id='word_1_11' title='bbox 1228 387 1337 439; x_wconf 89' lang='grc' dir='ltr'><strong>τῶν</strong></span> <span class='ocrx_word' id='word_1_12' title='bbox 1366 385 1630 457; x_wconf 59' lang='grc' dir='ltr'>χαρακτήρ</span> 
     </span>
    </p>
   </div>
   <div class='ocr_carea' id='block_1_3' title="bbox 1874 384 3405 459">
    <p class='ocr_par' dir='ltr' id='par_1_3' title="bbox 1874 386 3405 459">
     <span class='ocr_line' id='line_1_3' title="bbox 1874 386 3405 459; baseline 0.001 -19"><span class='ocrx_word' id='word_1_13' title='bbox 1874 387 2074 454; x_wconf 91' lang='lat' dir='ltr'><strong>imant,</strong></span> <span class='ocrx_word' id='word_1_14' title='bbox 2122 389 2416 459; x_wconf 87' lang='lat' dir='ltr'><strong>ﬁgurarum</strong></span> <span class='ocrx_word' id='word_1_15' title='bbox 2482 386 2840 457; x_wconf 80' lang='lat' dir='ltr'><strong>conecptibus</strong></span> <span class='ocrx_word' id='word_1_16' title='bbox 2897 386 3217 443; x_wconf 85' lang='lat' dir='ltr'><strong>abutuntur.</strong></span> <span class='ocrx_word' id='word_1_17' title='bbox 3271 388 3405 444; x_wconf 74' lang='lat' dir='ltr'><strong>Nam</strong></span> 
     </span>
    </p>
   </div>
   <div class='ocr_carea' id='block_1_4' title="bbox 99 475 1630 550">
    <p class='ocr_par' dir='ltr' id='par_1_4' title="bbox 99 475 1586 549">
     <span class='ocr_line' id='line_1_4' title="bbox 99 475 1586 549; baseline -0.001 -19"><span class='ocrx_word' id='word_1_18' title='bbox 99 481 410 549; x_wconf 79' lang='grc' dir='ltr'><strong>νοήμασι.</strong></span> <span class='ocrx_word' id='word_1_19' title='bbox 457 475 566 529; x_wconf 88' lang='grc' dir='ltr'>Τοῦ</span> <span class='ocrx_word' id='word_1_20' title='bbox 596 476 704 545; x_wconf 81' lang='grc' dir='ltr'>γὰρ</span> <span class='ocrx_word' id='word_1_21' title='bbox 753 477 1098 547; x_wconf 87' lang='grc' dir='ltr'>χαρακτῆρος</span> <span class='ocrx_word' id='word_1_22' title='bbox 1146 477 1246 546; x_wconf 74' lang='grc' dir='ltr'>τὴν</span> <span class='ocrx_word' id='word_1_23' title='bbox 1291 476 1586 529; x_wconf 80' lang='grc' dir='ltr'><strong>ὑπόστασιν</strong></span> 
     </span>
    </p>
   </div>
   <div class='ocr_carea' id='block_1_5' title="bbox 1876 475 3407 550">
    <p class='ocr_par' dir='ltr' id='par_1_5' title="bbox 1876 477 3407 550">
     <span class='ocr_line' id='line_1_5' title="bbox 1876 477 3407 550; baseline 0.001 -19"><span class='ocrx_word' id='word_1_24' title='bbox 1876 495 1950 532; x_wconf 82' lang='lat' dir='ltr'><strong>nn</strong></span> <span class='ocrx_word' id='word_1_25' title='bbox 1980 479 2153 550; x_wconf 86' lang='lat' dir='ltr'><strong>ﬁgura</strong></span> <span class='ocrx_word' id='word_1_26' title='bbox 2190 496 2285 535; x_wconf 91' lang='lat' dir='ltr'><strong>seu</strong></span> <span class='ocrx_word' id='word_1_27' title='bbox 2316 479 2603 534; x_wconf 76' lang='lat' dir='ltr'><strong>character</strong></span> <span class='ocrx_word' id='word_1_28' title='bbox 2644 494 2936 548; x_wconf 85' lang='lat' dir='ltr'><strong>personam</strong></span> <span class='ocrx_word' id='word_1_29' title='bbox 2966 478 3270 550; x_wconf 86' lang='lat' dir='ltr'><strong>signiﬁcet,</strong></span> <span class='ocrx_word' id='word_1_30' title='bbox 3305 477 3407 550; x_wconf 83' lang='lat' dir='ltr'><strong>ipsi</strong></span> 
     </span>
    </p>
   </div>
   <div class='ocr_carea' id='block_1_6' title="bbox 101 563 1632 641">
    <p class='ocr_par' dir='ltr' id='par_1_6' title="bbox 101 567 1632 640">
     <span class='ocr_line' id='line_1_6' title="bbox 101 567 1632 640; baseline -0.003 -16"><span class='ocrx_word' id='word_1_31' title='bbox 101 571 392 634; x_wconf 83' lang='grc' dir='ltr'>λοῦντος·</span> <span class='ocrx_word' id='word_1_32' title='bbox 430 570 584 626; x_wconf 72' lang='grc' dir='ltr'>αὐτοὶ</span> <span class='ocrx_word' id='word_1_33' title='bbox 632 569 732 640; x_wconf 85' lang='grc' dir='ltr'>τὴν</span> <span class='ocrx_word' id='word_1_34' title='bbox 786 570 994 636; x_wconf 87' lang='grc' dir='ltr'>ούσίαν,</span> <span class='ocrx_word' id='word_1_35' title='bbox 1026 571 1144 640; x_wconf 74' lang='grc' dir='ltr'>ἦτοι</span> <span class='ocrx_word' id='word_1_36' title='bbox 1185 569 1286 640; x_wconf 80' lang='grc' dir='ltr'><strong>τὴν</strong></span> <span class='ocrx_word' id='word_1_37' title='bbox 1326 567 1489 640; x_wconf 78' lang='grc' dir='ltr'>ὓλην,</span> <span class='ocrx_word' id='word_1_38' title='bbox 1533 570 1590 620; x_wconf 81' lang='grc' dir='ltr'>ὲν</span> <span class='ocrx_word' id='word_1_39' title='bbox 1631 591 1632 596; x_wconf 52' lang='grc' dir='ltr'><strong>η</strong></span> 
     </span>
    </p>
   </div>
   <div class='ocr_carea' id='block_1_7' title="bbox 1872 563 3403 641">
    <p class='ocr_par' dir='ltr' id='par_1_7' title="bbox 1872 569 3403 641">
     <span class='ocr_line' id='line_1_7' title="bbox 1872 569 3403 641; baseline 0.001 -19"><span class='ocrx_word' id='word_1_40' title='bbox 1872 569 2184 624; x_wconf 77' lang='lat' dir='ltr'><strong>ibstantiam</strong></span> <span class='ocrx_word' id='word_1_41' title='bbox 2249 570 2338 640; x_wconf 87' lang='lat' dir='ltr'><strong>(id</strong></span> <span class='ocrx_word' id='word_1_42' title='bbox 2395 577 2515 634; x_wconf 91' lang='lat' dir='ltr'><strong>est,</strong></span> <span class='ocrx_word' id='word_1_43' title='bbox 2574 571 2900 639; x_wconf 76' lang='lat' dir='ltr'><strong>materiam)</strong></span> <span class='ocrx_word' id='word_1_44' title='bbox 2952 571 3006 624; x_wconf 89' lang='lat' dir='ltr'><strong>in</strong></span> <span class='ocrx_word' id='word_1_45' title='bbox 3063 585 3170 639; x_wconf 88' lang='lat' dir='ltr'><strong>qua</strong></span> <span class='ocrx_word' id='word_1_46' title='bbox 3229 570 3403 641; x_wconf 83' lang='lat' dir='ltr'><strong>ﬁgura</strong></span> 
     </span>
    </p>
   </div>
   <div class='ocr_carea' id='block_1_8' title="bbox 97 659 1628 736">
    <p class='ocr_par' dir='ltr' id='par_1_8' title="bbox 97 660 1628 736">
     <span class='ocr_line' id='line_1_8' title="bbox 97 660 1628 736; baseline -0.004 -19"><span class='ocrx_word' id='word_1_47' title='bbox 97 663 442 736; x_wconf 79' lang='grc' dir='ltr'>χαρακτὴρ</span> <span class='ocrx_word' id='word_1_48' title='bbox 471 664 880 733; x_wconf 77' lang='grc' dir='ltr'><strong>προσκυνεῖται,</strong></span> <span class='ocrx_word' id='word_1_49' title='bbox 911 661 1236 732; x_wconf 72' lang='grc' dir='ltr'><strong>χαρακτῆρα</strong></span> <span class='ocrx_word' id='word_1_50' title='bbox 1268 660 1554 713; x_wconf 76' lang='grc' dir='ltr'>ὑπέλαϐον.</span> <span class='ocrx_word' id='word_1_51' title='bbox 1597 660 1628 710; x_wconf 76' lang='lat' dir='ltr'><strong>&#39;i</strong></span> 
     </span>
    </p>
   </div>
   <div class='ocr_carea' id='block_1_9' title="bbox 1876 659 3407 736">
    <p class='ocr_par' dir='ltr' id='par_1_9' title="bbox 1876 660 3407 731">
     <span class='ocr_line' id='line_1_9' title="bbox 1876 660 3407 731; baseline 0.001 -18"><span class='ocrx_word' id='word_1_52' title='bbox 1876 660 2108 726; x_wconf 90' lang='lat' dir='ltr'><strong>loratur,</strong></span> <span class='ocrx_word' id='word_1_53' title='bbox 2168 661 2396 730; x_wconf 80' lang='lat' dir='ltr'><strong>ﬁguram</strong></span> <span class='ocrx_word' id='word_1_54' title='bbox 2450 661 2927 716; x_wconf 78' lang='lat' dir='ltr'><strong>existimaverunt.</strong></span> <span class='ocrx_word' id='word_1_55' title='bbox 2981 661 3230 731; x_wconf 86' lang='lat' dir='ltr'><strong>Hincque</strong></span> <span class='ocrx_word' id='word_1_56' title='bbox 3269 660 3407 714; x_wconf 89' lang='lat' dir='ltr'><strong>adeo</strong></span> 
     </span>
    </p>
   </div>
   <div class='ocr_carea' id='block_1_10' title="bbox 110 751 1641 827">
    <p class='ocr_par' dir='ltr' id='par_1_10' title="bbox 110 751 1641 827">
     <span class='ocr_line' id='line_1_10' title="bbox 110 751 1641 827; baseline -0.005 -17"><span class='ocrx_word' id='word_1_57' title='bbox 110 757 338 810; x_wconf 83' lang='grc' dir='ltr'>Θεντοι</span> <span class='ocrx_word' id='word_1_58' title='bbox 367 755 460 809; x_wconf 72' lang='grc' dir='ltr'><strong>καὶ</strong></span> <span class='ocrx_word' id='word_1_59' title='bbox 493 754 985 827; x_wconf 79' lang='grc' dir='ltr'>παραχρησάμενοι</span> <span class='ocrx_word' id='word_1_60' title='bbox 1016 754 1091 824; x_wconf 84' lang='grc' dir='ltr'>τῷ</span> <span class='ocrx_word' id='word_1_61' title='bbox 1116 755 1368 824; x_wconf 77' lang='grc' dir='ltr'>νοήματι,</span> <span class='ocrx_word' id='word_1_62' title='bbox 1395 753 1452 819; x_wconf 75' lang='grc' dir='ltr'><strong>ἐξ</strong></span> <span class='ocrx_word' id='word_1_63' title='bbox 1481 751 1641 820; x_wconf 66' lang='grc' dir='ltr'>ἀνάγ)</span> 
     </span>
    </p>
   </div>
   <div class='ocr_carea' id='block_1_11' title="bbox 1876 751 3407 827">
    <p class='ocr_par' dir='ltr' id='par_1_11' title="bbox 1876 752 3407 822">
     <span class='ocr_line' id='line_1_11' title="bbox 1876 752 3407 822; baseline -0.001 -17"><span class='ocrx_word' id='word_1_64' title='bbox 1876 760 2120 822; x_wconf 83' lang='lat' dir='ltr'><strong>)nceptu,</strong></span> <span class='ocrx_word' id='word_1_65' title='bbox 2169 752 2360 821; x_wconf 89' lang='lat' dir='ltr'><strong>reique</strong></span> <span class='ocrx_word' id='word_1_66' title='bbox 2428 753 2656 807; x_wconf 90' lang='lat' dir='ltr'><strong>notione</strong></span> <span class='ocrx_word' id='word_1_67' title='bbox 2708 753 3020 816; x_wconf 84' lang='lat' dir='ltr'><strong>abutentes,</strong></span> <span class='ocrx_word' id='word_1_68' title='bbox 3096 753 3407 807; x_wconf 88' lang='lat' dir='ltr'><strong>necessario</strong></span> 
     </span>
    </p>
   </div>
   <div class='ocr_carea' id='block_1_12' title="bbox 102 835 1633 918">
    <p class='ocr_par' dir='ltr' id='par_1_12' title="bbox 102 841 1633 918">
     <span class='ocr_line' id='line_1_12' title="bbox 102 841 1633 918; baseline -0.006 -16"><span class='ocrx_word' id='word_1_69' title='bbox 102 849 242 902; x_wconf 66' lang='grc' dir='ltr'><strong>καὶ</strong></span> <span class='ocrx_word' id='word_1_70' title='bbox 272 847 354 918; x_wconf 86' lang='grc' dir='ltr'>τῷ</span> <span class='ocrx_word' id='word_1_71' title='bbox 381 847 667 918; x_wconf 86' lang='grc' dir='ltr'><strong>πράγματι</strong></span> <span class='ocrx_word' id='word_1_72' title='bbox 694 847 1132 917; x_wconf 78' lang='grc' dir='ltr'>παρεχρήσαντο’</span> <span class='ocrx_word' id='word_1_73' title='bbox 1165 845 1240 906; x_wconf 82' lang='grc' dir='ltr'>ὡς</span> <span class='ocrx_word' id='word_1_74' title='bbox 1272 844 1405 914; x_wconf 81' lang='grc' dir='ltr'>ὓλην</span> <span class='ocrx_word' id='word_1_75' title='bbox 1440 841 1602 912; x_wconf 77' lang='grc' dir='ltr'>ψιλὴν</span> <span class='ocrx_word' id='word_1_76' title='bbox 1631 861 1633 868; x_wconf 64' lang='grc' dir='ltr'><strong>ί</strong></span> 
     </span>
    </p>
   </div>
   <div class='ocr_carea' id='block_1_13' title="bbox 1875 835 3406 918">
    <p class='ocr_par' dir='ltr' id='par_1_13' title="bbox 1875 835 3406 912">
     <span class='ocr_line' id='line_1_13' title="bbox 1875 835 3406 912; baseline 0 -16"><span class='ocrx_word' id='word_1_77' title='bbox 1875 843 1992 897; x_wconf 89' lang='lat' dir='ltr'><strong>.iam</strong></span> <span class='ocrx_word' id='word_1_78' title='bbox 2023 835 2208 912; x_wconf 88' lang='lat' dir='ltr'><strong>reipsa</strong></span> <span class='ocrx_word' id='word_1_79' title='bbox 2247 843 2405 898; x_wconf 87' lang='lat' dir='ltr'><strong>abusi</strong></span> <span class='ocrx_word' id='word_1_80' title='bbox 2463 852 2630 910; x_wconf 91' lang='lat' dir='ltr'><strong>sunt;</strong></span> <span class='ocrx_word' id='word_1_81' title='bbox 2664 844 2738 898; x_wconf 88' lang='lat' dir='ltr'><strong>ita</strong></span> <span class='ocrx_word' id='word_1_82' title='bbox 2792 845 3055 898; x_wconf 90' lang='lat' dir='ltr'><strong>nimirum</strong></span> <span class='ocrx_word' id='word_1_83' title='bbox 3112 852 3172 897; x_wconf 90' lang='lat' dir='ltr'><strong>ut</strong></span> <span class='ocrx_word' id='word_1_84' title='bbox 3208 843 3406 896; x_wconf 86' lang='lat' dir='ltr'><strong>nudam</strong></span> 
     </span>
    </p>
   </div>
   <div class='ocr_carea' id='block_1_14' title="bbox 103 931 1634 1012">
    <p class='ocr_par' dir='ltr' id='par_1_14' title="bbox 103 936 1634 1012">
     <span class='ocr_line' id='line_1_14' title="bbox 103 936 1634 1012; baseline -0.006 -17"><span class='ocrx_word' id='word_1_85' title='bbox 103 941 343 1012; x_wconf 71' lang='grc' dir='ltr'>κωφὴν</span> <span class='ocrx_word' id='word_1_86' title='bbox 369 941 498 1004; x_wconf 80' lang='grc' dir='ltr'>τοὺς</span> <span class='ocrx_word' id='word_1_87' title='bbox 543 939 724 1010; x_wconf 73' lang='grc' dir='ltr'>ἱεροὺς</span> <span class='ocrx_word' id='word_1_88' title='bbox 769 939 1127 1008; x_wconf 84' lang='grc' dir='ltr'>χαρακτῆρας</span> <span class='ocrx_word' id='word_1_89' title='bbox 1170 936 1401 998; x_wconf 77' lang='grc' dir='ltr'>ἀναιδῶς</span> <span class='ocrx_word' id='word_1_90' title='bbox 1447 952 1634 988; x_wconf 84' lang='grc' dir='ltr'>κατακι</span> 
     </span>
    </p>
   </div>
   <div class='ocr_carea' id='block_1_15' title="bbox 1878 931 3409 1012">
    <p class='ocr_par' dir='ltr' id='par_1_15' title="bbox 1886 931 3409 1006">
     <span class='ocr_line' id='line_1_15' title="bbox 1886 931 3409 1006; baseline 0.001 -18"><span class='ocrx_word' id='word_1_91' title='bbox 1886 943 2144 1006; x_wconf 88' lang='lat' dir='ltr'><strong>utamque</strong></span> <span class='ocrx_word' id='word_1_92' title='bbox 2208 935 2496 990; x_wconf 87' lang='lat' dir='ltr'><strong>materiam</strong></span> <span class='ocrx_word' id='word_1_93' title='bbox 2532 931 2714 990; x_wconf 84' lang='lat' dir='ltr'><strong>sacras</strong></span> <span class='ocrx_word' id='word_1_94' title='bbox 2765 935 2966 1006; x_wconf 86' lang='lat' dir='ltr'><strong>ﬁguras</strong></span> <span class='ocrx_word' id='word_1_95' title='bbox 3012 952 3076 990; x_wconf 90' lang='lat' dir='ltr'><strong>ac</strong></span> <span class='ocrx_word' id='word_1_96' title='bbox 3141 934 3409 1004; x_wconf 85' lang='lat' dir='ltr'><strong>imagines</strong></span> 
     </span>
    </p>
   </div>
   <div class='ocr_carea' id='block_1_16' title="bbox 107 1028 3004 1102">
    <p class='ocr_par' dir='ltr' id='par_1_16' title="bbox 107 1028 3004 1102">
     <span class='ocr_line' id='line_1_16' title="bbox 107 1028 3004 1102; baseline 0 -17"><span class='ocrx_word' id='word_1_97' title='bbox 107 1049 364 1096; x_wconf 81' lang='grc' dir='ltr'><strong>σαντες.</strong></span> <span class='ocrx_word' id='word_1_98' title='bbox 1826 1028 2175 1099; x_wconf 89' lang='lat' dir='ltr'><strong>impudenter</strong></span> <span class='ocrx_word' id='word_1_99' title='bbox 2206 1031 2315 1102; x_wconf 83' lang='lat' dir='ltr'><strong>igni</strong></span> <span class='ocrx_word' id='word_1_100' title='bbox 2340 1031 2638 1086; x_wconf 89' lang='lat' dir='ltr'><strong>abolendas</strong></span> <span class='ocrx_word' id='word_1_101' title='bbox 2669 1034 3004 1102; x_wconf 86' lang='lat' dir='ltr'><strong>putaverint.</strong></span> 
     </span>
    </p>
   </div>
   <div class='ocr_carea' id='block_1_17' title="bbox 205 1116 1736 1191">
    <p class='ocr_par' dir='ltr' id='par_1_17' title="bbox 205 1116 1721 1191">
     <span class='ocr_line' id='line_1_17' title="bbox 205 1116 1721 1191; baseline -0.009 -13"><span class='ocrx_word' id='word_1_102' title='bbox 205 1130 288 1178; x_wconf 86' lang='grc' dir='ltr'>κ’.</span> <span class='ocrx_word' id='word_1_103' title='bbox 319 1122 496 1176; x_wconf 80' lang='grc' dir='ltr'><strong>Βλέπε</strong></span> <span class='ocrx_word' id='word_1_104' title='bbox 533 1121 596 1174; x_wconf 81' lang='grc' dir='ltr'>τὸ</span> <span class='ocrx_word' id='word_1_105' title='bbox 638 1120 896 1191; x_wconf 82' lang='grc' dir='ltr'>διάφορον</span> <span class='ocrx_word' id='word_1_106' title='bbox 923 1121 1022 1189; x_wconf 86' lang='grc' dir='ltr'><strong>τῆς</strong></span> <span class='ocrx_word' id='word_1_107' title='bbox 1056 1118 1234 1190; x_wconf 82' lang='grc' dir='ltr'>λύπης</span> <span class='ocrx_word' id='word_1_108' title='bbox 1261 1119 1356 1172; x_wconf 74' lang='grc' dir='ltr'>καὶ</span> <span class='ocrx_word' id='word_1_109' title='bbox 1384 1119 1481 1188; x_wconf 82' lang='grc' dir='ltr'><strong>τῆς</strong></span> <span class='ocrx_word' id='word_1_110' title='bbox 1508 1116 1721 1186; x_wconf 80' lang='grc' dir='ltr'>ὀδύνηςο</span> 
     </span>
    </p>
   </div>
   <div class='ocr_carea' id='block_1_18' title="bbox 1876 1116 3407 1191">
    <p class='ocr_par' dir='ltr' id='par_1_18' title="bbox 1897 1119 3407 1190">
     <span class='ocr_line' id='line_1_18' title="bbox 1897 1119 3407 1190; baseline 0.003 -16"><span class='ocrx_word' id='word_1_111' title='bbox 1897 1121 1987 1174; x_wconf 76' lang='lat'><strong>20.</strong></span> <span class='ocrx_word' id='word_1_112' title='bbox 2023 1122 2157 1176; x_wconf 78' lang='lat' dir='ltr'><strong>Vide</strong></span> <span class='ocrx_word' id='word_1_113' title='bbox 2190 1119 2488 1178; x_wconf 85' lang='lat' dir='ltr'><strong>discrimen</strong></span> <span class='ocrx_word' id='word_1_114' title='bbox 2516 1123 2660 1178; x_wconf 91' lang='lat' dir='ltr'><strong>inter</strong></span> <span class='ocrx_word' id='word_1_115' title='bbox 2693 1124 2972 1178; x_wconf 89' lang='lat' dir='ltr'><strong>tristitiam</strong></span> <span class='ocrx_word' id='word_1_116' title='bbox 3012 1134 3068 1179; x_wconf 88' lang='lat' dir='ltr'><strong>et</strong></span> <span class='ocrx_word' id='word_1_117' title='bbox 3119 1126 3407 1190; x_wconf 83' lang='lat' dir='ltr'><strong>dolorem;</strong></span> 
     </span>
    </p>
   </div>
   <div class='ocr_carea' id='block_1_19' title="bbox 108 1209 1639 1284">
    <p class='ocr_par' dir='ltr' id='par_1_19' title="bbox 108 1209 1639 1284">
     <span class='ocr_line' id='line_1_19' title="bbox 108 1209 1639 1284; baseline -0.005 -16"><span class='ocrx_word' id='word_1_118' title='bbox 108 1213 241 1268; x_wconf 68' lang='grc' dir='ltr'><strong>καὶ</strong></span> <span class='ocrx_word' id='word_1_119' title='bbox 280 1215 368 1267; x_wconf 82' lang='grc' dir='ltr'>ὅτι</span> <span class='ocrx_word' id='word_1_120' title='bbox 397 1211 942 1284; x_wconf 83' lang='grc' dir='ltr'>παρακολουθήματά</span> <span class='ocrx_word' id='word_1_121' title='bbox 975 1212 1132 1265; x_wconf 79' lang='grc' dir='ltr'>εἰσιν·</span> <span class='ocrx_word' id='word_1_122' title='bbox 1164 1212 1199 1282; x_wconf 80' lang='grc' dir='ltr'><strong>ἡ</strong></span> <span class='ocrx_word' id='word_1_123' title='bbox 1222 1209 1340 1280; x_wconf 82' lang='grc' dir='ltr'>μὲν,</span> <span class='ocrx_word' id='word_1_124' title='bbox 1381 1209 1484 1278; x_wconf 90' lang='grc' dir='ltr'><strong>τῆς</strong></span> <span class='ocrx_word' id='word_1_125' title='bbox 1511 1209 1639 1280; x_wconf 81' lang='grc' dir='ltr'>ἡδον</span> 
     </span>
    </p>
   </div>
   <div class='ocr_carea' id='block_1_20' title="bbox 1881 1209 3412 1284">
    <p class='ocr_par' dir='ltr' id='par_1_20' title="bbox 1881 1211 3412 1284">
     <span class='ocr_line' id='line_1_20' title="bbox 1881 1211 3412 1284; baseline 0.001 -19"><span class='ocrx_word' id='word_1_126' title='bbox 1881 1211 2089 1281; x_wconf 70' lang='lat' dir='ltr'><strong>aodque</strong></span> <span class='ocrx_word' id='word_1_127' title='bbox 2115 1211 2269 1266; x_wconf 87' lang='lat' dir='ltr'><strong>velut</strong></span> <span class='ocrx_word' id='word_1_128' title='bbox 2317 1213 2670 1284; x_wconf 84' lang='lat' dir='ltr'><strong>appendices,</strong></span> <span class='ocrx_word' id='word_1_129' title='bbox 2695 1216 2864 1270; x_wconf 86' lang='lat' dir='ltr'><strong>altera</strong></span> <span class='ocrx_word' id='word_1_130' title='bbox 2901 1215 3218 1284; x_wconf 83' lang='lat' dir='ltr'><strong>voluptatis,</strong></span> <span class='ocrx_word' id='word_1_131' title='bbox 3275 1215 3412 1269; x_wconf 86' lang='lat' dir='ltr'><strong>alter</strong></span> 
     </span>
    </p>
   </div>
   <div class='ocr_carea' id='block_1_21' title="bbox 102 1301 1633 1376">
    <p class='ocr_par' dir='ltr' id='par_1_21' title="bbox 102 1304 800 1376">
     <span class='ocr_line' id='line_1_21' title="bbox 102 1304 800 1376; baseline 0 -18"><span class='ocrx_word' id='word_1_132' title='bbox 102 1307 151 1376; x_wconf 74' lang='grc' dir='ltr'><strong>ἡ</strong></span> <span class='ocrx_word' id='word_1_133' title='bbox 195 1305 290 1370; x_wconf 81' lang='grc' dir='ltr'><strong>δὲ,</strong></span> <span class='ocrx_word' id='word_1_134' title='bbox 332 1307 432 1373; x_wconf 90' lang='grc' dir='ltr'><strong>τῆς</strong></span> <span class='ocrx_word' id='word_1_135' title='bbox 470 1304 800 1370; x_wconf 78' lang='grc' dir='ltr'><strong>κενοδοξίας.</strong></span> 
     </span>
    </p>
   </div>
   <div class='ocr_carea' id='block_1_22' title="bbox 853 1301 2384 1376">
    <p class='ocr_par' dir='ltr' id='par_1_22' title="bbox 1825 1301 2384 1370">
     <span class='ocr_line' id='line_1_22' title="bbox 1825 1301 2384 1370; baseline 0 -14"><span class='ocrx_word' id='word_1_136' title='bbox 1825 1302 2007 1356; x_wconf 91' lang='lat' dir='ltr'><strong>inanis</strong></span> <span class='ocrx_word' id='word_1_137' title='bbox 2031 1301 2218 1370; x_wconf 74' lang='lat' dir='ltr'><strong>gloria:</strong></span> <span class='ocrx_word' id='word_1_138' title='bbox 2253 1303 2384 1357; x_wconf 89' lang='lat' dir='ltr'><strong>siut.</strong></span> 
     </span>
    </p>
   </div>
   <div class='ocr_carea' id='block_1_23' title="bbox 208 1391 1739 1467">
    <p class='ocr_par' dir='ltr' id='par_1_23' title="bbox 208 1392 1725 1467">
     <span class='ocr_line' id='line_1_23' title="bbox 208 1392 1725 1467; baseline -0.003 -16"><span class='ocrx_word' id='word_1_139' title='bbox 208 1405 330 1454; x_wconf 82' lang='grc' dir='ltr'>κα’.</span> <span class='ocrx_word' id='word_1_140' title='bbox 359 1399 548 1465; x_wconf 82' lang='grc' dir='ltr'>Πάσης</span> <span class='ocrx_word' id='word_1_141' title='bbox 589 1399 738 1467; x_wconf 79' lang='grc' dir='ltr'>ἡμᾶς</span> <span class='ocrx_word' id='word_1_142' title='bbox 768 1395 1061 1464; x_wconf 72' lang='grc' dir='ltr'>ἀπολογίας</span> <span class='ocrx_word' id='word_1_143' title='bbox 1109 1393 1381 1449; x_wconf 83' lang='grc' dir='ltr'>ἀποπαύει</span> <span class='ocrx_word' id='word_1_144' title='bbox 1410 1392 1506 1448; x_wconf 89' lang='grc' dir='ltr'><strong>τοῦ</strong></span> <span class='ocrx_word' id='word_1_145' title='bbox 1536 1393 1725 1448; x_wconf 82' lang='grc' dir='ltr'>ἀποτι-</span> 
     </span>
    </p>
   </div>
   <div class='ocr_carea' id='block_1_24' title="bbox 1880 1391 3411 1467">
    <p class='ocr_par' dir='ltr' id='par_1_24' title="bbox 1895 1391 3411 1465">
     <span class='ocr_line' id='line_1_24' title="bbox 1895 1391 3411 1465; baseline 0.001 -17"><span class='ocrx_word' id='word_1_146' title='bbox 1895 1393 1986 1448; x_wconf 74' lang='grc'><strong>21.</strong></span> <span class='ocrx_word' id='word_1_147' title='bbox 2029 1391 2258 1448; x_wconf 91' lang='lat' dir='ltr'><strong>Omnem</strong></span> <span class='ocrx_word' id='word_1_148' title='bbox 2294 1394 2458 1449; x_wconf 88' lang='lat' dir='ltr'><strong>nobis</strong></span> <span class='ocrx_word' id='word_1_149' title='bbox 2489 1392 2740 1454; x_wconf 88' lang='lat' dir='ltr'><strong>adimunt</strong></span> <span class='ocrx_word' id='word_1_150' title='bbox 2799 1395 3212 1450; x_wconf 79' lang='lat' dir='ltr'><strong>excusationem</strong></span> <span class='ocrx_word' id='word_1_151' title='bbox 3278 1396 3411 1465; x_wconf 87' lang='lat' dir='ltr'><strong>quin</strong></span> 
     </span>
    </p>
   </div>
   <div class='ocr_carea' id='block_1_25' title="bbox 110 1483 1641 1558">
    <p class='ocr_par' dir='ltr' id='par_1_25' title="bbox 110 1483 1641 1558">
     <span class='ocr_line' id='line_1_25' title="bbox 110 1483 1641 1558; baseline -0.002 -16"><span class='ocrx_word' id='word_1_152' title='bbox 110 1489 299 1543; x_wconf 83' lang='grc' dir='ltr'>Οέναι</span> <span class='ocrx_word' id='word_1_153' title='bbox 325 1489 392 1543; x_wconf 80' lang='grc' dir='ltr'>τὰ</span> <span class='ocrx_word' id='word_1_154' title='bbox 418 1489 698 1558; x_wconf 83' lang='grc' dir='ltr'>χρήματα,</span> <span class='ocrx_word' id='word_1_155' title='bbox 722 1487 788 1540; x_wconf 80' lang='grc' dir='ltr'>τὰ</span> <span class='ocrx_word' id='word_1_156' title='bbox 819 1486 1052 1556; x_wconf 81' lang='grc' dir='ltr'><strong>καθεξῆς</strong></span> <span class='ocrx_word' id='word_1_157' title='bbox 1077 1485 1203 1556; x_wconf 83' lang='grc' dir='ltr'>τρία</span> <span class='ocrx_word' id='word_1_158' title='bbox 1231 1483 1404 1540; x_wconf 89' lang='grc' dir='ltr'>ταῦτα</span> <span class='ocrx_word' id='word_1_159' title='bbox 1429 1484 1641 1554; x_wconf 82' lang='grc' dir='ltr'>κεφάλα</span> 
     </span>
    </p>
   </div>
   <div class='ocr_carea' id='block_1_26' title="bbox 1883 1483 3414 1558">
    <p class='ocr_par' dir='ltr' id='par_1_26' title="bbox 1883 1483 3414 1556">
     <span class='ocr_line' id='line_1_26' title="bbox 1883 1483 3414 1556; baseline 0 -17"><span class='ocrx_word' id='word_1_160' title='bbox 1883 1483 2090 1539; x_wconf 75' lang='lat' dir='ltr'><strong>:cunias</strong></span> <span class='ocrx_word' id='word_1_161' title='bbox 2142 1484 2491 1556; x_wconf 88' lang='lat' dir='ltr'><strong>abjiciamus,</strong></span> <span class='ocrx_word' id='word_1_162' title='bbox 2552 1500 2674 1555; x_wconf 83' lang='lat' dir='ltr'><strong>quae</strong></span> <span class='ocrx_word' id='word_1_163' title='bbox 2755 1495 3066 1556; x_wconf 90' lang='lat' dir='ltr'><strong>sequuntur</strong></span> <span class='ocrx_word' id='word_1_164' title='bbox 3136 1485 3237 1539; x_wconf 89' lang='lat' dir='ltr'><strong>tria</strong></span> <span class='ocrx_word' id='word_1_165' title='bbox 3298 1486 3414 1540; x_wconf 68' lang='grc' dir='ltr'>Ιιπιε</span> 
     </span>
    </p>
   </div>
   <div class='ocr_carea' id='block_1_27' title="bbox 1843 1576 2696 1645">
    <p class='ocr_par' dir='ltr' id='par_1_27' title="bbox 1843 1576 2696 1645">
     <span class='ocr_line' id='line_1_27' title="bbox 1843 1576 2696 1645; baseline -0.001 -16"><span class='ocrx_word' id='word_1_166' title='bbox 1843 1576 2037 1645; x_wconf 86' lang='lat' dir='ltr'><strong>capita.</strong></span> <span class='ocrx_word' id='word_1_167' title='bbox 2691 1587 2696 1591; x_wconf 81' lang='lat'>&#39;</span> 
     </span>
    </p>
   </div>
   <div class='ocr_carea' id='block_1_28' title="bbox 203 1660 1734 1738">
    <p class='ocr_par' dir='ltr' id='par_1_28' title="bbox 203 1660 1724 1738">
     <span class='ocr_line' id='line_1_28' title="bbox 203 1660 1724 1738; baseline -0.005 -18"><span class='ocrx_word' id='word_1_168' title='bbox 203 1667 326 1738; x_wconf 83' lang='grc' dir='ltr'>κβ’.</span> <span class='ocrx_word' id='word_1_169' title='bbox 373 1667 642 1738; x_wconf 80' lang='grc' dir='ltr'>Τεχνικὴν</span> <span class='ocrx_word' id='word_1_170' title='bbox 675 1665 886 1733; x_wconf 81' lang='grc' dir='ltr'>σοφίαν,</span> <span class='ocrx_word' id='word_1_171' title='bbox 920 1664 984 1718; x_wconf 87' lang='grc' dir='ltr'><strong>ού</strong></span> <span class='ocrx_word' id='word_1_172' title='bbox 1014 1663 1114 1734; x_wconf 80' lang='grc' dir='ltr'>τὴν</span> <span class='ocrx_word' id='word_1_173' title='bbox 1137 1665 1202 1717; x_wconf 82' lang='grc' dir='ltr'>ὲκ</span> <span class='ocrx_word' id='word_1_174' title='bbox 1233 1662 1520 1733; x_wconf 84' lang='grc' dir='ltr'>μαθήσεως</span> <span class='ocrx_word' id='word_1_175' title='bbox 1553 1660 1724 1727; x_wconf 80' lang='grc' dir='ltr'><strong>λέγει,</strong></span> 
     </span>
    </p>
   </div>
   <div class='ocr_carea' id='block_1_29' title="bbox 1883 1660 3414 1738">
    <p class='ocr_par' dir='ltr' id='par_1_29' title="bbox 1897 1665 3414 1735">
     <span class='ocr_line' id='line_1_29' title="bbox 1897 1665 3414 1735; baseline -0.003 -15"><span class='ocrx_word' id='word_1_176' title='bbox 1897 1667 1989 1722; x_wconf 73' lang='lat'><strong>22.</strong></span> <span class='ocrx_word' id='word_1_177' title='bbox 2044 1665 2400 1721; x_wconf 88' lang='lat' dir='ltr'><strong>Artiﬁcialcm</strong></span> <span class='ocrx_word' id='word_1_178' title='bbox 2433 1665 2756 1735; x_wconf 89' lang='lat' dir='ltr'><strong>sapientiam</strong></span> <span class='ocrx_word' id='word_1_179' title='bbox 2787 1675 2964 1730; x_wconf 88' lang='lat' dir='ltr'><strong>vocat,</strong></span> <span class='ocrx_word' id='word_1_180' title='bbox 3016 1681 3125 1720; x_wconf 91' lang='lat' dir='ltr'><strong>non</strong></span> <span class='ocrx_word' id='word_1_181' title='bbox 3177 1682 3297 1735; x_wconf 72' lang='lat' dir='ltr'><strong>quae</strong></span> <span class='ocrx_word' id='word_1_182' title='bbox 3349 1680 3414 1719; x_wconf 82' lang='lat' dir='ltr'><strong>cx</strong></span> 
     </span>
    </p>
   </div>
   <div class='ocr_carea' id='block_1_30' title="bbox 113 1723 1644 1828">
    <p class='ocr_par' dir='ltr' id='par_1_30' title="bbox 113 1723 1640 1828">
     <span class='ocr_line' id='line_1_30' title="bbox 113 1723 1640 1828; baseline -0.005 -16"><span class='ocrx_word' id='word_1_183' title='bbox 113 1723 290 1812; x_wconf 61' lang='grc' dir='ltr'>ἄλλα</span> <span class='ocrx_word' id='word_1_184' title='bbox 329 1756 429 1828; x_wconf 83' lang='grc' dir='ltr'>τὴν</span> <span class='ocrx_word' id='word_1_185' title='bbox 450 1723 525 1810; x_wconf 67' lang='grc' dir='ltr'><strong>δι’</strong></span> <span class='ocrx_word' id='word_1_186' title='bbox 649 1759 677 1809; x_wconf 94' lang='lat'><strong>6</strong></span> <span class='ocrx_word' id='word_1_187' title='bbox 701 1723 833 1819; x_wconf 76' lang='grc' dir='ltr'>Θεὸς</span> <span class='ocrx_word' id='word_1_188' title='bbox 874 1723 944 1808; x_wconf 74' lang='grc' dir='ltr'>τὰ</span> <span class='ocrx_word' id='word_1_189' title='bbox 977 1723 1154 1808; x_wconf 66' lang='grc' dir='ltr'>πάύτα</span> <span class='ocrx_word' id='word_1_190' title='bbox 1199 1723 1442 1824; x_wconf 71' lang='grc' dir='ltr'>εποίησε.</span> <span class='ocrx_word' id='word_1_191' title='bbox 1501 1723 1514 1725; x_wconf 40' lang='grc'><strong><em>-</em></strong></span> <span class='ocrx_word' id='word_1_192' title='bbox 1628 1723 1640 1727; x_wconf 27' lang='grc'><strong>1</strong></span> 
     </span>
    </p>
   </div>
   <div class='ocr_carea' id='block_1_31' title="bbox 1806 1723 3337 1828">
    <p class='ocr_par' dir='ltr' id='par_1_31' title="bbox 1833 1723 3337 1827">
     <span class='ocr_line' id='line_1_31' title="bbox 1833 1723 3337 1827; baseline -0.001 -15"><span class='ocrx_word' id='word_1_193' title='bbox 1833 1758 2120 1827; x_wconf 89' lang='lat' dir='ltr'><strong>disciplina</strong></span> <span class='ocrx_word' id='word_1_194' title='bbox 2147 1757 2403 1821; x_wconf 89' lang='lat' dir='ltr'><strong>habetur,</strong></span> <span class='ocrx_word' id='word_1_195' title='bbox 2433 1723 2530 1811; x_wconf 76' lang='lat' dir='ltr'><strong>sed</strong></span> <span class='ocrx_word' id='word_1_196' title='bbox 2557 1772 2663 1826; x_wconf 89' lang='lat' dir='ltr'><strong>qua</strong></span> <span class='ocrx_word' id='word_1_197' title='bbox 2698 1757 2842 1810; x_wconf 90' lang='lat' dir='ltr'><strong>Deus</strong></span> <span class='ocrx_word' id='word_1_198' title='bbox 2865 1723 3112 1812; x_wconf 83' lang='lat' dir='ltr'><strong>condidit</strong></span> <span class='ocrx_word' id='word_1_199' title='bbox 3136 1723 3337 1811; x_wconf 77' lang='lat' dir='ltr'><strong>omnia.</strong></span> 
     </span>
    </p>
   </div>
   <div class='ocr_carea' id='block_1_32' title="bbox 204 1840 1735 1924">
    <p class='ocr_par' dir='ltr' id='par_1_32' title="bbox 204 1840 1726 1917">
     <span class='ocr_line' id='line_1_32' title="bbox 204 1840 1726 1917; baseline -0.006 -15"><span class='ocrx_word' id='word_1_200' title='bbox 204 1847 332 1917; x_wconf 79' lang='grc' dir='ltr'>κγ’.</span> <span class='ocrx_word' id='word_1_201' title='bbox 361 1849 488 1910; x_wconf 87' lang='grc' dir='ltr'>Τοῖς</span> <span class='ocrx_word' id='word_1_202' title='bbox 515 1846 805 1916; x_wconf 82' lang='grc' dir='ltr'><strong>τέσσαρσιν</strong></span> <span class='ocrx_word' id='word_1_203' title='bbox 829 1846 856 1897; x_wconf 98' lang='lat'><strong>6</strong></span> <span class='ocrx_word' id='word_1_204' title='bbox 907 1844 1032 1907; x_wconf 84' lang='grc' dir='ltr'>νοῦς</span> <span class='ocrx_word' id='word_1_205' title='bbox 1068 1861 1168 1914; x_wconf 86' lang='grc' dir='ltr'><strong>μου</strong></span> <span class='ocrx_word' id='word_1_206' title='bbox 1197 1843 1526 1912; x_wconf 83' lang='grc' dir='ltr'>ἀκάθαρτος.</span> <span class='ocrx_word' id='word_1_207' title='bbox 1573 1840 1726 1911; x_wconf 88' lang='grc' dir='ltr'>Ἔχει</span> 
     </span>
    </p>
   </div>
   <div class='ocr_carea' id='block_1_33' title="bbox 1878 1840 3409 1924">
    <p class='ocr_par' dir='ltr' id='par_1_33' title="bbox 1901 1849 3409 1924">
     <span class='ocr_line' id='line_1_33' title="bbox 1901 1849 3409 1924; baseline -0.004 -17"><span class='ocrx_word' id='word_1_208' title='bbox 1901 1854 1992 1907; x_wconf 69' lang='lat'><strong>25.</strong></span> <span class='ocrx_word' id='word_1_209' title='bbox 2025 1849 2380 1919; x_wconf 84' lang='lat' dir='ltr'><strong>Quadruplici</strong></span> <span class='ocrx_word' id='word_1_210' title='bbox 2424 1865 2491 1922; x_wconf 85' lang='lat' dir='ltr'><strong>ea</strong></span> <span class='ocrx_word' id='word_1_211' title='bbox 2544 1849 2666 1902; x_wconf 88' lang='lat' dir='ltr'><strong>labe</strong></span> <span class='ocrx_word' id='word_1_212' title='bbox 2701 1864 2857 1902; x_wconf 90' lang='lat' dir='ltr'><strong>mens</strong></span> <span class='ocrx_word' id='word_1_213' title='bbox 2900 1864 3019 1902; x_wconf 89' lang='lat' dir='ltr'><strong>mea</strong></span> <span class='ocrx_word' id='word_1_214' title='bbox 3068 1849 3409 1924; x_wconf 64' lang='lat' dir='ltr'><strong>impuraest.</strong></span> 
     </span>
    </p>
   </div>
   <div class='ocr_carea' id='block_1_34' title="bbox 113 1924 1644 2012">
    <p class='ocr_par' dir='ltr' id='par_1_34' title="bbox 113 1924 1644 2005">
     <span class='ocr_line' id='line_1_34' title="bbox 113 1924 1644 2005; baseline -0.006 -10"><span class='ocrx_word' id='word_1_215' title='bbox 113 1941 186 1996; x_wconf 79' lang='grc' dir='ltr'><strong>δέ</strong></span> <span class='ocrx_word' id='word_1_216' title='bbox 221 1957 287 1992; x_wconf 84' lang='grc' dir='ltr'>τι</span> <span class='ocrx_word' id='word_1_217' title='bbox 316 1941 411 1993; x_wconf 75' lang='grc' dir='ltr'><strong>καὶ</strong></span> <span class='ocrx_word' id='word_1_218' title='bbox 434 1939 615 2004; x_wconf 81' lang='grc' dir='ltr'>πλέον,</span> <span class='ocrx_word' id='word_1_219' title='bbox 643 1939 723 1990; x_wconf 82' lang='grc' dir='ltr'><strong>ὅτι</strong></span> <span class='ocrx_word' id='word_1_220' title='bbox 751 1939 844 1990; x_wconf 76' lang='grc' dir='ltr'><strong>καὶ</strong></span> <span class='ocrx_word' id='word_1_221' title='bbox 869 1937 976 1991; x_wconf 92' lang='grc' dir='ltr'><strong>τῶν</strong></span> <span class='ocrx_word' id='word_1_222' title='bbox 1004 1936 1180 1990; x_wconf 78' lang='grc' dir='ltr'>ἄλλων</span> <span class='ocrx_word' id='word_1_223' title='bbox 1203 1934 1393 1989; x_wconf 77' lang='grc' dir='ltr'>ἑαυτὸν</span> <span class='ocrx_word' id='word_1_224' title='bbox 1421 1924 1644 2005; x_wconf 65' lang='grc' dir='ltr'>σοφώτει</span> 
     </span>
    </p>
   </div>
   <div class='ocr_carea' id='block_1_35' title="bbox 1883 1924 3414 2012">
    <p class='ocr_par' dir='ltr' id='par_1_35' title="bbox 1884 1940 3414 2011">
     <span class='ocr_line' id='line_1_35' title="bbox 1884 1940 3414 2011; baseline -0.004 -11"><span class='ocrx_word' id='word_1_225' title='bbox 1884 1946 1977 2000; x_wconf 82' lang='grc' dir='ltr'><strong>υἰη</strong></span> <span class='ocrx_word' id='word_1_226' title='bbox 2001 1951 2058 1998; x_wconf 91' lang='lat' dir='ltr'><strong>et</strong></span> <span class='ocrx_word' id='word_1_227' title='bbox 2086 1941 2235 1996; x_wconf 90' lang='lat' dir='ltr'><strong>aliud</strong></span> <span class='ocrx_word' id='word_1_228' title='bbox 2267 1941 2398 2011; x_wconf 93' lang='lat' dir='ltr'><strong>quid</strong></span> <span class='ocrx_word' id='word_1_229' title='bbox 2423 1941 2658 2010; x_wconf 88' lang='lat' dir='ltr'><strong>amplius</strong></span> <span class='ocrx_word' id='word_1_230' title='bbox 2677 1940 2864 2000; x_wconf 86' lang='lat' dir='ltr'><strong>habet.</strong></span> <span class='ocrx_word' id='word_1_231' title='bbox 2893 1940 3041 2009; x_wconf 88' lang='lat' dir='ltr'><strong>quod</strong></span> <span class='ocrx_word' id='word_1_232' title='bbox 3091 1949 3147 1994; x_wconf 89' lang='lat' dir='ltr'><strong>et</strong></span> <span class='ocrx_word' id='word_1_233' title='bbox 3188 1940 3414 2009; x_wconf 83' lang='lat' dir='ltr'><strong>reliquis</strong></span> 
     </span>
    </p>
   </div>
   <div class='ocr_carea' id='block_1_36' title="bbox 115 2031 2921 2108">
    <p class='ocr_par' dir='ltr' id='par_1_36' title="bbox 115 2031 2921 2108">
     <span class='ocr_line' id='line_1_36' title="bbox 115 2031 2921 2108; baseline -0.006 -8"><span class='ocrx_word' id='word_1_234' title='bbox 115 2031 372 2100; x_wconf 75' lang='grc' dir='ltr'>ἥγηται.</span> <span class='ocrx_word' id='word_1_235' title='bbox 1835 2039 2101 2108; x_wconf 80' lang='lat' dir='ltr'><strong>majorem</strong></span> <span class='ocrx_word' id='word_1_236' title='bbox 2134 2033 2238 2088; x_wconf 90' lang='lat' dir='ltr'><strong>sibi</strong></span> <span class='ocrx_word' id='word_1_237' title='bbox 2267 2032 2591 2102; x_wconf 87' lang='lat' dir='ltr'><strong>sapientiam</strong></span> <span class='ocrx_word' id='word_1_238' title='bbox 2624 2031 2921 2100; x_wconf 85' lang='lat' dir='ltr'><strong>arrogavit.</strong></span> 
     </span>
    </p>
   </div>
   <div class='ocr_carea' id='block_1_37' title="bbox 215 2132 1746 2215">
    <p class='ocr_par' dir='ltr' id='par_1_37' title="bbox 215 2132 1726 2205">
     <span class='ocr_line' id='line_1_37' title="bbox 215 2132 1726 2205; baseline -0.003 -14"><span class='ocrx_word' id='word_1_239' title='bbox 215 2138 330 2191; x_wconf 80' lang='grc' dir='ltr'>κδ’.</span> <span class='ocrx_word' id='word_1_240' title='bbox 371 2136 639 2190; x_wconf 82' lang='grc' dir='ltr'>Οὐδέποτε</span> <span class='ocrx_word' id='word_1_241' title='bbox 670 2136 704 2205; x_wconf 82' lang='grc' dir='ltr'>ὴ</span> <span class='ocrx_word' id='word_1_242' title='bbox 730 2133 874 2204; x_wconf 80' lang='grc' dir='ltr'><strong>ψυχὴ</strong></span> <span class='ocrx_word' id='word_1_243' title='bbox 909 2150 1012 2205; x_wconf 88' lang='grc' dir='ltr'><strong>μου</strong></span> <span class='ocrx_word' id='word_1_244' title='bbox 1037 2132 1182 2188; x_wconf 85' lang='grc' dir='ltr'>κατὰ</span> <span class='ocrx_word' id='word_1_245' title='bbox 1215 2133 1376 2202; x_wconf 84' lang='grc' dir='ltr'>φύσιν</span> <span class='ocrx_word' id='word_1_246' title='bbox 1407 2134 1726 2203; x_wconf 62' lang='grc' dir='ltr'>ἐνήργησεν</span> 
     </span>
    </p>
   </div>
   <div class='ocr_carea' id='block_1_38' title="bbox 1884 2132 3415 2215">
    <p class='ocr_par' dir='ltr' id='par_1_38' title="bbox 1907 2141 3415 2215">
     <span class='ocr_line' id='line_1_38' title="bbox 1907 2141 3415 2215; baseline -0.004 -15"><span class='ocrx_word' id='word_1_247' title='bbox 1907 2147 1996 2200; x_wconf 75' lang='grc'><strong>24.</strong></span> <span class='ocrx_word' id='word_1_248' title='bbox 2042 2145 2336 2215; x_wconf 87' lang='lat' dir='ltr'><strong>Nunquam</strong></span> <span class='ocrx_word' id='word_1_249' title='bbox 2381 2143 2562 2197; x_wconf 90' lang='lat' dir='ltr'><strong>anima</strong></span> <span class='ocrx_word' id='word_1_250' title='bbox 2606 2157 2727 2197; x_wconf 87' lang='lat' dir='ltr'><strong>mea</strong></span> <span class='ocrx_word' id='word_1_251' title='bbox 2772 2150 2996 2211; x_wconf 86' lang='lat' dir='ltr'><strong>operata</strong></span> <span class='ocrx_word' id='word_1_252' title='bbox 3043 2149 3161 2206; x_wconf 88' lang='lat' dir='ltr'><strong>est,</strong></span> <span class='ocrx_word' id='word_1_253' title='bbox 3223 2148 3285 2195; x_wconf 92' lang='lat' dir='ltr'><strong>ut</strong></span> <span class='ocrx_word' id='word_1_254' title='bbox 3339 2141 3415 2195; x_wconf 89' lang='lat' dir='ltr'><strong>illi</strong></span> 
     </span>
    </p>
   </div>
   <div class='ocr_carea' id='block_1_39' title="bbox 121 2224 1652 2304">
    <p class='ocr_par' dir='ltr' id='par_1_39' title="bbox 121 2225 1652 2297">
     <span class='ocr_line' id='line_1_39' title="bbox 121 2225 1652 2297; baseline -0.004 -14"><span class='ocrx_word' id='word_1_255' title='bbox 121 2225 320 2295; x_wconf 78' lang='grc' dir='ltr'>οἶδεν,</span> <span class='ocrx_word' id='word_1_256' title='bbox 349 2230 378 2281; x_wconf 91' lang='lat'><strong>6</strong></span> <span class='ocrx_word' id='word_1_257' title='bbox 415 2227 583 2297; x_wconf 86' lang='grc' dir='ltr'>μηδὲν</span> <span class='ocrx_word' id='word_1_258' title='bbox 609 2226 840 2295; x_wconf 83' lang='grc' dir='ltr'>ἀγνοῶν’</span> <span class='ocrx_word' id='word_1_259' title='bbox 879 2225 974 2279; x_wconf 82' lang='grc' dir='ltr'>καὶ</span> <span class='ocrx_word' id='word_1_260' title='bbox 1004 2225 1260 2280; x_wconf 77' lang='grc' dir='ltr'>οὐδέποτε</span> <span class='ocrx_word' id='word_1_261' title='bbox 1292 2225 1391 2296; x_wconf 87' lang='grc' dir='ltr'><strong>τῆς</strong></span> <span class='ocrx_word' id='word_1_262' title='bbox 1428 2226 1550 2280; x_wconf 81' lang='grc' dir='ltr'>κατ’</span> <span class='ocrx_word' id='word_1_263' title='bbox 1581 2227 1652 2278; x_wconf 79' lang='grc' dir='ltr'><strong>ὲνε</strong></span> 
     </span>
    </p>
   </div>
   <div class='ocr_carea' id='block_1_40' title="bbox 1884 2224 3415 2304">
    <p class='ocr_par' dir='ltr' id='par_1_40' title="bbox 1884 2230 3415 2304">
     <span class='ocr_line' id='line_1_40' title="bbox 1884 2230 3415 2304; baseline -0.004 -14"><span class='ocrx_word' id='word_1_264' title='bbox 1884 2253 1902 2290; x_wconf 73' lang='grc' dir='ltr'><strong>ι</strong></span> <span class='ocrx_word' id='word_1_265' title='bbox 1926 2244 2119 2289; x_wconf 89' lang='lat' dir='ltr'><strong>natura</strong></span> <span class='ocrx_word' id='word_1_266' title='bbox 2140 2242 2522 2304; x_wconf 89' lang='lat' dir='ltr'><strong>comparatum</strong></span> <span class='ocrx_word' id='word_1_267' title='bbox 2550 2240 2635 2286; x_wconf 88' lang='lat' dir='ltr'><strong>est</strong></span> <span class='ocrx_word' id='word_1_268' title='bbox 2665 2249 2680 2284; x_wconf 89' lang='lat'><strong>:</strong></span> <span class='ocrx_word' id='word_1_269' title='bbox 2731 2231 3016 2300; x_wconf 89' lang='lat' dir='ltr'><strong>novitque,</strong></span> <span class='ocrx_word' id='word_1_270' title='bbox 3062 2244 3226 2298; x_wconf 90' lang='lat' dir='ltr'><strong>quem</strong></span> <span class='ocrx_word' id='word_1_271' title='bbox 3267 2230 3415 2284; x_wconf 89' lang='lat' dir='ltr'><strong>nulla</strong></span> 
     </span>
    </p>
   </div>
   <div class='ocr_carea' id='block_1_41' title="bbox 129 2316 1660 2388">
    <p class='ocr_par' dir='ltr' id='par_1_41' title="bbox 129 2316 974 2388">
     <span class='ocr_line' id='line_1_41' title="bbox 129 2316 974 2388; baseline -0.007 -14"><span class='ocrx_word' id='word_1_272' title='bbox 129 2335 312 2388; x_wconf 84' lang='grc' dir='ltr'>γειαν</span> <span class='ocrx_word' id='word_1_273' title='bbox 353 2317 632 2388; x_wconf 84' lang='grc' dir='ltr'>ἁμαρτίας</span> <span class='ocrx_word' id='word_1_274' title='bbox 670 2316 974 2386; x_wconf 76' lang='grc' dir='ltr'>ἠρέμησεν.</span> 
     </span>
    </p>
   </div>
   <div class='ocr_carea' id='block_1_42' title="bbox 1888 2316 3419 2388">
    <p class='ocr_par' dir='ltr' id='par_1_42' title="bbox 1888 2317 3419 2388">
     <span class='ocr_line' id='line_1_42' title="bbox 1888 2317 3419 2388; baseline -0.003 -12"><span class='ocrx_word' id='word_1_275' title='bbox 1888 2339 1928 2376; x_wconf 64' lang='grc' dir='ltr'>ξε</span> <span class='ocrx_word' id='word_1_276' title='bbox 1957 2323 2089 2377; x_wconf 88' lang='lat' dir='ltr'><strong>latet</strong></span> <span class='ocrx_word' id='word_1_277' title='bbox 2124 2339 2138 2376; x_wconf 89' lang='lat'><strong>:</strong></span> <span class='ocrx_word' id='word_1_278' title='bbox 2191 2336 2256 2376; x_wconf 89' lang='lat' dir='ltr'><strong>ac</strong></span> <span class='ocrx_word' id='word_1_279' title='bbox 2295 2320 2507 2374; x_wconf 92' lang='lat' dir='ltr'><strong>nullum</strong></span> <span class='ocrx_word' id='word_1_280' title='bbox 2535 2329 2660 2374; x_wconf 90' lang='lat' dir='ltr'><strong>actu</strong></span> <span class='ocrx_word' id='word_1_281' title='bbox 2709 2317 2972 2388; x_wconf 88' lang='lat' dir='ltr'><strong>peccandi</strong></span> <span class='ocrx_word' id='word_1_282' title='bbox 3006 2332 3246 2385; x_wconf 88' lang='lat' dir='ltr'><strong>unquam</strong></span> <span class='ocrx_word' id='word_1_283' title='bbox 3287 2317 3419 2372; x_wconf 79' lang='lat' dir='ltr'><strong>fecit</strong></span> 
     </span>
    </p>
   </div>
   <div class='ocr_carea' id='block_1_43' title="bbox 218 2416 1749 2572">
    <p class='ocr_par' dir='ltr' id='par_1_43' title="bbox 218 2493 1731 2566">
     <span class='ocr_line' id='line_1_43' title="bbox 218 2493 1731 2566; baseline -0.002 -16"><span class='ocrx_word' id='word_1_284' title='bbox 218 2496 330 2551; x_wconf 81' lang='grc' dir='ltr'>κε’.</span> <span class='ocrx_word' id='word_1_285' title='bbox 364 2497 530 2550; x_wconf 76' lang='grc' dir='ltr'>’Ὥστε</span> <span class='ocrx_word' id='word_1_286' title='bbox 564 2495 639 2566; x_wconf 83' lang='grc' dir='ltr'>μὴ</span> <span class='ocrx_word' id='word_1_287' title='bbox 685 2495 774 2549; x_wconf 83' lang='grc' dir='ltr'>διὰ</span> <span class='ocrx_word' id='word_1_288' title='bbox 817 2495 911 2549; x_wconf 81' lang='grc' dir='ltr'><strong>τὸν</strong></span> <span class='ocrx_word' id='word_1_289' title='bbox 956 2495 1190 2566; x_wconf 84' lang='grc' dir='ltr'>Χριστόν</span> <span class='ocrx_word' id='word_1_290' title='bbox 1229 2511 1282 2548; x_wconf 90' lang='grc' dir='ltr'>τι</span> <span class='ocrx_word' id='word_1_291' title='bbox 1331 2495 1633 2558; x_wconf 87' lang='grc' dir='ltr'>ποιοῦντες·</span> <span class='ocrx_word' id='word_1_292' title='bbox 1665 2493 1731 2547; x_wconf 85' lang='grc' dir='ltr'><strong>δι’</strong></span> 
     </span>
    </p>
   </div>
   <div class='ocr_carea' id='block_1_44' title="bbox 1886 2416 3417 2572">
    <p class='ocr_par' dir='ltr' id='par_1_44' title="bbox 1886 2432 3417 2572">
     <span class='ocr_line' id='line_1_44' title="bbox 1886 2432 3417 2572; baseline -0.005 -12"><span class='ocrx_word' id='word_1_293' title='bbox 1886 2432 2246 2560; x_wconf 27' lang='lat' dir='ltr'><strong>llgisnjldcirco</strong></span> <span class='ocrx_word' id='word_1_294' title='bbox 2269 2517 2382 2557; x_wconf 89' lang='lat' dir='ltr'><strong>non</strong></span> <span class='ocrx_word' id='word_1_295' title='bbox 2401 2510 2629 2572; x_wconf 87' lang='lat' dir='ltr'><strong>propter</strong></span> <span class='ocrx_word' id='word_1_296' title='bbox 2651 2500 2934 2556; x_wconf 88' lang='lat' dir='ltr'><strong>Christum</strong></span> <span class='ocrx_word' id='word_1_297' title='bbox 2972 2499 3179 2570; x_wconf 89' lang='lat' dir='ltr'><strong>aliquid</strong></span> <span class='ocrx_word' id='word_1_298' title='bbox 3209 2499 3417 2554; x_wconf 79' lang='lat' dir='ltr'><strong>facien—</strong></span> 
     </span>
    </p>
   </div>
   <div class='ocr_carea' id='block_1_45' title="bbox 139 2586 1670 2664">
    <p class='ocr_par' dir='ltr' id='par_1_45' title="bbox 139 2586 1670 2659">
     <span class='ocr_line' id='line_1_45' title="bbox 139 2586 1670 2659; baseline -0.003 -14"><span class='ocrx_word' id='word_1_299' title='bbox 139 2591 290 2646; x_wconf 79' lang='grc' dir='ltr'>ἆ).λο</span> <span class='ocrx_word' id='word_1_300' title='bbox 321 2590 380 2644; x_wconf 90' lang='grc' dir='ltr'><strong>δέ</strong></span> <span class='ocrx_word' id='word_1_301' title='bbox 421 2607 494 2653; x_wconf 88' lang='grc' dir='ltr'><strong>τι,</strong></span> <span class='ocrx_word' id='word_1_302' title='bbox 531 2589 590 2642; x_wconf 86' lang='grc' dir='ltr'><strong>ού</strong></span> <span class='ocrx_word' id='word_1_303' title='bbox 631 2587 908 2658; x_wconf 85' lang='grc' dir='ltr'>δυνάμεθα</span> <span class='ocrx_word' id='word_1_304' title='bbox 947 2587 1348 2659; x_wconf 78' lang='grc' dir='ltr'>προϐάλλεσθαι</span> <span class='ocrx_word' id='word_1_305' title='bbox 1389 2587 1480 2639; x_wconf 77' lang='grc' dir='ltr'><strong>τὸν</strong></span> <span class='ocrx_word' id='word_1_306' title='bbox 1508 2586 1670 2640; x_wconf 70' lang='grc' dir='ltr'>σκοπί</span> 
     </span>
    </p>
   </div>
   <div class='ocr_carea' id='block_1_46' title="bbox 1889 2586 3420 2664">
    <p class='ocr_par' dir='ltr' id='par_1_46' title="bbox 1889 2591 3420 2664">
     <span class='ocr_line' id='line_1_46' title="bbox 1889 2591 3420 2664; baseline -0.005 -13"><span class='ocrx_word' id='word_1_307' title='bbox 1889 2613 1943 2661; x_wconf 77' lang='grc' dir='ltr'><strong>ιε,</strong></span> <span class='ocrx_word' id='word_1_308' title='bbox 1986 2596 2082 2651; x_wconf 89' lang='lat' dir='ltr'><strong>sed</strong></span> <span class='ocrx_word' id='word_1_309' title='bbox 2114 2595 2185 2650; x_wconf 93' lang='lat' dir='ltr'><strong>ob</strong></span> <span class='ocrx_word' id='word_1_310' title='bbox 2214 2594 2424 2664; x_wconf 89' lang='lat' dir='ltr'><strong>aliquid</strong></span> <span class='ocrx_word' id='word_1_311' title='bbox 2459 2593 2630 2659; x_wconf 89' lang='lat' dir='ltr'><strong>aliud,</strong></span> <span class='ocrx_word' id='word_1_312' title='bbox 2669 2609 2780 2646; x_wconf 91' lang='lat' dir='ltr'><strong>non</strong></span> <span class='ocrx_word' id='word_1_313' title='bbox 2807 2608 3102 2662; x_wconf 88' lang='lat' dir='ltr'><strong>possumus</strong></span> <span class='ocrx_word' id='word_1_314' title='bbox 3122 2592 3286 2647; x_wconf 89' lang='lat' dir='ltr'><strong>ﬁnem</strong></span> <span class='ocrx_word' id='word_1_315' title='bbox 3322 2591 3420 2645; x_wconf 87' lang='lat' dir='ltr'><strong>ob-</strong></span> 
     </span>
    </p>
   </div>
   <div class='ocr_carea' id='block_1_47' title="bbox 143 2678 1674 2760">
    <p class='ocr_par' dir='ltr' id='par_1_47' title="bbox 143 2678 1672 2750">
     <span class='ocr_line' id='line_1_47' title="bbox 143 2678 1672 2750; baseline -0.002 -16"><span class='ocrx_word' id='word_1_316' title='bbox 143 2682 287 2736; x_wconf 69' lang='grc' dir='ltr'>ὲπεὶ</span> <span class='ocrx_word' id='word_1_317' title='bbox 321 2679 474 2750; x_wconf 88' lang='grc' dir='ltr'><strong>παρά</strong></span> <span class='ocrx_word' id='word_1_318' title='bbox 503 2681 596 2734; x_wconf 84' lang='grc' dir='ltr'><strong>τὸν</strong></span> <span class='ocrx_word' id='word_1_319' title='bbox 620 2679 821 2733; x_wconf 76' lang='grc' dir='ltr'>σκοπὸν</span> <span class='ocrx_word' id='word_1_320' title='bbox 840 2678 934 2734; x_wconf 90' lang='grc' dir='ltr'><strong>τοῦ</strong></span> <span class='ocrx_word' id='word_1_321' title='bbox 964 2679 1120 2747; x_wconf 91' lang='grc' dir='ltr'>Θεοῦ,</span> <span class='ocrx_word' id='word_1_322' title='bbox 1149 2680 1242 2733; x_wconf 81' lang='grc' dir='ltr'><strong>καὶ</strong></span> <span class='ocrx_word' id='word_1_323' title='bbox 1281 2678 1424 2733; x_wconf 84' lang='grc' dir='ltr'>κατὰ</span> <span class='ocrx_word' id='word_1_324' title='bbox 1449 2678 1510 2731; x_wconf 76' lang='grc' dir='ltr'>τὸ</span> <span class='ocrx_word' id='word_1_325' title='bbox 1531 2678 1672 2748; x_wconf 79' lang='grc' dir='ltr'>ἡμέτ</span> 
     </span>
    </p>
   </div>
   <div class='ocr_carea' id='block_1_48' title="bbox 1886 2678 3417 2760">
    <p class='ocr_par' dir='ltr' id='par_1_48' title="bbox 1886 2683 3417 2758">
     <span class='ocr_line' id='line_1_48' title="bbox 1886 2683 3417 2758; baseline -0.004 -15"><span class='ocrx_word' id='word_1_326' title='bbox 1886 2704 2004 2743; x_wconf 88' lang='lat' dir='ltr'><strong>cere</strong></span> <span class='ocrx_word' id='word_1_327' title='bbox 2027 2704 2090 2743; x_wconf 91' lang='lat' dir='ltr'><strong>ac</strong></span> <span class='ocrx_word' id='word_1_328' title='bbox 2121 2687 2474 2758; x_wconf 60' lang='lat' dir='ltr'><strong>propositum,</strong></span> <span class='ocrx_word' id='word_1_329' title='bbox 2505 2704 2517 2739; x_wconf 95' lang='lat'>:</span> <span class='ocrx_word' id='word_1_330' title='bbox 2549 2686 2753 2756; x_wconf 87' lang='lat' dir='ltr'><strong>quippe</strong></span> <span class='ocrx_word' id='word_1_331' title='bbox 2801 2685 2898 2755; x_wconf 92' lang='lat' dir='ltr'><strong>qui</strong></span> <span class='ocrx_word' id='word_1_332' title='bbox 2949 2695 3148 2756; x_wconf 71' lang='lat' dir='ltr'><strong>przeter</strong></span> <span class='ocrx_word' id='word_1_333' title='bbox 3187 2683 3286 2738; x_wconf 90' lang='lat' dir='ltr'><strong>Dei</strong></span> <span class='ocrx_word' id='word_1_334' title='bbox 3321 2698 3417 2737; x_wconf 84' lang='lat' dir='ltr'><strong>vo-</strong></span> 
     </span>
    </p>
   </div>
   <div class='ocr_carea' id='block_1_49' title="bbox 143 2771 1674 2850">
    <p class='ocr_par' dir='ltr' id='par_1_49' title="bbox 143 2771 654 2843">
     <span class='ocr_line' id='line_1_49' title="bbox 143 2771 654 2843; baseline -0.006 -16"><span class='ocrx_word' id='word_1_335' title='bbox 143 2790 256 2842; x_wconf 83' lang='grc' dir='ltr'><strong>ρον</strong></span> <span class='ocrx_word' id='word_1_336' title='bbox 287 2771 654 2843; x_wconf 76' lang='grc' dir='ltr'>ἐργαζόμεθα.</span> 
     </span>
    </p>
   </div>
   <div class='ocr_carea' id='block_1_50' title="bbox 1586 2771 3117 2850">
    <p class='ocr_par' dir='ltr' id='par_1_50' title="bbox 1841 2783 3117 2850">
     <span class='ocr_line' id='line_1_50' title="bbox 1841 2783 3117 2850; baseline -0.005 -13"><span class='ocrx_word' id='word_1_337' title='bbox 1841 2783 2129 2846; x_wconf 89' lang='lat' dir='ltr'><strong>luntatem,</strong></span> <span class='ocrx_word' id='word_1_338' title='bbox 2168 2797 2344 2850; x_wconf 85' lang='lat' dir='ltr'><strong>exque</strong></span> <span class='ocrx_word' id='word_1_339' title='bbox 2367 2789 2554 2834; x_wconf 90' lang='lat' dir='ltr'><strong>nostra</strong></span> <span class='ocrx_word' id='word_1_340' title='bbox 2589 2794 2754 2849; x_wconf 89' lang='lat' dir='ltr'><strong>opera</strong></span> <span class='ocrx_word' id='word_1_341' title='bbox 2776 2786 3117 2848; x_wconf 84' lang='lat' dir='ltr'><strong>praestemus.</strong></span> 
     </span>
    </p>
   </div>
   <div class='ocr_carea' id='block_1_51' title="bbox 225 2876 1756 2964">
    <p class='ocr_par' dir='ltr' id='par_1_51' title="bbox 225 2876 1732 2952">
     <span class='ocr_line' id='line_1_51' title="bbox 225 2876 1732 2952; baseline -0.001 -17"><span class='ocrx_word' id='word_1_342' title='bbox 225 2888 348 2946; x_wconf 83' lang='grc' dir='ltr'>κς’.</span> <span class='ocrx_word' id='word_1_343' title='bbox 381 2881 445 2934; x_wconf 86' lang='lat' dir='ltr'><strong>Ei</strong></span> <span class='ocrx_word' id='word_1_344' title='bbox 491 2879 624 2952; x_wconf 77' lang='grc' dir='ltr'>διψᾷ</span> <span class='ocrx_word' id='word_1_345' title='bbox 645 2897 731 2943; x_wconf 87' lang='grc' dir='ltr'><strong>τις</strong></span> <span class='ocrx_word' id='word_1_346' title='bbox 765 2879 1008 2932; x_wconf 82' lang='grc' dir='ltr'>ἁλίσκειν</span> <span class='ocrx_word' id='word_1_347' title='bbox 1035 2879 1128 2932; x_wconf 69' lang='grc' dir='ltr'><strong>καὶ</strong></span> <span class='ocrx_word' id='word_1_348' title='bbox 1160 2876 1431 2950; x_wconf 80' lang='grc' dir='ltr'>ἁρπάζειν</span> <span class='ocrx_word' id='word_1_349' title='bbox 1456 2879 1732 2949; x_wconf 75' lang='grc' dir='ltr'>ἀλλότρια,</span> 
     </span>
    </p>
   </div>
   <div class='ocr_carea' id='block_1_52' title="bbox 1890 2876 3421 2964">
    <p class='ocr_par' dir='ltr' id='par_1_52' title="bbox 1907 2885 3421 2964">
     <span class='ocr_line' id='line_1_52' title="bbox 1907 2885 3421 2964; baseline -0.007 -17"><span class='ocrx_word' id='word_1_350' title='bbox 1907 2891 2073 2964; x_wconf 60' lang='grc'><strong>460</strong></span> <span class='ocrx_word' id='word_1_351' title='bbox 2105 2891 2195 2946; x_wconf 71' lang='grc'><strong>26.</strong></span> <span class='ocrx_word' id='word_1_352' title='bbox 2234 2889 2291 2946; x_wconf 90' lang='lat' dir='ltr'><strong>Si</strong></span> <span class='ocrx_word' id='word_1_353' title='bbox 2342 2889 2468 2959; x_wconf 89' lang='lat' dir='ltr'><strong>quis</strong></span> <span class='ocrx_word' id='word_1_354' title='bbox 2525 2888 2644 2944; x_wconf 80' lang='lat' dir='ltr'><strong>sitit</strong></span> <span class='ocrx_word' id='word_1_355' title='bbox 2690 2897 2750 2943; x_wconf 92' lang='lat' dir='ltr'><strong>ut</strong></span> <span class='ocrx_word' id='word_1_356' title='bbox 2798 2887 2978 2943; x_wconf 87' lang='lat' dir='ltr'><strong>aliena</strong></span> <span class='ocrx_word' id='word_1_357' title='bbox 3005 2885 3220 2941; x_wconf 78' lang='lat' dir='ltr'><strong>auferat</strong></span> <span class='ocrx_word' id='word_1_358' title='bbox 3254 2892 3421 2953; x_wconf 84' lang='lat' dir='ltr'><strong>atque</strong></span> 
     </span>
    </p>
   </div>
   <div class='ocr_carea' id='block_1_53' title="bbox 144 2969 1675 3052">
    <p class='ocr_par' dir='ltr' id='par_1_53' title="bbox 144 2969 1675 3043">
     <span class='ocr_line' id='line_1_53' title="bbox 144 2969 1675 3043; baseline -0.002 -17"><span class='ocrx_word' id='word_1_359' title='bbox 144 2972 178 3027; x_wconf 78' lang='grc' dir='ltr'><strong>δ</strong></span> <span class='ocrx_word' id='word_1_360' title='bbox 213 2973 296 3043; x_wconf 82' lang='grc' dir='ltr'>μή</span> <span class='ocrx_word' id='word_1_361' title='bbox 330 2972 450 3024; x_wconf 72' lang='grc' dir='ltr'>ἐστι</span> <span class='ocrx_word' id='word_1_362' title='bbox 481 2971 693 3043; x_wconf 81' lang='grc' dir='ltr'>θέλημα</span> <span class='ocrx_word' id='word_1_363' title='bbox 726 2970 823 3024; x_wconf 84' lang='grc' dir='ltr'><strong>τοῦ</strong></span> <span class='ocrx_word' id='word_1_364' title='bbox 873 2969 1030 3036; x_wconf 84' lang='grc' dir='ltr'>Θεοῦ,</span> <span class='ocrx_word' id='word_1_365' title='bbox 1079 2969 1196 3033; x_wconf 88' lang='grc' dir='ltr'><strong>πῶς</strong></span> <span class='ocrx_word' id='word_1_366' title='bbox 1247 2969 1602 3042; x_wconf 73' lang='grc' dir='ltr'>προϐαλεῖται</span> <span class='ocrx_word' id='word_1_367' title='bbox 1645 2989 1675 3023; x_wconf 86' lang='grc' dir='ltr'><strong>τ</strong></span> 
     </span>
    </p>
   </div>
   <div class='ocr_carea' id='block_1_54' title="bbox 1892 2969 3423 3052">
    <p class='ocr_par' dir='ltr' id='par_1_54' title="bbox 1892 2976 3423 3052">
     <span class='ocr_line' id='line_1_54' title="bbox 1892 2976 3423 3052; baseline -0.005 -16"><span class='ocrx_word' id='word_1_368' title='bbox 1892 2983 2020 3052; x_wconf 77' lang='lat' dir='ltr'><strong>ipiat</strong></span> <span class='ocrx_word' id='word_1_369' title='bbox 2072 2981 2238 3052; x_wconf 88' lang='lat' dir='ltr'><strong>(quod</strong></span> <span class='ocrx_word' id='word_1_370' title='bbox 2290 2995 2403 3035; x_wconf 91' lang='lat' dir='ltr'><strong>non</strong></span> <span class='ocrx_word' id='word_1_371' title='bbox 2451 2988 2536 3034; x_wconf 86' lang='lat' dir='ltr'><strong>est</strong></span> <span class='ocrx_word' id='word_1_372' title='bbox 2575 2979 2675 3034; x_wconf 89' lang='lat' dir='ltr'><strong>Dei</strong></span> <span class='ocrx_word' id='word_1_373' title='bbox 2722 2977 3068 3048; x_wconf 85' lang='lat' dir='ltr'><strong>voluntatis),</strong></span> <span class='ocrx_word' id='word_1_374' title='bbox 3091 2989 3332 3047; x_wconf 90' lang='lat' dir='ltr'><strong>quonam</strong></span> <span class='ocrx_word' id='word_1_375' title='bbox 3375 2976 3423 3028; x_wconf 83' lang='lat' dir='ltr'><strong>is</strong></span> 
     </span>
    </p>
   </div>
   <div class='ocr_carea' id='block_1_55' title="bbox 148 3057 1679 3144">
    <p class='ocr_par' dir='ltr' id='par_1_55' title="bbox 148 3057 1679 3133">
     <span class='ocr_line' id='line_1_55' title="bbox 148 3057 1679 3133; baseline -0.003 -14"><span class='ocrx_word' id='word_1_376' title='bbox 148 3064 387 3128; x_wconf 78' lang='grc' dir='ltr'>σκοπὸν,</span> <span class='ocrx_word' id='word_1_377' title='bbox 420 3057 484 3118; x_wconf 78' lang='grc' dir='ltr'><strong>οῦ</strong></span> <span class='ocrx_word' id='word_1_378' title='bbox 542 3063 742 3126; x_wconf 82' lang='grc' dir='ltr'>σκοπὸς</span> <span class='ocrx_word' id='word_1_379' title='bbox 798 3062 862 3116; x_wconf 83' lang='grc' dir='ltr'><strong>τὸ</strong></span> <span class='ocrx_word' id='word_1_380' title='bbox 913 3061 1084 3116; x_wconf 78' lang='grc' dir='ltr'>ἐλεεῖν</span> <span class='ocrx_word' id='word_1_381' title='bbox 1137 3063 1285 3133; x_wconf 82' lang='grc' dir='ltr'>ἡμᾶς</span> <span class='ocrx_word' id='word_1_382' title='bbox 1347 3062 1442 3115; x_wconf 73' lang='grc' dir='ltr'>καὶ</span> <span class='ocrx_word' id='word_1_383' title='bbox 1471 3061 1679 3125; x_wconf 75' lang='grc' dir='ltr'>δανείζε</span> 
     </span>
    </p>
   </div>
   <div class='ocr_carea' id='block_1_56' title="bbox 1890 3057 3421 3144">
    <p class='ocr_par' dir='ltr' id='par_1_56' title="bbox 1895 3066 3421 3144">
     <span class='ocr_line' id='line_1_56' title="bbox 1895 3066 3421 3144; baseline -0.007 -16"><span class='ocrx_word' id='word_1_384' title='bbox 1895 3073 2003 3128; x_wconf 90' lang='lat' dir='ltr'><strong>odo</strong></span> <span class='ocrx_word' id='word_1_385' title='bbox 2069 3073 2416 3144; x_wconf 84' lang='lat' dir='ltr'><strong>propositum</strong></span> <span class='ocrx_word' id='word_1_386' title='bbox 2472 3071 2746 3140; x_wconf 87' lang='lat' dir='ltr'><strong>ﬁnemque</strong></span> <span class='ocrx_word' id='word_1_387' title='bbox 2801 3069 3029 3140; x_wconf 86' lang='lat' dir='ltr'><strong>objiciet</strong></span> <span class='ocrx_word' id='word_1_388' title='bbox 3072 3069 3195 3138; x_wconf 85' lang='lat' dir='ltr'><strong>ejus</strong></span> <span class='ocrx_word' id='word_1_389' title='bbox 3263 3066 3421 3135; x_wconf 76' lang='lat' dir='ltr'><strong>cuius</strong></span> 
     </span>
    </p>
   </div>
   <div class='ocr_carea' id='block_1_57' title="bbox 150 3157 3177 3226">
    <p class='ocr_par' dir='ltr' id='par_1_57' title="bbox 150 3157 3177 3226">
     <span class='ocr_line' id='line_1_57' title="bbox 150 3157 3177 3226; baseline 0 -15"><span class='ocrx_word' id='word_1_390' title='bbox 150 3157 333 3224; x_wconf 74' lang='grc' dir='ltr'>ὲστίνς</span> <span class='ocrx_word' id='word_1_391' title='bbox 1842 3161 1968 3216; x_wconf 80' lang='lat' dir='ltr'><strong>linis</strong></span> <span class='ocrx_word' id='word_1_392' title='bbox 1985 3168 2090 3226; x_wconf 90' lang='lat' dir='ltr'><strong>est,</strong></span> <span class='ocrx_word' id='word_1_393' title='bbox 2107 3171 2166 3216; x_wconf 89' lang='lat' dir='ltr'><strong>ut</strong></span> <span class='ocrx_word' id='word_1_394' title='bbox 2189 3161 2516 3214; x_wconf 82' lang='lat' dir='ltr'><strong>misereatur</strong></span> <span class='ocrx_word' id='word_1_395' title='bbox 2535 3159 2712 3214; x_wconf 90' lang='lat' dir='ltr'><strong>nostri</strong></span> <span class='ocrx_word' id='word_1_396' title='bbox 2738 3173 2802 3213; x_wconf 90' lang='lat' dir='ltr'><strong>ac</strong></span> <span class='ocrx_word' id='word_1_397' title='bbox 2825 3157 3177 3213; x_wconf 85' lang='lat' dir='ltr'><strong>commodet?</strong></span> 
     </span>
    </p>
   </div>
   <div class='ocr_carea' id='block_1_58' title="bbox 231 3265 1762 3338">
    <p class='ocr_par' dir='ltr' id='par_1_58' title="bbox 231 3265 1738 3338">
     <span class='ocr_line' id='line_1_58' title="bbox 231 3265 1738 3338; baseline -0.002 -18"><span class='ocrx_word' id='word_1_398' title='bbox 231 3266 342 3331; x_wconf 75' lang='grc' dir='ltr'>κζ’.</span> <span class='ocrx_word' id='word_1_399' title='bbox 376 3267 502 3319; x_wconf 81' lang='grc' dir='ltr'><strong>ὀτι</strong></span> <span class='ocrx_word' id='word_1_400' title='bbox 532 3268 559 3320; x_wconf 89' lang='lat'><strong>6</strong></span> <span class='ocrx_word' id='word_1_401' title='bbox 589 3265 846 3337; x_wconf 76' lang='grc' dir='ltr'>φιλαυτία</span> <span class='ocrx_word' id='word_1_402' title='bbox 874 3265 1162 3332; x_wconf 80' lang='grc' dir='ltr'>δουλεύων,</span> <span class='ocrx_word' id='word_1_403' title='bbox 1207 3266 1570 3338; x_wconf 80' lang='grc' dir='ltr'>βαρυκάρδιός</span> <span class='ocrx_word' id='word_1_404' title='bbox 1601 3267 1738 3330; x_wconf 70' lang='grc' dir='ltr'>ἐστι,</span> 
     </span>
    </p>
   </div>
   <div class='ocr_carea' id='block_1_59' title="bbox 1887 3265 3418 3338">
    <p class='ocr_par' dir='ltr' id='par_1_59' title="bbox 1910 3267 3418 3337">
     <span class='ocr_line' id='line_1_59' title="bbox 1910 3267 3418 3337; baseline -0.003 -14"><span class='ocrx_word' id='word_1_405' title='bbox 1910 3270 2000 3323; x_wconf 75' lang='grc'><strong>27.</strong></span> <span class='ocrx_word' id='word_1_406' title='bbox 2025 3268 2129 3334; x_wconf 87' lang='lat' dir='ltr'><strong>Qui</strong></span> <span class='ocrx_word' id='word_1_407' title='bbox 2161 3267 2366 3323; x_wconf 87' lang='lat' dir='ltr'><strong>carnali</strong></span> <span class='ocrx_word' id='word_1_408' title='bbox 2392 3267 2564 3322; x_wconf 89' lang='lat' dir='ltr'><strong>amori</strong></span> <span class='ocrx_word' id='word_1_409' title='bbox 2587 3267 2778 3332; x_wconf 82' lang='lat' dir='ltr'><strong>servit,</strong></span> <span class='ocrx_word' id='word_1_410' title='bbox 2800 3267 2950 3337; x_wconf 82' lang='lat' dir='ltr'><strong>gravi</strong></span> <span class='ocrx_word' id='word_1_411' title='bbox 2978 3267 3145 3320; x_wconf 89' lang='lat' dir='ltr'><strong>corde</strong></span> <span class='ocrx_word' id='word_1_412' title='bbox 3173 3276 3289 3333; x_wconf 89' lang='lat' dir='ltr'><strong>est;</strong></span> <span class='ocrx_word' id='word_1_413' title='bbox 3326 3267 3418 3335; x_wconf 72' lang='lat' dir='ltr'><strong>qui</strong></span> 
     </span>
    </p>
   </div>
   <div class='ocr_carea' id='block_1_60' title="bbox 158 3355 1689 3430">
    <p class='ocr_par' dir='ltr' id='par_1_60' title="bbox 158 3355 1689 3429">
     <span class='ocr_line' id='line_1_60' title="bbox 158 3355 1689 3429; baseline -0.001 -20"><span class='ocrx_word' id='word_1_414' title='bbox 158 3355 513 3426; x_wconf 75' lang='grc' dir='ltr'>ματαιότητα</span> <span class='ocrx_word' id='word_1_415' title='bbox 563 3357 657 3409; x_wconf 75' lang='grc' dir='ltr'>καὶ</span> <span class='ocrx_word' id='word_1_416' title='bbox 685 3355 879 3426; x_wconf 72' lang='grc' dir='ltr'>ψεῦδος</span> <span class='ocrx_word' id='word_1_417' title='bbox 914 3357 1146 3426; x_wconf 82' lang='grc' dir='ltr'>ἀγαπῶν</span> <span class='ocrx_word' id='word_1_418' title='bbox 1199 3357 1293 3411; x_wconf 74' lang='grc' dir='ltr'>καὶ</span> <span class='ocrx_word' id='word_1_419' title='bbox 1343 3357 1522 3429; x_wconf 83' lang='grc' dir='ltr'>ζητῶν</span> <span class='ocrx_word' id='word_1_420' title='bbox 1550 3373 1563 3388; x_wconf 76' lang='grc'><strong>”</strong></span> <span class='ocrx_word' id='word_1_421' title='bbox 1607 3359 1689 3410; x_wconf 80' lang='grc' dir='ltr'><strong>ὄπε</strong></span> 
     </span>
    </p>
   </div>
   <div class='ocr_carea' id='block_1_61' title="bbox 1886 3355 3417 3430">
    <p class='ocr_par' dir='ltr' id='par_1_61' title="bbox 1886 3357 3417 3430">
     <span class='ocr_line' id='line_1_61' title="bbox 1886 3357 3417 3430; baseline -0.004 -15"><span class='ocrx_word' id='word_1_422' title='bbox 1886 3376 2038 3430; x_wconf 85' lang='lat' dir='ltr'><strong>empe</strong></span> <span class='ocrx_word' id='word_1_423' title='bbox 2076 3360 2372 3415; x_wconf 89' lang='lat' dir='ltr'><strong>vanitatem</strong></span> <span class='ocrx_word' id='word_1_424' title='bbox 2405 3366 2462 3414; x_wconf 90' lang='lat' dir='ltr'><strong>et</strong></span> <span class='ocrx_word' id='word_1_425' title='bbox 2488 3357 2836 3413; x_wconf 87' lang='lat' dir='ltr'><strong>mendacium</strong></span> <span class='ocrx_word' id='word_1_426' title='bbox 2879 3357 3072 3428; x_wconf 84' lang='lat' dir='ltr'><strong>diligat</strong></span> <span class='ocrx_word' id='word_1_427' title='bbox 3100 3373 3164 3412; x_wconf 89' lang='lat' dir='ltr'><strong>ac</strong></span> <span class='ocrx_word' id='word_1_428' title='bbox 3189 3365 3417 3428; x_wconf 70' lang='lat' dir='ltr'><strong>quarrat,</strong></span> 
     </span>
    </p>
   </div>
   <div class='ocr_carea' id='block_1_62' title="bbox 156 3445 1687 3520">
    <p class='ocr_par' dir='ltr' id='par_1_62' title="bbox 156 3445 1679 3519">
     <span class='ocr_line' id='line_1_62' title="bbox 156 3445 1679 3519; baseline 0 -21"><span class='ocrx_word' id='word_1_429' title='bbox 156 3447 286 3500; x_wconf 71' lang='grc' dir='ltr'>ἐστὶ</span> <span class='ocrx_word' id='word_1_430' title='bbox 339 3445 400 3498; x_wconf 83' lang='grc' dir='ltr'><strong>τὸ</strong></span> <span class='ocrx_word' id='word_1_431' title='bbox 447 3446 712 3516; x_wconf 82' lang='grc' dir='ltr'>σαρκικὸν</span> <span class='ocrx_word' id='word_1_432' title='bbox 754 3445 1032 3516; x_wconf 75' lang='grc' dir='ltr'>φρόνημαο</span> <span class='ocrx_word' id='word_1_433' title='bbox 1069 3448 1189 3519; x_wconf 68' lang='grc' dir='ltr'>ἦτοι</span> <span class='ocrx_word' id='word_1_434' title='bbox 1221 3448 1322 3519; x_wconf 88' lang='grc' dir='ltr'><strong>τῆς</strong></span> <span class='ocrx_word' id='word_1_435' title='bbox 1360 3448 1560 3518; x_wconf 76' lang='grc' dir='ltr'>σαρκὸς</span> <span class='ocrx_word' id='word_1_436' title='bbox 1588 3449 1622 3516; x_wconf 80' lang='grc' dir='ltr'>ἡ</span> <span class='ocrx_word' id='word_1_437' title='bbox 1655 3464 1679 3498; x_wconf 87' lang='grc' dir='ltr'><strong>ε</strong></span> 
     </span>
    </p>
   </div>
   <div class='ocr_carea' id='block_1_63' title="bbox 1889 3445 3420 3520">
    <p class='ocr_par' dir='ltr' id='par_1_63' title="bbox 1889 3448 3420 3520">
     <span class='ocr_line' id='line_1_63' title="bbox 1889 3448 3420 3520; baseline -0.004 -14"><span class='ocrx_word' id='word_1_438' title='bbox 1889 3452 1990 3506; x_wconf 84' lang='lat' dir='ltr'><strong>uod</strong></span> <span class='ocrx_word' id='word_1_439' title='bbox 2029 3458 2114 3506; x_wconf 88' lang='lat' dir='ltr'><strong>est</strong></span> <span class='ocrx_word' id='word_1_440' title='bbox 2137 3451 2320 3505; x_wconf 89' lang='lat' dir='ltr'><strong>carnis</strong></span> <span class='ocrx_word' id='word_1_441' title='bbox 2360 3466 2557 3505; x_wconf 88' lang='lat' dir='ltr'><strong>sensus</strong></span> <span class='ocrx_word' id='word_1_442' title='bbox 2583 3465 2645 3504; x_wconf 90' lang='lat' dir='ltr'><strong>ac</strong></span> <span class='ocrx_word' id='word_1_443' title='bbox 2670 3448 2964 3520; x_wconf 88' lang='lat' dir='ltr'><strong>prudentia</strong></span> <span class='ocrx_word' id='word_1_444' title='bbox 3000 3467 3014 3502; x_wconf 90' lang='lat'><strong>:</strong></span> <span class='ocrx_word' id='word_1_445' title='bbox 3053 3449 3175 3519; x_wconf 77' lang='lat' dir='ltr'><strong>ejus</strong></span> <span class='ocrx_word' id='word_1_446' title='bbox 3213 3448 3420 3504; x_wconf 78' lang='lat' dir='ltr'><strong>scilicet</strong></span> 
     </span>
    </p>
   </div>
   <div class='ocr_carea' id='block_1_64' title="bbox 160 3538 1691 3610">
    <p class='ocr_par' dir='ltr' id='par_1_64' title="bbox 160 3538 392 3592">
     <span class='ocr_line' id='line_1_64' title="bbox 160 3538 392 3592; baseline 0.013 -4"><span class='ocrx_word' id='word_1_447' title='bbox 160 3538 392 3592; x_wconf 74' lang='grc' dir='ltr'>πάθεια.</span> 
     </span>
    </p>
   </div>
   <div class='ocr_carea' id='block_1_65' title="bbox 1161 3538 2692 3610">
    <p class='ocr_par' dir='ltr' id='par_1_65' title="bbox 1841 3540 2692 3610">
     <span class='ocr_line' id='line_1_65' title="bbox 1841 3540 2692 3610; baseline -0.004 -14"><span class='ocrx_word' id='word_1_448' title='bbox 1841 3542 2088 3596; x_wconf 74' lang='lat' dir='ltr'><strong>[luxuries</strong></span> <span class='ocrx_word' id='word_1_449' title='bbox 2109 3542 2371 3610; x_wconf 81' lang='lat' dir='ltr'><strong>bonaque</strong></span> <span class='ocrx_word' id='word_1_450' title='bbox 2407 3540 2692 3594; x_wconf 87' lang='lat' dir='ltr'><strong>habitudo.</strong></span> 
     </span>
    </p>
   </div>
   <div class='ocr_carea' id='block_1_66' title="bbox 235 3643 1766 3719">
    <p class='ocr_par' dir='ltr' id='par_1_66' title="bbox 235 3646 1743 3719">
     <span class='ocr_line' id='line_1_66' title="bbox 235 3646 1743 3719; baseline 0.004 -21"><span class='ocrx_word' id='word_1_451' title='bbox 235 3646 349 3716; x_wconf 84' lang='grc' dir='ltr'>κη’.</span> <span class='ocrx_word' id='word_1_452' title='bbox 382 3646 502 3698; x_wconf 86' lang='grc' dir='ltr'><strong>Τῶν</strong></span> <span class='ocrx_word' id='word_1_453' title='bbox 529 3646 972 3718; x_wconf 79' lang='grc' dir='ltr'>προειρημένων,</span> <span class='ocrx_word' id='word_1_454' title='bbox 1001 3647 1159 3718; x_wconf 90' lang='grc' dir='ltr'>δῆλον</span> <span class='ocrx_word' id='word_1_455' title='bbox 1197 3649 1505 3718; x_wconf 83' lang='grc' dir='ltr'>φιληδονίας</span> <span class='ocrx_word' id='word_1_456' title='bbox 1537 3652 1631 3704; x_wconf 63' lang='grc' dir='ltr'>καὶ</span> <span class='ocrx_word' id='word_1_457' title='bbox 1657 3669 1743 3719; x_wconf 84' lang='grc' dir='ltr'><strong>φι-</strong></span> 
     </span>
    </p>
   </div>
   <div class='ocr_carea' id='block_1_67' title="bbox 1888 3643 3419 3719">
    <p class='ocr_par' dir='ltr' id='par_1_67' title="bbox 1911 3643 3419 3714">
     <span class='ocr_line' id='line_1_67' title="bbox 1911 3643 3419 3714; baseline 0 -14"><span class='ocrx_word' id='word_1_458' title='bbox 1911 3646 2001 3700; x_wconf 72' lang='lat'><strong>28.</strong></span> <span class='ocrx_word' id='word_1_459' title='bbox 2035 3646 2164 3712; x_wconf 71' lang='lat' dir='ltr'><strong>Qum</strong></span> <span class='ocrx_word' id='word_1_460' title='bbox 2199 3647 2345 3701; x_wconf 89' lang='lat' dir='ltr'><strong>dicta</strong></span> <span class='ocrx_word' id='word_1_461' title='bbox 2390 3656 2539 3711; x_wconf 91' lang='lat' dir='ltr'><strong>sunt,</strong></span> <span class='ocrx_word' id='word_1_462' title='bbox 2575 3660 2774 3714; x_wconf 88' lang='lat' dir='ltr'><strong>nempe</strong></span> <span class='ocrx_word' id='word_1_463' title='bbox 2810 3645 3014 3700; x_wconf 88' lang='lat' dir='ltr'><strong>amoris</strong></span> <span class='ocrx_word' id='word_1_464' title='bbox 3057 3643 3419 3713; x_wconf 79' lang='lat' dir='ltr'><strong>voluptatum.</strong></span> 
     </span>
    </p>
   </div>
   <div class='ocr_carea' id='block_1_68' title="bbox 163 3735 1694 3812">
    <p class='ocr_par' dir='ltr' id='par_1_68' title="bbox 163 3736 1694 3812">
     <span class='ocr_line' id='line_1_68' title="bbox 163 3736 1694 3812; baseline 0.003 -22"><span class='ocrx_word' id='word_1_465' title='bbox 163 3736 412 3802; x_wconf 83' lang='grc' dir='ltr'>λοδοξίας</span> <span class='ocrx_word' id='word_1_466' title='bbox 443 3737 536 3790; x_wconf 76' lang='grc' dir='ltr'>καὶ</span> <span class='ocrx_word' id='word_1_467' title='bbox 568 3737 955 3809; x_wconf 84' lang='grc' dir='ltr'>φιλαργυρίας.</span> <span class='ocrx_word' id='word_1_468' title='bbox 994 3740 1057 3791; x_wconf 74' lang='lat' dir='ltr'><strong>Et</strong></span> <span class='ocrx_word' id='word_1_469' title='bbox 1115 3738 1172 3791; x_wconf 87' lang='grc' dir='ltr'><strong>δέ</strong></span> <span class='ocrx_word' id='word_1_470' title='bbox 1203 3757 1286 3803; x_wconf 90' lang='grc' dir='ltr'><strong>τις</strong></span> <span class='ocrx_word' id='word_1_471' title='bbox 1323 3739 1532 3804; x_wconf 79' lang='grc' dir='ltr'>τούτοις</span> <span class='ocrx_word' id='word_1_472' title='bbox 1575 3743 1694 3812; x_wconf 76' lang='grc' dir='ltr'>ἀπρ¹</span> 
     </span>
    </p>
   </div>
   <div class='ocr_carea' id='block_1_69' title="bbox 1889 3735 3420 3812">
    <p class='ocr_par' dir='ltr' id='par_1_69' title="bbox 1900 3735 3420 3806">
     <span class='ocr_line' id='line_1_69' title="bbox 1900 3735 3420 3806; baseline -0.001 -17"><span class='ocrx_word' id='word_1_473' title='bbox 1900 3739 2029 3790; x_wconf 85' lang='lat' dir='ltr'><strong>oriae</strong></span> <span class='ocrx_word' id='word_1_474' title='bbox 2052 3752 2113 3790; x_wconf 85' lang='lat' dir='ltr'><strong>ac</strong></span> <span class='ocrx_word' id='word_1_475' title='bbox 2143 3738 2409 3805; x_wconf 65' lang='lat' dir='ltr'><strong>pecuniae.</strong></span> <span class='ocrx_word' id='word_1_476' title='bbox 2435 3736 2492 3790; x_wconf 92' lang='lat' dir='ltr'><strong>Si</strong></span> <span class='ocrx_word' id='word_1_477' title='bbox 2532 3738 2656 3806; x_wconf 90' lang='lat' dir='ltr'><strong>quis</strong></span> <span class='ocrx_word' id='word_1_478' title='bbox 2683 3747 2868 3791; x_wconf 89' lang='lat' dir='ltr'><strong>autem</strong></span> <span class='ocrx_word' id='word_1_479' title='bbox 2917 3737 2971 3790; x_wconf 93' lang='lat' dir='ltr'><strong>in</strong></span> <span class='ocrx_word' id='word_1_480' title='bbox 3015 3735 3124 3790; x_wconf 88' lang='lat' dir='ltr'><strong>mei</strong></span> <span class='ocrx_word' id='word_1_481' title='bbox 3189 3750 3420 3799; x_wconf 88' lang='lat' dir='ltr'><strong>morem,</strong></span> 
     </span>
    </p>
   </div>
   <div class='ocr_carea' id='block_1_70' title="bbox 167 3828 1698 3905">
    <p class='ocr_par' dir='ltr' id='par_1_70' title="bbox 167 3830 1698 3905">
     <span class='ocr_line' id='line_1_70' title="bbox 167 3830 1698 3905; baseline 0.005 -23"><span class='ocrx_word' id='word_1_482' title='bbox 167 3830 445 3901; x_wconf 73' lang='grc' dir='ltr'>ἐνίσχεται</span> <span class='ocrx_word' id='word_1_483' title='bbox 489 3831 564 3895; x_wconf 83' lang='grc' dir='ltr'><strong>ὡς</strong></span> <span class='ocrx_word' id='word_1_484' title='bbox 601 3831 730 3900; x_wconf 77' lang='grc' dir='ltr'>ἐγὼ,</span> <span class='ocrx_word' id='word_1_485' title='bbox 761 3834 891 3898; x_wconf 85' lang='grc' dir='ltr'>’πῶς</span> <span class='ocrx_word' id='word_1_486' title='bbox 928 3834 1062 3888; x_wconf 82' lang='grc' dir='ltr'>Θεοῦ</span> <span class='ocrx_word' id='word_1_487' title='bbox 1108 3833 1578 3905; x_wconf 79' lang='grc' dir='ltr'>καταξιωθησεται</span> <span class='ocrx_word' id='word_1_488' title='bbox 1604 3836 1698 3904; x_wconf 76' lang='grc' dir='ltr'>γνιὲ</span> 
     </span>
    </p>
   </div>
   <div class='ocr_carea' id='block_1_71' title="bbox 1894 3828 3425 3905">
    <p class='ocr_par' dir='ltr' id='par_1_71' title="bbox 1894 3828 3425 3899">
     <span class='ocr_line' id='line_1_71' title="bbox 1894 3828 3425 3899; baseline 0.003 -21"><span class='ocrx_word' id='word_1_489' title='bbox 1894 3829 1932 3881; x_wconf 83' lang='lat' dir='ltr'><strong>is</strong></span> <span class='ocrx_word' id='word_1_490' title='bbox 1963 3828 2241 3881; x_wconf 87' lang='lat' dir='ltr'><strong>mordicus</strong></span> <span class='ocrx_word' id='word_1_491' title='bbox 2267 3829 2458 3892; x_wconf 65' lang='grc' dir='ltr'>ἣξει-ει,</span> <span class='ocrx_word' id='word_1_492' title='bbox 2487 3830 2765 3898; x_wconf 91' lang='lat' dir='ltr'><strong>quomodo</strong></span> <span class='ocrx_word' id='word_1_493' title='bbox 2822 3829 2915 3882; x_wconf 88' lang='lat' dir='ltr'><strong>Dei</strong></span> <span class='ocrx_word' id='word_1_494' title='bbox 2943 3829 3171 3884; x_wconf 88' lang='lat' dir='ltr'><strong>scicntia</strong></span> <span class='ocrx_word' id='word_1_495' title='bbox 3198 3828 3425 3899; x_wconf 81' lang='lat' dir='ltr'><strong>dignan-</strong></span> 
     </span>
    </p>
   </div>
   <div class='ocr_carea' id='block_1_72' title="bbox 173 3917 1704 3998">
    <p class='ocr_par' dir='ltr' id='par_1_72' title="bbox 173 3924 897 3998">
     <span class='ocr_line' id='line_1_72' title="bbox 173 3924 897 3998; baseline 0.008 -24"><span class='ocrx_word' id='word_1_496' title='bbox 173 3939 336 3986; x_wconf 72' lang='grc' dir='ltr'>σεως,</span> <span class='ocrx_word' id='word_1_497' title='bbox 378 3924 608 3978; x_wconf 84' lang='grc' dir='ltr'>συνιδεῖν</span> <span class='ocrx_word' id='word_1_498' title='bbox 642 3927 741 3978; x_wconf 81' lang='grc' dir='ltr'><strong>οὐκ</strong></span> <span class='ocrx_word' id='word_1_499' title='bbox 770 3927 897 3998; x_wconf 73' lang='grc' dir='ltr'>ἔχω.</span> 
     </span>
    </p>
   </div>
   <div class='ocr_carea' id='block_1_73' title="bbox 1287 3917 2818 3998">
    <p class='ocr_par' dir='ltr' id='par_1_73' title="bbox 1847 3917 2818 3986">
     <span class='ocr_line' id='line_1_73' title="bbox 1847 3917 2818 3986; baseline 0.001 -15"><span class='ocrx_word' id='word_1_500' title='bbox 1847 3919 1951 3971; x_wconf 86' lang='lat' dir='ltr'><strong>dus</strong></span> <span class='ocrx_word' id='word_1_501' title='bbox 1973 3919 2064 3981; x_wconf 86' lang='lat' dir='ltr'><strong>sit,</strong></span> <span class='ocrx_word' id='word_1_502' title='bbox 2089 3918 2274 3972; x_wconf 88' lang='lat' dir='ltr'><strong>nullus</strong></span> <span class='ocrx_word' id='word_1_503' title='bbox 2303 3917 2608 3986; x_wconf 84' lang='lat' dir='ltr'><strong>intelligere</strong></span> <span class='ocrx_word' id='word_1_504' title='bbox 2642 3919 2818 3972; x_wconf 82' lang='lat' dir='ltr'><strong>valeo.</strong></span> 
     </span>
    </p>
   </div>
   <div class='ocr_carea' id='block_1_74' title="bbox 243 4025 1774 4106">
    <p class='ocr_par' dir='ltr' id='par_1_74' title="bbox 243 4029 1741 4106">
     <span class='ocr_line' id='line_1_74' title="bbox 243 4029 1741 4106; baseline 0.005 -24"><span class='ocrx_word' id='word_1_505' title='bbox 243 4029 349 4083; x_wconf 75' lang='lat' dir='ltr'><strong>xﬁ&#39;.</strong></span> <span class='ocrx_word' id='word_1_506' title='bbox 387 4031 457 4082; x_wconf 84' lang='grc' dir='ltr'><strong>’Ἡ</strong></span> <span class='ocrx_word' id='word_1_507' title='bbox 490 4031 596 4102; x_wconf 87' lang='grc' dir='ltr'><strong>γὰρ</strong></span> <span class='ocrx_word' id='word_1_508' title='bbox 639 4032 715 4096; x_wconf 85' lang='grc' dir='ltr'>ὡς</span> <span class='ocrx_word' id='word_1_509' title='bbox 761 4033 934 4087; x_wconf 87' lang='grc' dir='ltr'>δοῦλοι</span> <span class='ocrx_word' id='word_1_510' title='bbox 966 4035 998 4105; x_wconf 84' lang='grc' dir='ltr'>ἢ</span> <span class='ocrx_word' id='word_1_511' title='bbox 1033 4036 1128 4088; x_wconf 78' lang='grc' dir='ltr'><strong>καὶ</strong></span> <span class='ocrx_word' id='word_1_512' title='bbox 1180 4033 1464 4106; x_wconf 85' lang='grc' dir='ltr'>μίσθιοι,ἢ</span> <span class='ocrx_word' id='word_1_513' title='bbox 1503 4037 1577 4099; x_wconf 79' lang='grc' dir='ltr'>ὡς</span> <span class='ocrx_word' id='word_1_514' title='bbox 1623 4037 1741 4089; x_wconf 73' lang='grc' dir='ltr'>υἱοί·</span> 
     </span>
    </p>
   </div>
   <div class='ocr_carea' id='block_1_75' title="bbox 1892 4025 3423 4106">
    <p class='ocr_par' dir='ltr' id='par_1_75' title="bbox 1912 4025 3423 4095">
     <span class='ocr_line' id='line_1_75' title="bbox 1912 4025 3423 4095; baseline -0.003 -15"><span class='ocrx_word' id='word_1_515' title='bbox 1912 4027 2001 4080; x_wconf 73' lang='lat'><strong>‘29.</strong></span> <span class='ocrx_word' id='word_1_516' title='bbox 2035 4027 2141 4079; x_wconf 83' lang='lat' dir='ltr'><strong>Aut</strong></span> <span class='ocrx_word' id='word_1_517' title='bbox 2186 4025 2334 4079; x_wconf 90' lang='lat' dir='ltr'><strong>enim</strong></span> <span class='ocrx_word' id='word_1_518' title='bbox 2384 4033 2642 4095; x_wconf 87' lang='lat' dir='ltr'><strong>tanquam</strong></span> <span class='ocrx_word' id='word_1_519' title='bbox 2703 4027 2869 4089; x_wconf 90' lang='lat' dir='ltr'><strong>servi,</strong></span> <span class='ocrx_word' id='word_1_520' title='bbox 2922 4039 3020 4079; x_wconf 91' lang='lat' dir='ltr'><strong>scu</strong></span> <span class='ocrx_word' id='word_1_521' title='bbox 3066 4025 3233 4079; x_wconf 86' lang='lat' dir='ltr'><strong>etiam</strong></span> <span class='ocrx_word' id='word_1_522' title='bbox 3283 4041 3423 4078; x_wconf 66' lang='lat' dir='ltr'><strong>mc:—</strong></span> 
     </span>
    </p>
   </div>
   <div class='ocr_carea' id='block_1_76' title="bbox 172 4115 1703 4200">
    <p class='ocr_par' dir='ltr' id='par_1_76' title="bbox 172 4121 1703 4200">
     <span class='ocr_line' id='line_1_76' title="bbox 172 4121 1703 4200; baseline 0.007 -28"><span class='ocrx_word' id='word_1_523' title='bbox 172 4121 476 4186; x_wconf 83' lang='grc' dir='ltr'>τουτέστιν,</span> <span class='ocrx_word' id='word_1_524' title='bbox 535 4123 567 4193; x_wconf 81' lang='grc' dir='ltr'>ἢ</span> <span class='ocrx_word' id='word_1_525' title='bbox 615 4123 690 4186; x_wconf 86' lang='grc' dir='ltr'>ὡς</span> <span class='ocrx_word' id='word_1_526' title='bbox 729 4126 1020 4197; x_wconf 74' lang='grc' dir='ltr'>πρακτικοὶ</span> <span class='ocrx_word' id='word_1_527' title='bbox 1065 4127 1245 4197; x_wconf 85' lang='grc' dir='ltr'>μόνον,</span> <span class='ocrx_word' id='word_1_528' title='bbox 1287 4127 1321 4200; x_wconf 81' lang='grc' dir='ltr'>ἢ</span> <span class='ocrx_word' id='word_1_529' title='bbox 1355 4130 1446 4181; x_wconf 79' lang='grc' dir='ltr'>καὶ</span> <span class='ocrx_word' id='word_1_530' title='bbox 1490 4129 1564 4192; x_wconf 82' lang='grc' dir='ltr'>ὡς</span> <span class='ocrx_word' id='word_1_531' title='bbox 1606 4129 1703 4197; x_wconf 78' lang='grc' dir='ltr'><strong>γνιὶ</strong></span> 
     </span>
    </p>
   </div>
   <div class='ocr_carea' id='block_1_77' title="bbox 1876 4115 3407 4200">
    <p class='ocr_par' dir='ltr' id='par_1_77' title="bbox 1880 4115 3407 4185">
     <span class='ocr_line' id='line_1_77' title="bbox 1880 4115 3407 4185; baseline -0.001 -16"><span class='ocrx_word' id='word_1_532' title='bbox 1880 4116 2073 4180; x_wconf 90' lang='lat' dir='ltr'><strong>cnarii,</strong></span> <span class='ocrx_word' id='word_1_533' title='bbox 2107 4116 2189 4170; x_wconf 84' lang='lat' dir='ltr'><strong>vel</strong></span> <span class='ocrx_word' id='word_1_534' title='bbox 2216 4116 2412 4181; x_wconf 87' lang='lat' dir='ltr'><strong>utﬁlii,</strong></span> <span class='ocrx_word' id='word_1_535' title='bbox 2475 4117 2582 4172; x_wconf 86' lang='lat' dir='ltr'><strong>hoc</strong></span> <span class='ocrx_word' id='word_1_536' title='bbox 2608 4125 2713 4182; x_wconf 90' lang='lat' dir='ltr'><strong>est,</strong></span> <span class='ocrx_word' id='word_1_537' title='bbox 2745 4119 2832 4170; x_wconf 86' lang='lat' dir='ltr'><strong>vel</strong></span> <span class='ocrx_word' id='word_1_538' title='bbox 2860 4126 2918 4169; x_wconf 92' lang='lat' dir='ltr'><strong>ut</strong></span> <span class='ocrx_word' id='word_1_539' title='bbox 2947 4115 3041 4185; x_wconf 91' lang='lat' dir='ltr'><strong>qui</strong></span> <span class='ocrx_word' id='word_1_540' title='bbox 3086 4116 3261 4170; x_wconf 90' lang='lat' dir='ltr'><strong>solum</strong></span> <span class='ocrx_word' id='word_1_541' title='bbox 3306 4125 3407 4170; x_wconf 75' lang='lat' dir='ltr'><strong>siu-</strong></span> 
     </span>
    </p>
   </div>
   <div class='ocr_carea' id='block_1_78' title="bbox 173 4207 1704 4280">
    <p class='ocr_par' dir='ltr' id='par_1_78' title="bbox 173 4211 1069 4280">
     <span class='ocr_line' id='line_1_78' title="bbox 173 4211 1069 4280; baseline 0.009 -17"><span class='ocrx_word' id='word_1_542' title='bbox 173 4223 318 4270; x_wconf 75' lang='grc' dir='ltr'>σεως</span> <span class='ocrx_word' id='word_1_543' title='bbox 345 4211 796 4277; x_wconf 79' lang='grc' dir='ltr'>καταξιωθέντες.</span> <span class='ocrx_word' id='word_1_544' title='bbox 1061 4269 1069 4280; x_wconf 84' lang='grc'><strong>,</strong></span> 
     </span>
    </p>
   </div>
   <div class='ocr_carea' id='block_1_79' title="bbox 1890 4207 3421 4280">
    <p class='ocr_par' dir='ltr' id='par_1_79' title="bbox 1890 4207 3421 4276">
     <span class='ocr_line' id='line_1_79' title="bbox 1890 4207 3421 4276; baseline 0 -16"><span class='ocrx_word' id='word_1_545' title='bbox 1890 4217 2014 4261; x_wconf 74' lang='lat' dir='ltr'><strong>cant</strong></span> <span class='ocrx_word' id='word_1_546' title='bbox 2057 4207 2282 4272; x_wconf 89' lang='lat' dir='ltr'><strong>actioni,</strong></span> <span class='ocrx_word' id='word_1_547' title='bbox 2315 4209 2400 4260; x_wconf 88' lang='lat' dir='ltr'><strong>vel</strong></span> <span class='ocrx_word' id='word_1_548' title='bbox 2433 4207 2527 4276; x_wconf 92' lang='lat' dir='ltr'><strong>qui</strong></span> <span class='ocrx_word' id='word_1_549' title='bbox 2567 4208 2734 4262; x_wconf 87' lang='lat' dir='ltr'><strong>etiam</strong></span> <span class='ocrx_word' id='word_1_550' title='bbox 2776 4207 3020 4263; x_wconf 71' lang='lat' dir='ltr'><strong>scientiae</strong></span> <span class='ocrx_word' id='word_1_551' title='bbox 3064 4207 3271 4262; x_wconf 89' lang='lat' dir='ltr'><strong>donum</strong></span> <span class='ocrx_word' id='word_1_552' title='bbox 3316 4209 3421 4261; x_wconf 60' lang='lat' dir='ltr'><strong>sint</strong></span> 
     </span>
    </p>
   </div>
   <div class='ocr_carea' id='block_1_80' title="bbox 1849 4313 2151 4358">
    <p class='ocr_par' dir='ltr' id='par_1_80' title="bbox 1849 4313 2151 4358">
     <span class='ocr_line' id='line_1_80' title="bbox 1849 4313 2151 4358; baseline -0.003 -3"><span class='ocrx_word' id='word_1_553' title='bbox 1849 4313 2151 4358; x_wconf 67' lang='lat' dir='ltr'><strong>(:fmsecutt.</strong></span> 
     </span>
    </p>
   </div>
   <div class='ocr_carea' id='block_1_81' title="bbox 248 4389 1779 4465">
    <p class='ocr_par' dir='ltr' id='par_1_81' title="bbox 248 4389 1748 4465">
     <span class='ocr_line' id='line_1_81' title="bbox 248 4389 1748 4465; baseline 0.007 -23"><span class='ocrx_word' id='word_1_554' title='bbox 248 4389 314 4444; x_wconf 87' lang='grc' dir='ltr'>λ’.</span> <span class='ocrx_word' id='word_1_555' title='bbox 346 4389 517 4454; x_wconf 78' lang='grc' dir='ltr'>Ψιλὺς</span> <span class='ocrx_word' id='word_1_556' title='bbox 555 4390 834 4462; x_wconf 82' lang='grc' dir='ltr'>λογισμὸς,</span> <span class='ocrx_word' id='word_1_557' title='bbox 889 4397 916 4446; x_wconf 90' lang='lat'><strong>6</strong></span> <span class='ocrx_word' id='word_1_558' title='bbox 952 4395 1073 4465; x_wconf 79' lang='grc' dir='ltr'>δίχα</span> <span class='ocrx_word' id='word_1_559' title='bbox 1119 4398 1354 4464; x_wconf 73' lang='grc' dir='ltr'>πάθους,</span> <span class='ocrx_word' id='word_1_560' title='bbox 1393 4401 1420 4452; x_wconf 94' lang='lat'><strong>6</strong></span> <span class='ocrx_word' id='word_1_561' title='bbox 1457 4400 1680 4462; x_wconf 53' lang='grc' dir='ltr'>ἁπλοῦς</span> <span class='ocrx_word' id='word_1_562' title='bbox 1721 4403 1748 4453; x_wconf 88' lang='lat'><strong>6</strong></span> 
     </span>
    </p>
   </div>
   <div class='ocr_carea' id='block_1_82' title="bbox 1890 4389 3421 4465">
    <p class='ocr_par' dir='ltr' id='par_1_82' title="bbox 1920 4389 3421 4462">
     <span class='ocr_line' id='line_1_82' title="bbox 1920 4389 3421 4462; baseline -0.005 -15"><span class='ocrx_word' id='word_1_563' title='bbox 1920 4393 2007 4447; x_wconf 79' lang='grc'><strong>50.</strong></span> <span class='ocrx_word' id='word_1_564' title='bbox 2043 4393 2199 4447; x_wconf 88' lang='lat' dir='ltr'><strong>Nuda</strong></span> <span class='ocrx_word' id='word_1_565' title='bbox 2227 4390 2484 4462; x_wconf 88' lang='lat' dir='ltr'><strong>cogitatio</strong></span> <span class='ocrx_word' id='word_1_566' title='bbox 2502 4399 2606 4454; x_wconf 88' lang='lat' dir='ltr'><strong>est,</strong></span> <span class='ocrx_word' id='word_1_567' title='bbox 2634 4406 2756 4460; x_wconf 68' lang='lat' dir='ltr'><strong>quae</strong></span> <span class='ocrx_word' id='word_1_568' title='bbox 2783 4389 3040 4444; x_wconf 72' lang='lat' dir='ltr'><strong>aﬁ‘ectum</strong></span> <span class='ocrx_word' id='word_1_569' title='bbox 3071 4389 3421 4459; x_wconf 75' lang='lat' dir='ltr'><strong>conjunezum</strong></span> 
     </span>
    </p>
   </div>
   <div class='ocr_carea' id='block_1_83' title="bbox 177 4481 1708 4567">
    <p class='ocr_par' dir='ltr' id='par_1_83' title="bbox 177 4487 1708 4567">
     <span class='ocr_line' id='line_1_83' title="bbox 177 4487 1708 4567; baseline 0.008 -29"><span class='ocrx_word' id='word_1_570' title='bbox 177 4487 288 4557; x_wconf 81' lang='grc' dir='ltr'>γὰρ</span> <span class='ocrx_word' id='word_1_571' title='bbox 323 4487 824 4563; x_wconf 39' lang='grc' dir='ltr'>ἐμπαθὴςκάπάγει</span> <span class='ocrx_word' id='word_1_572' title='bbox 851 4489 1008 4545; x_wconf 85' lang='grc' dir='ltr'>Θεοῦ.</span> <span class='ocrx_word' id='word_1_573' title='bbox 1034 4492 1220 4556; x_wconf 71' lang='grc' dir='ltr'>Οὕτως</span> <span class='ocrx_word' id='word_1_574' title='bbox 1244 4495 1362 4548; x_wconf 76' lang='grc' dir='ltr'>οὐδὲ</span> <span class='ocrx_word' id='word_1_575' title='bbox 1395 4497 1426 4565; x_wconf 81' lang='grc' dir='ltr'>ἡ</span> <span class='ocrx_word' id='word_1_576' title='bbox 1455 4494 1584 4567; x_wconf 75' lang='grc' dir='ltr'>ψιλὴ</span> <span class='ocrx_word' id='word_1_577' title='bbox 1607 4497 1708 4564; x_wconf 60' lang='grc' dir='ltr'><strong>γνῷ</strong></span> 
     </span>
    </p>
   </div>
   <div class='ocr_carea' id='block_1_84' title="bbox 1892 4481 3423 4567">
    <p class='ocr_par' dir='ltr' id='par_1_84' title="bbox 1892 4481 3423 4551">
     <span class='ocr_line' id='line_1_84' title="bbox 1892 4481 3423 4551; baseline -0.002 -15"><span class='ocrx_word' id='word_1_578' title='bbox 1892 4500 1957 4537; x_wconf 79' lang='lat' dir='ltr'><strong>un</strong></span> <span class='ocrx_word' id='word_1_579' title='bbox 1990 4485 2173 4546; x_wconf 89' lang='lat' dir='ltr'><strong>habet,</strong></span> <span class='ocrx_word' id='word_1_580' title='bbox 2201 4499 2322 4551; x_wconf 73' lang='lat' dir='ltr'><strong>qua:</strong></span> <span class='ocrx_word' id='word_1_581' title='bbox 2350 4492 2434 4537; x_wconf 89' lang='lat' dir='ltr'><strong>est</strong></span> <span class='ocrx_word' id='word_1_582' title='bbox 2464 4481 2692 4551; x_wconf 85' lang='lat' dir='ltr'><strong>simplex</strong></span> <span class='ocrx_word' id='word_1_583' title='bbox 2723 4499 2735 4535; x_wconf 91' lang='lat'><strong>:</strong></span> <span class='ocrx_word' id='word_1_584' title='bbox 2769 4497 2890 4551; x_wconf 70' lang='lat' dir='ltr'><strong>qua:</strong></span> <span class='ocrx_word' id='word_1_585' title='bbox 2912 4482 3056 4535; x_wconf 89' lang='lat' dir='ltr'><strong>enim</strong></span> <span class='ocrx_word' id='word_1_586' title='bbox 3079 4497 3202 4535; x_wconf 93' lang='lat' dir='ltr'><strong>cum</strong></span> <span class='ocrx_word' id='word_1_587' title='bbox 3227 4481 3423 4534; x_wconf 78' lang='lat' dir='ltr'><strong>aﬁ&#39;cctu</strong></span> 
     </span>
    </p>
   </div>
   <div class='ocr_carea' id='block_1_85' title="bbox 181 4573 1712 4660">
    <p class='ocr_par' dir='ltr' id='par_1_85' title="bbox 181 4580 1712 4660">
     <span class='ocr_line' id='line_1_85' title="bbox 181 4580 1712 4660; baseline 0.008 -30"><span class='ocrx_word' id='word_1_588' title='bbox 181 4595 268 4643; x_wconf 79' lang='grc' dir='ltr'><strong>σις</strong></span> <span class='ocrx_word' id='word_1_589' title='bbox 297 4580 496 4647; x_wconf 80' lang='grc' dir='ltr'>ἀπάγει</span> <span class='ocrx_word' id='word_1_590' title='bbox 540 4583 649 4635; x_wconf 85' lang='grc' dir='ltr'><strong>τῶν</strong></span> <span class='ocrx_word' id='word_1_591' title='bbox 721 4583 1096 4656; x_wconf 72' lang='grc' dir='ltr'>ἀνθρωπίνωνο</span> <span class='ocrx_word' id='word_1_592' title='bbox 1142 4586 1320 4657; x_wconf 76' lang='grc' dir='ltr'>ἀλλ’ἢ</span> <span class='ocrx_word' id='word_1_593' title='bbox 1368 4589 1618 4644; x_wconf 76' lang='grc' dir='ltr'>παθοῦσα</span> <span class='ocrx_word' id='word_1_594' title='bbox 1653 4590 1712 4660; x_wconf 81' lang='grc' dir='ltr'><strong>τὴ</strong></span> 
     </span>
    </p>
   </div>
   <div class='ocr_carea' id='block_1_86' title="bbox 1892 4573 3423 4660">
    <p class='ocr_par' dir='ltr' id='par_1_86' title="bbox 1892 4573 3423 4644">
     <span class='ocr_line' id='line_1_86' title="bbox 1892 4573 3423 4644; baseline -0.002 -13"><span class='ocrx_word' id='word_1_595' title='bbox 1892 4586 1932 4631; x_wconf 78' lang='lat' dir='ltr'><strong>st</strong></span> <span class='ocrx_word' id='word_1_596' title='bbox 1980 4594 2044 4632; x_wconf 89' lang='lat' dir='ltr'><strong>ac</strong></span> <span class='ocrx_word' id='word_1_597' title='bbox 2091 4576 2408 4641; x_wconf 87' lang='lat' dir='ltr'><strong>libidinosa,</strong></span> <span class='ocrx_word' id='word_1_598' title='bbox 2435 4576 2659 4631; x_wconf 87' lang='lat' dir='ltr'><strong>abducit</strong></span> <span class='ocrx_word' id='word_1_599' title='bbox 2686 4591 2717 4630; x_wconf 90' lang='lat' dir='ltr'><strong>a</strong></span> <span class='ocrx_word' id='word_1_600' title='bbox 2747 4576 2879 4629; x_wconf 89' lang='lat' dir='ltr'><strong>Deo.</strong></span> <span class='ocrx_word' id='word_1_601' title='bbox 2905 4575 2996 4629; x_wconf 89' lang='lat' dir='ltr'><strong>Sic</strong></span> <span class='ocrx_word' id='word_1_602' title='bbox 3021 4591 3240 4644; x_wconf 89' lang='lat' dir='ltr'><strong>quoque</strong></span> <span class='ocrx_word' id='word_1_603' title='bbox 3280 4573 3423 4628; x_wconf 75' lang='lat' dir='ltr'><strong>nuda</strong></span> 
     </span>
    </p>
   </div>
   <div class='ocr_carea' id='block_1_87' title="bbox 180 4665 1711 4754">
    <p class='ocr_par' dir='ltr' id='par_1_87' title="bbox 180 4671 1711 4754">
     <span class='ocr_line' id='line_1_87' title="bbox 180 4671 1711 4754; baseline 0.009 -32"><span class='ocrx_word' id='word_1_604' title='bbox 180 4671 424 4740; x_wconf 71' lang='grc' dir='ltr'>ἀγάπηψ</span> <span class='ocrx_word' id='word_1_605' title='bbox 455 4673 590 4744; x_wconf 79' lang='grc' dir='ltr'>ὅπερ</span> <span class='ocrx_word' id='word_1_606' title='bbox 635 4675 782 4728; x_wconf 70' lang='grc' dir='ltr'>ἐστὶν</span> <span class='ocrx_word' id='word_1_607' title='bbox 820 4678 852 4748; x_wconf 87' lang='grc' dir='ltr'><strong>ἡ</strong></span> <span class='ocrx_word' id='word_1_608' title='bbox 888 4678 1024 4750; x_wconf 72' lang='grc' dir='ltr'>πρὸς</span> <span class='ocrx_word' id='word_1_609' title='bbox 1069 4678 1130 4732; x_wconf 81' lang='grc' dir='ltr'><strong>τὸ</strong></span> <span class='ocrx_word' id='word_1_610' title='bbox 1187 4679 1404 4750; x_wconf 82' lang='grc' dir='ltr'>πνεῦμα</span> <span class='ocrx_word' id='word_1_611' title='bbox 1459 4682 1600 4735; x_wconf 79' lang='grc' dir='ltr'>κατὰ</span> <span class='ocrx_word' id='word_1_612' title='bbox 1651 4683 1711 4754; x_wconf 74' lang='grc' dir='ltr'>τὴ</span> 
     </span>
    </p>
   </div>
   <div class='ocr_carea' id='block_1_88' title="bbox 1892 4665 3423 4754">
    <p class='ocr_par' dir='ltr' id='par_1_88' title="bbox 1892 4665 3423 4738">
     <span class='ocr_line' id='line_1_88' title="bbox 1892 4665 3423 4738; baseline -0.003 -15"><span class='ocrx_word' id='word_1_613' title='bbox 1892 4685 1911 4723; x_wconf 76' lang='lat'><strong>3</strong></span> <span class='ocrx_word' id='word_1_614' title='bbox 1936 4668 2164 4738; x_wconf 80' lang='lat' dir='ltr'><strong>simplex</strong></span> <span class='ocrx_word' id='word_1_615' title='bbox 2198 4668 2446 4732; x_wconf 88' lang='lat' dir='ltr'><strong>scientia,</strong></span> <span class='ocrx_word' id='word_1_616' title='bbox 2473 4682 2583 4721; x_wconf 92' lang='lat' dir='ltr'><strong>non</strong></span> <span class='ocrx_word' id='word_1_617' title='bbox 2626 4666 2694 4721; x_wconf 91' lang='lat' dir='ltr'><strong>ab</strong></span> <span class='ocrx_word' id='word_1_618' title='bbox 2733 4667 2988 4720; x_wconf 75' lang='lat' dir='ltr'><strong>humanis</strong></span> <span class='ocrx_word' id='word_1_619' title='bbox 3032 4667 3276 4729; x_wconf 85' lang='lat' dir='ltr'><strong>abducit,</strong></span> <span class='ocrx_word' id='word_1_620' title='bbox 3332 4665 3423 4720; x_wconf 66' lang='lat' dir='ltr'><strong>scd</strong></span> 
     </span>
    </p>
   </div>
   <div class='ocr_carea' id='block_1_89' title="bbox 181 4756 1712 4832">
    <p class='ocr_par' dir='ltr' id='par_1_89' title="bbox 181 4756 634 4824">
     <span class='ocr_line' id='line_1_89' title="bbox 181 4756 634 4824; baseline 0.009 -15"><span class='ocrx_word' id='word_1_621' title='bbox 181 4756 299 4824; x_wconf 79' lang='grc' dir='ltr'>ἓξιν</span> <span class='ocrx_word' id='word_1_622' title='bbox 329 4759 634 4823; x_wconf 83' lang='grc' dir='ltr'>ἀλλοίωσις.</span> 
     </span>
    </p>
   </div>
   <div class='ocr_carea' id='block_1_90' title="bbox 1894 4756 3425 4832">
    <p class='ocr_par' dir='ltr' id='par_1_90' title="bbox 1894 4757 3425 4832">
     <span class='ocr_line' id='line_1_90' title="bbox 1894 4757 3425 4832; baseline -0.002 -18"><span class='ocrx_word' id='word_1_623' title='bbox 1894 4778 1970 4816; x_wconf 68' lang='lat' dir='ltr'><strong>ua:</strong></span> <span class='ocrx_word' id='word_1_624' title='bbox 1992 4761 2344 4816; x_wconf 85' lang='lat' dir='ltr'><strong>dilectionem</strong></span> <span class='ocrx_word' id='word_1_625' title='bbox 2375 4760 2611 4832; x_wconf 81' lang='lat' dir='ltr'><strong>patitur;</strong></span> <span class='ocrx_word' id='word_1_626' title='bbox 2660 4759 2808 4829; x_wconf 91' lang='lat' dir='ltr'><strong>quod</strong></span> <span class='ocrx_word' id='word_1_627' title='bbox 2863 4769 2948 4815; x_wconf 90' lang='lat' dir='ltr'><strong>cst</strong></span> <span class='ocrx_word' id='word_1_628' title='bbox 3007 4759 3317 4814; x_wconf 86' lang='lat' dir='ltr'><strong>immutatio</strong></span> <span class='ocrx_word' id='word_1_629' title='bbox 3370 4757 3425 4813; x_wconf 88' lang='lat' dir='ltr'><strong>in</strong></span> 
     </span>
    </p>
   </div>
   <div class='ocr_carea' id='block_1_91' title="bbox 125 4845 3146 4920">
    <p class='ocr_par' dir='ltr' id='par_1_91' title="bbox 125 4845 3146 4920">
     <span class='ocr_line' id='line_1_91' title="bbox 125 4845 3146 4920; baseline -0.003 -11"><span class='ocrx_word' id='word_1_630' title='bbox 125 4849 127 4851; x_wconf 63' lang='grc'><em>’</em></span> <span class='ocrx_word' id='word_1_631' title='bbox 1852 4851 2105 4920; x_wconf 86' lang='lat' dir='ltr'><strong>spiritum</strong></span> <span class='ocrx_word' id='word_1_632' title='bbox 2141 4868 2262 4920; x_wconf 73' lang='lat' dir='ltr'><strong>quae</strong></span> <span class='ocrx_word' id='word_1_633' title='bbox 2292 4851 2480 4904; x_wconf 88' lang='lat' dir='ltr'><strong>habitu</strong></span> <span class='ocrx_word' id='word_1_634' title='bbox 2506 4858 2609 4904; x_wconf 90' lang='lat' dir='ltr'><strong>est.</strong></span> <span class='ocrx_word' id='word_1_635' title='bbox 3142 4845 3146 4850; x_wconf 81' lang='grc'><em>’</em></span> 
     </span>
    </p>
   </div>
   <div class='ocr_carea' id='block_1_92' title="bbox 256 4929 1787 5008">
    <p class='ocr_par' dir='ltr' id='par_1_92' title="bbox 256 4929 1753 5005">
     <span class='ocr_line' id='line_1_92' title="bbox 256 4929 1753 5005; baseline 0.007 -25"><span class='ocrx_word' id='word_1_636' title='bbox 256 4929 361 4981; x_wconf 85' lang='grc' dir='ltr'>λα’.</span> <span class='ocrx_word' id='word_1_637' title='bbox 393 4930 515 4983; x_wconf 87' lang='grc' dir='ltr'>Ὅτι</span> <span class='ocrx_word' id='word_1_638' title='bbox 549 4932 598 4983; x_wconf 79' lang='lat' dir='ltr'><strong>ot</strong></span> <span class='ocrx_word' id='word_1_639' title='bbox 640 4931 766 4994; x_wconf 70' lang='grc' dir='ltr'>υἱοὶ,</span> <span class='ocrx_word' id='word_1_640' title='bbox 795 4929 994 4998; x_wconf 83' lang='grc' dir='ltr'>γνώσει</span> <span class='ocrx_word' id='word_1_641' title='bbox 1051 4932 1144 4984; x_wconf 74' lang='grc' dir='ltr'><strong>καὶ</strong></span> <span class='ocrx_word' id='word_1_642' title='bbox 1197 4935 1384 5005; x_wconf 77' lang='grc' dir='ltr'>ἀγάπῃ</span> <span class='ocrx_word' id='word_1_643' title='bbox 1425 4935 1533 4988; x_wconf 89' lang='grc' dir='ltr'><strong>τῶν</strong></span> <span class='ocrx_word' id='word_1_644' title='bbox 1569 4937 1753 4991; x_wconf 85' lang='grc' dir='ltr'>παθῶν</span> 
     </span>
    </p>
   </div>
   <div class='ocr_carea' id='block_1_93' title="bbox 1898 4929 3429 5008">
    <p class='ocr_par' dir='ltr' id='par_1_93' title="bbox 1921 4939 3429 5008">
     <span class='ocr_line' id='line_1_93' title="bbox 1921 4939 3429 5008; baseline -0.001 -14"><span class='ocrx_word' id='word_1_645' title='bbox 1921 4941 2007 4994; x_wconf 80' lang='grc'><strong>⁸51.</strong></span> <span class='ocrx_word' id='word_1_646' title='bbox 2039 4940 2139 5008; x_wconf 89' lang='lat' dir='ltr'><strong>Qui</strong></span> <span class='ocrx_word' id='word_1_647' title='bbox 2183 4942 2280 4995; x_wconf 91' lang='lat' dir='ltr'><strong>ﬁlii</strong></span> <span class='ocrx_word' id='word_1_648' title='bbox 2325 4950 2476 5005; x_wconf 90' lang='lat' dir='ltr'><strong>sunt,</strong></span> <span class='ocrx_word' id='word_1_649' title='bbox 2511 4941 2741 4995; x_wconf 88' lang='lat' dir='ltr'><strong>scicntia</strong></span> <span class='ocrx_word' id='word_1_650' title='bbox 2773 4952 2830 4995; x_wconf 91' lang='lat' dir='ltr'><strong>et</strong></span> <span class='ocrx_word' id='word_1_651' title='bbox 2857 4939 3124 4996; x_wconf 86' lang='lat' dir='ltr'><strong>charitatc</strong></span> <span class='ocrx_word' id='word_1_652' title='bbox 3156 4939 3429 4995; x_wconf 75' lang='lat' dir='ltr'><strong>scavitiis</strong></span> 
     </span>
    </p>
   </div>
   <div class='ocr_carea' id='block_1_94' title="bbox 185 5020 1716 5101">
    <p class='ocr_par' dir='ltr' id='par_1_94' title="bbox 185 5020 1716 5098">
     <span class='ocr_line' id='line_1_94' title="bbox 185 5020 1716 5098; baseline 0.003 -26"><span class='ocrx_word' id='word_1_653' title='bbox 185 5020 500 5090; x_wconf 80' lang='grc' dir='ltr'>ἀπέχουσιν·</span> <span class='ocrx_word' id='word_1_654' title='bbox 528 5022 578 5074; x_wconf 86' lang='grc' dir='ltr'>οἱ</span> <span class='ocrx_word' id='word_1_655' title='bbox 613 5021 668 5075; x_wconf 78' lang='grc' dir='ltr'>δὲ</span> <span class='ocrx_word' id='word_1_656' title='bbox 696 5022 871 5076; x_wconf 85' lang='grc' dir='ltr'>δοῦλοι</span> <span class='ocrx_word' id='word_1_657' title='bbox 917 5023 1010 5076; x_wconf 74' lang='grc' dir='ltr'><strong>καὶ</strong></span> <span class='ocrx_word' id='word_1_658' title='bbox 1039 5022 1262 5094; x_wconf 89' lang='grc' dir='ltr'>μίσθιοι,</span> <span class='ocrx_word' id='word_1_659' title='bbox 1292 5022 1410 5093; x_wconf 73' lang='grc' dir='ltr'>ἦτοι</span> <span class='ocrx_word' id='word_1_660' title='bbox 1438 5027 1487 5079; x_wconf 79' lang='grc' dir='ltr'>οἱ</span> <span class='ocrx_word' id='word_1_661' title='bbox 1529 5044 1716 5098; x_wconf 65' lang='grc' dir='ltr'>πρακτε</span> 
     </span>
    </p>
   </div>
   <div class='ocr_carea' id='block_1_95' title="bbox 1897 5020 3428 5101">
    <p class='ocr_par' dir='ltr' id='par_1_95' title="bbox 1897 5032 3428 5101">
     <span class='ocr_line' id='line_1_95' title="bbox 1897 5032 3428 5101; baseline -0.001 -13"><span class='ocrx_word' id='word_1_662' title='bbox 1897 5034 2351 5089; x_wconf 79' lang='lat' dir='ltr'><strong>bstinentzscrvi</strong></span> <span class='ocrx_word' id='word_1_663' title='bbox 2377 5041 2560 5088; x_wconf 90' lang='lat' dir='ltr'><strong>autem</strong></span> <span class='ocrx_word' id='word_1_664' title='bbox 2584 5042 2637 5087; x_wconf 89' lang='lat' dir='ltr'><strong>ct</strong></span> <span class='ocrx_word' id='word_1_665' title='bbox 2692 5033 3018 5088; x_wconf 88' lang='lat' dir='ltr'><strong>mercenarii</strong></span> <span class='ocrx_word' id='word_1_666' title='bbox 3060 5032 3134 5094; x_wconf 67' lang='lat' dir='ltr'><strong>(id</strong></span> <span class='ocrx_word' id='word_1_667' title='bbox 3186 5040 3288 5097; x_wconf 90' lang='lat' dir='ltr'><strong>est,</strong></span> <span class='ocrx_word' id='word_1_668' title='bbox 3335 5033 3428 5101; x_wconf 77' lang='lat' dir='ltr'><strong>qui</strong></span> 
     </span>
    </p>
   </div>
   <div class='ocr_carea' id='block_1_96' title="bbox 189 5111 1720 5198">
    <p class='ocr_par' dir='ltr' id='par_1_96' title="bbox 189 5111 1494 5182">
     <span class='ocr_line' id='line_1_96' title="bbox 189 5111 1494 5182; baseline 0.007 -21"><span class='ocrx_word' id='word_1_669' title='bbox 189 5111 294 5175; x_wconf 75' lang='grc' dir='ltr'>κοὶ,</span> <span class='ocrx_word' id='word_1_670' title='bbox 332 5111 364 5180; x_wconf 85' lang='grc' dir='ltr'>ἢ</span> <span class='ocrx_word' id='word_1_671' title='bbox 404 5111 575 5182; x_wconf 78' lang='grc' dir='ltr'>φόϐῳ,</span> <span class='ocrx_word' id='word_1_672' title='bbox 617 5113 649 5180; x_wconf 86' lang='grc' dir='ltr'>ἢ</span> <span class='ocrx_word' id='word_1_673' title='bbox 689 5113 888 5167; x_wconf 82' lang='grc' dir='ltr'>ἐλπίδι.</span> <span class='ocrx_word' id='word_1_674' title='bbox 1487 5147 1494 5153; x_wconf 95' lang='grc'><strong><em>-</em></strong></span> 
     </span>
    </p>
   </div>
   <div class='ocr_carea' id='block_1_97' title="bbox 1455 5111 2986 5198">
    <p class='ocr_par' dir='ltr' id='par_1_97' title="bbox 1487 5122 2986 5190">
     <span class='ocr_line' id='line_1_97' title="bbox 1487 5122 2986 5190; baseline -0.001 -15"><span class='ocrx_word' id='word_1_675' title='bbox 1487 5147 1494 5153; x_wconf 95' lang='grc'><strong>-</strong></span> <span class='ocrx_word' id='word_1_676' title='bbox 1855 5122 2127 5176; x_wconf 88' lang='lat' dir='ltr'><strong>actionem</strong></span> <span class='ocrx_word' id='word_1_677' title='bbox 2151 5122 2362 5187; x_wconf 84' lang='lat' dir='ltr'><strong>colunt)</strong></span> <span class='ocrx_word' id='word_1_678' title='bbox 2394 5129 2491 5175; x_wconf 90' lang='lat' dir='ltr'><strong>aut</strong></span> <span class='ocrx_word' id='word_1_679' title='bbox 2525 5122 2723 5176; x_wconf 89' lang='lat' dir='ltr'><strong>timore</strong></span> <span class='ocrx_word' id='word_1_680' title='bbox 2747 5131 2840 5176; x_wconf 89' lang='lat' dir='ltr'><strong>aut</strong></span> <span class='ocrx_word' id='word_1_681' title='bbox 2870 5137 2986 5190; x_wconf 89' lang='lat' dir='ltr'><strong>spe.</strong></span> 
     </span>
    </p>
   </div>
   <div class='ocr_carea' id='block_1_98' title="bbox 257 5199 1788 5282">
    <p class='ocr_par' dir='ltr' id='par_1_98' title="bbox 257 5199 1752 5281">
     <span class='ocr_line' id='line_1_98' title="bbox 257 5199 1752 5281; baseline 0.007 -29"><span class='ocrx_word' id='word_1_682' title='bbox 257 5199 356 5270; x_wconf 84' lang='grc' dir='ltr'>λβ’.</span> <span class='ocrx_word' id='word_1_683' title='bbox 390 5203 500 5255; x_wconf 77' lang='grc' dir='ltr'><strong>Καὶ</strong></span> <span class='ocrx_word' id='word_1_684' title='bbox 533 5202 708 5256; x_wconf 88' lang='grc' dir='ltr'>ταῦτα</span> <span class='ocrx_word' id='word_1_685' title='bbox 737 5203 989 5276; x_wconf 79' lang='grc' dir='ltr'>ἀπείργει</span> <span class='ocrx_word' id='word_1_686' title='bbox 1019 5207 1144 5269; x_wconf 79' lang='grc' dir='ltr'>τοὺς</span> <span class='ocrx_word' id='word_1_687' title='bbox 1167 5207 1400 5277; x_wconf 64' lang='grc' dir='ltr'>γράφειν</span> <span class='ocrx_word' id='word_1_688' title='bbox 1426 5210 1752 5281; x_wconf 81' lang='grc' dir='ltr'>ᾑρημένους·</span> 
     </span>
    </p>
   </div>
   <div class='ocr_carea' id='block_1_99' title="bbox 1901 5199 3432 5282">
    <p class='ocr_par' dir='ltr' id='par_1_99' title="bbox 1927 5211 3432 5282">
     <span class='ocr_line' id='line_1_99' title="bbox 1927 5211 3432 5282; baseline 0 -17"><span class='ocrx_word' id='word_1_689' title='bbox 1927 5211 2014 5266; x_wconf 72' lang='lat'><strong>&#39;52.</strong></span> <span class='ocrx_word' id='word_1_690' title='bbox 2041 5211 2165 5267; x_wconf 79' lang='lat' dir='ltr'><strong>Haec</strong></span> <span class='ocrx_word' id='word_1_691' title='bbox 2187 5227 2408 5282; x_wconf 88' lang='lat' dir='ltr'><strong>quoque</strong></span> <span class='ocrx_word' id='word_1_692' title='bbox 2464 5211 2765 5279; x_wconf 87' lang='lat' dir='ltr'><strong>deterrent,</strong></span> <span class='ocrx_word' id='word_1_693' title='bbox 2813 5212 3018 5282; x_wconf 88' lang='lat' dir='ltr'><strong>quibus</strong></span> <span class='ocrx_word' id='word_1_694' title='bbox 3073 5220 3136 5266; x_wconf 90' lang='lat' dir='ltr'><strong>ut</strong></span> <span class='ocrx_word' id='word_1_695' title='bbox 3185 5211 3432 5266; x_wconf 87' lang='lat' dir='ltr'><strong>scribant</strong></span> 
     </span>
    </p>
   </div>
   <div class='ocr_carea' id='block_1_100' title="bbox 190 5290 1721 5373">
    <p class='ocr_par' dir='ltr' id='par_1_100' title="bbox 190 5290 1519 5368">
     <span class='ocr_line' id='line_1_100' title="bbox 190 5290 1519 5368; baseline 0.009 -27"><span class='ocrx_word' id='word_1_696' title='bbox 190 5290 469 5348; x_wconf 81' lang='grc' dir='ltr'>δεικνύντα</span> <span class='ocrx_word' id='word_1_697' title='bbox 496 5295 680 5364; x_wconf 78' lang='grc' dir='ltr'>σαφῶς</span> <span class='ocrx_word' id='word_1_698' title='bbox 701 5297 800 5368; x_wconf 76' lang='grc' dir='ltr'><strong>τὴν</strong></span> <span class='ocrx_word' id='word_1_699' title='bbox 835 5297 1039 5368; x_wconf 79' lang='grc' dir='ltr'>βλάϐην</span> <span class='ocrx_word' id='word_1_700' title='bbox 1081 5301 1146 5351; x_wconf 83' lang='grc' dir='ltr'>ὲκ</span> <span class='ocrx_word' id='word_1_701' title='bbox 1183 5299 1278 5353; x_wconf 84' lang='grc' dir='ltr'><strong>τοῦ</strong></span> <span class='ocrx_word' id='word_1_702' title='bbox 1317 5299 1519 5364; x_wconf 85' lang='grc' dir='ltr'>τέλους.</span> 
     </span>
    </p>
   </div>
   <div class='ocr_carea' id='block_1_101' title="bbox 1899 5290 3430 5373">
    <p class='ocr_par' dir='ltr' id='par_1_101' title="bbox 1899 5301 3430 5373">
     <span class='ocr_line' id='line_1_101' title="bbox 1899 5301 3430 5373; baseline -0.001 -16"><span class='ocrx_word' id='word_1_703' title='bbox 1899 5304 2040 5358; x_wconf 81' lang='lat' dir='ltr'><strong>nimo</strong></span> <span class='ocrx_word' id='word_1_704' title='bbox 2067 5303 2426 5357; x_wconf 88' lang='lat' dir='ltr'><strong>constitutum</strong></span> <span class='ocrx_word' id='word_1_705' title='bbox 2453 5302 2525 5357; x_wconf 91' lang='lat' dir='ltr'><strong>sit</strong></span> <span class='ocrx_word' id='word_1_706' title='bbox 2555 5319 2569 5356; x_wconf 91' lang='lat'>:</span> <span class='ocrx_word' id='word_1_707' title='bbox 2602 5317 2722 5372; x_wconf 72' lang='lat' dir='ltr'><strong>quae</strong></span> <span class='ocrx_word' id='word_1_708' title='bbox 2750 5317 2948 5373; x_wconf 88' lang='lat' dir='ltr'><strong>nempe</strong></span> <span class='ocrx_word' id='word_1_709' title='bbox 2973 5301 3233 5356; x_wconf 86' lang='lat' dir='ltr'><strong>damnum</strong></span> <span class='ocrx_word' id='word_1_710' title='bbox 3255 5301 3430 5371; x_wconf 86' lang='lat' dir='ltr'><strong>palam</strong></span> 
     </span>
    </p>
   </div>
   <div class='ocr_carea' id='block_1_102' title="bbox 1859 5395 2386 5450">
    <p class='ocr_par' dir='ltr' id='par_1_102' title="bbox 1859 5395 2386 5450">
     <span class='ocr_line' id='line_1_102' title="bbox 1859 5395 2386 5450; baseline -0.006 0"><span class='ocrx_word' id='word_1_711' title='bbox 1859 5412 1926 5450; x_wconf 76' lang='lat' dir='ltr'><strong>ex</strong></span> <span class='ocrx_word' id='word_1_712' title='bbox 1951 5397 2057 5450; x_wconf 88' lang='lat' dir='ltr'><strong>ﬁne</strong></span> <span class='ocrx_word' id='word_1_713' title='bbox 2074 5395 2386 5450; x_wconf 89' lang='lat' dir='ltr'><strong>ostendant.</strong></span> 
     </span>
    </p>
   </div>
   <div class='ocr_carea' id='block_1_103' title="bbox 263 5470 1794 5554">
    <p class='ocr_par' dir='ltr' id='par_1_103' title="bbox 263 5470 1614 5552">
     <span class='ocr_line' id='line_1_103' title="bbox 263 5470 1614 5552; baseline 0.008 -26"><span class='ocrx_word' id='word_1_714' title='bbox 263 5470 362 5542; x_wconf 91' lang='grc' dir='ltr'>λγ’.</span> <span class='ocrx_word' id='word_1_715' title='bbox 404 5470 574 5545; x_wconf 81' lang='grc' dir='ltr'>Οἶμαι</span> <span class='ocrx_word' id='word_1_716' title='bbox 603 5477 739 5547; x_wconf 83' lang='grc' dir='ltr'>πρὸς</span> <span class='ocrx_word' id='word_1_717' title='bbox 763 5478 908 5548; x_wconf 76' lang='grc' dir='ltr'>ἡμᾶς</span> <span class='ocrx_word' id='word_1_718' title='bbox 942 5478 1136 5533; x_wconf 73' lang='grc' dir='ltr'>ἔϐλεπε</span> <span class='ocrx_word' id='word_1_719' title='bbox 1167 5480 1342 5536; x_wconf 86' lang='grc' dir='ltr'>ταῦτα</span> <span class='ocrx_word' id='word_1_720' title='bbox 1367 5485 1614 5552; x_wconf 79' lang='grc' dir='ltr'>γράφων.</span> 
     </span>
    </p>
   </div>
   <div class='ocr_carea' id='block_1_104' title="bbox 1902 5470 3433 5554">
    <p class='ocr_par' dir='ltr' id='par_1_104' title="bbox 1932 5483 3433 5554">
     <span class='ocr_line' id='line_1_104' title="bbox 1932 5483 3433 5554; baseline 0 -16"><span class='ocrx_word' id='word_1_721' title='bbox 1932 5486 2021 5538; x_wconf 77' lang='lat'><strong>&#39;53.</strong></span> <span class='ocrx_word' id='word_1_722' title='bbox 2056 5485 2125 5541; x_wconf 86' lang='lat' dir='ltr'><strong>Et</strong></span> <span class='ocrx_word' id='word_1_723' title='bbox 2156 5485 2271 5540; x_wconf 82' lang='lat' dir='ltr'><strong>haec</strong></span> <span class='ocrx_word' id='word_1_724' title='bbox 2297 5493 2430 5554; x_wconf 91' lang='lat' dir='ltr'><strong>puto</strong></span> <span class='ocrx_word' id='word_1_725' title='bbox 2455 5483 2584 5539; x_wconf 91' lang='lat' dir='ltr'><strong>dum</strong></span> <span class='ocrx_word' id='word_1_726' title='bbox 2627 5483 2914 5551; x_wconf 88' lang='lat' dir='ltr'><strong>scriberet,</strong></span> <span class='ocrx_word' id='word_1_727' title='bbox 2944 5483 3012 5538; x_wconf 92' lang='lat' dir='ltr'><strong>ad</strong></span> <span class='ocrx_word' id='word_1_728' title='bbox 3046 5498 3148 5539; x_wconf 89' lang='lat' dir='ltr'><strong>nos</strong></span> <span class='ocrx_word' id='word_1_729' title='bbox 3191 5483 3433 5538; x_wconf 88' lang='lat' dir='ltr'><strong>animum</strong></span> 
     </span>
    </p>
   </div>
   <div class='ocr_carea' id='block_1_105' title="bbox 1866 5576 2202 5630">
    <p class='ocr_par' dir='ltr' id='par_1_105' title="bbox 1866 5576 2202 5630">
     <span class='ocr_line' id='line_1_105' title="bbox 1866 5576 2202 5630; baseline -0.012 0"><span class='ocrx_word' id='word_1_730' title='bbox 1866 5576 2202 5630; x_wconf 86' lang='lat' dir='ltr'><strong>intendebat.</strong></span> 
     </span>
    </p>
   </div>
   <div class='ocr_carea' id='block_1_106' title="bbox 266 5653 1797 5740">
    <p class='ocr_par' dir='ltr' id='par_1_106' title="bbox 266 5653 1764 5740">
     <span class='ocr_line' id='line_1_106' title="bbox 266 5653 1764 5740; baseline 0.007 -28"><span class='ocrx_word' id='word_1_731' title='bbox 266 5653 359 5713; x_wconf 64' lang='grc' dir='ltr'><strong>λδ.</strong></span> <span class='ocrx_word' id='word_1_732' title='bbox 385 5659 501 5714; x_wconf 84' lang='grc' dir='ltr'>Ούκ</span> <span class='ocrx_word' id='word_1_733' title='bbox 530 5659 758 5731; x_wconf 74' lang='grc' dir='ltr'>ἐνόησαν</span> <span class='ocrx_word' id='word_1_734' title='bbox 790 5663 847 5716; x_wconf 71' lang='grc' dir='ltr'>τὸ</span> <span class='ocrx_word' id='word_1_735' title='bbox 880 5664 942 5716; x_wconf 82' lang='grc' dir='ltr'>ὲκ</span> <span class='ocrx_word' id='word_1_736' title='bbox 977 5665 1071 5734; x_wconf 82' lang='grc' dir='ltr'><strong>τῆς</strong></span> <span class='ocrx_word' id='word_1_737' title='bbox 1101 5665 1552 5737; x_wconf 79' lang='grc' dir='ltr'>μεθόδου’ταύτης</span> <span class='ocrx_word' id='word_1_738' title='bbox 1576 5668 1764 5740; x_wconf 84' lang='grc' dir='ltr'>κέρδος</span> 
     </span>
    </p>
   </div>
   <div class='ocr_carea' id='block_1_107' title="bbox 1903 5653 3434 5740">
    <p class='ocr_par' dir='ltr' id='par_1_107' title="bbox 1932 5663 3434 5736">
     <span class='ocr_line' id='line_1_107' title="bbox 1932 5663 3434 5736; baseline 0 -14"><span class='ocrx_word' id='word_1_739' title='bbox 1932 5669 2018 5723; x_wconf 62' lang='grc'><strong>54.</strong></span> <span class='ocrx_word' id='word_1_740' title='bbox 2054 5667 2172 5722; x_wconf 86' lang='lat' dir='ltr'><strong>Non</strong></span> <span class='ocrx_word' id='word_1_741' title='bbox 2211 5665 2616 5733; x_wconf 78' lang='lat' dir='ltr'><strong>intellexerunt,</strong></span> <span class='ocrx_word' id='word_1_742' title='bbox 2662 5663 2810 5736; x_wconf 67' lang='lat' dir='ltr'><strong>quod</strong></span> <span class='ocrx_word' id='word_1_743' title='bbox 2837 5679 2906 5722; x_wconf 79' lang='lat' dir='ltr'><strong>ex</strong></span> <span class='ocrx_word' id='word_1_744' title='bbox 2931 5663 3034 5722; x_wconf 87' lang='lat' dir='ltr'><strong>hac</strong></span> <span class='ocrx_word' id='word_1_745' title='bbox 3068 5664 3434 5722; x_wconf 78' lang='lat' dir='ltr'><strong>methodose-</strong></span> 
     </span>
    </p>
   </div>
  </div>
