3876 6314
433 211 568 277 1’79

1588 214 1650 276 ε.
1692 215 1980 282 MAXIMI
2013 185 2523 292 coNFEssoms

423 301 612 394 quitur
636 320 869 383 lucrum,
896 317 992 388 qui
1031 331 1090 371 se
1121 315 1262 374 scire
1293 315 1607 373 existimant
1635 337 1648 373 :
1682 337 1808 376 nam
1835 320 1880 374 si
1905 319 2013 375 sci-

2153 328 2166 378 ἱ
2221 336 2531 403 νομίζοντες
2584 339 2805 397 εἰδέναι.
2850 341 2912 396 Εἰ
2949 340 3063 413 γὰρ
3094 342 3368 411 ἔγνωσαν,
3401 341 3711 414 ἐκέρδησεν

421 410 651 476 vissent,
681 407 1029 466 commodum
1063 407 1168 463 hoc
1195 418 1586 479 reportassent,
1610 418 1672 466 ut
1701 411 1756 465 in
1781 411 2010 466 scientia

425 498 783 571 proficerent.

494 591 584 646 55.
615 589 861 646 Morante
911 586 1148 656 simplici
1180 585 1439 658 nudaque
1469 588 1828 660 cogitatione,
1857 588 2009 648 exci-

429 691 580 738 tatur
609 680 842 736 all‘ectus
874 697 887 732 :
920 680 998 734 uti
1026 679 1192 736 etiam
1219 695 1284 735 ea
1310 695 1436 752 quae
1463 681 1686 737 ali'eetui
1715 683 2010 756 conjuncta

426 787 492 830 ac
511 769 808 828 libidinosa
831 780 939 835 est,
970 780 1264 842 praestatur
1284 787 1606 828 consensus.

490 864 580 920 36.
605 862 747 930 Scis,
767 863 1016 928 Domine,
1035 864 1312 934 quomodo
1321 863 1540 934 judicer
1561 863 1747 930 hodie,
1768 873 1824 919 et
1846 881 2010 938 quam

422 955 496 1014 ob
535 970 755 1010 causam
789 969 858 1010 ne
888 953 1240 1024 derelinquas
1267 969 1375 1010 me.

492 1047 582 1102 37.
605 1045 726 1102 Non
753 1055 934 1117 potest
968 1046 1087 1102 haec
1117 1052 1402 1118 praestare,
1428 1047 1525 1124 qui
1557 1048 1676 1110 suis
1701 1048 1818 1105 fidit
1837 1050 2009 1106 ratio-

425 1137 614 1202 nibus,
646 1151 710 1192 ac
750 1152 810 1192 se
831 1137 942 1208 jam
999 1135 1486 1206 comprehendisse
1531 1137 1830 1205 existimat,
1864 1155 2007 1213 quae,

424 1237 781 1301 posteaquam
807 1227 974 1284 etiam
992 1225 1390 1296 comprehensa
1421 1235 1572 1298 sunt,
1589 1236 1786 1284 natura
1803 1228 2011 1286 incom-

427 1317 706 1389 prehensa
735 1325 986 1372 manent.

495 1407 584 1463 58.
653 1407 904 1463 Tristitia
961 1407 1112 1479 (agri
1170 1406 1384 1463 scilicet
1437 1406 1607 1464 animi
1652 1406 1898 1480 affectio)
1953 1417 2009 1463 et

427 1499 640 1565 odium,
676 1501 812 1557 vitia
833 1510 964 1557 sunt
983 1501 1156 1572 partis
1181 1501 1351 1555 animi
1379 1501 1626 1571 expertis
1651 1502 1900 1557 rationis.

497 1593 587 1649 59.
623 1593 760 1649 Vide
783 1593 1060 1664 quomodo
1091 1593 1457 1664 decipiamur,
1491 1593 1588 1664 qui
1620 1595 1899 1649 contraria
1925 1593 2008 1650 fa-

2113 416 2180 479 ἀν
2212 427 2269 479 τὸ
2301 431 2630 499 προκόπτειν
2653 434 2732 496 είς
2761 433 2822 488 τὸ
2849 435 3077 490 ειδέναι.

2185 606 2277 660 λε’.
2323 608 2446 661 Ὀτι
2479 609 2823 680 χρονίζοντος
2863 610 2961 666 τοῦ
3005 612 3167 682 ψιλοῦ
3207 611 3516 683 λογισμοῦ.
3547 617 3706 668 κινεῖ·

2109 713 2206 750 ται
2227 697 2289 752 τὸ
2313 698 2500 767 πάθος·
2530 700 2722 774 ὥσπερ
2751 704 2845 757 καὶ
2869 703 2966 758 τοῦ
2991 702 3300 776 ἐμπαθῶς,
3328 704 3559 773 γίνεται
3590 722 3706 773 συγ·-

2114 787 2432 853 κατάθεσις.

2182 879 2290 944 λς’.
2318 876 2497 947 Οἶδας,
2520 883 2717 954 Κύριε,
2741 885 2889 948 ὅπως
2925 885 3187 956 κρίνομαι
3207 887 3491 957 σήμερον,
3521 888 3623 938 καὶ
3644 887 3699 939 δι’

2111 970 2180 1040 ἢν
2214 971 2414 1025 αἰτίαν·
2453 973 2529 1045 μὴ
2560 974 2932 1048 ἐγκαταλίτξῃς
2957 977 3129 1046 ἡμᾶς.

2179 1060 2280 1128 λζ’.
2308 1062 2384 1116 Oti
2415 1063 2638 1119 δύναται
2679 1063 2855 1120 ταῦτα
2919 1068 3166 1138 ποιῆσαι,
3229 1068 3261 1120 ὁ
3327 1069 3444 1133 τοῖς
3485 1068 3704 1130 obnata;

2113 1152 2413 1220 πιστεύσας
2462 1155 2771 1230 λογισμοῖς,
2805 1158 2904 1210 καὶ
2943 1157 3106 1222 δόξας
3144 1157 3248 1228 ἤδη
3281 1157 3708 1228 κατειληφέναι..

2109 1243 2180 1296 τά
2213 1244 2310 1298 καὶ
2350 1245 2490 1316 μετά
2523 1245 2584 1300 τὸ
2621 1246 2987 1316 κατειλῆφθαι
3026 1248 3407 1319 ἀκατάληπτα
3438 1250 3593 1303 κατά
3619 1249 3711 1319 φό-
3815 1264 3817 1272 '

2113 1351 2199 1390 σιν
2228 1335 2565 1409 ὑπάρχοντα.

2179 1427 2285 1501 λη’.
2318 1427 2484 1500 Λύπη
2521 1429 2620 1486 καὶ
2663 1431 2839 1501 μῖσος,
2867 1429 2964 1484 τοῦ
2992 1429 3192 1501 ἀλόγου
3230 1429 3449 1502 μέρους
3480 1430 3587 1500 τῆς
3616 1430 3710 1500 ψυ-

2109 1517 2214 1589 χῆς
2247 1518 2626 1591 ἐλαττώματα.

2184 1612 2283 1668 λθ’.
2328 1613 2500 1668 Βλέπε
2547 1615 2623 1678 ὡς
2667 1613 3033 1686 ἀπατώμεθα,
3065 1613 3337 1668 τάναντία
3401 1612 3708 1675 ποιοῦντες,

427 1683 660 1749 ciamus,
689 1696 745 1739 et
771 1684 1083 1742 Christiana
1115 1701 1216 1740 nos
1256 1685 1461 1756 pietate
1503 1685 1692 1742 vivere
1733 1685 2012 1740 existime—

2153 1705 2212 1759 αὶ
2239 1706 2554 1776 νομίζοντες
2594 1660 2737 1766 κατὰ
2786 1660 3033 1778 Χρῗστὸιῖ
3054 1705 3496 1758 πολιτεύεσθαιο.
3520 1705 3586 1757 τὸ
3626 1660 3714 1772 βέ-
3824 1702 3825 1710 “

428 1792 574 1842 mus,
610 1776 869 1852 quodque
907 1777 1129 1848 gravius
1157 1785 1262 1838 est,
1299 1777 1410 1848 jam
1440 1791 1663 1848 quoque
1707 1775 2012 1848 spiritalem

428 1863 540 1936 pati
577 1863 930 1918 dilectionem
965 1863 1323 1918 arbitremur.

497 1955 588 2008 40.
626 1953 805 2008 Habet
830 1953 955 2022 quis
976 1953 1174 2006 vitium
1226 1953 1474 2008 avaritiae
1511 1971 1523 2006 :
1560 1968 1672 2012 non
1697 1953 1906 2026 indiget
1955 1961 2015 2007 ut

429 2060 530 2118 per
563 2043 851 2098 avaritiam
893 2043 996 2097 sibi
1041 2043 1250 2113 aliquid
1281 2053 1522 2113 arroget,
1553 2053 1649 2099 aut
1701 2054 1765 2099 ut
1813 2045 2014 2115 injuste

430 2134 672 2204 aliquem
724 2131 1144 2188 circumveniat.
1173 2134 1303 2204 Ejus
1331 2134 1412 2189 rei
1454 2143 1648 2190 nactus
1675 2135 2010 2199 facultatem,

429 2226 614 2285 Statim
638 2224 1097 2295 deprehenditur.
1125 2223 1302 2294 Atque
1330 2223 1385 2278 id
1409 2232 1600 2278 notum
1621 2233 1725 2279 est.

498 2317 589 2374 4i.
623 2315 757 2373 Vide
797 2315 855 2370 in
893 2315 1098 2386 quibus
1131 2315 1548 2386 longanimitate
1597 2324 1654 2371 et
1704 2317 1759 2370 in
1809 2316 2014 2387 quibus

429 2409 690 2484 patientia
717 2407 1006 2464 utendum.
1038 2407 1280 2462 Tametsi
1302 2407 1453 2462 enim
1476 2419 1776 2479 utrumque
1802 2409 1859 2462 in
1889 2417 2011 2463 ten-

429 2497 735 2557 tatiouibus
782 2498 1023 2564 dicatur,
1076 2511 1198 2566 qua:
1239 2497 1430 2553 invitis
1474 2498 1833 2570 exteriusque
1888 2514 2016 2554 eve-

429 2592 592 2652 nlunt
618 2609 632 2646 :
663 2591 812 2670 quod
839 2600 1022 2646 tamen
1048 2591 1156 2646 illae
1180 2589 1236 2646 in
1261 2604 1549 2647 sermones
1573 2600 1741 2662 atque
1781 2591 2013 2646 verbera

427 2700 528 2744 seu
555 2687 741 2757 plagas
773 2684 1120 2748 dividuntur,
1165 2674 1277 2739 una
1308 2699 1531 2755 quoque
1564 2683 1680 2741 haec
1705 2700 1891 2740 secum
1928 2684 2013 2739 vi-

430 2779 696 2836 dentibus
719 2777 996 2834 dividunt.

495 2872 590 2930 42.
619 2872 724 2927 Per
753 2869 1157 2926 continentiam
1175 2881 1233 2927 et
1255 2871 1606 2937 eharitatem,
1626 2867 1774 2926 bona
1802 2867 1859 2926 in
1885 2875 2012 2926 actu

430 2961 664 3021 scientia
699 2969 1015 3032 praestatur.

502 3049 777 3121 5.11am
807 3069 938 3109 vero
976 3053 1218 3109 delirant
1256 3051 1408 3106 vitiis
1457 3061 1732 3108 scatentes
1789 3049 2016 3121 quidem

433 3156 602 3217 atque
621 3145 868 3216 superbi,
889 3146 1274 3200 existimantes
1302 3145 1432 3216 (qua
1465 3154 1678 3200 tument
1706 3145 2019 3215 arrogantia

434 3252 501 3297 ac
525 3234 691 3306 fastu)
723 3234 908 3296 divina
935 3236 1244 3294 scientius
1275 3235 1538 3306 pmditos
1559 3250 1684 3292 esse
1704 3235 1728 3290 ?
1751 3235 1832 3292 lta
1870 3236 2021 3292 enim

437 3330 517 3386 illi
543 3344 611 3386 ex
641 3326 854 3398 ingenti
880 3327 1051 3387 animi
1081 3328 1358 3398 pravitate
1377 3335 1436 3383 et
1467 3326 1728 3384 elatione.

506 3419 598 3474 ιι.
626 3417 734 3485 Qui
757 3425 942 3478 autem
967 3417 1250 3477 existimat
1281 3433 1341 3476 se
1369 3417 1481 3488 jam
1511 3417 2022 3487 comprehendisse,

437 3523 502 3565 ac
536 3507 674 3562 nihil
712 3508 988 3578 ignorare,
1021 3508 1196 3578 liquet
1247 3522 1374 3562 eum
1410 3507 1681 3562 charitate
1730 3507 2022 3578 praeditum

437 3616 550 3658 non
573 3614 720 3658 esse.
751 3600 854 3668 Qui
889 3609 1077 3660 autem
1104 3615 1214 3653 non
1239 3615 1305 3654 ea
1330 3599 1596 3670 praeditus
1618 3598 1713 3664 sit,
1743 3601 2024 3670 quomodo

441 3690 500 3746 in
522 3688 756 3746 scicntia
779 3687 1077 3759 proﬁciet?

504 3781 595 3838 45.
621 3780 726 3850 Qui
749 3781 868 3842 vitii
915 3790 972 3839 et
1007 3781 1330 3854 ignorantiae
1353 3781 1531 3856 spinis
1553 3798 1620 3840 ac
1641 3783 1863 3841 tribulis
1887 3799 2024 3840 con-

437 3873 567 3931 ferti
597 3874 791 3940 simus,
833 3873 1093 3930 virtutem
1137 3890 1204 3933 ac
1249 3874 1556 3946 spiritalem
1587 3876 1875 3939 scientiam
1921 3891 2025 3933 nos

439 3965 646 4026 habere
676 3965 1029 4022 conﬁdimus.

511 4057 598 4114 46.
626 4055 728 4121 Hie
761 4056 1060 4129 perfectius
1085 4058 1420 4121 charitatem
1449 4059 1747 4132 descripsit
1801 4076 1817 4114 :
1856 4060 2028 4116 duos-

441 4164 548 4221 que
583 4149 858 4214 denarios,
887 4149 1216 4212 cbaritatem
1262 4151 1320 4208 in
1378 4151 1552 4208 Deum
1612 4161 1670 4206 et
1710 4150 2024 4227 proximum

441 4239 655 4297 statuit.

2119 1798 2368 1870 ρὺτερον.
2411 1801 2508 1858 καὶ
2551 1800 2654 1873 ἠδη
2701 1799 2894 1858 παθεῖν
2922 1799 3021 1870 τὴν
3065 1799 3470 1868 πνευματικὴν
3499 1798 3717 1864 ἀγάπην

2116 1887 2614 1958 ὑπολαμϐάνοντες.

2190 1987 2263 2052 μ’.
2301 1982 2456 2052 Ἔχει
2488 1999 2573 2045 τις
2598 1981 2769 2045 πάθος
2799 1980 3164 2047 πολεονεξίαςο
3192 1979 3259 2032 οὒ
3283 1979 3475 2032 δεῖται
3493 1978 3555 2036 δὲ
3576 1978 3721 2031 πλεο

2115 2073 2357 2137 νεκτεῖν;
2387 2073 2435 2126 εἰ
2463 2073 2619 2132 λάϐοι
2639 2071 2872 2146 δύναμιν
2898 2072 3268 2136 πλεονεκτεῖν,
3295 2071 3478 2138 εὐθὺς
3509 2070 3718 2142 ἐξελέγ-

2115 2179 2290 2234 χεταιο
2331 2163 2426 2222 καὶ
2464 2163 2626 2218 τοῦτο
2665 2163 2844 2236 δῆλον.

2188 2345 2298 2409 μα’.
2329 2338 2472 2410 Ὅρα
2521 2336 2627 2392 ποῦ
2654 2336 2731 2406 τῷ
2767 2337 3141 2409 μακροθυμεῖν
3188 2336 3288 2390 καὶ
3325 2334 3444 2389 ποῦ
3485 2335 3572 2406 τῷ
3606 2335 3720 2389 ὑπο-

2117 2429 2301 2499 μένειν
2327 2431 2620 2501 χρηστέον.
2658 2430 2779 2488 Κᾶν
2812 2430 2924 2500 γὰρ
2961 2431 3132 2500 ἄμφω
3164 2429 3264 2482 ἐπὶ
3294 2429 3418 2485 τῶν
3447 2428 3721 2484 ἀκουσίων

2113 2519 2344 2591 λέγηται
2389 2519 2736 2591 πειρασμῶν
2789 2521 2904 2574 ἀλλ’
2963 2521 3013 2574 oi
3071 2519 3334 2574 ἀκούσιοι
3390 2519 3482 2583 εἰς
3538 2519 3720 2586 λόγους

2113 2610 2484 2683 διαιρούμενοι
2527 2613 2623 2671 καὶ
2679 2612 2916 2685 πληγὰς,
2957 2613 3336 2678 ωνδιαιροῦσι
3393 2613 3505 2668 καὶ
3557 2610 3719 2668 ταῦτα

2114 2705 2228 2765 τοῖς
2268 2701 2552 2771 βλέπουσι.
2675 2707 2692 2712 ”

2193 2877 2303 2952 μβ’.
2337 2879 2462 2932 Ὀτι
2488 2876 2555 2932 δι’
2585 2877 2916 2949 ἐγκρατείας
2944 2877 3038 2932 καὶ
3061 2876 3311 2958 ἀγάπης,
3337 2877 3376 2951 ἢ
3399 2876 3537 2932 κατ’
3567 2874 3710 2947 ἐνέρ-

2045 2992 2088 3051 c
2120 2987 2276 3039 γειαν
2302 2971 2484 3041 ἀγαθὴ
2508 2970 2710 3040 γνῶσις
2739 2970 3032 3038 ἐγγίνεται.

2195 3059 2304 3132 μγ’.
2331 3062 2444 3116 Καὶ
2467 3061 2522 3114 τί
2551 3060 2814 3132 ληροῦσιν
2841 3062 3106 3132 ἐμπαθεῖς
3129 3078 3275 3124 τινες
3309 3059 3605 3130 ἄνθρωποι
3632 3060 3715 3111 καὶ

2123 3153 2426 3223 ὑψαύχενες
2455 3153 2657 3221 γνῶσιν
2691 3153 2834 3223 ἔχειν
2887 3153 3346 3226 ἀλαζονευόμενοι
3376 3153 3540 3206 θείαν
3567 3172 3583 3219 ;
3631 3150 3714 3215 Ἓξ

2121 3244 2426 3317 ἐμπαθείας
2449 3243 2560 3318 γάρ
2582 3244 2681 3299 καὶ
2710 3243 3015 3316 ἐπάρσεως.

2199 3429 2304 3501 μδθ.
2354 3428 2413 3482 ὐ
2460 3427 2518 3483 δὲ
2567 3427 2748 3483 δοκῶν
2801 3427 2905 3500 ἠδη
2959 3426 3356 3496 κατειληφέναι
3410 3429 3513 3482 καὶ
3553 3427 3712 3498 ma.

2125 3525 2366 3593 ἀγνοεῖν,
2416 3521 2572 3590 δῆλον
2601 3522 2678 3586 ὡς
2705 3521 2930 3592 ἀγάπην
2965 3521 3068 3575 οὐκ
3120 3520 3256 3592 ἔχει.
3309 3520 3410 3593 Μὴ
3445 3520 3596 3592 ἔχων
3636 3519 3708 3583 ἃ,

2127 3615 2248 3678 πῶς
2274 3614 2544 3688 προκόψει
2571 3615 2652 3678 είς
2675 3613 2882 3684 γνῶσιν
2912 3631 2930 3682 ;

2200 3792 2305 3858 με’.
2345 3785 2614 3852 ’Δκάνθας
2661 3785 2877 3857 ἔχοντες
2914 3786 3011 3844 καὶ
3052 3785 3339 3856 τριϐόλους
3387 3784 3593 3848 κακίαις
3618 3784 3708 3838 καὶ

2126 3879 2425 3948 ἀγνωσίας·
2452 3879 2657 3951 ἀρετὴν
2689 3880 2984 3952 ἐλπίζομεν
3010 3878 3156 3950 ἐχειν
3179 3879 3277 3936 καὶ
3304 3877 3520 3947 γνῶσιν
3551 3895 3707 3936 πνεν-

2170 3985 2386 4023 ατικην.

2170 3985 2258 4022 ατι
2339 3986 2386 4023 ν.

2128 3985 2167 4038 μ
2196 3969 2332 4130 tu;
2350 4057 2712 4129 Τελειώτερον
2743 4052 2844 4114 ὧδε
2891 4057 2992 4130 τὴν
3043 4057 3268 4128 ἀγάπην
3303 4035 3702 4127 ὗπεζωγρᾶφη-

2127 4168 2208 4203 σεο
2248 4151 2342 4203 καὶ
2379 4151 2446 4203 τά
2503 4148 2596 4202 δύο
2644 4147 2896 4220 δηνάρια,
2927 4149 3028 4221 τὴν
3058 4151 3138 4214 είς
3182 4148 3276 4203 τὸν
3299 4148 3440 4202 Θεὸν
3475 4149 3576 4203 καὶ
3619 4149 3705 4202 τὸν

2127 4241 2356 4311 πλησίον
2396 4241 2618 4310 ἀγάπην
2651 4239 2917 4308 ὑπέφηνε.
2953 4291 2956 4295 .

507 4329 599 4384 47.
627 4331 687 4392 In
713 4332 1108 4389 emundatione
1135 4334 1314 4390 tribus
1338 4334 1589 4408 partibus
1609 4335 1798 4394 divisa:
1829 4336 2013 4394 anima

2207 4329 2314 4400 μζ.
2350 4329 2474 4384 Ὅτι
2510 4331 2570 4383 ἐν
2605 4331 2672 4401 τῇ
2705 4329 2970 4402 καθάρσει
2997 4329 3098 4398 τῆς
3135 4327 3438 4401 τριμεροῦς
3469 4328 3573 4400 τῆς
3604 4331 3699 4398 1.0-

441 4421 742 4488 facultatis,
772 4421 978 4478 Christi
1005 4423 1289 4484 scientiam
1311 4427 1578 4495 praestari.

511 4511 602 4568 48.
629 4511 954 4568 Necessario
969 4513 1064 4582 qui
1089 4514 1281 4576 mundi
1306 4529 1396 4569 res
1417 4515 1607 4572 colunt
1623 4515 1813 4589 eisque
1839 4518 2026 4577 animo

443 4599 650 4663 addicti
685 4603 844 4668 sunt,
879 4611 1126 4658 sanctam
1183 4603 1513 4664 charitatem
1574 4607 1870 4675 amittunt;
1919 4611 2022 4666 im-

441 4692 820 4765 placabileque
847 4693 1037 4754 odium
1065 4709 1194 4768 erga
1223 4696 1584 4767 contribules,
1618 4713 1810 4758 carum
1832 4716 2022 4770 causa,

443 4785 670 4842 habent.

510 4875 685 4934 49.1η
717 4878 965 4950 utrisque
1001 4887 1227 4939 sanctus
1274 4882 1580 4940 monachus
1619 4883 1897 4942 Cedouius
1931 4904 2022 4944 cn-

444 4966 709 5028 lumniam
733 4983 925 5038 passus
952 4975 1070 5024 est:
1100 4969 1197 5040 qui
1229 4979 1413 5026 tamen
1436 4970 1505 5028 ad
1543 4972 1717 5032 Deum
1756 4972 2025 5032 Susanna).

446 5058 724 5130 respiciat,
756 5059 942 5118 divina
972 5061 1369 5120 corroboratur
1393 5079 1510 5136 spe.

517 5146 606 5204 50.
633 5147 737 5222 Qui
757 5149 926 5208 servit
962 5150 1184 5208 all‘ectui
1237 5167 1301 5208 ac
1343 5151 1582 5220 libidini,
1625 5171 1802 5215 cmcus
1839 5156 2024 5214 animo

447 5245 564 5298 est;
605 5239 924 5314 habensque
967 5242 1306 5302 obcaecatum
1339 5244 1632 5316 judicium,
1686 5249 1948 5310 virtutem
1992 5265 2022 5305 a

450 5327 590 5389 vitio
610 5332 926 5392 discernere
949 5350 1059 5392 non
1081 5344 1279 5407 potest.

2063 5547 2123 5565 —

2126 4423 2225 4492 χῆς
2257 4421 2562 4492 δυνάμεως.
2599 4422 2634 4492 ἠ
2665 4420 2867 4489 γνῶσις
2893 4420 2986 4474 τοῦ
3030 4419 3268 4490 Χριστοῦ
3302 4420 3634 4488 ἐπιγίνεται.

2120 4507 2123 4510 ί
2199 4521 2309 4585 μη’-
2342 4513 2556 4578 "On-te
2589 4515 2838 4584 ἀνάγκης
2867 4513 2919 4568 oi
2946 4513 3013 4567 τά
3035 4513 3129 4568 τοῦ
3161 4513 3371 4582 κόσμου
3407 4512 3694 4582 περιέπειν.

2124 4622 2214 4669 τες
2248 4606 2569 4676 πράγματα,
2625 4605 2726 4676 τῆς
2772 4605 2936 4675 ἀγίας
2971 4605 3196 4674 ἀγάπης
3237 4603 3586 4660 ἐκπίπτωσι·
3613 4601 3699 4657 καὶ

2128 4698 2286 4766 μῖσος
2316 4695 2386 4750 δι’
2433 4695 2574 4751 σθ·τά
2609 4695 2746 4768 πρὸς
2788 4697 2919 4760 τοὺς
2957 4695 3267 4767 ὁμοφύλους
3293 4695 3698 4750 ἀκατάλλακτον

2127 4789 2331 4860 ἔχουσι.

2206 4880 2313 4954 μθ’.
2358 4881 2445 4932 Ἐν
2497 4880 2831 4951 ἀμφοτέροις
2877 4881 2906 4934 ὁ
2945 4878 3102 4948 ἀγιος
3156 4878 3390 4950 μοναχδς
3446 4877 3695 4949 Κηδόνιος

2131 4974 2549 5043 σεσυκόφανται·
2597 4975 2679 5040 είς
2711 4974 2804 5027 τὸν
2855 4974 2954 5043 τῆς
2999 4973 3291 5044 Σωσάννης
3314 4973 3449 5032 Θεὸν
3473 4972 3697 5033 ἀποϐλέ-

2131 5083 2268 5128 πων,
2303 5067 2422 5128 ταῖς
2469 5065 2643 5129 θείαις
2670 5064 2852 5118 ἐλπίσι
2883 5063 3203 5134 ρωννὺετιι.

2195 5162 2259 5211 ν’.
2287 5156 2408 5209 Ὀτι
2438 5156 2466 5208 ὁ
2484 5154 2647 5208 πάθει
2670 5151 3296 5224 δουλεύων,πεπήρωται
3317 5153 3420 5223 τὴν
3439 5151 3692 5212 διάνοιαν.

2129 5247 2224 5301 καὶ
2250 5247 2451 5317 τυφλὸν
2482 5249 2797 5320 περιφέρων
2828 5247 3123 5318 διάκρισιν,
3159 5246 3224 5300 οὐ
3245 5245 3472 5304 δύναται
3491 5240 3692 5312 w-

2129 5356 2218 5394 ναι
2250 5339 2310 5394 τὸ
2340 5342 2588 5414 κρεῖττον
2636 5340 2744 5395 ἀπὸ
2772 5337 2868 5393 τοῦ
2911 5340 3174 5411 χείρονος.

3581 234 3799 316 nsol
