3876 6314
164 317 304 386 1085

1006 315 1341 377 CAPITUM
1379 315 1647 376 THEOL.
1698 316 1792 375 ET
1831 317 2066 377 (ECON.
2109 316 2500 380 CENTURIA
2530 322 2580 383 Ι.

3292 315 3430 380 1086

80 504 83 505 ν
164 430 386 486 habitus
429 426 668 496 denique
725 428 905 481 omnis
956 428 1295 497 Operationis
1371 444 1467 483 seu
1536 429 1772 483 actionis
1842 429 2031 483 etIicax
2083 446 2145 484 ac
2199 430 2548 487 immortalis.
2598 433 2799 503 Atque,
2838 424 2910 486 ut
2954 446 3168 487 summa
3226 429 3427 492 dicam,

162 525 345 581 omnis
374 521 694 578 substantiae
722 535 818 575 seu
840 522 1111 587 essentia,
1137 531 1195 577 et
1239 523 1497 592 potentiae
1529 530 1584 576 et
1614 520 1973 591 operationis,
2028 521 2401 592 principiique
2444 533 2501 577 et
2561 524 2730 580 medii
2787 532 2843 579 et
2903 523 3029 577 ﬁnis
3058 538 3153 577 seu
3208 521 3429 577 termini

161 633 328 671 causa
372 615 638 670 effectrix.

235 715 295 760 ε’.
336 707 399 759 Ἦ
435 707 581 777 ἀρχὴ
607 709 698 761 καὶ
729 710 760 779 ἡ
790 676 1025 793 ¹μεσότης
1052 708 1145 760 καὶ
1179 707 1239 759 τὸ
1264 706 1435 769 τέλος,
1469 704 1576 758 τῶν
1614 704 1735 774 χρό-
1764 752 1769 764 .

1909 704 1960 757 5.
1999 704 2357 773 Principium,
2382 704 2625 759 medium
2646 714 2701 759 et
2724 704 2868 770 ﬁnis,
2898 712 3040 758 notae
3062 711 3190 758 sunt
3207 716 3424 756 eorum:

160 816 238 867 νῳ
263 799 546 868 διαιρετῶν
578 802 684 851 εἱσι
723 800 1098 869 γνωρίσματα·
1132 799 1274 851 εἴποι
1304 799 1348 851 δ’
1398 799 1464 850 ἄν
1496 815 1579 858 τις
1610 798 1741 865 ἀλη-

160 884 355 946 θεύων,
398 883 630 935 καὶτῶν
658 887 714 936 ὲν
751 885 907 937 αἰῶνι
937 885 1354 954 συνορωμένων.
1406 884 1463 935 'U
1500 882 1597 953 μὲν
1630 883 1739 953 γὰρ

158 974 375 1044 χρόνος,
415 976 789 1045 μετρουμένην
824 974 963 1046 ἔχων
986 976 1084 1047 τὴν
1115 976 1350 1044 κίνησιν,
1392 974 1611 1044 ἀριθμῷ
1642 992 1739 1028 πε-

162 1066 515 1135 ριγρόιφεται⁸
556 1066 583 1117 ὁ
630 1064 767 1118 αἰὼν
818 1065 875 1118 δὲ
936 1066 1428 1137 συνεπινοουμένην
1482 1066 1620 1136 ἔχων
1670 1067 1734 1135 τῇ

158 1155 393 1225 ὑπάρξει
438 1155 535 1225 τὴν
566 1156 692 1208 πότε
724 1157 1080 1227 κατηγορίαν,
1109 1157 1304 1226 πάσχει
1332 1156 1632 1223 διάστασιν,
1661 1157 1737 1222 ὡς

156 1245 336 1314 ἀρχὴν
382 1244 478 1297 τοῦ
511 1241 651 1298 εἶναι
696 1246 894 1301 λαόών.
935 1249 999 1300 Εἰ
1024 1248 1078 1301 δὲ
1120 1248 1310 1317 χρόνος
1338 1251 1433 1302 καὶ
1469 1250 1604 1304 αἰὼν
1635 1252 1734 1306 οὑκ

155 1339 395 1407 ἄναρχα,
435 1337 616 1407 πολλῷ
650 1339 850 1409 μᾶλλον
888 1340 956 1393 τὰ
1000 1342 1058 1393 ὲν
1097 1340 1307 1404 τούτοις
1338 1345 1729 1413 περιεχόμενα.

1847 806 1970 862 qua:
2001 804 2246 864 tempore
2278 796 2501 850 dividua
2527 805 2692 863 sunt;
2724 811 2828 851 nec
2872 812 2902 849 a
2935 811 3067 850 vero
3088 793 3427 849 aberraverit

1846 884 1941 952 qui
1966 884 2134 949 dicat,
2160 886 2328 939 etiam
2353 900 2545 939 eorum
2590 902 2713 956 qua:
2752 888 2805 940 in
2834 902 2949 941 :evo
2983 901 3046 940 ac
3079 886 3277 939 saeculo
3306 898 3427 938 esse

1845 975 2254 1047 intelliguntur.
2312 979 2448 1033 Nam
2492 986 2709 1048 tempus
2750 979 2995 1049 quidem,
3041 980 3199 1049 cujus
3248 984 3427 1029 motus

1842 1079 2075 1119 numero
2132 1076 2507 1131 mensuretur,
2559 1066 2676 1120 suis
2731 1066 2985 1121 terminis
3013 1062 3424 1120 circumscribi-

1806 1156 1809 1159 ’
1844 1170 1954 1216 tur.
2013 1159 2210 1215 [Evum
2256 1168 2438 1213 autem
2485 1175 2580 1214 seu
2606 1160 2885 1222 saeculum,
2919 1160 3075 1229 cujus
3094 1156 3426 1213 exsistentiae

1841 1254 2332 1325 [medicamentum
2368 1252 2591 1322 quando
2615 1267 2798 1316 comes
2835 1252 3192 1322 intelligatur,
3218 1250 3425 1304 distan-

1840 1347 1972 1401 tiam
2026 1346 2287 1411 admittit,
2323 1361 2420 1400 seu
2462 1360 2551 1399 res
2590 1344 2882 1414 ejusmodi,
2920 1361 3042 1414 quae
3087 1358 3209 1399 esse
3246 1343 3420 1395 inca:-

154 1433 327 1501 perit.
359 1431 456 1486 Sin
484 1441 670 1487 autem
700 1450 770 1488 ne
796 1443 1010 1505 tempus
1041 1436 1265 1506 quidem
1288 1451 1352 1490 ac
1387 1452 1563 1491 aevum
1594 1439 1868 1510 principio
1906 1449 2126 1507 vacant,
2180 1441 2383 1510 potiori
2448 1443 2609 1511 longe
2679 1441 2889 1494 ratione
2928 1454 3030 1492 nec
3056 1454 3118 1492 ea
3172 1450 3293 1506 qum
3315 1434 3424 1489 illis

156 1522 731 1590 comprehenduntur.

229 1620 309 1679 ς’.
346 1610 442 1677 Εἷς
488 1616 581 1668 καὶ
624 1617 784 1687 μόνος
813 1618 955 1671 κατὰ
984 1618 1145 1686 φύσιν
1176 1620 1262 1673 ἀεὶ
1290 1620 1498 1690 κυρίως
1535 1622 1680 1675 ἐστὶν
1705 1623 1735 1674 ὁ

154 1704 314 1769 Θεὸς,
343 1706 464 1759 ὅλον
490 1706 553 1760 τὸ
581 1709 784 1777 κυρίως
814 1705 953 1763 εἶναι
978 1710 1120 1763 κατὰ
1154 1712 1331 1764 πάντα
1371 1712 1572 1783 τρόπον
1603 1714 1734 1766 ἐαυ-

154 1797 234 1867 τῷ
272 1814 340 1850 πε
351 1797 620 1867 ρικλείων,
646 1799 722 1861 ὡς
754 1800 846 1853 καὶ
872 1801 1035 1855 αὑτοῦ
1054 1802 1144 1854 τοῦ
1173 1798 1310 1856 εἶναι
1334 1804 1537 1872 κυρίως
1566 1804 1735 1875 ὑπέρ-

154 1905 341 1960 τερος.
394 1891 455 1941 Εἰ
486 1888 541 1943 δὲ
575 1890 748 1953 τοῦτο,
782 1891 1036 1961 οὐδαμῶς
1062 1893 1211 1946 οὐδὲν
1245 1894 1481 1964 οὐδαμοῦ
1517 1895 1591 1964 (a)
1629 1896 1735 1948 τῶν

157 1977 305 2032 εἶναι
333 1980 642 2049 λεγομένων
685 1981 746 2033 τὸ
802 1981 1019 2035 σύνολον
1052 1983 1165 2052 ἔχει
1217 1982 1299 2049 τὸ,
1335 1987 1541 2055 κυρίως
1578 1981 1736 2039 εἶναι.

159 2070 377 2122 Οὐκοῦν
404 2070 558 2123 οὐδὲν
580 2070 728 2140 αὑτῷ
750 2072 811 2123 τὸ
843 2072 1104 2140 παράπαν
1131 2070 1189 2136 ἐξ
1220 2073 1390 2126 ἀϊδίου
1418 2073 1740 2145 συνθεωρεῖ-

159 2177 250 2214 ται
286 2163 412 2215 κατ’
440 2163 629 2215 οὐσίαν
657 2164 936 2232 διάφορον·
971 2165 1071 2216 οὑκ
1101 2164 1254 2227 αἰὼν,
1290 2165 1349 2216 οὑ
1382 2166 1593 2236 χρόνος,
1622 2166 1743 2218 οὐδέ

162 2271 211 2306 τι
250 2255 365 2307 τῶν
404 2254 616 2317 τούτοις
659 2255 1112 2325 ἐνδιαιτωμένων.
1147 2257 1220 2309 Οὐ
1271 2254 1381 2327 γὰρ
1416 2256 1743 2326 συμϐαίνου-

164 2366 248 2402 σιν
306 2348 559 2419 ἀλλήλοις
609 2347 850 2413 πώποτε,
885 2348 946 2402 τὸ
996 2339 1201 2419 κυρίως
1249 2343 1390 2401 εῖναι
1434 2349 1528 2404 καὶ
1553 2348 1612 2402 οὐ
1645 2366 1744 2401 κυ-

165 2441 300 2512 ρίως
311 2482 324 2495 .

235 2707 307 2772 ζ’.
359 2705 530 2777 Ἀρχὴ
557 2705 707 2757 πᾶσα
748 2704 841 2756 καὶ
882 2702 1116 2774 μεσότης
1145 2704 1240 2755 καὶ
1284 2701 1457 2765 τέλος,
1490 2702 1571 2763 εἰς
1602 2699 1747 2753 διπαν

167 2802 265 2872 τὴν
300 2797 558 2868 σχετικὴν
582 2797 645 2849 δι’
682 2796 803 2849 ὅλου
836 2795 1175 2865 κατηγορίαν
1202 2795 1301 2846 οὑκ
1325 2794 1578 2863 ἤρνηταιο
1616 2790 1748 2852 Θεὸς

167 2894 222 2948 δὲ
252 2892 491 2946 καθόλου
521 2890 702 2959 πάσης
730 2888 965 2959 σχέσεως
993 2887 1256 2958 ὑπάρχων
1286 2885 1575 2955 ἀπειράκις
1595 2883 1750 2936 ἀπεί-

173 3002 277 3055 ρως
309 2981 604 3052 ἀνώτερος,
645 2979 767 3033 οὗτε
816 2979 959 3050 ἀρχὴ
1001 2977 1123 3030 οὔτε
1169 2979 1399 3047 μεσότης
1442 2975 1563 3029 οὕτε
1596 2974 1748 3038 τέλος

169 3075 398 3133 εἰκότως
431 3070 580 3123 ἐστίν
601 3086 613 3099 ·
644 3068 762 3122 οὑδέ
799 3086 852 3120 τι
904 3068 965 3120 τὸ
1004 3067 1223 3119 σύνολον
1258 3066 1464 3136 ἕτερον,
1494 3066 1622 3129 τῶν,
1668 3061 1749 3128 οἷς

173 3159 561 3229 ἐνθεωρεῖσθαι
596 3158 737 3212 κατὰ
781 3157 880 3226 τὴν
917 3158 1101 3227 σχέσιν
1134 3158 1165 3226 ἡ
1194 3154 1287 3208 τοῦ
1321 3157 1469 3222 πρός
1506 3170 1562 3208 τι
1586 3153 1746 3207 δύνα-

169 3270 257 3307 ται
284 3251 616 3323 κατηγορία.

248 3558 315 3618 η’.
352 3549 545 3603 Πάντα
593 3546 659 3598 τὰ
695 3545 844 3608 ὄντα,
880 3544 1149 3612 νοούμενα
1200 3540 1458 3608 λέγεταιο
1512 3536 1620 3590 τῶν
1661 3533 1749 3586 ἐπ’

179 3642 321 3696 αὑτὰ
356 3638 613 3709 γνὼσεων
642 3635 1055 3695 ὲναποδείκτους
1102 3632 1296 3702 ἔχοντα
1347 3630 1449 3692 τὰς
1492 3627 1686 3698 ἀρχάς·
1723 3626 1751 3677 ὁ

181 3733 236 3785 δὲ
257 3731 412 3793 Θεὸς,
443 3729 503 3782 οὑ
537 3725 826 3796 νοούμενος
855 3724 1202 3792 ὀνομάζεται·
1241 3720 1354 3773 ἀλλ’
1379 3718 1580 3771 ὲκντῶν
1601 3733 1752 3769 νοου-

187 3823 364 3893 μένων
427 3799 588 3890 μόνον
629 3813 769 3871 εἶναι
825 3813 1172 3869 πιστεύεταιι
1222 3812 1410 3879 διόπερ
1453 3807 1604 3860 οὐδὲν
1643 3806 1753 3859 τῶν

182 3914 491 3984 νοουμένων
528 3910 680 3981 αὑτῷ
711 3909 832 3963 καθ’
865 3906 1045 3962 ὁτιοῦν
1081 3903 1510 3975 παραϐάλλεται.

256 4160 320 4212 θ’.
340 4157 407 4211 Αἱ
442 4156 550 4210 τῶν
577 4154 747 4211 ὄντων
773 4150 1020 4221 γνώσεις,
1052 4145 1489 4219 συνηρτημένους
1511 4141 1756 4213 φυσικῶς

186 4250 368 4320 ἔχουσι
401 4247 540 4318 πρὸς
574 4242 852 4308 ἀπόδειξιν
877 4244 1001 4309 τοὺς
1031 4239 1263 4301 οἰκείους
1302 4237 1517 4304 λόγους,
1547 4228 1628 4297 οἷς
1658 4249 1755 4285 πε-

188 4342 469 4414 ριγραφὴν
505 4337 751 4408 φυσικῶς
782 4336 1163 4405 ὑπομένουσινο
1195 4334 1220 4384 ὁ
1250 4331 1305 4383 δὲ
1333 4330 1486 4393 Θεὸς,
1521 4327 1610 4380 διὰ
1647 4325 1757 4377 τῶν

187 4440 381 4500 ἐντοῖς
428 4432 549 4488 οὖσι
581 4434 754 4502 λόγων
803 4428 943 4484 εἶναι
990 4429 1151 4499 μόνον
1195 4423 1526 4478 πιστεύεται·
1576 4420 1758 4489 πάσης

189 4528 521 4591 ἀποδείξεως
567 4523 964 4597 βασιμὼτερον,
1000 4524 1110 4583 τοῖς
1149 4517 1400 4572 εὑσεόἐσι
1429 4515 1525 4586 τὴν
1551 4514 1634 4567 ὅτι
1660 4530 1758 4566 κυ-

1910 1622 1962 1678 6.
2033 1621 2186 1678 Unus
2225 1623 2487 1694 solusque
2535 1639 2633 1691 per
2665 1630 2917 1677 naturam
2954 1634 3170 1689 semper
3199 1634 3328 1673 vere
3359 1633 3422 1673 ac

1840 1714 2062 1783 proprie
2111 1722 2198 1768 est
2232 1714 2398 1777 Deus,
2445 1714 2566 1783 ejus
2618 1713 2765 1783 quod
2791 1719 2875 1766 est
2907 1726 3026 1765 esse
3057 1710 3165 1762 vim
3202 1724 3418 1763 onmem

1841 1804 1992 1858 omni
2036 1804 2200 1859 modo
2243 1805 2301 1859 in
2336 1821 2395 1860 se
2442 1804 2781 1859 concludens
2823 1818 2887 1857 ac
2926 1800 3419 1870 comprehenderis,

1843 1904 1903 1950 ut
1943 1896 2037 1966 qui
2084 1897 2203 1967 ipso
2252 1911 2375 1952 esse
2424 1912 2556 1951 vere
2599 1895 2934 1966 proprieque
2982 1894 3238 1948 emineat.
3266 1892 3418 1958 Quod

1844 1988 1906 2063 si
1939 1989 2014 2043 ita
2066 1996 2171 2052 est,
2224 1987 2365 2041 nihil
2422 2003 2654 2057 prorsus
2683 1996 3008 2050 esteorum,
3046 2001 3168 2053 quae
3197 1983 3423 2037 omnino

1812 2082 1963 2135 'esse
2009 2064 2289 2145 dicuntur,
2341 2079 2489 2149 quod
2516 2094 2648 2133 vere
2697 2093 2760 2132 ac
2801 2077 3023 2146 pr0prie
3051 2090 3171 2129 esse
3201 2074 3419 2129 habeat.

1842 2168 1987 2222 Nihil
2029 2169 2211 2237 itaque
2258 2168 2480 2238 penitus
2523 2168 2592 2221 ab
2635 2175 2864 2231 aeterno,
2914 2165 3166 2220 essentite
3210 2165 3425 2218 ratione

1844 2258 2187 2321 distinctum,
2240 2274 2348 2313 una
2397 2274 2521 2313 cum
2565 2258 2659 2312 illo
2690 2273 2751 2312 ac
2793 2258 2943 2311 velut
2985 2256 3036 2310 ei
3083 2254 3301 2309 essendi
3331 2269 3424 2309 co-

1845 2366 1980 2415 mes,
2029 2350 2352 2421 intelligitur
2405 2368 2419 2403 :
2460 2365 2570 2404 non
2607 2364 2783 2404 aevum
2837 2364 2933 2403 seu
2981 2346 3263 2407 saeculum,
3313 2360 3420 2398 non

1844 2456 2035 2494 eorum
2060 2440 2263 2509 aliquid
2287 2455 2410 2508 quae
2427 2439 2481 2493 in
2503 2438 2612 2493 illis
2633 2446 2944 2493 versantur.
2964 2436 3253 2504 Nunquam
3276 2433 3421 2487 enim

1846 2529 1962 2594 ﬁat,
1998 2537 2058 2582 ut
2090 2543 2211 2582 esse
2243 2543 2373 2581 vere
2413 2535 2468 2581 et
2517 2526 2762 2596 proprie,
2808 2533 2865 2578 et
2895 2540 3004 2577 non
3047 2537 3177 2576 vere
3206 2536 3269 2575 ac
3297 2535 3426 2591 pro-

1846 2620 1963 2688 prie
2013 2634 2156 2678 esse,
2206 2618 2540 2672 conveniant
2594 2633 2658 2671 ac
2701 2623 3053 2671 concurrant.

1914 2707 2075 2777 463
2112 2709 2164 2761 7.
2190 2706 2413 2760 Nullum
2445 2690 2801 2776 principium,
2831 2704 3154 2771 nullumque
3183 2699 3424 2754 medium

1847 2808 1943 2854 aut
1973 2800 2117 2864 ﬁnis,
2162 2812 2381 2852 omnem
2428 2796 2651 2866 penitus
2711 2794 3118 2855 habitudinem,
3155 2807 3248 2846 seu
3290 2791 3429 2844 rela-

1848 2888 2074 2947 tionem,
2110 2887 2238 2956 quia
2269 2886 2374 2939 alia
2399 2885 2521 2939 aliis
2539 2890 2951 2952 comparentur,
2987 2880 3250 2935 excludit.
3282 2879 3428 2933 Deus

1850 2994 1983 3033 vero
2019 2978 2113 3047 qui
2166 2977 2429 3031 inﬁnities
2474 2975 2687 3029 inﬁnite
2731 2974 2882 3029 omni
2933 2973 3156 3042 penitus
3202 2970 3429 3024 habitu-

1849 3068 1963 3122 dini
2011 3084 2075 3123 ac
2109 3068 2364 3123 relationi
2414 3067 2675 3131 emineat,
2723 3066 2921 3121 merito
2952 3079 3055 3118 nec
3096 3061 3425 3133 principium

1850 3175 2029 3229 neque
2079 3161 2320 3214 medium
2374 3174 2553 3228 neque
2588 3158 2713 3213 ﬁnis
2765 3157 2973 3212 exsistit
3020 3171 3174 3209 :nec
3204 3166 3429 3223 prorsus

1776 3264 1817 3321 (ξ
1851 3253 1999 3307 aliud
2052 3253 2333 3321 quidpiam
2391 3267 2604 3315 eorum,
2652 3251 2706 3304 in
2765 3249 2966 3318 quibus
3010 3247 3226 3317 parium
3276 3258 3426 3296 com-

1854 3345 2158 3414 paratione,
2208 3359 2373 3413 quam
2422 3350 2621 3397 vocant
2663 3342 2733 3395 ad
2768 3339 2991 3412 aliquid,
3047 3335 3317 3408 categoria
3350 3333 3431 3389 in-

1859 3434 2027 3506 telligi
2085 3434 2281 3505 possit.

1928 3527 1982 3580 8.
2024 3526 2132 3580 Res
2174 3539 2366 3579 omnes
2393 3532 2557 3593 atque
2590 3522 2759 3584 entia,
2792 3535 2856 3574 ea
2885 3518 3165 3580 dicuntur,
3197 3531 3317 3585 quae
3348 3515 3431 3569 in-

1857 3618 2212 3688 telliguntur;
2245 3632 2367 3686 quae
2397 3616 2607 3670 scilicet
2635 3628 2848 3677 eorum,
2885 3625 3008 3679 quae
3046 3608 3119 3685 de
3143 3608 3252 3661 illis
3279 3617 3427 3673 sunt,

1857 3710 2143 3763 notionum
2196 3707 2648 3762 demonstrabilia
2694 3703 2964 3772 principia
2995 3700 3251 3754 habeant.
3288 3698 3432 3753 Deus

1858 3800 2041 3853 autem
2084 3803 2131 3852 is
2173 3798 2398 3861 dicitur,
2447 3799 2542 3865 qui
2572 3811 2680 3850 non
2716 3795 3075 3862 intelligatur,
3129 3791 3222 3845 sed
3253 3806 3318 3843 ex
3346 3804 3432 3843 re-

1859 3888 1964 3942 bus
2004 3903 2126 3956 quaa
2162 3886 2565 3955 intelliguntur,
2606 3882 2951 3937 solummodo
2978 3896 3099 3935 esse
3138 3880 3427 3933 credatur:

1860 3978 2006 4048 quod
2063 3977 2327 4031 nimirum
2390 3992 2577 4031 earum
2626 3989 2812 4029 rerum
2855 3988 2975 4042 qua:
3029 3972 3429 4040 intelliguntur,

1860 4069 2011 4124 nulla
2048 4069 2162 4123 ullo
2211 4068 2376 4122 modo
2416 4082 2541 4121 cum
2577 4081 2646 4120 eo
2680 4070 3051 4133 comparetur.

1929 4158 1982 4212 9.
2024 4158 2227 4213 Rerum
2266 4156 2511 4211 scientia:
2541 4171 2605 4210 ac
2640 4153 2910 4216 notiones,
2946 4165 3218 4206 connexas
3243 4158 3436 4203 natura

1860 4254 2067 4323 quibus
2097 4251 2490 4307 demonstratio
2541 4249 2880 4310 instituatur,
2914 4260 3041 4299 suas
3070 4242 3311 4297 rationes
3339 4241 3438 4296 ha-

1862 4347 2026 4411 bent,
2076 4346 2278 4413 quibus
2345 4342 2559 4397 scilicet
2622 4347 2823 4394 natura
2858 4334 3436 4391 xcircumeribuntur:

1863 4438 2008 4491 Deus
2056 4446 2241 4491 autem
2295 4450 2395 4504 per
2421 4433 2665 4488 rationes
2700 4446 2823 4500 quae
2856 4435 2985 4486 sunt
3020 4428 3076 4482 in
3125 4426 3312 4486 rebus,
3346 4439 3438 4478 so-

1864 4529 2145 4583 lummodo
2189 4543 2312 4582 esse
2350 4525 2598 4581 creditur
2636 4522 2758 4577 :sic
2808 4531 3011 4582 tamen,
3060 4526 3123 4572 ut
3160 4515 3306 4587 omni
3335 4512 3439 4567 tir-

193 4616 322 4687 ρίως
361 4617 510 4668 ἐστὶν
536 4614 827 4685 ὁμολογίαν
866 4611 957 4664 καὶ
999 4611 1180 4664 πίστιν
1206 4607 1401 4670 διδούς.
1434 4606 1623 4665 Πίστις
1650 4602 1759 4671 γάρ

1864 4620 2095 4675 miorem
2126 4616 2619 4680 demonstratione,
2642 4629 2763 4668 eam
2790 4620 3029 4667 mentem
3064 4610 3171 4679 piis
3208 4608 3439 4676 ingerat,

193 4707 330 4768 ἐστι,
370 4706 571 4774 γνῶσις
610 4704 817 4774 ἀληθὴς
850 4700 1271 4761 ἀναποδείκτους
1301 4697 1501 4767 ἔχουσα
1537 4694 1634 4756 τὰς
1660 4694 1759 4761 ἀρ-

192 4794 314 4865 χὰς,
347 4795 422 4858 ὡς
448 4794 558 4847 τῶν
588 4792 727 4863 ὑπὲρ
766 4791 890 4845 νοῦν
930 4792 1023 4844 καὶ
1059 4789 1216 4857 λόγον
1264 4786 1586 4856 ὑπάρχουσα
1618 4800 1762 4854 πρα-

193 4886 423 4957 γμάτων
463 4887 783 4949 ὑπόστασις.

267 5159 322 5218 ι’.
368 5166 536 5238 Ἀρχὴ
564 5166 672 5219 τῶν
704 5166 873 5220 ὄντων
900 5166 996 5220 καὶ
1032 5164 1267 5237 μεσότης
1317 5162 1410 5217 καὶ
1440 5162 1591 5227 τέλος
1620 5163 1767 5217 ἐστὶν

254 5363 346 5445 .(a)
377 5363 660 5447 οὺᾷαμῶς
690 5363 872 5445 οὑᾷὲν
902 5364 1187 5444 οῠᾷαμοῦτ
1232 5362 1323 5417 Sic
1367 5377 1586 5485 ﬂuoque
1633 5362 1766 5443 locis

256 5450 322 5485 us
367 5435 649 5485 Maxumus.
682 5435 965 5485 fusmsnue
998 5451 1053 5485 1n
1083 5433 1283 5485 Ouzest.
1334 5448 1364 5485 a
1449 5431 1766 5485 Gretlonum

199 5431 334 5503 aliis"
367 5431 649 5498 Maximus,
682 5434 965 5503 fusiusque
998 5431 1059 5487 in
1083 5433 1283 5498 Quaest.
1334 5431 1767 5503 ad_Gregorium

201 5502 558 5573 Theologum.
590 5504 667 5559 Ac
706 5501 927 5572 quidem
970 5504 1015 5557 si
1063 5518 1244 5557 sermo
1283 5510 1368 5556 est
1402 5501 1470 5573 de
1498 5510 1769 5556 coaaterno

201 5571 444 5653 preprie',
472 5584 534 5653 _ut
566 5589 669 5653 nec
692 5571 978 5653 virtualem
1010 5572 1163 5641 quasi
1211 5571 1610 5653 successionem
1652 5573 1770 5651 ejus

202 5640 523 5698 exsistentia
564 5644 844 5710 admittat;
880 5643 960 5698 sic
992 5640 1201 5696 certum
1232 5648 1317 5695 est
1354 5640 1492 5694 nihil
1527 5641 1770 5708 potuisse

203 5723 324 5766 esse
356 5722 684 5770 coaeternum
712 5714 842 5770 Deo.
885 5713 980 5768 Sin
1012 5718 1193 5765 autem
1224 5711 1291 5767 dc
1322 5717 1598 5766 cowterno
1624 5711 1768 5781 quod

1865 4720 1930 4765 ut
1957 4726 2079 4765 esse
2114 4725 2240 4764 eum
2267 4724 2397 4763 vere
2421 4722 2486 4761 ac
2522 4704 2744 4775 proprie
2768 4702 2998 4758 credant
3032 4716 3097 4755 ac
3136 4697 3439 4757 conﬁtean-

1867 4811 1978 4857 tur.
2006 4802 2164 4856 Fides
2188 4815 2424 4869 namque
2454 4813 2583 4851 vera
2618 4796 2863 4866 cognitio
2896 4803 3002 4859 est,
3034 4793 3440 4847 indemonstra-

1864 4895 1994 4949 bilia
2041 4894 2253 4949 habens
2295 4890 2590 4962 principia,
2624 4898 2688 4943 ut
2715 4904 2837 4958 quae
2873 4902 3064 4942 earum
3102 4899 3282 4939 rerum
3315 4882 3444 4937 sub-

1863 4986 2062 5041 stantia
2091 4985 2338 5049 exsistat,
2361 4999 2481 5053 qnze
2507 4982 2615 5037 vim
2648 4995 2867 5035 omnem
2895 4977 3095 5032 mentis
3127 4991 3191 5030 ac
3214 4973 3443 5029 rationis

1864 5075 2161 5131 excedunt.

1938 5164 2024 5218 10.
2066 5164 2231 5227 Deus,
2273 5175 2458 5230 rerum
2501 5168 2557 5214 et
2590 5157 2942 5235 principium
2971 5165 3057 5213 est
3098 5163 3154 5211 et
3201 5153 3441 5210 medium

1867 5361 2174 5416 extrinsece
2205 5356 2495 5413 aeternitati
2529 5370 2653 5410 cum
2708 5351 2929 5407 virtuali
2964 5348 3312 5406 successione
3354 5364 3443 5403 re-

1868 5430 2154 5500 spondeat,
2175 5444 2284 5500 non
2314 5426 2471 5500 facile
2502 5426 2676 5500 evinci
2710 5430 2891 5500 potest
2926 5437 3032 5500 non
3061 5418 3305 5500 potuisse
3328 5432 3443 5500 [em

1868 5487 2107 5569 aliquam
2140 5487 2224 5552 vel
2259 5497 2523 5551 mundum
2559 5487 2743 5569 ipsum
2767 5492 2869 5569 _sic
2911 5492 2979 5569 ab
3020 5487 3227 5569 afterno
3259 5502 3291 5541 a
3331 5487 3444 5569 _Deo

1869 5558 2065 5631 creari,
2093 5569 2166 5623 ita
2194 5577 2255 5621 ut
2281 5582 2497 5636 semper
2520 5565 2572 5619 ei
2587 5558 2974 5636 'coexsisteret,
3006 5559 3085 5636 uti
3113 5566 3167 5611 et
3198 5558 3253 5611 in
3279 5564 3441 5611 aeter-

1868 5655 2002 5693 num
2032 5629 2127 5692 Dei
2156 5652 2384 5690 munere
2400 5629 2489 5690 'illi
2522 5633 2813 5689 coexsistet
2833 5673 2846 5695 ,
2879 5630 2997 5699 ipso
3028 5629 3083 5681 in
3113 5635 3442 5697 perpetuum

1870 5716 2248 5772 conscrvante,
2273 5706 2376 5760 etsi
2408 5706 2582 5762 libero
2615 5703 2835 5759 decreto
2868 5715 2932 5756 ac
2959 5699 3260 5756 voluntate.
