3876 6314
186 336 330 405 1089

1039 337 1379 398 CAPITUM
1414 335 1687 397 THEOL.
1730 337 1826 397 ET
1865 338 2103 398 (ECON.
2147 339 2538 402 CENTURIA
2577 336 2630 403 Ι.

3316 336 3456 404 1090

178 454 301 503 πᾶν
339 449 394 500 δὲ
420 449 551 509 τοῖς
577 444 853 516 ἑλομένοις
888 446 1060 516 αὐτὴν
1094 446 1297 514 ἀγαθὸν
1321 446 1766 517 δημιουργεῖται,

1874 447 2146 503 diabolica
2200 450 2483 516 domatur,
2527 459 2642 506 tum
2697 443 2904 505 bonum
2958 460 3143 513 omne,
3193 445 3304 514 his.
3360 450 3457 519 qui

176 538 283 592 καὶ
313 536 748 609 ἀραδιούργητον
776 535 1220 605 διαφυλάττεται.

254 725 354 783 ις’.
384 720 442 772 ’0
464 720 756 785 πιστεύων,
785 719 1050 789 φοϐεῖται’
1087 721 1114 772 6
1132 719 1187 772 δὲ
1209 718 1543 788 φοϐούμενος
1572 736 1771 771 ταπει-

195 806 412 863 νοῦται·
432 812 458 862 ὁ
475 809 531 861 δὲ
549 810 990 880 ταπεινούμενος,
1016 810 1341 879 πραΰνεται,
1368 808 1467 880 τὴν
1490 808 1597 862 τῶν
1616 808 1769 880 παρά

182 899 353 968 φύσιν
379 898 472 952 τοῦ
499 900 673 970 θυμοῦ
710 901 807 953 καὶ
849 900 948 968 τῆς
984 900 1282 970 ἐπιθυμίας
1316 902 1634 971 κινημάτων
1670 902 1764 954 ἀν⁴

180 992 485 1062 ινὲργητον
507 991 620 1057 ἕξιν
639 990 840 1044 λαϐὼν
865 994 892 1044 6
913 992 968 1043 δὲ
1007 991 1207 1061 πραῢς,
1233 995 1389 1062 τηρεί
1404 993 1502 1054 τάς
1527 991 1765 1056 ἐντολάς·

167 1084 276 1139 ὁδὶ
300 1083 485 1155 τηρῶν
516 1083 615 1147 τάς
643 1082 882 1147 ὲντολάς,
915 1084 1264 1153 καθαίρεται·
1295 1086 1323 1137 6
1351 1083 1412 1137 δὲ
1444 1083 1765 1153 καθαρθεὶς,

171 1175 539 1244 ὲλλάμπεταιο
562 1174 668 1228 όδὲ
688 1174 1038 1246 ἑλλαμφθεὶς,
1068 1176 1127 1228 ὲν
1158 1174 1237 1245 τῷ
1267 1175 1502 1245 ταμιείῳ
1530 1174 1636 1227 τῶν
1675 1192 1767 1245 μυ·

175 1267 422 1338 στηρίων
451 1266 698 1333 ἀξιοῦται
727 1266 807 1338 τῷ
837 1266 1058 1339 νυμφίῳ
1094 1267 1253 1337 Λόγῳ
1283 1266 1763 1337 συγκοιτασοῆναι.

258 1520 346 1587 ιζ’.
376 1522 589 1593 Ὠσπερ
612 1520 880 1593 γεωργὸς,
912 1521 1055 1593 ὑπὲρ
1082 1521 1178 1575 τοῦ
1215 1539 1270 1575 τι
1298 1521 1407 1576 τῶν
1434 1523 1642 1597 ἀγρίων
1669 1542 1766 1595 με·

176 1611 518 1685 ταφυτεῦσαι
542 1614 775 1685 δένδρων
798 1615 1105 1685 ἐπιτήδειον
1132 1615 1351 1671 σκοπῶν
1373 1616 1597 1688 χωρίον,
1616 1616 1766 1671 ἀνελ-

181 1706 363 1775 πίστῳ
406 1705 669 1778 θησαυρῷ
698 1706 1046 1777 περιπίπτει·
1082 1703 1227 1760 οὕτω
1257 1707 1351 1760 καὶ
1384 1710 1488 1771 πᾶς
1514 1708 1763 1778 ἀσκητὴς

182 1797 565 1867 ταπεινόφρων
611 1797 709 1851 κα)⁸
740 1797 1039 1863 ἄπλαστος,
1094 1798 1189 1851 καὶ
1235 1797 1379 1859 λεῖος
1421 1797 1562 1851 κατά
1586 1798 1764 1870 ψυχὴν
1799 1790 1837 1843 Β

182 1888 286 1957 τῆς
315 1886 505 1957 ὑλικῆς
534 1886 855 1957 δασύτητος,
901 1887 1045 1940 κα.τά
1073 1887 1164 1940 τὸν
1191 1888 1608 1959 μακαριώτατον
1656 1890 1763 1941 Ἰα-

184 1976 324 2045 κὼσ,
373 1978 479 2033 ὑπὸ
524 1977 617 2032 τοῦ
660 1979 871 2051 Πατρός
911 1978 1267 2051 ἐρωτώμενος
1316 1980 1417 2051 τῆς
1455 1983 1767 2053 ἐπιστήμης

181 2069 276 2124 τὸν
301 2069 523 2143 τρόπον·
556 2070 618 2123 Τί
661 2070 837 2124 τοῦτο
866 2070 899 2124 ὃ
943 2070 1094 2138 ταχὺ
1123 2066 1315 2138 εὗρες,
1359 2074 1609 2138 τέκνονη
1634 2074 1767 2124 ἀπο-

182 2158 428 2230 κρίνεται
440 2157 633 2225 λέγων·
647 2161 715 2211 Ὃ
726 2156 1033 2227 παρέδωκε
1049 2161 1263 2227 Κύριος
1280 2163 1313 2214 ό
1326 2161 1471 2226 Θεὸς
1486 2160 1769 2215 ἐναντίον

176 2269 319 2321 μου.
360 2251 529 2305 Ὅταν
574 2251 683 2323 γὰρ
711 2251 841 2322 ἡμῖν
876 2252 905 2305 6
936 2252 1066 2315 Θεὸς
1098 2252 1324 2323 παραδῷ
1369 2253 1468 2323 τῆς
1505 2253 1641 2316 ίδίας
1682 2269 1769 2306 σο-

187 2343 315 2413 φίας
343 2342 413 2397 τά
442 2342 583 2412 σοφά
625 2342 963 2414 θεωρήματα
995 2344 1244 2414 καμάτου
1275 2344 1465 2415 χωρὶς,
1506 2344 1567 2398 ού
1600 2361 1767 2416 προσ-

183 2437 468 2508 δοκήσασι,
517 2435 786 2507 Θησαυρὸν
819 2435 1078 2506 ἐξαίφνης
1112 2435 1483 2506 πνευματικὸν
1531 2437 1766 2507 εὑρηκέ-

185 2537 273 2584 ναι
314 2529 647 2601 νομίσωμεν.
683 2529 931 2599 Γεωργδς
965 2529 1074 2600 γάρ
1122 2528 1488 2600 πνευματικός
1538 2530 1686 2581 ἐστιν
1738 2529 1768 2581 6

184 2621 405 2692 δόκιμος
428 2622 697 2692 ἀσκητὴς,
725 2620 824 2691 τὴν
864 2621 997 2692 πρὸς
1040 2620 1292 2692 αἴσθησιν
1324 2620 1484 2693 [unus
1511 2619 1642 2691 Reg.
1667 2620 1769 2691 τὴν

186 2710 469 2783 αίσθητὸν]
511 2711 616 2765 τῶν
648 2710 860 2781 ὁρατῶν
907 2712 1161 2783 θεωρίαν,
1207 2710 1283 2774 ὡς
1321 2712 1511 2783 ἄγριον
1553 2711 1769 2782 δένδρον

187 2802 322 2873 πρὸς
359 2803 458 2873 τὴν
491 2801 599 2855 τῶν
630 2803 837 2872 νοητῶν
880 2801 1064 2873 χώραν
1110 2801 1521 2872 μεταφυτεύων·
1552 2801 1643 2854 καὶ
1672 2801 1769 2871 οη.

190 2894 386 2965 σαυρδν
430 2894 718 2963 εὑρίσκων,
752 2893 852 2964 τὴν
888 2893 1028 2948 κατὰ
1073 2892 1232 2964 χάριν
1276 2891 1376 2961 τῆς
1426 2892 1485 2944 ὲν
1514 2894 1626 2955 τοῖς
1651 2887 1769 2945 οὖσι

189 2984 377 3053 σοφίας
414 2984 741 3054 φανέρωσιν.

1876 536 2050 605 ipsam
2098 538 2387 609 elegerint,
2430 548 2741 608 prmstatur,
2791 533 3136 605 Ulmsunlfwe
3186 552 3252 592 ac
3285 537 3460 593 invio-

1872 628 2044 683 latum
2082 640 2352 684 servatur.

1946 720 2031 774 16.
2073 719 2175 786 Qui
2238 722 2432 787 credit,
2483 724 2683 780 timore
2735 725 3086 786 concutitur;
3132 720 3229 790 qui
3272 731 3455 775 autem

1874 810 2072 865 timore
2127 814 2469 878 concutitur,
2525 815 2740 869 animos
2776 817 2935 886 ponit
2988 832 3054 872 ac
3107 813 3453 868 humiliatur.

1872 899 2023 954 mitis
2067 900 2127 953 ﬁt
2159 909 2215 956 et
2255 911 2599 966 mansuetus,
2649 903 2886 960 inertem
2946 920 3011 960 ac
3051 913 3315 962 ouantem
3374 907 3456 962 in-

1870 988 2205 1042 naturalium
2242 989 2337 1044 ine
2385 998 2442 1045 et
2475 992 2795 1062 cupiditatis
2841 1002 3090 1049 motuum
3131 1005 3328 1052 nactus
3355 997 3457 1053 ha-

1870 1077 2048 1133 bitum
2077 1096 2090 1133 :
2120 1080 2272 1135 mitis
2296 1097 2463 1152 porro
2489 1092 2546 1138 et
2576 1092 2919 1150 mansuetus,
2951 1086 3208 1143 mandata
3234 1097 3453 1144 servat:

1868 1172 1963 1241 qui
1991 1182 2174 1227 autem
2192 1184 2375 1230 servat
2393 1177 2669 1243 mandata,
2698 1188 2991 1249 purgatur;
3018 1189 3283 1251 purgatus
3298 1197 3454 1247 vero,

1869 1264 2177 1320 illustratur
2212 1284 2225 1318 :
2261 1265 2569 1322 illustratus
2592 1267 2855 1338 denique,
2884 1268 2939 1323 in
2962 1269 3222 1340 penitiori
3255 1279 3458 1342 myste-

1869 1356 2082 1411 riorum
2120 1359 2390 1419 conclavi.
2432 1375 2560 1414 cum
2594 1360 2777 1415 Verbo
2813 1376 3018 1432 sponso
3058 1361 3203 1418 thori
3243 1372 3459 1421 secreta

1869 1454 2056 1501 tenere
2099 1458 2362 1503 meretur.

1941 1537 2027 1591 17.
2088 1538 2565 1605 Quemadmodum
2613 1541 2700 1597 vir
2759 1544 3021 1615 agricola,
3083 1544 3214 1601 dum
3261 1560 3457 1617 agrum

1866 1630 2215 1682 commodum
2242 1670 2255 1693 ,
2320 1631 2375 1684 in
2440 1647 2552 1701 quo
2616 1632 2898 1690 silvestres
2957 1635 3175 1705 aliquas
3230 1636 3462 1693 arbores

1869 1720 2253 1787 transplantet,
2308 1721 2552 1791 dispicit,
2605 1722 2886 1793 insperato
2920 1723 2973 1778 in
3015 1726 3337 1782 thesaurum
3368 1726 3459 1780 in-

1868 1804 2003 1858 cidit
2038 1824 2050 1858 :
2080 1808 2159 1861 sic
2198 1824 2419 1878 quoque
2456 1811 2708 1881 quisquis
2743 1814 3035 1884 religiosus
3068 1815 3267 1879 cultor,
3290 1829 3459 1870 sensu

1867 1897 2151 1951 modestus
2206 1914 2269 1952 ac
2323 1900 2554 1969 simplex
2606 1903 2901 1971 animoque
2966 1903 3108 1958 lenis
3146 1920 3178 1959 a
3235 1911 3458 1961 terrena

1868 1985 2102 2039 hirsutie
2138 2002 2201 2042 ac
2251 1987 2542 2055 pilositate,
2602 1989 2750 2044 haud
2798 2006 2959 2045 secus
3006 2008 3070 2047 ac
3101 1993 3459 2050 beatissimus

1865 2076 2055 2139 Jacob,
2091 2077 2338 2142 exsistit;
2396 2089 2753 2148 percontante
2806 2080 2968 2153 465
3005 2093 3160 2153 patre
3208 2084 3457 2141 scientia

1868 2166 2089 2219 modum
2131 2184 2142 2218 :
2184 2165 2319 2231 Quid
2374 2168 2468 2219 hoc
2519 2168 2658 2237 quod
2700 2179 2811 2222 tam
2865 2171 2966 2225 cito
3020 2172 3288 2240 inuenisti,
3324 2164 3459 2244 ﬁli?

1868 2253 2166 2323 respondet
2214 2254 2441 2309 dicens:
2479 2254 2629 2321 Quod
2664 2259 2885 2311 tradidit
2930 2259 3188 2315 Dominus
3220 2261 3361 2317 Deus
3396 2264 3456 2317 in

1867 2355 2143 2416 conspectu
2196 2364 2309 2400 meo
2340 2348 2382 2400 '.
2419 2348 2555 2401 (lum
2602 2349 2750 2402 enim
2796 2350 2942 2403 Deus
2999 2351 3283 2420 sapientia:
3331 2367 3449 2409 sua

1868 2436 2275 2507 sapientissima
2348 2438 2687 2492 theoremata
2745 2438 3173 2510 (solertissimas
3243 2444 3457 2501 scilicet

1870 2529 2113 2583 rationes
2166 2545 2229 2584 ac
2286 2529 2806 2599 contemplationes)
2857 2532 3011 2585 nullo
3068 2533 3259 2589 labore
3314 2534 3454 2589 nihil

1869 2618 2320 2696 exspectantibus
2396 2618 2556 2671 nobis
2622 2617 2934 2683 tradiderit,
2988 2619 3293 2689 spiritalem
3350 2635 3456 2677 nos

1873 2708 2191 2762 thesaurum
2228 2707 2507 2763 invenisse
2553 2711 2952 2767 existimemus.
3002 2712 3275 2767 Probatos
3303 2710 3453 2767 enim

1871 2798 2237 2864 Exercitator,
2274 2800 2541 2869 spiritalis
2583 2802 2821 2873 agricola
2862 2813 2967 2869 est,
3007 2820 3193 2858 rerum
3239 2804 3456 2863 scilicet

1871 2891 2049 2945 oculis
2092 2892 2468 2962 subjectarum
2514 2910 2622 2963 qua
2667 2910 2831 2950 sensu
2882 2896 3286 2966 percipiuntur,
3324 2911 3455 2966 spe-

1873 2984 2229 3049 culationem,
2265 2983 2410 3039 haud
2441 3000 2602 3040 secus
2628 3001 2691 3040 ac
2738 2987 3044 3041 silvestrem
3090 2986 3369 3053 arborem,
3395 2987 3454 3044 in

189 3092 370 3131 rerum
424 3076 776 3145 spiritalium,
828 3090 891 3131 ac
928 3091 1052 3146 quae
1100 3082 1283 3129 mente
1346 3072 1756 3144 intelliguntur,
1801 3074 1979 3129 solum
2021 3076 2448 3144 trausplantans,
2504 3084 2671 3145 atque
2748 3075 3072 3131 thesaurum
3136 3076 3449 3143 offendens,

189 3186 382 3242 nempe
424 3187 548 3242 qua:
592 3187 691 3242 per
729 3172 957 3243 gratiam
1000 3177 1103 3237 est,
1131 3168 1417 3239 sapientiae
1447 3167 1762 3223 exsistentis
1800 3170 1855 3223 in
1908 3169 2075 3223 rebus
2126 3168 2646 3235 manifestationem.
2696 3220 2699 3221 ν

257 3287 351 3353 ιη’.
398 3282 589 3351 Ἄφνω
627 3280 1012 3352 προσπεσοῦσα
1053 3279 1255 3348 γνῶσις
1290 3279 1448 3332 Θείων
1478 3277 1767 3347 Θεωρημά-
1795 3266 1835 3320 C

186 3374 291 3427 τῶν
320 3373 398 3443 τῷ
430 3375 643 3444 ἀσκητῇ
683 3376 756 3443 μὴ
795 3373 1232 3443 προσδοκήσαντι
1260 3370 1347 3423 διὰ
1371 3371 1472 3440 τὴν
1498 3369 1764 3422 ταπείνω-

190 3479 291 3528 σιν,
324 3462 573 3533 κατακλᾷ
615 3462 705 3514 τὸν
743 3461 1004 3532 λογισμὸν
1033 3460 1127 3513 τοῦ
1159 3459 1296 3531 πρὸς
1329 3459 1593 3524 ἐπίδειξιν
1627 3458 1765 3528 μετά

188 3555 433 3624 καμάτου
482 3556 579 3607 καὶ
620 3553 784 3606 πόνου
816 3553 1021 3622 ταύτην
1064 3550 1374 3621 ζητοῦντος,
1420 3551 1514 3604 καὶ
1558 3550 1634 3621 μὴ
1671 3551 1764 3603 εὑ·

188 3645 467 3715 ρίσκοντος
500 3662 512 3673 ’
556 3644 651 3698 καὶ⁵
700 3646 863 3715 γεννᾷ
902 3642 980 3713 τῷ
1019 3642 1211 3713 ἄφρονι
1252 3640 1447 3708 φθόνον
1475 3641 1597 3708 εἰκῆ
1630 3641 1765 3711 πρὸς

186 3738 275 3790 τὸν
313 3739 563 3806 ἀδελφὸν,
602 3738 696 3791 καὶ
729 3736 889 3807 φόνου
927 3736 1176 3807 μελέτην,
1213 3734 1307 3787 καὶ⁸
1355 3732 1534 3803 ἑαυτῷ
1564 3733 1762 3801 λύπην,

185 3828 275 3883 διὰ
302 3832 365 3885 τὸ
397 3832 472 3902 μὴ
497 3830 639 3902 ἔχειν
670 3830 768 3902 τὴν
798 3832 862 3882 ὲκ
891 3828 999 3882 τῶν
1033 3826 1273 3881 ἐπαίνων
1298 3826 1585 3894 φυσίωσιν.

261 4073 351 4128 ιδ’.
400 4074 466 4126 Oi
509 4070 799 4141 ζητοῦντες
845 4070 985 4140 μετά
1033 4068 1198 4122 πόνου
1238 4065 1463 4136 γνῶσιν,
1507 4064 1599 4117 καὶ
1634 4064 1767 4116 ἀποε-

184 4163 570 4234 τυγχάνοντες,
605 4162 638 4233 ἢ
673 4163 761 4215 διά
808 4161 1068 4216 ἀπιστίαν
1103 4155 1565 4227 ἀποτυγχάνουσι,
1608 4155 1641 4225 ἢ
1678 4172 1768 4206 τυ-

186 4254 279 4325 χὸν
300 4254 388 4325 διά
418 4254 480 4307 τὸ
506 4254 692 4322 ἀφυῶς
717 4252 931 4322 μέλλειν
952 4251 1149 4314 αὐτοὺς
1200 4246 1765 4319 ἀντιφιλονεικοῦντας

186 4320 511 4416 culpabatur.
542 4320 608 4414 (te)
640 4320 783 4396 κα,τά
813 4343 925 4396 τῶν
967 4341 1365 4411 γινωσκόντων,
1427 4337 1501 4400 ὼς
1554 4339 1582 4390 6
1638 4336 1767 4399 λα¹ς

190 4437 359 4491 πάλαι
389 4437 531 4491 κατά
559 4435 838 4497 Μωῦσέως
865 4449 880 4464 ο
924 4433 1064 4505 πρὸς
1097 4431 1188 4494 οὓς
1217 4431 1246 4483 ὁ
1276 4432 1437 4500 νόμος
1472 4429 1589 4499 ἐρεῖ
1631 4427 1768 4479 δείν-

184 4545 317 4592 τως,
336 4530 417 4582 ὅτι
450 4525 934 4598 παραδιασάμενοί
956 4541 1121 4588 τινες,
1145 4522 1420 4592 ἀνέδησαν
1440 4522 1521 4583 είς
1538 4518 1599 4572 τὸ
1619 4519 1763 4589 ὅρος,

1946 3260 2028 3312 18.
2070 3259 2205 3313 Cum
2257 3268 2504 3327 repente,
2540 3259 2676 3311 nihil
2715 3258 2820 3313 tale
2858 3274 2971 3327 prie
3005 3257 3323 3315 humilitate
3359 3272 3450 3313 eo-

1865 3351 2061 3422 gitanti
2114 3351 2383 3405 monacho
2437 3350 2738 3421 (exercenti
2788 3350 3001 3405 scilicet
3043 3351 3113 3405 ad
3165 3350 3450 3423 pietatem)

1866 3444 2180 3499 divinorum
2214 3444 2617 3499 theorematqu
2651 3460 3050 3513 sensorumque
3092 3443 3323 3499 scientia
3361 3443 3450 3499 in—

1867 3536 2084 3600 ciderit,
2103 3537 2224 3607 ejus
2244 3534 2447 3605 frangit
2469 3536 2735 3597 animum,
2761 3535 2854 3604 qui
2879 3534 3265 3589 ostentationis
3283 3550 3452 3590 causa

1867 3642 1993 3682 cum
2032 3627 2220 3681 labore
2264 3635 2320 3681 et
2350 3635 2551 3682 conatu
2588 3627 2893 3695 qumsitam,
2940 3626 3168 3681 minime
3204 3640 3325 3680 eam
3363 3623 3452 3680 0f-

1866 3718 2077 3782 fendit;
2134 3727 2451 3787 temereque
2493 3719 2775 3787 insipienti
2822 3718 3081 3772 invidiam
3112 3717 3313 3772 conﬁat
3354 3716 3454 3772 ad-

1865 3824 2061 3861 versus
2114 3808 2373 3871 fratrem,
2404 3819 2459 3862 et
2512 3816 2572 3860 nt
2615 3824 2805 3862 necem
2856 3809 2935 3862 illi
2980 3809 3261 3874 moliatur,
3310 3808 3449 3863 sibi-

1867 3915 1973 3968 que
2015 3899 2129 3968 ipse
2178 3898 2345 3952 animi
2396 3899 2639 3952 dolorem
2672 3900 2922 3964 asciscat,
2967 3900 3116 3967 quod
3153 3915 3302 3964 eum,
3353 3899 3451 3969 qui

1866 4000 1931 4040 ex
1984 3985 2238 4039 laudibus
2267 3994 2372 4047 est,
2410 3986 2585 4040 fastus
2624 3986 2864 4047 deﬁciat,
2909 3995 3102 4040 auctor
3134 3988 3373 4044 exsistit.

1940 4077 2024 4130 19.
2065 4076 2183 4143 Qui'
2238 4077 2428 4131 labore
2495 4087 2867 4147 contentaque
2910 4093 3080 4146 opera
3138 4086 3451 4148 quaerentes

1866 4169 2173 4231 scientiam,
2222 4169 2341 4237 ejus
2396 4167 2619 4221 minime
2670 4178 2956 4236 compotes
3006 4167 3182 4234 fiunt,
3228 4177 3290 4223 ut
3334 4183 3449 4224 non

1866 4258 2002 4313 ﬁant
2051 4266 2149 4313 aut
2180 4258 2540 4313 incredulitas
2570 4259 2625 4311 in
2654 4273 2820 4311 causa
2860 4266 2964 4321 est,
3009 4266 3105 4312 aut
3131 4258 3273 4313 forte
3298 4258 3447 4329 quod

1866 4350 2114 4403 futurum
2171 4350 2243 4403 sit
2284 4358 2345 4403 ut
2391 4366 2583 4419 parum
2631 4349 2866 4419 ingenue
2912 4348 3181 4403 adversus
3222 4364 3319 4405 eos
3348 4350 3445 4419 qui

1866 4441 1992 4495 fulti
2044 4441 2274 4495 scientia
2314 4450 2464 4503 sunt,
2515 4440 2922 4495 contensiosius
2950 4440 3031 4495 eis
3060 4440 3442 4512 repugnando,

1866 4527 2065 4581 animis
2117 4528 2443 4590 efferantur,
2494 4526 2641 4581 haud
2688 4542 2848 4581 secus
2899 4543 2963 4582 ac
3019 4528 3152 4582 olim
3200 4528 3445 4597 populus

189 4618 286 4671 καὶ
338 4615 560 4686 ἐξῆλθεν
587 4617 615 4668 6
662 4615 990 4685 ’Δμορραἰος
1021 4615 1049 4666 6
1070 4611 1234 4665 οἰκῶν
1260 4611 1316 4664 ὲν
1353 4607 1434 4680 τῷ
1472 4608 1588 4680 δρει
1619 4606 1762 4659 ὲκεί-

1874 4616 2129 4671 advcrsus
2177 4618 2434 4687 Moysen;
2481 4617 2533 4672 in
2561 4634 2701 4687 quos
2746 4620 2831 4672 lex
2876 4618 3072 4673 merito
3124 4619 3273 4674 dicat
3332 4619 3445 4674 vim

188 4724 303 4776 νῳ,
360 4707 455 4760 καὶ
512 4705 843 4775 ἐτίτρωσκεν
892 4702 1109 4765 αὐτούς.
1185 4700 1425 4769 Ἀνάγκη
1479 4699 1588 4769 γὰρ
1638 4698 1765 4762 τοὺς

188 4799 505 4864 ἐπιδείξεως
536 4799 721 4852 ἕνεκεν
752 4794 1285 4867 ὲπιμορφιζομένους
1311 4792 1409 4863 τὴν
1440 4790 1659 4865 ἀρετὴν,
1688 4791 1764 4862 μὴ

191 4892 353 4961 μόνον
383 4892 714 4962 σφάλλεσθαι
732 4889 1020 4953 δολοῦντας
1048 4888 1148 4959 τὴν
1178 4886 1482 4946 εὐσέϐειαν,
1506 4885 1643 4938 ἁλλά
1668 4885 1765 4938 καὶ⁵

187 4985 294 5037 ὑπὸ
325 4986 416 5039 τοῦ
442 4986 745 5047 συνειδότος
777 4981 1195 5053 τιτρώσκεσθαι.

1872 4706 2067 4763 fecisse
2091 4708 2359 4777 quosdam
2391 4718 2452 4762 ut
2476 4710 2840 4763 aseenderent
2873 4709 2928 4767 iu
2958 4719 3234 4775 montem;
3260 4724 3449 4781 egres-

1871 4812 2104 4866 sumque
2148 4798 2558 4863 Amorrhaeum,
2616 4800 2819 4854 montis
2866 4799 3010 4855 illius
3054 4800 3312 4865 incolam,
3352 4814 3452 4854 eos

1871 4888 2191 4943 cecidisse“.
2220 4888 2455 4961 Necesse
2511 4892 2657 4945 enim
2702 4898 2871 4946 estut
2919 4892 3035 4962 qui,
3067 4890 3452 4946 ostentationis

1872 4994 2058 5045 causa,
2110 4980 2329 5035 virtutis
2356 4982 2562 5036 larvam
2610 4994 2915 5046 assumunt,
2966 4984 3167 5038 nedum
3210 4998 3306 5051 spe
3349 4996 3448 5038 sua

188 5078 546 5145 frustrentur,
576 5079 707 5134 dum
738 5079 996 5149 pietatem
1022 5074 1357 5137 adulteram,
1382 5086 1571 5126 verum
1598 5071 1790 5136 etiam,
1830 5074 2164 5129 conscientia
2223 5075 2488 5139 candente,
2514 5077 2741 5130 vulnera
2772 5076 3061 5144 accipiant.

259 5240 279 5271 ⁸
300 5238 436 5295 Gen.
458 5252 623 5301 xxvu,
647 5236 737 5291 20.
814 5235 1151 5302 'Num.x1v,
1173 5235 1269 5302 40;
1301 5235 1461 5289 Deut.
1484 5251 1522 5299 ι,
1547 5236 1633 5288 41.

262 5369 330 5441 (c)
378 5369 600 5439 Ἀςρυῶς
649 5370 1019 5439 ἐπαίρεσθαι.
1058 5369 1258 5437 Quasi,
1310 5368 1507 5441 stulte,
1553 5367 1764 5441 inepte,

190 5436 351 5518 male,
381 5436 449 5494 et'
462 5441 619 5518 quasi
646 5436 815 5518 invita
841 5448 1055 5518 natura,
1087 5436 1208 5518 Quae
1235 5436 1770 5518 tnodestiam‘potius

188 5513 465 5567 suaderet.
481 5507 1031 5580 ’ἐπιμορςραζομένους
1052 5510 1149 5631 τῧν
1170 5509 1393 5578 ἀρετήν,
1412 5507 1630 5561 virtutis
1650 5522 1772 5575 spei-

188 5579 329 5631 cietn
353 5579 725 5631 praeferentes.
747 5580 891 5631 Bene
909 5579 1055 5631 enim
1119 5578 1258 5631 arin.
1285 5578 1769 5631 ὲπιιιοοφάζοντες.

188 5579 329 5632 ciem
353 5578 725 5648 praeferentes.
747 5578 891 5633 Bene
909 5579 1055 5632 enim
1072 5578 1258 5632 Varin.
1285 5578 1769 5648 ὲπιμορφάζοντες,

190 5646 641 5731 σχηματίζοντες.
668 5648 780 5731 Nec
818 5650 997 5731 placet
1035 5648 1303 5731 :l‘hes‘aur.
1346 5646 1494 5731 quod
1533 5661 1653 5731 eam
1695 5646 1770 5699 si-

189 5714 600 5787 gniﬁcationem
644 5714 1249 5774 solum'tribuatvcrbo
1293 5714 1560 5788 μορφίζω,
1586 5715 1774 5769 aliam-

1866 5380 2123 5436 queesse
2156 5365 2302 5420 dicat
2338 5366 2491 5419 verbi
2525 5366 2807 5436 μορφάζω,
2835 5364 2981 5436 quod
3013 5364 3245 5436 Hesych.
3273 5363 3449 5436 νεύειν

1869 5434 2193 5489 reddiderit.
2222 5436 2451 5491 Videtur
2479 5434 2609 5493 sane
2640 5434 2907 5491 remotior
2948 5434 3063 5490 haec
3104 5434 3254 5489 vocis
3303 5434 3454 5490 illius

1870 5503 2229 5575 significatio;
2254 5507 2438 5560 nativa
2459 5522 2613 5571 vero,
2639 5521 2803 5575 quam
2835 5505 3199 5575 compositum
3229 5504 3450 5570 retinet,

1871 5590 1978 5645 qua
2018 5581 2075 5628 et
2107 5575 2355 5629 crebrius
2388 5576 2620 5631 Maximo
2655 5582 2972 5645 nsurpatur.
3014 5575 3188 5628 Habet
3224 5583 3281 5629 et
3306 5575 3449 5645 ipse,

1873 5662 1922 5698 c.
1955 5642 2026 5697 25
2066 5660 2083 5722 ξ
2134 5645 2770 5722 μρρςιιζόμενοςμφιλίαν·
2793 5642 3114 5722 amicitiam
3154 5642 3449 5713 simulans,

1875 5729 1993 5779 seu,
2029 5713 2140 5784 ejus
2175 5712 2381 5769 larvam
2416 5712 2721 5786 prwfc'rens,
2757 5724 2811 5771 ut
2848 5716 3087 5787 proximo
3112 5725 3315 5771 noceat.
