3876 6314
173 345 193 407 1
205 343 313 404 093

1016 337 1350 398 CAPITUM
1388 337 1660 398 THEOL.
1702 337 1798 398 ET
1837 337 2074 398 (ECON.
2116 336 2506 399 CENTURIA
2545 338 2595 397 Ι.

3285 336 3424 403 1094

166 455 410 528 Χριστὸν
435 452 710 514 ἁπλοϊκῶς
737 451 772 521 ἢ
801 450 1085 520 γινόμενον
1112 451 1144 521 ἦ
1176 451 1489 522 λεγόμενον,
1524 452 1742 520 ἥρπασε
1773 497 1778 511 ι

1875 465 1987 514 um,
2037 450 2118 503 vel
2173 450 2455 519 quidpiam
2483 448 2792 504 Christiana
2827 447 3012 504 indole
3057 451 3206 504 omni
3235 453 3426 521 procul

164 547 269 598 καὶ
311 543 582 614 διέφθειρε
618 558 632 572 ·
685 542 913 612 μυρίους
946 543 1232 612 καταχέων
1261 541 1505 612 μώμους,
1539 534 1613 595 ὧν
1643 544 1757 604 τοῖς

164 635 353 702 λόγοις
382 633 416 703 ἢ
450 635 562 696 τοῖς
590 633 782 702 ἡθεσιν
816 633 1116 686 ἐπιτίθεται
1141 648 1158 664 ο
1195 631 1386 701 ὥσπερ
1412 630 1755 694 κατάσκοπος

161 729 272 797 τῆς
302 726 362 778 ἐν
383 725 604 796 Χριστῷ
637 724 745 778 τῶν
773 724 1018 793 ἀδελφῶν
1062 723 1395 795 ἐλευθερίας.

253 976 370 1034 κς’.
411 968 471 1022 Ὀ
509 969 932 1040 ὑποκρινόμενος
960 970 1168 1042 σιωπὴν
1206 969 1543 1041 κακουργίας
1569 970 1751 1041 χάριν,

159 1061 253 1132 τῷ
307 1050 533 1130 πλησίον
587 1061 927 1114 τεκταίνεται
985 1061 1135 1114 δόλον
1168 1077 1180 1091 ο
1245 1056 1305 1114 οὗ
1361 1063 1752 1132 ἀποτυγχάνων

164 1153 388 1216 ἄπεισι,
414 1152 493 1222 τῷ
535 1153 650 1222 ίδίῳ
688 1152 850 1205 πάθει
896 1152 1265 1222 προσθέμενος
1314 1153 1524 1224 ὁδΰνην.
1591 1157 1648 1206 Ὀ
1696 1153 1752 1205 δὲ

165 1242 400 1295 σιωπῶν
444 1243 710 1311 ὠφελείας
747 1243 930 1314 χάριν,
980 1241 1184 1313 ηὔξησε
1236 1243 1456 1311 φιλίαν,
1507 1243 1604 1297 καὶ
1649 1247 1755 1298 ἀπ-

167 1332 458 1388 ελεύσεται
493 1334 719 1405 χαίρων,
767 1335 841 1399 ὡς
885 1331 1062 1387 λαϐὼν
1093 1335 1370 1405 φωτισμὸν
1415 1335 1638 1399 σκότους
1661 1335 1754 1388 λυ-

163 1423 386 1493 τήριον.

137 1638 151 1649 .
247 1597 353 1663 κζ’.
424 1597 482 1651 'U
524 1600 582 1651 ἐν
630 1598 887 1670 συνεδρίῳ
934 1599 1108 1670 λόγων
1157 1601 1417 1671 ἀκρόασιν
1465 1601 1753 1673 προπετῶς

164 1690 521 1758 ἀνακόπτων,
561 1691 660 1744 οὐκ
709 1689 866 1744 ἔλαθε
924 1691 1220 1761 φιλοδοξίαν
1271 1693 1442 1746 νοσῶν
1473 1711 1488 1724 ·
1547 1695 1636 1761 ὑφ’
1683 1689 1751 1765 ἧς

170 1781 543 1852 ἁλισκόμενος
566 1821 581 1846 ,
641 1781 867 1852 μυρίους
895 1781 1256 1853 προϐάλλεται
1279 1783 1513 1856 δρόμους
1535 1785 1630 1837 καὶ

168 1872 471 1944 ριδρόμους
527 1873 862 1944 προτάσεων,
910 1873 1002 1927 τὸν
1053 1873 1246 1945 εἱρμὸν
1293 1873 1400 1927 τῶν
1443 1873 1752 1945 λεγομένων

165 1965 464 2036 διαστῆσαι
497 1964 836 2035 βουλόμενος.

246 2155 364 2220 κη’.
404 2149 464 2202 ὐ
521 2149 702 2218 σοφὸς,
753 2149 849 2202 καλ⁸
899 2149 1166 2204 διδάσκων
1215 2150 1311 2204 καὶ
1353 2149 1752 2220 διδασκόμενος,

170 2242 326 2311 μόνα.
360 2240 606 2312 βούλεται
641 2241 710 2295 τὰ
739 2241 1055 2312 ὠφελοῦντα
1099 2241 1444 2295 διδάσκεσθαι
1484 2241 1579 2311 καὶ⁹
1609 2241 1754 2295 διδά-

170 2352 338 2388 σκειν
362 2352 376 2366 ·
411 2337 440 2388 ό
466 2335 520 2388 δὲ
542 2334 760 2406 δοκήσει
796 2333 976 2402 σοφὸς,
1013 2335 1107 2389 καὶ
1145 2333 1364 2405 ἐρωτῶν
1406 2334 1500 2386 καὶ
1543 2333 1756 2404 ἐρωτώ-

172 2418 446 2496 μενος,τά
477 2428 880 2499 περιεργότερα
915 2427 1074 2498 μόνον
1106 2425 1494 2498 προϐάλλεται.

245 2603 363 2656 κδ’.
383 2595 486 2655 Ὧν
511 2601 738 2672 μετέσχε
768 2619 850 2665 τις
876 2604 1016 2656 κατά
1041 2602 1176 2656 Θεοῦ
1205 2605 1364 2674 χάριν
1393 2604 1633 2672 ἀγαθῶν,
1663 2605 1756 2658 καὶ

171 2697 368 2759 ἄλλοις
399 2695 646 2764 ἀφθόνως
677 2694 998 2764 μεταδοῦναι
1025 2695 1306 2766 χρεώστης
1345 2697 1482 2750 ἐστί.
1528 2696 1758 2764 Δωρεὰν

173 2789 313 2860 γὰρ,
341 2787 529 2857 φησιν,
565 2786 824 2851 ἐλάϐετε,
857 2785 1080 2854 δωρεὰν
1107 2787 1261 2840 δότε.
1299 2787 1356 2841 '0
1377 2788 1484 2856 γὰρ
1512 2788 1614 2841 ὑπὸ
1655 2789 1757 2858 γῆν

179 2880 448 2948 κρύπτων
479 2875 576 2946 τὴν
608 2875 837 2945 δωρεὰν,
864 2875 939 2938 ὡς
973 2874 1208 2945 σκληρὸν
1235 2874 1508 2927 διαϐάλλει
1542 2875 1634 2928 τὸν
1670 2875 1759 2928 κύ-

176 2986 318 3038 ριον,
349 2967 525 3036 φειδοῖ
552 2967 650 3038 τῆς
682 2967 880 3038 σαρκὸς
918 2965 1014 3037 τὴν
1051 2967 1250 3036 ἀρετὴν
1277 2965 1657 3037 ὲξομνύμενος.
1698 2968 1757 3021 'O

179 3060 233 3112 δὲ
265 3059 597 3130 πιπράσκων
621 3057 836 3130 ἐχθροῖς
865 3058 962 3127 τὴν
1006 3058 1286 3128 ἀλήθειαν,
1336 3057 1562 3130 ὕστερον
1594 3059 1755 3124 ἁλοὺς

180 3149 256 3214 ὡς
285 3150 583 3220 φιλόδοξος,
611 3149 686 3222 μὴ
713 3151 894 3220 φέρων
917 3150 1014 3224 τὴν
1037 3149 1300 3220 αίσχύνην
1325 3150 1650 3221 ἀπάγχεται.

1857 541 2181 610 duplicitate
2207 541 2411 596 factum
2437 541 2714 595 dictumve
2743 539 3036 604 invenerit,
3066 540 3212 609 rapit
3247 542 3430 597 statim

1855 646 1921 685 ac
1946 631 2274 700 corrumpit,
2303 631 2611 685 innumeris
2633 645 2930 702 aspergens
2949 630 3296 695 criminibus,
3313 646 3432 694 eos.

1857 721 1912 774 in
1945 737 2184 789 quorum
2218 737 2506 776 sermones
2559 730 2656 776 aut
2715 737 2897 777 mores
2951 723 3269 786 invehitur,
3319 730 3436 776 tan-

1854 827 2017 881 quam
2057 813 2266 867 scilicet
2318 813 2636 883 explorator
2688 813 2960 868 libertatis
3005 812 3259 877 fratrum,
3314 812 3436 882 qua:

1855 909 1940 955 est
1986 901 2041 954 in
2083 900 2306 956 Christo
2334 901 2462 956 Jesu
2496 904 2540 954 θ.

1923 991 2013 1045 26.
2053 991 2156 1057 Qui
2192 992 2432 1062 maligno
2470 991 2738 1061 vafroquc
2777 991 3010 1046 consilio
3044 992 3326 1047 silentium
3358 991 3436 1046 sic

1855 1082 2047 1144 mulat,
2103 1081 2290 1134 dolum
2341 1081 2596 1151 proximo
2648 1081 3002 1136 machinatur
3051 1101 3063 1136 :
3113 1083 3274 1154 E67
3318 1083 3437 1138 fw-

1854 1180 2140 1242 stratoque
2170 1183 2372 1228 conatu
2414 1174 2552 1238 abit,
2590 1175 2788 1229 morbo
2819 1175 2898 1228 illi
2933 1190 3033 1229 suo
3085 1190 3150 1228 ac
3185 1175 3435 1239 all‘ectni,

1853 1264 2042 1318 dolore
2103 1265 2382 1334 adjuncto.
2439 1265 2543 1332 Qui
2610 1276 2792 1320 autem
2861 1267 3136 1322 commodi
3205 1267 3439 1338 alicujus

1853 1355 2025 1422 gratia
2058 1354 2204 1418 silet,
2243 1357 2540 1410 amicitiam
2591 1367 2775 1428 auget.
2813 1373 2876 1412 ac
2908 1357 3129 1412 recedet
3166 1346 3458 1427 gaudens,

1851 1444 2004 1503 velut
2047 1445 2255 1499 scilicet
2310 1445 2734 1502 illustrationem
2779 1456 2994 1513 nactus,
3035 1463 3143 1517 qua
3198 1448 3439 1504 tenebrae

1853 1534 2237 1604 dispellantur.

1923 1626 2012 1679 27.
2053 1624 2156 1691 Qui
2206 1627 2259 1680 in
2309 1627 2584 1682 communi
2633 1627 2862 1682 fratrum
2913 1629 3148 1683 concilio
3190 1629 3439 1684 auditum

1852 1730 2159 1770 sermonem
2204 1719 2409 1788 majore
2453 1719 2705 1787 procacia
2740 1719 3118 1789 interrumpit,
3149 1721 3295 1774 haud
3343 1722 3440 1776 ob-

1661 1801 1754 1837 πε·
1790 1788 1830 1844 Β
1861 1819 2022 1858 scure
2057 1806 2248 1861 inanis.
2273 1808 2458 1877 gloria:
2483 1809 2620 1862 vitio
2650 1825 2707 1862 se
2749 1809 2999 1864 laborare
3030 1811 3301 1877 ostendit;
3333 1827 3440 1880 qua

1861 1895 2071 1950 scilicet
2114 1907 2328 1965 captus,
2375 1900 2697 1954 innumeros
2760 1902 3194 1969 propositionum
3246 1917 3443 1958 cursus

1859 1994 2024 2054 atque
2056 1987 2333 2058 ambages,
2364 1989 2634 2045 sermonis
2660 1990 2858 2045 seriem
2885 1990 3286 2056 intercidendo,
3316 2006 3441 2062 pro-

1860 2076 2035 2142 ponit.
3281 2122 3295 2135 .

1929 2165 2019 2219 28.
2054 2165 2305 2234 Sapiens,
2343 2165 2456 2221 sive
2496 2166 2692 2223 doceat
2723 2169 2838 2224 sive
2873 2169 3157 2233 doceatur,
3197 2184 3262 2224 ea
3298 2168 3440 2223 dun-

1864 2262 2012 2310 taxat
2060 2257 2246 2310 doceri
2295 2258 2413 2312 vult
2445 2273 2510 2312 ac
2538 2258 2760 2326 docere,
2807 2263 2928 2330 q'uaa
2957 2262 3114 2314 utilia
3161 2269 3306 2314 sunt.
3339 2261 3443 2326 Qui

1861 2363 1992 2403 vero
2018 2349 2202 2416 specie
2232 2357 2389 2403 tenus
2421 2349 2680 2419 larvaque
2710 2352 3011 2420 sapientem
3034 2359 3292 2416 ostentat,
3329 2352 3444 2406 sive

1861 2454 2024 2508 quem
2062 2438 2177 2508 ipse
2221 2448 2596 2508 percontetur,
2647 2442 2763 2495 sive
2811 2457 2878 2496 ex
2929 2443 3445 2512 ipsopcrcontanti

1862 2529 2211 2598 respondeat,
2244 2529 2548 2584 curiosiora
2587 2531 2930 2586 solummodo
2961 2532 3231 2588 obtendit.

1930 2621 2020 2674 29.
2072 2620 2203 2686 Quae
2251 2621 2376 2690 quis
2421 2622 2562 2676 bona
2601 2622 2790 2677 divino
2845 2640 3072 2678 munere
3113 2632 3446 2679 consecutus

1867 2721 1973 2776 est,
2011 2711 2126 2781 ipse
2172 2729 2391 2784 quoque
2427 2715 2576 2784 large
2627 2715 2748 2769 aliis
2796 2715 3064 2784 impartiri
3120 2716 3307 2771 debet.
3355 2715 3446 2770 Ait

1862 2802 2032 2865 enim,
2059 2803 2236 2858 Gratis
2270 2806 2561 2875 accepistis,
2595 2807 2761 2876 gratis
2794 2807 2918 2860 date
2944 2808 3006 2859 ¹⁰.
3044 2806 3147 2872 Qui
3175 2806 3318 2860 enim
3352 2821 3444 2861 ac-

1863 2901 2084 2962 ceptum
2117 2894 2317 2948 donum
2363 2896 2417 2950 in
2450 2905 2598 2950 terra
2624 2896 2932 2960 abscondit,
2977 2897 3102 2952 duri
3133 2913 3198 2951 ac
3239 2897 3446 2952 austeri

1869 2985 2080 3038 crimen
2118 2985 2341 3040 domino
2371 2987 2619 3058 impingit
2647 2989 2726 3052 “;
2758 2989 2854 3057 qui
2893 2989 3153 3043 nimirum
3189 2997 3251 3043 ut
3293 2989 3446 3044 carni

1863 3085 2050 3142 parcat
2079 3092 2142 3132 ac
2170 3077 2468 3148 indulgeat,
2501 3079 2764 3133 virtutum
2794 3080 2944 3134 cultu
2984 3079 3264 3135 laboribus
3295 3078 3445 3150 fungi

1789 3151 1830 3206 C
1864 3164 2128 3236 defugiat.
2183 3167 2284 3234 Qui
2339 3176 2523 3223 autem
2581 3169 2833 3225 hostibus
2884 3171 3173 3225 veritatem
3223 3168 3443 3232 vendit,

183 3249 375 3314 postea
425 3241 800 3311 deprehensus
830 3250 993 3310 atque
1038 3241 1343 3307 convictus,
1378 3242 1530 3296 velut
1579 3242 1759 3299 inanis
1796 3251 1981 3318 gloriae
2005 3256 2259 3327 cupidus,
2331 3258 2598 3328 probrum
2636 3275 2744 3314 non
2805 3258 3012 3322 ferens,
3045 3259 3151 3314 sibi
3176 3260 3292 3328 ipse
3323 3258 3447 3313 fau-

184 3349 277 3389 ces
310 3333 592 3404 praefocat.

253 3427 323 3477 λ’.
351 3423 495 3486 Τοὺς
523 3421 599 3474 ἔτι
618 3421 927 3485 δειλιῶντας
953 3421 1045 3475 τὸν
1069 3423 1204 3492 πρὸς
1230 3422 1296 3476 τὰ
1327 3421 1477 3493 πάθη
1505 3421 1761 3494 πόλεμον,

185 3518 282 3571 καὶ
311 3513 683 3585 φοϐουμένους
715 3511 813 3583 τὴν
844 3512 952 3566 τῶν
1001 3513 1248 3581 ἀοράτων
1291 3511 1501 3584 ἐχθρῶν
1548 3514 1766 3582 ἐπιδρο-

191 3609 322 3680 μὴν,
349 3606 566 3675 σιωπᾷν
603 3604 682 3657 δεῖ
713 3620 728 3634 ·
764 3603 1027 3666 τουτέστι,
1059 3604 1148 3656 τὸν
1184 3603 1325 3673 ὑπὲρ
1349 3603 1550 3674 ἀρετῆς
1581 3604 1767 3674 ἀντιῤ‹

193 3698 417 3771 ρητικὸν
459 3697 532 3767 μὴ
588 3693 1059 3767 μεταχειρίζεσθαι
1111 3693 1312 3765 τρόπον
1344 3711 1358 3723 ·
1408 3693 1544 3747 ἀλλὰ
1589 3708 1767 3763 παρα-

192 3792 392 3861 χωρεῖν
424 3786 501 3858 τῷ
523 3786 640 3857 Θεῷ
672 3785 739 3840 δι’
795 3785 980 3855 εὐχῆς,
1040 3785 1135 3855 τὴν
1178 3783 1316 3856 ὑπὲρ
1357 3781 1567 3837 ἑαυτῶν
1616 3782 1770 3852 μέρι-

197 3899 334 3954 μναν
368 3898 383 3912 ο
423 3879 556 3949 πρὸς
585 3877 676 3942 οὓς
709 3879 767 3930 ὲν
833 3877 1028 3946 Ἐξόδῳ
1053 3874 1270 3943 λέγεται
1300 3891 1313 3904 ·
1351 3874 1564 3941 Κύριος
1594 3879 1772 3940 πολε-

186 3973 370 4043 μήσει
403 3974 535 4042 περὶ
584 3972 771 4044 ὑμῶν,
821 3971 917 4026 καὶ
956 3969 1125 4040 ὑμεῖς
1156 3968 1506 4037 σιγήσεσθε.
1552 3970 1690 4032 Τοὺς
1714 3968 1771 4022 δὲ

195 4069 298 4137 ἤδη
332 4065 475 4138 μετά
513 4065 610 4137 τὴν
643 4063 921 4133 ἀναίρεσιν
960 4061 1070 4115 τῶν
1105 4060 1429 4126 διωκόντων,
1483 4061 1606 4123 τοὺς
1662 4060 1772 4113 τῶν

195 4158 408 4227 ἀρετῶν
446 4155 836 4225 ἐπιζητοῦντας
869 4152 1106 4222 τρόπους
1151 4149 1286 4221 πρὸς
1323 4148 1638 4218 εὐγνώμονα
1667 4148 1772 4218 μά-

197 4250 376 4321 θησιν,
410 4249 526 4303 δέον
551 4248 692 4318 ἔχειν
724 4246 882 4317 μόνον
905 4244 1247 4316 ἠνεῳγμένον
1281 4243 1379 4311 τῆς
1427 4241 1662 4303 διανοίας
1713 4240 1775 4294 τὸ

197 4358 289 4402 οδς
318 4357 332 4372 ’

197 4433 301 4501 δρα
330 4431 419 4484 διὰ
447 4431 545 4500 τὴν
573 4429 862 4499 κάθαρσιν,
893 4428 990 4496 τῆς
1024 4425 1172 4487 θείας
1201 4423 1475 4493 ἐφιεμένῳ
1496 4421 1771 4488 γνώσεως,

198 4526 457 4596 ἁρμόδιος
489 4527 522 4594 ἡ
554 4521 787 4593 εὐλαϐὴς
830 4521 1112 4592 παρρησία
1143 4536 1156 4549 ν
1195 4517 1330 4586 πρὸς
1370 4517 1432 4570 ὃν
1473 4515 1772 4587 εἰρήσεται,

381 4340 516 4410 πρὸς
548 4337 640 4402 οὓς
667 4354 853 4407 φησιν,
885 4337 1100 4389 Ἀκουε
1143 4331 1398 4400 Ἰσραήλ.
1432 4330 1522 4400 Τῷ
1554 4331 1610 4382 δὲ
1643 4329 1772 4398 σφό-
1807 4379 1810 4388 ,

1933 3428 2022 3483 50.
2067 3430 2168 3497 Qui
2215 3431 2397 3487 adhuc
2445 3433 2749 3490 timidiores
2798 3443 2946 3499 sunt,
2998 3449 3178 3504 quam'
3207 3444 3269 3491 ut
3315 3438 3446 3494 belli

1867 3521 2064 3574 molem
2095 3522 2359 3576 adversus
2379 3524 2824 3591 perturbationes
2847 3524 3090 3594 vitiaque
3116 3526 3444 3592 sustineant,

1866 3604 2333 3678 invisibiliumque
2375 3610 2614 3664 hostium
2655 3611 3071 3680 impressionem
3114 3613 3446 3679 formidant,

1866 3709 2044 3764 Operae
2061 3698 2293 3767 pretium
2320 3699 2390 3753 sit
2415 3708 2474 3753 ut
2499 3702 2695 3756 sileant
2713 3745 2726 3766 ,
2761 3703 2974 3756 tuenda:
3000 3704 3213 3759 scilicet
3231 3706 3450 3761 virtutis

1867 3796 2073 3855 partes,
2122 3790 2454 3844 adversariis
2505 3792 2907 3860 respondendo,
2955 3808 3066 3848 non
3111 3795 3444 3866 suscipiant;

1868 3875 1964 3929 sed
1994 3875 2048 3928 in
2079 3892 2270 3945 preces
2301 3878 2484 3942 cil‘usi,
2519 3880 2605 3932 sui
2637 3893 2824 3933 curam
2860 3881 2969 3934 Deo
3004 3883 3358 3951 permittant;
3381 3901 3450 3940 ex

1870 3980 2102 4034 quorum
2140 3967 2364 4021 nomine
2413 3968 2489 4046 in;
2518 3969 2706 4024 Exodo
2755 3969 2956 4024 dicitur
2999 3953 3027 4024 ι’
3062 3971 3316 4028 Dominus
3351 3993 3450 4046 pu-

1869 4057 2049 4128 gnabit
2081 4075 2174 4128 pro
2208 4059 2367 4124 vobis,
2401 4067 2450 4112 et
2474 4045 2561 4113 uos
2583 4060 2814 4114 tacebitis
2840 4060 2901 4114 ".
2937 4061 3039 4127 Qui
3074 4072 3281 4127 autem,
3316 4045 3450 4120 sub-

1871 4146 1999 4202 latis
2052 4149 2163 4220 jam
2206 4150 2678 4219 persecutoribus,
2708 4150 2973 4205 virtutum
3005 4153 3291 4222 inquirunt
3330 4173 3452 4210 mo-

1873 4235 1993 4301 dos,
2046 4246 2263 4308 apertas
2305 4238 2570 4294 duntaxat
2614 4239 2852 4294 habeant
2900 4257 3125 4298 necesse
3167 4252 3252 4299 est
3284 4246 3452 4300 animi

1874 4343 2057 4391 aures,
2106 4338 2168 4383 ut
2213 4330 2453 4384 candore
2489 4330 2813 4395 addiscant;
2869 4333 2934 4387 ad
2980 4350 3119 4404 quos
3141 4337 3217 4391 ait
3247 4356 3260 4392 :
3291 4339 3451 4404 Audi,

1874 4416 2045 4472 Israel
2081 4417 2143 4471 ¹³.
2179 4418 2316 4472 Eum
2361 4420 2600 4490 denique
2630 4423 2722 4492 qui
2759 4427 3069 4495 purgatiore
3104 4429 3310 4495 animo,
3341 4432 3454 4486 acri

1877 4509 2074 4565 divinae
2102 4511 2345 4566 scientia:
2369 4511 2642 4567 desiderio
2679 4523 2894 4580 aastuat,
2923 4516 3009 4586 pia
3045 4518 3204 4574 decet
3234 4521 3454 4591 religio-

209 4618 266 4668 Τί
285 4617 444 4684 ,βοᾷς
472 4617 622 4683 πρός
653 4632 730 4684 με
747 4631 765 4677 ;
801 4610 1010 4665 Οὐκοῦν
1039 4612 1144 4681 ὅτῳ
1175 4610 1271 4680 μὲν
1300 4609 1478 4678 σιωπὴ
1502 4608 1588 4662 διὰ
1609 4608 1771 4676 φόϐον

1878 4617 2044 4672 saque
2095 4603 2367 4658 sermonis
2418 4603 2652 4670 ﬁducia;
2702 4607 2768 4661 ad
2820 4623 2982 4677 quem
3033 4609 3456 4677 dicetur:Quid

204 4681 631 4777 προστέτακται,
655 4681 972 4776 πρόσφορος
1013 4702 1174 4771 μόνον
1202 4703 1234 4770 η
1268 4699 1404 4770 πρὸς
1437 4697 1570 4752 Θεὸν
1603 4716 1773 4754 κατα⁴

1875 4696 2076 4750 ctamas
2127 4697 2197 4749 ad
2240 4714 2321 4750 me
2353 4697 2437 4750 “?
2470 4696 2572 4752 Cui
2605 4713 2735 4769 ergo
2765 4715 2879 4770 pra:
2911 4703 3106 4757 timore
3136 4702 3338 4758 silentii
3372 4704 3450 4760 lex

206 4800 350 4868 φυγή
382 4801 524 4870 ’ὅτῳ
552 4799 610 4851 δὲ
660 4795 880 4850 ἀκούειν
925 4793 1382 4863 παρακελεύεται,
1434 4791 1689 4861 ἁρμόδιος
1742 4794 1776 4862 ἡ

204 4889 339 4959 πρὸς
377 4891 624 4959 ὑπακοὴν
657 4889 765 4942 τῶν
805 4887 964 4940 θείων
995 4885 1223 4940 ἐντολῶν
1257 4883 1543 4954 ἑτοιμότης
1573 4899 1586 4913 ⁸
1621 4883 1701 4954 τῷ
1723 4883 1780 4936 δὲ

206 4979 514 5048 γνωστικῷ,
550 4980 610 5032 τὸ
657 4978 722 5030 δι’
780 4978 990 5030 ἱκεσίαν
1049 4974 1353 5038 ἀπαύστως
1405 4974 1533 5046 βοᾷν
1598 4974 1780 5044 ἐπιτή-

203 5066 366 5132 δειον,
407 5071 544 5140 ὑπέρ
581 5087 642 5122 τε
669 5070 767 5138 τῆς
807 5068 918 5121 τῶν
967 5066 1152 5120 κακῶν
1189 5067 1525 5137 ἀποτροπῆς,
1567 5066 1660 5121 καὶ
1689 5067 1783 5118 εὑ-

206 5163 492 5231 χαριστίας
520 5163 621 5232 τῆς
644 5161 754 5216 τῶν
781 5160 1001 5230 ἀγαθῶν
1039 5159 1349 5231 μετουσίας.

275 5329 378 5384 λα’.
421 5332 686 5386 Οὐδέποτε
733 5330 878 5400 ψυχὴ
925 5326 1150 5382 δύναται
1185 5327 1322 5398 πρὸς
1371 5322 1574 5393 γνῶσιν
1615 5324 1773 5378 ἕκτα-

211 5416 371 5486 eam
397 5421 553 5490 Θεοῦ,
586 5426 636 5477 εἰ
673 5423 747 5493 μὴ
782 5421 945 5483 αὐτὸς
974 5423 1002 5474 ὁ
1024 5420 1157 5482 Θεὸς
1194 5416 1604 5488 συγκαταὸάσει
1641 5434 1779 5487 χρη-

213 5508 447 5577 σάμενος
484 5513 686 5584 ἅψηται
729 5513 920 5581 αὐτῆς,
967 5510 1064 5564 καὶ¹
1103 5509 1358 5580 άναγάγῃ
1389 5507 1527 5578 πρὸς
1567 5508 1779 5565 ἑαυτόν.

220 5686 304 5745 15.

254 5621 305 5706 ν’
322 5623 494 5681 Galat.
519 5629 654 5693 11,4.
732 5627 773 5659 ¹⁰
796 5625 988 5682 Matth.
1013 5640 1066 5690 ι,
1090 5624 1143 5680 8.
1219 5624 1260 5656 ¹¹
1300 5622 1490 5677 Matth.
1531 5639 1656 5688 xxv,
1696 5622 1778 5677 24.

1873 5623 1906 5654 ³⁸
1950 5623 2118 5678 Exod.
2171 5640 2279 5691 11v,
2321 5626 2407 5679 M.

1874 4787 2053 4856 posita
2082 4796 2184 4851 est,
2221 4787 2274 4840 id
2315 4804 2481 4842 unum
2517 4790 2790 4860 congruit,
2827 4800 2887 4844 ut
2933 4791 2998 4845 ad
3045 4793 3214 4848 Deum
3261 4794 3456 4848 confu-

1876 4879 1987 4949 giat
2012 4897 2024 4931 :
2052 4879 2101 4933 ei
2137 4889 2320 4933 autem
2361 4880 2455 4948 qui
2484 4882 2674 4936 audire
2717 4883 2967 4953 jubetur,
3000 4899 3180 4953 operae
3216 4885 3457 4965 pretium

1877 4978 1939 5023 ut
1970 4968 2172 5023 divinis
2217 4970 2488 5024 mandatis
2528 4981 2816 5042 promptus
2859 4974 3140 5028 ohaudiat.
3185 4975 3455 5028 Caeterum

1858 5057 2042 5113 .docto
2075 5072 2139 5112 ac
2169 5060 2405 5128 spiritali
2442 5069 2626 5129 aptum
2665 5061 2714 5115 id
2748 5078 2811 5116 ac
2846 5062 3126 5124 idoneum,
3158 5073 3218 5115 ut
3247 5065 3457 5133 suppli-

1877 5149 2050 5204 cando
2067 5149 2407 5204 incessanter
2422 5151 2639 5218 clamet,
2663 5162 2774 5207 tum
2803 5155 2938 5207 mala
2961 5153 3244 5209 avertendi
3269 5170 3455 5222 causa,

1875 5249 1989 5293 tum
2017 5248 2079 5294 ut
2106 5239 2173 5293 de
2203 5241 2477 5311 perceptis
2500 5241 2660 5298 bonis
2687 5242 2889 5314 gratias
2915 5254 3057 5315 agat.

1944 5329 2216 5400 46851.
2243 5330 2529 5400 Nunquam
2565 5333 2655 5388 fiat
2687 5336 2942 5389 utanima
2970 5337 3035 5390 ad
3067 5337 3159 5391 Dei
3193 5351 3250 5390 se
3280 5337 3461 5392 scien-

1880 5420 2009 5474 tiam
2055 5421 2336 5484 extendat,
2369 5423 2501 5490 quin
2535 5424 2699 5485 Deus,
2730 5440 2835 5492 qua
2870 5441 2927 5479 se
2963 5426 3040 5478 illi
3089 5425 3330 5480 demittit
3366 5424 3459 5480 in-

1878 5509 2194 5574 clinatione,
2227 5509 2462 5581 benigne
2503 5514 2900 5581 apprehensum
2931 5515 2997 5568 ad
3033 5531 3089 5570 se
3118 5516 3456 5570 subvexerit.

2501 5625 2721 5680 uDeut.
2777 5642 2848 5692 vr,
2897 5629 2950 5681 4.
3054 5631 3095 5660 ⁸⁵
3145 5629 3316 5685 Exod.
3347 5646 3456 5696 XIV,
