3930 6324
7 340 108 401 [05

862 345 1198 409 ΟΛΡΙΤΗΜ
1236 348 1508 411 TIIEOL.
1549 353 1641 413 ET
1681 357 1920 419 (ECON.
1963 362 2354 427 CENTURIA
2398 368 2448 429 Ῐ.

3146 372 3287 436 1106

8 452 301 524 νωστικῆς
349 454 592 526 θεωρίας
626 473 638 487 ⁸
666 457 790 511 καθ’
819 460 886 529 ἢν
932 463 1060 525 τοὺς
1105 463 1298 531 λόγους
1335 464 1442 517 τῶν
1495 466 1586 519 δν·
1620 522 1623 534 ι

1717 476 2175 546 ontemplatlonis
2212 480 2458 550 requiem
2499 485 2783 552 transivit;
2820 501 2929 556 qua
2965 501 3156 541 rerum
3191 504 3285 543 ra-

8 558 80 595 mo
143 543 490 613 περιλαϐὼν
544 546 905 619 θεοπρεπῶς,
941 552 1045 623 τῆς
1098 555 1249 608 κατὰ
1296 555 1425 609 νοῦν
1465 558 1597 629 περι⁷

7 635 150 702 ύτὴν
187 636 486 707 κινήσεως
518 639 882 695 ἀναπαύεται.

36 726 104 791 ξ’.
151 727 218 781 '0
275 732 390 799 τῆς
424 731 494 783 δι’
537 733 686 802 ἡμᾶς
721 733 1091 807 ὲϐδοματικῆς
1136 738 1230 792 τοῦ
1271 740 1408 793 Θεοῦ
1458 759 1591 809 μετ-

7 817 239 886 σχηκὼς
284 821 694 886 ἀναπαύσεως,
726 823 821 877 καὶ
852 825 954 901 τῆς
987 824 1151 880 αὐτοῦ
1180 828 1246 881 δι’
1276 831 1427 900 ἡμᾶς
1465 831 1595 901 μεθ-

7 909 80 973 ξει
108 911 269 964 κατὰ
302 912 413 982 τὴν
454 912 652 967 θέωσιν
699 914 1027 985 όγδοατικῆς
1083 920 1391 990 ἐνεργείας,
1422 924 1599 975 εῖτουν

11 1003 264 1071 υστικῆς
297 1004 661 1068 ἀναστάσεως
682 1022 695 1034 ⁸
728 1006 888 1075 ἀφεὶς
918 1007 1014 1060 καὶ
1043 1008 1207 1072 αὐτὸς
1242 1012 1300 1065 ἐν
1332 1011 1410 1082 τῷ
1441 1013 1599 1085 τάφῳ

7 1093 217 1163 είμενα
254 1095 332 1148 τὰ
367 1094 578 1157 ὀθόνια,
608 1099 702 1149 καὶ
757 1098 817 1150 τὸ
857 1098 951 1151 ἐπὶ
1000 1101 1100 1169 τῆς
1126 1101 1368 1172 κεφαλῆς
1403 1105 1599 1157 σουδά-

7 1204 86 1238 ιον
114 1203 130 1215 ⁸
167 1187 331 1258 ἅπερ
365 1187 706 1258 Θεωροῦντες
738 1190 792 1244 εῐ
824 1208 909 1254 τις
951 1191 1275 1263 Πέτροςκαὶ
1320 1195 1597 1268 Ἰωάννης,

12 1275 351 1330 ιστεύουσιν
390 1278 689 1349 ἐγηγέρθαι
728 1280 820 1334 τὸν
846 1280 1073 1352 Κύριον.

38 1482 152 1551 ξα’.
177 1486 319 1556 Μνη
331 1486 495 1557 μεῖόν
524 1486 675 1539 ἐστιν
718 1487 849 1552 ἴσως
877 1489 1233 1554 Δεσποτικδν,
1268 1491 1300 1561 ἥ
1330 1492 1361 1544 ό
1393 1492 1600 1562 κόσμος

7 1572 157 1641 ὅτος,
191 1578 228 1649 ἢ
265 1580 303 1648 ἡ
350 1578 593 1632 ἑκάστου
626 1579 737 1633 τῶν
772 1581 984 1635 πιστῶν
1023 1584 1223 1653 καρδία
1248 1602 1261 1615 ⁸
1292 1584 1360 1637 τά
1390 1584 1447 1638 δὲ
1478 1584 1599 1638 όθό-

7 1689 80 1733 ια,
124 1672 178 1723 οἱ
212 1672 332 1724 τῶν
370 1672 649 1742 αἰσθητῶν
676 1674 814 1742 μετὰ
848 1674 958 1727 τῶν
998 1678 1118 1730 κατ’
1140 1678 1341 1750 ἀρετὴν
1381 1681 1599 1752 τρόπων

8 1762 308 1833 πάρχουσι
345 1761 504 1829 λόγοι
536 1779 550 1793 ⁸
583 1763 645 1814 τὸ
670 1763 727 1816 δὲ
790 1766 1098 1836 σουδάριον,
1128 1770 1161 1839 ἡ
1216 1768 1326 1823 τῶν
1387 1769 1596 1839 νοητῶν

7 1825 105 1904 στι,
133 1825 286 1922 μετὰ
326 1825 440 1923 τῆς
460 1854 818 1925 ἐνδεχομένης
849 1825 1126 1927 θεολογίας
1149 1825 1296 1931 άπλῆ
1321 1860 1416 1915 καὶ
1436 1825 1593 1914 ἁποί-
1631 1825 1671 1879 Β

13 1943 131 2005 ιλος
177 1943 429 2011 γνῶσις,
463 1945 533 1998 δι’
564 1938 640 1999 ὧν
670 1947 997 2018 ἐγνωρίζετο
1038 1951 1305 2021 πρότερον
1342 1944 1371 2003 6
1400 1952 1594 2019 Λόγος,

8 2033 289 2103 μχώρητον
363 2036 501 2105 ἡμῖν
545 2035 683 2106 ἔχων
718 2038 1038 2093 παντάπασι
1078 2040 1202 2112 δίχα
1236 2041 1462 2105 τούτων,
1496 2043 1596 2113 τὴν

19 2124 123 2194 πὲρ
159 2124 350 2177 ταῦτα
388 2127 720 2198 κατάληψιν.

52 2213 155 2284 ξβ’.
193 2218 261 2269 Oi
296 2216 609 2282 θάπτοντες
645 2220 880 2288 ἐντίμως
919 2224 1011 2277 τὸν
1050 2223 1279 2296 Κύριον,
1312 2227 1408 2280 καῖ⁸
1450 2228 1598 2281 ἐνδό-

8 2324 94 2369 ηως
155 2308 494 2364 ἀναστάντα
543 2311 875 2367 θεάσονται·
940 2318 1109 2370 πᾶσιν
1159 2318 1289 2371 ὄντα
1345 2322 1459 2383 τοῖς
1523 2322 1597 2390 μὴ

8 2399 261 2467 ὀιούτοις
289 2402 551 2458 ἀθέατον.
590 2406 705 2460 Οὐκ
749 2406 828 2460 ἔτι
859 2408 968 2479 γὰρ
1007 2413 1120 2474 τοῖς
1151 2412 1598 2466 ὲπιϐουλεύουσῖν

8 2509 137 2544 ,στιν
178 2495 424 2559 ἁλωτδς,
451 2498 551 2549 οὐκ
597 2498 734 2568 ἔχων
763 2498 872 2552 τῶν
902 2501 1063 2565 ἐκτὸς
1096 2504 1163 2557 τὰ
1190 2504 1597 2575 προκαλύμμα-

7 2600 73 2641 τα,
121 2585 192 2637 δι’
230 2580 312 2639 ὧν
348 2587 528 2642 ἐδόκει
568 2590 737 2644 θέλων
772 2592 1093 2649 ἁλίσκεσθαι
1132 2599 1282 2667 παρὰ
1312 2598 1421 2651 τῶν
1476 2599 1570 2668 βου
1588 2631 1600 2638 να

7 2676 267 2745 διομένων,
298 2680 400 2733 καὶ
458 2682 687 2753 πάσχειν
734 2684 875 2757 ὑπὲρ
918 2687 1018 2757 τῆς
1054 2688 1273 2741 πάντων
1321 2689 1599 2762 σωτηρίας

7 2771 85 2838 ηνε
96 2770 269 2840 ἔχετο.

72 2858 175 2929 ἔτ’.
224 2863 287 2917 Ὀ
326 2862 557 2920 θάπτων
583 2868 820 2939 ἐντίμως
855 2869 949 2923 τὸν
984 2868 1214 2939 Κύριον,
1258 2871 1424 2924 πᾶσίν
1483 2872 1601 2925 ἐστι

7 2954 113 3015 τοῖς
172 2955 462 3023 φιλοθέοις
519 2959 801 3029 αἰδέσιμος
834 2978 848 2992 ⁸
878 2960 1151 3032 θριάμϐου
1174 2962 1283 3034 γὰρ
1313 2963 1475 3016 αὐτὸν
1511 2965 1603 3018 καὶ

7 3038 242 3106 ὀνείδους
261 3044 629 3115 καθηκόντως
651 3047 944 3119 ὲρῤύσατο.
967 3049 1317 3122 βλασφημίας
1345 3053 1604 3109 ὑπόθεσιν

1703 563 1884 619 tiones
1915 566 2101 623 divine
2139 573 2479 641 complexus,
2510 590 2540 628 a
2570 575 2771 630 mentis
2800 576 2948 632 circa
2976 591 3098 632 cam
3132 588 3288 633 motu

1701 655 1969 725 quiescit.

1771 747 1860 802 σο.
1904 749 2005 817 Qui
2053 754 2301 822 septimm
2346 757 2551 826 quietis
2594 758 2688 813 Dei
2737 758 2791 812 in
2834 760 3009 814 nostri
3054 761 3285 831 gratiam

1700 841 1978 913 particeps
1996 843 2172 901 factus
2194 856 2308 913 est;
2334 849 2454 919 ejus
2475 865 2695 920 quoque
2720 861 2946 921 propter
2963 868 3061 906 nos
3083 860 3288 906 octava:

1701 930 2035 997 operationis
2072 948 2170 1003 per
2200 935 2608 993 deiﬁcationem
2649 941 2920 1011 (mystica:
2952 941 3165 996 scilicet
3198 958 3287 995 re—

1701 1024 2086 1099 surrectionis)
2121 1026 2215 1083 ﬁet
2246 1031 2549 1102 particeps;
2588 1032 2703 1103 ipse
2735 1034 2901 1089 etiam
2942 1035 2995 1088 in
3030 1036 3291 1105 sepulcro

1700 1110 2021 1171 linteamina
2050 1120 2250 1188 posita,
2276 1138 2339 1177 ac
2370 1117 2655 1179 sudarium
2687 1126 2835 1197 quod
2869 1127 3031 1196 capiti
3070 1126 3291 1196 imposi—

1704 1211 1820 1257 tum
1862 1205 2071 1275 fuerat,
2106 1211 2446 1281 relinquens.
2480 1213 2607 1270 llrec
2645 1231 2813 1286 porro
2852 1224 3212 1279 contuentes,
3244 1215 3291 1269 si

1701 1296 1827 1366 quis
1855 1297 2052 1356 Petrus
2085 1316 2149 1357 ac
2176 1302 2417 1383 Joannes
2449 1316 2562 1373 est,
2596 1307 2887 1363 Dominum
2924 1307 3292 1365 resurrexisse

1702 1390 1935 1446 credent
1957 1394 2022 1447 ³⁸.

1774 1485 1864 1539 6i.
1893 1485 2241 1543 Dominieum
2275 1488 2419 1545 forte
2454 1500 2904 1556 monumentum,
2929 1499 3025 1546 aut
3054 1491 3295 1547 mundus

1704 1573 1808 1628 iste
1851 1584 1969 1641 est,
2013 1584 2109 1632 aut
2154 1580 2398 1649 cujusvis
2450 1578 2698 1635 ﬁdelium
2748 1596 2844 1635 eor
2890 1582 3007 1636 sive
3050 1582 3288 1637 animus.

1704 1665 2032 1735 Sudarium,
2066 1670 2396 1741 spiritalium
2428 1680 2547 1737 est,
2576 1686 2702 1726 eum
2744 1686 2808 1727 ea
2846 1687 3011 1742 quam
3052 1671 3292 1727 nancisci

1706 1761 1867 1826 licet,
1897 1760 2204 1834 theolOgia,
2237 1763 2470 1834 simplex
2505 1764 2767 1834 omnique
2797 1779 2998 1819 vacans
3028 1764 3295 1818 varietate

1702 1852 1965 1919 scientia;
1997 1854 2201 1924 quibus
2233 1855 2387 1925 prius
2410 1855 2651 1910 Verbum
2678 1856 3028 1919 noscebatur,
3054 1855 3172 1909 sine
3208 1854 3295 1908 his

1703 1961 1932 2015 prorsus
1965 1947 2129 2003 nobis
2164 1948 2699 2017 ineomprehensam,
2735 1963 2857 2018 quae
2891 1947 2999 2003 illis
3029 1947 3292 2012 emineat,

1702 2039 2258 2109 comprehensionem
2290 2039 2522 2096 habens.

1774 2221 1864 2278 62.
1908 2221 2013 2289 Qui
2060 2222 2366 2279 honorifice
2413 2224 2707 2279 Dominum
2756 2223 3063 2293 sepeliunt,
3112 2220 3292 2290 ipsum

1704 2329 1923 2385 quoque
1948 2314 2185 2386 gloriose
2211 2323 2594 2386 resurgentem
2616 2313 2791 2369 visuri
2818 2321 2973 2375 sunt,
3003 2326 3126 2366 cum
3157 2310 3294 2364 alio-

1704 2407 1798 2476 qui
1822 2408 2099 2474 omnibus,
2124 2409 2217 2479 qui
2241 2424 2349 2463 non
2385 2417 2514 2461 sunt
2542 2406 2837 2478 ejusmodi,
2867 2403 3163 2459 invisibilis
3197 2403 3287 2455 sit.

1704 2499 1827 2554 Non
1865 2501 2015 2554 enim
2052 2500 2289 2569 amplius
2322 2500 2607 2568 expositus
2644 2507 2731 2552 est
2766 2495 3117 2551 inimicorum
3156 2492 3290 2547 insi-

1706 2589 1843 2653 diis,
1871 2590 1964 2659 qui
1998 2590 2167 2644 nullis
2198 2591 2533 2645 exteriorum
2570 2588 2869 2643 involucris
2903 2587 3157 2642 obtectus
3190 2584 3290 2648 sit,

1707 2677 1912 2746 quibus
1942 2687 2138 2747 sponte
2164 2693 2195 2731 a
2218 2677 2533 2732 volentibus
2563 2677 2683 2747 capi
2710 2676 3021 2741 videbatur,
3051 2673 3290 2730 sustine-

1709 2772 1911 2840 batque
1942 2770 2189 2825 omnium
2217 2785 2381 2826 causa
2406 2771 2598 2826 salutis
2625 2771 2757 2841 pati.

1778 2860 1869 2915 63'.
1904 2860 2009 2926 Qui
2049 2858 2353 2915 honoriﬁce
2395 2861 2687 2915 Dominum
2727 2859 2952 2930 sepelit,
2987 2858 3152 2930 474,
3188 2858 3295 2928 piis

1709 2950 1970 3006 omnibus
2007 2965 2071 3005 ac
2110 2949 2383 3021 religiosis
2435 2949 2769 3005 venerabilis
2804 2949 3048 3015 exsiStit;
3092 2950 3293 3019 quippe

1709 3042 1805 3112 qui
1833 3041 1938 3096 rite
1970 3057 2036 3097 eo
2064 3041 2399 3112 perfunctus
2413 3041 2635 3112 pietatis
2658 3040 2855 3106 oliicio,
2879 3041 3026 3112 quod
3061 3042 3114 3094 in
3145 3041 3295 3111 ligno

7 3132 104 3185 οὐκ
129 3134 299 3202 ἀφεὶς
329 3137 449 3197 τοῖς
470 3137 746 3203 ἀπίστοις,
774 3139 872 3211 τὴν
897 3142 953 3193 ἐν
976 3140 1055 3212 τῷ
1074 3141 1216 3214 ξύλῳ
1236 3143 1401 3198 αὑτοῦ
1429 3162 1604 3217 προσ-

1717 3134 1883 3191 clavis
1917 3133 2167 3189 conﬁxus
2202 3134 2295 3199 sit,
2323 3133 2638 3204 ignominiae
2671 3133 3003 3204 publicoque
3039 3131 3296 3187 dedecori

14 3223 238 3289 ήλωσιν.
270 3228 341 3280 Οἱ
376 3227 436 3281 δὲ
473 3231 774 3300 σφραγῖδας
831 3234 1164 3299 ἐπιτιθέντες
1193 3235 1273 3307 τῷ
1300 3236 1474 3309 τάφῳ,
1509 3238 1606 3292 καὶ

12 3317 357 3404 στρατιώτας
410 3321 909 3391 προκαθιστῶντες,
955 3328 1175 3397 μισητοὶ
1208 3328 1309 3397 τῆς
1348 3329 1596 3401 ἐγχειρή-

14 3422 151 3470 σεως
186 3424 201 3438 ⁸
234 3411 286 3464 οἳ
340 3411 440 3464 καὶ
482 3413 794 3469 ἀναστάντα
824 3417 917 3468 τὸν
947 3416 1142 3486 Λόγον,
1191 3417 1266 3482 ὡς
1328 3420 1607 3474 κλαπέντα

13 3497 405 3555 διαϐάλλουσιν
437 3519 450 3532 ⁸
488 3505 761 3577 ἀργυρίῳ,
799 3506 990 3581 ὥσπερ
1017 3508 1107 3563 τὸν
1153 3511 1306 3565 νόθον
1356 3513 1608 3584 μαθητὴν

16 3591 93 3654 είς
124 3593 433 3658 προδοσίαν
457 3613 469 3625 ⁸
498 3596 644 3664 λέγω
676 3598 733 3651 δὲ
756 3598 846 3652 τὸν
875 3601 1243 3655 ἐπιδεικτικὸν
1284 3604 1483 3674 τρόπον
1508 3606 1607 3676 τῆς

18 3682 218 3755 ἀρετῆς
248 3702 264 3716 ⁸
294 3686 445 3740 οὕτω
479 3688 725 3750 καὶτοὺς
768 3691 1104 3762 στρατιώτας
1149 3694 1285 3765 πρὸς
1331 3712 1607 3765 συκοφαν-

18 3772 137 3825 τίαν
162 3775 258 3828 τοῦ
288 3777 623 3842 ἀναστάντος
679 3780 933 3851 Σωτῆρος
962 3782 1292 3852 ὠνούμενοι.
1344 3784 1610 3839 Γινώσκει

19 3864 128 3917 τῶν
184 3865 505 3940 λεγομένων
558 3871 658 3941 τὴν
702 3872 984 3943 ἔμφασιν,
1031 3877 1058 3928 ὁ
1107 3878 1410 3942 γνωστικός
1440 3894 1455 3909 ⁸
1509 3878 1610 3931 οὐκ

22 3956 236 4023 ἀγνοῶν
277 3959 399 4023 πῶς
456 3977 515 4013 τε
544 3962 639 4013 καὶ
663 3962 919 4032 ποσαχῶς
958 3964 1288 4033 σταυροῦται
1322 3967 1349 4018 ὁ
1380 3965 1608 4035 Κύριος,

24 4046 119 4099 καὶ
178 4048 455 4104 θάπτεται
501 4052 595 4105 καὶ
647 4052 977 4107 ἀνίσταται·
1037 4055 1170 4108 ὡσεὶ¹
1230 4058 1460 4127 νεκροὺς
1512 4057 1612 4130 μὲν

25 4136 193 4190 ποιῶν
214 4140 345 4203 τοὺς
370 4140 480 4193 ὑπὸ
502 4140 773 4212 δαιμόνων
796 4146 860 4214 τῇ
887 4145 1084 4216 καρδία
1109 4146 1612 4218 παρακαθημένους

28 4226 297 4296 ἐμπαθεῖς
348 4233 647 4304 λογισμούς
678 4254 691 4266 ⁸
724 4236 852 4299 τοὺς
894 4237 1377 4310 διαμεριζομένους
1414 4240 1472 4292 ἐν
1497 4239 1611 4302 τοῖς

31 4325 361 4392 πειρασμοῖς
413 4323 605 4397 ῶσπερ
646 4326 867 4397 ίμάτια,
899 4329 1026 4400 τοὺς
1061 4330 1299 4401 τρόπους
1344 4331 1445 4402 τῆς
1496 4332 1613 4401 ὴθι-

32 4410 132 4478 κῆς
160 4412 528 4485 εὐπρεπείας·
563 4418 658 4470 καὶ
684 4418 1031 4489 ὑπερϐαίνων
1065 4420 1256 4493 ῶσπερ
1307 4423 1611 4493 σφραγῖδας

1709 3226 2019 3297 expositum
2048 3242 2161 3281 non
2194 3225 2507 3296 reliquerit,
2534 3225 2631 3281 sed
2664 3241 2730 3280 eo
2764 3225 3083 3279 liberaverit
3103 3224 3166 3279 εί.
3191 3221 3295 3291 Qui

1710 3326 1896 3373 autem
1928 3318 2210 3388 signacula
2244 3317 2633 3388 imposuerunt
2663 3318 2937 3387 sepulcro,
2970 3332 3034 3370 ac
3065 3317 3159 3387 qui
3191 3317 3296 3371 mi-

1709 3410 1837 3464 lites
1864 3409 2194 3479 prteliciunt,
2220 3410 2342 3481 ejus
2370 3409 2451 3464 rei
2479 3408 2787 3472 molimine,
2812 3409 2961 3463 omni
2991 3408 3140 3479 digni
3171 3408 3299 3462 odio

1710 3510 1860 3567 sunt,
1886 3504 1981 3572 qui
2005 3511 2063 3557 et
2086 3501 2331 3556 Verbum
2362 3516 2485 3556 cum
2518 3500 2842 3567 surrexerit,
2865 3509 3124 3570 tanquam
3154 3499 3299 3554 furto

1710 3595 1991 3650 sublatum
2028 3596 2120 3661 sit,
2152 3605 2471 3667 suSpectum
2504 3594 2784 3650 reddunt:
2819 3594 2897 3649 sic
2930 3594 3211 3658 nimirum,
3242 3603 3302 3647 ut

1711 3688 1857 3744 sicut
1891 3688 2086 3743 falsum
2122 3688 2457 3759 discipulum
2499 3688 2631 3761 (quo
2665 3687 2889 3743 nomine
2924 3686 3146 3742 virtutis
3180 3702 3299 3739 mo-

1712 3779 1845 3833 dum
1877 3780 2231 3835 ostentationi
2260 3782 2616 3850 conjunctum
2642 3778 2934 3849 intelligo),
2962 3780 3042 3834 sic
3075 3787 3129 3832 et
3161 3778 3303 3831 mili-

1712 3879 1797 3925 tes
1825 3869 1893 3924 ad
1918 3871 2254 3925 calumniam
2282 3869 2506 3924 Christo
2537 3869 2883 3932 struendam,
2911 3868 3143 3937 pecunia
3172 3884 3303 3921 con-

1713 3961 1943 4016 ducunt.
1973 3961 2149 4015 Porro
2176 3961 2263 4015 vir
2291 3960 2556 4031 spiritalis
2586 3974 2648 4014 ac
2681 3958 2951 4029 sapientia
2985 3966 3299 4027 provectus,

1711 4067 1903 4107 eorum
1929 4068 2050 4122 quae
2087 4051 2350 4107 dicuntur
2387 4051 2497 4105 vim
2538 4049 2721 4116 n0vit;
2767 4064 2931 4120 quem
2962 4064 3071 4103 non
3101 4049 3298 4111 lateat,

1712 4144 1990 4216 quomodo
2019 4160 2082 4200 ac
2110 4152 2247 4216 quot
2274 4143 2452 4199 modis
2479 4140 2748 4197 Dominus
2783 4141 3154 4213 crueiﬂgatur,
3186 4148 3300 4194 tra—

1713 4238 1988 4308 daturque
2032 4237 2327 4308 sepultura:
2374 4244 2540 4305 atque
2591 4242 2869 4305 resurgat;
2917 4233 2991 4288 ita
3039 4232 3301 4287 nimirum

1714 4340 1776 4385 ut
1821 4330 2147 4386 libidinosas
2192 4328 2556 4400 cogitationes
2598 4326 2920 4382 auctoribus
2962 4325 3303 4381 dtemonibus

1716 4420 1895 4490 iisque
1946 4418 2386 4490 praziicientibus
2441 4415 2595 4472 cordi
2651 4414 2988 4479 assidentes,
3037 4430 3101 4469 ac
3151 4414 3304 4468 velut

32 4502 156 4564 τοὺς
183 4503 571 4576 ἐπικειμένους
598 4510 665 4580 τῇ
702 4509 847 4583 ψυχῇ
888 4512 1112 4579 τύπους,
1149 4513 1260 4566 τῶν
1283 4514 1428 4569 κατὰ
1474 4514 1604 4586 πρό-

1718 4509 2068 4575 vestimenta,
2090 4509 2318 4564 moralis
2347 4508 2657 4565 honestatis
2682 4518 2844 4579 atque
2869 4508 3084 4562 decoris
3111 4505 3301 4560 modos

31 4586 193 4661 ληψιν
218 4595 659 4667 ἁμαρτημάτων.

1723 4602 2123 4659 tentationibus
2154 4601 2492 4667 dividentes,
2518 4604 2671 4657 velut
2704 4610 2946 4656 mortuas
2982 4601 3198 4667 reddat;
3230 4614 3302 4679 ac

36 4688 187 4751 quasi
223 4690 527 4761 signacula,
560 4694 792 4769 injectas
860 4682 1057 4754 animae
1125 4697 1314 4769 illique
1352 4699 1684 4757 inhaerentes
1723 4710 2075 4771 peccatorum
2133 4707 2401 4769 occupata
2457 4698 2718 4770 opinione
2774 4698 2978 4771 ﬁguras
3034 4704 3303 4768 notasque

38 4791 259 4846 superet
286 4800 349 4841 ac
380 4789 672 4846 transiliat.

107 4872 196 4937 ξδ’.
224 4876 339 4942 Πᾶς
378 4879 716 4953 φιλάργυρος
752 4882 851 4952 (2),
909 4882 977 4935 δι’
1014 4882 1301 4950 εὐλαϐείας
1338 4886 1439 4955 τὴν
1487 4887 1616 4958 ἀρε-

40 4962 133 5051 τὴν
164 4967 613 5043 ὑποκρινόμενος,
654 4975 876 5029 ἐπειδὰν
936 4974 1074 5050 εὕρῃ
1132 4979 1235 5048 τὴν
1274 4977 1616 5051 ποθουμένην

44 5049 171 5143 ύλην
191 5061 545 5131 πορίσασθαι,
571 5064 663 5119 τὸν
692 5066 894 5138 τρόπον
922 5049 1255 5139 ἐξώμνυται,
1283 5070 1403 5123 καθ’
1423 5049 1485 5125 ὃν
1513 5049 1617 5143 μα·-

44 5141 206 5217 θητὴς
240 5147 378 5207 εἶναι
410 5155 504 5208 τοῦ
531 5156 705 5226 Λόγου
729 5158 790 5211 τὸ
819 5158 951 5229 πρὶν
979 5161 1281 5230 ἐνομίζετο.
1500 5226 1503 5227 ν

114 5236 202 5301 ξέ.
237 5244 403 5300 Ὅταν
453 5247 570 5318 ἴδῃς
613 5251 766 5314 τινὰς
827 5252 1213 5324 ὑπερηφάνους
1245 5253 1319 5325 μὴ
1350 5254 1616 5326 φέροντας

48 5324 375 5391 ἐπαινεῖσθαι
411 5341 538 5405 τοὺς
563 5343 903 5411 κρείττονας,
929 5324 1253 5415 άκήρυκτόν
1269 5324 1328 5398 τε
1358 5324 1615 5417 μηχανω-

50 5417 233 5507 μένους
262 5432 434 5484 ποιεῖν
461 5431 559 5502 τὴν
598 5432 936 5505 λαλουμένην
973 5433 1255 5501 ἀλήθειαν,
1287 5435 1507 5507 μυρίοις
1521 5437 1618 5489 αὑ-

48 5506 139 5597 τὴν
156 5513 516 5588 ἀπείργοντας
542 5528 888 5597 πειρασμοῖς,
905 5526 999 5579 καὶ
1019 5525 1296 5596 ἀθεμίτοις
1318 5506 1613 5591 διαϐολαῖς⁸

52 5595 153 5650 νόει
183 5619 269 5672 μοι
300 5611 460 5667 πάλιν
498 5614 604 5670 ὑπὸ
625 5614 832 5670 τούτων
858 5614 1229 5684 σταυροῦσθαι
1272 5616 1363 5670 τὸν
1408 5616 1614 5690 Κύριον

118 5774 162 5807 “’
180 5779 329 5841 Joan.
351 5805 439 5856 xx,
467 5793 497 5846 5
526 5809 676 5864 seqq.
757 5794 796 5827 ³¹
824 5793 1013 5849 Matth.
1040 5808 1201 5860 xxvn,
1225 5793 1291 5848 57
1317 5808 1471 5865 seqq.

1783 4885 1872 4941 64.
1906 4884 2121 4959 Avarus
2153 4884 2334 4940 omnis
2368 4883 2627 4956 religioso
2660 4883 2851 4939 habitu
2889 4892 3152 4954 motuque
3187 4885 3302 4939 vir-

1716 4985 1888 5033 tutem
1918 4978 2207 5041 simulans,
2233 4977 2325 5031 ubi
2358 4978 2628 5047 pecuniae,
2656 4978 2813 5047 cujus
2839 4976 3117 5032 desiderio
3150 4985 3302 5032 tene-

1714 5070 1899 5135 batur,
1930 5069 2189 5139 paranda:
2218 5069 2305 5123 via
2338 5070 2589 5139 ratioque
2621 5068 2946 5133 occurrerit,
2974 5084 3155 5123 mores
3184 5070 3302 5139 eju-

1715 5168 1801 5216 rat
1830 5160 2036 5230 quibus
2064 5161 2360 5229 putabatur
2386 5176 2507 5216 esse
2532 5161 2697 5217 Verbi
2728 5160 3052 5230 discipulus.

1786 5252 1874 5327 65.
1903 5252 2041 5307 Cum
2074 5252 2290 5322 aliquos
2316 5253 2589 5323 superbos
2619 5251 2954 5316 adverteris,
2984 5267 3092 5307 non
3122 5252 3302 5307 feren-

1714 5353 1800 5400 tes
1846 5343 2061 5399 laudari
2109 5357 2211 5398 eos
2251 5343 2347 5412 qui
2400 5344 2535 5413 ipsis
2586 5344 2846 5398 meliores
2896 5343 3039 5407 sint,
3083 5343 3300 5413 hocque

1713 5436 2006 5493 molientes
2038 5443 2097 5491 ut
2124 5434 2411 5491 veritatem
2443 5450 2565 5506 quae
2593 5436 2885 5506 evulgatur
2916 5436 2970 5489 in
3002 5436 3297 5491 obscurum

1713 5534 1931 5599 cogant,
1961 5523 2378 5595 innumerisque
2409 5523 2809 5580 tentationibus
2833 5538 2951 5579 eam
2980 5522 3296 5585 eobibeant,

1713 5632 1777 5673 ac
1814 5615 2070 5672 nefandis
2113 5614 2406 5671 calumniis
2447 5614 2792 5686 opprimant;
2832 5614 3010 5685 cogita
3054 5613 3190 5669 mihi
3228 5612 3299 5669 ab
