  <div class='ocr_page' id='page_1' title='image "/cluster/home/n/w/nwhite01/storage/ocr_20150623/90/pst.000005712960/594.png"; bbox 0 0 3930 6324; ppageno 0'>
   <div class='ocr_carea' id='block_1_1' title="bbox 14 321 178 386">
    <p class='ocr_par' dir='ltr' id='par_1_1' title="bbox 14 321 178 386">
     <span class='ocr_line' id='line_1_1' title="bbox 14 321 178 386; baseline 0 0"><span class='ocrx_word' id='word_1_1' title='bbox 14 321 178 386; x_wconf 72' lang='lat'><strong>1109</strong></span> 
     </span>
    </p>
   </div>
   <div class='ocr_carea' id='block_1_2' title="bbox 19 527 1654 602">
    <p class='ocr_par' dir='ltr' id='par_1_2' title="bbox 19 527 1654 602">
     <span class='ocr_line' id='line_1_2' title="bbox 19 527 1654 602; baseline 0.002 -22"><span class='ocrx_word' id='word_1_2' title='bbox 19 527 246 595; x_wconf 81' lang='grc' dir='ltr'>λόγοις</span> <span class='ocrx_word' id='word_1_3' title='bbox 275 529 372 598; x_wconf 83' lang='grc'><strong>(5),</strong></span> <span class='ocrx_word' id='word_1_4' title='bbox 402 530 494 581; x_wconf 74' lang='grc' dir='ltr'><strong>καὶ</strong></span> <span class='ocrx_word' id='word_1_5' title='bbox 530 529 692 592; x_wconf 85' lang='grc' dir='ltr'>τόπος</span> <span class='ocrx_word' id='word_1_6' title='bbox 725 529 1049 598; x_wconf 69' lang='grc' dir='ltr'><strong>λέγεταικαὶ</strong></span> <span class='ocrx_word' id='word_1_7' title='bbox 1075 531 1231 595; x_wconf 87' lang='grc' dir='ltr'>αίὼν,</span> <span class='ocrx_word' id='word_1_8' title='bbox 1264 532 1372 585; x_wconf 84' lang='grc' dir='ltr'><strong>τῶν</strong></span> <span class='ocrx_word' id='word_1_9' title='bbox 1400 535 1458 586; x_wconf 85' lang='grc' dir='ltr'>ὲν</span> <span class='ocrx_word' id='word_1_10' title='bbox 1505 531 1654 602; x_wconf 79' lang='grc' dir='ltr'>αὐτῷ</span> 
     </span>
    </p>
   </div>
   <div class='ocr_carea' id='block_1_3' title="bbox 23 620 1702 696">
    <p class='ocr_par' dir='ltr' id='par_1_3' title="bbox 23 620 1702 696">
     <span class='ocr_line' id='line_1_3' title="bbox 23 620 1702 696; baseline 0.002 -25"><span class='ocrx_word' id='word_1_11' title='bbox 23 620 474 696; x_wconf 61' lang='grc' dir='ltr'>διαιτωμένωνς</span> <span class='ocrx_word' id='word_1_12' title='bbox 506 621 744 692; x_wconf 77' lang='grc' dir='ltr'><strong>τρόπους</strong></span> <span class='ocrx_word' id='word_1_13' title='bbox 763 620 1138 694; x_wconf 81' lang='grc' dir='ltr'><strong>θεωρημάτων</strong></span> <span class='ocrx_word' id='word_1_14' title='bbox 1165 623 1302 694; x_wconf 81' lang='grc' dir='ltr'>ἔχων</span> <span class='ocrx_word' id='word_1_15' title='bbox 1328 624 1468 676; x_wconf 80' lang='grc' dir='ltr'>κατὰ</span> <span class='ocrx_word' id='word_1_16' title='bbox 1491 623 1656 690; x_wconf 82' lang='grc' dir='ltr'>φύσιν</span> <span class='ocrx_word' id='word_1_17' title='bbox 1699 693 1702 696; x_wconf 18' lang='lat'><strong><em>.</em></strong></span> 
     </span>
    </p>
   </div>
   <div class='ocr_carea' id='block_1_4' title="bbox 25 709 1656 784">
    <p class='ocr_par' dir='ltr' id='par_1_4' title="bbox 25 709 1656 784">
     <span class='ocr_line' id='line_1_4' title="bbox 25 709 1656 784; baseline 0.001 -22"><span class='ocrx_word' id='word_1_18' title='bbox 25 711 178 773; x_wconf 74' lang='grc' dir='ltr'>τοὺς</span> <span class='ocrx_word' id='word_1_19' title='bbox 207 711 278 764; x_wconf 83' lang='grc' dir='ltr'>ἐν</span> <span class='ocrx_word' id='word_1_20' title='bbox 298 709 448 780; x_wconf 79' lang='grc' dir='ltr'>αὐτῷ</span> <span class='ocrx_word' id='word_1_21' title='bbox 476 711 800 780; x_wconf 79' lang='grc' dir='ltr'><strong>προσφυεῖς,</strong></span> <span class='ocrx_word' id='word_1_22' title='bbox 839 713 1071 784; x_wconf 83' lang='grc' dir='ltr'><strong>μερικὴν</strong></span> <span class='ocrx_word' id='word_1_23' title='bbox 1099 714 1432 784; x_wconf 80' lang='grc' dir='ltr'><strong>κατανόησιν</strong></span> <span class='ocrx_word' id='word_1_24' title='bbox 1469 714 1656 775; x_wconf 76' lang='grc' dir='ltr'>αὐτοῖς</span> 
     </span>
    </p>
   </div>
   <div class='ocr_carea' id='block_1_5' title="bbox 29 800 1657 872">
    <p class='ocr_par' dir='ltr' id='par_1_5' title="bbox 29 800 1657 872">
     <span class='ocr_line' id='line_1_5' title="bbox 29 800 1657 872; baseline 0.002 -20"><span class='ocrx_word' id='word_1_25' title='bbox 29 800 370 869; x_wconf 70' lang='grc' dir='ltr'><strong>ἐμποιῆσαι</strong></span> <span class='ocrx_word' id='word_1_26' title='bbox 405 803 507 870; x_wconf 82' lang='grc' dir='ltr'>τῆς</span> <span class='ocrx_word' id='word_1_27' title='bbox 535 801 629 854; x_wconf 68' lang='grc' dir='ltr'><strong>ἐπὶ</strong></span> <span class='ocrx_word' id='word_1_28' title='bbox 664 801 840 868; x_wconf 81' lang='grc' dir='ltr'>πάντα</span> <span class='ocrx_word' id='word_1_29' title='bbox 875 804 1068 872; x_wconf 79' lang='grc' dir='ltr'>σοφίας</span> <span class='ocrx_word' id='word_1_30' title='bbox 1101 803 1196 856; x_wconf 86' lang='grc' dir='ltr'><strong>τοῦ</strong></span> <span class='ocrx_word' id='word_1_31' title='bbox 1249 803 1385 856; x_wconf 86' lang='grc' dir='ltr'>Θεοῦ</span> <span class='ocrx_word' id='word_1_32' title='bbox 1421 803 1657 872; x_wconf 78' lang='grc' dir='ltr'>δυναμέ-</span> 
     </span>
    </p>
   </div>
   <div class='ocr_carea' id='block_1_6' title="bbox 39 886 1657 965">
    <p class='ocr_par' dir='ltr' id='par_1_6' title="bbox 39 886 1657 965">
     <span class='ocr_line' id='line_1_6' title="bbox 39 886 1657 965; baseline 0.004 -24"><span class='ocrx_word' id='word_1_33' title='bbox 39 907 216 953; x_wconf 76' lang='grc' dir='ltr'>νουςο</span> <span class='ocrx_word' id='word_1_34' title='bbox 255 886 338 953; x_wconf 75' lang='grc' dir='ltr'>οἷς</span> <span class='ocrx_word' id='word_1_35' title='bbox 363 891 468 953; x_wconf 73' lang='grc' dir='ltr'><strong>ἕως</strong></span> <span class='ocrx_word' id='word_1_36' title='bbox 487 893 726 963; x_wconf 79' lang='grc' dir='ltr'>χρῶνται</span> <span class='ocrx_word' id='word_1_37' title='bbox 755 893 894 962; x_wconf 71' lang='grc' dir='ltr'>πρὸς</span> <span class='ocrx_word' id='word_1_38' title='bbox 935 895 1288 965; x_wconf 81' lang='grc' dir='ltr'><strong>κατανόησιν,</strong></span> <span class='ocrx_word' id='word_1_39' title='bbox 1323 895 1384 948; x_wconf 81' lang='grc' dir='ltr'>οὗ</span> <span class='ocrx_word' id='word_1_40' title='bbox 1404 894 1657 949; x_wconf 82' lang='grc' dir='ltr'>δύνανται</span> 
     </span>
    </p>
   </div>
   <div class='ocr_carea' id='block_1_7' title="bbox 33 979 1654 1058">
    <p class='ocr_par' dir='ltr' id='par_1_7' title="bbox 33 979 1654 1058">
     <span class='ocr_line' id='line_1_7' title="bbox 33 979 1654 1058; baseline 0.004 -25"><span class='ocrx_word' id='word_1_41' title='bbox 33 982 175 1050; x_wconf 78' lang='grc' dir='ltr'>δίχα</span> <span class='ocrx_word' id='word_1_42' title='bbox 262 982 560 1052; x_wconf 86' lang='grc' dir='ltr'>μεσότητος</span> <span class='ocrx_word' id='word_1_43' title='bbox 618 979 758 1037; x_wconf 79' lang='grc' dir='ltr'>εἶναι</span> <span class='ocrx_word' id='word_1_44' title='bbox 815 985 909 1037; x_wconf 75' lang='grc' dir='ltr'>καὶ</span> <span class='ocrx_word' id='word_1_45' title='bbox 965 986 1198 1058; x_wconf 83' lang='grc' dir='ltr'>μερικῆς</span> <span class='ocrx_word' id='word_1_46' title='bbox 1272 985 1654 1058; x_wconf 78' lang='grc' dir='ltr'>καταλήψεως.</span> 
     </span>
    </p>
   </div>
   <div class='ocr_carea' id='block_1_8' title="bbox 55 1073 1659 1146">
    <p class='ocr_par' dir='ltr' id='par_1_8' title="bbox 55 1073 1659 1146">
     <span class='ocr_line' id='line_1_8' title="bbox 55 1073 1659 1146; baseline 0.004 -23"><span class='ocrx_word' id='word_1_47' title='bbox 55 1074 314 1144; x_wconf 80' lang='grc' dir='ltr'><strong>Ἐπειδὴ</strong></span> <span class='ocrx_word' id='word_1_48' title='bbox 349 1073 405 1126; x_wconf 84' lang='grc' dir='ltr'><strong>δὲ</strong></span> <span class='ocrx_word' id='word_1_49' title='bbox 441 1073 502 1126; x_wconf 83' lang='grc' dir='ltr'><strong>τὸ</strong></span> <span class='ocrx_word' id='word_1_50' title='bbox 525 1076 586 1126; x_wconf 79' lang='grc' dir='ltr'>ἐκ</span> <span class='ocrx_word' id='word_1_51' title='bbox 625 1075 828 1144; x_wconf 76' lang='grc' dir='ltr'>μέρους</span> <span class='ocrx_word' id='word_1_52' title='bbox 857 1074 950 1128; x_wconf 87' lang='grc' dir='ltr'><strong>τοῦ</strong></span> <span class='ocrx_word' id='word_1_53' title='bbox 982 1077 1186 1129; x_wconf 88' lang='grc' dir='ltr'>τελείου</span> <span class='ocrx_word' id='word_1_54' title='bbox 1235 1077 1496 1146; x_wconf 83' lang='grc' dir='ltr'><strong>φανέντος</strong></span> <span class='ocrx_word' id='word_1_55' title='bbox 1526 1095 1659 1131; x_wconf 89' lang='grc' dir='ltr'>κατ-</span> 
     </span>
    </p>
   </div>
   <div class='ocr_carea' id='block_1_9' title="bbox 37 1164 1662 1238">
    <p class='ocr_par' dir='ltr' id='par_1_9' title="bbox 37 1164 1662 1238">
     <span class='ocr_line' id='line_1_9' title="bbox 37 1164 1662 1238; baseline 0.004 -22"><span class='ocrx_word' id='word_1_56' title='bbox 37 1167 350 1234; x_wconf 73' lang='grc' dir='ltr'>αργεῖται,</span> <span class='ocrx_word' id='word_1_57' title='bbox 387 1165 482 1217; x_wconf 77' lang='grc' dir='ltr'><strong>καὶ</strong></span> <span class='ocrx_word' id='word_1_58' title='bbox 521 1165 590 1218; x_wconf 81' lang='grc' dir='ltr'><strong>τά</strong></span> <span class='ocrx_word' id='word_1_59' title='bbox 627 1164 870 1237; x_wconf 73' lang='grc' dir='ltr'>ἔσοπτρα</span> <span class='ocrx_word' id='word_1_60' title='bbox 917 1167 1096 1220; x_wconf 81' lang='grc' dir='ltr'>πάντα</span> <span class='ocrx_word' id='word_1_61' title='bbox 1125 1169 1220 1220; x_wconf 69' lang='grc' dir='ltr'><strong>καὶ</strong></span> <span class='ocrx_word' id='word_1_62' title='bbox 1257 1169 1324 1221; x_wconf 82' lang='grc' dir='ltr'><strong>τὰ</strong></span> <span class='ocrx_word' id='word_1_63' title='bbox 1363 1168 1662 1238; x_wconf 75' lang='grc' dir='ltr'>αἰνίγματα</span> 
     </span>
    </p>
   </div>
   <div class='ocr_carea' id='block_1_10' title="bbox 43 1256 1663 1332">
    <p class='ocr_par' dir='ltr' id='par_1_10' title="bbox 43 1256 1663 1332">
     <span class='ocr_line' id='line_1_10' title="bbox 43 1256 1663 1332; baseline 0.003 -24"><span class='ocrx_word' id='word_1_64' title='bbox 43 1256 470 1327; x_wconf 73' lang='grc' dir='ltr'>παρέρχονται,</span> <span class='ocrx_word' id='word_1_65' title='bbox 508 1256 610 1326; x_wconf 79' lang='grc' dir='ltr'><strong>τῆς</strong></span> <span class='ocrx_word' id='word_1_66' title='bbox 655 1259 949 1328; x_wconf 83' lang='grc' dir='ltr'>πρόσωπον</span> <span class='ocrx_word' id='word_1_67' title='bbox 989 1258 1126 1329; x_wconf 79' lang='grc' dir='ltr'>πρὸς</span> <span class='ocrx_word' id='word_1_68' title='bbox 1163 1260 1460 1329; x_wconf 83' lang='grc' dir='ltr'>πρόσωπον</span> <span class='ocrx_word' id='word_1_69' title='bbox 1487 1277 1663 1332; x_wconf 89' lang='grc' dir='ltr'>παρα-</span> 
     </span>
    </p>
   </div>
   <div class='ocr_carea' id='block_1_11' title="bbox 41 1349 1664 1422">
    <p class='ocr_par' dir='ltr' id='par_1_11' title="bbox 41 1349 1664 1422">
     <span class='ocr_line' id='line_1_11' title="bbox 41 1349 1664 1422; baseline 0.005 -23"><span class='ocrx_word' id='word_1_70' title='bbox 41 1349 374 1419; x_wconf 82' lang='grc' dir='ltr'>γινομὲνης</span> <span class='ocrx_word' id='word_1_71' title='bbox 403 1349 681 1418; x_wconf 59' lang='grc' dir='ltr'>ἀληθείας,</span> <span class='ocrx_word' id='word_1_72' title='bbox 713 1349 854 1420; x_wconf 83' lang='grc' dir='ltr'>ὑπὲρ</span> <span class='ocrx_word' id='word_1_73' title='bbox 886 1351 1096 1414; x_wconf 80' lang='grc' dir='ltr'>πάντας</span> <span class='ocrx_word' id='word_1_74' title='bbox 1119 1351 1272 1406; x_wconf 79' lang='grc' dir='ltr'>ἔσται</span> <span class='ocrx_word' id='word_1_75' title='bbox 1308 1353 1550 1422; x_wconf 80' lang='grc' dir='ltr'><strong>κόσμους</strong></span> <span class='ocrx_word' id='word_1_76' title='bbox 1569 1355 1664 1407; x_wconf 75' lang='grc' dir='ltr'><strong>καὶ</strong></span> 
     </span>
    </p>
   </div>
   <div class='ocr_carea' id='block_1_12' title="bbox 44 1435 1666 1513">
    <p class='ocr_par' dir='ltr' id='par_1_12' title="bbox 44 1435 1666 1513">
     <span class='ocr_line' id='line_1_12' title="bbox 44 1435 1666 1513; baseline 0.004 -21"><span class='ocrx_word' id='word_1_77' title='bbox 44 1440 284 1502; x_wconf 75' lang='grc' dir='ltr'>αἰῶνας</span> <span class='ocrx_word' id='word_1_78' title='bbox 328 1443 424 1492; x_wconf 76' lang='grc' dir='ltr'><strong>καὶ</strong></span> <span class='ocrx_word' id='word_1_79' title='bbox 462 1442 680 1506; x_wconf 78' lang='grc' dir='ltr'>τόπους,</span> <span class='ocrx_word' id='word_1_80' title='bbox 731 1435 813 1504; x_wconf 83' lang='grc' dir='ltr'>οἷς</span> <span class='ocrx_word' id='word_1_81' title='bbox 846 1442 986 1506; x_wconf 82' lang='grc' dir='ltr'>τέως</span> <span class='ocrx_word' id='word_1_82' title='bbox 1013 1443 1089 1503; x_wconf 85' lang='grc' dir='ltr'>ὡς</span> <span class='ocrx_word' id='word_1_83' title='bbox 1135 1445 1325 1511; x_wconf 87' lang='grc' dir='ltr'>νήπιος</span> <span class='ocrx_word' id='word_1_84' title='bbox 1358 1445 1666 1513; x_wconf 81' lang='grc' dir='ltr'>ἐπαιδαγω-</span> 
     </span>
    </p>
   </div>
   <div class='ocr_carea' id='block_1_13' title="bbox 49 1531 1350 1605">
    <p class='ocr_par' dir='ltr' id='par_1_13' title="bbox 49 1531 1350 1605">
     <span class='ocr_line' id='line_1_13' title="bbox 49 1531 1350 1605; baseline 0.004 -21"><span class='ocrx_word' id='word_1_85' title='bbox 49 1535 246 1600; x_wconf 79' lang='grc' dir='ltr'>γεῖτο,</span> <span class='ocrx_word' id='word_1_86' title='bbox 271 1531 588 1596; x_wconf 73' lang='grc' dir='ltr'>τελειωθεὶς</span> <span class='ocrx_word' id='word_1_87' title='bbox 621 1531 764 1586; x_wconf 84' lang='grc' dir='ltr'><strong>κατά</strong></span> <span class='ocrx_word' id='word_1_88' title='bbox 795 1532 927 1586; x_wconf 84' lang='grc' dir='ltr'>Θεδν</span> <span class='ocrx_word' id='word_1_89' title='bbox 953 1535 980 1586; x_wconf 84' lang='grc' dir='ltr'><strong>ὁ</strong></span> <span class='ocrx_word' id='word_1_90' title='bbox 1017 1533 1350 1605; x_wconf 82' lang='grc' dir='ltr'>σωζόμενος.</span> 
     </span>
    </p>
   </div>
   <div class='ocr_carea' id='block_1_14' title="bbox 132 1699 1664 1790">
    <p class='ocr_par' dir='ltr' id='par_1_14' title="bbox 132 1715 1664 1790">
     <span class='ocr_line' id='line_1_14' title="bbox 132 1715 1664 1790; baseline 0.001 -21"><span class='ocrx_word' id='word_1_91' title='bbox 132 1723 242 1769; x_wconf 84' lang='grc' dir='ltr'>οα’.</span> <span class='ocrx_word' id='word_1_92' title='bbox 291 1716 356 1769; x_wconf 89' lang='lat'><strong>&#39;0</strong></span> <span class='ocrx_word' id='word_1_93' title='bbox 389 1717 640 1779; x_wconf 77' lang='grc' dir='ltr'>Πιλᾶτος,</span> <span class='ocrx_word' id='word_1_94' title='bbox 659 1715 752 1768; x_wconf 87' lang='grc' dir='ltr'><strong>τοῦ</strong></span> <span class='ocrx_word' id='word_1_95' title='bbox 779 1717 922 1770; x_wconf 86' lang='grc' dir='ltr'><strong>κατά</strong></span> <span class='ocrx_word' id='word_1_96' title='bbox 957 1717 1118 1785; x_wconf 82' lang='grc' dir='ltr'>φύσιν</span> <span class='ocrx_word' id='word_1_97' title='bbox 1147 1719 1312 1790; x_wconf 88' lang='grc' dir='ltr'>νόμου</span> <span class='ocrx_word' id='word_1_98' title='bbox 1331 1719 1499 1784; x_wconf 75' lang='grc' dir='ltr'>τύπος</span> <span class='ocrx_word' id='word_1_99' title='bbox 1529 1721 1664 1773; x_wconf 79' lang='grc' dir='ltr'>ἐστί·</span> 
     </span>
    </p>
   </div>
   <div class='ocr_carea' id='block_1_15' title="bbox 51 1805 1664 1878">
    <p class='ocr_par' dir='ltr' id='par_1_15' title="bbox 51 1805 1664 1878">
     <span class='ocr_line' id='line_1_15' title="bbox 51 1805 1664 1878; baseline 0.002 -18"><span class='ocrx_word' id='word_1_100' title='bbox 51 1805 154 1860; x_wconf 82' lang='grc' dir='ltr'><strong>τοῦ</strong></span> <span class='ocrx_word' id='word_1_101' title='bbox 199 1807 274 1872; x_wconf 77' lang='grc' dir='ltr'><strong>,δὲ</strong></span> <span class='ocrx_word' id='word_1_102' title='bbox 328 1807 578 1878; x_wconf 86' lang='grc' dir='ltr'>γραπτοῦ</span> <span class='ocrx_word' id='word_1_103' title='bbox 627 1807 816 1876; x_wconf 89' lang='grc' dir='ltr'>νόμου,</span> <span class='ocrx_word' id='word_1_104' title='bbox 851 1807 911 1860; x_wconf 85' lang='grc' dir='ltr'>τὸ</span> <span class='ocrx_word' id='word_1_105' title='bbox 951 1807 1160 1878; x_wconf 80' lang='grc' dir='ltr'>πλῆθος</span> <span class='ocrx_word' id='word_1_106' title='bbox 1204 1810 1312 1864; x_wconf 86' lang='grc' dir='ltr'><strong>τῶν</strong></span> <span class='ocrx_word' id='word_1_107' title='bbox 1371 1811 1664 1864; x_wconf 79' lang='grc' dir='ltr'>Ἰουδαίων.</span> 
     </span>
    </p>
   </div>
   <div class='ocr_carea' id='block_1_16' title="bbox 67 1897 1670 1973">
    <p class='ocr_par' dir='ltr' id='par_1_16' title="bbox 67 1897 1670 1973">
     <span class='ocr_line' id='line_1_16' title="bbox 67 1897 1670 1973; baseline 0.004 -23"><span class='ocrx_word' id='word_1_108' title='bbox 67 1899 133 1950; x_wconf 84' lang='lat'><strong>&#39;0</strong></span> <span class='ocrx_word' id='word_1_109' title='bbox 171 1897 372 1950; x_wconf 82' lang='grc' dir='ltr'>τοίνυν</span> <span class='ocrx_word' id='word_1_110' title='bbox 401 1897 542 1951; x_wconf 86' lang='grc' dir='ltr'><strong>κατά</strong></span> <span class='ocrx_word' id='word_1_111' title='bbox 577 1897 758 1951; x_wconf 85' lang='grc' dir='ltr'>πίστιν</span> <span class='ocrx_word' id='word_1_112' title='bbox 807 1900 949 1971; x_wconf 83' lang='grc' dir='ltr'>ὑπὲρ</span> <span class='ocrx_word' id='word_1_113' title='bbox 979 1901 1112 1964; x_wconf 77' lang='grc' dir='ltr'>’τοὺς</span> <span class='ocrx_word' id='word_1_114' title='bbox 1141 1901 1236 1955; x_wconf 84' lang='grc' dir='ltr'>δύο</span> <span class='ocrx_word' id='word_1_115' title='bbox 1270 1901 1344 1972; x_wconf 84' lang='grc' dir='ltr'>μὴ</span> <span class='ocrx_word' id='word_1_116' title='bbox 1371 1903 1670 1973; x_wconf 86' lang='grc' dir='ltr'>γενόμενος</span> 
     </span>
    </p>
   </div>
   <div class='ocr_carea' id='block_1_17' title="bbox 55 1986 1674 2066">
    <p class='ocr_par' dir='ltr' id='par_1_17' title="bbox 55 1986 1674 2066">
     <span class='ocr_line' id='line_1_17' title="bbox 55 1986 1674 2066; baseline 0.005 -23"><span class='ocrx_word' id='word_1_117' title='bbox 55 1986 304 2062; x_wconf 81' lang='grc' dir='ltr'>νόμους,</span> <span class='ocrx_word' id='word_1_118' title='bbox 348 1991 412 2044; x_wconf 84' lang='grc' dir='ltr'><strong>οὐ</strong></span> <span class='ocrx_word' id='word_1_119' title='bbox 451 1991 674 2045; x_wconf 84' lang='grc' dir='ltr'>δύναται</span> <span class='ocrx_word' id='word_1_120' title='bbox 717 1992 973 2059; x_wconf 76' lang='grc' dir='ltr'>δέξασθαι</span> <span class='ocrx_word' id='word_1_121' title='bbox 1017 1993 1118 2066; x_wconf 75' lang='grc' dir='ltr'><strong>τὴν</strong></span> <span class='ocrx_word' id='word_1_122' title='bbox 1172 1995 1314 2066; x_wconf 85' lang='grc' dir='ltr'>ὑπὲρ</span> <span class='ocrx_word' id='word_1_123' title='bbox 1367 1995 1530 2064; x_wconf 85' lang='grc' dir='ltr'>φύσιν</span> <span class='ocrx_word' id='word_1_124' title='bbox 1579 1997 1674 2051; x_wconf 77' lang='grc' dir='ltr'>καὶ</span> 
     </span>
    </p>
   </div>
   <div class='ocr_carea' id='block_1_18' title="bbox 57 2083 1670 2158">
    <p class='ocr_par' dir='ltr' id='par_1_18' title="bbox 57 2083 1670 2158">
     <span class='ocr_line' id='line_1_18' title="bbox 57 2083 1670 2158; baseline 0.006 -24"><span class='ocrx_word' id='word_1_125' title='bbox 57 2083 232 2151; x_wconf 80' lang='grc' dir='ltr'>λόγον</span> <span class='ocrx_word' id='word_1_126' title='bbox 279 2083 571 2154; x_wconf 84' lang='grc' dir='ltr'>ἀλήθειαν·</span> <span class='ocrx_word' id='word_1_127' title='bbox 623 2085 757 2139; x_wconf 85' lang='grc' dir='ltr'><strong>ἀλλά</strong></span> <span class='ocrx_word' id='word_1_128' title='bbox 787 2089 1015 2156; x_wconf 89' lang='grc' dir='ltr'>σταυροῖ</span> <span class='ocrx_word' id='word_1_129' title='bbox 1066 2087 1288 2152; x_wconf 79' lang='grc' dir='ltr'>πάντως</span> <span class='ocrx_word' id='word_1_130' title='bbox 1333 2089 1426 2142; x_wconf 74' lang='grc' dir='ltr'><strong>τὸν</strong></span> <span class='ocrx_word' id='word_1_131' title='bbox 1470 2091 1670 2158; x_wconf 85' lang='grc' dir='ltr'>Λόγον·</span> 
     </span>
    </p>
   </div>
   <div class='ocr_carea' id='block_1_19' title="bbox 61 2173 1674 2253">
    <p class='ocr_par' dir='ltr' id='par_1_19' title="bbox 61 2173 1674 2253">
     <span class='ocr_line' id='line_1_19' title="bbox 61 2173 1674 2253; baseline 0.006 -27"><span class='ocrx_word' id='word_1_132' title='bbox 61 2175 98 2242; x_wconf 77' lang='grc' dir='ltr'><strong>ἢ</strong></span> <span class='ocrx_word' id='word_1_133' title='bbox 146 2174 234 2238; x_wconf 85' lang='grc' dir='ltr'>ὡς</span> <span class='ocrx_word' id='word_1_134' title='bbox 287 2173 562 2240; x_wconf 84' lang='grc' dir='ltr'>Ἰουδαῖος,</span> <span class='ocrx_word' id='word_1_135' title='bbox 623 2177 950 2232; x_wconf 80' lang='grc' dir='ltr'>σκάνδαλον·</span> <span class='ocrx_word' id='word_1_136' title='bbox 1005 2177 1037 2249; x_wconf 74' lang='grc' dir='ltr'>ἦ</span> <span class='ocrx_word' id='word_1_137' title='bbox 1078 2179 1154 2242; x_wconf 86' lang='grc' dir='ltr'>ὡς</span> <span class='ocrx_word' id='word_1_138' title='bbox 1193 2179 1416 2250; x_wconf 86' lang='grc' dir='ltr'>Ἕλλην,</span> <span class='ocrx_word' id='word_1_139' title='bbox 1459 2181 1674 2253; x_wconf 86' lang='grc' dir='ltr'>μωρίαν</span> 
     </span>
    </p>
   </div>
   <div class='ocr_carea' id='block_1_20' title="bbox 65 2265 857 2335">
    <p class='ocr_par' dir='ltr' id='par_1_20' title="bbox 65 2265 857 2335">
     <span class='ocr_line' id='line_1_20' title="bbox 65 2265 857 2335; baseline 0.005 -19"><span class='ocrx_word' id='word_1_140' title='bbox 65 2265 396 2335; x_wconf 78' lang='grc' dir='ltr'>ἡγούμενος</span> <span class='ocrx_word' id='word_1_141' title='bbox 417 2267 478 2318; x_wconf 87' lang='grc' dir='ltr'><strong>τὸ</strong></span> <span class='ocrx_word' id='word_1_142' title='bbox 504 2267 857 2335; x_wconf 83' lang='grc' dir='ltr'>Εὐαγγέλιον.</span> 
     </span>
    </p>
   </div>
   <div class='ocr_carea' id='block_1_21' title="bbox 140 2353 1674 2430">
    <p class='ocr_par' dir='ltr' id='par_1_21' title="bbox 140 2353 1674 2430">
     <span class='ocr_line' id='line_1_21' title="bbox 140 2353 1674 2430; baseline 0.005 -24"><span class='ocrx_word' id='word_1_143' title='bbox 140 2353 248 2423; x_wconf 75' lang='grc' dir='ltr'><strong>οβ’.</strong></span> <span class='ocrx_word' id='word_1_144' title='bbox 313 2355 488 2408; x_wconf 89' lang='grc' dir='ltr'>Ὅταν</span> <span class='ocrx_word' id='word_1_145' title='bbox 535 2355 652 2428; x_wconf 79' lang='grc' dir='ltr'><strong>ἴδῃς</strong></span> <span class='ocrx_word' id='word_1_146' title='bbox 708 2355 956 2426; x_wconf 81' lang='grc' dir='ltr'>Ἡρώδην</span> <span class='ocrx_word' id='word_1_147' title='bbox 1003 2359 1098 2411; x_wconf 73' lang='grc' dir='ltr'><strong>καὶ</strong></span> <span class='ocrx_word' id='word_1_148' title='bbox 1143 2359 1376 2413; x_wconf 80' lang='grc' dir='ltr'>Πιλάτον</span> <span class='ocrx_word' id='word_1_149' title='bbox 1418 2359 1674 2430; x_wconf 82' lang='grc' dir='ltr'>ἀλλήλοις</span> 
     </span>
    </p>
   </div>
   <div class='ocr_carea' id='block_1_22' title="bbox 67 2445 1673 2520">
    <p class='ocr_par' dir='ltr' id='par_1_22' title="bbox 67 2445 1673 2520">
     <span class='ocr_line' id='line_1_22' title="bbox 67 2445 1673 2520; baseline 0.004 -22"><span class='ocrx_word' id='word_1_150' title='bbox 67 2445 444 2514; x_wconf 78' lang='grc' dir='ltr'>φιλιάζοντας</span> <span class='ocrx_word' id='word_1_151' title='bbox 479 2448 568 2498; x_wconf 73' lang='grc' dir='ltr'>ἐπὶ</span> <span class='ocrx_word' id='word_1_152' title='bbox 599 2451 664 2518; x_wconf 78' lang='grc' dir='ltr'>τῇ</span> <span class='ocrx_word' id='word_1_153' title='bbox 701 2448 984 2520; x_wconf 78' lang='grc' dir='ltr'>ἀναιρέσει</span> <span class='ocrx_word' id='word_1_154' title='bbox 1021 2449 1116 2503; x_wconf 86' lang='grc' dir='ltr'><strong>τοῦ</strong></span> <span class='ocrx_word' id='word_1_155' title='bbox 1170 2450 1366 2520; x_wconf 80' lang='grc' dir='ltr'>Ἰησοῦ,</span> <span class='ocrx_word' id='word_1_156' title='bbox 1399 2452 1521 2504; x_wconf 87' lang='grc' dir='ltr'>τότε</span> <span class='ocrx_word' id='word_1_157' title='bbox 1564 2453 1673 2506; x_wconf 88' lang='grc' dir='ltr'>νόει</span> 
     </span>
    </p>
   </div>
   <div class='ocr_carea' id='block_1_23' title="bbox 67 2535 1675 2613">
    <p class='ocr_par' dir='ltr' id='par_1_23' title="bbox 67 2535 1675 2613">
     <span class='ocr_line' id='line_1_23' title="bbox 67 2535 1675 2613; baseline 0.005 -25"><span class='ocrx_word' id='word_1_158' title='bbox 67 2535 172 2604; x_wconf 81' lang='grc' dir='ltr'><strong>τὴν</strong></span> <span class='ocrx_word' id='word_1_159' title='bbox 192 2537 278 2598; x_wconf 84' lang='grc' dir='ltr'>εὶς</span> <span class='ocrx_word' id='word_1_160' title='bbox 315 2535 383 2587; x_wconf 81' lang='grc' dir='ltr'><strong>τὸ</strong></span> <span class='ocrx_word' id='word_1_161' title='bbox 406 2535 537 2588; x_wconf 75' lang='grc' dir='ltr'>αὐτὸ</span> <span class='ocrx_word' id='word_1_162' title='bbox 566 2538 874 2610; x_wconf 83' lang='grc' dir='ltr'>συνδρομήν</span> <span class='ocrx_word' id='word_1_163' title='bbox 896 2555 912 2569; x_wconf 80' lang='grc'><em>’</em></span> <span class='ocrx_word' id='word_1_164' title='bbox 943 2539 1036 2592; x_wconf 85' lang='grc' dir='ltr'><strong>τοῦ</strong></span> <span class='ocrx_word' id='word_1_165' title='bbox 1067 2541 1254 2611; x_wconf 75' lang='grc' dir='ltr'>τε,τῆς</span> <span class='ocrx_word' id='word_1_166' title='bbox 1299 2542 1554 2613; x_wconf 82' lang='grc' dir='ltr'>πορνείας</span> <span class='ocrx_word' id='word_1_167' title='bbox 1581 2545 1675 2596; x_wconf 75' lang='grc' dir='ltr'><strong>καὶ</strong></span> 
     </span>
    </p>
   </div>
   <div class='ocr_carea' id='block_1_24' title="bbox 75 2624 1675 2701">
    <p class='ocr_par' dir='ltr' id='par_1_24' title="bbox 75 2624 1675 2701">
     <span class='ocr_line' id='line_1_24' title="bbox 75 2624 1675 2701; baseline 0.004 -23"><span class='ocrx_word' id='word_1_168' title='bbox 75 2625 174 2696; x_wconf 81' lang='grc' dir='ltr'><strong>τῆς</strong></span> <span class='ocrx_word' id='word_1_169' title='bbox 235 2624 560 2690; x_wconf 64' lang='grc' dir='ltr'>κενοδοξίας</span> <span class='ocrx_word' id='word_1_170' title='bbox 608 2627 896 2698; x_wconf 82' lang='grc' dir='ltr'>δαίμονος,</span> <span class='ocrx_word' id='word_1_171' title='bbox 955 2633 1047 2684; x_wconf 69' lang='grc' dir='ltr'>ἐπὶ</span> <span class='ocrx_word' id='word_1_172' title='bbox 1093 2631 1170 2701; x_wconf 80' lang='grc' dir='ltr'><strong>τῷ</strong></span> <span class='ocrx_word' id='word_1_173' title='bbox 1222 2631 1532 2686; x_wconf 77' lang='grc' dir='ltr'>θανατῶσαι</span> <span class='ocrx_word' id='word_1_174' title='bbox 1583 2633 1675 2686; x_wconf 81' lang='grc' dir='ltr'><strong>τὸν</strong></span> 
     </span>
    </p>
   </div>
   <div class='ocr_carea' id='block_1_25' title="bbox 69 2717 1674 2794">
    <p class='ocr_par' dir='ltr' id='par_1_25' title="bbox 69 2717 1674 2794">
     <span class='ocr_line' id='line_1_25' title="bbox 69 2717 1674 2794; baseline 0.005 -24"><span class='ocrx_word' id='word_1_175' title='bbox 69 2717 238 2786; x_wconf 80' lang='grc' dir='ltr'>λόγον</span> <span class='ocrx_word' id='word_1_176' title='bbox 264 2718 376 2788; x_wconf 82' lang='grc' dir='ltr'>τῆς</span> <span class='ocrx_word' id='word_1_177' title='bbox 412 2719 614 2789; x_wconf 84' lang='grc' dir='ltr'>ἀρετῆς</span> <span class='ocrx_word' id='word_1_178' title='bbox 641 2721 736 2772; x_wconf 79' lang='grc' dir='ltr'>καὶ</span> <span class='ocrx_word' id='word_1_179' title='bbox 765 2723 864 2791; x_wconf 82' lang='grc' dir='ltr'>τῆς</span> <span class='ocrx_word' id='word_1_180' title='bbox 885 2721 1139 2788; x_wconf 79' lang='grc' dir='ltr'>γνώσεως</span> <span class='ocrx_word' id='word_1_181' title='bbox 1173 2723 1421 2793; x_wconf 74' lang='grc' dir='ltr'>ἀλλήλοις</span> <span class='ocrx_word' id='word_1_182' title='bbox 1447 2741 1674 2794; x_wconf 80' lang='grc' dir='ltr'>συμφω-</span> 
     </span>
    </p>
   </div>
   <div class='ocr_carea' id='block_1_26' title="bbox 72 2810 1675 2884">
    <p class='ocr_par' dir='ltr' id='par_1_26' title="bbox 72 2810 1675 2884">
     <span class='ocr_line' id='line_1_26' title="bbox 72 2810 1675 2884; baseline 0.005 -23"><span class='ocrx_word' id='word_1_183' title='bbox 72 2811 355 2863; x_wconf 75' lang='grc' dir='ltr'>νούντων.</span> <span class='ocrx_word' id='word_1_184' title='bbox 398 2810 458 2862; x_wconf 81' lang='grc' dir='ltr'><strong>Ὀ</strong></span> <span class='ocrx_word' id='word_1_185' title='bbox 496 2811 594 2879; x_wconf 79' lang='grc' dir='ltr'><strong>μὲν</strong></span> <span class='ocrx_word' id='word_1_186' title='bbox 625 2811 732 2880; x_wconf 81' lang='grc' dir='ltr'><strong>γὰρ</strong></span> <span class='ocrx_word' id='word_1_187' title='bbox 777 2811 1055 2876; x_wconf 77' lang='grc' dir='ltr'>κενόδοξος</span> <span class='ocrx_word' id='word_1_188' title='bbox 1097 2813 1329 2883; x_wconf 85' lang='grc' dir='ltr'>δαίμων,</span> <span class='ocrx_word' id='word_1_189' title='bbox 1373 2833 1675 2884; x_wconf 77' lang='grc' dir='ltr'>πνευματι-</span> 
     </span>
    </p>
   </div>
   <div class='ocr_carea' id='block_1_27' title="bbox 75 2901 1674 2977">
    <p class='ocr_par' dir='ltr' id='par_1_27' title="bbox 75 2901 1674 2977">
     <span class='ocr_line' id='line_1_27' title="bbox 75 2901 1674 2977; baseline 0.004 -22"><span class='ocrx_word' id='word_1_190' title='bbox 75 2903 180 2971; x_wconf 80' lang='grc' dir='ltr'>κὴν</span> <span class='ocrx_word' id='word_1_191' title='bbox 215 2901 438 2969; x_wconf 80' lang='grc' dir='ltr'>γνῶσιν</span> <span class='ocrx_word' id='word_1_192' title='bbox 463 2903 912 2972; x_wconf 85' lang='grc' dir='ltr'>ὑποκρινόμενος,</span> <span class='ocrx_word' id='word_1_193' title='bbox 945 2903 1309 2974; x_wconf 78' lang='grc' dir='ltr'>παραπέμπει</span> <span class='ocrx_word' id='word_1_194' title='bbox 1345 2907 1422 2977; x_wconf 82' lang='grc' dir='ltr'><strong>τῷ</strong></span> <span class='ocrx_word' id='word_1_195' title='bbox 1462 2909 1674 2977; x_wconf 82' lang='grc' dir='ltr'>δαίμονι</span> 
     </span>
    </p>
   </div>
   <div class='ocr_carea' id='block_1_28' title="bbox 70 2992 1673 3070">
    <p class='ocr_par' dir='ltr' id='par_1_28' title="bbox 70 2992 1673 3070">
     <span class='ocr_line' id='line_1_28' title="bbox 70 2992 1673 3070; baseline 0.005 -25"><span class='ocrx_word' id='word_1_196' title='bbox 70 2995 174 3063; x_wconf 87' lang='grc' dir='ltr'>τῆς</span> <span class='ocrx_word' id='word_1_197' title='bbox 211 2992 488 3062; x_wconf 81' lang='grc' dir='ltr'>πορνείας</span> <span class='ocrx_word' id='word_1_198' title='bbox 512 3008 524 3020; x_wconf 91' lang='grc'>·</span> <span class='ocrx_word' id='word_1_199' title='bbox 553 2995 580 3046; x_wconf 86' lang='grc' dir='ltr'>ὁ</span> <span class='ocrx_word' id='word_1_200' title='bbox 615 2993 670 3045; x_wconf 87' lang='grc' dir='ltr'>δὲ</span> <span class='ocrx_word' id='word_1_201' title='bbox 705 2995 803 3064; x_wconf 88' lang='grc' dir='ltr'>τῆς</span> <span class='ocrx_word' id='word_1_202' title='bbox 849 2995 1106 3064; x_wconf 82' lang='grc' dir='ltr'>πορνείας</span> <span class='ocrx_word' id='word_1_203' title='bbox 1152 2997 1278 3048; x_wconf 87' lang='grc' dir='ltr'>καθ’</span> <span class='ocrx_word' id='word_1_204' title='bbox 1319 2997 1673 3070; x_wconf 77' lang='grc' dir='ltr'>ὑποχώρησιν</span> 
     </span>
    </p>
   </div>
   <div class='ocr_carea' id='block_1_29' title="bbox 915 317 2504 383">
    <p class='ocr_par' dir='ltr' id='par_1_29' title="bbox 915 317 2504 383">
     <span class='ocr_line' id='line_1_29' title="bbox 915 317 2504 383; baseline -0.002 0"><span class='ocrx_word' id='word_1_205' title='bbox 915 323 1250 383; x_wconf 79' lang='lat' dir='ltr'><strong>CAPITUM</strong></span> <span class='ocrx_word' id='word_1_206' title='bbox 1289 317 1564 383; x_wconf 81' lang='lat' dir='ltr'><strong>THEOL.</strong></span> <span class='ocrx_word' id='word_1_207' title='bbox 1609 321 1702 380; x_wconf 90' lang='lat' dir='ltr'><strong>ET</strong></span> <span class='ocrx_word' id='word_1_208' title='bbox 1746 321 1981 382; x_wconf 76' lang='lat' dir='ltr'><strong>(ECON.</strong></span> <span class='ocrx_word' id='word_1_209' title='bbox 2025 319 2420 382; x_wconf 74' lang='lat' dir='ltr'><strong>CENTURIA</strong></span> <span class='ocrx_word' id='word_1_210' title='bbox 2455 321 2504 380; x_wconf 93' lang='grc' dir='ltr'><strong>Ι.</strong></span> 
     </span>
    </p>
   </div>
   <div class='ocr_carea' id='block_1_30' title="bbox 99 435 1720 512">
    <p class='ocr_par' dir='ltr' id='par_1_30' title="bbox 99 435 1720 512">
     <span class='ocr_line' id='line_1_30' title="bbox 99 435 1720 512; baseline 0.006 -24"><span class='ocrx_word' id='word_1_211' title='bbox 99 443 182 492; x_wconf 87' lang='lat' dir='ltr'><strong>o&#39;.</strong></span> <span class='ocrx_word' id='word_1_212' title='bbox 283 436 342 489; x_wconf 86' lang='grc' dir='ltr'><strong>Ὀ</strong></span> <span class='ocrx_word' id='word_1_213' title='bbox 397 437 504 499; x_wconf 84' lang='grc' dir='ltr'>πᾶς</span> <span class='ocrx_word' id='word_1_214' title='bbox 555 435 760 507; x_wconf 88' lang='grc' dir='ltr'>κόσμος</span> <span class='ocrx_word' id='word_1_215' title='bbox 833 437 930 508; x_wconf 88' lang='lat' dir='ltr'><strong>(m)</strong></span> <span class='ocrx_word' id='word_1_216' title='bbox 982 440 1164 502; x_wconf 84' lang='grc' dir='ltr'>ίδίοις,</span> <span class='ocrx_word' id='word_1_217' title='bbox 1195 440 1646 512; x_wconf 76' lang='grc' dir='ltr'>περιοριζόμενος</span> <span class='ocrx_word' id='word_1_218' title='bbox 1678 443 1720 497; x_wconf 76' lang='grc' dir='ltr'><strong>Α</strong></span> 
     </span>
    </p>
   </div>
   <div class='ocr_carea' id='block_1_31' title="bbox 3209 293 3366 372">
    <p class='ocr_par' dir='ltr' id='par_1_31' title="bbox 3209 293 3366 372">
     <span class='ocr_line' id='line_1_31' title="bbox 3209 293 3366 372; baseline -0.013 0"><span class='ocrx_word' id='word_1_219' title='bbox 3209 293 3366 372; x_wconf 69' lang='lat'><strong>11’10‘</strong></span> 
     </span>
    </p>
   </div>
   <div class='ocr_carea' id='block_1_32' title="bbox 1824 432 3344 506">
    <p class='ocr_par' dir='ltr' id='par_1_32' title="bbox 1824 432 3344 506">
     <span class='ocr_line' id='line_1_32' title="bbox 1824 432 3344 506; baseline -0.007 -11"><span class='ocrx_word' id='word_1_220' title='bbox 1824 440 1911 495; x_wconf 77' lang='lat' dir='ltr'><strong>7t}.</strong></span> <span class='ocrx_word' id='word_1_221' title='bbox 1936 439 2172 495; x_wconf 83' lang='lat' dir='ltr'><strong>Mundus</strong></span> <span class='ocrx_word' id='word_1_222' title='bbox 2197 440 2379 494; x_wconf 89' lang='lat' dir='ltr'><strong>omnis</strong></span> <span class='ocrx_word' id='word_1_223' title='bbox 2401 438 2514 494; x_wconf 84' lang='lat' dir='ltr'><strong>suis</strong></span> <span class='ocrx_word' id='word_1_224' title='bbox 2535 435 2991 506; x_wconf 72' lang='lat' dir='ltr'><strong>circumscriptus</strong></span> <span class='ocrx_word' id='word_1_225' title='bbox 3011 432 3344 498; x_wconf 75' lang='lat' dir='ltr'><strong>rationibus,</strong></span> 
     </span>
    </p>
   </div>
   <div class='ocr_carea' id='block_1_33' title="bbox 1755 522 3344 599">
    <p class='ocr_par' dir='ltr' id='par_1_33' title="bbox 1755 522 3344 599">
     <span class='ocr_line' id='line_1_33' title="bbox 1755 522 3344 599; baseline -0.005 -13"><span class='ocrx_word' id='word_1_226' title='bbox 1755 547 1952 587; x_wconf 88' lang='lat' dir='ltr'><strong>eorum</strong></span> <span class='ocrx_word' id='word_1_227' title='bbox 1985 541 2100 585; x_wconf 89' lang='lat' dir='ltr'><strong>tum</strong></span> <span class='ocrx_word' id='word_1_228' title='bbox 2137 531 2292 585; x_wconf 90' lang='lat' dir='ltr'><strong>locus</strong></span> <span class='ocrx_word' id='word_1_229' title='bbox 2326 529 2657 599; x_wconf 74' lang='lat' dir='ltr'><strong>appellatur,</strong></span> <span class='ocrx_word' id='word_1_230' title='bbox 2691 535 2804 582; x_wconf 90' lang='lat' dir='ltr'><strong>tum</strong></span> <span class='ocrx_word' id='word_1_231' title='bbox 2841 525 3133 588; x_wconf 66' lang='lat' dir='ltr'><strong>saeculum,</strong></span> <span class='ocrx_word' id='word_1_232' title='bbox 3160 522 3254 594; x_wconf 88' lang='lat' dir='ltr'><strong>qui</strong></span> <span class='ocrx_word' id='word_1_233' title='bbox 3289 522 3344 578; x_wconf 88' lang='lat' dir='ltr'><strong>in</strong></span> 
     </span>
    </p>
   </div>
   <div class='ocr_carea' id='block_1_34' title="bbox 1755 618 3350 695">
    <p class='ocr_par' dir='ltr' id='par_1_34' title="bbox 1755 618 3350 695">
     <span class='ocr_line' id='line_1_34' title="bbox 1755 618 3350 695; baseline -0.006 -17"><span class='ocrx_word' id='word_1_234' title='bbox 1755 627 1876 695; x_wconf 89' lang='lat' dir='ltr'><strong>ipso</strong></span> <span class='ocrx_word' id='word_1_235' title='bbox 1907 624 2144 694; x_wconf 82' lang='lat' dir='ltr'><strong>degunt;</strong></span> <span class='ocrx_word' id='word_1_236' title='bbox 2179 623 2592 687; x_wconf 81' lang='lat' dir='ltr'><strong>convenientes,</strong></span> <span class='ocrx_word' id='word_1_237' title='bbox 2623 621 2679 675; x_wconf 90' lang='lat' dir='ltr'><strong>in</strong></span> <span class='ocrx_word' id='word_1_238' title='bbox 2713 637 2780 676; x_wconf 90' lang='lat' dir='ltr'><strong>eo</strong></span> <span class='ocrx_word' id='word_1_239' title='bbox 2811 618 3097 674; x_wconf 87' lang='lat' dir='ltr'><strong>naturales</strong></span> <span class='ocrx_word' id='word_1_240' title='bbox 3130 618 3350 672; x_wconf 82' lang='lat' dir='ltr'><strong>theore-</strong></span> 
     </span>
    </p>
   </div>
   <div class='ocr_carea' id='block_1_35' title="bbox 1758 705 3348 782">
    <p class='ocr_par' dir='ltr' id='par_1_35' title="bbox 1758 705 3348 782">
     <span class='ocr_line' id='line_1_35' title="bbox 1758 705 3348 782; baseline -0.008 -14"><span class='ocrx_word' id='word_1_241' title='bbox 1758 723 1965 768; x_wconf 87' lang='lat' dir='ltr'><strong>matum</strong></span> <span class='ocrx_word' id='word_1_242' title='bbox 1995 715 2188 768; x_wconf 88' lang='lat' dir='ltr'><strong>modos</strong></span> <span class='ocrx_word' id='word_1_243' title='bbox 2213 713 2444 780; x_wconf 81' lang='lat' dir='ltr'><strong>habens,</strong></span> <span class='ocrx_word' id='word_1_244' title='bbox 2469 713 2563 782; x_wconf 89' lang='lat' dir='ltr'><strong>qui</strong></span> <span class='ocrx_word' id='word_1_245' title='bbox 2593 711 2691 765; x_wconf 84' lang='lat' dir='ltr'><strong>Dei</strong></span> <span class='ocrx_word' id='word_1_246' title='bbox 2727 727 2892 779; x_wconf 89' lang='lat' dir='ltr'><strong>super</strong></span> <span class='ocrx_word' id='word_1_247' title='bbox 2923 708 3110 766; x_wconf 81' lang='lat' dir='ltr'><strong>omnia</strong></span> <span class='ocrx_word' id='word_1_248' title='bbox 3139 705 3348 759; x_wconf 82' lang='lat' dir='ltr'><strong>intelli-</strong></span> 
     </span>
    </p>
   </div>
   <div class='ocr_carea' id='block_1_36' title="bbox 1757 797 3350 877">
    <p class='ocr_par' dir='ltr' id='par_1_36' title="bbox 1757 797 3350 877">
     <span class='ocr_line' id='line_1_36' title="bbox 1757 797 3350 877; baseline -0.008 -17"><span class='ocrx_word' id='word_1_249' title='bbox 1757 807 1958 877; x_wconf 65' lang='lat' dir='ltr'><strong>gentia:</strong></span> <span class='ocrx_word' id='word_1_250' title='bbox 1989 821 2208 861; x_wconf 87' lang='lat' dir='ltr'><strong>sensum</strong></span> <span class='ocrx_word' id='word_1_251' title='bbox 2240 821 2306 858; x_wconf 83' lang='lat' dir='ltr'><strong>ex</strong></span> <span class='ocrx_word' id='word_1_252' title='bbox 2337 813 2494 874; x_wconf 90' lang='lat' dir='ltr'><strong>parte</strong></span> <span class='ocrx_word' id='word_1_253' title='bbox 2525 803 2608 858; x_wconf 89' lang='lat' dir='ltr'><strong>eis</strong></span> <span class='ocrx_word' id='word_1_254' title='bbox 2639 801 3012 873; x_wconf 85' lang='lat' dir='ltr'><strong>ingenerando</strong></span> <span class='ocrx_word' id='word_1_255' title='bbox 3044 799 3172 853; x_wconf 90' lang='lat' dir='ltr'><strong>sint.</strong></span> <span class='ocrx_word' id='word_1_256' title='bbox 3203 797 3350 862; x_wconf 82' lang='lat' dir='ltr'><strong>Quos</strong></span> 
     </span>
    </p>
   </div>
   <div class='ocr_carea' id='block_1_37' title="bbox 1761 889 3351 966">
    <p class='ocr_par' dir='ltr' id='par_1_37' title="bbox 1761 889 3351 966">
     <span class='ocr_line' id='line_1_37' title="bbox 1761 889 3351 966; baseline -0.006 -17"><span class='ocrx_word' id='word_1_257' title='bbox 1761 895 1841 950; x_wconf 87' lang='lat' dir='ltr'><strong>illi</strong></span> <span class='ocrx_word' id='word_1_258' title='bbox 1891 896 2136 966; x_wconf 88' lang='lat' dir='ltr'><strong>quandiu</strong></span> <span class='ocrx_word' id='word_1_259' title='bbox 2187 895 2256 950; x_wconf 89' lang='lat' dir='ltr'><strong>ad</strong></span> <span class='ocrx_word' id='word_1_260' title='bbox 2313 893 2732 964; x_wconf 82' lang='lat' dir='ltr'><strong>intelligendum</strong></span> <span class='ocrx_word' id='word_1_261' title='bbox 2793 892 3093 953; x_wconf 79' lang='lat' dir='ltr'><strong>adhibent,</strong></span> <span class='ocrx_word' id='word_1_262' title='bbox 3141 889 3351 958; x_wconf 82' lang='lat' dir='ltr'><strong>absque</strong></span> 
     </span>
    </p>
   </div>
   <div class='ocr_carea' id='block_1_38' title="bbox 1761 985 3350 1057">
    <p class='ocr_par' dir='ltr' id='par_1_38' title="bbox 1761 985 3350 1057">
     <span class='ocr_line' id='line_1_38' title="bbox 1761 985 3350 1057; baseline -0.008 -13"><span class='ocrx_word' id='word_1_263' title='bbox 1761 988 1974 1053; x_wconf 86' lang='lat' dir='ltr'><strong>medio,</strong></span> <span class='ocrx_word' id='word_1_264' title='bbox 2007 1003 2182 1056; x_wconf 87' lang='lat' dir='ltr'><strong>eaque</strong></span> <span class='ocrx_word' id='word_1_265' title='bbox 2222 985 2718 1057; x_wconf 82' lang='lat' dir='ltr'><strong>comprehensione</strong></span> <span class='ocrx_word' id='word_1_266' title='bbox 2758 999 2882 1054; x_wconf 85' lang='lat' dir='ltr'><strong>quae</strong></span> <span class='ocrx_word' id='word_1_267' title='bbox 2923 997 2992 1037; x_wconf 83' lang='lat' dir='ltr'><strong>ex</strong></span> <span class='ocrx_word' id='word_1_268' title='bbox 3033 987 3188 1050; x_wconf 82' lang='lat' dir='ltr'><strong>parte</strong></span> <span class='ocrx_word' id='word_1_269' title='bbox 3233 987 3350 1040; x_wconf 87' lang='lat' dir='ltr'><strong>est,</strong></span> 
     </span>
    </p>
   </div>
   <div class='ocr_carea' id='block_1_39' title="bbox 1762 1075 3350 1151">
    <p class='ocr_par' dir='ltr' id='par_1_39' title="bbox 1762 1075 3350 1151">
     <span class='ocr_line' id='line_1_39' title="bbox 1762 1075 3350 1151; baseline -0.008 -15"><span class='ocrx_word' id='word_1_270' title='bbox 1762 1097 1883 1136; x_wconf 89' lang='lat' dir='ltr'><strong>esse</strong></span> <span class='ocrx_word' id='word_1_271' title='bbox 1913 1097 2021 1135; x_wconf 90' lang='lat' dir='ltr'><strong>non</strong></span> <span class='ocrx_word' id='word_1_272' title='bbox 2051 1087 2302 1151; x_wconf 91' lang='lat' dir='ltr'><strong>possunt.</strong></span> <span class='ocrx_word' id='word_1_273' title='bbox 2323 1077 2486 1146; x_wconf 82' lang='lat' dir='ltr'><strong>Quod</strong></span> <span class='ocrx_word' id='word_1_274' title='bbox 2512 1093 2644 1132; x_wconf 88' lang='lat' dir='ltr'><strong>vero</strong></span> <span class='ocrx_word' id='word_1_275' title='bbox 2677 1077 2753 1143; x_wconf 88' lang='lat' dir='ltr'><strong>id,</strong></span> <span class='ocrx_word' id='word_1_276' title='bbox 2781 1075 2930 1147; x_wconf 88' lang='lat' dir='ltr'><strong>quod</strong></span> <span class='ocrx_word' id='word_1_277' title='bbox 2962 1090 3028 1129; x_wconf 81' lang='lat' dir='ltr'><strong>ex</strong></span> <span class='ocrx_word' id='word_1_278' title='bbox 3060 1080 3215 1144; x_wconf 84' lang='lat' dir='ltr'><strong>parte</strong></span> <span class='ocrx_word' id='word_1_279' title='bbox 3245 1081 3350 1126; x_wconf 83' lang='lat' dir='ltr'><strong>est.</strong></span> 
     </span>
    </p>
   </div>
   <div class='ocr_carea' id='block_1_40' title="bbox 1764 1165 3352 1241">
    <p class='ocr_par' dir='ltr' id='par_1_40' title="bbox 1764 1165 3352 1241">
     <span class='ocr_line' id='line_1_40' title="bbox 1764 1165 3352 1241; baseline -0.009 -14"><span class='ocrx_word' id='word_1_280' title='bbox 1764 1187 1890 1228; x_wconf 88' lang='lat' dir='ltr'><strong>cum</strong></span> <span class='ocrx_word' id='word_1_281' title='bbox 1920 1169 2242 1241; x_wconf 82' lang='lat' dir='ltr'><strong>apparuerit</strong></span> <span class='ocrx_word' id='word_1_282' title='bbox 2273 1169 2421 1239; x_wconf 91' lang='lat' dir='ltr'><strong>quod</strong></span> <span class='ocrx_word' id='word_1_283' title='bbox 2457 1167 2761 1238; x_wconf 87' lang='lat' dir='ltr'><strong>perfectum</strong></span> <span class='ocrx_word' id='word_1_284' title='bbox 2790 1165 2958 1237; x_wconf 63' lang='lat'><strong>476</strong></span> <span class='ocrx_word' id='word_1_285' title='bbox 2983 1171 3091 1226; x_wconf 89' lang='lat' dir='ltr'><strong>est,</strong></span> <span class='ocrx_word' id='word_1_286' title='bbox 3119 1177 3352 1216; x_wconf 86' lang='lat' dir='ltr'><strong>evacua-</strong></span> 
     </span>
    </p>
   </div>
   <div class='ocr_carea' id='block_1_41' title="bbox 1768 1253 3350 1332">
    <p class='ocr_par' dir='ltr' id='par_1_41' title="bbox 1768 1253 3350 1332">
     <span class='ocr_line' id='line_1_41' title="bbox 1768 1253 3350 1332; baseline -0.011 -12"><span class='ocrx_word' id='word_1_287' title='bbox 1768 1265 1946 1330; x_wconf 87' lang='lat' dir='ltr'><strong>bitur,</strong></span> <span class='ocrx_word' id='word_1_288' title='bbox 1979 1273 2287 1332; x_wconf 90' lang='lat' dir='ltr'><strong>cunctaque</strong></span> <span class='ocrx_word' id='word_1_289' title='bbox 2325 1261 2549 1332; x_wconf 89' lang='lat' dir='ltr'><strong>specula</strong></span> <span class='ocrx_word' id='word_1_290' title='bbox 2585 1275 2650 1314; x_wconf 89' lang='lat' dir='ltr'><strong>ac</strong></span> <span class='ocrx_word' id='word_1_291' title='bbox 2686 1258 2974 1328; x_wconf 79' lang='lat' dir='ltr'><strong>amigmata</strong></span> <span class='ocrx_word' id='word_1_292' title='bbox 3015 1253 3350 1313; x_wconf 86' lang='lat' dir='ltr'><strong>transibunt,</strong></span> 
     </span>
    </p>
   </div>
   <div class='ocr_carea' id='block_1_42' title="bbox 1766 1343 3347 1420">
    <p class='ocr_par' dir='ltr' id='par_1_42' title="bbox 1766 1343 3347 1420">
     <span class='ocr_line' id='line_1_42' title="bbox 1766 1343 3347 1420; baseline -0.01 -10"><span class='ocrx_word' id='word_1_293' title='bbox 1766 1354 2093 1410; x_wconf 80' lang='lat' dir='ltr'><strong>adveniente</strong></span> <span class='ocrx_word' id='word_1_294' title='bbox 2143 1353 2380 1407; x_wconf 84' lang='lat' dir='ltr'><strong>veritate</strong></span> <span class='ocrx_word' id='word_1_295' title='bbox 2429 1366 2552 1420; x_wconf 71' lang='lat' dir='ltr'><strong>qua:</strong></span> <span class='ocrx_word' id='word_1_296' title='bbox 2607 1359 2694 1404; x_wconf 88' lang='lat' dir='ltr'><strong>est</strong></span> <span class='ocrx_word' id='word_1_297' title='bbox 2747 1348 2885 1402; x_wconf 84' lang='lat' dir='ltr'><strong>faeie</strong></span> <span class='ocrx_word' id='word_1_298' title='bbox 2937 1346 3005 1400; x_wconf 89' lang='lat' dir='ltr'><strong>ad</strong></span> <span class='ocrx_word' id='word_1_299' title='bbox 3057 1343 3253 1398; x_wconf 89' lang='lat' dir='ltr'><strong>faciem</strong></span> <span class='ocrx_word' id='word_1_300' title='bbox 3281 1343 3347 1406; x_wconf 81' lang='grc'><strong>³⁵;</strong></span> 
     </span>
    </p>
   </div>
   <div class='ocr_carea' id='block_1_43' title="bbox 1768 1437 3354 1507">
    <p class='ocr_par' dir='ltr' id='par_1_43' title="bbox 1768 1437 3354 1507">
     <span class='ocr_line' id='line_1_43' title="bbox 1768 1437 3354 1507; baseline -0.009 -5"><span class='ocrx_word' id='word_1_301' title='bbox 1768 1447 1994 1502; x_wconf 87' lang='lat' dir='ltr'><strong>mundis</strong></span> <span class='ocrx_word' id='word_1_302' title='bbox 2031 1445 2290 1500; x_wconf 88' lang='lat' dir='ltr'><strong>omnibus</strong></span> <span class='ocrx_word' id='word_1_303' title='bbox 2324 1451 2380 1498; x_wconf 90' lang='lat' dir='ltr'><strong>et</strong></span> <span class='ocrx_word' id='word_1_304' title='bbox 2409 1441 2624 1497; x_wconf 62' lang='lat' dir='ltr'><strong>seculis</strong></span> <span class='ocrx_word' id='word_1_305' title='bbox 2655 1449 2712 1495; x_wconf 90' lang='lat' dir='ltr'><strong>et</strong></span> <span class='ocrx_word' id='word_1_306' title='bbox 2737 1441 2896 1504; x_wconf 89' lang='lat' dir='ltr'><strong>locis,</strong></span> <span class='ocrx_word' id='word_1_307' title='bbox 2927 1438 3131 1507; x_wconf 88' lang='lat' dir='ltr'><strong>quibus</strong></span> <span class='ocrx_word' id='word_1_308' title='bbox 3165 1437 3354 1490; x_wconf 88' lang='lat' dir='ltr'><strong>hacte-</strong></span> 
     </span>
    </p>
   </div>
   <div class='ocr_carea' id='block_1_44' title="bbox 1769 1529 3356 1608">
    <p class='ocr_par' dir='ltr' id='par_1_44' title="bbox 1769 1529 3356 1608">
     <span class='ocr_line' id='line_1_44' title="bbox 1769 1529 3356 1608; baseline -0.008 -14"><span class='ocrx_word' id='word_1_309' title='bbox 1769 1555 1873 1594; x_wconf 85' lang='lat' dir='ltr'><strong>nus</strong></span> <span class='ocrx_word' id='word_1_310' title='bbox 1911 1549 2174 1608; x_wconf 84' lang='lat' dir='ltr'><strong>tanquam</strong></span> <span class='ocrx_word' id='word_1_311' title='bbox 2221 1536 2482 1606; x_wconf 87' lang='lat' dir='ltr'><strong>parvulus</strong></span> <span class='ocrx_word' id='word_1_312' title='bbox 2525 1534 2919 1596; x_wconf 87' lang='lat' dir='ltr'><strong>erudiebatur,</strong></span> <span class='ocrx_word' id='word_1_313' title='bbox 2957 1530 3208 1601; x_wconf 81' lang='lat' dir='ltr'><strong>superior</strong></span> <span class='ocrx_word' id='word_1_314' title='bbox 3249 1529 3356 1583; x_wconf 90' lang='lat' dir='ltr'><strong>erit</strong></span> 
     </span>
    </p>
   </div>
   <div class='ocr_carea' id='block_1_45' title="bbox 1769 1628 2978 1686">
    <p class='ocr_par' dir='ltr' id='par_1_45' title="bbox 1769 1628 2978 1686">
     <span class='ocr_line' id='line_1_45' title="bbox 1769 1628 2978 1686; baseline -0.007 0"><span class='ocrx_word' id='word_1_315' title='bbox 1769 1632 1980 1686; x_wconf 84' lang='lat' dir='ltr'><strong>electus</strong></span> <span class='ocrx_word' id='word_1_316' title='bbox 2003 1628 2304 1684; x_wconf 87' lang='lat' dir='ltr'><strong>secundum</strong></span> <span class='ocrx_word' id='word_1_317' title='bbox 2333 1628 2508 1682; x_wconf 92' lang='lat' dir='ltr'><strong>Deum</strong></span> <span class='ocrx_word' id='word_1_318' title='bbox 2539 1635 2978 1681; x_wconf 88' lang='lat' dir='ltr'><strong>consummatus.</strong></span> 
     </span>
    </p>
   </div>
   <div class='ocr_carea' id='block_1_46' title="bbox 1842 1716 3352 1791">
    <p class='ocr_par' dir='ltr' id='par_1_46' title="bbox 1842 1716 3352 1791">
     <span class='ocr_line' id='line_1_46' title="bbox 1842 1716 3352 1791; baseline -0.005 -15"><span class='ocrx_word' id='word_1_319' title='bbox 1842 1721 1900 1776; x_wconf 81' lang='lat' dir='ltr'><strong>7i</strong></span> <span class='ocrx_word' id='word_1_320' title='bbox 1917 1763 1929 1775; x_wconf 95' lang='lat'><strong>.</strong></span> <span class='ocrx_word' id='word_1_321' title='bbox 1960 1721 2191 1784; x_wconf 81' lang='lat' dir='ltr'><strong>Pilatus,</strong></span> <span class='ocrx_word' id='word_1_322' title='bbox 2216 1719 2354 1791; x_wconf 84' lang='lat' dir='ltr'><strong>legis</strong></span> <span class='ocrx_word' id='word_1_323' title='bbox 2383 1727 2594 1774; x_wconf 71' lang='lat' dir='ltr'><strong>naturae</strong></span> <span class='ocrx_word' id='word_1_324' title='bbox 2617 1717 2791 1788; x_wconf 81' lang='lat' dir='ltr'><strong>ﬁgura</strong></span> <span class='ocrx_word' id='word_1_325' title='bbox 2816 1723 2928 1782; x_wconf 85' lang='lat' dir='ltr'><strong>est;</strong></span> <span class='ocrx_word' id='word_1_326' title='bbox 2955 1716 3174 1786; x_wconf 74' lang='lat' dir='ltr'><strong>scriptze</strong></span> <span class='ocrx_word' id='word_1_327' title='bbox 3199 1729 3352 1776; x_wconf 77' lang='lat' dir='ltr'><strong>vero,</strong></span> 
     </span>
    </p>
   </div>
   <div class='ocr_carea' id='block_1_47' title="bbox 1773 1805 3356 1882">
    <p class='ocr_par' dir='ltr' id='par_1_47' title="bbox 1773 1805 3356 1882">
     <span class='ocr_line' id='line_1_47' title="bbox 1773 1805 3356 1882; baseline -0.004 -16"><span class='ocrx_word' id='word_1_328' title='bbox 1773 1811 1929 1882; x_wconf 87' lang='lat' dir='ltr'><strong>plebs</strong></span> <span class='ocrx_word' id='word_1_329' title='bbox 1955 1811 2293 1867; x_wconf 68' lang='lat' dir='ltr'><strong>Iudaeorum.</strong></span> <span class='ocrx_word' id='word_1_330' title='bbox 2321 1810 2582 1879; x_wconf 85' lang='lat' dir='ltr'><strong>Quisquis</strong></span> <span class='ocrx_word' id='word_1_331' title='bbox 2613 1809 2784 1879; x_wconf 83' lang='lat' dir='ltr'><strong>igitur</strong></span> <span class='ocrx_word' id='word_1_332' title='bbox 2813 1807 2918 1862; x_wconf 84' lang='lat' dir='ltr'><strong>ﬁde</strong></span> <span class='ocrx_word' id='word_1_333' title='bbox 2950 1809 3119 1862; x_wconf 88' lang='lat' dir='ltr'><strong>fultus</strong></span> <span class='ocrx_word' id='word_1_334' title='bbox 3151 1805 3356 1877; x_wconf 90' lang='lat' dir='ltr'><strong>duplici</strong></span> 
     </span>
    </p>
   </div>
   <div class='ocr_carea' id='block_1_48' title="bbox 1775 1901 3361 1975">
    <p class='ocr_par' dir='ltr' id='par_1_48' title="bbox 1775 1901 3361 1975">
     <span class='ocr_line' id='line_1_48' title="bbox 1775 1901 3361 1975; baseline -0.004 -15"><span class='ocrx_word' id='word_1_335' title='bbox 1775 1905 1864 1960; x_wconf 89' lang='lat' dir='ltr'><strong>illa</strong></span> <span class='ocrx_word' id='word_1_336' title='bbox 1895 1907 2014 1975; x_wconf 81' lang='lat' dir='ltr'><strong>lege</strong></span> <span class='ocrx_word' id='word_1_337' title='bbox 2039 1904 2299 1974; x_wconf 87' lang='lat' dir='ltr'><strong>superior</strong></span> <span class='ocrx_word' id='word_1_338' title='bbox 2325 1918 2436 1957; x_wconf 91' lang='lat' dir='ltr'><strong>non</strong></span> <span class='ocrx_word' id='word_1_339' title='bbox 2467 1903 2727 1966; x_wconf 74' lang='lat' dir='ltr'><strong>evaserit,</strong></span> <span class='ocrx_word' id='word_1_340' title='bbox 2754 1901 3047 1956; x_wconf 89' lang='lat' dir='ltr'><strong>veritatem</strong></span> <span class='ocrx_word' id='word_1_341' title='bbox 3077 1910 3273 1954; x_wconf 80' lang='lat' dir='ltr'><strong>natura</strong></span> <span class='ocrx_word' id='word_1_342' title='bbox 3299 1915 3361 1954; x_wconf 91' lang='lat' dir='ltr'><strong>ac</strong></span> 
     </span>
    </p>
   </div>
   <div class='ocr_carea' id='block_1_49' title="bbox 1774 1991 3360 2064">
    <p class='ocr_par' dir='ltr' id='par_1_49' title="bbox 1774 1991 3360 2064">
     <span class='ocr_line' id='line_1_49' title="bbox 1774 1991 3360 2064; baseline -0.006 -12"><span class='ocrx_word' id='word_1_343' title='bbox 1774 2011 2028 2052; x_wconf 83' lang='lat' dir='ltr'><strong>sermone</strong></span> <span class='ocrx_word' id='word_1_344' title='bbox 2089 1993 2428 2064; x_wconf 85' lang='lat' dir='ltr'><strong>superiorem</strong></span> <span class='ocrx_word' id='word_1_345' title='bbox 2493 1993 2740 2062; x_wconf 89' lang='lat' dir='ltr'><strong>recipere</strong></span> <span class='ocrx_word' id='word_1_346' title='bbox 2799 2005 2912 2046; x_wconf 90' lang='lat' dir='ltr'><strong>non</strong></span> <span class='ocrx_word' id='word_1_347' title='bbox 2979 1999 3199 2060; x_wconf 86' lang='lat' dir='ltr'><strong>potest;</strong></span> <span class='ocrx_word' id='word_1_348' title='bbox 3264 1991 3360 2045; x_wconf 84' lang='lat' dir='ltr'><strong>sed</strong></span> 
     </span>
    </p>
   </div>
   <div class='ocr_carea' id='block_1_50' title="bbox 1773 2083 3358 2156">
    <p class='ocr_par' dir='ltr' id='par_1_50' title="bbox 1773 2083 3358 2156">
     <span class='ocr_line' id='line_1_50' title="bbox 1773 2083 3358 2156; baseline -0.004 -13"><span class='ocrx_word' id='word_1_349' title='bbox 1773 2089 2000 2144; x_wconf 89' lang='lat' dir='ltr'><strong>omnino</strong></span> <span class='ocrx_word' id='word_1_350' title='bbox 2053 2087 2296 2142; x_wconf 77' lang='lat' dir='ltr'><strong>Verbum</strong></span> <span class='ocrx_word' id='word_1_351' title='bbox 2347 2084 2661 2156; x_wconf 80' lang='lat' dir='ltr'><strong>crucifiget;</strong></span> <span class='ocrx_word' id='word_1_352' title='bbox 2725 2083 2818 2154; x_wconf 88' lang='lat' dir='ltr'><strong>qui</strong></span> <span class='ocrx_word' id='word_1_353' title='bbox 2883 2083 2968 2138; x_wconf 89' lang='lat' dir='ltr'><strong>vel</strong></span> <span class='ocrx_word' id='word_1_354' title='bbox 3016 2091 3078 2137; x_wconf 91' lang='lat' dir='ltr'><strong>ut</strong></span> <span class='ocrx_word' id='word_1_355' title='bbox 3131 2083 3358 2138; x_wconf 71' lang='lat' dir='ltr'><strong>Iudaeus</strong></span> 
     </span>
    </p>
   </div>
   <div class='ocr_carea' id='block_1_51' title="bbox 1775 2157 3452 2245">
    <p class='ocr_par' dir='ltr' id='par_1_51' title="bbox 1775 2157 3452 2245">
     <span class='ocr_line' id='line_1_51' title="bbox 1775 2157 3452 2245; baseline -0.005 -9"><span class='ocrx_word' id='word_1_356' title='bbox 1775 2179 2127 2244; x_wconf 86' lang='lat' dir='ltr'><strong>scandalum,</strong></span> <span class='ocrx_word' id='word_1_357' title='bbox 2155 2180 2244 2234; x_wconf 87' lang='lat' dir='ltr'><strong>vel</strong></span> <span class='ocrx_word' id='word_1_358' title='bbox 2287 2186 2348 2232; x_wconf 89' lang='lat' dir='ltr'><strong>ut</strong></span> <span class='ocrx_word' id='word_1_359' title='bbox 2381 2177 2603 2234; x_wconf 67' lang='lat' dir='ltr'><strong>Graecus</strong></span> <span class='ocrx_word' id='word_1_360' title='bbox 2659 2175 2948 2232; x_wconf 89' lang='lat' dir='ltr'><strong>stultitiam</strong></span> <span class='ocrx_word' id='word_1_361' title='bbox 3005 2175 3360 2245; x_wconf 80' lang='lat' dir='ltr'><strong>Evangelium</strong></span> <span class='ocrx_word' id='word_1_362' title='bbox 3445 2157 3452 2166; x_wconf 69' lang='grc'><em>’</em></span> 
     </span>
    </p>
   </div>
   <div class='ocr_carea' id='block_1_52' title="bbox 1776 2271 2140 2326">
    <p class='ocr_par' dir='ltr' id='par_1_52' title="bbox 1776 2271 2140 2326">
     <span class='ocr_line' id='line_1_52' title="bbox 1776 2271 2140 2326; baseline -0.005 0"><span class='ocrx_word' id='word_1_363' title='bbox 1776 2271 2049 2326; x_wconf 78' lang='lat' dir='ltr'><strong>existimet</strong></span> <span class='ocrx_word' id='word_1_364' title='bbox 2075 2271 2140 2323; x_wconf 64' lang='grc' dir='ltr'><strong>⁸ο.</strong></span> 
     </span>
    </p>
   </div>
   <div class='ocr_carea' id='block_1_53' title="bbox 1849 2357 3363 2426">
    <p class='ocr_par' dir='ltr' id='par_1_53' title="bbox 1849 2357 3363 2426">
     <span class='ocr_line' id='line_1_53' title="bbox 1849 2357 3363 2426; baseline -0.006 -9"><span class='ocrx_word' id='word_1_365' title='bbox 1849 2363 1935 2418; x_wconf 76' lang='lat'><strong>72.</strong></span> <span class='ocrx_word' id='word_1_366' title='bbox 1961 2361 2098 2416; x_wconf 82' lang='lat' dir='ltr'><strong>Cum</strong></span> <span class='ocrx_word' id='word_1_367' title='bbox 2133 2358 2407 2413; x_wconf 82' lang='lat' dir='ltr'><strong>Herodem</strong></span> <span class='ocrx_word' id='word_1_368' title='bbox 2445 2368 2610 2426; x_wconf 88' lang='lat' dir='ltr'><strong>atque</strong></span> <span class='ocrx_word' id='word_1_369' title='bbox 2641 2357 2878 2412; x_wconf 90' lang='lat' dir='ltr'><strong>Pilatum</strong></span> <span class='ocrx_word' id='word_1_370' title='bbox 2913 2357 3212 2411; x_wconf 83' lang='lat' dir='ltr'><strong>amicitiam</strong></span> <span class='ocrx_word' id='word_1_371' title='bbox 3237 2357 3363 2426; x_wconf 83' lang='lat' dir='ltr'><strong>jun-</strong></span> 
     </span>
    </p>
   </div>
   <div class='ocr_carea' id='block_1_54' title="bbox 1776 2447 3362 2524">
    <p class='ocr_par' dir='ltr' id='par_1_54' title="bbox 1776 2447 3362 2524">
     <span class='ocr_line' id='line_1_54' title="bbox 1776 2447 3362 2524; baseline -0.006 -17"><span class='ocrx_word' id='word_1_372' title='bbox 1776 2467 1905 2524; x_wconf 77' lang='lat' dir='ltr'><strong>gere</strong></span> <span class='ocrx_word' id='word_1_373' title='bbox 1931 2451 1999 2505; x_wconf 90' lang='lat' dir='ltr'><strong>ad</strong></span> <span class='ocrx_word' id='word_1_374' title='bbox 2031 2447 2458 2504; x_wconf 88' lang='lat' dir='ltr'><strong>interimendum</strong></span> <span class='ocrx_word' id='word_1_375' title='bbox 2487 2447 2672 2502; x_wconf 87' lang='lat' dir='ltr'><strong>Jesum</strong></span> <span class='ocrx_word' id='word_1_376' title='bbox 2698 2447 2928 2511; x_wconf 87' lang='lat' dir='ltr'><strong>videris,</strong></span> <span class='ocrx_word' id='word_1_377' title='bbox 2957 2455 3138 2501; x_wconf 88' lang='lat' dir='ltr'><strong>tecum</strong></span> <span class='ocrx_word' id='word_1_378' title='bbox 3169 2453 3362 2514; x_wconf 87' lang='lat' dir='ltr'><strong>reputa</strong></span> 
     </span>
    </p>
   </div>
   <div class='ocr_carea' id='block_1_55' title="bbox 1777 2536 3364 2608">
    <p class='ocr_par' dir='ltr' id='par_1_55' title="bbox 1777 2536 3364 2608">
     <span class='ocr_line' id='line_1_55' title="bbox 1777 2536 3364 2608; baseline -0.004 -10"><span class='ocrx_word' id='word_1_379' title='bbox 1777 2545 1836 2598; x_wconf 90' lang='lat' dir='ltr'><strong>in</strong></span> <span class='ocrx_word' id='word_1_380' title='bbox 1869 2558 2039 2597; x_wconf 89' lang='lat' dir='ltr'><strong>unum</strong></span> <span class='ocrx_word' id='word_1_381' title='bbox 2073 2554 2402 2595; x_wconf 90' lang='lat' dir='ltr'><strong>concurrere</strong></span> <span class='ocrx_word' id='word_1_382' title='bbox 2432 2537 2818 2592; x_wconf 83' lang='lat' dir='ltr'><strong>fornicationis</strong></span> <span class='ocrx_word' id='word_1_383' title='bbox 2851 2537 3144 2606; x_wconf 89' lang='lat' dir='ltr'><strong>inanisque</strong></span> <span class='ocrx_word' id='word_1_384' title='bbox 3177 2536 3364 2608; x_wconf 63' lang='lat' dir='ltr'><strong>gloriae</strong></span> 
     </span>
    </p>
   </div>
   <div class='ocr_carea' id='block_1_56' title="bbox 1779 2629 3365 2703">
    <p class='ocr_par' dir='ltr' id='par_1_56' title="bbox 1779 2629 3365 2703">
     <span class='ocr_line' id='line_1_56' title="bbox 1779 2629 3365 2703; baseline -0.004 -13"><span class='ocrx_word' id='word_1_385' title='bbox 1779 2636 2110 2696; x_wconf 65' lang='lat' dir='ltr'><strong>dremonem,</strong></span> <span class='ocrx_word' id='word_1_386' title='bbox 2146 2632 2349 2703; x_wconf 87' lang='lat' dir='ltr'><strong>junctis</strong></span> <span class='ocrx_word' id='word_1_387' title='bbox 2385 2631 2530 2684; x_wconf 89' lang='lat' dir='ltr'><strong>inter</strong></span> <span class='ocrx_word' id='word_1_388' title='bbox 2561 2645 2620 2685; x_wconf 90' lang='lat' dir='ltr'><strong>se</strong></span> <span class='ocrx_word' id='word_1_389' title='bbox 2657 2630 2924 2694; x_wconf 88' lang='lat' dir='ltr'><strong>consiliis,</strong></span> <span class='ocrx_word' id='word_1_390' title='bbox 2952 2636 3014 2684; x_wconf 91' lang='lat' dir='ltr'><strong>ut</strong></span> <span class='ocrx_word' id='word_1_391' title='bbox 3046 2629 3268 2683; x_wconf 87' lang='lat' dir='ltr'><strong>virtutis</strong></span> <span class='ocrx_word' id='word_1_392' title='bbox 3303 2643 3365 2683; x_wconf 89' lang='lat' dir='ltr'><strong>ac</strong></span> 
     </span>
    </p>
   </div>
   <div class='ocr_carea' id='block_1_57' title="bbox 1778 2719 3366 2793">
    <p class='ocr_par' dir='ltr' id='par_1_57' title="bbox 1778 2719 3366 2793">
     <span class='ocr_line' id='line_1_57' title="bbox 1778 2719 3366 2793; baseline -0.007 -9"><span class='ocrx_word' id='word_1_393' title='bbox 1778 2726 2024 2784; x_wconf 76' lang='lat' dir='ltr'><strong>scientiae</strong></span> <span class='ocrx_word' id='word_1_394' title='bbox 2071 2739 2381 2780; x_wconf 89' lang='lat' dir='ltr'><strong>sermonem</strong></span> <span class='ocrx_word' id='word_1_395' title='bbox 2427 2723 2724 2793; x_wconf 87' lang='lat' dir='ltr'><strong>perimant.</strong></span> <span class='ocrx_word' id='word_1_396' title='bbox 2767 2721 2902 2776; x_wconf 85' lang='lat' dir='ltr'><strong>Nam</strong></span> <span class='ocrx_word' id='word_1_397' title='bbox 2951 2719 3134 2775; x_wconf 88' lang='lat' dir='ltr'><strong>inanis</strong></span> <span class='ocrx_word' id='word_1_398' title='bbox 3179 2720 3366 2790; x_wconf 75' lang='lat' dir='ltr'><strong>gloria:</strong></span> 
     </span>
    </p>
   </div>
   <div class='ocr_carea' id='block_1_58' title="bbox 1778 2813 3364 2887">
    <p class='ocr_par' dir='ltr' id='par_1_58' title="bbox 1778 2813 3364 2887">
     <span class='ocr_line' id='line_1_58' title="bbox 1778 2813 3364 2887; baseline -0.006 -12"><span class='ocrx_word' id='word_1_399' title='bbox 1778 2821 2013 2882; x_wconf 78' lang='lat' dir='ltr'><strong>daemon,</strong></span> <span class='ocrx_word' id='word_1_400' title='bbox 2045 2817 2346 2887; x_wconf 85' lang='lat' dir='ltr'><strong>spiritalem</strong></span> <span class='ocrx_word' id='word_1_401' title='bbox 2381 2815 2670 2871; x_wconf 86' lang='lat' dir='ltr'><strong>scientiam</strong></span> <span class='ocrx_word' id='word_1_402' title='bbox 2703 2813 2992 2878; x_wconf 86' lang='lat' dir='ltr'><strong>simulans,</strong></span> <span class='ocrx_word' id='word_1_403' title='bbox 3024 2813 3091 2868; x_wconf 89' lang='lat' dir='ltr'><strong>ad</strong></span> <span class='ocrx_word' id='word_1_404' title='bbox 3124 2813 3364 2867; x_wconf 84' lang='lat' dir='ltr'><strong>fornica-</strong></span> 
     </span>
    </p>
   </div>
   <div class='ocr_carea' id='block_1_59' title="bbox 1779 2901 3366 2974">
    <p class='ocr_par' dir='ltr' id='par_1_59' title="bbox 1779 2901 3366 2974">
     <span class='ocr_line' id='line_1_59' title="bbox 1779 2901 3366 2974; baseline -0.006 -10"><span class='ocrx_word' id='word_1_405' title='bbox 1779 2910 1945 2964; x_wconf 87' lang='lat' dir='ltr'><strong>tionis</strong></span> <span class='ocrx_word' id='word_1_406' title='bbox 1973 2911 2274 2964; x_wconf 66' lang='lat' dir='ltr'><strong>dmmonem</strong></span> <span class='ocrx_word' id='word_1_407' title='bbox 2305 2907 2659 2972; x_wconf 88' lang='lat' dir='ltr'><strong>transmittit;</strong></span> <span class='ocrx_word' id='word_1_408' title='bbox 2693 2905 3018 2974; x_wconf 75' lang='lat' dir='ltr'><strong>dzemonque</strong></span> <span class='ocrx_word' id='word_1_409' title='bbox 3051 2901 3366 2958; x_wconf 75' lang='lat' dir='ltr'><strong>fornicatio-</strong></span> 
     </span>
    </p>
   </div>
   <div class='ocr_carea' id='block_1_60' title="bbox 1778 2995 3366 3066">
    <p class='ocr_par' dir='ltr' id='par_1_60' title="bbox 1778 2995 3366 3066">
     <span class='ocr_line' id='line_1_60' title="bbox 1778 2995 3366 3066; baseline -0.006 -10"><span class='ocrx_word' id='word_1_410' title='bbox 1778 3002 1863 3056; x_wconf 90' lang='lat' dir='ltr'><strong>nis</strong></span> <span class='ocrx_word' id='word_1_411' title='bbox 1913 3000 1996 3055; x_wconf 90' lang='lat' dir='ltr'><strong>sui</strong></span> <span class='ocrx_word' id='word_1_412' title='bbox 2043 2999 2408 3055; x_wconf 85' lang='lat' dir='ltr'><strong>subductione</strong></span> <span class='ocrx_word' id='word_1_413' title='bbox 2453 2997 2723 3066; x_wconf 85' lang='lat' dir='ltr'><strong>tantisper</strong></span> <span class='ocrx_word' id='word_1_414' title='bbox 2767 2995 3062 3066; x_wconf 86' lang='lat' dir='ltr'><strong>puritatem</strong></span> <span class='ocrx_word' id='word_1_415' title='bbox 3107 2995 3366 3050; x_wconf 84' lang='lat' dir='ltr'><strong>simulato</strong></span> 
     </span>
    </p>
   </div>
   <div class='ocr_carea' id='block_1_61' title="bbox 74 3083 1689 3172">
    <p class='ocr_par' dir='ltr' id='par_1_61' title="bbox 74 3083 1674 3160">
     <span class='ocr_line' id='line_1_61' title="bbox 74 3083 1674 3160; baseline 0.004 -22"><span class='ocrx_word' id='word_1_416' title='bbox 74 3083 448 3156; x_wconf 81' lang='grc' dir='ltr'>καθαρότητα</span> <span class='ocrx_word' id='word_1_417' title='bbox 485 3086 972 3156; x_wconf 86' lang='grc' dir='ltr'>προσποιούμενος,</span> <span class='ocrx_word' id='word_1_418' title='bbox 1007 3089 1322 3158; x_wconf 76' lang='grc' dir='ltr'>ἀναπέμπει</span> <span class='ocrx_word' id='word_1_419' title='bbox 1361 3091 1436 3159; x_wconf 77' lang='grc' dir='ltr'>τῷ</span> <span class='ocrx_word' id='word_1_420' title='bbox 1465 3091 1674 3160; x_wconf 84' lang='grc' dir='ltr'>δαίμονι</span> 
     </span>
    </p>
   </div>
   <div class='ocr_carea' id='block_1_62' title="bbox 1785 3083 3366 3172">
    <p class='ocr_par' dir='ltr' id='par_1_62' title="bbox 1785 3086 3366 3161">
     <span class='ocr_line' id='line_1_62' title="bbox 1785 3086 3366 3161; baseline -0.006 -13"><span class='ocrx_word' id='word_1_421' title='bbox 1785 3093 2088 3158; x_wconf 88' lang='lat' dir='ltr'><strong>mentiens,</strong></span> <span class='ocrx_word' id='word_1_422' title='bbox 2118 3091 2184 3146; x_wconf 89' lang='lat' dir='ltr'><strong>ad</strong></span> <span class='ocrx_word' id='word_1_423' title='bbox 2219 3091 2400 3146; x_wconf 88' lang='lat' dir='ltr'><strong>inanis</strong></span> <span class='ocrx_word' id='word_1_424' title='bbox 2432 3091 2618 3161; x_wconf 61' lang='lat' dir='ltr'><strong>gloriae</strong></span> <span class='ocrx_word' id='word_1_425' title='bbox 2651 3089 2956 3145; x_wconf 73' lang='lat' dir='ltr'><strong>daemonem</strong></span> <span class='ocrx_word' id='word_1_426' title='bbox 2989 3087 3240 3143; x_wconf 88' lang='lat' dir='ltr'><strong>remittit.</strong></span> <span class='ocrx_word' id='word_1_427' title='bbox 3275 3086 3366 3140; x_wconf 86' lang='lat' dir='ltr'><strong>ld-</strong></span> 
     </span>
    </p>
   </div>
   <div class='ocr_carea' id='block_1_63' title="bbox 73 3171 1670 3250">
    <p class='ocr_par' dir='ltr' id='par_1_63' title="bbox 73 3171 1670 3250">
     <span class='ocr_line' id='line_1_63' title="bbox 73 3171 1670 3250; baseline 0.008 -27"><span class='ocrx_word' id='word_1_428' title='bbox 73 3171 176 3242; x_wconf 85' lang='grc' dir='ltr'>τῆς</span> <span class='ocrx_word' id='word_1_429' title='bbox 218 3171 562 3238; x_wconf 86' lang='grc' dir='ltr'>κενοδοξίας.</span> <span class='ocrx_word' id='word_1_430' title='bbox 613 3173 706 3227; x_wconf 82' lang='grc' dir='ltr'><strong>Διὸ</strong></span> <span class='ocrx_word' id='word_1_431' title='bbox 741 3217 753 3238; x_wconf 85' lang='grc'><strong>,</strong></span> <span class='ocrx_word' id='word_1_432' title='bbox 796 3177 1088 3245; x_wconf 79' lang='grc' dir='ltr'>Λαμπρὰν</span> <span class='ocrx_word' id='word_1_433' title='bbox 1122 3181 1379 3246; x_wconf 70' lang='grc' dir='ltr'>περιθείς</span> <span class='ocrx_word' id='word_1_434' title='bbox 1422 3181 1670 3250; x_wconf 77' lang='grc' dir='ltr'>ἐσθῆτα,</span> 
     </span>
    </p>
   </div>
   <div class='ocr_carea' id='block_1_64' title="bbox 79 3268 1676 3342">
    <p class='ocr_par' dir='ltr' id='par_1_64' title="bbox 79 3268 1676 3342">
     <span class='ocr_line' id='line_1_64' title="bbox 79 3268 1676 3342; baseline 0.009 -25"><span class='ocrx_word' id='word_1_435' title='bbox 79 3269 250 3336; x_wconf 79' lang='grc' dir='ltr'>φησὶν</span> <span class='ocrx_word' id='word_1_436' title='bbox 279 3307 295 3332; x_wconf 91' lang='grc'><strong>,</strong></span> <span class='ocrx_word' id='word_1_437' title='bbox 368 3271 404 3321; x_wconf 85' lang='grc' dir='ltr'><strong>ό</strong></span> <span class='ocrx_word' id='word_1_438' title='bbox 494 3268 782 3338; x_wconf 81' lang='grc' dir='ltr'>Ἡρώδης,</span> <span class='ocrx_word' id='word_1_439' title='bbox 868 3271 1180 3342; x_wconf 72' lang='grc' dir='ltr'><strong>ἀνέπεμψε</strong></span> <span class='ocrx_word' id='word_1_440' title='bbox 1249 3277 1486 3342; x_wconf 75' lang='grc' dir='ltr'>Πιλὰτῳ</span> <span class='ocrx_word' id='word_1_441' title='bbox 1569 3279 1676 3332; x_wconf 79' lang='grc' dir='ltr'><strong>τὸν</strong></span> 
     </span>
    </p>
   </div>
   <div class='ocr_carea' id='block_1_65' title="bbox 89 3359 354 3426">
    <p class='ocr_par' dir='ltr' id='par_1_65' title="bbox 89 3359 354 3426">
     <span class='ocr_line' id='line_1_65' title="bbox 89 3359 354 3426; baseline 0.008 -14"><span class='ocrx_word' id='word_1_442' title='bbox 89 3359 354 3426; x_wconf 83' lang='grc' dir='ltr'><strong>Ἰησοῦν.</strong></span> 
     </span>
    </p>
   </div>
   <div class='ocr_carea' id='block_1_66' title="bbox 147 3451 1675 3534">
    <p class='ocr_par' dir='ltr' id='par_1_66' title="bbox 147 3451 1675 3534">
     <span class='ocr_line' id='line_1_66' title="bbox 147 3451 1675 3534; baseline 0.004 -24"><span class='ocrx_word' id='word_1_443' title='bbox 147 3457 252 3522; x_wconf 86' lang='grc' dir='ltr'><strong>ογ¹.</strong></span> <span class='ocrx_word' id='word_1_444' title='bbox 279 3451 475 3508; x_wconf 81' lang='grc' dir='ltr'>Καλὸν</span> <span class='ocrx_word' id='word_1_445' title='bbox 515 3453 588 3526; x_wconf 85' lang='grc' dir='ltr'><strong>μὴ</strong></span> <span class='ocrx_word' id='word_1_446' title='bbox 620 3458 922 3526; x_wconf 84' lang='grc' dir='ltr'>συγχωρεῖν</span> <span class='ocrx_word' id='word_1_447' title='bbox 945 3461 1110 3530; x_wconf 74' lang='grc' dir='ltr'>σαρκὶ</span> <span class='ocrx_word' id='word_1_448' title='bbox 1143 3462 1235 3514; x_wconf 77' lang='grc' dir='ltr'><strong>καὶ</strong></span> <span class='ocrx_word' id='word_1_449' title='bbox 1275 3461 1471 3514; x_wconf 76' lang='grc' dir='ltr'>πάοεσι</span> <span class='ocrx_word' id='word_1_450' title='bbox 1509 3481 1675 3534; x_wconf 74' lang='grc' dir='ltr'>προσ-</span> 
     </span>
    </p>
   </div>
   <div class='ocr_carea' id='block_1_67' title="bbox 79 3545 1666 3626">
    <p class='ocr_par' dir='ltr' id='par_1_67' title="bbox 79 3545 1666 3626">
     <span class='ocr_line' id='line_1_67' title="bbox 79 3545 1666 3626; baseline 0.008 -30"><span class='ocrx_word' id='word_1_451' title='bbox 79 3545 302 3615; x_wconf 79' lang='grc' dir='ltr'>ανέχειν</span> <span class='ocrx_word' id='word_1_452' title='bbox 353 3545 452 3599; x_wconf 85' lang='grc' dir='ltr'><strong>τὸν</strong></span> <span class='ocrx_word' id='word_1_453' title='bbox 497 3546 640 3602; x_wconf 91' lang='grc' dir='ltr'>νοῦν.</span> <span class='ocrx_word' id='word_1_454' title='bbox 695 3551 777 3602; x_wconf 87' lang='grc' dir='ltr'><strong>οὺ</strong></span> <span class='ocrx_word' id='word_1_455' title='bbox 811 3549 920 3619; x_wconf 80' lang='grc' dir='ltr'><strong>γὰρ</strong></span> <span class='ocrx_word' id='word_1_456' title='bbox 961 3553 1353 3622; x_wconf 70' lang='grc' dir='ltr'>συλλέγουσι,</span> <span class='ocrx_word' id='word_1_457' title='bbox 1382 3559 1565 3626; x_wconf 72' lang='grc' dir='ltr'>φησὶν,</span> <span class='ocrx_word' id='word_1_458' title='bbox 1596 3558 1666 3622; x_wconf 85' lang='grc' dir='ltr'><strong>ἐξ</strong></span> 
     </span>
    </p>
   </div>
   <div class='ocr_carea' id='block_1_68' title="bbox 77 3637 1672 3718">
    <p class='ocr_par' dir='ltr' id='par_1_68' title="bbox 77 3637 1672 3718">
     <span class='ocr_line' id='line_1_68' title="bbox 77 3637 1672 3718; baseline 0.005 -28"><span class='ocrx_word' id='word_1_459' title='bbox 77 3637 368 3692; x_wconf 79' lang='grc' dir='ltr'>ἀκανθῶν</span> <span class='ocrx_word' id='word_1_460' title='bbox 426 3638 622 3692; x_wconf 71' lang='grc' dir='ltr'>σῦκαο</span> <span class='ocrx_word' id='word_1_461' title='bbox 676 3641 986 3706; x_wconf 76' lang='grc' dir='ltr'>τουτέστιν,</span> <span class='ocrx_word' id='word_1_462' title='bbox 1040 3646 1104 3696; x_wconf 80' lang='grc' dir='ltr'>ἐκ</span> <span class='ocrx_word' id='word_1_463' title='bbox 1157 3645 1380 3712; x_wconf 82' lang='grc' dir='ltr'>παθῶν,</span> <span class='ocrx_word' id='word_1_464' title='bbox 1437 3649 1672 3718; x_wconf 71' lang='grc' dir='ltr'>ἀρετήν-</span> 
     </span>
    </p>
   </div>
   <div class='ocr_carea' id='block_1_69' title="bbox 83 3727 1674 3812">
    <p class='ocr_par' dir='ltr' id='par_1_69' title="bbox 83 3727 1674 3812">
     <span class='ocr_line' id='line_1_69' title="bbox 83 3727 1674 3812; baseline 0.007 -31"><span class='ocrx_word' id='word_1_465' title='bbox 83 3727 227 3783; x_wconf 72' lang='lat' dir='ltr'><strong>obte-</strong></span> <span class='ocrx_word' id='word_1_466' title='bbox 246 3730 316 3784; x_wconf 72' lang='grc' dir='ltr'>ἐκ</span> <span class='ocrx_word' id='word_1_467' title='bbox 337 3729 542 3794; x_wconf 75' lang='grc' dir='ltr'>βάτου</span> <span class='ocrx_word' id='word_1_468' title='bbox 568 3735 896 3802; x_wconf 66' lang='grc' dir='ltr'>σταφυλήν</span> <span class='ocrx_word' id='word_1_469' title='bbox 915 3749 928 3764; x_wconf 86' lang='grc'><strong>·</strong></span> <span class='ocrx_word' id='word_1_470' title='bbox 969 3735 1270 3801; x_wconf 78' lang='grc' dir='ltr'>τουτέστιν,</span> <span class='ocrx_word' id='word_1_471' title='bbox 1301 3739 1364 3790; x_wconf 83' lang='grc' dir='ltr'><strong>ἐκ</strong></span> <span class='ocrx_word' id='word_1_472' title='bbox 1409 3741 1508 3810; x_wconf 84' lang='grc' dir='ltr'>τῆς</span> <span class='ocrx_word' id='word_1_473' title='bbox 1539 3757 1674 3812; x_wconf 86' lang='grc' dir='ltr'>σαρ-</span> 
     </span>
    </p>
   </div>
   <div class='ocr_carea' id='block_1_70' title="bbox 87 3817 1022 3894">
    <p class='ocr_par' dir='ltr' id='par_1_70' title="bbox 87 3817 1022 3894">
     <span class='ocr_line' id='line_1_70' title="bbox 87 3817 1022 3894; baseline 0.01 -24"><span class='ocrx_word' id='word_1_474' title='bbox 87 3817 202 3882; x_wconf 72' lang='grc' dir='ltr'>κὸς,</span> <span class='ocrx_word' id='word_1_475' title='bbox 231 3820 336 3891; x_wconf 79' lang='grc' dir='ltr'><strong>τὴν</strong></span> <span class='ocrx_word' id='word_1_476' title='bbox 363 3822 768 3890; x_wconf 78' lang='grc' dir='ltr'>εὐφραίνουσαν</span> <span class='ocrx_word' id='word_1_477' title='bbox 799 3825 1022 3894; x_wconf 82' lang='grc' dir='ltr'>γνῶσιν.</span> 
     </span>
    </p>
   </div>
   <div class='ocr_carea' id='block_1_71' title="bbox 157 3909 1676 3992">
    <p class='ocr_par' dir='ltr' id='par_1_71' title="bbox 157 3909 1676 3992">
     <span class='ocr_line' id='line_1_71' title="bbox 157 3909 1676 3992; baseline 0.009 -30"><span class='ocrx_word' id='word_1_478' title='bbox 157 3909 251 3964; x_wconf 83' lang='grc' dir='ltr'><strong>οδ⁷.</strong></span> <span class='ocrx_word' id='word_1_479' title='bbox 283 3911 388 3964; x_wconf 80' lang='grc' dir='ltr'>Διά</span> <span class='ocrx_word' id='word_1_480' title='bbox 417 3911 520 3982; x_wconf 83' lang='grc' dir='ltr'>τῆς</span> <span class='ocrx_word' id='word_1_481' title='bbox 551 3913 831 3984; x_wconf 82' lang='grc' dir='ltr'>ὑπομονῆς</span> <span class='ocrx_word' id='word_1_482' title='bbox 876 3917 984 3969; x_wconf 85' lang='grc' dir='ltr'><strong>τῶν</strong></span> <span class='ocrx_word' id='word_1_483' title='bbox 1016 3919 1341 3988; x_wconf 78' lang='grc' dir='ltr'>πειρασμῶν</span> <span class='ocrx_word' id='word_1_484' title='bbox 1379 3921 1676 3992; x_wconf 78' lang='grc' dir='ltr'>δοκιμαζό-</span> 
     </span>
    </p>
   </div>
   <div class='ocr_carea' id='block_1_72' title="bbox 91 4005 1676 4084">
    <p class='ocr_par' dir='ltr' id='par_1_72' title="bbox 91 4005 1676 4084">
     <span class='ocr_line' id='line_1_72' title="bbox 91 4005 1676 4084; baseline 0.009 -30"><span class='ocrx_word' id='word_1_485' title='bbox 91 4020 253 4072; x_wconf 89' lang='grc' dir='ltr'>μενος</span> <span class='ocrx_word' id='word_1_486' title='bbox 289 4006 318 4058; x_wconf 86' lang='grc' dir='ltr'><strong>ὁ</strong></span> <span class='ocrx_word' id='word_1_487' title='bbox 354 4005 624 4077; x_wconf 71' lang='grc' dir='ltr'>ἀσκητὴς,</span> <span class='ocrx_word' id='word_1_488' title='bbox 656 4007 752 4061; x_wconf 79' lang='grc' dir='ltr'>καὶ</span> <span class='ocrx_word' id='word_1_489' title='bbox 777 4009 866 4062; x_wconf 83' lang='grc' dir='ltr'>διά</span> <span class='ocrx_word' id='word_1_490' title='bbox 895 4009 992 4080; x_wconf 87' lang='grc' dir='ltr'>τῆς</span> <span class='ocrx_word' id='word_1_491' title='bbox 1041 4013 1358 4082; x_wconf 80' lang='grc' dir='ltr'>σωματικῆς</span> <span class='ocrx_word' id='word_1_492' title='bbox 1402 4015 1676 4084; x_wconf 68' lang='grc' dir='ltr'>παιδαγωο</span> 
     </span>
    </p>
   </div>
   <div class='ocr_carea' id='block_1_73' title="bbox 85 4091 1680 4180">
    <p class='ocr_par' dir='ltr' id='par_1_73' title="bbox 85 4091 1680 4180">
     <span class='ocr_line' id='line_1_73' title="bbox 85 4091 1680 4180; baseline 0.009 -34"><span class='ocrx_word' id='word_1_493' title='bbox 85 4091 212 4160; x_wconf 86' lang='grc' dir='ltr'>γίας</span> <span class='ocrx_word' id='word_1_494' title='bbox 245 4096 667 4168; x_wconf 89' lang='grc' dir='ltr'>καθαιρόμενος,</span> <span class='ocrx_word' id='word_1_495' title='bbox 701 4101 794 4154; x_wconf 71' lang='grc' dir='ltr'><strong>καὶ</strong></span> <span class='ocrx_word' id='word_1_496' title='bbox 820 4101 906 4156; x_wconf 79' lang='grc' dir='ltr'>διὰ</span> <span class='ocrx_word' id='word_1_497' title='bbox 939 4103 1038 4173; x_wconf 83' lang='grc' dir='ltr'>τῆς</span> <span class='ocrx_word' id='word_1_498' title='bbox 1062 4104 1374 4173; x_wconf 75' lang='grc' dir='ltr'>ἐπιμελείας</span> <span class='ocrx_word' id='word_1_499' title='bbox 1403 4107 1512 4159; x_wconf 83' lang='grc' dir='ltr'><strong>τῶν</strong></span> <span class='ocrx_word' id='word_1_500' title='bbox 1545 4108 1680 4180; x_wconf 73' lang='grc' dir='ltr'>ὑψη-</span> 
     </span>
    </p>
   </div>
   <div class='ocr_carea' id='block_1_74' title="bbox 87 4187 1680 4269">
    <p class='ocr_par' dir='ltr' id='par_1_74' title="bbox 87 4187 1680 4269">
     <span class='ocr_line' id='line_1_74' title="bbox 87 4187 1680 4269; baseline 0.011 -32"><span class='ocrx_word' id='word_1_501' title='bbox 87 4187 196 4239; x_wconf 81' lang='grc' dir='ltr'><strong>λῶν</strong></span> <span class='ocrx_word' id='word_1_502' title='bbox 230 4188 609 4260; x_wconf 82' lang='grc' dir='ltr'>θεωρημάτων</span> <span class='ocrx_word' id='word_1_503' title='bbox 649 4191 1042 4264; x_wconf 83' lang='grc' dir='ltr'>τελειούμενος,</span> <span class='ocrx_word' id='word_1_504' title='bbox 1097 4194 1342 4260; x_wconf 76' lang='grc' dir='ltr'>ἀξιοῦται</span> <span class='ocrx_word' id='word_1_505' title='bbox 1391 4198 1493 4269; x_wconf 85' lang='grc' dir='ltr'><strong>τῆς</strong></span> <span class='ocrx_word' id='word_1_506' title='bbox 1527 4199 1680 4266; x_wconf 86' lang='grc' dir='ltr'>θείας</span> 
     </span>
    </p>
   </div>
   <div class='ocr_carea' id='block_1_75' title="bbox 93 4281 1683 4360">
    <p class='ocr_par' dir='ltr' id='par_1_75' title="bbox 93 4281 1683 4360">
     <span class='ocr_line' id='line_1_75' title="bbox 93 4281 1683 4360; baseline 0.011 -29"><span class='ocrx_word' id='word_1_507' title='bbox 93 4281 520 4352; x_wconf 84' lang='grc' dir='ltr'>παρακλήσεως.</span> <span class='ocrx_word' id='word_1_508' title='bbox 548 4285 761 4352; x_wconf 83' lang='grc' dir='ltr'>Κύριος</span> <span class='ocrx_word' id='word_1_509' title='bbox 781 4285 912 4355; x_wconf 85' lang='grc' dir='ltr'>γὰρ,</span> <span class='ocrx_word' id='word_1_510' title='bbox 929 4287 1094 4356; x_wconf 67' lang='grc' dir='ltr'>φησιν</span> <span class='ocrx_word' id='word_1_511' title='bbox 1122 4291 1150 4340; x_wconf 84' lang='grc' dir='ltr'>ὁ</span> <span class='ocrx_word' id='word_1_512' title='bbox 1169 4290 1428 4360; x_wconf 84' lang='grc' dir='ltr'>Μωῦσῆς,</span> <span class='ocrx_word' id='word_1_513' title='bbox 1449 4292 1517 4345; x_wconf 83' lang='grc' dir='ltr'>ἐκ</span> <span class='ocrx_word' id='word_1_514' title='bbox 1535 4291 1683 4349; x_wconf 82' lang='grc' dir='ltr'><strong>Σινᾶ</strong></span> 
     </span>
    </p>
   </div>
   <div class='ocr_carea' id='block_1_76' title="bbox 91 4369 1682 4454">
    <p class='ocr_par' dir='ltr' id='par_1_76' title="bbox 91 4369 1682 4454">
     <span class='ocr_line' id='line_1_76' title="bbox 91 4369 1682 4454; baseline 0.011 -31"><span class='ocrx_word' id='word_1_515' title='bbox 91 4369 226 4436; x_wconf 77' lang='grc' dir='ltr'>ἣκει</span> <span class='ocrx_word' id='word_1_516' title='bbox 256 4389 270 4402; x_wconf 88' lang='grc'><strong>·</strong></span> <span class='ocrx_word' id='word_1_517' title='bbox 324 4375 629 4440; x_wconf 78' lang='grc' dir='ltr'>τουτέστιν,</span> <span class='ocrx_word' id='word_1_518' title='bbox 661 4376 723 4428; x_wconf 74' lang='grc' dir='ltr'>ἐκ</span> <span class='ocrx_word' id='word_1_519' title='bbox 749 4376 856 4432; x_wconf 87' lang='grc' dir='ltr'><strong>τῶν</strong></span> <span class='ocrx_word' id='word_1_520' title='bbox 884 4379 1206 4451; x_wconf 83' lang='grc' dir='ltr'>πειρασμῶν</span> <span class='ocrx_word' id='word_1_521' title='bbox 1235 4400 1248 4412; x_wconf 90' lang='grc'><strong>·</strong></span> <span class='ocrx_word' id='word_1_522' title='bbox 1278 4383 1373 4436; x_wconf 84' lang='grc' dir='ltr'>καὶ</span> <span class='ocrx_word' id='word_1_523' title='bbox 1412 4384 1682 4454; x_wconf 69' lang='grc' dir='ltr'>ἐπεφάνη</span> 
     </span>
    </p>
   </div>
   <div class='ocr_carea' id='block_1_77' title="bbox 163 4527 1262 4602">
    <p class='ocr_par' dir='ltr' id='par_1_77' title="bbox 163 4527 1262 4602">
     <span class='ocr_line' id='line_1_77' title="bbox 163 4527 1262 4602; baseline 0.006 -19"><span class='ocrx_word' id='word_1_524' title='bbox 163 4527 252 4583; x_wconf 76' lang='grc'><strong>³⁵1</strong></span> <span class='ocrx_word' id='word_1_525' title='bbox 280 4529 410 4585; x_wconf 89' lang='lat' dir='ltr'><strong>Cor.</strong></span> <span class='ocrx_word' id='word_1_526' title='bbox 435 4547 553 4597; x_wconf 81' lang='lat' dir='ltr'><strong>xm,</strong></span> <span class='ocrx_word' id='word_1_527' title='bbox 581 4531 764 4586; x_wconf 75' lang='lat'><strong>10-15.</strong></span> <span class='ocrx_word' id='word_1_528' title='bbox 843 4533 888 4567; x_wconf 74' lang='grc'><strong>⁸⁸</strong></span> <span class='ocrx_word' id='word_1_529' title='bbox 911 4534 930 4587; x_wconf 87' lang='lat' dir='ltr'><strong>l</strong></span> <span class='ocrx_word' id='word_1_530' title='bbox 955 4533 1084 4590; x_wconf 87' lang='lat' dir='ltr'><strong>Cor.</strong></span> <span class='ocrx_word' id='word_1_531' title='bbox 1111 4551 1148 4602; x_wconf 92' lang='grc' dir='ltr'><strong>ι,</strong></span> <span class='ocrx_word' id='word_1_532' title='bbox 1172 4537 1262 4590; x_wconf 76' lang='grc'><strong>25.</strong></span> 
     </span>
    </p>
   </div>
   <div class='ocr_carea' id='block_1_78' title="bbox 1781 3176 3366 3238">
    <p class='ocr_par' dir='ltr' id='par_1_78' title="bbox 1781 3176 3366 3238">
     <span class='ocr_line' id='line_1_78' title="bbox 1781 3176 3366 3238; baseline -0.004 -1"><span class='ocrx_word' id='word_1_533' title='bbox 1781 3183 1930 3238; x_wconf 89' lang='lat' dir='ltr'><strong>circo</strong></span> <span class='ocrx_word' id='word_1_534' title='bbox 1977 3182 2054 3236; x_wconf 91' lang='lat' dir='ltr'><strong>ait</strong></span> <span class='ocrx_word' id='word_1_535' title='bbox 2099 3199 2112 3234; x_wconf 93' lang='lat'>:</span> <span class='ocrx_word' id='word_1_536' title='bbox 2159 3181 2412 3236; x_wconf 85' lang='lat' dir='ltr'><strong>Indutum</strong></span> <span class='ocrx_word' id='word_1_537' title='bbox 2455 3187 2592 3234; x_wconf 78' lang='lat' dir='ltr'><strong>veste</strong></span> <span class='ocrx_word' id='word_1_538' title='bbox 2637 3177 2866 3232; x_wconf 81' lang='lat' dir='ltr'><strong>candida</strong></span> <span class='ocrx_word' id='word_1_539' title='bbox 2913 3176 3145 3232; x_wconf 79' lang='lat' dir='ltr'><strong>Herodes</strong></span> <span class='ocrx_word' id='word_1_540' title='bbox 3185 3177 3366 3231; x_wconf 73' lang='lat' dir='ltr'><strong>lesum</strong></span> 
     </span>
    </p>
   </div>
   <div class='ocr_carea' id='block_1_79' title="bbox 1783 3271 2432 3327">
    <p class='ocr_par' dir='ltr' id='par_1_79' title="bbox 1783 3271 2432 3327">
     <span class='ocr_line' id='line_1_79' title="bbox 1783 3271 2432 3327; baseline -0.005 0"><span class='ocrx_word' id='word_1_541' title='bbox 1783 3275 1982 3327; x_wconf 79' lang='lat' dir='ltr'><strong>remisit</strong></span> <span class='ocrx_word' id='word_1_542' title='bbox 2009 3272 2078 3326; x_wconf 84' lang='lat' dir='ltr'><strong>ad</strong></span> <span class='ocrx_word' id='word_1_543' title='bbox 2107 3271 2345 3326; x_wconf 78' lang='lat' dir='ltr'><strong>Pilatum</strong></span> <span class='ocrx_word' id='word_1_544' title='bbox 2369 3272 2432 3324; x_wconf 87' lang='grc'><strong>³⁷.</strong></span> 
     </span>
    </p>
   </div>
   <div class='ocr_carea' id='block_1_80' title="bbox 1854 3462 3368 3534">
    <p class='ocr_par' dir='ltr' id='par_1_80' title="bbox 1854 3462 3368 3534">
     <span class='ocr_line' id='line_1_80' title="bbox 1854 3462 3368 3534; baseline -0.005 -9"><span class='ocrx_word' id='word_1_545' title='bbox 1854 3471 1940 3525; x_wconf 76' lang='grc'><strong>75.</strong></span> <span class='ocrx_word' id='word_1_546' title='bbox 1991 3471 2246 3534; x_wconf 75' lang='lat' dir='ltr'><strong>Praestat,</strong></span> <span class='ocrx_word' id='word_1_547' title='bbox 2295 3483 2360 3522; x_wconf 91' lang='lat' dir='ltr'><strong>ne</strong></span> <span class='ocrx_word' id='word_1_548' title='bbox 2418 3466 2570 3520; x_wconf 85' lang='lat' dir='ltr'><strong>carni</strong></span> <span class='ocrx_word' id='word_1_549' title='bbox 2626 3465 3024 3534; x_wconf 81' lang='lat' dir='ltr'><strong>aﬂ&#39;eetibusque</strong></span> <span class='ocrx_word' id='word_1_550' title='bbox 3077 3462 3368 3518; x_wconf 50' lang='lat' dir='ltr'><strong>seu‘vitiis</strong></span> 
     </span>
    </p>
   </div>
   <div class='ocr_carea' id='block_1_81' title="bbox 1783 3553 3366 3625">
    <p class='ocr_par' dir='ltr' id='par_1_81' title="bbox 1783 3553 3366 3625">
     <span class='ocr_line' id='line_1_81' title="bbox 1783 3553 3366 3625; baseline -0.006 -11"><span class='ocrx_word' id='word_1_551' title='bbox 1783 3559 2026 3614; x_wconf 89' lang='lat' dir='ltr'><strong>animum</strong></span> <span class='ocrx_word' id='word_1_552' title='bbox 2071 3558 2441 3614; x_wconf 87' lang='lat' dir='ltr'><strong>attendamus.</strong></span> <span class='ocrx_word' id='word_1_553' title='bbox 2477 3555 2594 3610; x_wconf 84' lang='lat' dir='ltr'><strong>Non</strong></span> <span class='ocrx_word' id='word_1_554' title='bbox 2633 3556 2773 3610; x_wconf 80' lang='lat' dir='ltr'><strong>enim</strong></span> <span class='ocrx_word' id='word_1_555' title='bbox 2825 3553 3078 3625; x_wconf 79' lang='lat' dir='ltr'><strong>colligunt</strong></span> <span class='ocrx_word' id='word_1_556' title='bbox 3108 3554 3170 3606; x_wconf 87' lang='lat' dir='ltr'><strong>de</strong></span> <span class='ocrx_word' id='word_1_557' title='bbox 3201 3553 3366 3624; x_wconf 76' lang='lat' dir='ltr'><strong>spinis</strong></span> 
     </span>
    </p>
   </div>
   <div class='ocr_carea' id='block_1_82' title="bbox 1782 3646 3369 3724">
    <p class='ocr_par' dir='ltr' id='par_1_82' title="bbox 1782 3646 3369 3724">
     <span class='ocr_line' id='line_1_82' title="bbox 1782 3646 3369 3724; baseline -0.005 -16"><span class='ocrx_word' id='word_1_558' title='bbox 1782 3655 1942 3724; x_wconf 82' lang='lat' dir='ltr'><strong>ﬁcus,</strong></span> <span class='ocrx_word' id='word_1_559' title='bbox 1971 3653 2152 3722; x_wconf 88' lang='lat' dir='ltr'><strong>inquit</strong></span> <span class='ocrx_word' id='word_1_560' title='bbox 2185 3651 2313 3723; x_wconf 90' lang='lat' dir='ltr'><strong>(hoc</strong></span> <span class='ocrx_word' id='word_1_561' title='bbox 2345 3659 2458 3716; x_wconf 82' lang='lat' dir='ltr'><strong>est,</strong></span> <span class='ocrx_word' id='word_1_562' title='bbox 2485 3664 2552 3703; x_wconf 85' lang='lat' dir='ltr'><strong>ex</strong></span> <span class='ocrx_word' id='word_1_563' title='bbox 2585 3648 2876 3704; x_wconf 80' lang='lat' dir='ltr'><strong>affectibus</strong></span> <span class='ocrx_word' id='word_1_564' title='bbox 2907 3646 3164 3716; x_wconf 81' lang='lat' dir='ltr'><strong>vitiisque</strong></span> <span class='ocrx_word' id='word_1_565' title='bbox 3195 3646 3369 3700; x_wconf 86' lang='lat' dir='ltr'><strong>virtu-</strong></span> 
     </span>
    </p>
   </div>
   <div class='ocr_carea' id='block_1_83' title="bbox 1785 3741 3372 3816">
    <p class='ocr_par' dir='ltr' id='par_1_83' title="bbox 1785 3741 3372 3816">
     <span class='ocr_line' id='line_1_83' title="bbox 1785 3741 3372 3816; baseline -0.004 -16"><span class='ocrx_word' id='word_1_566' title='bbox 1785 3745 1940 3816; x_wconf 89' lang='lat' dir='ltr'><strong>tem),</strong></span> <span class='ocrx_word' id='word_1_567' title='bbox 1983 3761 2077 3798; x_wconf 68' lang='grc' dir='ltr'><strong>περ</strong></span> <span class='ocrx_word' id='word_1_568' title='bbox 2115 3761 2178 3797; x_wconf 74' lang='lat' dir='ltr'><strong>ea:</strong></span> <span class='ocrx_word' id='word_1_569' title='bbox 2223 3743 2350 3796; x_wconf 86' lang='lat' dir='ltr'><strong>rubo</strong></span> <span class='ocrx_word' id='word_1_570' title='bbox 2391 3759 2550 3796; x_wconf 79' lang='lat' dir='ltr'><strong>uvam</strong></span> <span class='ocrx_word' id='word_1_571' title='bbox 2576 3741 2647 3807; x_wconf 68' lang='lat'><strong>3“;</strong></span> <span class='ocrx_word' id='word_1_572' title='bbox 2682 3755 2882 3810; x_wconf 89' lang='lat' dir='ltr'><strong>nempe</strong></span> <span class='ocrx_word' id='word_1_573' title='bbox 2911 3755 2979 3795; x_wconf 83' lang='lat' dir='ltr'><strong>ex</strong></span> <span class='ocrx_word' id='word_1_574' title='bbox 3021 3755 3210 3805; x_wconf 86' lang='lat' dir='ltr'><strong>carne,</strong></span> <span class='ocrx_word' id='word_1_575' title='bbox 3247 3755 3372 3810; x_wconf 73' lang='lat' dir='ltr'><strong>qua:</strong></span> 
     </span>
    </p>
   </div>
   <div class='ocr_carea' id='block_1_84' title="bbox 1786 3832 2693 3905">
    <p class='ocr_par' dir='ltr' id='par_1_84' title="bbox 1786 3832 2693 3905">
     <span class='ocr_line' id='line_1_84' title="bbox 1786 3832 2693 3905; baseline -0.008 -14"><span class='ocrx_word' id='word_1_576' title='bbox 1786 3838 2027 3892; x_wconf 78' lang='lat' dir='ltr'><strong>laetitiam</strong></span> <span class='ocrx_word' id='word_1_577' title='bbox 2055 3845 2298 3905; x_wconf 69' lang='lat' dir='ltr'><strong>praestet,</strong></span> <span class='ocrx_word' id='word_1_578' title='bbox 2325 3832 2608 3888; x_wconf 87' lang='lat' dir='ltr'><strong>scientiam</strong></span> <span class='ocrx_word' id='word_1_579' title='bbox 2631 3833 2693 3884; x_wconf 77' lang='grc'><strong>³³.</strong></span> 
     </span>
    </p>
   </div>
   <div class='ocr_carea' id='block_1_85' title="bbox 1859 3907 3372 3994">
    <p class='ocr_par' dir='ltr' id='par_1_85' title="bbox 1859 3907 3372 3994">
     <span class='ocr_line' id='line_1_85' title="bbox 1859 3907 3372 3994; baseline -0.007 -10"><span class='ocrx_word' id='word_1_580' title='bbox 1859 3933 1946 3984; x_wconf 65' lang='lat' dir='ltr'><strong>7i.</strong></span> <span class='ocrx_word' id='word_1_581' title='bbox 1994 3907 2346 3982; x_wconf 67' lang='lat' dir='ltr'><strong>Sustinendis</strong></span> <span class='ocrx_word' id='word_1_582' title='bbox 2396 3921 2795 3979; x_wconf 88' lang='lat' dir='ltr'><strong>tentationibus</strong></span> <span class='ocrx_word' id='word_1_583' title='bbox 2851 3931 3035 3978; x_wconf 80' lang='lat' dir='ltr'><strong>asceta</strong></span> <span class='ocrx_word' id='word_1_584' title='bbox 3084 3922 3372 3994; x_wconf 82' lang='lat' dir='ltr'><strong>(exercens</strong></span> 
     </span>
    </p>
   </div>
   <div class='ocr_carea' id='block_1_86' title="bbox 1788 4011 3366 4088">
    <p class='ocr_par' dir='ltr' id='par_1_86' title="bbox 1788 4011 3366 4088">
     <span class='ocr_line' id='line_1_86' title="bbox 1788 4011 3366 4088; baseline -0.006 -13"><span class='ocrx_word' id='word_1_585' title='bbox 1788 4020 2001 4075; x_wconf 90' lang='lat' dir='ltr'><strong>scilicet</strong></span> <span class='ocrx_word' id='word_1_586' title='bbox 2033 4019 2100 4073; x_wconf 90' lang='lat' dir='ltr'><strong>ad</strong></span> <span class='ocrx_word' id='word_1_587' title='bbox 2137 4015 2419 4088; x_wconf 85' lang='lat' dir='ltr'><strong>pietatem)</strong></span> <span class='ocrx_word' id='word_1_588' title='bbox 2457 4015 2751 4086; x_wconf 88' lang='lat' dir='ltr'><strong>probatus,</strong></span> <span class='ocrx_word' id='word_1_589' title='bbox 2785 4013 3166 4084; x_wconf 88' lang='lat' dir='ltr'><strong>corporalique</strong></span> <span class='ocrx_word' id='word_1_590' title='bbox 3199 4011 3366 4067; x_wconf 88' lang='lat' dir='ltr'><strong>disci-</strong></span> 
     </span>
    </p>
   </div>
   <div class='ocr_carea' id='block_1_87' title="bbox 1788 4103 3368 4180">
    <p class='ocr_par' dir='ltr' id='par_1_87' title="bbox 1788 4103 3368 4180">
     <span class='ocr_line' id='line_1_87' title="bbox 1788 4103 3368 4180; baseline -0.005 -17"><span class='ocrx_word' id='word_1_591' title='bbox 1788 4109 1936 4180; x_wconf 89' lang='lat' dir='ltr'><strong>plina</strong></span> <span class='ocrx_word' id='word_1_592' title='bbox 1979 4107 2305 4170; x_wconf 91' lang='lat' dir='ltr'><strong>mundatus,</strong></span> <span class='ocrx_word' id='word_1_593' title='bbox 2339 4121 2403 4160; x_wconf 88' lang='lat' dir='ltr'><strong>ac</strong></span> <span class='ocrx_word' id='word_1_594' title='bbox 2446 4112 2652 4160; x_wconf 88' lang='lat' dir='ltr'><strong>attenta</strong></span> <span class='ocrx_word' id='word_1_595' title='bbox 2694 4103 3014 4158; x_wconf 87' lang='lat' dir='ltr'><strong>sublimium</strong></span> <span class='ocrx_word' id='word_1_596' title='bbox 3057 4103 3368 4158; x_wconf 77' lang='lat' dir='ltr'><strong>theorema—</strong></span> 
     </span>
    </p>
   </div>
   <div class='ocr_carea' id='block_1_88' title="bbox 1791 4194 3368 4272">
    <p class='ocr_par' dir='ltr' id='par_1_88' title="bbox 1791 4194 3368 4272">
     <span class='ocr_line' id='line_1_88' title="bbox 1791 4194 3368 4272; baseline -0.006 -16"><span class='ocrx_word' id='word_1_597' title='bbox 1791 4211 1906 4256; x_wconf 90' lang='lat' dir='ltr'><strong>tum</strong></span> <span class='ocrx_word' id='word_1_598' title='bbox 1930 4199 2216 4272; x_wconf 78' lang='lat' dir='ltr'><strong>diligentia</strong></span> <span class='ocrx_word' id='word_1_599' title='bbox 2243 4213 2486 4268; x_wconf 90' lang='lat' dir='ltr'><strong>curaque</strong></span> <span class='ocrx_word' id='word_1_600' title='bbox 2511 4203 2943 4260; x_wconf 90' lang='lat' dir='ltr'><strong>consummatus,</strong></span> <span class='ocrx_word' id='word_1_601' title='bbox 2973 4194 3212 4250; x_wconf 84' lang='lat' dir='ltr'><strong>divinam</strong></span> <span class='ocrx_word' id='word_1_602' title='bbox 3239 4209 3368 4248; x_wconf 92' lang='lat' dir='ltr'><strong>con-</strong></span> 
     </span>
    </p>
   </div>
   <div class='ocr_carea' id='block_1_89' title="bbox 1789 4287 3364 4364">
    <p class='ocr_par' dir='ltr' id='par_1_89' title="bbox 1789 4287 3364 4364">
     <span class='ocr_line' id='line_1_89' title="bbox 1789 4287 3364 4364; baseline -0.005 -15"><span class='ocrx_word' id='word_1_603' title='bbox 1789 4294 2040 4364; x_wconf 90' lang='lat' dir='ltr'><strong>sequitur</strong></span> <span class='ocrx_word' id='word_1_604' title='bbox 2070 4291 2521 4348; x_wconf 88' lang='lat' dir='ltr'><strong>consolationem.</strong></span> <span class='ocrx_word' id='word_1_605' title='bbox 2556 4289 2812 4344; x_wconf 74' lang='lat' dir='ltr'><strong>Dominus</strong></span> <span class='ocrx_word' id='word_1_606' title='bbox 2844 4290 3013 4356; x_wconf 90' lang='lat' dir='ltr'><strong>enim,</strong></span> <span class='ocrx_word' id='word_1_607' title='bbox 3037 4288 3112 4342; x_wconf 89' lang='lat' dir='ltr'><strong>ait</strong></span> <span class='ocrx_word' id='word_1_608' title='bbox 3135 4287 3364 4358; x_wconf 79' lang='lat' dir='ltr'><strong>Moyses,</strong></span> 
     </span>
    </p>
   </div>
   <div class='ocr_carea' id='block_1_90' title="bbox 1790 4379 3366 4455">
    <p class='ocr_par' dir='ltr' id='par_1_90' title="bbox 1790 4379 3366 4455">
     <span class='ocr_line' id='line_1_90' title="bbox 1790 4379 3366 4455; baseline -0.006 -14"><span class='ocrx_word' id='word_1_609' title='bbox 1790 4403 1852 4441; x_wconf 77' lang='lat' dir='ltr'><strong>ea:</strong></span> <span class='ocrx_word' id='word_1_610' title='bbox 1889 4385 2020 4440; x_wconf 83' lang='lat' dir='ltr'><strong>Sina</strong></span> <span class='ocrx_word' id='word_1_611' title='bbox 2053 4386 2194 4438; x_wconf 81' lang='lat' dir='ltr'><strong>venit</strong></span> <span class='ocrx_word' id='word_1_612' title='bbox 2229 4383 2357 4455; x_wconf 91' lang='lat' dir='ltr'><strong>(hoc</strong></span> <span class='ocrx_word' id='word_1_613' title='bbox 2389 4391 2504 4445; x_wconf 87' lang='lat' dir='ltr'><strong>est,</strong></span> <span class='ocrx_word' id='word_1_614' title='bbox 2537 4399 2604 4438; x_wconf 82' lang='lat' dir='ltr'><strong>ex</strong></span> <span class='ocrx_word' id='word_1_615' title='bbox 2639 4379 3037 4437; x_wconf 86' lang='lat' dir='ltr'><strong>tentationibus</strong></span> <span class='ocrx_word' id='word_1_616' title='bbox 3069 4379 3366 4435; x_wconf 89' lang='lat' dir='ltr'><strong>malorum-</strong></span> 
     </span>
    </p>
   </div>
   <div class='ocr_carea' id='block_1_91' title="bbox 1342 4536 2976 4608">
    <p class='ocr_par' dir='ltr' id='par_1_91' title="bbox 1342 4536 2976 4608">
     <span class='ocr_line' id='line_1_91' title="bbox 1342 4536 2976 4608; baseline -0.004 -14"><span class='ocrx_word' id='word_1_617' title='bbox 1342 4541 1381 4571; x_wconf 85' lang='grc'><strong>³⁷</strong></span> <span class='ocrx_word' id='word_1_618' title='bbox 1409 4540 1540 4597; x_wconf 88' lang='lat' dir='ltr'><strong>Luc.</strong></span> <span class='ocrx_word' id='word_1_619' title='bbox 1587 4559 1734 4608; x_wconf 82' lang='lat' dir='ltr'><strong>xxm,</strong></span> <span class='ocrx_word' id='word_1_620' title='bbox 1763 4543 1865 4596; x_wconf 53' lang='lat' dir='ltr'><strong>ll,</strong></span> <span class='ocrx_word' id='word_1_621' title='bbox 1927 4540 1972 4572; x_wconf 84' lang='grc'><strong>³⁸</strong></span> <span class='ocrx_word' id='word_1_622' title='bbox 1998 4539 2190 4595; x_wconf 84' lang='lat' dir='ltr'><strong>Matth.</strong></span> <span class='ocrx_word' id='word_1_623' title='bbox 2217 4554 2314 4601; x_wconf 82' lang='lat' dir='ltr'><strong>vn,</strong></span> <span class='ocrx_word' id='word_1_624' title='bbox 2341 4538 2426 4592; x_wconf 75' lang='lat'><strong>16.</strong></span> <span class='ocrx_word' id='word_1_625' title='bbox 2505 4537 2550 4568; x_wconf 83' lang='grc'>³⁹</span> <span class='ocrx_word' id='word_1_626' title='bbox 2577 4537 2720 4591; x_wconf 86' lang='lat' dir='ltr'><strong>Psal.</strong></span> <span class='ocrx_word' id='word_1_627' title='bbox 2749 4553 2860 4602; x_wconf 85' lang='lat' dir='ltr'><strong>cm,</strong></span> <span class='ocrx_word' id='word_1_628' title='bbox 2891 4536 2976 4590; x_wconf 78' lang='grc'><strong>15.</strong></span> 
     </span>
    </p>
   </div>
   <div class='ocr_carea' id='block_1_92' title="bbox 167 4685 3368 4768">
    <p class='ocr_par' dir='ltr' id='par_1_92' title="bbox 167 4685 3368 4768">
     <span class='ocr_line' id='line_1_92' title="bbox 167 4685 3368 4768; baseline -0 -15"><span class='ocrx_word' id='word_1_629' title='bbox 167 4685 262 4757; x_wconf 70' lang='grc' dir='ltr'><strong>(ηε)</strong></span> <span class='ocrx_word' id='word_1_630' title='bbox 311 4687 376 4768; x_wconf 62' lang='grc' dir='ltr'><strong>ξο</strong></span> <span class='ocrx_word' id='word_1_631' title='bbox 425 4685 545 4768; x_wconf 63' lang='grc' dir='ltr'><strong>πιξς</strong></span> <span class='ocrx_word' id='word_1_632' title='bbox 577 4689 806 4768; x_wconf 70' lang='grc' dir='ltr'>κόσμρς</span> <span class='ocrx_word' id='word_1_633' title='bbox 874 4691 1042 4768; x_wconf 74' lang='lat' dir='ltr'><strong>Quod</strong></span> <span class='ocrx_word' id='word_1_634' title='bbox 1084 4702 1278 4750; x_wconf 86' lang='lat' dir='ltr'><strong>auctor</strong></span> <span class='ocrx_word' id='word_1_635' title='bbox 1315 4695 1671 4768; x_wconf 16' lang='lat' dir='ltr'><strong>,Scholiorum</strong></span> <span class='ocrx_word' id='word_1_636' title='bbox 1705 4703 1749 4760; x_wconf 93' lang='lat' dir='ltr'><strong>D</strong></span> <span class='ocrx_word' id='word_1_637' title='bbox 1775 4701 1830 4755; x_wconf 91' lang='lat' dir='ltr'><strong>in</strong></span> <span class='ocrx_word' id='word_1_638' title='bbox 1850 4700 1966 4756; x_wconf 89' lang='lat' dir='ltr'><strong>suis</strong></span> <span class='ocrx_word' id='word_1_639' title='bbox 1985 4699 2374 4755; x_wconf 87' lang='lat' dir='ltr'><strong>Antirrheticis</strong></span> <span class='ocrx_word' id='word_1_640' title='bbox 2407 4699 2621 4768; x_wconf 89' lang='lat' dir='ltr'><strong>probat,</strong></span> <span class='ocrx_word' id='word_1_641' title='bbox 2659 4696 3032 4763; x_wconf 86' lang='lat' dir='ltr'><strong>contrariique</strong></span> <span class='ocrx_word' id='word_1_642' title='bbox 3067 4705 3368 4768; x_wconf 81' lang='lat' dir='ltr'><strong>assertores</strong></span> 
     </span>
    </p>
   </div>
   <div class='ocr_carea' id='block_1_93' title="bbox 94 4753 1676 4836">
    <p class='ocr_par' dir='ltr' id='par_1_93' title="bbox 94 4753 1676 4836">
     <span class='ocr_line' id='line_1_93' title="bbox 94 4753 1676 4836; baseline 0.011 -30"><span class='ocrx_word' id='word_1_643' title='bbox 94 4753 211 4836; x_wconf 40' lang='lat' dir='ltr'><strong>haec</strong></span> <span class='ocrx_word' id='word_1_644' title='bbox 241 4753 420 4836; x_wconf 80' lang='lat' dir='ltr'><strong>palam</strong></span> <span class='ocrx_word' id='word_1_645' title='bbox 447 4753 709 4836; x_wconf 67' lang='lat' dir='ltr'><strong>adversus</strong></span> <span class='ocrx_word' id='word_1_646' title='bbox 743 4753 1130 4836; x_wconf 50' lang='lat' dir='ltr'><strong>Iconoinachos</strong></span> <span class='ocrx_word' id='word_1_647' title='bbox 1154 4767 1372 4836; x_wconf 86' lang='lat' dir='ltr'><strong>asserit,</strong></span> <span class='ocrx_word' id='word_1_648' title='bbox 1401 4783 1510 4821; x_wconf 88' lang='lat' dir='ltr'><strong>non</strong></span> <span class='ocrx_word' id='word_1_649' title='bbox 1543 4753 1676 4824; x_wconf 81' lang='lat' dir='ltr'><strong>satis</strong></span> 
     </span>
    </p>
   </div>
   <div class='ocr_carea' id='block_1_94' title="bbox 93 4823 1676 4909">
    <p class='ocr_par' dir='ltr' id='par_1_94' title="bbox 93 4823 1676 4909">
     <span class='ocr_line' id='line_1_94' title="bbox 93 4823 1676 4909; baseline 0.011 -34"><span class='ocrx_word' id='word_1_650' title='bbox 93 4823 257 4909; x_wconf 64' lang='lat' dir='ltr'><strong>video</strong></span> <span class='ocrx_word' id='word_1_651' title='bbox 280 4827 432 4908; x_wconf 75' lang='lat' dir='ltr'><strong>unde</strong></span> <span class='ocrx_word' id='word_1_652' title='bbox 467 4827 665 4909; x_wconf 73' lang='lat' dir='ltr'><strong>habeat</strong></span> <span class='ocrx_word' id='word_1_653' title='bbox 693 4848 706 4883; x_wconf 93' lang='lat'><strong>:</strong></span> <span class='ocrx_word' id='word_1_654' title='bbox 739 4846 862 4884; x_wconf 90' lang='lat' dir='ltr'><strong>cum</strong></span> <span class='ocrx_word' id='word_1_655' title='bbox 894 4831 1128 4909; x_wconf 79' lang='lat' dir='ltr'><strong>Maximo</strong></span> <span class='ocrx_word' id='word_1_656' title='bbox 1174 4823 1370 4909; x_wconf 40' lang='lat' dir='ltr'><strong>solum.</strong></span> <span class='ocrx_word' id='word_1_657' title='bbox 1394 4852 1578 4892; x_wconf 90' lang='lat' dir='ltr'><strong>sermo</strong></span> <span class='ocrx_word' id='word_1_658' title='bbox 1604 4823 1676 4894; x_wconf 88' lang='lat' dir='ltr'><strong>sit</strong></span> 
     </span>
    </p>
   </div>
   <div class='ocr_carea' id='block_1_95' title="bbox 97 4895 1676 4978">
    <p class='ocr_par' dir='ltr' id='par_1_95' title="bbox 97 4895 1676 4978">
     <span class='ocr_line' id='line_1_95' title="bbox 97 4895 1676 4978; baseline 0.011 -32"><span class='ocrx_word' id='word_1_659' title='bbox 97 4895 293 4978; x_wconf 46' lang='lat' dir='ltr'><strong>de‘Dei</strong></span> <span class='ocrx_word' id='word_1_660' title='bbox 327 4898 640 4978; x_wconf 76' lang='lat' dir='ltr'><strong>cognitione</strong></span> <span class='ocrx_word' id='word_1_661' title='bbox 664 4915 730 4954; x_wconf 86' lang='lat' dir='ltr'><strong>ex</strong></span> <span class='ocrx_word' id='word_1_662' title='bbox 761 4904 1356 4978; x_wconf 54' lang='lat' dir='ltr'><strong>parteetgenigmatica</strong></span> <span class='ocrx_word' id='word_1_663' title='bbox 1381 4923 1444 4960; x_wconf 90' lang='lat' dir='ltr'><strong>ac</strong></span> <span class='ocrx_word' id='word_1_664' title='bbox 1475 4909 1526 4961; x_wconf 90' lang='lat' dir='ltr'><strong>in</strong></span> <span class='ocrx_word' id='word_1_665' title='bbox 1553 4923 1676 4978; x_wconf 86' lang='lat' dir='ltr'><strong>spe-</strong></span> 
     </span>
    </p>
   </div>
   <div class='ocr_carea' id='block_1_96' title="bbox 97 4967 1678 5048">
    <p class='ocr_par' dir='ltr' id='par_1_96' title="bbox 97 4967 1678 5048">
     <span class='ocr_line' id='line_1_96' title="bbox 97 4967 1678 5048; baseline 0.012 -33"><span class='ocrx_word' id='word_1_666' title='bbox 97 4967 308 5048; x_wconf 53' lang='lat' dir='ltr'><strong>culo‘ex</strong></span> <span class='ocrx_word' id='word_1_667' title='bbox 341 4969 645 5048; x_wconf 66' lang='lat' dir='ltr'><strong>creaturis;</strong></span> <span class='ocrx_word' id='word_1_668' title='bbox 675 4967 795 5048; x_wconf 63' lang='lat' dir='ltr'><strong>qua:</strong></span> <span class='ocrx_word' id='word_1_669' title='bbox 821 4972 960 5048; x_wconf 82' lang='lat' dir='ltr'><strong>nihil</strong></span> <span class='ocrx_word' id='word_1_670' title='bbox 997 4967 1183 5048; x_wconf 65' lang='lat' dir='ltr'><strong>facere</strong></span> <span class='ocrx_word' id='word_1_671' title='bbox 1209 4977 1426 5048; x_wconf 76' lang='lat' dir='ltr'><strong>videtur</strong></span> <span class='ocrx_word' id='word_1_672' title='bbox 1451 4986 1512 5032; x_wconf 90' lang='lat' dir='ltr'><strong>ut</strong></span> <span class='ocrx_word' id='word_1_673' title='bbox 1533 4967 1678 5034; x_wconf 75' lang='lat' dir='ltr'><strong>Deus</strong></span> 
     </span>
    </p>
   </div>
   <div class='ocr_carea' id='block_1_97' title="bbox 99 5035 1678 5116">
    <p class='ocr_par' dir='ltr' id='par_1_97' title="bbox 99 5035 1678 5116">
     <span class='ocr_line' id='line_1_97' title="bbox 99 5035 1678 5116; baseline 0.012 -30"><span class='ocrx_word' id='word_1_674' title='bbox 99 5047 126 5111; x_wconf 70' lang='grc' dir='ltr'><strong>ει</strong></span> <span class='ocrx_word' id='word_1_675' title='bbox 153 5035 327 5116; x_wconf 61' lang='lat' dir='ltr'><strong>nobis</strong></span> <span class='ocrx_word' id='word_1_676' title='bbox 349 5037 680 5116; x_wconf 65' lang='lat' dir='ltr'><strong>imaginibus</strong></span> <span class='ocrx_word' id='word_1_677' title='bbox 693 5035 859 5116; x_wconf 73' lang='lat' dir='ltr'><strong>pingi</strong></span> <span class='ocrx_word' id='word_1_678' title='bbox 893 5043 1099 5116; x_wconf 70' lang='lat' dir='ltr'><strong>possit;</strong></span> <span class='ocrx_word' id='word_1_679' title='bbox 1131 5044 1236 5099; x_wconf 88' lang='lat' dir='ltr'><strong>nisi</strong></span> <span class='ocrx_word' id='word_1_680' title='bbox 1275 5045 1416 5101; x_wconf 86' lang='lat' dir='ltr'><strong>forte</strong></span> <span class='ocrx_word' id='word_1_681' title='bbox 1445 5049 1592 5116; x_wconf 90' lang='lat' dir='ltr'><strong>quod</strong></span> <span class='ocrx_word' id='word_1_682' title='bbox 1617 5067 1678 5106; x_wconf 86' lang='lat' dir='ltr'><strong>se</strong></span> 
     </span>
    </p>
   </div>
   <div class='ocr_carea' id='block_1_98' title="bbox 99 5105 1680 5196">
    <p class='ocr_par' dir='ltr' id='par_1_98' title="bbox 99 5105 1680 5196">
     <span class='ocr_line' id='line_1_98' title="bbox 99 5105 1680 5196; baseline -0.005 -26"><span class='ocrx_word' id='word_1_683' title='bbox 361 5105 852 5196; x_wconf 44' lang='lat' dir='ltr'><strong>fartim-visendum</strong></span> <span class='ocrx_word' id='word_1_684' title='bbox 878 5105 1130 5168; x_wconf 80' lang='lat' dir='ltr'><strong>exhibuit</strong></span> <span class='ocrx_word' id='word_1_685' title='bbox 1158 5132 1168 5166; x_wconf 92' lang='lat'>:</span> <span class='ocrx_word' id='word_1_686' title='bbox 1199 5117 1345 5196; x_wconf 87' lang='lat' dir='ltr'><strong>quod</strong></span> <span class='ocrx_word' id='word_1_687' title='bbox 1377 5105 1554 5186; x_wconf 72' lang='lat' dir='ltr'><strong>ipsum</strong></span> <span class='ocrx_word' id='word_1_688' title='bbox 1584 5105 1680 5174; x_wconf 59' lang='lat' dir='ltr'><strong>na;</strong></span> 
     </span>
    </p>
   </div>
   <div class='ocr_carea' id='block_1_99' title="bbox 101 5175 1677 5256">
    <p class='ocr_par' dir='ltr' id='par_1_99' title="bbox 101 5175 1677 5256">
     <span class='ocr_line' id='line_1_99' title="bbox 101 5175 1677 5256; baseline 0.011 -33"><span class='ocrx_word' id='word_1_689' title='bbox 101 5175 336 5256; x_wconf 59' lang='lat' dir='ltr'><strong>turalent</strong></span> <span class='ocrx_word' id='word_1_690' title='bbox 381 5177 478 5232; x_wconf 89' lang='lat' dir='ltr'><strong>Dei</strong></span> <span class='ocrx_word' id='word_1_691' title='bbox 531 5177 587 5232; x_wconf 90' lang='lat' dir='ltr'><strong>in</strong></span> <span class='ocrx_word' id='word_1_692' title='bbox 637 5180 806 5256; x_wconf 82' lang='lat' dir='ltr'><strong>rebus</strong></span> <span class='ocrx_word' id='word_1_693' title='bbox 859 5175 1412 5256; x_wconf 58' lang='lat' dir='ltr'><strong>reprazsentationem&#39;</strong></span> <span class='ocrx_word' id='word_1_694' title='bbox 1441 5189 1677 5243; x_wconf 89' lang='lat' dir='ltr'><strong>excedit.</strong></span> 
     </span>
    </p>
   </div>
   <div class='ocr_carea' id='block_1_100' title="bbox 99 5240 1678 5320">
    <p class='ocr_par' dir='ltr' id='par_1_100' title="bbox 99 5240 1678 5320">
     <span class='ocr_line' id='line_1_100' title="bbox 99 5240 1678 5320; baseline 0.013 -27"><span class='ocrx_word' id='word_1_695' title='bbox 99 5240 233 5306; x_wconf 88' lang='lat' dir='ltr'><strong>lmo,</strong></span> <span class='ocrx_word' id='word_1_696' title='bbox 266 5245 432 5299; x_wconf 88' lang='lat' dir='ltr'><strong>etiam</strong></span> <span class='ocrx_word' id='word_1_697' title='bbox 458 5257 624 5320; x_wconf 82' lang='lat' dir='ltr'><strong>atque</strong></span> <span class='ocrx_word' id='word_1_698' title='bbox 649 5250 814 5320; x_wconf 87' lang='lat' dir='ltr'><strong>etiam</strong></span> <span class='ocrx_word' id='word_1_699' title='bbox 841 5240 996 5307; x_wconf 73' lang='lat' dir='ltr'><strong>cavet</strong></span> <span class='ocrx_word' id='word_1_700' title='bbox 1021 5253 1240 5309; x_wconf 87' lang='lat' dir='ltr'><strong>divinus</strong></span> <span class='ocrx_word' id='word_1_701' title='bbox 1267 5240 1470 5320; x_wconf 69' lang='lat' dir='ltr'><strong>sermo,</strong></span> <span class='ocrx_word' id='word_1_702' title='bbox 1497 5240 1568 5313; x_wconf 76' lang='lat' dir='ltr'><strong>ne</strong></span> <span class='ocrx_word' id='word_1_703' title='bbox 1585 5240 1678 5314; x_wconf 65' lang='lat' dir='ltr'><strong>Elii</strong></span> 
     </span>
    </p>
   </div>
   <div class='ocr_carea' id='block_1_101' title="bbox 102 5319 1676 5383">
    <p class='ocr_par' dir='ltr' id='par_1_101' title="bbox 102 5319 1676 5383">
     <span class='ocr_line' id='line_1_101' title="bbox 102 5319 1676 5383; baseline 0.015 -22"><span class='ocrx_word' id='word_1_704' title='bbox 102 5325 290 5366; x_wconf 89' lang='lat' dir='ltr'><strong>rerum</strong></span> <span class='ocrx_word' id='word_1_705' title='bbox 325 5319 612 5372; x_wconf 84' lang='lat' dir='ltr'><strong>sensilium</strong></span> <span class='ocrx_word' id='word_1_706' title='bbox 648 5319 896 5374; x_wconf 88' lang='lat' dir='ltr'><strong>divinum</strong></span> <span class='ocrx_word' id='word_1_707' title='bbox 935 5338 1140 5378; x_wconf 90' lang='lat' dir='ltr'><strong>numen</strong></span> <span class='ocrx_word' id='word_1_708' title='bbox 1177 5325 1352 5380; x_wconf 89' lang='lat' dir='ltr'><strong>simile</strong></span> <span class='ocrx_word' id='word_1_709' title='bbox 1393 5319 1676 5383; x_wconf 87' lang='lat' dir='ltr'><strong>existime-</strong></span> 
     </span>
    </p>
   </div>
   <div class='ocr_carea' id='block_1_102' title="bbox 105 5387 1674 5464">
    <p class='ocr_par' dir='ltr' id='par_1_102' title="bbox 105 5387 1674 5464">
     <span class='ocr_line' id='line_1_102' title="bbox 105 5387 1674 5464; baseline 0.005 -19"><span class='ocrx_word' id='word_1_710' title='bbox 105 5393 244 5464; x_wconf 61' lang='grc' dir='ltr'><strong>ξξξξιε,</strong></span> <span class='ocrx_word' id='word_1_711' title='bbox 279 5393 376 5436; x_wconf 82' lang='lat' dir='ltr'><strong>aut</strong></span> <span class='ocrx_word' id='word_1_712' title='bbox 421 5387 717 5464; x_wconf 86' lang='lat' dir='ltr'><strong>simulacro</strong></span> <span class='ocrx_word' id='word_1_713' title='bbox 747 5389 1114 5464; x_wconf 72' lang='lat' dir='ltr'><strong>eliingendum</strong></span> <span class='ocrx_word' id='word_1_714' title='bbox 1161 5403 1448 5464; x_wconf 89' lang='lat' dir='ltr'><strong>putemus;</strong></span> <span class='ocrx_word' id='word_1_715' title='bbox 1485 5399 1580 5452; x_wconf 90' lang='lat' dir='ltr'><strong>sed</strong></span> <span class='ocrx_word' id='word_1_716' title='bbox 1607 5415 1674 5453; x_wconf 79' lang='lat' dir='ltr'><strong>ex</strong></span> 
     </span>
    </p>
   </div>
   <div class='ocr_carea' id='block_1_103' title="bbox 104 5448 1674 5534">
    <p class='ocr_par' dir='ltr' id='par_1_103' title="bbox 104 5448 1674 5534">
     <span class='ocr_line' id='line_1_103' title="bbox 104 5448 1674 5534; baseline 0.016 -36"><span class='ocrx_word' id='word_1_717' title='bbox 255 5467 556 5534; x_wconf 77' lang='lat' dir='ltr'><strong>eorumque</strong></span> <span class='ocrx_word' id='word_1_718' title='bbox 601 5448 909 5516; x_wconf 66' lang='lat' dir='ltr'><strong>rationibus</strong></span> <span class='ocrx_word' id='word_1_719' title='bbox 956 5472 1013 5517; x_wconf 90' lang='lat' dir='ltr'><strong>et</strong></span> <span class='ocrx_word' id='word_1_720' title='bbox 1047 5448 1448 5531; x_wconf 40' lang='lat' dir='ltr'><strong>theorematis:</strong></span> <span class='ocrx_word' id='word_1_721' title='bbox 1473 5448 1674 5524; x_wconf 13' lang='lat' dir='ltr'><strong>adiali:</strong></span> 
     </span>
    </p>
   </div>
   <div class='ocr_carea' id='block_1_104' title="bbox 106 5531 1674 5607">
    <p class='ocr_par' dir='ltr' id='par_1_104' title="bbox 106 5531 1674 5607">
     <span class='ocr_line' id='line_1_104' title="bbox 106 5531 1674 5607; baseline -0.001 -13"><span class='ocrx_word' id='word_1_722' title='bbox 106 5531 266 5607; x_wconf 58' lang='lat'><strong>393‘,“</strong></span> <span class='ocrx_word' id='word_1_723' title='bbox 295 5531 413 5592; x_wconf 69' lang='lat' dir='ltr'><strong>eius</strong></span> <span class='ocrx_word' id='word_1_724' title='bbox 446 5537 630 5584; x_wconf 64' lang='lat' dir='ltr'><strong>mente</strong></span> <span class='ocrx_word' id='word_1_725' title='bbox 662 5545 1012 5607; x_wconf 69' lang='lat' dir='ltr'><strong>assurgamgs</strong></span> <span class='ocrx_word' id='word_1_726' title='bbox 1043 5535 1414 5607; x_wconf 55' lang='lat' dir='ltr'><strong>cognitionem</strong></span> <span class='ocrx_word' id='word_1_727' title='bbox 1453 5555 1466 5590; x_wconf 94' lang='lat'><strong>:</strong></span> <span class='ocrx_word' id='word_1_728' title='bbox 1503 5537 1674 5607; x_wconf 89' lang='lat' dir='ltr'><strong>ipsam</strong></span> 
     </span>
    </p>
   </div>
   <div class='ocr_carea' id='block_1_105' title="bbox 105 5597 1677 5677">
    <p class='ocr_par' dir='ltr' id='par_1_105' title="bbox 105 5597 1677 5677">
     <span class='ocr_line' id='line_1_105' title="bbox 105 5597 1677 5677; baseline 0.015 -38"><span class='ocrx_word' id='word_1_729' title='bbox 105 5597 362 5677; x_wconf 56' lang='lat' dir='ltr'><strong>nimirum</strong></span> <span class='ocrx_word' id='word_1_730' title='bbox 386 5611 507 5677; x_wconf 68' lang='lat' dir='ltr'><strong>quae</strong></span> <span class='ocrx_word' id='word_1_731' title='bbox 535 5613 602 5653; x_wconf 83' lang='lat' dir='ltr'><strong>ex</strong></span> <span class='ocrx_word' id='word_1_732' title='bbox 633 5610 786 5677; x_wconf 78' lang='lat' dir='ltr'><strong>parte</strong></span> <span class='ocrx_word' id='word_1_733' title='bbox 812 5597 916 5656; x_wconf 73' lang='lat' dir='ltr'><strong>est.</strong></span> <span class='ocrx_word' id='word_1_734' title='bbox 947 5603 1022 5657; x_wconf 86' lang='lat' dir='ltr'><strong>De</strong></span> <span class='ocrx_word' id='word_1_735' title='bbox 1051 5597 1290 5677; x_wconf 67' lang='lat' dir='ltr'><strong>Christo,</strong></span> <span class='ocrx_word' id='word_1_736' title='bbox 1318 5606 1412 5675; x_wconf 86' lang='lat' dir='ltr'><strong>qui</strong></span> <span class='ocrx_word' id='word_1_737' title='bbox 1447 5597 1677 5677; x_wconf 69' lang='lat' dir='ltr'><strong>corpore</strong></span> 
     </span>
    </p>
   </div>
   <div class='ocr_carea' id='block_1_106' title="bbox 107 5667 1678 5744">
    <p class='ocr_par' dir='ltr' id='par_1_106' title="bbox 107 5667 1678 5744">
     <span class='ocr_line' id='line_1_106' title="bbox 107 5667 1678 5744; baseline 0.013 -34"><span class='ocrx_word' id='word_1_738' title='bbox 107 5667 356 5744; x_wconf 57' lang='lat' dir='ltr'><strong>[ungatur</strong></span> <span class='ocrx_word' id='word_1_739' title='bbox 383 5673 439 5718; x_wconf 91' lang='lat' dir='ltr'><strong>et</strong></span> <span class='ocrx_word' id='word_1_740' title='bbox 456 5667 824 5744; x_wconf 72' lang='lat' dir='ltr'><strong>humanitate,</strong></span> <span class='ocrx_word' id='word_1_741' title='bbox 851 5687 956 5744; x_wconf 85' lang='lat' dir='ltr'><strong>qua</strong></span> <span class='ocrx_word' id='word_1_742' title='bbox 983 5685 1110 5744; x_wconf 80' lang='lat' dir='ltr'><strong>vere</strong></span> <span class='ocrx_word' id='word_1_743' title='bbox 1144 5667 1516 5744; x_wconf 69' lang='grc' dir='ltr'>περίγραπτος</span> <span class='ocrx_word' id='word_1_744' title='bbox 1533 5667 1678 5741; x_wconf 75' lang='grc' dir='ltr'>,ὀιὶιι</span> 
     </span>
    </p>
   </div>
   <div class='ocr_carea' id='block_1_107' title="bbox 114 5735 1678 5816">
    <p class='ocr_par' dir='ltr' id='par_1_107' title="bbox 114 5735 1678 5816">
     <span class='ocr_line' id='line_1_107' title="bbox 114 5735 1678 5816; baseline 0.015 -38"><span class='ocrx_word' id='word_1_745' title='bbox 114 5735 250 5782; x_wconf 83' lang='lat' dir='ltr'><strong>ratio</strong></span> <span class='ocrx_word' id='word_1_746' title='bbox 275 5739 377 5799; x_wconf 84' lang='lat' dir='ltr'><strong>est,</strong></span> <span class='ocrx_word' id='word_1_747' title='bbox 409 5743 468 5788; x_wconf 92' lang='lat' dir='ltr'><strong>ut</strong></span> <span class='ocrx_word' id='word_1_748' title='bbox 503 5739 749 5794; x_wconf 87' lang='lat' dir='ltr'><strong>omnium</strong></span> <span class='ocrx_word' id='word_1_749' title='bbox 785 5735 990 5812; x_wconf 76' lang='lat' dir='ltr'><strong>optime</strong></span> <span class='ocrx_word' id='word_1_750' title='bbox 1031 5735 1326 5812; x_wconf 54' lang='lat' dir='ltr'><strong>Nicephor:</strong></span> <span class='ocrx_word' id='word_1_751' title='bbox 1365 5735 1678 5816; x_wconf 81' lang='lat' dir='ltr'><strong>patriarcha</strong></span> 
     </span>
    </p>
   </div>
   <div class='ocr_carea' id='block_1_108' title="bbox 1779 4767 3366 4834">
    <p class='ocr_par' dir='ltr' id='par_1_108' title="bbox 1779 4767 3366 4834">
     <span class='ocr_line' id='line_1_108' title="bbox 1779 4767 3366 4834; baseline -0.002 -9"><span class='ocrx_word' id='word_1_752' title='bbox 1779 4771 2004 4834; x_wconf 87' lang='lat' dir='ltr'><strong>erroris,</strong></span> <span class='ocrx_word' id='word_1_753' title='bbox 2053 4772 2379 4831; x_wconf 80' lang='lat' dir='ltr'><strong>Docetarum</strong></span> <span class='ocrx_word' id='word_1_754' title='bbox 2407 4767 2522 4824; x_wconf 73' lang='lat' dir='ltr'><strong>seu</strong></span> <span class='ocrx_word' id='word_1_755' title='bbox 2566 4769 3070 4822; x_wconf 79' lang='lat' dir='ltr'><strong>Phantasiastarum</strong></span> <span class='ocrx_word' id='word_1_756' title='bbox 3097 4775 3156 4820; x_wconf 88' lang='lat' dir='ltr'><strong>et</strong></span> <span class='ocrx_word' id='word_1_757' title='bbox 3191 4767 3366 4822; x_wconf 85' lang='lat' dir='ltr'><strong>Mani-</strong></span> 
     </span>
    </p>
   </div>
   <div class='ocr_carea' id='block_1_109' title="bbox 1779 4837 3368 4911">
    <p class='ocr_par' dir='ltr' id='par_1_109' title="bbox 1779 4837 3368 4911">
     <span class='ocr_line' id='line_1_109' title="bbox 1779 4837 3368 4911; baseline -0.001 -16"><span class='ocrx_word' id='word_1_758' title='bbox 1779 4841 2054 4896; x_wconf 59' lang='lat' dir='ltr'><strong>chaiorum</strong></span> <span class='ocrx_word' id='word_1_759' title='bbox 2081 4838 2165 4911; x_wconf 93' lang='lat' dir='ltr'><strong>(ac</strong></span> <span class='ocrx_word' id='word_1_760' title='bbox 2191 4841 2237 4896; x_wconf 91' lang='lat' dir='ltr'><strong>si</strong></span> <span class='ocrx_word' id='word_1_761' title='bbox 2261 4841 2354 4910; x_wconf 90' lang='lat' dir='ltr'><strong>qui</strong></span> <span class='ocrx_word' id='word_1_762' title='bbox 2383 4837 2669 4911; x_wconf 1' lang='lat' dir='ltr'><strong>inthristi</strong></span> <span class='ocrx_word' id='word_1_763' title='bbox 2696 4837 2944 4892; x_wconf 87' lang='lat' dir='ltr'><strong>doctrina</strong></span> <span class='ocrx_word' id='word_1_764' title='bbox 2967 4845 3034 4911; x_wconf 85' lang='lat' dir='ltr'><strong>e_t_</strong></span> <span class='ocrx_word' id='word_1_765' title='bbox 3062 4839 3368 4911; x_wconf 75' lang='lat' dir='ltr'><strong>(economia</strong></span> 
     </span>
    </p>
   </div>
   <div class='ocr_carea' id='block_1_110' title="bbox 1782 4906 3360 4978">
    <p class='ocr_par' dir='ltr' id='par_1_110' title="bbox 1782 4906 3360 4978">
     <span class='ocr_line' id='line_1_110' title="bbox 1782 4906 3360 4978; baseline -0.001 -15"><span class='ocrx_word' id='word_1_766' title='bbox 1782 4912 1889 4963; x_wconf 75' lang='grc' dir='ltr'>ἀπὸ</span> <span class='ocrx_word' id='word_1_767' title='bbox 1917 4911 2026 4963; x_wconf 86' lang='grc' dir='ltr'>τῶν</span> <span class='ocrx_word' id='word_1_768' title='bbox 2079 4906 2344 4978; x_wconf 77' lang='grc' dir='ltr'>αἱρέσεων</span> <span class='ocrx_word' id='word_1_769' title='bbox 2375 4907 2568 4978; x_wconf 88' lang='lat' dir='ltr'><strong>primis</strong></span> <span class='ocrx_word' id='word_1_770' title='bbox 2614 4909 2724 4978; x_wconf 80' lang='lat' dir='ltr'><strong>jam</strong></span> <span class='ocrx_word' id='word_1_771' title='bbox 2779 4906 3124 4976; x_wconf 88' lang='lat' dir='ltr'><strong>temporibus</strong></span> <span class='ocrx_word' id='word_1_772' title='bbox 3165 4907 3360 4962; x_wconf 88' lang='lat' dir='ltr'><strong>audie-</strong></span> 
     </span>
    </p>
   </div>
   <div class='ocr_carea' id='block_1_111' title="bbox 1783 4979 2506 5046">
    <p class='ocr_par' dir='ltr' id='par_1_111' title="bbox 1783 4979 2506 5046">
     <span class='ocr_line' id='line_1_111' title="bbox 1783 4979 2506 5046; baseline -0.003 -12"><span class='ocrx_word' id='word_1_773' title='bbox 1783 4982 1934 5046; x_wconf 87' lang='lat' dir='ltr'><strong>rant)</strong></span> <span class='ocrx_word' id='word_1_774' title='bbox 1970 4981 2216 5036; x_wconf 87' lang='lat' dir='ltr'><strong>sobolem</strong></span> <span class='ocrx_word' id='word_1_775' title='bbox 2244 4979 2506 5034; x_wconf 87' lang='lat' dir='ltr'><strong>ostendit.</strong></span> 
     </span>
    </p>
   </div>
   <div class='ocr_carea' id='block_1_112' title="bbox 1857 5046 3364 5176">
    <p class='ocr_par' dir='ltr' id='par_1_112' title="bbox 1857 5046 3364 5176">
     <span class='ocr_line' id='line_1_112' title="bbox 1857 5046 3364 5176; baseline -0.001 -74"><span class='ocrx_word' id='word_1_776' title='bbox 1857 5049 1936 5176; x_wconf 53' lang='grc' dir='ltr'><strong>ἵε)</strong></span> <span class='ocrx_word' id='word_1_777' title='bbox 1983 5051 2078 5103; x_wconf 81' lang='grc' dir='ltr'>Ἐκ</span> <span class='ocrx_word' id='word_1_778' title='bbox 2106 5049 2254 5104; x_wconf 82' lang='grc' dir='ltr'><strong>Σινᾶ</strong></span> <span class='ocrx_word' id='word_1_779' title='bbox 2293 5049 2445 5117; x_wconf 80' lang='grc' dir='ltr'>ἣκει.</span> <span class='ocrx_word' id='word_1_780' title='bbox 2493 5047 2635 5114; x_wconf 86' lang='lat' dir='ltr'><strong>Quin</strong></span> <span class='ocrx_word' id='word_1_781' title='bbox 2667 5047 2974 5116; x_wconf 82' lang='lat' dir='ltr'><strong>respexerit</strong></span> <span class='ocrx_word' id='word_1_782' title='bbox 3006 5046 3275 5101; x_wconf 79' lang='lat' dir='ltr'><strong>Maximus</strong></span> <span class='ocrx_word' id='word_1_783' title='bbox 3309 5047 3364 5100; x_wconf 94' lang='lat' dir='ltr'><strong>in</strong></span> 
     </span>
     <span class='ocr_line' id='line_1_113' title="bbox 1903 5115 3364 5176; baseline -0.004 0"><span class='ocrx_word' id='word_1_784' title='bbox 1903 5137 1966 5176; x_wconf 94' lang='lat' dir='ltr'><strong>us</strong></span> <span class='ocrx_word' id='word_1_785' title='bbox 2001 5121 2088 5176; x_wconf 88' lang='lat' dir='ltr'><strong>his</strong></span> <span class='ocrx_word' id='word_1_786' title='bbox 2113 5121 2362 5176; x_wconf 87' lang='lat' dir='ltr'><strong>vocibus.</strong></span> <span class='ocrx_word' id='word_1_787' title='bbox 2388 5135 2578 5174; x_wconf 87' lang='lat' dir='ltr'><strong>earum</strong></span> <span class='ocrx_word' id='word_1_788' title='bbox 2613 5125 2880 5176; x_wconf 77' lang='lat' dir='ltr'><strong>etvmum,</strong></span> <span class='ocrx_word' id='word_1_789' title='bbox 2913 5117 3066 5176; x_wconf 85' lang='lat' dir='ltr'><strong>juxta</strong></span> <span class='ocrx_word' id='word_1_790' title='bbox 3090 5115 3364 5176; x_wconf 68' lang='lat' dir='ltr'><strong>vulgatam</strong></span> 
     </span>
    </p>
   </div>
   <div class='ocr_carea' id='block_1_113' title="bbox 1785 5115 3364 5186">
    <p class='ocr_par' dir='ltr' id='par_1_113' title="bbox 1785 5115 3364 5186">
     <span class='ocr_line' id='line_1_114' title="bbox 1785 5115 3364 5186; baseline -0.004 -10"><span class='ocrx_word' id='word_1_791' title='bbox 1785 5115 1966 5176; x_wconf 86' lang='lat' dir='ltr'><strong>tribus</strong></span> <span class='ocrx_word' id='word_1_792' title='bbox 2001 5121 2088 5176; x_wconf 88' lang='lat' dir='ltr'><strong>his</strong></span> <span class='ocrx_word' id='word_1_793' title='bbox 2113 5115 2362 5184; x_wconf 82' lang='lat' dir='ltr'><strong>vocibus,</strong></span> <span class='ocrx_word' id='word_1_794' title='bbox 2388 5135 2578 5174; x_wconf 87' lang='lat' dir='ltr'><strong>earum</strong></span> <span class='ocrx_word' id='word_1_795' title='bbox 2613 5115 2880 5186; x_wconf 82' lang='lat' dir='ltr'><strong>etymum,</strong></span> <span class='ocrx_word' id='word_1_796' title='bbox 2912 5117 3066 5186; x_wconf 84' lang='lat' dir='ltr'><strong>juxta</strong></span> <span class='ocrx_word' id='word_1_797' title='bbox 3090 5115 3364 5186; x_wconf 76' lang='lat' dir='ltr'><strong>vulgatam</strong></span> 
     </span>
    </p>
   </div>
   <div class='ocr_carea' id='block_1_114' title="bbox 1788 5185 3362 5308">
    <p class='ocr_par' dir='ltr' id='par_1_114' title="bbox 1788 5185 3362 5308">
     <span class='ocr_line' id='line_1_115' title="bbox 1788 5185 3362 5308; baseline -0.003 -64"><span class='ocrx_word' id='word_1_798' title='bbox 1788 5191 1916 5245; x_wconf 88' lang='lat' dir='ltr'><strong>olim</strong></span> <span class='ocrx_word' id='word_1_799' title='bbox 1940 5191 2224 5244; x_wconf 84' lang='lat' dir='ltr'><strong>nominum</strong></span> <span class='ocrx_word' id='word_1_800' title='bbox 2241 5189 2636 5244; x_wconf 83' lang='lat' dir='ltr'><strong>Ilebraicorum</strong></span> <span class='ocrx_word' id='word_1_801' title='bbox 2653 5185 3072 5256; x_wconf 75' lang='lat' dir='ltr'><strong>expositiOnem,</strong></span> <span class='ocrx_word' id='word_1_802' title='bbox 3093 5191 3176 5239; x_wconf 88' lang='lat' dir='ltr'><strong>vel</strong></span> <span class='ocrx_word' id='word_1_803' title='bbox 3201 5201 3362 5308; x_wconf 58' lang='lat' dir='ltr'><strong>quam</strong></span> 
     </span>
     <span class='ocr_line' id='line_1_116' title="bbox 1788 5257 3362 5308; baseline 0 0"><span class='ocrx_word' id='word_1_804' title='bbox 1788 5260 1903 5308; x_wconf 76' lang='lat' dir='ltr'><strong>inse</strong></span> <span class='ocrx_word' id='word_1_805' title='bbox 1936 5261 2039 5308; x_wconf 78' lang='lat' dir='ltr'><strong>sibi</strong></span> <span class='ocrx_word' id='word_1_806' title='bbox 2085 5277 2150 5308; x_wconf 75' lang='lat' dir='ltr'><strong>ex</strong></span> <span class='ocrx_word' id='word_1_807' title='bbox 2194 5260 2477 5308; x_wconf 78' lang='lat' dir='ltr'><strong>Hebraicis</strong></span> <span class='ocrx_word' id='word_1_808' title='bbox 2506 5257 2809 5308; x_wconf 87' lang='lat' dir='ltr'><strong>conabatur</strong></span> <span class='ocrx_word' id='word_1_809' title='bbox 2850 5258 3179 5308; x_wconf 77' lang='lat' dir='ltr'><strong>exprimere.</strong></span> <span class='ocrx_word' id='word_1_810' title='bbox 3235 5257 3362 5308; x_wconf 67' lang='lat' dir='ltr'><strong>laud</strong></span> 
     </span>
    </p>
   </div>
   <div class='ocr_carea' id='block_1_115' title="bbox 1787 5257 3362 5326">
    <p class='ocr_par' dir='ltr' id='par_1_115' title="bbox 1787 5257 3362 5326">
     <span class='ocr_line' id='line_1_117' title="bbox 1787 5257 3362 5326; baseline -0.003 -13"><span class='ocrx_word' id='word_1_811' title='bbox 1787 5260 1903 5326; x_wconf 90' lang='lat' dir='ltr'><strong>ipse</strong></span> <span class='ocrx_word' id='word_1_812' title='bbox 1936 5261 2040 5315; x_wconf 89' lang='lat' dir='ltr'><strong>sibi</strong></span> <span class='ocrx_word' id='word_1_813' title='bbox 2085 5277 2154 5314; x_wconf 84' lang='lat' dir='ltr'><strong>ex</strong></span> <span class='ocrx_word' id='word_1_814' title='bbox 2194 5260 2477 5314; x_wconf 81' lang='lat' dir='ltr'><strong>Hebraicis</strong></span> <span class='ocrx_word' id='word_1_815' title='bbox 2506 5257 2809 5312; x_wconf 85' lang='lat' dir='ltr'><strong>conabatur</strong></span> <span class='ocrx_word' id='word_1_816' title='bbox 2850 5258 3179 5326; x_wconf 83' lang='lat' dir='ltr'><strong>exprimere,</strong></span> <span class='ocrx_word' id='word_1_817' title='bbox 3217 5257 3362 5308; x_wconf 83' lang='lat' dir='ltr'><strong>haud</strong></span> 
     </span>
    </p>
   </div>
   <div class='ocr_carea' id='block_1_116' title="bbox 1827 5326 3359 5399">
    <p class='ocr_par' dir='ltr' id='par_1_116' title="bbox 1827 5326 3359 5399">
     <span class='ocr_line' id='line_1_118' title="bbox 1827 5326 3359 5399; baseline -0.006 -15"><span class='ocrx_word' id='word_1_818' title='bbox 1827 5331 2034 5386; x_wconf 91' lang='lat' dir='ltr'><strong>ubium.</strong></span> <span class='ocrx_word' id='word_1_819' title='bbox 2075 5330 2152 5384; x_wconf 80' lang='lat' dir='ltr'><strong>Ac</strong></span> <span class='ocrx_word' id='word_1_820' title='bbox 2179 5329 2325 5399; x_wconf 91' lang='lat' dir='ltr'><strong>quod</strong></span> <span class='ocrx_word' id='word_1_821' title='bbox 2372 5345 2416 5382; x_wconf 82' lang='grc' dir='ltr'>α·</span> <span class='ocrx_word' id='word_1_822' title='bbox 2439 5327 2588 5392; x_wconf 81' lang='lat' dir='ltr'><strong>Sina,</strong></span> <span class='ocrx_word' id='word_1_823' title='bbox 2621 5326 2856 5399; x_wconf 27' lang='lat' dir='ltr'><strong>exponit”</strong></span> <span class='ocrx_word' id='word_1_824' title='bbox 2893 5345 2941 5399; x_wconf 85' lang='lat' dir='ltr'><strong>a_</strong></span> <span class='ocrx_word' id='word_1_825' title='bbox 2969 5326 3359 5399; x_wconf 62' lang='lat' dir='ltr'><strong>minationibus,</strong></span> 
     </span>
    </p>
   </div>
   <div class='ocr_carea' id='block_1_117' title="bbox 1781 5396 3360 5468">
    <p class='ocr_par' dir='ltr' id='par_1_117' title="bbox 1781 5396 3360 5468">
     <span class='ocr_line' id='line_1_119' title="bbox 1781 5396 3360 5468; baseline -0.004 -14"><span class='ocrx_word' id='word_1_826' title='bbox 1781 5416 1870 5455; x_wconf 90' lang='lat' dir='ltr'><strong>res</strong></span> <span class='ocrx_word' id='word_1_827' title='bbox 1916 5409 2000 5456; x_wconf 90' lang='lat' dir='ltr'><strong>est</strong></span> <span class='ocrx_word' id='word_1_828' title='bbox 2047 5396 2242 5464; x_wconf 81' lang='lat' dir='ltr'><strong>facilis,</strong></span> <span class='ocrx_word' id='word_1_829' title='bbox 2273 5415 2398 5454; x_wconf 90' lang='lat' dir='ltr'><strong>cum</strong></span> <span class='ocrx_word' id='word_1_830' title='bbox 2446 5407 2500 5453; x_wconf 91' lang='lat' dir='ltr'><strong>et</strong></span> <span class='ocrx_word' id='word_1_831' title='bbox 2529 5399 2708 5462; x_wconf 79' lang='lat' dir='ltr'><strong>rubus,</strong></span> <span class='ocrx_word' id='word_1_832' title='bbox 2738 5405 2792 5468; x_wconf 88' lang='lat' dir='ltr'><strong>et</strong></span> <span class='ocrx_word' id='word_1_833' title='bbox 2826 5396 3044 5468; x_wconf 82' lang='lat' dir='ltr'><strong>Syriaco</strong></span> <span class='ocrx_word' id='word_1_834' title='bbox 3081 5396 3360 5468; x_wconf 75' lang='lat' dir='ltr'><strong>inimicitiq</strong></span> 
     </span>
    </p>
   </div>
   <div class='ocr_carea' id='block_1_118' title="bbox 1780 5465 3359 5540">
    <p class='ocr_par' dir='ltr' id='par_1_118' title="bbox 1780 5465 3359 5540">
     <span class='ocr_line' id='line_1_120' title="bbox 1780 5465 3359 5540; baseline -0.004 -16"><span class='ocrx_word' id='word_1_835' title='bbox 1780 5479 2282 5540; x_wconf 12' lang='lat' dir='ltr'><strong>exponatur.imw,</strong></span> <span class='ocrx_word' id='word_1_836' title='bbox 2335 5469 2462 5540; x_wconf 79' lang='lat' dir='ltr'><strong>odit.</strong></span> <span class='ocrx_word' id='word_1_837' title='bbox 2494 5477 2672 5532; x_wconf 59' lang='lat' dir='ltr'><strong>naua,</strong></span> <span class='ocrx_word' id='word_1_838' title='bbox 2707 5465 2883 5520; x_wconf 78' lang='lat' dir='ltr'><strong>odiimi</strong></span> <span class='ocrx_word' id='word_1_839' title='bbox 2915 5483 2958 5540; x_wconf 87' lang='lat'><strong>_:</strong></span> <span class='ocrx_word' id='word_1_840' title='bbox 3005 5467 3162 5540; x_wconf 82' lang='lat' dir='ltr'><strong>cujus</strong></span> <span class='ocrx_word' id='word_1_841' title='bbox 3203 5465 3359 5540; x_wconf 71' lang='lat' dir='ltr'><strong>quasi</strong></span> 
     </span>
    </p>
   </div>
   <div class='ocr_carea' id='block_1_119' title="bbox 1781 5534 3360 5608">
    <p class='ocr_par' dir='ltr' id='par_1_119' title="bbox 1781 5534 3360 5608">
     <span class='ocr_line' id='line_1_121' title="bbox 1781 5534 3360 5608; baseline -0.004 -14"><span class='ocrx_word' id='word_1_842' title='bbox 1781 5534 2020 5608; x_wconf 78' lang='lat' dir='ltr'><strong>speciem</strong></span> <span class='ocrx_word' id='word_1_843' title='bbox 2047 5539 2214 5594; x_wconf 88' lang='lat' dir='ltr'><strong>habet</strong></span> <span class='ocrx_word' id='word_1_844' title='bbox 2253 5539 2480 5608; x_wconf 83' lang='lat' dir='ltr'><strong>tentatio</strong></span> <span class='ocrx_word' id='word_1_845' title='bbox 2506 5540 2883 5608; x_wconf 87' lang='lat' dir='ltr'><strong>malorumque</strong></span> <span class='ocrx_word' id='word_1_846' title='bbox 2914 5534 3223 5606; x_wconf 83' lang='lat' dir='ltr'><strong>impressio.</strong></span> <span class='ocrx_word' id='word_1_847' title='bbox 3257 5534 3360 5608; x_wconf 43' lang='lat' dir='ltr'><strong>Ve:</strong></span> 
     </span>
    </p>
   </div>
   <div class='ocr_carea' id='block_1_120' title="bbox 1783 5604 3358 5692">
    <p class='ocr_par' dir='ltr' id='par_1_120' title="bbox 1783 5604 3358 5692">
     <span class='ocr_line' id='line_1_122' title="bbox 1783 5604 3358 5692; baseline -0.003 -30"><span class='ocrx_word' id='word_1_848' title='bbox 1783 5604 1905 5692; x_wconf 78' lang='lat' dir='ltr'><strong>rum</strong></span> <span class='ocrx_word' id='word_1_849' title='bbox 1943 5611 2168 5692; x_wconf 71' lang='lat' dir='ltr'><strong>quidem</strong></span> <span class='ocrx_word' id='word_1_850' title='bbox 2220 5607 2381 5692; x_wconf 78' lang='lat' dir='ltr'><strong>Sinai‘</strong></span> <span class='ocrx_word' id='word_1_851' title='bbox 2413 5607 2579 5692; x_wconf 73' lang='lat' dir='ltr'><strong>scribi</strong></span> <span class='ocrx_word' id='word_1_852' title='bbox 2626 5623 2722 5692; x_wconf 68' lang='lat' dir='ltr'><strong>per</strong></span> <span class='ocrx_word' id='word_1_853' title='bbox 2752 5604 2834 5692; x_wconf 33' lang='grc' dir='ltr'><strong>φλ</strong></span> <span class='ocrx_word' id='word_1_854' title='bbox 2846 5623 2957 5692; x_wconf 80' lang='lat' dir='ltr'><strong>non</strong></span> <span class='ocrx_word' id='word_1_855' title='bbox 2991 5604 3100 5692; x_wconf 65' lang='lat' dir='ltr'><strong>per</strong></span> <span class='ocrx_word' id='word_1_856' title='bbox 3121 5614 3174 5692; x_wconf 58' lang='grc' dir='ltr'><em>Ἦ</em></span> <span class='ocrx_word' id='word_1_857' title='bbox 3205 5621 3229 5686; x_wconf 80' lang='lat'><strong>_:</strong></span> <span class='ocrx_word' id='word_1_858' title='bbox 3263 5604 3358 5658; x_wconf 89' lang='lat' dir='ltr'><strong>sed</strong></span> 
     </span>
    </p>
   </div>
   <div class='ocr_carea' id='block_1_121' title="bbox 1783 5673 3362 5749">
    <p class='ocr_par' dir='ltr' id='par_1_121' title="bbox 1783 5673 3362 5749">
     <span class='ocr_line' id='line_1_123' title="bbox 1783 5673 3362 5749; baseline -0.004 -16"><span class='ocrx_word' id='word_1_859' title='bbox 1783 5688 1911 5733; x_wconf 92' lang='lat' dir='ltr'><strong>sunt</strong></span> <span class='ocrx_word' id='word_1_860' title='bbox 1943 5673 2137 5734; x_wconf 74' lang='lat' dir='ltr'><strong>litterze</strong></span> <span class='ocrx_word' id='word_1_861' title='bbox 2166 5679 2578 5749; x_wconf 85' lang='lat' dir='ltr'><strong>permutabiles.</strong></span> <span class='ocrx_word' id='word_1_862' title='bbox 2622 5673 2776 5744; x_wconf 80' lang='lat' dir='ltr'><strong>Quod</strong></span> <span class='ocrx_word' id='word_1_863' title='bbox 2821 5677 2972 5740; x_wconf 88' lang='lat' dir='ltr'><strong>item,</strong></span> <span class='ocrx_word' id='word_1_864' title='bbox 3130 5673 3265 5738; x_wconf 79' lang='lat' dir='ltr'><strong>Scir,</strong></span> <span class='ocrx_word' id='word_1_865' title='bbox 3297 5690 3362 5728; x_wconf 71' lang='lat' dir='ltr'><strong>ex</strong></span> 
     </span>
    </p>
   </div>
   <div class='ocr_carea' id='block_1_122' title="bbox 1785 5747 3358 5819">
    <p class='ocr_par' dir='ltr' id='par_1_122' title="bbox 1785 5747 3358 5819">
     <span class='ocr_line' id='line_1_124' title="bbox 1785 5747 3358 5819; baseline -0.002 -16"><span class='ocrx_word' id='word_1_866' title='bbox 1785 5747 2463 5806; x_wconf 46' lang='lat' dir='ltr'><strong>corvoratibualaboribus</strong></span> <span class='ocrx_word' id='word_1_867' title='bbox 2508 5749 2937 5819; x_wconf 84' lang='lat' dir='ltr'><strong>interpretatur,</strong></span> <span class='ocrx_word' id='word_1_868' title='bbox 2982 5747 3187 5801; x_wconf 85' lang='lat' dir='ltr'><strong>clarum</strong></span> <span class='ocrx_word' id='word_1_869' title='bbox 3225 5753 3358 5810; x_wconf 85' lang='lat' dir='ltr'><strong>&#39;est,</strong></span> 
     </span>
    </p>
   </div>
  </div>
