3930 6324
212 305 375 369 1113

1077 309 1415 370 CAPITUM
1450 309 1720 370 THEOL.
1763 311 1857 370 ET
1898 311 2137 373 (ECON.
2179 313 2570 377 CENTURIA
2614 319 2665 380 Ι.

3373 321 3511 423 mi

212 423 378 490 ὑπὲρ
399 419 504 490 γάρ
535 417 607 490 (ο)
644 422 743 491 τὴν
774 423 1151 493 μετρουμένην
1191 423 1286 476 τοῦ
1320 423 1513 493 χρόνον
1544 422 1812 493 περίοδον,

1926 425 2034 496 stit)
2064 434 2276 483 naturae
2305 438 2514 495 autem,
2545 434 2762 490 ratione
2786 436 3026 506 quinarii
3061 436 3280 511 (natura
3302 417 3511 513 quippe

209 516 255 579 ἡ
298 512 409 565 τῶν
436 511 640 582 νοητῶν
667 513 783 565 ἐστι
809 512 1049 581 γένεσις·
1112 515 1420 586 προνοητὴν
1464 515 1543 576 δὲ,
1589 515 1679 569 διὰ
1722 516 1817 570 τοῦ

203 602 407 655 δέκαθ
442 601 530 656 διά
572 620 633 655 τε
666 602 765 674 τὴν
806 604 916 657 τῶν
962 605 1195 659 ἐντολῶν
1244 606 1407 675 ἁγίαν
1452 607 1673 672 δεκάδα,
1722 607 1820 676 τὴν

212 693 376 763 πρὸς
413 693 475 746 τὸ
516 689 577 747 εὖ
626 692 754 757 τοὺς
792 692 1112 765 ἀνθρώπους
1151 695 1476 766 ἐνάγουσαν,
1516 699 1612 751 καὶ
1643 696 1734 751 διά
1758 697 1821 749 τὸ

212 784 429 837 τούτου
494 784 588 839 τοῦ
638 786 969 857 γράμματος
1027 790 1307 857 μυστικῶς
1374 789 1654 860 ἀπῆρχθαι
1719 789 1820 859 τῆς

214 878 617 948 προσηγορίας
651 879 742 931 τὸν
778 879 1006 947 Κύριον,
1047 881 1209 952 ἡνίκα
1247 881 1469 949 γέγονεν
1508 882 1815 952 ἄνθρωπος.

217 970 492 1038 Συνάψας
519 966 613 1023 οὖν
648 969 739 1023 τὸν
766 971 948 1037 πέντε,
982 972 1187 1025 καὶτὸν
1218 973 1375 1038 ἑπτὰ,
1414 973 1509 1025 καὶ
1543 973 1631 1025 τὸν
1654 971 1819 1037 ὀκτὼ,

218 1061 336 1111 καὶ
367 1058 458 1111 τὸν
491 1060 644 1125 δέκα,
694 1060 784 1112 τὸν
833 1061 1128 1132 τριάκοντα
1182 1063 1410 1134 πληροῖς
1456 1062 1712 1134 ἀριθμόν.
1762 1064 1821 1116 '0

214 1152 421 1203 τοίνυν
454 1151 529 1215 ῶς
560 1152 789 1224 ἀρχηγῷ
824 1153 902 1224 τῷ
931 1154 1122 1227 Κυρίῳ
1169 1156 1352 1216 καλῶς
1396 1156 1624 1210 ἕπεσθαι
1657 1156 1823 1222 γινώ-

216 1261 411 1305 σκων,
453 1245 555 1297 οὐκ
592 1246 853 1317 ἀγνοήσει
898 1247 988 1300 τὸν
1022 1248 1201 1317 λόγον,
1250 1248 1371 1302 καθ’
1414 1249 1473 1302 ὃν
1520 1251 1614 1302 καὶ
1661 1249 1822 1311 αὐτὸς

214 1336 663 1409 τριακοντούτης
702 1338 1134 1411 ἀναφανήσεται,
1193 1341 1486 1411 κηρύττειν
1526 1342 1823 1410 δυνάμενος

212 1430 290 1482 τὸ
328 1430 664 1497 Εὐαγγέλιον
705 1431 805 1500 τῆς
854 1432 1152 1500 βασιλείας.
1187 1433 1314 1485 Ὅτε
1342 1432 1450 1503 γὰρ
1494 1432 1824 1503 ἀμέμπτως,

1920 519 2175 587 quinaria
2218 530 2335 585 est,
2370 522 2442 577 ob
2474 539 2697 580 sensum
2730 528 2918 596 quinis
2953 532 3203 600 partibus
3238 532 3510 589 di’stribu-

1920 610 2059 682 tum)
2089 627 2281 667 eorum
2306 629 2440 669 vero
2464 632 2585 686 qua:
2616 630 2801 677 mente
2834 623 3221 694 intelliguntur
3251 641 3316 680 ac
3345 626 3509 695 spiri-

1922 703 2135 769 talium,
2166 705 2379 761 ratione
2411 711 2684 765 octonarii
2718 712 3146 781 (intellectilium
3179 718 3326 773 enim
3357 725 3513 773 ortus

1920 809 1983 849 ac
2008 796 2181 866 origo,
2206 813 2522 854 commensa
2549 806 2814 872 temporis
2838 806 3069 874 periodo
3096 810 3349 877 superior
3370 809 3515 863 exsi-

1921 888 2039 947 stit)
2075 888 2426 957 providentia
2464 902 2647 949 autem
2682 906 2975 961 rectorem,
3012 898 3229 953 ratione
3266 900 3509 967 denarii;

1925 988 2040 1034 tum
2072 981 2144 1034 ob
2175 983 2560 1037 mandatorum
2592 996 2837 1041 sanctam
2872 990 3157 1053 dccadem,
3185 1007 3306 1059 qua:
3335 991 3513 1044 homi-

1920 1088 2019 1126 nes
2041 1071 2208 1144 478
2233 1074 2298 1128 ad
2326 1075 2496 1130 vitam
2524 1076 2667 1132 bene
2700 1079 3099 1135 instituendam
3135 1081 3367 1145 inducit,
3396 1090 3512 1136 tum

1922 1163 2069 1232 quod
2108 1165 2177 1217 ab
2207 1180 2275 1219 eo
2311 1166 2616 1234 elemento,
2645 1170 2793 1239 quod
2830 1173 2953 1242 ejus
2984 1173 3203 1227 numeri
3237 1184 3366 1227 nota
3398 1181 3510 1237 est,

1836 1322 1839 1325 ἰ
1921 1254 2140 1309 Domini
2171 1271 2396 1323 nomen,
2427 1266 2563 1324 tum,
2591 1276 2715 1315 cum
2753 1262 2921 1318 homo
2950 1263 3129 1319 factus
3156 1274 3261 1329 est,
3291 1264 3514 1320 initium

1924 1344 2100 1399 duxit.
2132 1346 2458 1413 Quinarium
2491 1352 2679 1421 igitur,
2709 1357 3108 1423 septenarium,
3140 1356 3510 1421 octonarium,

1925 1434 2216 1490 denarium
2274 1455 2537 1495 numeros
2596 1443 2641 1497 si
2706 1446 3097 1515 conjunxeris,
3160 1448 3514 1501 tricenarium

216 1523 431 1595 ὥσπερ
449 1523 571 1577 τινὰ
598 1523 758 1593 φύσιν
783 1526 1007 1595 ὁρατὴν,
1038 1526 1130 1578 τὸν
1152 1525 1296 1578 κατὰ
1331 1526 1529 1597 πρᾶξιν
1556 1526 1665 1578 τῶν
1699 1527 1827 1596 ἀρε-

1927 1528 2255 1598 complebis.
2279 1529 2385 1597 Qui
2414 1547 2548 1603 ergo
2576 1534 2869 1590 Dominum
2902 1547 2963 1591 ut
2988 1538 3185 1593 ducem
3216 1547 3380 1609 atque
3412 1555 3513 1594 au—

213 1616 349 1669 τῶν
382 1617 778 1687 δημιουργήσει
810 1618 1033 1687 κόσμον,
1058 1616 1158 1689 τὴν
1187 1618 1274 1670 ἐπ’
1301 1618 1470 1687 αὐτῆς
1495 1618 1595 1687 τῆς
1620 1617 1822 1689 ψυχῆς,

215 1706 429 1776 ὥσπερ
457 1706 580 1761 τινὰ
604 1708 796 1779 χρόνον
842 1708 930 1762 διὰ
973 1708 1081 1765 τῶν
1112 1708 1371 1761 ἐναντίων
1423 1709 1825 1778 συμϐαίνουσαν

1924 1627 2133 1675 ctorem
2166 1621 2272 1676 rite
2302 1623 2458 1692 sequi
2491 1625 2663 1689 novit,
2696 1643 2802 1682 nec
2833 1628 2948 1697 ipse
2977 1630 3249 1685 rationem
3282 1630 3512 1695 nesciet,

1927 1726 2035 1780 qua
2071 1712 2294 1782 triginta
2328 1730 2599 1770 annorum
2633 1717 2810 1771 factus
2845 1720 3279 1776 manifestandus
3312 1722 3405 1786 sit,
3435 1720 3516 1775 sic

224 1798 315 1869 μὴ
366 1777 670 1863 ἀλλοιώσας
719 1800 986 1871 περίοδον,
1025 1800 1117 1853 καὶ
1161 1800 1251 1853 διὰ
1292 1777 1528 1871 θεωρίας
1571 1800 1672 1869 τὴν
1716 1799 1823 1855 τῶν

1929 1814 2281 1873 comparatus
2314 1815 2372 1860 ut
2405 1807 2763 1878 Evangelium
2797 1812 2951 1881 regni
2987 1812 3285 1880 praedicare
3320 1811 3513 1882 possit.

212 1891 447 1960 νοητῶν
483 1892 796 1955 ἀπταίστως
827 1892 1082 1962 δρέψεται
1121 1892 1342 1961 γνῶσιν,
1388 1892 1482 1945 καὶ
1515 1891 1613 1962 τὴν
1652 1892 1824 1962 αὐτὴν

209 1987 325 2040 καὶ
381 1984 565 2049 ἄλλοις
614 1984 730 2049 ἕξιν
777 1984 1156 2056 προνοητικῶς
1210 1984 1446 2038 ἐνθεῖναι
1504 1984 1821 2055 δεδύνηται·

209 2079 354 2133 τότε
395 2077 493 2130 καὶ
519 2077 702 2143 αὐτὸς,
738 2077 811 2139 ὡς
864 2077 907 2129 δ’
964 2077 1029 2130 ἂν
1080 2075 1176 2145 ἔχῃ
1227 2075 1547 2146 σωματικῆς
1585 2074 1821 2143 ἡλικίας,

208 2170 659 2243 τριακοντούτης
685 2170 800 2223 ἐστὶ
835 2168 912 2238 τῷ
959 2167 1250 2237 πνεύματι,
1299 2167 1674 2236 συνεμφαίνων
1714 2166 1823 2218 τῶν

210 2260 452 2313 οἰκείων
476 2259 697 2327 ἀγαθῶν
719 2258 814 2328 τὴν
840 2260 897 2311 ὲν
928 2257 1111 2320 ἄλλοις
1145 2258 1451 2327 ἐνέργειαν.

1930 1894 2035 1951 Ubi
2070 1898 2219 1951 enim
2254 1897 2376 1952 sine
2411 1899 2643 1955 crimine
2676 1916 2741 1955 ac
2775 1902 3053 1971 inculpate
3084 1904 3235 1957 velut
3260 1913 3514 1958 naturam

1924 1985 2220 2053 quamdam
2253 1986 2552 2052 visibilem,
2580 1987 2814 2042 actionis
2848 1990 2999 2043 cultu
3036 1999 3379 2045 constantem
3408 1991 3518 2044 vir-

1923 2081 2104 2128 tutum
2156 2077 2427 2132 mundum
2475 2078 2823 2145 condiderit,
2864 2095 3015 2141 eam,
3054 2095 3177 2149 quae
3222 2080 3365 2135 inest
3412 2080 3517 2150 ipsi

1924 2166 2140 2231 animae,
2164 2169 2317 2223 velut
2342 2170 2622 2239 quoddam
2653 2181 2870 2242 tempus
2894 2187 2962 2227 ex
2994 2173 3062 2226 iis
3087 2189 3210 2241 quae
3240 2174 3517 2227 contraria

1924 2258 2215 2324 accidunt,
2253 2262 2546 2330 periodum
2587 2278 2699 2317 non
2741 2271 2986 2327 mutans;
3031 2279 3095 2316 ac
3134 2278 3233 2332 per
3267 2270 3517 2317 contem-

213 2355 534 2425 plationem
575 2370 764 2410 earum
806 2358 995 2409 rerum
1036 2356 1159 2423 qme
1197 2362 1379 2408 mente
1424 2353 1811 2424 intelliguntur
1850 2353 2137 2409 scientiam
2202 2357 2472 2412 inoﬂ‘ense
2498 2357 2825 2427 decerpens,
2860 2358 3118 2412 eumdem
3190 2359 3356 2412 etiam
3393 2357 3516 2413 aliis

212 2444 772 2515 habitum,provida
804 2444 1029 2499 illorum
1065 2459 1228 2509 cura,
1298 2444 1551 2515 ingerere
1616 2444 1883 2509 valuerit;
1928 2452 2059 2500 tunc
2101 2455 2157 2499 et
2195 2446 2313 2515 ipse
2355 2456 2557 2516 quotus
2602 2456 2842 2516 quantus
2889 2449 2962 2502 sit
3003 2450 3279 2518 corporali
3328 2456 3511 2503 aetate,

214 2544 461 2613 triginta
512 2555 783 2595 annorum
837 2539 1035 2609 spiritu
1096 2540 1349 2605 exsistit,
1394 2555 1501 2609 qua
1554 2538 1819 2591 nimirum
1893 2553 2117 2591 suorum
2200 2540 2476 2594 bonorum
2519 2542 2632 2595 vim
2676 2550 2972 2611 actumque
3029 2540 3083 2595 in
3136 2541 3261 2596 aliis
3309 2540 3518 2610 pariter

212 2633 505 2692 ostendit.

294 2730 381 2786 π’.
422 2732 437 2751 ⁹
474 2730 532 2783 '0
579 2731 700 2793 ταῖς
747 2728 961 2799 ἡδοναῖς
1006 2726 1342 2797 παρειμένος
1390 2723 1485 2777 τοῦ
1542 2722 1817 2791 σώματος,

213 2822 356 2877 οὕτε
397 2822 536 2894 πρὸς
578 2822 777 2892 ἀρετήν
820 2822 968 2873 ἐστιν
1007 2818 1251 2888 ἐνεργὸς,
1289 2814 1415 2869 οὔτε
1448 2815 1584 2885 πρὸς
1616 2814 1821 2881 γνῶσιν

216 2914 549 2984 εὐκίνητος.
609 2911 774 2964 Ὅθεν
819 2910 939 2963 οὐδὲ
983 2908 1268 2979 ἄνθρωπον
1324 2906 1470 2977 ἔχει·
1518 2905 1816 2969 τουτέστιν,

1994 2722 2080 2778 80.
2125 2722 2229 2789 Qui
2282 2726 2533 2795 corporis
2579 2727 2961 2796 voluptatibus
3018 2744 3082 2783 ac
3132 2728 3363 2783 libidine
3414 2743 3515 2783 ceu

1921 2819 2155 2889 paralysi
2186 2819 2487 2875 dissolutus
2516 2830 2599 2875 est
2620 2821 2685 2886 “,
2715 2823 2761 2876 is
2789 2838 2969 2891 neque
3000 2822 3066 2876 ad
3096 2822 3360 2877 virtutem
3395 2823 3515 2879 elli-v

1925 2924 2049 2973 eax,
2077 2926 2256 2980 neque
2287 2912 2353 2965 ad
2384 2911 2670 2966 scientiam
2706 2929 2768 2967 ac
2796 2913 3316 2982 contemplationem
3348 2929 3517 2983 expe-

212 3006 487 3075 ἒμφρονα
518 3000 777 3071 λογισμόν
797 3016 811 3031 ·
846 3000 933 3053 ἶνα
960 3000 1087 3051 ὅταν
1113 2997 1358 3069 ταραχθῇ
1384 2997 1446 3050 τὸ
1486 2996 1649 3066 ὕδωρ,
1683 2995 1820 3068 βάλῃ

1926 2996 2074 3052 ditus
2109 3000 2393 3069 probeque
2431 3000 2652 3055 mobilis
2688 3010 2791 3056 est.
2826 3002 2982 3057 Unde
3020 3017 3200 3071 neque
3236 3002 3516 3058 hominem

214 3097 402 3151 αὐτὸν
452 3094 531 3155 είς
574 3092 674 3162 τὴν
732 3090 1147 3162 κολυμϐήθραν·
1216 3091 1520 3153 τουτέστιν,
1582 3090 1663 3151 είς
1716 3088 1818 3158 τὴν

215 3186 495 3255 δεκτικὴν
540 3187 639 3254 τῆς
690 3184 947 3252 γνώσεως
999 3182 1221 3255 ἀρετὴν,
1294 3182 1393 3253 τὴν
1466 3181 1819 3252 ἰατρεύουσαν

218 3274 419 3333 πᾶσαν
450 3278 622 3341 νόσον,
668 3278 716 3329 εί
761 3278 833 3347 μή
863 3294 965 3329 που
995 3277 1081 3330 διὰ
1124 3274 1397 3347 ρᾳθυμίαν
1430 3277 1457 3327 ὁ
1488 3275 1661 3329 νοσῶν
1688 3277 1820 3329 ἀνα-

218 3370 588 3439 ϐαλλόμενος,
620 3369 711 3421 ὑπ’
736 3368 894 3422 ἄλλου
922 3367 1207 3441 προληφθῇ
1236 3366 1329 3419 τοῦ
1349 3365 1652 3429 κωλύοντος
1674 3364 1822 3435 αύτῷ

221 3460 651 3533 παραγενέσθαι
678 3460 775 3530 τὴν
806 3461 970 3513 ἴασιν.
1001 3460 1092 3513 Διὸ
1121 3448 1215 3511 καὶ
1239 3460 1531 3530 τριάκοντα
1557 3461 1651 3513 καὶ
1676 3460 1821 3512 ὀκτὼ

218 3558 320 3627 ἐτη
355 3557 432 3625 τῇ
458 3553 598 3622 νόσῳ
632 3552 1148 3620 συγκατακλίνεται.
1191 3551 1249 3604 '0
1276 3552 1385 3622 γὰρ
1407 3551 1481 3622 μὴ
1505 3552 1641 3623 πρὸς
1661 3551 1821 3617 δόξαν

220 3646 364 3701 Θεοῦ
428 3644 526 3716 τὴν
574 3644 776 3715 ὁρατὴν
830 3643 1103 3712 θεώμενος
1148 3642 1346 3703 κτίσιν,
1399 3644 1492 3695 καὶ
1539 3642 1676 3711 πρὸς
1710 3644 1820 3713 ιτὴν

221 3738 438 3809 νοητὴν
503 3735 664 3805 φύσιν
721 3735 963 3796 εὐσεϐῶς
1022 3734 1368 3795 ἀναϐιϐάζων
1431 3733 1529 3803 τὴν
1587 3733 1819 3793 ἔννοιαν,

222 3831 465 3892 εἰκότως
520 3826 693 3880 νοσῶν
749 3825 995 3895 διαμένει
1044 3824 1137 3876 τὸν
1194 3822 1483 3894 εἰρημένον
1522 3822 1630 3875 τῶν
1684 3823 1820 3875 ἐτῶν

226 3918 496 3991 ἀριθμόν.
554 3918 611 3968 Ὀ
642 3915 748 3984 γὰρ
784 3914 1078 3985 τριάκοντα
1116 3912 1362 3981 φυσικῶς
1409 3911 1820 3980 λαμϐανόμενος

229 4009 499 4082 ἀριθμὸς,
528 4004 625 4075 τὴν
658 4002 922 4074 αἰσθητὴν
964 4002 1221 4072 σημαίνει
1258 3999 1455 4069 φύσινο
1500 4000 1689 4070 ὥσπερ
1727 4000 1822 4052 καὶ

195 4079 206 4092 ’
228 4079 562 4172 πρακτικῶς
590 4093 983 4164 σκοπούμενος,
1026 4092 1124 4163 τὴν
1148 4089 1459 4162 πρακτικὴν
1485 4090 1710 4161 ἀρετήν.
1762 4090 1819 4140 ’0

230 4193 289 4245 δὲ
347 4189 496 4244 ὀκτὼ
548 4185 791 4256 φυσικῶς
846 4184 1304 4254 κατανοούμενος,
1349 4182 1449 4253 τὴν
1487 4182 1683 4253 νοητὴν
1710 4182 1819 4235 τῶν

230 4283 549 4353 ἀσωμάτων
572 4278 873 4349 παραδηλοῖ
901 4276 1062 4347 φύσιν
1082 4290 1097 4305 ’
1148 4275 1338 4347 ὥσπερ
1377 4276 1471 4329 καὶ¹
1500 4274 1819 4343 γνωστικῶς

234 4373 636 4445 θεωρούμενος,
677 4372 777 4441 τὴν
829 4370 1105 4438 πάνσοφον
1161 4368 1474 4437 θεολογίαν·
1540 4362 1629 4430 αἷς
1671 4371 1699 4422 ὁ
1748 4368 1824 4439 μὴ

235 4466 562 4537 κινούμενος
612 4464 747 4533 πρὸς
794 4462 947 4523 Θεὸν,
999 4462 1233 4532 πάρετος
1286 4460 1455 4529 μένει.
1513 4460 1707 4531 μέχρις
1756 4460 1822 4515 ἂν

235 4557 409 4609 ἐλθὼν
461 4558 490 4608 ὁ
537 4555 731 4623 Λόγος,
781 4552 966 4622 διδάξῃ
1020 4551 1184 4605 αὑτὸν
1230 4550 1323 4604 τὸν
1388 4550 1651 4621 σύντομον
1722 4550 1824 4621 τῆς

240 4652 439 4713 ἰάσεως
464 4648 686 4719 τρόπον,
716 4647 974 4716 φάσκων·
1010 4643 1302 4714 Ἐγειραισ
1340 4637 1489 4713 ἆρον
1517 4646 1625 4697 τὸν
1648 4643 1821 4712 κράϐ-

238 4744 424 4795 6ατόν·
468 4755 609 4803 σου,
656 4740 754 4792 καὶ
797 4735 1138 4807 περιπάτει’
1171 4736 1525 4804 διαναστῆναι
1563 4734 1655 4789 τὸν
1696 4734 1820 4789 νοῦν

237 4832 339 4900 τῆς
360 4829 702 4900 κατεχούσης
734 4828 1065 4899 φιληδονίας,
1115 4827 1208 4879 και
1243 4821 1373 4895 ἆραι
1400 4825 1463 4877 τὸ
1512 4825 1670 4894 σῶμα
1708 4827 1819 4888 τοῖς

238 4923 416 4992 ὤμοις
472 4923 584 4976 τῶν
637 4920 869 4991 ἀρετῶν,
914 4920 1010 4974 καὶ
1054 4918 1309 4974 ἀπελθεῖν
1362 4918 1442 4981 είς
1484 4917 1578 4970 τὸν
1635 4913 1818 4971 οἷκον·

241 5016 443 5086 δηλαδὴ
475 5016 566 5069 τὸν
592 5014 841 5085 οὐρανὸν,
875 5011 1317 5082 ἐγκελευόμενος.
1354 5009 1536 5063 Καλὸν
1564 5009 1673 5081 γὰρ
1719 5010 1827 5069 ὑπὸ,

315 5174 361 5209 ⁸³
380 5178 539 5235 Joan.
562 5195 618 5242 γ,
640 5175 672 5229 5
698 5188 853 5242 seqq.

316 5324 333 5341 '
365 5320 533 5388 Marg.
556 5319 647 5373 Fr.
691 5317 786 5379 Εἰς
804 5313 895 5388 τον
925 5310 1296 5388 παραλυτικὸν
1318 5326 1333 5341 ο
1383 5308 1479 5363 καὶ
1507 5308 1655 5388 ὅπως
1688 5308 1827 5377 μᾶλ-

246 5390 335 5442 λον
368 5379 529 5459 ἡμεῖς
560 5391 753 5456 ἐσμεν,
800 5386 849 5436 oi
886 5379 1352 5459 τοσούτοιςέτεσι
1401 5379 1823 5459 κατακείμενον

247 5460 321 5522 ὡς
356 5448 487 5531 μίήδὲ
512 5448 850 5528 “τδν’τρόπον
876 5457 976 5524 τῆς
1014 5450 1259 5522 ἰατρείας
1296 5450 1596 5521 δεχόμενοι.
1628 5448 1691 5503 1η
1732 5467 1833 5520 pa“

320 5594 405 5663 (ο)
433 5596 603 5665 ’Υπὲρ
658 5594 788 5663 γάρ.
835 5592 1081 5665 Insinuat
1125 5592 1436 5665 Graecorum
1472 5604 1818 5665 communem

250 5660 578 5721 sententiam
613 5660 945 5720 eisiStentia:
1005 5663 1322 5731 angelorum
1368 5670 1495 5716 ante
1556 5660 1818 5731 nnlndutn

252 5746 574 5807 corporeum
605 5755 616 5789 :
648 5737 762 5793 haec
786 5734 930 5789 enim
958 5729 1231 5801 propricﬁ
1260 5731 1469 5798 γένεσις
1494 5730 1689 5784 αὐτῶν.
1731 5729 1823 5787 Sic

1924 3090 2092 3144 habet
2126 3091 2316 3162 (animi
2352 3092 2566 3147 scilicet
2596 3094 2929 3162 prudentem
2964 3094 3232 3149 rationem
3268 3110 3334 3149 ac
3366 3094 3518 3165 cogi-

1926 3184 2147 3254 tatum),
2170 3196 2231 3239 ut
2253 3201 2377 3240 cum
2404 3188 2623 3242 turbata
2644 3188 2815 3243 fuerit
2836 3204 2998 3258 aqua,
3020 3202 3147 3242 eum
3170 3188 3223 3241 in
3249 3188 3518 3258 piscinam

1922 3277 2131 3343 mittat;
2176 3278 2439 3333 virtutem
2485 3280 2748 3335 nimirum
2788 3280 3034 3335 scicntia:
3073 3296 3363 3351 capacem,
3396 3298 3519 3351 quae

1922 3382 2141 3422 omnem
2170 3370 2421 3424 morbum
2450 3379 2636 3436 sanet;
2666 3372 2773 3425 nisi
2800 3370 2962 3436 forte,
2988 3387 3097 3440 qua
3119 3372 3351 3442 segnitie
3374 3388 3520 3442 aeger

1923 3457 2160 3521 laborat,
2190 3460 2614 3515 cunctabundus
2642 3476 2936 3531 morasque
2970 3461 3216 3525 trahens,
3248 3460 3508 3530 occupari

1923 3572 1983 3611 se
2008 3555 2077 3609 ab
2107 3549 2216 3610 alio
2247 3557 2413 3622 sinat,
2439 3557 2774 3626 prohibente
2805 3573 2875 3612 ne
2910 3558 3027 3627 ipse
3056 3571 3284 3626 compos
3310 3556 3517 3611 sanita-

1923 3647 1995 3701 tis
2023 3647 2133 3701 ﬁat.
2157 3648 2329 3718 quue
2356 3650 2524 3703 etiam
2557 3664 2736 3704 causa
2762 3657 2867 3715 est,
2892 3665 2993 3704 cur
3016 3658 3072 3703 et
3096 3663 3269 3703 annos
3296 3648 3517 3718 triginta

1923 3746 2049 3793 octo
2100 3748 2341 3809 aegrotus
2397 3740 2716 3796 decumbat.
2767 3740 2871 3806 Qui
2928 3741 3075 3794 enim
3129 3756 3241 3794 non
3298 3740 3365 3793 ad
3419 3739 3517 3793 Dei

1924 3828 2152 3896 gloriam
2175 3869 2188 3891 ,
2216 3838 2525 3884 creaturam
2560 3830 2737 3883 oculis
2771 3830 3073 3898 subjectam
3107 3827 3287 3892 videt,
3316 3842 3418 3881 nec
3449 3826 3516 3880 ad

1927 3932 2115 3970 rerum
2147 3933 2271 3985 qua:
2302 3927 2487 3972 mente
2520 3918 2907 3987 intelliguntur
2937 3924 3191 3969 naturam
3221 3915 3312 3984 pie
3342 3915 3518 3983 perci-

1922 4007 2179 4078 piendam
2215 4008 2402 4062 animo
2436 4008 2696 4078 assurgit,
2730 4009 2776 4063 is
2814 4007 3035 4071 merito,
3065 4022 3229 4075 quem
3269 4006 3516 4059 dicebam

1924 4109 2199 4150 annorum
2261 4112 2592 4163 numerum,
2646 4113 2791 4169 aager
2846 4096 3114 4167 persistit.
3164 4095 3518 4150 Tricenarius

1924 4187 2073 4242 enim
2101 4205 2367 4245 numerus
2398 4189 2729 4244 naturaliter
2758 4198 3038 4260 acceptus,
3065 4197 3317 4243 naturam
3349 4186 3517 4257 signi-

1925 4278 2091 4343 ﬁcat,
2141 4295 2263 4349 quae
2321 4280 2377 4333 in
2427 4294 2651 4333 sensum
2702 4279 2881 4347 cadit;
2938 4279 3017 4333 uti
3063 4278 3228 4333 etiam
3274 4276 3517 4348 practice

1856 4354 1900 4409 Ῑ)
1931 4372 2193 4444 (actionis
2239 4372 2453 4428 scilicet
2496 4372 2729 4444 ratione)
2776 4372 3187 4438 consideratus,
3223 4371 3514 4432 virtutem,

1927 4480 2050 4533 quae
2095 4464 2329 4519 actionis
2368 4465 2520 4519 cultu
2567 4465 2840 4519 consistit.
2873 4463 3201 4519 Octonarius
3241 4470 3422 4517 autem
3460 4468 3518 4515 et

1926 4555 2043 4624 ipse
2080 4554 2409 4609 naturaliter
2440 4554 2785 4619 intellectus,
2818 4553 3147 4624 spirituum,
3179 4567 3300 4622 quae
3332 4559 3516 4605 mente

1925 4646 2284 4717 intelligitur,
2327 4646 2557 4701 denotat
2610 4655 2907 4711 naturam;
2962 4645 3040 4699 uti
3094 4652 3152 4699 et
3201 4643 3518 4711 γνωστικῶς

1926 4736 2159 4808 (altiore
2207 4736 2418 4791 scilicet
2461 4752 2526 4791 ac
2577 4736 2811 4805 sapienti
2862 4734 3061 4805 sensu)
3107 4734 3513 4798 consideratus,

1928 4829 2079 4883 omni
2127 4828 2393 4898 repletam
2442 4829 2714 4899 sapientia
2760 4828 3073 4881 divinorum
3118 4826 3403 4881 scientiam
3454 4840 3518 4879 ac

1930 4919 2287 4989 theologiam.
2322 4919 2562 4985 Quibus,
2594 4918 2847 4989 quisquis
2880 4917 2947 4971 ad
2980 4918 3151 4971 Deum
3189 4931 3299 4969 non
3333 4928 3507 4969 move-

1932 5019 2045 5078 tur,
2077 5011 2244 5088 479
2277 5012 2608 5083 paralyticos
2643 5018 2829 5065 manet
2860 5008 3235 5076 membrisque
3272 5006 3516 5060 dissolu-

1935 5306 2219 5377 mlyticum
2240 5322 2260 5372 ;
2296 5322 2489 5376 nosque
2539 5307 2708 5375 potius
2734 5376 2739 5377 ί
2761 5320 2887 5367 esse,
2934 5303 3024 5377 qui
3059 5308 3134 5355 tot
3180 5302 3333 5355 annis
3360 5300 3519 5371 jac?

1937 5374 2084 5443 mus;
2111 5385 2167 5429 ιιι
2193 5394 2283 5430 nec
2320 5374 2590 5429 medicinae
2622 5376 2832 5428 modum
2863 5374 3196 5444 recipiamus.
3596 5376 3597 5379 “

1927 5587 2181 5658 superior
2213 5587 2473 5656 temporis
2502 5600 2783 5654 mensura,
2819 5599 2913 5639 seu
2966 5581 3091 5638 vitae
3127 5583 3217 5637 illa
3259 5576 3513 5653 perion

1928 5676 2049 5729 qua:
2076 5659 2321 5728 tempore
2346 5664 2720 5712 mensuratur.
