3930 6324
407 304 545 371 1115
1597 302 1656 361 S.
1700 300 1953 363 MAXIM
1962 299 1984 358 ἰ

2107 300 2529 361 NFESSORIS
3544 291 3563 350 l
3584 288 3604 349 l
3625 289 3685 347 ἶῡ

406 432 516 486 tus,
544 419 719 474 donec
747 417 975 472 veniens
1004 415 1219 480 Sermo,
1248 414 1698 485 compendiosum
1726 412 1987 483 paranda:

2107 413 2180 466 ςοῦ
2214 415 2524 485 κρείττονος
2543 416 2620 487 (ρ)
2644 417 2754 480 τοῖς
2788 417 2959 489 ὤμοις
2982 418 3079 487 τῆς
3108 415 3386 488 πράξεως.
3418 412 3484 464 τδ
3508 413 3699 479 χεῖρω

406 512 601 566 salutis
634 511 857 565 modum
892 524 1018 562 eum
1050 508 1321 571 docuerit,
1351 508 1543 562 dicens
1580 524 1592 560 :
1630 505 1818 576 Surge,
1851 503 1981 557 ιοιιθ

2107 502 2341 574 ιῐρεσθαι
2370 506 2507 577 πρὸς
2539 509 2762 580 ἀρετὴν,
2816 509 2850 579 ἢ
2890 510 2952 561 τὸ
2995 511 3245 579 κρεῖττον
3288 505 3382 559 διὰ
3427 502 3695 574 θρύψεως

405 603 718 673 grabbatum
758 610 927 663 tuum,
961 609 1010 653 et
1049 598 1264 653 ambula
1291 599 1338 630 "
1371 616 1384 651 :
1424 598 1627 669 jubens
1663 597 1899 661 scilicet,
1928 603 1990 651 ut

2107 593 2232 664 πρὸς
2270 595 2582 665 φιληδονίαν
2609 599 2714 653 ὑπὸ
2743 601 2837 653 τοῦ
2869 600 3111 673 χείρονος
3139 596 3433 669 φέρεσθαι.

406 697 474 749 ab
513 710 576 748 ea
612 709 721 762 qua
760 700 982 746 tenetur
1023 691 1303 758 voluptate
1345 705 1409 743 ac
1448 688 1710 753 libidine,
1746 701 1992 741 animum
2031 684 2287 749 dirimat,
2358 702 2422 741 ac
2462 689 2733 743 virtutum
2779 691 3026 745 humeris
3070 704 3273 759 corpus
3319 688 3511 749 tollat,
3594 683 3696 737 do-

407 801 665 856 mumque
694 785 774 855 (in
802 785 1002 838 caelum
1031 782 1261 850 scilicet)
1286 782 1466 836 vadat.
1492 783 1719 836 Prwstat
1744 780 1893 834 enim
1926 779 1983 833 id
2020 776 2168 848 quod
2196 778 2446 835 deterius
2475 791 2580 847 est,
2609 784 2677 837 ab
2703 799 2771 838 eo
2826 782 2972 853 quod
3040 780 3415 852 praestantius,
3447 777 3693 831 actionis

409 876 653 932 numeris
677 875 744 930 ad
769 876 1026 928 virtutem
1060 872 1199 935 tolli,
1233 886 1400 940 quam
1425 870 1571 940 quod
1601 869 1950 940 praestantius
1984 881 2085 937 per
2108 868 2396 924 mollitiem
2421 871 2657 941 vitaeque
2688 874 2874 929 luxum
2894 916 2908 939 ,
2955 889 2985 927 a
3036 866 3299 927 deteriori
3363 869 3435 923 ad
3498 858 3691 921 libidi-

407 984 531 1023 uem
564 966 715 1021 ferri.
2965 966 2973 973 ‘

477 1062 565 1117 8|.
600 1059 854 1125 Quandiu
899 1068 1087 1116 nostra
1135 1060 1344 1130 pariter
1381 1076 1686 1130 eorumque
1732 1057 1983 1114 omnium

2156 1068 2267 1113 πα’.
2306 1060 2453 1124 Ἕως
2484 1060 2584 1128 τῆς
2616 1061 2771 1132 ἡμῶν
2787 1078 2845 1113 τε
2875 1061 2968 1114 καὶ
2994 1059 3214 1113 πάντων
3241 1056 3350 1110 τῶν
3381 1055 3529 1124 μετὰ
3559 1053 3697 1107 Θεῦν

411 1166 532 1220 quae
577 1166 608 1204 a
642 1151 755 1204 Deo
795 1151 1041 1206 secunda
1090 1158 1243 1215 sunt,
1296 1151 1603 1206 substantia
1653 1164 1721 1204 ac
1769 1156 1988 1209 natura,

2107 1151 2276 1216 ιὺσίας
2301 1153 2442 1206 κατὰ
2468 1153 2708 1206 διάνοιαν
2734 1152 2990 1223 καθαρῶς
3031 1152 3131 1204 οὐκ
3166 1146 3563 1217 ὲκϐεὸήκαμεν
3592 1145 3690 1213 (qi.

411 1242 613 1296 mentis
646 1241 1009 1311 intelligentia
1039 1257 1151 1296 non
1174 1241 1401 1295 omnino
1421 1238 1844 1301 excesserimus,
1861 1250 1993 1290 nec-

2107 1243 2241 1298 δΰπω
2270 1245 2369 1317 τὴν
2402 1248 2501 1315 τῆς
2542 1248 2664 1300 κατ’
2712 1248 2915 1317 ἀρετὴν
2975 1243 3242 1314 ἀτρεψξας
3305 1240 3424 1306 ἕξιν
3494 1237 3694 1289 ἐλάϐο-

409 1333 542 1388 dum
571 1334 1037 1389 immutabilitatis
1062 1334 1338 1395 habitum,
1373 1348 1498 1402 qua:
1531 1332 1741 1384 virtute
1762 1336 1995 1399 praesta-

2107 1354 2216 1405 κεν.
2268 1338 2539 1408 Ὀπηνίκα
2572 1336 2630 1391 δὲ
2656 1336 2815 1390 τοῦτο
2836 1337 2903 1390 δι’
2935 1335 3158 1404 ἀγάπης
3186 1335 3319 1403 ἡμῖν
3358 1329 3691 1399 κατορθωθῇ

413 1432 522 1487 tur,
555 1424 840 1479 consecuti
871 1439 1084 1479 sumus.
1129 1423 1229 1480 Ubi
1266 1431 1451 1477 autem
1498 1436 1597 1491 per
1637 1419 1991 1474 dilectionem

2107 1427 2159 1481 ιδ
2183 1427 2399 1497 ἀξίωμα
2438 1426 2538 1498 (5),
2586 1427 2708 1481 τότε
2755 1425 3077 1496 γνωσόμεθα
3103 1428 3201 1496 τῆς
3240 1424 3393 1489 θείας
3445 1423 3691 1487 ἐπαγγε-

412 1514 555 1569 banc
583 1515 728 1570 nacti
761 1515 1089 1586 dignitatem
1122 1514 1411 1577 fuerimus,
1452 1512 1652 1567 divinae
1675 1510 1998 1581 promissio-

2107 1513 2220 1575 λζας
2269 1514 2368 1583 τὴν
2425 1513 2675 1583 δύναμιν.
2702 1514 2851 1566 Ἐκεῖ
2877 1514 2987 1581 γὰρ
3042 1507 3182 1564 εἶναι
3235 1509 3343 1579 χρή
3403 1505 3693 1560 πιστεύειν

415 1604 504 1658 nis
529 1604 638 1658 vim
671 1620 1087 1674 pernoscemus.
1121 1603 1204 1659 lbi
1230 1603 1381 1657 enim
1420 1601 1576 1656 ﬁrma
1621 1615 1687 1654 ac
1726 1596 1996 1654 immobili

2107 1595 2224 1650 καθ’
2258 1596 2469 1667 ἵδρυσιν
2495 1595 2829 1666 ἀμετάθετον
2857 1597 2987 1658 τοὺς
3007 1594 3210 1658 ἀξίους,
3234 1593 3362 1646 ἔνθα
3394 1588 3694 1661 προλαϐὼν

413 1695 648 1757 statione
679 1695 792 1750 fore
810 1695 1151 1751 credendum
1178 1702 1284 1758 εει,
1309 1709 1404 1749 eos
1426 1693 1521 1762 qui
1552 1690 1704 1761 digni
1737 1704 1802 1744 ac
1832 1686 1992 1759 probi

2107 1688 2274 1751 όνοῢς
2310 1688 2383 1741 δι’
2413 1688 2636 1758 ἀγάπης
2686 1687 2785 1758 τὴν
2834 1686 3103 1757 σφετέραν
3150 1682 3486 1755 ὲνερῤίζωσε
3525 1681 3695 1733 δύνα-

412 1794 560 1850 sunt,
586 1786 680 1841 ubi
695 1787 808 1857 jam
833 1803 932 1857 per
948 1786 1297 1851 charitatem,
1320 1798 1475 1840 suam
1498 1797 1653 1838 mens
1680 1780 1997 1836 facultatem

2107 1796 2216 1849 μιν.
2247 1779 2305 1833 '0
2325 1777 2434 1849 γὰρ
2464 1778 2539 1849 μὴ
2560 1779 2728 1841 ἐκϐὰς
2753 1778 2965 1841 ἑαυτοῦ,
2993 1778 3087 1830 καὶ
3120 1776 3340 1829 πάντων
3359 1773 3472 1826 τῶν
3501 1774 3693 1824 ὁπωσ-

414 1878 681 1934 radicitus
704 1879 842 1934 lisit.
870 1878 976 1945 Qui
996 1878 1144 1933 enim
1166 1878 1369 1947 seipso,
1394 1875 1722 1943 cunctisque
1742 1888 1864 1942 quae
1884 1871 1997 1925 ullo

2107 1871 2194 1924 οὖν
2232 1870 2475 1925 νοεῖσθαι
2512 1870 2851 1942 δυναμένων,
2902 1871 2997 1924 καὶ
3042 1871 3122 1934 εἷς
3164 1869 3263 1940 τὴν
3297 1867 3445 1936 ὑπὲρ
3491 1865 3687 1932 νόησιν

417 1970 583 2023 modo
631 1970 863 2039 intelligi
920 1978 1152 2039 possunt
1196 1982 1307 2022 non
1352 1965 1673 2027 excesserit,
1732 1973 1896 2034 atque
1942 1964 1999 2017 in

413 2060 659 2124 silentio,
706 2060 856 2129 quod
899 2075 1122 2114 omnem
1173 2059 1379 2115 mentis
1424 2058 1723 2128 cogitatum
1773 2064 2001 2127 superat

414 2151 744 2215 constiterit,
790 2151 909 2206 ﬁeri
959 2167 1069 2206 non
1105 2156 1288 2221 potest
1321 2158 1383 2204 ut
1412 2149 1482 2204 ab
1506 2148 1659 2204 omni
1689 2148 1999 2202 mutatione

416 2241 676 2297 immunis
706 2242 796 2296 sit.

492 2334 580 2389 82.
625 2334 825 2389 Mentis
872 2331 1055 2387 omnis
1087 2332 1349 2403 cogitatio
1386 2347 1485 2388 seu
1522 2328 1846 2395 intellectio,
1879 2329 2004 2398 plu-

416 2428 560 2481 rium
586 2426 857 2496 prol‘ccto,
893 2432 992 2479 aut
1020 2425 1260 2480 duorum
1284 2424 1576 2479 minimum
1603 2423 1714 2477 vim
1750 2421 1921 2477 habet
1941 2426 2002 2476 et

416 2516 847 2585 expressionem.
891 2515 990 2569 Est
1019 2514 1167 2568 enim
1196 2513 1376 2568 media
1422 2512 1566 2567 inter
1587 2521 1832 2567 extrema
1855 2526 2007 2580 quae-

422 2606 549 2661 dam
582 2605 849 2665 habitudo
882 2621 979 2660 seu
1020 2605 1235 2669 relatio,
1269 2605 1412 2659 inter
1437 2620 1494 2660 se
1529 2612 1721 2658 mutuo
1751 2610 2000 2667 nectens,

418 2707 535 2765 tum
577 2698 722 2766 quod
766 2696 1029 2765 intelligit
1067 2706 1365 2764 menteque
1398 2696 1652 2765 percipit,
1704 2702 1818 2749 tum
1857 2693 2004 2763 quod

419 2804 485 2844 ea
508 2790 836 2860 percipitur.
856 2788 1051 2844 Neutri
1075 2797 1259 2844 autem
1286 2798 1347 2843 ut
1368 2787 1776 2856 simplicitatem
1798 2792 2002 2849 servet,

414 2892 501 2937 est
531 2891 935 2953 comparatum.
974 2880 1114 2935 Tum
1151 2882 1300 2935 enim
1344 2879 1491 2949 quod
1525 2878 1803 2948 intelligit,
1828 2876 2007 2946 quod-

416 2975 542 3031 dam
566 2976 794 3030 omnino
830 2974 1139 3043 subjectum
1174 2980 1282 3036 est,
1313 2987 1436 3040 qua:
1473 2970 1547 3024 illi
1584 2985 1769 3024 comes
1799 2967 2003 3023 intelli-

2102 1963 2260 2034 σιγὴν
2302 1964 2600 2031 καταστὰς,
2647 1964 2709 2018 οὺ
2743 1964 2965 2019 δύναται
2987 1966 3193 2036 τροπῆς
3250 1959 3392 2017 sive:
3448 1959 3695 2030 πάμπαν

2099 2056 2284 2111 ὲλεύθε
2295 2074 2404 2128 ρος.

2173 2322 2283 2393 πβ’.
2310 2322 2469 2376 Πᾶσα
2493 2320 2699 2392 νόησις,
2730 2319 3001 2391 πλήθους·
3024 2318 3059 2389 ἢ
3085 2316 3468 2387 τούλάχιστον,
3498 2315 3695 2380 δυώὼς

2102 2412 2324 2475 πάντως
2358 2410 2600 2480 ἔμφασιν
2637 2409 2772 2480 ἔχει.
2817 2409 2977 2479 Μέση
3006 2408 3116 2478 γάρ
3158 2409 3278 2462 ἔστι
3310 2407 3480 2463 τινῶν

2101 2507 2282 2577 τήτων
2327 2503 2543 2574 σχέσις,
2575 2500 2826 2570 ἀλλήλοις
2888 2499 3257 2564 συνάπτουσα,
3304 2502 3370 2555 τό
3414 2518 3479 2554 τε
3537 2502 3694 2555 νοοῦν

2103 2601 2201 2655 καὶ
2224 2598 2284 2652 τὸ
2311 2597 2604 2667 νοούμενον
2638 2595 2730 2666 (r).
2775 2593 3075 2664 Οὐδέτερον
3098 2593 3153 2647 δὲ
3181 2593 3359 2647 διόλου
3379 2595 3483 2664 τὴν
3528 2596 3694 2649 ἁπλό-

2102 2707 2244 2761 τητα
2296 2689 2511 2756 πέφυκε
2561 2686 2777 2750 σώζειν.
2834 2686 2909 2738 Τό
2942 2703 3002 2738 τε
3044 2684 3156 2755 γὰρ
3183 2684 3360 2750 νοοῦν,
3395 2687 3696 2756 ὑποκείμε-

2103 2782 2192 2835 νόν
2214 2779 2268 2833 τί
2301 2782 2441 2842 ἐστι,
2470 2779 2689 2840 πάντως
2739 2776 3241 2847 συνεπινοουμένην
3264 2776 3420 2846 αὑτῷ
3458 2777 3564 2847 τὴν
3596 2778 3693 2830 τοῦ

2105 2871 2246 2927 νοεῖν
2278 2866 2399 2937 ἔχον
2443 2866 2694 2935 δύναμιν.
2733 2865 2842 2917 Καὶ
2882 2864 2943 2916 τὸ
2992 2863 3284 2934 νοούμενον
3326 2865 3697 2931 ὑποκείμενόν

2103 2976 2160 3012 τι
2188 2958 2408 3019 πάντως
2430 2956 2599 3017 ἐστὶν,
2649 2954 2684 3024 ἢ
2740 2955 2798 3006 ἐν
2838 2953 3215 3024 ὑποκειμένιῳ
3260 2955 3695 3025 συνεπινοουμέο

417 3075 596 3135 gatur,
629 3063 973 3135 intelligendi
1003 3064 1113 3117 vim
1147 3062 1398 3126 habens;
1428 3071 1545 3115 tum
1576 3068 1633 3115 ct
1660 3059 1810 3130 quod
1840 3059 2004 3131 intel-

2109 3066 2208 3123 νην
2242 3047 2388 3118 αὐτῷ
2418 3047 2518 3117 τὴν
2530 3045 2635 3099 τοῦ
2659 3044 2899 3099 νοεῖσθαι
2928 3044 3159 3115 δύναμιν
3192 3044 3344 3114 ἔχον·
3373 3045 3409 3117 ἦ
3441 3049 3693 3115 προϋπο-

415 3156 624 3227 ligitur,
654 3156 876 3224 aliquod
907 3169 1134 3223 prorsus
1169 3153 1485 3223 subjectum
1525 3152 1612 3205 vel
1653 3151 1710 3205 in
1750 3149 2002 3220 subjecto

415 3256 523 3311 est,
570 3252 692 3315 qua:
741 3260 847 3298 una
894 3259 1021 3297 cum
1070 3244 1190 3312 ipso
1235 3242 1600 3312 intelligatur,
1640 3241 1752 3294 vim
1785 3240 2004 3309 passive

419 3335 784 3406 intelligendi,
817 3334 998 3404 ipsum
1036 3348 1259 3403 quoque
1287 3332 1540 3396 habens;
1579 3345 1675 3385 seu
1707 3331 1867 3400 cujus
1911 3329 2004 3384 illa

418 3428 598 3483 virtus
640 3435 725 3483 est
772 3442 837 3482 ac
882 3425 1134 3489 facultas,
1178 3425 1566 3495 prtejacentem
1614 3420 2000 3476 substantiam.

421 3519 570 3574 Nihil
597 3519 746 3574 enim
778 3533 1005 3587 prorsus
1043 3518 1100 3570 in
1144 3516 1312 3571 rebus
1344 3516 1523 3584 ipsum
1554 3530 1653 3583 per
1681 3528 1739 3567 se
1759 3512 2005 3580 “simplex
2034 3554 2039 3559 .

419 3608 729 3667 substantia
758 3614 853 3660 aut
881 3606 1186 3660 intellectio
1222 3614 1329 3668 est,
1360 3614 1422 3658 ut
1452 3613 1505 3658 et
1548 3604 1729 3657 unitas
1769 3602 2005 3660 indivisa

422 3700 512 3754 sit.
559 3698 702 3751 Deus
732 3704 940 3762 autem,
975 3696 1092 3751 sive
1125 3695 1493 3750 substantiam
1535 3692 1858 3756 dixerimus,
1891 3708 2006 3749 non

420 3786 691 3858 ejusmodi
744 3796 850 3855 est,
894 3797 957 3845 ut
1001 3787 1085 3843 vis
1139 3787 1354 3859 passive
1405 3785 1747 3858 intelligendi
1797 3800 1906 3840 una
1954 3785 2007 3840 ei

491 3940 537 3975 "
557 3944 717 4000 Joan.
749 3961 803 4012 v,
829 3945 881 4002 8.

495 4104 571 4173 (Ρ)
602 4104 750 4157 Ὑπὸ
773 4103 879 4158 τοῦ
899 4104 1255 4171 κρείττονος.
1275 4104 1348 4157 Τὸ
1367 4106 1613 4172 κρεῖττον
1631 4104 1724 4159 hic
1739 4104 1992 4170 Maximo,

422 4175 641 4245 animus
682 4182 768 4228 est
813 4183 977 4245 atque
1022 4191 1204 4240 mens;
1250 4175 1311 4228 τὸ
1354 4178 1553 4245 χεῖρον,
1596 4191 1795 4245 corpus
1827 4192 1840 4228 :
1871 4190 1998 4243 pars

423 4243 632 4299 scilicet
661 4246 839 4313 potior
864 4253 920 4298 et
948 4244 1213 4307 deterior,
1256 4243 1488 4313 quarum
1530 4243 1709 4300 altera
1745 4245 1994 4307 alteram,

425 4314 509 4367 vel
552 4314 604 4367 in
641 4313 861 4377 C(Billm,
901 4330 1023 4383 quae
1070 4314 1310 4368 hominis
1339 4314 1536 4368 domus
1571 4324 1676 4377 est,
1711 4315 1882 4377 tollat,
1913 4316 1999 4368 vel

2101 3141 2361 3211 κειμένην
2392 3137 2521 3208 τὴν,
2550 3131 2612 3192 οὗ
2658 3140 2775 3191 ἐστι
2823 3137 3077 3207 δύναμις,
3120 3137 3334 3190 οὐσίαν.
3376 3138 3457 3190 Οὐ
3486 3138 3601 3209 γάρ
3639 3155 3697 3191 τι

2103 3232 2210 3286 τῶν
2242 3232 2415 3285 ὄντων
2442 3230 2504 3283 τὸ
2529 3229 2749 3282 σύνολον
2794 3228 2927 3282 αὐτὸ
2954 3228 3077 3281 καθ’
3107 3227 3241 3281 αὐτὸ
3270 3227 3420 3299 ἁπλῆ
3470 3245 3563 3291 τις
3600 3229 3695 3280 οὐ-

2107 3324 2199 3378 σία
2222 3323 2258 3394 ἢ
2284 3322 2469 3393 νόησίς
2496 3324 2666 3387 ἐστιν,
2694 3321 2782 3374 ἴνα
2812 3320 2905 3375 καὶ
2939 3320 3111 3390 μονὰς
3137 3318 3469 3389 ἀδιαίρετος.
3498 3319 3606 3373 Τὸν
3629 3319 3687 3372 δὲ

2105 3416 2261 3483 Θεὸν,
2282 3417 2395 3468 εἴτε
2442 3414 2634 3467 οὐσίαν
2672 3413 2951 3482 εἴπωμεν,
2991 3411 3094 3466 οὐκ
3121 3410 3237 3481 ἔχει
3280 3409 3531 3479 φυσικῶς
3571 3428 3694 3463 σνν-

2113 3507 2507 3578 επινοουμένην
2534 3505 2803 3576 αὐτῷτὴν
2824 3504 2918 3559 τοῦ
2950 3504 3188 3559 νοεῖσθαι
3213 3501 3468 3573 δύναμιν,
3490 3503 3582 3557 ἵνα
3615 3503 3690 3574 μὴ

2115 3602 2400 3665 σύνθετος·
2450 3600 2560 3653 εἴτε
2591 3600 2797 3671 νόησιν,
2837 3599 2940 3652 οὐκ
2977 3598 3091 3669 ἔχει
3148 3595 3400 3667 φυσικῶς
3436 3596 3690 3665 δεκτικὴν

2111 3693 2209 3764 τῆς
2239 3694 2476 3764 νοήσεως
2523 3692 2892 3762 ὑποκειμένην
2950 3690 3172 3747 οὐσίαν
3210 3689 3327 3744 ἀλλ’
3357 3688 3521 3753 αὐτὸς
3572 3691 3691 3742 κατ’

2113 3783 2302 3837 οὐσίαν
2341 3783 2528 3853 νόησίς
2578 3784 2727 3838 ἐστιν
2764 3781 2793 3834 ὁ
2830 3783 2993 3847 Θεός·
3046 3783 3143 3837 καὶ
3186 3781 3310 3846 ὅλος
3351 3782 3561 3853 νόησις,
3598 3781 3690 3835 καὶ

2097 4106 2547 4187 anibages_§unt_;
2580 4106 2767 4187 nullus
2793 4121 3008 4187 sensus_.
3044 4105 3295 4174 Hincque
3319 4102 3566 4187 forsitan
3609 4112 3689 4187 est

2098 4176 2245 4245 quod
2272 4174 2329 4229 in
2361 4176 2527 4230 Marci
2549 4177 2825 4245 capitibus
2848 4192 2957 4230 non
2984 4176 3127 4230 bene
3150 4174 3486 4244 quandoque
3509 4175 3687 4245 sapit,

2083 4244 2194 4299 'aut
2219 4255 2369 4300 certe
2399 4261 2527 4313 pars
2557 4244 2751 4315 magna
2784 4246 2912 4301 inde
2943 4246 3047 4310 sit;
3084 4245 3401 4315 faceretque
3425 4260 3460 4299 e
3506 4260 3568 4299 re
3602 4244 3691 4297 lit-

2102 4316 2301 4370 teraria
2333 4323 2388 4369 et
2419 4331 2594 4379 sacra,
2627 4314 2721 4386 qui
2750 4316 2897 4370 bono
2922 4314 3317 4386 fultuscodice
3357 4314 3482 4386 ejus
3512 4315 3691 4386 omnia

428 4384 481 4467 iu
518 4384 837 4467 voluptariae
862 4386 989 4438 vitae
1016 4398 1080 4437 ac
1110 4383 1357 4438 libidinis
1394 4384 1714 4439 barathrum
1744 4384 1998 4455 prmcipi-
2036 4414 2077 4467 ο
2106 4386 2366 4467 castigate
2416 4383 3240 4467 repraasehtaret._.Abseederet
3292 4384 3508 4467 scilicet
3535 4384 3686 4467 .l'umi

429 4461 536 4508 tem
568 4464 713 4508 acet.

499 4470 730 4593 {xiiii};
754 4521 1302 4593 ἐκϐεϐήκαμενειεει
1329 4521 1604 4593 νηᾼπτικῶν
1634 4523 1802 4579 Marci
1846 4523 2001 4592 capi~

431 4591 543 4662 tum
572 4593 623 4653 7,
647 4592 790 4661 apud
820 4606 995 4662 quem
1017 4591 1312 4662 maleil’ico
1334 4591 1565 4654 editum,
1592 4591 2000 4662 ὲμόεΰήκαμεν.

429 4659 535 4714 Sed
576 4659 711 4732 illud
730 4659 918 4732 pejus,
946 4661 1104 4732 quod
1126 4660 1202 4713 illi
1238 4659 2003 4732 verbojungit'quod‘sequi-

430 4678 535 4714 aeu
576 4678 708 4714 iuuu
743 4678 918 4730 pejus,
946 4678 1092 4730 quoa
1126 4678 1202 4713 llll
1238 4678 1607 4731 vernmungit
1677 4678 1781 4715 uou
1817 4679 2003 4732 sequi-

430 4738 539 4793 tur,
569 4730 666 4801 τὴν
692 4731 834 4801 ἕξιν,
863 4747 986 4784 cum
1016 4740 1072 4785 et
1093 4730 1210 4799 ipse
1242 4731 1618 4800 ἐκϐεὸήκαμεν
1636 4678 1862 4800 Ἱεεειοίι,
1885 4748 2007 4800 qua:

428 4800 817 4871 vorgigneudi
853 4817 980 4855 casu
1011 4801 1230 4867 gaudet,
1280 4816 1395 4871 non
1431 4802 1723 4855 accusandi
1756 4820 1769 4855 :
1797 4818 1863 4856 ex
1895 4818 2004 4869 qua

431 4869 731 4924 littera’sic
790 4874 1113 4939 composita,
1164 4869 1309 4939 quod
1355 4869 1426 4923 sit
1477 4873 1824 4925 commodum
1867 4872 2006 4925 nihil

430 4939 627 4993 reddit.
664 4939 772 5009 Τὴν
800 4941 917 4991 κατ’
944 4940 1142 5009 ἀρετὴν
1174 4939 1455 5010 ἀτρεψεαν,
1485 4940 1631 5010 quod
1666 4941 1867 5003 reddit,
1899 4943 2004 4994 im-

432 5012 739 5079 munitatem
762 5011 1047 5064 aversionis
1071 5022 1102 5062 α
1123 5011 1331 5073 virtute,
1357 5010 1633 5064 liberioris
1660 5011 2008 5079 paraphrasis

429 5087 531 5131 est.
564 5076 895 5133 Scholiastes
933 5080 1122 5149 paucis
1147 5081 1485 5149 perstrinxit,
1531 5076 1703 5141 ἄλλως
1750 5076 2006 5133 ἄέεεπτοι

434 5149 614 5216 μένειν
638 5152 691 5201 ἐν
715 5149 789 5219 τῷ
820 5150 966 5218 καλῷ
996 5152 1056 5203 οὐ
1083 5151 1386 5219 δυνάμεθα·
1420 5149 1769 5204 inmutabiles
1795 5151 1851 5202 in
1876 5152 2006 5203 bono

430 5218 730 5288 honestique
770 5219 942 5273 studio
983 5236 1092 5274 esse
1134 5218 1236 5272 non
1278 5236 1571 5287 possumus,
1606 5220 1711 5274 uisi
1754 5235 1917 5274 carne
1952 5229 2008 5273 et

432 5288 656 5370 umndq,
690 5304 786 5357 per
818 5288 1140 5344 cbaritatem
1173 5290 1228 5342 in
1262 5291 1432 5344 Deum
1462 5290 1885 5357 proximumque
1913 5305 2008 5344 ex-

431 5374 782 5413 cesserimus.

504 5427 576 5498 (r)
612 5430 683 5482 Td
716 5444 780 5481 τε
826 5427 1012 5498 νοοῦν
1043 5428 1138 5483 καὶ
1161 5434 1227 5482 τὸ
1249 5430 1596 5497 νοούμενον,
1633 5429 1702 5483 Ει
1721 5429 1825 5484 hoc
1844 5436 2009 5498 caput

430 5496 596 5567 Marci
627 5497 903 5566 νηπτικῶν
945 5498 999 5562 8,
1042 5498 1098 5552 in
1148 5514 1259 5567 quo
1306 5496 1444 5552 nihil
1478 5499 1692 5553 felicius
1722 5496 2010 5553 desudavit

434 5563 617 5638 Picus,
652 5563 771 5638 ipso
798 5568 997 5638 multis
1014 5563 1212 5623 vitioso
1244 5568 1364 5638 ejus
1390 5568 1539 5638 c_od.,
1564 5579 1626 5623 ut
1650 5568 1796 5638 quod
1828 5570 2006 5638 ipsum

434 5630 537 5687 huc
567 5630 938 5708 hic—relatum,
970 5637 1171 5708 habet,
1198 5630 1336 5708 sese
1379 5635 1500 5692 οὖν’
1528 5630 1810 5708 sequente
1841 5630 2008 5694 etiam

435 5718 561 5756 mox
586 5703 759 5768 hiatu,
795 5721 860 5759 ex
890 5705 1091 5776 quibus
1122 5707 1389 5776 quidquid
1432 5703 1725 5775 redditum,
1761 5708 2009 5764 obscura:

2107 4454 2423 4525 plurimum,
2442 4454 2832 4525 elucerentque
2862 4455 3147 4525 theologia:
3166 4462 3223 4509 et
3247 4454 3497 4525 probata:
3526 4454 3689 4525 ασκὴέ

2109 4523 2244 4587 ceto;
2280 4525 2510 4578 lumina.
2538 4525 2649 4579 Nec
2677 4523 3024 4579 S.’Maximus
3059 4523 3182 4595 ejus
3216 4523 3689 4595 tanta_a~.‘noits§=.‘:

2106 4603 2387 4648 mutuatus
2412 4603 2579 4659 esset,
2622 4595 2728 4648 nisi
2770 4596 2948 4649 virum
2996 4593 3276 4665 magnum,
3320 4593 3690 4665 solertemque

2108 4665 2421 4733 theologum
2469 4680 2533 4718 ac
2586 4666 2873 4733 probatum
2925 4663 3163 4720 ascetam
3214 4663 3552 4733 agnovisset.
3598 4663 3694 4716 ilic

2109 4734 2276 4803 igitur
2303 4732 2487 4804 divina
2517 4732 2862 4804 simplicitas,
2895 4734 2989 4803 qui
3024 4735 3095 4788 sit
3124 4732 3284 4788 actus
3312 4732 3466 4786 omni
3498 4746 3693 4804 vacans

2108 4802 2528 4874 compositione,
2556 4802 2764 4874 suaque
2803 4802 3208 4873 ipsi’operatio,
3244 4803 3690 4874 rite_exp_licata,

2108 4873 2176 4926 ad
2223 4871 2387 4943 quam
2428 4871 3061 4943 quoquomodo’animus
3091 4873 3324 4937 accedit,
3373 4871 3430 4926 in
3474 4871 3692 4926 Silentia

2109 4944 2203 4997 illo
2242 4942 2472 5015 versans
2507 4942 2656 5015 quod
2702 4942 3042 5015 intelligendi
3086 4944 3198 4997 vim
3234 4958 3456 5015 omnem
3485 4949 3694 5015 actum-

2108 5029 2215 5081 que
2258 5014 2496 5077 excedit,
2526 5012 2588 5068 ιιι
2621 5012 2901 5083 superiori
2928 5028 3049 5081 cap.
3088 5022 3325 5082 uterque
3374 5012 3690 5083 theologus;

2110 5083 2337 5155 ipsoque
2370 5083 2494 5145 hoc,
2531 5083 2625 5155 τὴν
2655 5081 2748 5136 τοῦ
2795 5086 2935 5137 νοεῖν
2976 5081 3320 5153 ὑπεροχικῶς
3359 5081 3694 5155 αποθέμενος

2108 5150 2354 5223 δύναμιν,
2403 5150 2823 5223 αυπῑεωωεω
2867 5150 3495 5223 εεηιοιαᾴιιέεεειιηάιιπι
3525 5150 3691 5204 excel—

2112 5220 2289 5294 lentia;
2319 5222 2936 5294 rationemintelligendi
2979 5224 3029 5276 vi
3062 5220 3126 5276 dc
3154 5221 3416 5294 facultate
3447 5238 3475 5294 ;Δ
3500 5234 3693 5294 nempe

2108 5292 2405 5373 quominus
2422 5292 2775 5374 intelligitac
2788 5292 3096 5374 Suspensus
3114 5292 3353 5374 caligine
3370 5300 3430 5374 et
3456 5292 3694 5374 aperti;

2108 5360 2325 5432 animus
2353 5370 2439 5415 est
2482 5360 2794 5432 (ardoribus
2826 5360 3055 5432 scilicet
3081 5360 3393 5431 chari’tatis)
3439 5361 3518 5415 sic
3544 5360 3692 5432 altis-

2110 5431 2247 5487 sime
2265 5432 2630 5514 intelligens;
2658 5434 2751 5487 ubi
2769 5434 2968 5514 l’ieus,
2990 5431 3394 5514 Aliquantisper
3416 5433 3472 5485 in

2110 5518 2229 5556 eum
2259 5501 2588 5573 intelligendi
2620 5505 3054 5573 prastantissime
3091 5501 3365 5573 deposuit;
3409 5516 3518 5573 non
3547 5501 3695 5573 satis

2110 5581 2238 5644 apte
2257 5572 2386 5644 haec
2413 5570 2795 5644 superioribus
2819 5573 3075 5644 jungens,
3111 5570 3302 5644 γέγονε
3331 5570 3513 5644 ποσῶς
3542 5571 3601 5619 ὲν
3626 5570 3690 5636 τῇ

2113 5639 2326 5714 μονάδι,
2367 5639 2719 5714 ιιεᾼιιιτίειιιιε
2764 5639 2835 5698 Μ’
2865 5639 3293 5714 τεὶωειιε’(ιιιο‹1
3340 5639 3691 5713 mysticorum

2110 5728 2272 5767 nemo
2315 5712 2664 5769 intellexerit.
