3930 6324
361 333 489 398 ΗΠ

1182 335 1516 397 CAPITUM
1552 335 1837 397 THEOL.
1877 338 1971 397 ET
2005 337 2241 400 (ECON.
2279 321 2667 404 CENTURIA
2705 346 2752 409 I.

3474 346 3610 409 1118

356 457 546 520 μόνον’
587 445 678 499 καὶ
725 444 887 510 αὐτὸς
932 445 1075 500 κατὰ
1101 445 1200 517 τὴν
1232 447 1417 517 νόησιν
1460 447 1638 514 οὐσία,
1679 449 1774 502 καὶ
1810 448 1932 510 ὅλος

2034 465 2218 505 comes
2251 451 2614 523 intelligatur,
2650 471 2720 510 ne
2762 457 3100 528 compositus
3146 462 3255 527 sit;
3299 460 3416 516 sive
3459 461 3624 514 inmi-

350 538 509 592 οὐσία
569 541 663 591 καὶ
710 538 906 608 μόνον’
947 540 1040 592 καὶ
1063 539 1203 611 ὑπὲρ
1257 541 1446 593 οὐσίαν
1501 541 1641 605 ὅλος,
1676 543 1768 594 καὶ
1793 541 1931 611 ὑπὲρ

348 630 537 701 νόησιν
561 631 702 696 ὅλος,
733 633 867 686 διότι
897 633 990 686 καὶ
1020 633 1188 704 μονὰς
1224 633 1532 704 ἀδιαίρετος
1583 635 1678 687 καὶ
1719 635 1934 705 ἀμερὴς

351 725 446 776 καὶ.
475 724 643 794 ἁπλῆ.
682 725 740 778 '0
789 726 967 779 τοίνυν
1001 726 1126 780 καθ’
1156 727 1338 780 ὁτιοῦν
1365 725 1552 795 νόησιν
1584 726 1746 795 ἔχων,
1780 725 1933 780 οὔπω

349 815 452 883 τῆς
484 816 678 880 δυάδος
709 817 931 889 ἐξῆλθεν
959 835 972 849 ⁸
1000 819 1028 871 ὁ
1053 818 1111 872 δὲ
1135 819 1338 888 ταύτην
1363 817 1594 888 πάμπαν
1627 819 1927 884 ἀπολιπὼν,

351 907 542 976 γέγονε
603 910 783 974 ποσῶς
818 911 875 964 ὲν
917 913 982 981 τῇ
1034 911 1244 980 μονάδι,
1296 910 1390 982 τὴν
1438 910 1534 965 τοῦ
1571 913 1713 965 νοεῖν
1754 912 1927 982 ὑπερ-

349 1003 550 1070 οχικῶς
583 1002 922 1074 ἀποθέμενος
949 1003 1201 1073 δύναμιν.

2037 553 2354 619 lectionem,
2394 572 2504 610 non
2551 557 2718 612 habet
2768 569 2965 615 natura
3009 562 3312 634 subjeelam
3357 563 3619 617 substan-

2043 645 2194 709 tiam,
2224 663 2345 714 qua:
2371 647 2444 700 sit
2471 663 2641 719 capax
2664 651 3060 707 intellectionis
3091 669 3325 723 eamque
3358 654 3617 723 recipiat:
3662 711 3664 714 ,

2031 733 2124 787 sed
2151 735 2296 790 Deus
2324 735 2440 806 ipse
2482 753 2582 806 per
2618 741 2914 794 essentiam
2954 741 3259 796 intellectio
3295 752 3408 807 est;
3439 751 3616 796 totus-

2029 829 2157 894 que.
2176 841 2241 879 ac
2271 827 2450 882 solum
2475 828 2813 898 intellectio;
2840 833 3068 902 ipseque
3087 850 3194 903 qua
3216 834 3431 888 ratione
3454 833 3620 904 480

2029 912 2331 968 intellectio
2368 923 2473 976 est,
2510 917 2818 972 substantia
2857 935 2952 973 seu
2999 930 3223 985 natura;
3255 930 3535 989 totusque,
3562 929 3619 974 et

2025 1005 2202 1059 solum
2246 1007 2585 1073 substantia;
2625 1017 2882 1080 totusque
2938 1012 3302 1066 substantiam
3343 1013 3618 1066 excedens

348 1107 445 1147 seu
469 1094 764 1148 essentiam
799 1103 856 1148 et
886 1101 1160 1158 naturam,
1233 1109 1296 1149 ac
1336 1103 1484 1150 totus
1545 1095 1818 1150 excedens
1879 1094 2179 1164 cogitatum
2221 1092 2285 1148 aé
2327 1095 2784 1161 intellectionem,
2817 1101 3022 1169 quippe
3065 1117 3187 1170 quae
3248 1103 3433 1156 unitas
3474 1101 3618 1156 indi-

348 1187 464 1241 visa
491 1186 778 1256 nullasque
809 1185 1104 1241 admittens
1129 1197 1314 1256 partes
1343 1203 1408 1241 ac
1457 1186 1689 1255 simplex
1737 1183 1972 1239 exsistit.
2013 1183 2272 1252 Quisquis
2309 1185 2476 1256 igitur
2510 1188 2620 1241 ulla
2656 1189 2869 1242 ratione
2912 1190 3343 1244 inlellectionem
3385 1206 3480 1244 seu
3523 1208 3618 1246 co-

347 1278 576 1347 gitatum
603 1277 790 1342 habet,
823 1277 1068 1332 nondum
1103 1278 1320 1332 binario
1351 1278 1586 1333 excessit
1647 1292 1740 1330 seu
1783 1276 2048 1330 dualitate
2091 1293 2104 1328 :

2185 1276 2278 1345 qui
2334 1287 2517 1331 autem
2575 1279 2725 1333 hunc
2787 1296 3015 1350 prorsus
3092 1281 3388 1345 abdicavit,
3436 1290 3494 1335 ut
3558 1281 3616 1336 in

347 1371 559 1423 unitate
587 1376 839 1423 versetur
867 1368 1131 1438 tantisper
1159 1378 1354 1424 nactus
1369 1379 1474 1431 est,
1503 1369 1597 1438 qui
1622 1368 1924 1422 secundum
1963 1367 2302 1422 excellentiae
2326 1370 2596 1424 rationem
2634 1365 2978 1442 intelligendi
3012 1375 3120 1428 vim
3149 1377 3472 1430 excusserit.

419 1464 530 1525 πγ’.
578 1457 665 1508 Ἐν
702 1457 799 1526 μὲν
841 1458 954 1518 τοῖς
995 1456 1231 1521 πολλοῖς,
1265 1458 1522 1528 ἑτερότης
1554 1457 1650 1510 καὶ
1679 1456 1928 1525 ἀνομοιό-

347 1568 445 1620 της
470 1552 587 1603 ἐστὶ
612 1549 707 1603 καὶ
722 1550 980 1620 διαφορά·
1010 1552 1068 1602 ὲν
1099 1550 1155 1602 δὲ
1190 1549 1266 1620 τῷ
1291 1549 1430 1620 Θεῷ,
1466 1551 1670 1620 κυρίως
1716 1551 1796 1601 ἑνὶ
1823 1549 1918 1601 καὶ

2095 1457 2183 1510 85.
2243 1458 2298 1511 In
2351 1461 2571 1525 multis,
2629 1461 2925 1517 diversitas
2977 1474 3061 1518 est
3109 1472 3165 1519 et
3220 1465 3617 1526 dissimilitudo

2023 1553 2188 1615 atque
2228 1545 2561 1614 discrimen;
2598 1548 2652 1602 in
2691 1549 2803 1603 Deo
2840 1560 3022 1604 autem
3045 1552 3137 1620 qui
3174 1568 3303 1606 vere
3341 1568 3484 1607 imus
3523 1569 3614 1608 so-

352 1645 499 1714 μόνῳ
543 1645 888 1713 τυγχάνοντι,
942 1642 1210 1711 ταυτότης
1241 1644 1336 1694 καὶ
1380 1643 1618 1712 ἁπλότης
1667 1641 1826 1712 μόνον
1859 1641 1926 1710 (ε)

2028 1637 2216 1705 Iusque
2247 1638 2495 1703 exsistat,
2531 1637 2794 1694 identilas
2823 1650 2878 1694 et
2906 1642 3233 1710 simplicitas
3268 1645 3617 1700 solummodo

347 1735 485 1801 ἐστὶ,
520 1735 609 1788 καὶ
640 1734 913 1804 ὁμοιότης.
952 1735 1065 1787 Οὐκ
1097 1725 1338 1802 ἀσφαλὲς
1367 1730 1458 1787 οὖν
1493 1735 1618 1803 πρὶν
1640 1734 1743 1798 ἔξω
1774 1733 1928 1802 γενέ-

2023 1743 2088 1781 ac
2113 1728 2441 1784 similitudo.
2474 1730 2628 1785 Haud
2658 1732 2824 1801 igitur
2859 1740 3037 1786 tutum
3069 1742 3166 1788 aut
3205 1738 3340 1790 satis
3367 1746 3610 1802 cautum,

349 1823 471 1877 σθαι
501 1823 609 1875 τῶν
640 1821 870 1888 πολλῶν,
919 1822 1232 1876 ὲπιὸάλλειν
1272 1825 1394 1886 ταῖς
1424 1824 1554 1892 περὶ
1603 1823 1739 1875 Θεοῦ
1785 1823 1924 1876 Θεω-

2029 1828 2091 1874 ut
2128 1825 2715 1892 contemplationibus,
2761 1843 2884 1896 quae
2925 1827 2992 1881 de
3037 1829 3150 1882 Deo
3195 1838 3342 1893 sunt,
3388 1829 3616 1901 adjicias

350 1916 526 1986 ρέαις·
575 1915 668 1968 καὶ
696 1914 847 1984 δηλοῖ
898 1915 1058 1967 τοῦτο
1112 1916 1378 1987 Μωῦσῆς,
1417 1915 1520 1979 ἔξω
1575 1917 1674 1984 τῆς
1708 1931 1926 1984 παρεμ-

347 2006 511 2076 ϐολῆς
545 2005 722 2076 πηγνύ
734 2023 894 2074 μενος
923 2007 1022 2075 τὴν
1052 2007 1258 2076 σκηνὴν
1280 2007 1376 2075 τῆς
1397 2007 1659 2072 διανοίας,
1686 2005 1780 2060 καὶ
1803 2005 1923 2059 τότε

352 2095 696 2164 προσομιλῶν
732 2092 809 2163 τῷ
853 2093 992 2164 Θεῷ.
1031 2094 1104 2146 Τὸ
1131 2095 1239 2165 γὰρ
1283 2096 1420 2164 μετὰ
1451 2095 1610 2164 λόγου
1656 2095 1750 2148 τοῦ
1782 2095 1925 2148 κατὰ

345 2186 628 2256 προῳορὰν
667 2185 964 2256 πειρᾶσθαι
1004 2187 1171 2255 φάναι
1203 2187 1292 2239 τὸν
1320 2187 1580 2258 ἄρρητον,
1643 2189 1924 2241 ἐπικίνδυ-

345 2296 468 2332 νον’
517 2281 599 2332 ὅτι
637 2277 788 2343 δυὰς,
833 2279 932 2335 καὶ
976 2279 1140 2332 πλέον
1190 2280 1336 2332 ἐστὶν
1385 2280 1412 2332 ό
1445 2281 1590 2333 κατὰ
1637 2282 1923 2350 προφορὰν

282 2391 297 2405 ο
343 2370 521 2439 λόγος.
563 2371 638 2424 Τὸ
665 2370 722 2423 δὲ
750 2370 877 2423 ἄνευ
929 2371 1113 2439 φωνῆς
1150 2370 1287 2445 μόνῃ
1318 2374 1383 2441 τῇ
1415 2371 1559 2443 ψυχῇ
1596 2373 1655 2424 τὸ
1679 2371 1738 2424 ὂν
1785 2373 1923 2426 Gem»

346 2463 478 2533 ρεῖν,
515 2462 889 2532 ἰσχυρότατον’
925 2462 1006 2515 ὅτι
1038 2462 1178 2515 κατὰ
1233 2462 1332 2533 τὴν
1368 2463 1674 2534 ἀδιαίρετον
1705 2463 1922 2516 ἵσταται

348 2555 554 2626 μονάδα
575 2596 588 2620 ,
615 2557 708 2608 καὶ
737 2555 836 2608 οὐκ
866 2556 923 2608 ἐν
952 2557 1062 2619 τοῖς
1102 2555 1339 2618 πολλοῖς.
1375 2556 1435 2608 Ὁ
1467 2555 1575 2626 γὰρ
1607 2557 1918 2627 ἀρχιερεὺς,

352 2646 499 2713 ἅπαξ
523 2646 614 2700 τοῦ
642 2644 890 2699 ἐνιαυτοῦ
924 2649 1002 2709 εἰς
1039 2647 1097 2699 τὰ
1123 2647 1291 2715 Ἀγια
1323 2647 1432 2699 τῶν
1464 2646 1635 2715 ἁγίων
1667 2647 1798 2700 εἴσω
1825 2645 1920 2699 τοῦ

345 2739 843 2808 καταπετάσματος
914 2737 1143 2790 εἰσιέναι
1196 2738 1350 2807 μόλις
1415 2738 1918 2808 Δπροστεταγμένος,

343 2832 584 2884 διδάσκει
638 2830 795 2900 μόνον
843 2830 954 2882 δεῖν
1005 2831 1234 2892 ἐκεῖνον,
1266 2829 1356 2881 τὸν
1385 2829 1485 2897 τὴν
1528 2829 1697 2900 αὐλὴν
1733 2832 1825 2882 καὶ
1853 2829 1923 2882 τά

344 2921 472 2991 ἅγια
496 2921 780 2982 διαϐάντα,
813 2921 908 2974 καὶ¹
937 2923 1019 2983 εἰς
1053 2919 1120 2973 τὰ
1147 2921 1314 2988 ’Ἅγια
1337 2921 1446 2972 τῶν
1471 2921 1642 2985 ἁγίων
1672 2922 1801 2974 εἴσω
1827 2939 1920 2988 γε-

342 3015 594 3082 νόμενον·
623 3012 892 3075 τουτέστι,
922 3011 1019 3081 τὴν
1053 3011 1270 3066 ἃπασαν
1296 3012 1404 3064 τῶν
1442 3011 1717 3082 αἰσθητῶν
1741 3030 1799 3065 τε
1826 2999 1928 3066 καῖ

344 3103 550 3174 νοητῶν
578 3103 914 3174 παρελθόντα
937 3106 1119 3173 φύσιν,
1155 3105 1251 3198 καλ.
1275 3104 1458 3174 πάσης
1480 3104 1581 3174 τῆς
1605 3105 1747 3198 eam
1770 3106 1921 3174 γένε-
1949 3141 1992 3198 C

346 3209 429 3246 σιν
484 3193 742 3262 ἰδιότητος
786 3193 1078 3264 γενόμενον
1146 3191 1460 3273 ξαθαρδνᾎ
1525 3192 1770 3264 ἀνείμονι
1827 3195 1922 3248 καὶ

342 3289 522 3356 γυμνῇ
547 3289 612 3356 τῇ
647 3284 852 3356 διανοίᾳ
893 3282 1252 3355 προσϐάλλειν
1286 3285 1408 3346 ταῖς
1466 3284 1596 3355 περὶ
1626 3285 1763 3339 Θεοῦ
1787 3303 1925 3356 φαν-

344 3376 576 3440 τασίαις.

415 3619 519 3693 πδδ.
550 3639 792 3708 Μωῡσῆς
813 3640 840 3693 ὁ
872 3638 1064 3708 μέγας,
1091 3639 1196 3705 ἔξω
1232 3639 1332 3708 τῆς
1363 3638 1717 3709 παρεμϐολῆς
1741 3638 1917 3709 πηξά-

347 3748 503 3801 μενος
527 3731 716 3784 ὲαυτοῦ
755 3732 853 3801 τὴν
879 3731 1083 3801 σκηνήν
1099 3748 1116 3763 υ
1143 3730 1412 3794 τουτέστι,
1457 3731 1556 3798 τὴν
1583 3734 1808 3800 γνώμην
1824 3731 1920 3782 καὶ

343 3824 441 3893 τὴν
476 3823 713 3875 διάνοιαν
755 3821 1107 3893 ἱδρυσάμενος
1136 3819 1241 3884 ἔξω
1274 3819 1382 3872 τῶν
1418 3820 1730 3889 ὁρωμένων,
1759 3835 1928 3889 προσ-

347 3915 527 3968 κυνεῖν
554 3914 647 3966 τδν
677 3914 811 3967 Θεὸν
847 3915 1074 3983 ἄρχεται
1097 3927 1111 3943 ⁶
1145 3912 1240 3965 καὶ
1273 3911 1353 3972 εἰς
1396 3911 1487 3964 τὸν
1527 3911 1723 3979 γνόφον
1749 3911 1916 3962 εἰσελ-

346 4004 476 4068 θὼν,
510 4004 602 4057 τὸν
631 4005 788 4073 ἀειδῆ
813 4004 908 4058 καὶ
924 4004 1085 4058 ἅῡλον
1112 4003 1212 4071 τῆς
1235 4001 1486 4071 γνώσεως
1507 4002 1671 4055 τόπον
1702 4001 1789 4073 (t),
1811 4003 1930 4056 ἐκεῖ

349 4093 501 4164 μένει
533 4093 632 4156 τὰς
650 4093 948 4165 ἱερωτάτας
977 4092 1300 4163 τελούμενος
1329 4090 1570 4154 τελετάς.

2029 1909 2293 1976 animum,
2351 1914 2675 1982 priusquam
2728 1929 2759 1968 e
2817 1916 3007 1970 multis
3061 1919 3388 1973 excesseris.
3444 1919 3615 1989 idque

2026 2001 2240 2071 Moyses
2282 2003 2530 2060 declarat
2576 2005 2641 2070 ⁸⁸,
2693 2021 2816 2061 cum
2857 2019 3009 2061 extra
3051 2020 3230 2064 castra
3275 2010 3380 2064 iixo
3416 2012 3614 2065 mentis

2029 2091 2404 2158 tabernaculo,
2440 2103 2630 2164 postea
2665 2112 2789 2150 cum
2829 2097 2940 2150 Deo
2980 2099 3032 2151 in
3083 2101 3416 2169 colloquium
3442 2101 3611 2154 venit.

2024 2179 2144 2234 Non
2169 2182 2314 2235 enim
2345 2191 2501 2237 vacat
2529 2183 2801 2253 periculo,
2841 2201 2907 2239 eo
2939 2188 3212 2242 sermonis
3243 2201 3442 2258 genere
3467 2189 3612 2257 quod

2023 2287 2120 2326 ore
2153 2273 2457 2342 profertur,
2505 2290 2633 2329 eum
2680 2284 2893 2331 tentare
2940 2278 3038 2332 fari
3080 2288 3247 2347 atque
3280 2279 3488 2347 eloqui,
3518 2279 3614 2348 qui

2022 2363 2134 2417 vim
2192 2379 2414 2420 omnem
2475 2367 2750 2422 sermonis
2805 2369 3074 2423 excedit:
3139 2371 3285 2438 quod
3351 2371 3613 2424 nimirum

2023 2453 2296 2523 ejusmodi
2333 2471 2518 2510 sermo
2558 2456 2740 2510 dualis
2785 2458 2876 2520 sit,
2905 2465 2960 2512 et
3001 2459 3131 2527 quid
3171 2460 3449 2528 amplius:
3497 2461 3616 2514 solo

2023 2554 2205 2600 autem
2239 2547 2424 2600 animo
2454 2548 2662 2618 absque
2691 2565 2846 2613 voce,
2886 2567 3011 2605 eum
3037 2551 3238 2620 quiest
3265 2551 3617 2607 considerare

2022 2651 2086 2690 ac
2111 2638 2498 2706 contemplari,
2527 2639 2580 2692 id
2605 2656 2740 2694 vero
2782 2641 3182 2696 validissimum
3221 2649 3337 2707 est;
3367 2643 3513 2711 quod
3534 2643 3618 2697 ni-

2023 2728 2225 2782 mirum
2275 2731 2330 2782 in
2365 2730 2602 2785 indivisa
2643 2733 2876 2796 unitate,
2925 2741 2980 2786 et
3027 2749 3133 2787 non
3183 2733 3238 2786 in
3294 2735 3480 2787 multis
3525 2735 3615 2787 ille

2022 2815 2294 2870 consistit.
2329 2817 2578 2871 Pontifex
2620 2835 2880 2888 namque,
2922 2821 3016 2889 qui
3052 2820 3144 2874 vix
3171 2822 3339 2876 semel
3383 2821 3435 2874 in
3469 2837 3616 2875 anno

2023 2907 2166 2960 intra
2218 2910 2402 2962 velum
2448 2910 2502 2963 in
2547 2910 2746 2966 Sancta
2780 2919 3096 2966 sanctorum
3156 2913 3371 2983 ingredi
3417 2913 3614 2983 jubea-

2023 3005 2115 3051 tur
2137 2999 2201 3063 ‘7,
2230 2999 2336 3053 hoc
2358 2999 2558 3065 docet;
2588 3017 2809 3070 nempe,
2857 3018 2983 3056 eum
3032 3003 3300 3057 duntaxat
3337 3004 3432 3072 qui
3473 3003 3615 3056 atria

2025 3098 2327 3158 sanctaque
2375 3093 2678 3160 superavit,
2720 3101 2885 3161 atque
2939 3093 2995 3146 in
3043 3093 3243 3147 Sancta
3299 3102 3614 3147 sanctorum

2025 3181 2335 3250 penetravit
2370 3181 2499 3253 (hoc
2531 3191 2636 3247 est,
2685 3183 2778 3252 qui
2822 3185 3070 3238 omnium
3106 3201 3311 3249 rerum,
3354 3193 3466 3237 tum
3493 3201 3615 3252 qua:

2026 3285 2190 3325 sensu
2219 3272 2628 3340 percipiuntur,
2665 3280 2781 3327 tum
2822 3289 2944 3342 quae
2977 3283 3160 3328 mente
3203 3273 3610 3344 intelliguntur,

2024 3372 2281 3417 naturam
2317 3363 2621 3419 excesserit
2661 3372 2828 3433 atque
2854 3365 2924 3418 ab
2969 3365 3118 3419 omni
3156 3380 3333 3434 purus
3359 3373 3516 3420 ortus
3550 3379 3616 3418 ac

2023 3463 2236 3508 natura:
2263 3455 2604 3524 preprietate
2620 3455 2882 3526 evaserit)
2914 3455 3114 3510 investi
3143 3456 3398 3524 nudaque
3427 3465 3612 3511 mente

2025 3545 2247 3602 divinas
2275 3547 2520 3602 visiones
2551 3563 2615 3602 ac
2637 3549 3133 3618 contemplationes
3162 3548 3398 3617 assequi.

2043 3674 2047 3676 -
2099 3637 2190 3696 84.
2219 3637 2448 3708 Magnus
2489 3639 2582 3692 ille
2625 3639 2824 3703 Moses,
2855 3638 2961 3693 ﬁxo
2988 3647 3143 3692 extra
3181 3649 3363 3693 castra
3392 3654 3492 3693 suo
3527 3647 3612 3693 ta-

2027 3726 2326 3782 bernaculo
2376 3730 2584 3798 (mente
2636 3729 2851 3784 scilicet
2891 3739 3055 3799 atque
3099 3730 3285 3784 animo
3324 3739 3477 3784 extra
3524 3745 3615 3786 res

2025 3817 2204 3871 oculis
2243 3819 2522 3887 subiectas
2566 3819 2724 3872 ﬁrma
2762 3820 3000 3874 statione
3037 3819 3235 3890 locata)
3272 3822 3444 3874 Deum
3475 3819 3612 3874 ado-

2025 3923 2150 3961 rare
2193 3908 2394 3977 coepit;
2428 3909 2823 3978 ingressusque
2879 3911 2934 3963 in
2967 3911 3254 3980 caliginem
3294 3912 3612 3980 (obscurum

2025 3998 2242 4053 scilicet
2285 3998 2636 4067 invisumque
2678 4016 2743 4054 ac
2776 4001 3022 4055 materia:
3049 4009 3333 4070 expertem
3368 4001 3613 4058 scientiae

2024 4089 2232 4162 locum)
2263 4090 2634 4146 sacratissima
2665 4108 2932 4163 peragens
2975 4093 3239 4164 mysteria
3282 4093 3460 4163 iisque
3499 4092 3609 4147 ini~

2028 4181 2274 4248 tiandus,
2305 4181 2420 4237 illic
2449 4189 2698 4237 moratur
2727 4183 2792 4236 ⁸⁸.
3599 4201 3602 4204 λ

415 4317 462 4349 ⁸⁸
482 4317 656 4373 Exod.
679 4331 863 4381 xxxiii,
890 4317 940 4370 7.
1019 4315 1062 4347 "
1085 4313 1256 4369 Hebr.
1281 4332 1352 4382 Ix,
1380 4318 1429 4369 7.
1505 4315 1550 4348 ⁸⁸
1573 4316 1745 4371 Exod.
1769 4331 1956 4382 xxxul,
1983 4318 2044 4383 7;
2074 4334 2164 4383 xx,
2187 4317 2279 4371 21.

420 4462 436 4481 ⁹
462 4459 632 4528 Marg.
664 4459 754 4514 Fr.
790 4458 954 4528 Ὅρα,
991 4460 1024 4528 ὴ
1056 4457 1197 4510 κατὰ
1213 4457 1427 4528 γένεσιν
1447 4456 1706 4528 γῑδιότης,
1734 4458 1765 4525 ὴ
1810 4455 1918 4528 τῶν

346 4525 621 4598 αἰσθητῶν
662 4530 756 4580 καὶ
787 4525 1159 4598 νοήτῶνέστι
1203 4527 1397 4594 φύσις’
1429 4527 1590 4596 ἤτουν
1641 4527 1814 4578 πάντα
1855 4525 1926 4578 τὰ

349 4597 672 4671 μετόιίθεόν⁸
703 4598 846 4664 Vide,
873 4597 1030 4652 Ortus
1057 4598 1378 4668 proprietas,
1400 4605 1597 4650 natura
1625 4606 1698 4649 est
1724 4612 1926 4658 eorum,

417 4718 509 4790 (8)7
544 4718 835 4790 Ταυτότης
871 4715 968 4769 καὶ
1017 4716 1286 4790 ἁπλότης
1330 4717 1556 4790 μόνον..
1595 4713 1769 4768 Etiam
1825 4715 1929 4769 hoc

345 4784 514 4844 Marci
548 4789 845 4857 νηπτικῶν,
893 4802 1012 4854 cap.
1059 4786 1110 4857 9.
1151 4786 1248 4839 Est
1291 4794 1345 4839 et
1382 4785 1471 4839 hic
1504 4784 1706 4857 hiatus,
1763 4801 1924 4853 quem

347 4875 451 4914 nec
497 4854 738 4911 advertit
784 4857 975 4919 Picus;
1032 4855 1112 4909 sic
1169 4864 1372 4908 temere
1425 4854 1595 4922 rapit,
1645 4862 1926 4923 certatque

348 4929 580 4983 reddere
606 4926 874 4996 quidquid
902 4924 1371 4996 oceurrerit;ivel‘
1399 4924 1445 4981 si
1473 4925 1684 4996 nullum
1718 4924 1928 4996 invenit

347 5014 592 5060 sensum,
624 4993 957 5065 nullumque
1011 4996 1127 5064 ipse
1161 4993 1382 5065 meliori
1405 4993 1731 5065 conjectura
1765 4994 1924 5047 resti—

351 5070 486 5133 tuit,
522 5067 618 5121 sed
668 5066 834 5121 verba
869 5063 1058 5120 solum
1109 5065 1308 5118 fundit.
1357 5063 1650 5117 Altissimae
1685 5064 1922 5133 mystica:

351 5138 635 5206 theologia:
659 5136 822 5191 Marci
843 5137 957 5189 hare
973 5134 1178 5206 omnia,
1203 5135 1324 5206 ipsa
1335 5133 1686 5206 solidissima,
1715 5149 1800 5206 om
1810 5134 1921 5206 u_is_-

349 5210 456 5278 que
513 5202 856 5278 labis‘pura;
895 5203 1091 5258 merito
1130 5202 1362 5275 proinde
1406 5203 1640 5257 Maximo
1683 5205 1799 5257 suis
1838 5202 1925 5257 his

349 5276 624 5349 capitibus
659 5276 884 5349 inserta.

422 5343 487 5418 it)
523 5347 636 5400 Τὸν
671 5344 838 5418 ἀειδῆ
886 5345 984 5418 καὶ
1019 5343 1210 5418 ditior
1238 5343 1351 5413 τῆς
1372 5345 1670 5418 γνώσεως
1716 5344 1921 5418 τόπον.

352 5411 449 5473 ilic
469 5411 904 5492 quoque__Picu_s
949 5415 1002 5466 in
1037 5415 1252 5492 Marco,
1297 5411 1454 5492 cujus
1495 5424 1580 5469 est
1626 5411 1923 5492 νηπτικῶν,

351 5503 472 5557 cap.
492 5483 759 5557 ΊΟζάηδῆ
786 5485 916 5557 legit
939 5493 995 5538 et
1021 5485 1297 5557 decoquit,
1324 5483 1667 5557 inamoenum.
1697 5483 1753 5557 id
1777 5483 1926 5535 enim

351 5554 534 5625 ἀηδὲς,
575 5555 818 5622 στυγνὸν,
869 5554 1111 5626 λυπηρὸν
1155 5554 1280 5626 H953

354 5623 462 5681 Sed
492 5641 602 5680 non
643 5624 932 5692 ejusmodi,
965 5623 1032 5678 ex
1063 5638 1174 5691 quo
1203 5623 1348 5678 Deus
1373 5624 1592 5678 videtur
1626 5623 1682 5675 in
1710 5628 1924 5676 secreto

354 5693 850 5763 contemplationis,
898 5694 1063 5763 inque
1113 5693 1257 5746 nube
1320 5703 1375 5747 et
1423 5694 1674 5763 caligine,
1721 5693 1919 5745 locus:

355 5779 506 5834 tum,
529 5761 665 5821 teste
695 5761 992 5828 Bcruardo,
1026 5761 1201 5816 Brevis
1230 5764 1380 5829 hora,
1413 5762 1536 5829 felix
1561 5763 1615 5816 in
1637 5778 1703 5816 eo
1729 5776 1876 5814 mora
1903 5779 1920 5814 :

1201 5556 1386 5619 esych.
1429 5556 1597 5619 triste,
1629 5552 1931 5617 molestum.

2029 4471 2146 4525 quae
2174 4471 2345 4525 sensa
2366 4454 2749 4525 percipiuntur,
2781 4461 2830 4505 et
2855 4468 2973 4523 qua:
2993 4461 3174 4525 Amente
3200 4453 3608 4524 intelliguntur;

2031 4523 2220 4580 cuncta
2251 4523 2447 4579 scilicet
2471 4539 2588 4594 qua:
2622 4543 2654 4578 a
2675 4523 2782 4577 Deo
2811 4523 3037 4577 secunda
3060 4531 3202 4577 sunt.

2029 4715 2145 4779 sed,
2167 4715 2359 4779 ἀειδὲς,
2377 4713 2579 4778 eidem,
2603 4713 2825 4780 ἀφανὲς,
2843 4713 3088 4781 ἄμορφον
3107 4730 3121 4744 ·
3152 4713 3448 4776 obscurum,
3470 4712 3609 4783 quod

2029 4785 2194 4839 videri
2241 4802 2345 4838 non
2390 4793 2574 4854 potest,
2622 4783 2760 4854 quod
2806 4784 2948 4836 omni
2979 4783 3150 4851 [arma
3185 4792 3356 4847 caret;
3400 4783 3607 4837 idcirco

2028 4856 2175 4924 quod
2207 4853 2398 4924 ἆῦλον,
2434 4853 2756 4924 ἀσώματονο
2795 4861 2956 4924 extra
3011 4855 3286 4906 materiam
3328 4861 3378 4905 et
3420 4870 3606 4924 corpus

2029 4922 2124 4978 est.
2165 4925 2260 4979 llis
2283 4923 2430 4978 enim
2463 4922 2691 4977 excedat
2719 4923 2936 4976 animus
2966 4937 3188 4976 necesse
3215 4930 3318 4984 est,
3355 4922 3448 4991 qui
3479 4937 3604 4975 cum

2031 4996 2141 5048 Deo
2169 4995 2277 5047 alta
2303 4993 2764 5060 contemplatione
2786 4992 3098 5058 amorisque
3122 4991 3455 5056 commercio
3476 5007 3608 5044 con-

2031 5079 2287 5118 suescere
2310 5063 2495 5116 habet.
2521 5061 2786 5129 Quodque
2819 5061 2870 5113 in
2895 5060 3007 5114 Pici
3038 5060 3317 5127 σφάλμασι
3343 5060 3608 5127 tantiSper

2030 5147 2254 5196 versor,
2288 5148 2387 5186 nec
2423 5132 2555 5199 illud
2593 5147 2703 5185 non
2736 5145 2956 5199 possum
2991 5129 3297 5199 advertere,
3327 5129 3472 5199 quod
3505 5130 3608 5183 lie-

2030 5201 2204 5270 sycliii
2238 5198 2626 5270 Antirrheticon
2678 5198 2821 5255 cent.
2853 5201 2910 5270 1,
2935 5215 2984 5270 e.
3017 5198 3328 5270 ‘25_,Al_iabet,
3357 5198 3496 5270 Ὦρα
3531 5199 3605 5268 μὴ

2030 5265 2222 5340 οέηθῇς
2251 5273 2390 5325 κατὰ
2423 5269 2510 5323 τὸν
2539 5271 2706 5322 πάλαι
2750 5269 2982 5339 Ἰσραὴλ,
3005 5267 3329 5340 redditque__
3358 5265 3602 5340 Observa,

2033 5336 2227 5408 ne'qiia
2261 5341 2470 5394 ducaris
2492 5342 2733 5410 Opinione
2760 5336 3108 5409 more—pepuli
3137 5336 3454 5410 Israelitici;
3485 5353 3604 5410 pro,

2031 5407 2282 5478 οἱνῶθῇς,
2313 5426 2378 5462 ne
2418 5407 2536 5466 vino
2566 5409 2867 5478 implearis,
2903 5407 2996 5462 seu
3049 5418 3101 5461 te
3148 5407 3242 5478 illo
3288 5407 3604 5478 ingurgitcs.

2029 5478 2105 5532 De
2142 5475 2294 5532 vituli
2331 5480 2478 5532 enim
2514 5475 2719 5534 fabrica
2754 5493 2934 5532 sermo
2964 5485 3068 5540 est,
3097 5476 3185 5530 cui
3228 5475 3444 5544 pragivit
3494 5491 3604 5532 nnu

2029 5548 2235 5616 quaevis
2264 5549 2614 5624 opinio_,_sed
2644 5548 2992 5624 temulentia,
3034 5556 3095 5600 ut
3138 5545 3312 5624 liquet
3349 5559 3608 5624 exnsacro

2029 5614 2200 5680 textu,
2226 5614 2402 5687 exque
2436 5619 2540 5673 PP.
2579 5619 2778 5672 Basilio
2806 5626 2862 5672 et
2903 5618 3044 5677 aliis,
3077 5615 3279 5687 quibus
3306 5614 3461 5687 nihil
3483 5628 3604 5666 cre-

2026 5687 2182 5812 grius
2222 5683 2329 5742 hoc
2367 5698 2708 5762 argumento,
2746 5696 2806 5742 ut
2857 5687 2925 5741 ab
2973 5683 3240 5742 ebrietate
3283 5683 3604 5762 poculisque

2063 5766 2361 5812 eterreant.

2063 5766 2361 5819 cterreant.
