3930 6324
344 282 481 347 1119

1508 279 1570 340 S.
1611 278 1901 340 MAXIMI
1939 276 2455 341 CONFESSORIS

3487 277 3627 344 ΜΞ)

413 387 504 445 85.
530 388 743 460 Caligo,
783 389 1052 445 obscurus
1081 394 1167 445 est
1200 402 1298 442 seu
1348 387 1584 454 invisus,
1619 401 1931 456 expersque

2108 394 2212 441 πε’.
2257 387 2318 441 '0
2340 387 2537 457 γνόφος
2558 385 2726 453 ἐστὶν,
2750 387 2786 456 ἡ
2815 384 3002 455 ἀειδὴς
3031 385 3127 440 καὶ
3153 383 3318 450 ἄῦλος
3346 382 3449 438 καὶ
3477 385 3629 440 ἀσώ-

344 481 591 537 materiae
620 497 684 536 ac
714 482 1077 551 incorporeus
1100 488 1301 544 status,
1326 480 1699 550 cxemplarem
1741 493 1931 533 rerum

343 569 637 627 scientiam
670 572 881 627 habens
912 590 926 626 :
957 572 1012 626 in
1068 587 1235 642 quam
1266 571 1359 642 qui
1399 572 1682 641 ingressus
1708 579 1815 635 est,
1842 569 1928 624 vel

345 671 406 717 ut
435 664 578 723 alius
606 664 880 734 quispiam
914 663 1110 727 Moses,
1143 663 1364 719 mortali
1402 672 1618 718 natura:
1648 661 1931 732 inaspecta

344 755 697 821 considerat;
746 756 851 810 hac
891 756 1177 820 nimirum,
1223 750 1541 810 divinarum
1578 754 1740 826 48],
1784 755 1842 808 in
1873 769 1932 809 se

342 841 613 896 virtutum
638 842 897 898 decorem
927 843 1256 909 informans,
1291 852 1549 912 tanquam
1582 843 1784 899 tabella
1805 857 1931 914 gra—

342 930 506 1000 phice
534 932 681 1000 picta
721 931 1026 996 descendit,
1055 931 1327 1001 principis
1356 931 1549 987 formae
1584 932 1815 1003 ejusque
1841 930 1934 986 de-

340 1023 492 1077 coris
537 1039 853 1094 expressam
899 1025 1129 1094 pulchre
1174 1025 1599 1080 similitudinem
1639 1024 1929 1091 referens;

345 1115 466 1183 ipse
498 1130 556 1169 se
601 1115 711 1170 illis
757 1117 1068 1186 exemplum
1106 1116 1444 1188 producens,
1485 1117 1689 1188 qui-bus
1724 1125 1784 1171 ut
1816 1116 1933 1171 vir-

347 1213 522 1260 tutem
565 1206 853 1261 imitentur
894 1208 1081 1263 animo
1122 1208 1489 1265 constitutum
1518 1218 1641 1275 est;
1692 1208 1934 1277 hincque

345 1298 486 1353 adeo
540 1309 816 1370 percepta
875 1301 1064 1372 gratiae
1120 1308 1286 1371 atque
1340 1301 1587 1356 muneris
1640 1301 1933 1371 benignam

345 1388 698 1460 largitionem
727 1399 893 1461 atque
924 1392 1263 1447 allluentiam
1291 1393 1611 1448 ostendens.

415 1482 506 1537 86.
539 1481 642 1549 Qui
668 1482 808 1538 labis
838 1484 985 1554 puri,
1011 1483 1268 1555 religiosa
1297 1485 1503 1554 pietate
1536 1485 1808 1541 nitentem
1841 1500 1937 1543 co-

346 1570 472 1626 lunt
527 1571 977 1644 philosophiam,
1035 1575 1339 1630 maximum
1394 1590 1464 1630 ex
1518 1576 1641 1646 ejus
1702 1576 1933 1631 scientia

346 1662 563 1720 lucrum
612 1668 1052 1733 nanciscuntur;
1104 1667 1212 1721 hoc
1255 1682 1478 1737 nempe,
1521 1674 1585 1721 ut
1622 1682 1781 1722 mens
1825 1683 1932 1724 una

347 1771 474 1811 cum
528 1758 715 1825 rebus,
761 1775 1069 1831 earumque
1114 1759 1503 1814 immutatione
1542 1775 1654 1814 non
1695 1761 1936 1830 amplius

347 1857 626 1918 mutetur;
659 1850 756 1906 sed
781 1852 1059 1907 constanti
1091 1849 1375 1915 ﬁrmitate,
1413 1851 1683 1922 quidquid
1715 1851 1938 1908 virtutis

348 1940 550 1995 rationi
584 1949 874 2012 congruat,
916 1950 1174 2013 prompto
1203 1943 1388 1999 animo
1417 1944 1592 2013 atque
1627 1942 1797 1999 alacri
1845 1959 1938 2016 ag-

260 2081 265 2086 .
347 2032 693 2102 grediantur.

419 2124 509 2178 87.
542 2125 648 2193 Qui
683 2140 782 2196 per
814 2123 1087 2195 Spiritum
1119 2126 1297 2197 prima
1314 2125 1369 2182 in
1397 2125 1622 2184 Christo
1654 2144 1823 2185 carne
1853 2131 1938 2185 in-

347 2217 708 2287 corruptione
739 2217 1003 2288 haptizati
1042 2233 1256 2284 sumus,
1291 2234 1605 2289 supremam
1632 2221 1937 2277 secundum

351 2307 531 2378 ipsum
559 2308 614 2363 in
645 2309 867 2380 spiritu,
906 2318 1203 2381 augmento
1244 2310 1459 2367 scilicet
1490 2310 1767 2367 bonorum
1802 2327 1938 2382 ope—

350 2414 495 2462 rum,
524 2399 831 2469 mortisque
865 2398 1018 2454 illius
1043 2414 1166 2469 quae
1198 2398 1368 2453 animi
1397 2398 1687 2470 proposito
1714 2410 1939 2469 praesta-

352 2499 463 2555 tur,
506 2491 696 2561 priore
742 2492 1177 2547 incontaminata
1221 2502 1462 2558 servata,
1504 2500 1934 2563 exspectamus:

350 2595 515 2650 quam
547 2582 803 2653 quisquis
831 2583 1069 2654 adeptus
1106 2590 1212 2649 est,
1248 2598 1444 2640 eorum
1488 2598 1612 2654 quae
1641 2582 1811 2638 habet
1833 2583 1938 2639 bo-

350 2687 551 2729 norum
573 2676 852 2747 jacturam
888 2691 1000 2730 non
1025 2676 1206 2732 timet.

421 2848 509 2906 88.
532 2850 669 2907 Cum
691 2853 809 2909 Deo
831 2854 1199 2910 constitutum
1220 2864 1390 2921 esset,
1416 2862 1476 2910 ut
1501 2856 1819 2911 mortalium
1841 2871 1940 2928 ge-

349 2942 494 3007 neri,
529 2959 639 3015 qua
677 2945 734 3003 in
759 2945 941 3017 ipsum
973 2946 1358 3005 misericordia
1385 2957 1491 3015 est,
1521 2948 1722 3005 divina:
1746 2965 1777 3005 e
1798 2950 1941 3005 caelo

2037 494 2206 547 ματος
2230 479 2587 543 κατάστασις,
2619 480 2652 549 ή
2684 478 2786 548 τὴν
2815 476 3336 549 παραδειγματικὴν
3372 476 3486 532 τῶν
3537 478 3630 532 ὕν-

2032 584 2141 621 των
2167 565 2367 638 ἔχουσα
2397 568 2599 636 γνῶσιν
2620 585 2634 599 ’
2662 570 2721 623 ἐν
2815 568 2845 620 ὁ
2884 567 3178 638 γενόμενος
3215 567 3397 634 ἐντὸς,
3449 569 3629 623 καθά-

2033 675 2141 731 περ
2168 676 2254 723 τις
2281 658 2440 722 ἄλλος
2488 658 2752 728 Μωῦσῆς,
2805 656 2968 728 φύσει
3030 658 3199 729 θνητῇ
3253 662 3514 715 κατανοεῖ
3560 659 3631 714 τὰ

2034 751 2242 806 ἀθέατα
2261 768 2274 781 ·
2304 751 2372 805 δι’
2397 745 2468 820 ἦς
2516 750 2627 805 τῶν
2666 752 2829 805 θείων
2861 749 3079 819 ἀρετῶν
3102 751 3163 803 ὲν
3195 749 3378 821 ἑαυτῷ
3409 750 3621 823 ζωγραρ

2034 844 2219 914 φήσας
2247 844 2311 898 τὸ
2357 843 2574 910 κάλλος,
2613 843 2806 915 ὥσπερ
2845 844 3069 917 γραφὴν
3093 843 3421 915 εύμιμήτως
3463 843 3627 915 [unus

2036 937 2165 1007 Reg.
2210 935 2538 1009 εὐμίμητον]
2569 935 2799 1007 ἔχουσαν
2829 936 2927 990 τοῦ
2957 928 3271 1008 ἀρχετύπου
3304 935 3540 999 κάλλους
3567 935 3630 987 τὸ

2034 1026 2427 1097 ἀπεικόνισμα,
2481 1026 2729 1081 κάτεισιν
2754 1043 2769 1058 ⁸
2793 1027 2991 1081 ἑαυτὸν
3024 1025 3469 1098 προϐαλλόμενος
3514 1028 3631 1088 τοῖς

2036 1116 2385 1189 βουλομένοις
2446 1114 2735 1187 μιμεῖσθαι
2786 1116 2886 1186 τὴν
2934 1115 3161 1187 ἀρετὴν,
3212 1116 3307 1168 καὶ
3342 1116 3403 1167 ὲν
3449 1112 3633 1185 τούτῳ

2034 1207 2272 1270 δεικνὺς,
2305 1201 2374 1278 ἧς
2434 1206 2751 1279 μετειλήφει
2782 1207 3025 1279 χάριτος,
3062 1206 3125 1261 τὸ
3152 1205 3540 1278 φιλάνθρωπόν
3568 1221 3631 1259 τε

2035 1298 2129 1354 καὶ
2154 1297 2405 1368 ἄφθονον.

2108 1474 2231 1541 πς’.
2255 1475 2272 1494 ⁹
2327 1474 2394 1527 0i.
2437 1473 2684 1538 άσπίλως
2711 1471 2811 1545 τὴν
2866 1473 3010 1529 κατά
3049 1474 3188 1530 Θεὸν
3229 1476 3627 1548 μετερχόμενος.

2036 1565 2378 1637 φιλοσοφίαν,
2414 1563 2671 1635 μέγιστον
2695 1563 2762 1618 ὲκ
2798 1563 2900 1635 τῆς
2960 1567 3085 1620 κατ’
3114 1566 3287 1637 αὐτὴν
3309 1568 3631 1638 ἐπιστήμης

2038 1655 2229 1724 κέρδος
2278 1655 2635 1726 εὑρίσκουσι·
2694 1654 2779 1719 τὸ,
2830 1656 3030 1727 μηκέτι
3077 1656 3181 1727 τὴν
3245 1655 3477 1729 γνώμην
3514 1661 3630 1721 τοῖς

1968 1723 2009 1783 Β
2037 1723 2327 1818 πράγμασι
2346 1723 2357 1726 τ
2374 1723 2926 1817 συμμεταϐάλλεσθαι
2945 1765 2959 1779 ·
3008 1723 3147 1802 ἀλλά
3186 1723 3307 1819 μετ’
3330 1723 3631 1811 εύσταθοῦς

2040 1838 2386 1911 βεϐαιότητος
2405 1843 2562 1910 [unus
2584 1838 2712 1909 Reg.
2732 1838 3135 1910 γενναιότητος]
3162 1838 3241 1911 (ιι)
3268 1840 3436 1894 πᾶσιν
3454 1840 3631 1911 ἔγχει⁵

2043 1934 2156 2004 ρεῖν
2201 1928 2499 2003 προθύμως
2529 1933 2643 1994 τοῖς
2690 1929 2994 2003 ἀρμόζουσι
3043 1932 3122 2003 τῷ
3172 1931 3318 2004 λόγῳ
3358 1933 3459 1996 τῆς
3497 1933 3635 2005 ἀρε-

2038 2039 2160 2086 της.
3149 2056 3157 2064 -

2274 2110 2388 2183 Τὴν
2442 2111 2589 2164 κατὰ
2636 2111 2817 2184 σάρκα
2871 2110 3095 2184 πρώτην
3148 2113 3208 2166 ὲν
3263 2113 3489 2185 Χριστῷ
3543 2114 3633 2168 διὰ

2038 2206 2360 2277 Πνεύματος
2411 2204 2802 2277 βαπτισθέντες
2858 2204 2973 2277 [ιον.
3022 2204 3341 2277 κτηθέντες,
3399 2208 3631 2277 primum

2040 2301 2185 2356 nacti
2231 2297 2702 2370 incorruptionem]
2737 2297 3069 2370 ἀφθαρσίαν,
3114 2298 3215 2371 τὴν
3246 2300 3491 2371 ὲσχάτην
3506 2299 3628 2354 κατ’
3669 2337 3688 2353 .

2039 2394 2200 2450 αὑτὸν
2240 2398 2298 2450 ἐν
2334 2392 2653 2465 Πνεύματι·
2710 2391 2779 2445 δι’
2816 2392 3114 2456 ἐπιδόσεως
3171 2392 3352 2464 ἔργων
3405 2392 3630 2463 ἀγαθῶν

2039 2488 2306 2560 δηλονότι,
2331 2485 2548 2540 καὶτοῦ
2587 2485 2730 2541 κατὰ
2765 2485 3026 2558 πρόθεσιν
3057 2485 3313 2554 θανάτου,
3349 2486 3453 2559 τὴν
3495 2504 3629 2557 προ-

2038 2581 2204 2651 τέραν
2247 2578 2609 2651 φυλάξαντες“
2652 2578 3010 2647 ἀκηλίδοπον,
3068 2579 3409 2650 ὲκδεχόμεθα
3430 2596 3446 2609 ⁸
3504 2582 3626 2637 καθ’

2039 2673 2106 2744 ἢν
2135 2672 2241 2726 τῶν
2277 2672 2537 2742 ἐχόντων,
2576 2668 2752 2734 οὐδεὶς
2801 2668 3075 2742 ἀποϐολὴν
3110 2670 3319 2726 δέδοικε
3349 2670 3461 2725 τῶν
3490 2687 3628 2743 κτη-

2041 2763 2240 2819 θέντων
2276 2762 2519 2833 ἀγαθῶν.

2112 2861 2225 2927 πη’.
2250 2855 2374 2920 Τοῖς
2408 2856 2501 2909 ἐπὶ
2538 2857 2665 2928 γῆς,
2694 2854 2798 2925 τῆς
2844 2852 2997 2917 θείας
3023 2852 3227 2925 ἀρετῆς
3272 2852 3367 2907 ἀπ’
3394 2851 3626 2924 ούρανοῦ

2040 2948 2107 3000 δι’
2134 2946 2282 3000 ἔλεον
2306 2947 2398 3001 τὸν
2420 2948 2557 3020 πρὸς
2576 2949 2724 3021 ἡμᾶς
2747 2947 2846 3018 τὴν
2874 2947 3037 3019 χάριν
3050 2945 3411 3017 καταπέμψαι
3429 2946 3625 3017 Bouh;-

349 3035 589 3112 virtutis;
617 3053 821 3096 munus
852 3039 1214 3107 demitteret,
1253 3056 1475 3096 sacrum
1519 3041 1822 3113 symbolice
1851 3051 1938 3099 ta-

2048 3037 2156 3103 leq
2203 3041 2232 3093 ό
2282 3039 2434 3107 Θεὸς,
2505 3040 2848 3112 συμϐολικῶς
2879 3040 2981 3112 τὴν
3014 3039 3169 3111 ἱερὰν
3200 3038 3408 3133 σκηνὴν
3438 3040 3535 3093 καὶ
3560 3039 3626 3093 τὰ

350 3129 736 3196 bernaculum,
781 3133 1011 3202 ejusque
1059 3148 1189 3188 vasa
1231 3133 1419 3189 omnia
1467 3132 1774 3191 fabricatus
1813 3144 1938 3202 est;

350 3222 497 3293 quod
537 3221 802 3277 nimirum
837 3238 1099 3293 expressa
1133 3224 1419 3295 sapientiae
1448 3225 1632 3296 imago
1659 3226 1941 3298 ﬁgamque

351 3330 417 3372 ac
440 3317 799 3373 simulacrum
819 3326 989 3373 esset.

421 3408 510 3466 89.
545 3410 683 3465 Novi
722 3410 1062 3466 Testamenti
1108 3408 1288 3480 gratia
1345 3410 1576 3481 mystice
1625 3411 1684 3466 in
1726 3412 1943 3470 Veteris

352 3497 696 3555 Testamenti
726 3500 913 3555 littera
937 3500 1264 3555 abscondita
1293 3508 1381 3557 est
1411 3517 1426 3555 :
1456 3500 1669 3556 idcirco
1686 3503 1765 3557 ait
1795 3503 1944 3573 Δρο-

352 3592 528 3647 stolus
584 3591 762 3661 legem
813 3592 1124 3662 spiritalem
1168 3610 1291 3652 esse
1316 3596 1382 3650 θ’.
1432 3596 1549 3653 Lex
1591 3598 1800 3669 itaque,
1842 3601 1940 3656 lit-

353 3691 485 3737 terae
519 3682 743 3752 quidem
782 3683 996 3740 ratione
1044 3687 1390 3757 antiquatur,
1433 3689 1784 3761 senescitque
1806 3707 1941 3747 eva-

353 3774 660 3842 cuanda“;
695 3775 895 3845 spiritu
939 3792 1072 3833 vero
1096 3794 1318 3850 semper
1350 3779 1542 3837 eﬂicax
1576 3781 1745 3854 viget.
1783 3783 1945 3855 Ejus-

356 3865 504 3923 modi
527 3865 676 3921 enim
698 3875 786 3922 est
810 3867 1010 3940 gratia,
1029 3876 1093 3924 ut
1119 3869 1272 3926 nulla
1291 3870 1523 3928 omnino
1540 3872 1749 3928 sentiat
1779 3881 1943 3930 vetu-

355 3956 516 4015 statis
556 3957 873 4029 dispendia.

424 4046 512 4103 90.
561 4047 677 4104 Lex
714 4048 962 4120 quidem,
998 4049 1283 4123 Evangelii
1325 4052 1578 4109 umbram
1625 4052 1841 4121 habet;
1882 4063 1945 4110 at

354 4135 736 4209 Evangelium,
767 4139 1083 4197 futurorum
1106 4142 1382 4205 bonorum
1415 4142 1595 4213 imago
1616 4150 1735 4210 est;
1772 4150 1945 4214 atque

357 4227 454 4283 illa
480 4229 730 4300 quidem,
771 4232 915 4288 mala
935 4234 1157 4304 operari
1205 4233 1500 4304 prohibet;
1550 4234 1678 4302 hoc,
1723 4233 1935 4307 agenda

354 4320 499 4377 bona
531 4326 795 4395 proponit
818 4335 987 4397 atque
1010 4327 1260 4383 exhibet.

2042 3132 2100 3185 ὲν
2131 3132 2271 3205 αὐτῇ
2303 3132 2483 3197 πάντα
2507 3133 2883 3188 κατεσκεύασε
2903 3148 2917 3164 ο
2951 3130 3147 3202 σοφίας
3186 3126 3355 3184 οὖσαν
3398 3129 3628 3184 ἀπεικός

2040 3239 2209 3294 νισμα
2231 3224 2325 3277 καὶ
2342 3225 2517 3278 τύπον
2539 3224 2638 3278 καὶ
2659 3223 2911 3296 μίμημα.

2111 3406 2221 3460 πθ⁹.
2262 3405 2328 3459 Ἥ
2353 3403 2514 3476 χάρις
2545 3405 2644 3474 τῆς
2680 3403 2830 3469 Νέας
2856 3403 3159 3475 Διαθήκης,
3214 3402 3497 3473 μυστικῶς
3542 3400 3623 3471 τῷ

2040 3499 2138 3569 τῆς
2194 3497 2440 3561 Παλαιᾶς
2514 3497 2822 3569 κέκρυπται
2888 3497 3211 3568 γράμματιυ
3265 3496 3349 3551 διό
3399 3510 3564 3566 φησιν
3595 3496 3627 3548 ό

2053 3591 2395 3654 Ἀπόστολος,
2421 3591 2503 3645 ὅτι
2552 3592 2584 3646 ὁ
2609 3590 2773 3662 νόμος
2805 3590 3195 3661 πνευματικῶς
3221 3592 3394 3644 ἐστιν.
3449 3589 3511 3643 ὐ
3532 3584 3626 3642 οὖν

2039 3683 2223 3755 νόμος,
2252 3682 2333 3754 τῷ
2367 3683 2468 3755 μὲν
2503 3682 2819 3754 γράμματι,
2854 3682 3184 3737 παλαιοῦται
3213 3683 3309 3736 καὶ
3352 3681 3623 3753 γηράσκει

2040 3773 2489 3847 καταργούμενος
2538 3788 2554 3806 ο
2623 3773 2703 3846 τῷ
2767 3774 2842 3829 δὲ-
2872 3776 3173 3847 πνεύματι,
3248 3772 3435 3836 νεάζει
3510 3772 3626 3825 δια-

2040 3867 2244 3932 παντὸς
2294 3867 2713 3940 ἑνεργούμενος.
2750 3868 2816 3924 Ἦ
2838 3868 2948 3943 γὰρ
2976 3868 3142 3941 χάρις
3164 3867 3444 3933 παντελῶς
3484 3868 3626 3922 ἀπρ-

2039 3958 2289 4024 λαίωτος.
3111 3999 3114 4002 ~

2115 4056 2187 4119 ιιι.
2226 4052 2287 4105 Ὃ
2343 4051 2444 4123 μὲν
2481 4053 2667 4124 νόμος,
2691 4054 2852 4111 σκιὰν
2878 4054 2994 4128 ἔχει
3026 4054 3123 4110 τοῦ
3162 4055 3540 4127 Εύαγγελίοψ
3565 4056 3627 4111 τδ

2036 4142 2098 4197 δὲ
2128 4142 2486 4213 Εὐαγγέλιον,
2512 4143 2680 4199 εἰκών
2714 4147 2832 4200 ἐστι
2868 4146 2978 4200 τῶν
3026 4146 3332 4218 μελλόντων
3379 4147 3624 4217 ἀγαθῶν.

2049 4235 2113 4287 '0
2143 4233 2245 4304 μὲν
2296 4234 2407 4306 γὰρ
2463 4235 2666 4290 κωλύει
2717 4237 2821 4301 τὰς
2882 4239 2993 4293 τῶν
3042 4240 3233 4294 κακῶν
3293 4239 3623 4315 ἐνεργείας·

2043 4325 2102 4381 τὸ
2127 4326 2204 4389 δὲ.
2226 4324 2326 4390 τὰς
2354 4327 2585 4399 πράξεις
2628 4322 2736 4383 τῶν
2774 4329 2996 4398 ἀγαθῶν
3033 4334 3415 4404 παρατίθεται.

425 4413 515 4469 9t.
548 4414 871 4475 Universam
906 4417 1251 4489 Scripturam
1292 4428 1527 4482 sacram,
1555 4420 1730 4477 instar
1768 4421 1939 4491 spiri-

2114 4417 2227 4486 ιια’.
2277 4418 2392 4492 Τὴν
2419 4419 2582 4489 ἀγίαν
2615 4422 2749 4493 ὃλην
2798 4419 3045 4494 Γραφθψ,
3098 4426 3266 4497 σαρκὶ
3302 4425 3622 4500 διαιρεῖσθαι

358 4503 487 4560 talis
523 4508 817 4578 cujusdam
865 4509 1132 4574 hominis,
1173 4525 1342 4566 carne
1395 4511 1569 4566 dividi
1619 4526 1686 4568 ac
1737 4511 1938 4583 spiritu

358 4595 616 4653 dicimus.
641 4599 780 4655 Nam
810 4603 906 4672 qui
939 4600 1087 4657 dicat
1114 4600 1417 4672 Scriptura:
1445 4612 1792 4670 contextum,
1818 4619 1943 4660 vcr-

428 4753 474 4788 “
494 4756 655 4812 Rom.
677 4770 768 4810 vn.
795 4755 883 4811 14.
958 4756 1007 4789 ⁸⁸
1027 4754 1195 4813 Hebr.
1218 4775 1332 4826 νηί,
1357 4761 1446 4818 15.

427 4912 446 4932 ¹
479 4910 648 4992 ﬂarg.
677 4908 910 4992 FrLlCat
925 4912 1100 4967 ταῦτα
1131 4914 1274 4992 κατά
1292 4915 1424 4992 ,τῶν
1462 4916 1933 4992 Χριστιανοκατη-

432 4926 446 4932 ·
479 4926 563 4966 lla
634 4953 648 4966 .
678 4926 769 4967 r‘r.
801 4926 910 4974 λαι
925 4928 1100 4967 ταυτα
1133 4926 1274 4971 κατα
1316 4926 1424 4971 τῶν
1462 4926 1933 4992 Χριστιανοκατη-

356 4926 708 5055 γόρωνῖξτοι
753 4982 1218 5041 Εἰκονοκαυστῶν.
1281 4985 1406 5043 Ηωο
1451 5005 1656 5060 quoque
1688 4991 1940 5046 adversus

433 5136 511 5211 (ιι)
544 5139 680 5191 Μετ’
712 5139 1048 5207 εὐσταθοῦς
1068 5140 1479 5211 βεϐαιότητος.
1515 5141 1827 5200 Obscurum
1856 5145 1943 5200 vi-

361 5205 837 5280 gleri'qu_eat,_quo
853 5225 921 5265 ex
950 5205 1129 5280 capite
1163 5205 1569 5270 existimaverit
1602 5213 1946 5273 Scholiastes

362 5276 653 5355 Dutrenii,
700 5276 819 5334 haec
850 5276 1151 5355 adversari
1197 5283 1500 5355 imaginum
1563 5286 1942 5354 eversoribus,

361 5361 488 5400 cum
516 5346 783 5402 Maximus
808 5349 948 5404 nihil
975 5348 1244 5408 hactenus
1280 5346 1499 5409 locutus
1541 5356 1615 5411 sit
1652 5357 1721 5412 de
1755 5346 1951 5413 imaail

362 5416 547 5487 nibus.
566 5415 651 5487 An
667 5416 797 5487 quia
819 5418 900 5474 illi
920 5421 1293 5477 causabantur
1309 5423 1610 5482 descivisse
1633 5427 1701 5482 ad
1726 5415 1952 5483 idolola-

363 5485 526 5566 triam
552 5484 898 5566 Christianos
923 5505 1115 5566 earum
1152 5493 1326 5566 cultu,
1351 5495 1499 5563 quod
1530 5497 1693 5566 longe
1741 5506 1829 5552 est
1879 5497 1960 5553 ab

363 5563 559 5637 eorum
606 5559 937 5637 constantia,
985 5560 1079 5629 qui
1142 5559 1388 5618 divinam
1436 5559 1667 5637 strenue
1698 5567 1948 5637 philoso-

368 5623 555 5703 phiam
604 5625 968 5703 colunt,_nec
1004 5623 1202 5685 'rerum
1254 5635 1563 5692 mutatione
1620 5623 1947 5703 mutantur;

370 5695 564 5769 quales
589 5697 894 5765 praesertim
918 5699 1211 5755 eluxerunt
1236 5717 1334 5772 per
1360 5705 1477 5759 haec
1542 5716 1812 5778 tempora,
1846 5695 1942 5777 qui

2045 4511 2281 4583 λέγομεν
2310 4513 2400 4566 καὶ
2433 4511 2704 4585 πνεύματι
2729 4530 2745 4545 ’
2809 4513 3062 4586 καθάπερ
3104 4515 3231 4569 τινὰ
3257 4520 3623 4589 πνευματικὸν

2046 4604 2332 4676 ἄνθρωπον
2360 4597 2546 4659 οὖσαν.
2582 4605 2642 4660 '0
2673 4604 2784 4677 γὰρ
2806 4604 2869 4660 τὸ
2892 4607 3058 4678 ῥητὸν
3089 4600 3186 4678 τῆς
3212 4600 3439 4682 Γραφῆς
3460 4609 3625 4665 είπὼν

2039 4916 2471 5001 ςιινίοςζὶαηογιιηι
2501 4922 2918 5001 uituperatores,
2954 4940 3042 4984 eos
3084 4925 3283 4983 scilicet
3315 4932 3406 5001 qui
3448 4948 3629 4988 sacras

2046 4992 2303 5066 imagines
2329 4994 2443 5064 igni
2475 4992 2776 5050 absumunt.
3326 4992 3337 5039 ἶ

2049 5147 2323 5223 sanctiore
2357 5148 2614 5223 instituto
2649 5142 3079 5223 per__0rientem
3130 5151 3415 5209 vixerunt.
3473 5155 3625 5223 Quod

2050 5216 2120 5273 de
2145 5219 2503 5296 tabernaculo
2528 5216 2698 5296 refert
2746 5218 3041 5296 Maximus
3066 5221 3123 5276 in
3149 5236 3286 5296 seq._
3315 5224 3415 5291 Dei
3451 5295 3457 5296 ί
3471 5216 3628 5296 fuso

2051 5289 2337 5364 conditum
2353 5302 2475 5364 esse
2487 5296 2551 5364 ut
2577 5288 2865 5360 sapientia
2877 5288 3630 5364 simulacrum',&mix6\3wpa

2049 5358 2144 5412 καὶ
2164 5355 2335 5434 etian
2367 5360 2462 5412 καὶ
2489 5355 2745 5434 μίμημα,
2773 5374 2902 5434 cum
2927 5361 3318 5434 illis_omnibus
3333 5380 3461 5434 qua
3486 5355 3628 5422 in'eo

2048 5428 2501 5503 continebantur,
2521 5428 2753 5500 propius
2782 5429 2849 5503 ad
2888 5430 3155 5503 imagines
3176 5428 3624 5503 spectat,earun-

2046 5510 2157 5568 que
2183 5499 2395 5553 cultum
2425 5515 2441 5565 ;
2476 5499 2604 5554 nam
2650 5508 2710 5553 et
2761 5499 3175 5556 tabernaculum
3206 5499 3625 5561 "venerationem

2049 5568 2313 5645 habebat,
2352 5579 2417 5639 ut
2450 5569 2583 5645 quid
2608 5568 2826 5645 scilicet
2851 5570 2947 5626 Dei
2966 5571 3421 5645 _atque_divinum
3452 5591 3633 5645 σχετι-

2050 5638 2183 5762 κιῆῗ,
2220 5639 2316 5709 qui
2350 5637 2798 5711 unusIegitimus
2818 5647 2905 5696 est
2953 5637 3285 5700 Christianis
3328 5637 3623 5717 imaginum

2050 5724 2117 5762 Cll
2168 5723 2253 5762 US.

2050 5718 2253 5765 cultus.
