3930 6324
367 319 507 383 ῙῙΞΙ

1205 320 1539 381 CAPITUM
1577 320 1848 381 THEOL.
1888 319 1984 379 ET
2022 321 2257 380 (ILCON.
2299 320 2689 382 CENTUR’IA
2730 324 2781 384 Ι.

3502 324 3639 389 1192

362 424 510 481 εἶναι
537 426 715 499 σάρκα
744 443 759 459 ⁶
800 428 891 481 τὸν
923 428 979 482 δὲ
1032 429 1235 499 ταύτης
1281 428 1429 493 νοῦν,
1487 428 1725 499 πνεῦμα,
1784 429 1953 498 ἦγουν

2060 431 2237 502 haque
2290 433 2406 502 ipsa
2458 447 2680 487 carnem
2734 448 2891 500 esse;
2942 434 3285 489 intellectum
3340 442 3523 491 autem
3575 452 3639 491 ac

361 515 568 586 ψυχὴν,
626 519 726 589 τῆς
767 519 1025 590 ἀληθείας
1079 514 1173 573 οὖν
1229 520 1631 590 ἁμαρτήσεται.
1678 519 1845 587 Σοφὸς
1893 518 1948 571 δὲ

363 607 674 678 προδήλως,
696 612 725 663 ὀ
755 610 816 664 τὸ
870 610 967 682 μὲν
1020 611 1379 681 φθειρόμενον
1415 610 1574 680 ἀφείς
1595 627 1607 640 ·
1637 611 1756 675 ὅλος
1792 609 1949 682 [imus

368 697 501 769 Reg.
535 700 695 773 ὅλως]
724 702 783 757 δὲ
810 703 906 755 τοῦ
926 703 1207 774 ἀφθάρτου
1243 704 1557 773 γενόμενος.

443 878 551 948 ιπβθ.
591 880 653 933 Ὃ
684 880 781 949 μὲν
830 881 1018 952 νόμος,
1047 879 1186 952 σάρξ
1214 883 1330 934 ἐστι
1358 879 1451 934 τοῦ
1482 879 1627 934 κατὰ
1670 879 1766 950 τὴν
1790 878 1953 948 ἁγίαν

360 972 405 1023 Γ
414 971 597 1043 ραφὴν
654 974 1029 1044 πνευματικοῦ
1075 973 1405 1045 ἀνθρώπουο
1455 973 1707 1044 αἴσθησις
1754 972 1832 1035 δὲ,
1899 973 1951 1023 οί

362 1065 652 1135 προφῆται
679 1083 691 1097 ’
718 1064 781 1118 τὸ
805 1066 860 1118 δὲ
893 1067 1261 1135 Εὐαγγέλιονπ
1281 1065 1429 1137 ψυχὴ
1458 1066 1646 1137 νοερά·
1677 1065 1764 1118 διὰ
1822 1080 1954 1135 σαΡ’

362 1157 465 1219 κὸς
490 1156 584 1210 τοῦ
634 1158 825 1228 νόμου,
873 1160 967 1212 καὶ
1031 1160 1098 1212 δι’
1148 1158 1457 1229 αἰσθήσεως
1511 1159 1623 1212 τῶν
1656 1157 1953 1230 προφητῶν

362 1248 671 1320 ἑνεργοῦσα
694 1266 708 1280 ·
746 1252 841 1304 καὶ
861 1251 959 1323 τὴν
986 1252 1189 1321 ἑαυτῆς
1230 1251 1456 1323 δύναμιν
1488 1254 1609 1314 ταῖς
1647 1249 1948 1321 ἐνεργείαις

358 1343 726 1413 ἐμφαίνουσα.

441 1437 553 1500 ιιγθ.
580 1434 750 1488 Σκιὰν
775 1435 873 1505 μὲν
905 1430 1050 1504 εἶχεν
1079 1437 1107 1487 ὁ
1126 1434 1307 1503 νόμος,
1332 1433 1515 1486 εἰκόνα
1545 1431 1600 1485 δὲ
1635 1432 1685 1485 οἱ
1737 1430 1944 1500 προφῆ-

310 1560 323 1565 -
359 1540 458 1577 ται
502 1524 611 1577 τῶν
648 1526 708 1579 ἐν
736 1526 814 1597 τῷ
867 1526 1183 1595 Εὐαγγελίῳ
1221 1525 1379 1577 θείων
1430 1525 1524 1579 καὶ
1563 1521 1955 1591 πνευματικῶν

360 1612 613 1682 ἀγαθῶν.
654 1615 797 1668 Αὐτὸ
824 1615 881 1668 δὲ
931 1616 992 1667 τὸ
1045 1615 1395 1683 Εὐαγγέλιον,
1452 1614 1622 1682 αὐτὴν
1674 1612 1955 1685 παροῦσαν

361 1706 505 1775 ἡμῖν
536 1706 623 1760 διὰ
658 1707 767 1760 τῶν
812 1709 1155 1778 γραμμάτων
1184 1706 1354 1771 ἔδειξε
1383 1706 1483 1777 τὴν
1524 1705 1813 1776 ἀλήθειαν
1854 1705 1955 1775 τὴν

2052 539 2300 588 sensum,
2337 524 2598 594 spiritum
2635 526 3019 595 appellaverit,
3069 527 3117 581 is
3157 542 3186 580 a
3228 529 3463 582 veritate
3497 528 3638 581 nihil

2053 614 2418 670 aberraverit.
2453 616 2751 684 Perspicue
2794 626 2976 670 autem
3007 616 3097 670 illc
3138 616 3299 685 sapit,
3338 617 3429 686 qui
3469 617 3639 671 misso

2052 723 2119 761 eo
2152 707 2297 776 quod
2325 707 2700 776 corrumpitur
2722 718 2889 778 atque
2926 708 3137 772 interit,
3168 718 3316 763 totus
3345 710 3419 762 illi
3450 709 3641 762 adhae-

2055 804 2161 859 ret,
2191 796 2340 864 quod
2370 795 2506 848 nulli
2540 796 2881 865 corruptioni
2908 796 3207 850 obnoxium
3237 805 3341 851 est.

2122 887 2210 942 92.
2246 888 2378 952 Lex,
2409 902 2538 941 caro
2563 896 2666 951 est,
2700 889 2822 957 ejus
2853 889 3119 958 spiritalis
3154 889 3417 952 hominis,
3454 888 3548 957 qui
3582 890 3640 942 in

2054 979 2340 1049 Scriptura
2380 980 2806 1045 consideratur;
2846 981 3150 1049 prophetm,
3193 996 3416 1045 sensus;
3456 981 3636 1033 Evan-

2054 1074 2279 1145 gelium,
2314 1074 2496 1127 anima
2536 1072 2883 1142 intelligens;
2916 1073 3080 1144 482
3109 1089 3232 1141 qua:
3255 1073 3514 1127 videlicet
3540 1088 3639 1141 per

2060 1181 2285 1221 carnem
2317 1165 2535 1235 (nempe
2555 1165 2780 1234 legem),
2806 1174 2862 1219 et
2883 1181 2980 1233 per
3014 1180 3234 1218 sensum
3263 1166 3337 1235 (id
3370 1173 3472 1229 est,
3506 1179 3636 1233 pro-

2055 1258 2273 1329 phetas)
2306 1265 2590 1329 operetur,
2630 1273 2896 1327 suamque
2928 1258 3045 1326 ipsa
3069 1257 3180 1310 vim
3211 1257 3429 1311 actibus
3458 1255 3638 1309 mani-

2054 1350 2379 1499 festigflex,
2428 1434 2682 1488 umbram
2715 1435 3065 1489 solummodo
3098 1434 3327 1500 habuit;
3356 1436 3643 1505 propheta}

2055 1540 2210 1590 vero,
2247 1525 2568 1579 divinorum
2613 1540 2677 1579 ac
2717 1525 3048 1594 Spiritalium
3090 1525 3385 1590 bonorum,
3424 1542 3547 1594 quae
3582 1526 3636 1580 in

2056 1617 2360 1687 Evangelio
2403 1618 2781 1681 continentur,
2816 1616 3131 1686 imaginem.
3179 1610 3361 1685 Ipsum
3398 1617 3639 1686 denique

2058 1708 2440 1778 Evangelium,
2482 1709 2657 1777 ipsam
2681 1708 2843 1762 nobis
2880 1709 3051 1762 rebus
3079 1717 3406 1778 praesentem
3435 1710 3639 1763 verita-

359 1799 444 1869 τῷ
498 1799 648 1870 νόμῳ
732 1800 1217 1871 προσκιασθεῖσαν,
1295 1800 1391 1853 καὶ
1458 1802 1570 1863 τοῖς
1644 1798 1952 1869 προφήταις

2060 1807 2166 1853 tem
2194 1799 2468 1863 exhibuit,
2491 1814 2656 1868 quam
2688 1799 2775 1853 lex
2806 1797 3186 1867 prateuntibus
3218 1798 3409 1867 figuris
3435 1798 3637 1852 obscu—

359 1888 894 1958 προεικονισθεϊσαν.

438 2070 542 2137 ιηδν.
591 2071 649 2123 ὐ
680 2071 771 2125 τὸν
801 2072 961 2143 νόμον
978 2073 1066 2127 διὰ
1094 2073 1208 2143 βίον
1253 2074 1348 2127 καὶ
1371 2072 1649 2137 πολιτείας
1666 2073 1950 2138 ἐπιτελῶν,

364 2165 553 2233 μόνων
578 2163 687 2216 τῶν
715 2163 813 2234 τῆς
852 2165 1054 2228 κακίας
1109 2167 1272 2238 ἀργεῖ
1319 2166 1803 2237 συμπερασμάτων
1856 2165 1952 2235 (υ),

361 2253 663 2307 καταθύων
708 2246 787 2324 τῷ
820 2254 939 2325 Θεῷ
995 2254 1104 2309 τῶν
1154 2255 1365 2325 ἀλόγων
1432 2256 1620 2309 παθῶν
1651 2255 1749 2326 τὴν
1800 2255 1951 2326 ἐνέρ-

359 2362 545 2413 γειαν·
576 2347 671 2403 καὶ
691 2347 866 2417 τούτῳ
887 2347 1023 2419 πρὸς
1048 2349 1321 2420 σωτηρίαν
1346 2350 1600 2420 ἀρκεῖται
1633 2347 1712 2419 τῷ
1737 2348 1947 2418 τρόπῳ.

358 2436 456 2495 διὰ
489 2437 587 2510 τὴν
607 2442 675 2493 ὲν-
697 2438 845 2511 αὑτῷ
879 2442 1256 2514 πνευματικὴν
1292 2442 1617 2514 νηπιότητα.

438 2612 544 2682 ιιε’.
586 2613 643 2665 ’0
682 2613 759 2683 τῷ
813 2611 1140 2685 προφητικῷ
1192 2612 1335 2683 λόγῳ
1410 2613 1948 2685 παιδαγωγούμενος,

362 2704 510 2776 πρὸς
527 2706 596 2775 τῇ
630 2703 871 2775 ἀποϐολῇ
896 2705 993 2774 τῆς
1027 2704 1136 2761 τῶν
1170 2704 1360 2757 παθῶν
1397 2706 1703 2775 ἐνεργείας,
1731 2706 1825 2761 κάὶ
1853 2706 1951 2767 τὰς

362 2794 514 2849 κατά
548 2794 728 2864 ψυχὴν
767 2794 1167 2864 συνεσταμένας
1222 2794 1401 2848 αὐτῶν
1446 2795 1717 2847 ἐκτίθεται
1740 2811 1950 2862 συγκα-

364 2886 625 2949 ταθὲσεις
651 2902 664 2915 ·
719 2887 807 2940 ἵνα
857 2886 931 2957 μὴ
964 2885 1041 2956 τῷ
1096 2884 1335 2958 χείρονι,
1383 2888 1528 2955 φημὶ
1560 2884 1623 2955 δὴ
1657 2888 1723 2955 τῇ
1760 2886 1947 2955 σαρκὶ,

362 2977 544 3031 δοκῶν
602 2978 798 3042 κακίας
826 2976 1160 3048 ἀπέχεσθαι·
1194 2977 1272 3048 τῷ
1311 2979 1602 3047 κρείττονι,
1634 2977 1776 3045 λέγω
1803 2978 1859 3030 δὲ
1882 2980 1948 3049 τῇ

365 3068 542 3145 ψυχῇ,
573 3068 710 3140 λάθῃ
736 3068 939 3139 ταύτην
967 3069 1206 3138 δαψιλῶς
1235 3068 1648 3139 ὲνεργούμενος.

440 3272 559 3334 ιις’.
598 3266 656 3319 Ὀ
681 3268 781 3336 τὴν
824 3265 1185 3336 εὐαγγελικὴν
1229 3265 1374 3335 ζωὴν
1414 3265 1654 3334 γνησίως
1704 3264 1950 3328 ἀσπαζό-

368 3374 557 3429 μενος,
590 3358 686 3411 καὶ
732 3357 910 3427 ἀρχὴν
948 3358 1044 3410 καὶ
1073 3356 1227 3419 τέλος
1261 3356 1453 3408 ἑαυτοῦ
1494 3356 1592 3425 τῆς
1620 3357 1819 3420 κακίας
1860 3357 1949 3420 ἐξ-

363 3449 566 3517 έτεμε·
604 3446 697 3505 καὶ
728 3448 907 3499 πᾶσαν
946 3446 1148 3515 ἀρετὴν
1173 3445 1321 3515 ἔργῳ
1347 3462 1407 3497 τε
1442 3445 1535 3498 καί
1577 3445 1720 3514 λόγῳ
1753 3445 1949 3516 μετέρ-

361 3551 527 3609 χεται
547 3550 559 3564 ’
590 3534 733 3587 θύων
755 3533 941 3597 θυσίας
967 3534 1218 3598 αἰνέσεως
1246 3533 1821 3605 καὶὲξομολογήσεως,
1843 3536 1949 3589 πά-

367 3644 475 3697 σης
509 3627 609 3697 τῆς
652 3626 771 3680 κατ’
811 3626 1090 3696 ἐνέργειαν
1144 3625 1251 3678 τῶν
1288 3625 1478 3679 παθῶν
1527 3626 1948 3696 ἀπηλλαγμένος

360 3717 670 3789 ὀχλήσεως,
693 3718 788 3770 καὶ
814 3718 913 3788 τῆς
936 3717 1079 3770 κατά
1103 3715 1226 3768 νοῦν
1242 3716 1380 3787 πρὸς
1407 3716 1545 3769 αὐτὰ
1568 3717 1739 3786 μάχης
1770 3718 1946 3787 ὑπάρ-

364 3828 482 3879 χων
525 3808 849 3879 ἐλεύθεροςο
906 3808 1003 3861 καὶ
1054 3809 1227 3877 μόνην
1286 3805 1429 3876 ῑχων
1474 3807 1573 3875 τὴν
1620 3806 1707 3859 ἐπ’
1774 3805 1949 3867 ἑλπίδι

360 3900 475 3953 τῶν
519 3899 827 3970 μελλόντων
880 3899 1104 3967 ἀγαθῶν
1156 3898 1253 3971 τὴν
1307 3897 1487 3970 ψυχὴν
1529 3897 1951 3968 διατρέφουσαν,

362 3992 667 4062 ἀκόρεστον
707 3992 921 4063 ἡδονήν.

438 4184 550 4251 ινιξό
578 4185 703 4248 Τοῖς
732 4183 1177 4255 σπουδαιοτέροις
1208 4181 1321 4241 τῶν
1359 4182 1520 4240 θείων
1549 4183 1783 4254 Γραφῶν
1825 4184 1949 4236 ἑπι-

368 4277 656 4348 μεληταϊς,
721 4275 817 4329 δύο
876 4275 1015 4345 ἔχων
1057 4275 1412 4344 ἀναφαίνεται
1483 4274 1698 4346 μορφὰς
1733 4275 1762 4327 ὁ
1798 4275 1948 4331 κατὰ

369 4366 575 4436 Κύριον
606 4366 816 4434 Λόγος
860 4367 967 4435 τὴν
1005 4365 1104 4436 μὲν
1149 4364 1339 4435 κοινὴν
1390 4366 1481 4419 καὶ
1528 4365 1948 4436 δημωδεστέραν

2054 1886 2173 1941 rius
2192 1887 2641 1954 adumbraverit;
2670 1889 2954 1957 prophetas
2974 1904 3108 1941 vero
3130 1889 3283 1941 velut
3309 1888 3475 1942 ducta
3499 1890 3639 1943 ima-

2053 1978 2178 2049 gine
2210 1979 2544 2034 clarioribus
2580 1980 2751 2033 lineis
2781 1980 3051 2048 tantisper
3092 1978 3639 2047 repraesentaverint.

2124 2072 2212 2125 94.
2231 2070 2334 2136 Qui
2366 2071 2478 2126 vita
2508 2086 2572 2127 ac
2597 2071 3016 2126 conversatione
3042 2070 3218 2140 legem
3242 2070 3588 2139 exsequitur,
3607 2086 3639 2124 a

2050 2164 2185 2217 solis
2210 2173 2368 2218 vacat
2408 2164 2537 2219 mali
2567 2164 2803 2233 vitiique
2834 2163 3290 2219 conclusionibus
3327 2162 3403 2234 (id
3440 2172 3524 2217 est
3544 2179 3641 2217 ex-

2052 2254 2265 2327 tremis)
2284 2256 2579 2310 immolans
2597 2256 2729 2320 Deo,
2747 2256 2894 2324 quod
2920 2255 3321 2309 irrationalium
3339 2254 3641 2308 affectuum

2053 2362 2119 2400 ac
2146 2346 2439 2401 libidinum
2473 2354 2635 2409 nutu,
2662 2355 2784 2400 actu
2808 2345 3040 2415 geritur.
3076 2345 3302 2413 llocque
3339 2344 3419 2398 illi
3446 2345 3634 2409 modo,

2052 2439 2124 2494 ob
2173 2439 2479 2508 Spiritalem
2530 2439 2587 2491 in
2629 2452 2697 2493 eo
2748 2437 3062 2503 infantiam,
3102 2438 3171 2491 ad
3220 2438 3457 2493 salutem
3502 2437 3644 2492 satis

2052 2530 2386 2584 consulitur.

2122 2622 2210 2676 95.
2243 2620 2347 2686 Qui
2380 2620 2710 2691 prophetico
2734 2636 2991 2675 sermone
3017 2620 3293 2682 eruditur,
3325 2620 3531 2674 nedum
3559 2619 3640 2675 af-

2050 2715 2299 2769 fectuum
2346 2714 2723 2783 vitiorumque
2767 2721 2953 2767 actum
2993 2711 3186 2781 abiicit
3213 2726 3312 2766 seu
3353 2711 3640 2776 etl‘ectum,

2051 2823 2243 2862 verum
2291 2807 2459 2861 etiam
2497 2807 2590 2875 qui
2634 2806 2823 2859 animo
2862 2803 3197 2868 conﬂantur,
3242 2818 3436 2857 eorum
3482 2803 3641 2872 ponit

2053 2914 2377 2962 consensus,
2402 2913 2474 2951 ne
2506 2897 2637 2951 dum
2666 2896 2930 2951 deteriori
2989 2905 3144 2964 parte
3176 2893 3361 2965 (carne
3401 2893 3643 2963 scilicet)

2054 3005 2085 3044 a
2108 2990 2253 3043 malo
2279 3003 2342 3042 ac
2359 2987 2628 3057 pravitate
2652 2986 2933 3040 abstinere
2957 2986 3201 3049 videtur,
3244 3000 3330 3047 ea,
3356 2998 3478 3052 qua:
3502 2999 3642 3051 pra:-

2054 3081 2288 3136 stantior
2312 3089 2399 3134 est
2429 3081 2647 3150 (nempe
2694 3076 2925 3149 animo),
2951 3077 3089 3132 illud
3124 3076 3453 3147 imprudens
3489 3076 3643 3147 large

2053 3182 2334 3245 operetur.
3638 3233 3643 3239 ‘

2122 3267 2209 3322 96.
2258 3265 2364 3331 Qui
2404 3279 2535 3319 vere
2564 3280 2632 3319 ex
2664 3263 2851 3317 animo
2884 3262 3259 3331 evangelicam
3300 3262 3471 3316 vitam
3518 3278 3640 3316 am-

2052 3356 2332 3425 plectitur,
2371 3370 2402 3409 a
2441 3370 2500 3409 se
2545 3353 2674 3407 mali
2718 3362 2884 3421 atque
2918 3352 3039 3406 vitii
3075 3367 3199 3406 cum
3247 3352 3489 3413 initium,
3518 3361 3637 3407 tum

2050 3448 2217 3503 ﬁnem
2261 3446 2588 3516 amputavit,
2636 3460 2970 3512 omnemque
3014 3452 3071 3498 et
3107 3459 3278 3513 opere
3319 3453 3376 3498 et
3422 3445 3637 3500 ratione

2050 3556 2148 3597 seu
2173 3554 2431 3595 sermone
2468 3522 2733 3594 virtutem
2766 3537 2935 3600 colit,
2963 3552 3164 3605 nempe
3198 3536 3492 3590 immolans
3523 3537 3642 3590 Deo

2050 3634 2262 3691 hostias
2292 3633 2471 3687 laudis
2500 3640 2556 3686 et
2581 3629 2969 3693 confessionis,
3010 3628 3103 3697 qui
3150 3628 3298 3689 omni
3336 3627 3636 3681 aﬁ'ectuum

2050 3740 2115 3778 ac
2136 3724 2436 3778 libidinum
2462 3723 2528 3775 in
2566 3729 2693 3776 actu
2717 3730 2884 3789 atque
2924 3734 3092 3787 opere
3133 3719 3347 3772 solutus
3380 3717 3635 3771 molestia

2049 3817 2143 3880 sit,
2191 3823 2359 3882 atque
2403 3829 2432 3867 a
2478 3829 2661 3882 pugna
2702 3828 2825 3879 quae
2864 3825 2988 3864 cum
3034 3810 3145 3863 illis
3186 3811 3371 3863 animo
3401 3809 3635 3878 geritur,

2050 3906 2194 3960 liber
2239 3922 2252 3957 :
2305 3904 2514 3974 quique
2558 3904 2675 3957 sola
2700 3902 2933 3956 demum
2990 3901 3288 3954 insatiabili
3328 3901 3631 3968 voluptate,

2049 3998 2367 4052 futurorum
2414 3995 2693 4049 bonorum
2741 4007 2837 4061 spe
2876 3998 3135 4061 pascente
3183 4004 3249 4044 ac
3297 3988 3633 4054 delectante,

2050 4088 2316 4160 praeditus
2338 4089 2431 4143 sit.

2119 4179 2212 4234 97.
2262 4178 2479 4232 Divinis
2508 4173 2815 4245 Scripturis
2838 4171 3168 4242 impensiori
3203 4170 3490 4241 diligentia
3530 4186 3633 4225 na-

2049 4272 2311 4327 vantibus
2368 4285 2617 4339 Operam,
2679 4267 2888 4337 duplici
2952 4265 3111 4334 quasi
3173 4263 3352 4318 forma
3412 4262 3635 4318 Domini

2051 4361 2245 4417 Sermo
2273 4368 2501 4432 apparet
2549 4374 2647 4414 seu
2688 4357 3066 4427 conspicitur;
3106 4356 3279 4411 altera
3327 4354 3634 4417 communi,

364 4455 462 4509 καὶ
504 4456 605 4507 οὑκ
632 4454 834 4523 ὀλίγοις
869 4453 1062 4524 θεατὴν
1083 4494 1097 4519 ,
1140 4453 1364 4525 καθ’ἥν
1395 4454 1611 4522 λέγεται
1648 4455 1742 4519 τὸ,
1778 4454 1946 4509 E160-

2060 4453 2334 4523 magisque
2373 4467 2441 4505 ex
2487 4466 2593 4504 usu
2626 4448 2774 4518 vulgi
2820 4462 2925 4501 nec
2960 4445 3154 4515 paucis
3195 4442 3541 4513 aspectabili,
3565 4456 3640 4496 ex

363 4560 482 4612 μεν
519 4544 729 4609 αὐτὸν,
764 4544 862 4597 καὶ
912 4545 1024 4597 οὐκ
1078 4541 1244 4612 εἶχεν
1291 4538 1453 4612 εἶδος
1493 4545 1635 4600 οὐδὲ
1683 4546 1944 4613 κάλλος·

366 4634 467 4705 τὴν
514 4636 572 4688 δὲ
605 4636 988 4707 κρυφιωτέραν
1044 4639 1138 4690 καὶ
1184 4636 1381 4704 ὀλίγοις
1414 4637 1661 4708 ἐφικτὴν,
1702 4640 1811 4701 τοῖς
1846 4639 1945 4709 ἥδη

370 4728 514 4780 κατά
590 4729 798 4799 Πέτρον
843 4729 933 4781 καὶ
1010 4729 1265 4782 Ἰάκωϐον
1322 4728 1416 4781 καὶ
1479 4728 1755 4797 Ἰωάννην,
1824 4730 1952 4792 τοὺς

372 4817 561 4885 ἁγίους
603 4818 938 4881 ἀποστόλους
966 4819 1267 4887 γεγονόσιν,
1311 4819 1396 4887 ἐφ’
1426 4810 1501 4873 ὧν
1530 4821 1559 4871 ὁ
1588 4817 1793 4888 Κύριος
1822 4836 1952 4889 μετ-

372 4909 670 4981 εμορφώθη
731 4911 868 4982 πρὸς
921 4910 1081 4975 δόξαν
1124 4910 1363 4964 νικῶσαν
1391 4910 1491 4981 τὴν
1520 4911 1792 4979 αἴσθησινο
1828 4911 1950 4964 καθ’

372 5000 439 5069 ἣν
466 5000 642 5053 ἐστιν
671 4999 883 5068 ὡραῖος
911 5000 1121 5055 κάλλει
1143 5001 1303 5069 παρὰ
1328 5001 1471 5067 τοὺς
1501 5000 1674 5067 υἱοὺς
1697 5000 1818 5056 τῶν
1840 5003 1950 5056 ἀν-

446 5137 493 5169 ⁸³
515 5137 618 5191 Isa.
643 5153 753 5201 Llll,
776 5138 831 5192 9..

449 5246 521 5319 (υ)
547 5248 763 5319 Mder
794 5245 913 5300 τῶν
937 5245 1046 5319 τῆς
1081 5247 1293 5319 κακίας
1328 5245 1498 5319 ἀργεῖ
1517 5246 1947 5319 συμπερασμὰ-

377 5316 511 5372 acor.
558 5318 680 5373 Hoc
714 5331 937 5387 quoque
964 5317 1131 5371 Marci
1163 5316 1441 5387 νηπτικῶν
1468 5332 1589 5386 cap.
1625 5317 1710 5387 ll.
1749 5316 1954 5370 Sensus

378 5397 481 5447 est,
514 5402 640 5440 eum
662 5386 754 5457 qui
784 5388 884 5441 soli
916 5387 1041 5443 vita:
1070 5386 1255 5441 studet
1287 5402 1349 5439 ac
1373 5386 1801 5457 convcrsalioni,
1856 5402 1953 5440 seu

378 5457 471 5521 qui
522 5472 621 5525 pro
666 5455 1049 5526 incipientium
1100 5458 1333 5521 ratione,
1395 5456 1656 5511 exteriori
1732 5455 1959 5526 virtutis

378 5526 549 5581 cultui
571 5528 748 5582 solum
769 5525 1124 5596 impenditur,
1157 5529 1263 5582 hoc
1292 5543 1459 5581 unum
1486 5542 1699 5589 cavere,
1729 5541 1796 5581 ne
1820 5525 1954 5596 quid

379 5609 542 5666 opere
572 5607 784 5666 peccet,
819 5598 1044 5666 ipsaque
1076 5598 1207 5650 vitia
1232 5606 1286 5650 ct
1315 5598 1567 5660 aﬂ‘cctus,
1619 5613 1713 5649 seu
1751 5613 1955 5651 concu—

382 5664 678 5732 piscentias
699 5664 1049 5736 exsequendo
1070 5685 1080 5718 :
1109 5682 1229 5735 quae
1246 5675 1375 5720 sunt
1394 5668 1503 5718 τῶν
1522 5666 1731 5733 ἀλόγων
1765 5667 1955 5719 παθῶν

385 5738 843 5809 συμπεράσματα,
880 5738 1020 5791 velut
1049 5736 1439 5803 conclusiones;
1470 5753 1580 5807 quo
1597 5753 1794 5807 nempe
1819 5739 1954 5792 irra-

2052 4547 2213 4617 cujus
2252 4545 2472 4599 (ratione
2509 4544 2717 4597 dicitur
2758 4541 2895 4596 illud
2928 4559 2941 4594 :
2980 4541 3212 4595 Vidimus
3259 4555 3400 4604 eum,
3445 4544 3494 4591 et
3530 4554 3639 4591 non

2052 4639 2273 4694 habebat
2313 4634 2747 4708 speciem‘neque
2786 4636 3021 4689 decorem
3052 4635 3095 4665 ⁵³
3140 4650 3155 4687 :
3194 4633 3365 4687 altera
3409 4632 3641 4686 abstru»

2049 4731 2219 4794 siore,
2259 4744 2324 4783 ac
2357 4744 2523 4798 quam
2554 4729 2720 4797 pauci
2748 4734 3149 4797 assequamur;
3190 4726 3236 4779 ii
3281 4724 3499 4779 scilicet
3538 4720 3640 4791 qui

2045 4822 2157 4891 jam
2179 4820 2388 4874 sanctis
2411 4820 2699 4889 apostolis,
2724 4820 2889 4874 Petro
2908 4826 2967 4874 et
2992 4818 3198 4873 Iacobo
3221 4826 3278 4871 et
3301 4816 3523 4879 Joanni,
3564 4815 3645 4868 εἴα

2051 4913 2212 4967 miles
2242 4912 2590 4976 exstiterint;
2631 4912 2735 4965 sub
2763 4926 3001 4981 quorum
3036 4908 3334 4978 praesentia
3365 4905 3647 4960 Dominus:

2051 5003 2476 5059 transformatus
2494 5012 2600 5068 est,
2633 5017 2701 5057 ea
2729 5002 2980 5057 claritate
3001 5016 3124 5070 quae
3152 5015 3374 5055 sensum
3404 5014 3646 5068 exsupe-

2062 5247 2294 5302 tionales
2333 5248 2565 5303 allectus
2598 5257 2648 5302 et
2691 5248 2949 5302 libidines
2986 5247 3273 5301 innectunt
3305 5256 3359 5300 et
3386 5246 3641 5312 trahunt,

2059 5318 2139 5371 uti
2166 5327 2391 5386 exponit
2423 5319 2538 5373 Jac.
2572 5336 2611 5385 ι,
2652 5320 2741 5373 lli.
2788 5320 2962 5373 Ducta
3015 5318 3328 5386 metaphora
3386 5332 3416 5369 a
3467 5317 3641 5386 syllo~

2060 5388 2256 5457 gismo,
2300 5388 2354 5441 in
2410 5405 2520 5457 quo
2583 5390 2664 5443 sic
2732 5389 3027 5459 praemissa:
3080 5389 3148 5441 ad
3221 5386 3642 5459 conclusionem

2060 5456 2289 5527 ejusque
2370 5456 2654 5513 ascensum
2726 5456 2997 5513 inducunt
3071 5473 3134 5513 ac
3198 5464 3432 5527 cogunt.
3486 5456 3639 5511 Nihil

2061 5526 2403 5593 bene'Picus,
2438 5529 2493 5580 in
2538 5530 2733 5583 uitiosis
2782 5530 3043 5585 duntaxat
3101 5526 3510 5582 connexionibus
3544 5545 3643 5580 va-

2062 5607 2194 5662 cat;
2256 5599 2556 5670 tunrquod
2603 5600 2771 5654 verbo
2812 5601 2972 5670 ἀργεῖ
3026 5597 3361 5655 contrarium
3414 5596 3643 5651 videtur

2063 5682 2286 5720 sensum
2345 5668 2645 5738 aﬂingcre;
2724 5668 3036 5739 tum'quod
3096 5684 3285 5726 vocem
3345 5682 3639 5738 συμπεραρ

2063 5739 2283 5808 σμάτων
2314 5755 2420 5794 non
2455 5741 2587 5794 satis
2607 5740 2855 5809 exponit.
