3930 6324
359 296 496 359 1123

1529 292 1587 350 S.
1633 290 1912 350 MAXIM]
1953 289 2468 349 CUN‘I’ESSORIS

3495 290 3638 354 1124

355 419 470 472 rat;
512 422 620 476 qua
659 415 732 461 est
763 408 1026 476 speciosus
1058 405 1229 474 {arma
1275 418 1386 474 pne
1412 400 1540 470 ﬁliis
1567 401 1840 453 hominum
1871 398 1938 449 ⁸⁸.

2050 399 2310 466 ϐρώσεων.
2341 398 2559 450 Τούτων
2590 399 2646 451 δὲ
2676 398 2783 450 τῶν
2800 398 2893 451 δύο
2911 398 3157 470 μορεῶν,
3188 398 3345 469 ἡμὲν
3370 401 3634 472 προτέρα,

357 500 530 552 Porro
565 497 802 566 duplicis
835 497 1001 566 hujus
1025 497 1236 560 formae,
1273 495 1431 564 prior
1468 492 1694 562 quidem
1721 491 1809 545 his
1839 491 1933 559 qui

2050 493 2148 554 toi;
2200 492 2578 560 εἰσαγομένοις
2631 492 2887 562 ἁρμόδιος
2920 510 2933 522 ο
2989 493 3021 559 ἡ
3087 492 3318 562 δευτέρα
3385 493 3465 555 δὲ,
3523 497 3639 556 τοῖς

355 591 698 644 inducuntur
765 605 830 643 ac
888 589 1164 642 tironibus
1213 586 1549 640 conveniens
1598 591 1714 648 est;
1767 583 1940 636 altera

357 698 485 736 vero
525 698 592 735 ex
625 696 818 735 eorum
865 689 952 735 est
1002 679 1240 743 ratione,
1289 679 1385 747 qui
1432 676 1662 746 perfecti
1707 674 1943 730 scientia

356 780 485 826 sunt
527 787 590 825 ac
637 771 1030 834 consummati,
1073 769 1254 840 quoad
1299 770 1418 839 ejus
1464 768 1614 821 licet.
1660 765 1822 836 [‘83
1866 765 1946 818 Ac

352 863 582 930 quidem
631 863 830 931 prima,
880 863 1094 915 Domini
1149 861 1353 930 prioris
1389 858 1659 912 adventus
1704 856 1947 926 speciem

358 952 545 1016 refert,
588 953 654 1006 ad
714 968 872 1020 quem
919 951 1208 1006 referenda
1263 949 1545 1019 Evangelii
1593 948 1800 1012 littera,
1845 946 1938 1016 qui

359 1057 556 1110 nempe
600 1043 870 1095 malorum
919 1055 985 1093 ac
1029 1053 1399 1093 aerumnarum
1445 1037 1800 1106 perpessione
1844 1051 1940 1089 eos

357 1133 640 1198 emundet,
668 1133 762 1202 qui
793 1132 997 1186 actioni
1033 1131 1259 1185 student
1287 1149 1300 1183 :
1336 1129 1533 1193 altera,
1558 1128 1786 1183 secundi
1819 1127 1938 1196 glo-

358 1225 604 1294 riosiqtte
649 1224 922 1290 adventus
961 1221 1267 1291 designatio
1311 1229 1395 1275 est
1435 1230 1599 1290 atque
1641 1220 1836 1290 ﬁgura,
1871 1219 1938 1273 ad

357 1330 522 1382 quem
558 1322 807 1383 spectare
837 1312 1198 1383 intelligimus
1219 1313 1474 1381 spiritum
1501 1328 1514 1375 ;
1558 1311 1652 1380 qui
1681 1310 1944 1364 videlicet

355 1408 632 1476 spiritales
667 1422 732 1462 ac
769 1406 1087 1461 divinorum
1134 1403 1366 1459 scientia
1411 1403 1684 1468 excultos,
1722 1401 1943 1471 sapien-

2038 583 2178 636 κατά
2207 582 2303 652 τὴν
2335 582 2537 651 γνῶσιν
2560 582 2634 645 ὡς
2656 583 2879 652 ἐφικτὸν
2911 583 3281 636 τελειωθεῖσιν
3345 583 3633 652 ἀνάλογος.

2042 674 2152 727 Καὶ
2180 676 2212 742 ἡ
2246 673 2364 744 μὲν,
2387 674 2485 744 τῆς
2507 673 2733 745 πρώτης
2768 674 2860 726 τοῦ
2898 677 3103 746 Κυρίου
3139 676 3445 746 παρουσίας
3477 678 3636 729 ἐστὶν

2042 764 2226 827 εἰκὼν,
2260 765 2343 833 ἐφ’
2383 761 2450 836 ἧς
2478 765 2538 817 τὸ
2575 766 2736 836 ῥητὸν
2776 766 2871 818 τοῦ
2928 768 3262 835 Εὐαγγελίου
3312 767 3500 821 θετέον
3536 772 3638 836 τῆς

2043 856 2128 909 διὰ
2161 856 2500 926 παθημάτων
2531 857 2905 929 καθαιρούσης
2932 861 3058 920 τοὺς
3083 863 3422 930 πρακτικούς
3444 877 3460 890 ⁸
3491 865 3525 932 ἡ
3555 863 3633 924 δὲ,

2046 947 2142 1015 τῆς
2165 946 2424 1016 δευτέρας
2473 949 2564 999 καὶ
2614 948 2827 1012 ἐνδόξου
2858 951 3162 1020 παρουσίας
3192 953 3310 1004 ἐστὶ
3341 953 3635 1023 προδιατύ-

2048 1054 2242 1102 πωσις,
2299 1037 2384 1104 ἐφ’
2419 1031 2488 1106 ἦς
2520 1037 2580 1090 τὸ
2630 1037 2848 1108 πνεῦμα
2877 1043 3076 1092 νοεῖται
3103 1053 3118 1067 ⁸
3169 1041 3274 1110 τῆς
3307 1042 3398 1094 διὰ
3439 1043 3636 1112 σοφίας

2045 1129 2170 1190 τοὺς
2232 1131 2567 1195 γνωστικοὺς
2618 1135 3080 1202 μεταμορφούσης
3133 1133 3272 1202 πρὸς
3311 1132 3638 1186 Θέωσινοέκ

2046 1223 2145 1291 τῆς
2191 1222 2247 1272 ὲν
2271 1225 2454 1285 αὐτοῖς
2479 1221 2572 1275 τοῦ
2598 1222 2756 1291 λόγου
2788 1225 3290 1295 μεταμορφώσεως,
3353 1227 3632 1278 ἀνακεκα-

2049 1312 2310 1383 λυμμένῳ
2360 1313 2639 1384 προσώπῳ
2695 1313 2793 1386 τὴν
2821 1315 2979 1382 δόξαν
3024 1317 3231 1386 Κυρίου
3271 1316 3638 1386 κατοπτριζο-

2055 1401 2266 1471 μένους.

359 1502 450 1554 tite
477 1516 709 1556 munere
739 1501 808 1555 ad
830 1499 1244 1554 deiﬁeationem
1272 1497 1656 1562 transformet;
1685 1510 1754 1549 ex
1777 1492 1939 1550 Verbi
1981 1493 2037 1548 in
2063 1495 2147 1551 eis
2175 1494 2682 1558 transformatione,
2749 1493 2973 1548 Domini
3036 1494 3346 1550 claritatem
3395 1494 3636 1550 revelata

358 1593 498 1649 facie
519 1593 870 1662 speculantes
899 1592 967 1646 ⁸³.

427 1683 518 1736 98.
571 1682 676 1748 Qui
732 1683 960 1738 immota
1019 1683 1328 1739 constantia
1393 1688 1622 1752 propter
1677 1681 1939 1734 virtutem

2122 1677 2232 1748 ιη’.
2269 1680 2327 1733 '0
2345 1680 2444 1750 μὲν
2465 1680 2872 1743 ἀκατασείστως
2894 1679 3034 1749 ὑπὲρ
3060 1679 3261 1750 ἀρετῆς
3284 1677 3635 1750 ἐγκαρτερῶν

360 1773 501 1827 mala
547 1773 766 1837 tolerat,
817 1773 1058 1843 primum
1114 1774 1171 1828 in
1215 1789 1274 1828 se
1319 1773 1486 1826 Verbi
1528 1772 1848 1833 adventum,
1873 1770 1942 1824 ab

361 1865 510 1919 omni
537 1865 935 1920 emundantem
972 1865 1117 1928 labe,
1145 1864 1422 1918 efﬁcacem
1457 1863 1658 1917 habet:
1683 1863 1777 1931 qui
1813 1875 1944 1914 vero

358 1972 460 2025 per
514 1955 1037 2023 contemplationem
1089 1955 1156 2008 ad
1206 1963 1408 2008 statum
1463 1953 1674 2023 angelis
1725 1952 1943 2006 afﬁnem

361 2049 606 2101 animum
631 2046 900 2110 traduxit,
930 2047 1160 2100 secundi
1186 2046 1296 2099 vim
1323 2046 1592 2100 adventus
1617 2054 1812 2099 nactus
1838 2052 1942 2107 est,

363 2140 443 2193 illi
485 2156 516 2192 a
561 2138 721 2192 malis
759 2124 1164 2192 immunitatem
1210 2146 1562 2207 praestantem
1605 2148 1662 2191 et
1710 2147 1772 2190 ut
1820 2136 1944 2191 laedi

365 2229 660 2282 contrariis
696 2242 805 2281 non
839 2228 1031 2296 possit.

432 2339 522 2394 99.
580 2337 789 2393 Sensus
834 2339 910 2392 illi
957 2354 1144 2394 comes
1185 2348 1290 2402 est,
1331 2339 1425 2409 qui
1467 2339 1740 2393 actionem
1777 2338 1940 2403 colit;

362 2430 460 2499 qui
487 2447 685 2500 nempe
720 2431 912 2484 labore
941 2431 1241 2485 virtutibus
1273 2431 1553 2501 fungitur;
1583 2430 1820 2500 sapienti
1844 2445 1946 2483 au-

364 2527 473 2572 tem
512 2534 577 2573 ac
625 2518 881 2587 spiritali,
924 2533 1119 2573 sensus
1162 2519 1413 2572 absentia
1457 2534 1520 2572 ac
1577 2527 1790 2587 stupor,
1851 2517 1946 2586 qui

365 2619 604 2664 mentem
634 2626 664 2664 a
709 2625 874 2664 carne
921 2617 977 2663 et
1025 2609 1234 2663 mundo
1275 2610 1331 2662 in
1369 2610 1540 2664 Deum
1587 2609 1944 2662 contraxerit.

287 2707 294 2713 '
363 2703 498 2755 Nam
534 2702 686 2769 prior
714 2701 959 2770 quidem,
993 2702 1086 2770 qui
1121 2701 1394 2756 actionem
1426 2701 1756 2770 praestando,
1789 2711 1948 2754 natu-

336 2791 500 2844 ‘ralis
537 2790 605 2843 ad
641 2806 864 2844 carnem
897 2791 1239 2846 habitudinis
1275 2793 1512 2846 vinculis
1542 2793 1788 2846 animum
1833 2791 1945 2845 sol-

363 2895 494 2934 vere
519 2881 856 2944 connitatur,
876 2882 1132 2936 eumdem
1160 2883 1356 2937 crebro
1376 2883 1661 2937 laboribus
1686 2883 1944 2936 fatiscen-

367 2982 474 3025 tem
502 2973 668 3026 habet
707 2991 719 3026 :
757 2975 899 3028 alter
924 2990 1076 3037 vero,
1121 2975 1214 3044 qui
1245 2976 1364 3045 ejus
1387 2976 1734 3030 habitudinis
1763 2975 1947 3028 clavos

364 3061 844 3129 contemplationis
897 3063 951 3116 vi
1003 3064 1294 3129 evulserit,
1351 3066 1489 3119 nulli
1549 3067 1656 3135 jam
1720 3081 1946 3134 prorsus

366 3153 749 3221 mancipabilis
783 3162 888 3217 cst,
933 3156 1002 3208 ab
1045 3172 1112 3210 eo
1151 3159 1260 3227 jam
1307 3159 1546 3212 mundus
1580 3158 1832 3222 effectus,
1879 3174 1947 3212 ex

364 3245 523 3314 cujus
551 3243 735 3299 indole
766 3254 852 3298 est
881 3253 942 3298 ut
976 3246 1252 3301 afﬁciatur
1274 3264 1338 3302 ac
1364 3257 1618 3303 teneatur
1653 3265 1747 3304 seu
1790 3249 1945 3303 subi-

365 3345 548 3406 gatur,
584 3336 652 3390 ab
685 3336 789 3401 eis,
827 3338 921 3406 qui
951 3354 1148 3407 capere
1179 3355 1244 3392 ac
1267 3355 1582 3410 expugnare
1609 3341 1802 3394 velint.

437 3427 558 3481 100.
592 3427 748 3493 Quod
776 3429 832 3482 in
856 3428 1078 3483 deserto
1105 3430 1386 3490 lsraelitis,
1401 3447 1596 3486 manna
1623 3432 1813 3485 datum
1838 3442 1942 3495 est,

369 3515 465 3570 Dei
493 3532 672 3570 sermo
691 3527 794 3580 est,
820 3518 927 3581 his,
955 3519 1050 3586 qui
1077 3519 1170 3572 illo
1193 3501 1514 3583 vescuntur,
1542 3520 1610 3573 ad
1642 3520 1943 3589 spiritalem

368 3622 584 3660 omnem
622 3607 962 3675 voluptatem
1005 3608 1309 3673 sufﬁciens,
1349 3624 1559 3678 proque
1604 3590 1939 3678 sumentium

368 3699 584 3752 diversa
655 3699 992 3768 cupiditate,
1061 3700 1130 3754 ad
1199 3716 1417 3756 omnem
1493 3709 1940 3770 contemperatus

367 3800 588 3861 gustum
654 3791 701 3822 ‘“
755 3810 768 3846 :
823 3793 1028 3864 quippe
1088 3795 1182 3864 qui
1261 3794 1444 3849 omnis
1502 3794 1613 3849 cibi
1675 3793 1938 3863 spiritalis

368 3892 584 3954 gustum
635 3883 835 3939 habeat
879 3901 944 3940 ac
985 3887 1326 3956 qualitatem.
1371 3887 1504 3941 Eam
1547 3886 1618 3941 ob
1663 3902 1799 3950 rem,
1849 3887 1936 3942 his

368 3977 593 4046 quidem
619 3978 714 4047 qui
736 3978 922 4034 denuo
941 3994 1010 4033 ex
1032 3980 1360 4050 incorrupto
1381 3980 1593 4034 semine
1634 3995 1734 4048 per
1760 3979 1937 4047 Spiri-

373 4079 485 4122 tum
511 4070 624 4124 nati
659 4079 808 4136 sunt,
837 4071 1105 4125 rationale
1133 4071 1250 4126 sine
1283 4072 1412 4125 dolo
1455 4071 1540 4125 lac
1577 4070 1816 4125 efﬁcitur
1852 4072 1931 4137 ⁸³;

370 4161 482 4214 illis
518 4170 704 4215 autem
745 4163 840 4230 qui
881 4169 1011 4216 sunt
1055 4161 1277 4224 inﬁrmi,
1325 4162 1448 4216 olus
1490 4162 1557 4226 ⁵⁸,
1596 4161 1940 4216 laborantem

369 4251 480 4304 vim
521 4252 690 4306 animi
734 4243 1134 4322 aﬂectibusque
1176 4252 1468 4307 obnoxiam
1511 4268 1764 4308 recreans
1810 4272 1824 4306 :
1872 4254 1940 4310 iis

2045 1770 2154 1830 τοῖς
2181 1769 2397 1834 δεινοῖς,
2424 1770 2821 1840 ἐνεργουμένην
2849 1770 2936 1838 ἐφ’
2974 1768 3170 1823 ἑαυτὸν
3197 1767 3316 1837 ἔχει
3345 1767 3446 1837 τὴν
3480 1764 3632 1836 πρώ-

2045 1877 2142 1930 την
2157 1859 2249 1912 τοῦ
2265 1861 2436 1927 Λόγου
2457 1860 2780 1929 παρουσίαν,
2799 1861 2978 1930 πάσης
3000 1858 3162 1913 αὐτὸν
3186 1858 3405 1928 κηλίδος
3433 1857 3632 1911 καθαί-

2049 1967 2244 2020 ρουσαν
2270 1967 2282 1980 ·
2317 1953 2345 2003 ὁ
2381 1951 2438 2002 δὲ
2475 1952 2565 2004 τὸν
2603 1951 2728 2005 νοῦν
2779 1951 2916 2022 πρὸς
2961 1951 3059 2021 τὴν
3098 1950 3206 2002 τῶν
3251 1948 3502 2016 ἀγγέλων
3546 1947 3632 2000 διὰ

2045 2040 2280 2112 θεωρίας
2311 2042 2681 2112 μεταϐιϐάσας
2711 2044 3068 2105 κατάστασιν,
3107 2042 3204 2111 τῆς
3232 2041 3494 2110 δευτέρας
3519 2040 3629 2110 ἔχει

2046 2132 2346 2200 παρουσίας
2378 2133 2476 2204 τὴν
2499 2133 2750 2204 δύναμιν,
2797 2133 3132 2206 ἐνεργοῦσαν
3156 2132 3307 2204 ἀυτῷ
3334 2134 3398 2188 τὺ
3422 2132 3631 2196 ἀπαθὲς

2046 2223 2140 2276 καὶ
2169 2224 2464 2278 ἀνάλωτον.

2116 2336 2218 2404 ινιθ’.
2253 2337 2514 2408 Αἴσθησις
2550 2339 2648 2409 μὲν
2680 2339 2874 2392 ἕπεται
2903 2338 2982 2409 τῷ
3012 2338 3329 2409 πρακτικῷ,
3359 2339 3448 2392 διὰ
3475 2339 3634 2392 πόνον

2047 2428 2398 2496 κατορθοῦντι
2423 2430 2523 2492 τὰς
2543 2430 2762 2500 ἀρετάς·
2789 2429 3124 2500 ἀναισθησία
3143 2429 3200 2482 δὲ
3223 2428 3302 2499 τῷ
3323 2430 3630 2500 γνωστικῷ,

2046 2520 2137 2571 τὸν
2165 2519 2286 2574 νοῦν
2319 2519 2426 2573 ἀπὸ
2452 2521 2548 2590 τῆς
2579 2521 2781 2591 σαρκὸς
2811 2521 2904 2574 καὶ
2932 2521 3025 2573 τοῦ
3055 2519 3261 2590 κόσμου
3291 2521 3634 2574 συστείλαντι

2047 2609 2185 2679 πρὸς
2212 2609 2364 2661 Θεόν.
2413 2609 2471 2662 ’0
2516 2609 2615 2679 μὲν
2661 2612 2772 2681 γὰρ
2822 2611 2984 2663 λῦσαι
3015 2611 3115 2680 τὴν
3143 2609 3324 2680 ψυχὴν
3355 2610 3469 2662 τῶν
3494 2612 3634 2663 κατὰ

2049 2701 2209 2770 φύσιν
2255 2704 2354 2771 τῆς
2387 2701 2627 2771 σχέσεως
2675 2702 2813 2771 πρὸς
2839 2702 2939 2772 τὴν
2969 2703 3149 2772 σάρκα
3176 2702 3392 2772 δεσμῶν
3421 2703 3510 2755 διὰ
3529 2703 3632 2772 τῆς

2049 2794 2359 2861 πρακτικῆς
2388 2791 2787 2861 ἀγωνιζόμενος
2807 2833 2823 2857 ,
2876 2793 2988 2863 ἔχει
3015 2793 3115 2863 τὴν
3137 2791 3365 2863 γνώμην
3394 2797 3510 2856 τοῖς
3534 2795 3630 2845 πός

2047 2899 2159 2945 νοις
2189 2883 2426 2952 συνεχῶς
2460 2889 2475 2905 ⁸
2506 2883 2936 2947 ὲποκλάζουσαν·
2973 2887 3001 2937 ὁ
3026 2885 3107 2950 δὲ,
3139 2885 3344 2953 ταύτης
3374 2888 3476 2957 τῆς
3506 2887 3630 2957 σχέ-

2051 2989 2186 3037 σεως
2213 2975 2537 3037 ἀνασπάσας
2566 2975 2655 3028 διὰ
2684 2975 2786 3044 τῆς
2817 2975 3048 3045 θεωρίας
3076 2975 3247 3047 [unus
3271 2976 3400 3047 Reg.
3425 2977 3632 3048 θεωρη-

2047 3064 2228 3136 τικῆς]
2274 3067 2401 3128 τοὺς
2423 3066 2606 3136 ἥλους,
2639 3067 2816 3119 οὐδενὶ
2845 3067 2906 3120 τὸ
2939 3069 3159 3122 σύνολόν
3185 3071 3303 3121 ἐστι
3333 3070 3626 3132 καθεκτός·

2048 3156 2290 3227 καθαρὸς
2340 3157 2441 3228 ἤδη
2499 3156 2593 3209 τοῦ
2651 3159 2885 3228 πάσχειν
2927 3176 2986 3211 τε
3039 3161 3132 3212 καὶ
3180 3161 3502 3228 κρατεῖσθαι
3534 3177 3627 3214 πε-

2047 3249 2282 3318 φυκότος
2315 3249 2468 3320 παρά
2495 3251 2605 3302 τῶν
2633 3249 2772 3303 ἑλεῖν
2806 3251 3167 3322 βουλομένων,
3205 3253 3520 3323 γενόμενος.

2119 3427 2187 3499 ρ’.
2219 3427 2292 3480 Τὸ
2325 3427 2501 3497 μάννα
2532 3425 2684 3480 δοθὲν
2715 3425 2796 3497 τῷ
2831 3426 3047 3497 Ἰσραὴλ
3078 3426 3223 3480 κατά
3250 3427 3354 3496 τὴν
3399 3427 3620 3498 ἔρημον,

2045 3521 2074 3572 ὁ
2100 3518 2192 3572 τοῦ
2219 3517 2355 3571 Θεοῦ
2378 3518 2537 3586 λόγος
2563 3519 2680 3570 ἐστὶ
2703 3559 2718 3584 ,
2770 3518 2908 3589 πρὸς
2954 3519 3133 3571 πᾶσαν
3155 3518 3351 3588 ἡδονὴν
3382 3537 3622 3588 πνευμα-

2050 3610 2210 3680 τικὴν
2243 3612 2437 3681 ἁρμῶν
2468 3613 2581 3674 τοῖς
2620 3610 2893 3664 ἐσθίουσιν
2925 3612 3107 3674 αὑτὸν,
3152 3612 3415 3682 καὶπρὸς
3447 3615 3621 3666 πᾶσαν

2052 3702 2242 3770 γεῦσιν
2271 3703 2411 3756 κατά
2439 3705 2538 3773 τὴν
2577 3703 2838 3772 διαφορὰν
2868 3702 3100 3772 τῆς-τῶν
3126 3702 3418 3757 ἐσθιόντων
3440 3705 3618 3758 ἐπιθυ-

2053 3793 2202 3862 μίας,
2232 3793 2724 3865 μετακιρνώμενος.
2762 3795 2948 3864 Πάσης
2974 3795 3082 3865 γὰρ
3113 3794 3227 3864 ἔχει
3247 3799 3617 3867 πνευματικῆς

2049 3883 2305 3954 βρώσεως
2341 3887 2620 3956 ποιότητα.
2650 3886 2742 3938 Διὸ
2779 3887 2892 3948 τοῖς
2937 3883 3037 3954 μὲν
3079 3884 3284 3938 ἄνωθεν
3307 3888 3384 3951 ,ὲκ
3421 3888 3616 3956 σπόρου

2048 3977 2328 4046 ἀφθάρτου
2361 3977 2447 4030 διὰ
2497 3976 2804 4047 πνεύματος
2825 3975 3131 4044 γεννηθείσι
3151 4018 3167 4040 ,
3201 3978 3420 4046 λογικὸν
3439 3979 3616 4032 ἄδολον

2053 4068 2263 4136 γίνεται
2307 4069 2448 4138 γάλα
2470 4085 2484 4099 ο
2517 4071 2631 4132 τοῖς
2676 4069 2734 4122 δὲ
2764 4067 3069 4132 ἀσθενοῦσι,
3098 4068 3355 4139 λάχανον,
3383 4067 3481 4141 τὴν
3517 4091 3617 4124 πα-

2045 4161 2247 4214 θοῦσαν
2282 4160 2382 4230 τῆς
2424 4159 2605 4230 ψυχῆς
2651 4160 3142 4232 παραμυθούμενος
3191 4161 3468 4233 δύναμιν
3511 4167 3617 4227 τοῖς

2040 4247 2097 4302 δὲ
2123 4248 2340 4316 διεῖτὴν
2369 4247 2480 4312 ἕξιν
2511 4245 2580 4300 τὰ
2619 4247 2946 4319 αἰσθητήρια
2987 4250 3085 4319 τῆς
3125 4250 3302 4320 ψυχῆς
3345 4267 3616 4321 γεγυμνα-

369 4347 609 4415 denique
642 4348 737 4415 qui
785 4354 1011 4414 propter
1051 4345 1322 4410 habitum,
1355 4361 1548 4401 sensus
1582 4347 1752 4400 animi
1785 4361 1942 4401 exer-

2050 4340 2220 4409 σμένα
2271 4339 2452 4408 ἔχουσι
2484 4339 2618 4408 πρὸς
2672 4337 2947 4407 διάκρισιν
3000 4339 3167 4394 καλοῦ
3195 4357 3254 4393 τε
3280 4341 3376 4394 καὶ
3421 4341 3612 4402 κακοῦ,

370 4437 570 4491 citatos
611 4437 820 4490 habent
869 4436 938 4489 ad
988 4435 1379 4490 discretionem
1414 4436 1548 4490 boni
1596 4445 1652 4492 et
1693 4438 1824 4492 mali
1870 4440 1940 4504 ⁸⁷,

369 4527 611 4596 seipsum
648 4525 899 4594 praebens
929 4523 1162 4578 solidum
1205 4524 1410 4579 cibum.
1440 4525 1581 4592 Quin
1612 4535 1668 4582 et
1699 4527 1943 4583 inﬁnitas

369 4617 506 4671 alias
533 4617 770 4670 virtutes
796 4616 893 4668 Dei
918 4630 1100 4669 sermo
1128 4616 1313 4682 habet,
1347 4633 1483 4688 quas
1513 4619 1772 4687 praesenti
1802 4633 1939 4685 aevo,

370 4721 534 4762 nemo
563 4706 780 4775 capiat;
823 4721 961 4776 quas
1004 4706 1150 4775 ipsas
1199 4724 1409 4773 omnes,
1457 4723 1554 4763 seu
1598 4709 1832 4776 aliquas,
1873 4725 1940 4764 eo

368 4797 518 4866 quod
557 4797 612 4850 in
653 4796 869 4850 modico
913 4796 1090 4851 ﬁdelis
1129 4799 1423 4862 exstiterit,
1459 4807 1790 4867 accepturus
1831 4808 1938 4864 est,

369 4889 463 4958 qui
492 4887 710 4942 mortali
747 4889 961 4942 solutus
989 4889 1122 4954 vita,
1163 4890 1362 4958 dignus
1401 4889 1698 4944 habebitur
1730 4891 1824 4958 qui
1853 4906 1946 4946 su-

368 4995 467 5049 pra
495 4980 686 5044 multa,
713 4980 830 5034 sive
859 4981 1046 5034 omnia
1074 4981 1447 5035 constituatur
1483 4980 1550 5033 '3.
1575 4980 1767 5036 Omnis
1795 4983 1942 5036 enim

369 5070 658 5138 praesentis
679 5070 806 5124 vitae
835 5071 1107 5125 donorum
1147 5070 1452 5132 summitas,
1495 5071 1782 5126 minimum
1808 5074 1941 5144 quid

368 5169 452 5213 est
481 5169 535 5214 et
566 5159 866 5224 modicum,
904 5160 1316 5230 comparatione
1349 5160 1687 5217 futurorum.

366 5330 534 5405 484,
579 5333 906 5389 CENTENA
960 5333 1228 5389 ITERUM
1281 5333 1613 5392 GNOSTICA
1664 5335 1935 5396 CAPITA.

439 5426 491 5477 1.
533 5426 686 5481 Unus
706 5427 874 5491 Deus,
905 5427 1052 5495 quod
1089 5443 1195 5480 una
1219 5426 1398 5481 deitas
1425 5445 1438 5480 :
1466 5429 1650 5484 unitas
1679 5431 1939 5502 principii

438 5547 483 5578 ³²
504 5547 646 5601 Psal.
672 5565 812 5610 xuv,
837 5547 888 5600 3.
967 5547 1014 5582 ⁵³
1034 5533 1076 5599 ll
1101 5545 1228 5600 Cor.
1256 5562 1334 5605 Ill,
1362 5546 1447 5601 l8.
1524 5548 1570 5578 "‘
1595 5545 1724 5616 Sap.
1750 5564 1855 5614 xvt,
1878 5549 1969 5603 20.

367 5615 559 5688 Matth.
592 5633 735 5680 xxtv,
761 5619 859 5683 i7;
897 5633 1017 5680 xxv,
1045 5617 1134 5669 2f.

2047 4433 2275 4502 στερεὰν
2323 4433 2513 4485 ἑαυτὸν
2559 4432 2743 4486 δίδωσι
2786 4435 3015 4504 τροφήν.
3053 4435 3208 4504 Ἔχει
3233 4435 3290 4487 δὲ
3333 4437 3616 4501 suntme;

2045 4523 2305 4594 ἀπείρους
2325 4523 2581 4593 δυνάμεις
2608 4527 2636 4578 ὁ
2661 4525 2754 4577 τοῦ
2781 4525 2916 4578 Θεοῦ
2939 4526 3116 4593 λόγος,
3146 4526 3387 4580 ἐνταῦθα
3417 4529 3492 4599 μὴ
3513 4548 3616 4598 χω-

2047 4615 2316 4685 ρουμένας
2341 4631 2354 4646 ·
2421 4615 2694 4680 ἀναλύσας
2739 4617 2795 4669 δέ
2837 4634 2923 4680 τις
2946 4659 2961 4682 ,
3015 4617 3111 4671 καὶ
3149 4617 3297 4681 ἄξιος
3329 4621 3614 4690 γενόμενος

2043 4710 2134 4762 ἐπὶ
2167 4709 2374 4763 πολλῶν
2395 4751 2409 4775 ,
2459 4713 2491 4782 ἢ
2529 4713 2620 4765 ἐπὶ
2648 4712 2865 4766 πάντων
2895 4711 3304 4782 κατασταθῆναι
3325 4755 3339 4779 ,
3389 4714 3617 4785 λήψεται

2043 4799 2304 4863 κάκείνας
2347 4800 2513 4866 ὅλας,
2574 4801 2609 4871 ἦ
2654 4817 2804 4863 τινας
2853 4799 2948 4853 τοῦ
2993 4799 3154 4868 λόγου
3199 4801 3300 4864 τὰς
3335 4801 3613 4871 δυνάμεις,

2040 4891 2128 4945 διὰ
2156 4891 2217 4944 τὸ
2246 4893 2304 4944 ὲν
2329 4890 2600 4961 ἐλαχίστῳ
2633 4892 2797 4944 αὐτὸν
2828 4890 3063 4944 ἐνταῦθα
3093 4890 3282 4946 πιστὸν
3303 4893 3613 4960 γεγονέναι.

2040 4984 2200 5036 Πᾶσα
2224 4982 2334 5054 γάρ
2359 4984 2464 5036 τῶν
2492 4982 2731 5036 ἐνταῦθα
2757 4982 3050 5052 διδομένων
3080 4981 3242 5036 θείων
3263 4983 3615 5053 χαρισμάτων

2039 5075 2302 5144 ἀκρότης,
2364 5073 2644 5144 συγκρίσει
2698 5073 2806 5126 τῶν
2852 5072 3190 5141 μελλόντων.
3244 5072 3524 5142 ἐλάχιστόν
3562 5087 3615 5126 τι

2039 5166 2133 5220 καὶ
2167 5164 2387 5236 μέτριόν
2410 5165 2501 5216 εστ
2511 5181 2579 5217 ιν.

2137 5340 2280 5396 ΕΚΑ
2291 5338 2560 5394 ΤοΝΤΑΣ
2590 5343 2648 5393 B'
2677 5339 3091 5407 ΓΝΩΣΤΙΚΩΝ
3113 5339 3517 5401 ΚΕΦΑΛΑιΩΝ

2120 5442 2189 5487 α’.
2239 5429 2333 5496 Εἷς
2358 5433 2510 5499 Θεὸς,
2543 5433 2625 5485 ὅτι
2653 5431 2750 5502 μία
2771 5431 2981 5502 θεότης·
3040 5431 3207 5502 μονὰς
3228 5428 3391 5501 [deest
3415 5431 3494 5496 τὺ,
3517 5445 3614 5499 μο-

2045 5551 2090 5582 ⁵⁸
2117 5552 2137 5605 Ι
2167 5551 2315 5605 Petr.
2344 5567 2400 5615 ιι,
2425 5551 2479 5604 9..
2556 5551 2600 5582 ⁸⁸
2626 5549 2784 5604 Rom.
2810 5564 2917 5614 xw,
2939 5550 2993 5604 ‘2.
3070 5550 3112 5581 ⁸⁷
3135 5548 3305 5605 Hebr.
3329 5565 3382 5619 ν,
3407 5547 3490 5603 Η.
3564 5533 3616 5565 ⁸⁸

443 5731 454 5747 ⁹
493 5727 647 5781 Unus
689 5728 822 5795 Reg.
861 5727 1073 5794 σαφῶς⁹
1127 5727 1284 5789 alter,
1323 5724 1552 5793 συχνῶς,
1586 5740 1708 5794 quae
1743 5728 1942 5801 et_vidl

2050 5746 2097 5783 tr
2129 5728 2323 5783 melior
2345 5727 2530 5782 lectio.

3887 2704 3890 2774 I

3887 2821 3889 2946 1

3887 3113 3889 3250 Ι
