3930 6324
213 334 363 398 ’1125

1068 327 1401 388 (ᾺΡΙΤΠΜ
1439 325 1708 385 THEOL.
1746 325 1839 383 ET
1879 323 2112 384 (ECON.
2155 325 2539 385 CENTURIA
2583 327 2664 385 II.

3343 325 3484 388 ῙῘΞό

233 448 344 508 νὰς.
389 447 439 498 in
467 444 635 498 (ribus
669 443 868 514 Regiis]
901 443 1138 512 ἄναρχος
1165 441 1258 494 καὶ
1284 439 1430 507 ἁπλῆ
1457 438 1550 491 καὶ
1579 435 1808 504 ὕπεροὺ-

1918 451 2130 504 expers,
2160 437 2500 506 simplexque
2530 446 2586 490 et
2628 436 3139 506 superessentialis;
3179 437 3487 506 impartibi—

236 553 358 595 σιος·
395 538 488 588 καὶ
521 534 733 608 ἀμερὴς
767 533 863 587 καὶ
895 532 1236 601 ἀδιαίρετος·
1272 532 1304 599 ἡ
1334 529 1474 598 αὑτὴ
1517 527 1684 596 μονὰς
1719 526 1810 578 καὶ

1918 528 2090 596 lisque
2113 535 2170 581 et
2203 528 2470 592 indivisa;
2497 528 2688 581 eadem
2720 527 2836 598 ipsa
2858 537 2915 582 et
2945 529 3128 582 unitas
3143 528 3481 583 etTrinitas:

235 627 399 694 Τριὰς
426 642 440 654 ⁸
499 626 595 694 ὅλη
645 626 813 694 μονὰς
845 626 878 694 ἠ
906 624 1068 692 αὑτὴ,
1117 622 1211 675 καὶ
1242 621 1336 690 ὅλη
1368 621 1410 671 Τ
1417 619 1538 689 ριὰς
1567 619 1600 688 ἡ
1630 617 1766 686 αὑτή
1793 633 1807 646 ·

1910 620 2091 673 unitas
2125 627 2232 673 tota
2268 620 2480 685 eadem,
2518 620 2820 690 eademque
2844 629 2958 675 tota
2982 621 3224 675 Trinitas
3253 639 3265 675 :
3302 623 3497 676 unitas

238 715 396 784 μονὰς
447 716 542 786 ὅλη
577 715 719 768 κατὰ
747 715 848 786 τὴν
876 713 1063 766 οὐσίαν
1091 715 1125 784 ἡ
1159 711 1298 782 αὑτὴ
1318 748 1332 772 ,
1390 709 1487 762 καὶ
1518 707 1689 777 Τριὰς
1715 707 1810 775 ὅλη

1918 710 2106 763 eadem
2156 718 2272 764 tota
2310 712 2564 767 essentiae
2594 713 2830 777 ratione,
2870 712 3174 782 eademque
3207 713 3322 783 ipsa
3363 729 3488 782 per-

236 806 373 859 κατὰ
400 806 501 868 τὰς
528 806 855 866 ὑποστάσεις
888 805 921 872 ἡ
953 803 1114 872 αὕτη.
1154 800 1344 870 Πατὴρ
1373 798 1504 867 γὰρ,
1539 797 1634 848 καὶ
1661 795 1807 856 Υίὸς,

235 896 325 948 καὶ
358 895 582 965 Πνεῦμα
612 897 767 964 ἅγιον
803 897 835 964 η
866 893 1084 962 θεότης,
1115 892 1210 945 καὶ
1239 893 1299 944 tv
1326 889 1522 958 Πατρὶ,
1555 887 1651 940 καὶ
1675 883 1808 954 Υἱῴ,

233 987 323 1039 καὶ
356 987 496 1055 ἁγίῳ
519 984 800 1055 Πνεὺμιιτι
835 987 868 1056 ἡ
897 984 1107 1054 θεότης.
1147 984 1287 1052 Ὄλη
1317 984 1377 1035 tv
1399 981 1505 1051 ὅλῳ
1531 979 1609 1049 τῷ
1638 977 1812 1046 Πατρὶ

232 1080 263 1146 ἡ
294 1077 428 1147 αὐτή
455 1093 469 1107 ⁸
497 1077 590 1129 καὶ
639 1076 758 1138 ὅλος
787 1077 846 1128 tv
897 1077 995 1147 ὅλῃ
1020 1077 1086 1145 τῇ
1112 1075 1249 1143 αὐτῇ
1281 1075 1309 1126 6
1333 1073 1523 1142 Πατήρ
1549 1089 1562 1102 ο
1586 1071 1679 1123 καὶ
1708 1069 1804 1137 ὅλη

231 1169 287 1221 tv
319 1167 426 1238 ὅλῳ
485 1165 563 1235 τῷ
618 1165 732 1235 Υἱῷ
787 1167 820 1236 ἡ
863 1166 1037 1235 αὑτὴ·
1092 1165 1186 1217 καὶ
1211 1164 1418 1226 ὅλοςὲν
1446 1163 1541 1232 ὅλῃ
1573 1164 1641 1232 τῇ
1672 1159 1809 1227 αὐτῇ

229 1262 256 1311 ὀ
279 1260 427 1322 Υἱός.
466 1259 576 1312 Καὶ
606 1259 702 1326 ὅλη
735 1259 795 1310 tv
823 1258 929 1327 ὅλῳ
953 1257 1030 1326 τῷ
1055 1255 1332 1325 Πνεύματι
1362 1254 1442 1324 τῷ
1471 1253 1613 1321 ἁγίῳ
1647 1255 1680 1322 ἡ
1711 1252 1811 1304 αὺ-

230 1348 294 1418 τή
321 1363 336 1378 ο
393 1348 490 1400 καὶ
541 1347 662 1400 ὅλον
709 1348 767 1400 tv
815 1346 912 1418 ὅλῃ
941 1349 1006 1416 τῇ
1031 1346 1168 1416 αὐτῇ
1197 1345 1258 1396 τὸ
1289 1343 1516 1412 Πνεῦμα
1547 1341 1608 1394 τὸ
1636 1343 1808 1408 ἅγιον.

232 1439 366 1509 Ὅλη
396 1440 612 1510 Πατὴρ,
646 1439 742 1491 καὶ
775 1439 833 1490 tv
861 1437 967 1507 ὅλῳ
993 1435 1070 1506 τῷ
1096 1436 1307 1506 Πατρί·
1367 1438 1462 1488 καὶ
1491 1433 1609 1495 ὅλος
1638 1434 1696 1484 tv
1717 1431 1812 1503 ὅλῃ

228 1534 256 1584 6
283 1531 473 1602 Πατὴρ
492 1571 506 1595 ,
539 1530 634 1582 καὶ
664 1530 760 1598 ὅλη
790 1529 909 1592 ὅλος
939 1529 967 1580 6
992 1528 1202 1597 Πατήρ.
1238 1525 1348 1580 Καὶ
1374 1526 1470 1595 ὅλη
1495 1525 1614 1588 ὅλος
1640 1526 1668 1578 6
1693 1524 1812 1587 Υἱὸς

228 1624 259 1690 ἡ
304 1622 442 1691 αὐτή
469 1639 482 1652 ·
539 1621 634 1674 καὶ
677 1621 772 1690 ὅλη
821 1621 880 1671 tv
919 1619 1025 1688 ὅλῳ
1058 1618 1135 1688 τῷ
1165 1615 1278 1687 Υἱῷ
1312 1618 1345 1686 ἡ
1375 1617 1536 1686 αὐτή·
1575 1615 1668 1667 καὶ
1693 1615 1814 1676 ὅλος

227 1712 361 1779 ὅλη,
422 1711 520 1765 καὶ
566 1713 624 1764 tv
666 1711 762 1780 ὅλῃ
795 1712 861 1780 τῇ
889 1694 1026 1778 αὐτῇ
1053 1709 1081 1759 ὁ
1107 1707 1254 1769 Υἱός.
1315 1707 1424 1760 Καὶ
1467 1706 1564 1774 ὅλη
1589 1703 1811 1774 Πνεῦμα

231 1802 388 1872 ἅγιον
417 1805 453 1872 ἠ
487 1803 646 1873 αὑτὴ,
681 1804 777 1855 καὶ
807 1803 865 1854 tv
889 1801 996 1871 ὅλῳ
1017 1799 1094 1869 τῷ
1120 1798 1396 1868 Πνεῦματι
1424 1797 1500 1867 τῷ
1521 1797 1680 1867 ἁγίῳ·
1717 1796 1811 1848 καὶ

227 1895 294 1948 τὸ
326 1897 558 1964 Πνεῦμα
584 1894 645 1946 τὸ
671 1894 826 1962 ἆγιον
850 1893 969 1946 ὅλον
991 1891 1109 1961 ὅλη,
1128 1890 1221 1943 καὶ
1237 1891 1356 1944 ὅλον
1377 1891 1434 1944 tv
1453 1889 1550 1962 ὅλῃ
1576 1891 1642 1958 τῇ
1671 1888 1807 1957 αὐτῇ

226 1985 286 2037 τὸ
302 1984 530 2052 Πνεῦμα
552 1983 612 2036 τὸ
644 1983 818 2050 ὅιγιον.
849 1982 924 2035 Οὐ
963 1981 1076 2051 γὰρ
1092 1983 1156 2032 ὲκ
1184 1979 1383 2050 μέρους
1403 1981 1438 2048 ἡ
1455 1978 1646 2047 θεότης
1663 1979 1719 2028 tv
1732 1975 1810 2045 τῷ

225 2075 424 2145 Πατρὶ,
447 2075 479 2143 ἢ
501 2075 567 2126 ὲκ
596 2072 796 2143 μέρους
819 2072 952 2134 Θεὸς
978 2072 1006 2123 6
1033 2072 1244 2141 Πατήρ·
1269 2069 1393 2122 οὔτε
1427 2072 1490 2121 ὲκ
1522 2067 1722 2137 μέρους
1753 2067 1810 2119 tv

227 2164 304 2234 τῷ
334 2163 452 2233 Υἱῷ
483 2165 514 2233 ἡ
542 2163 756 2232 Θεότης,
787 2163 820 2231 ἢ
849 2162 915 2214 ὲκ
956 2161 1154 2232 μέρους
1184 2159 1317 2221 Θεὸς
1345 2161 1373 2212 ὁ
1403 2159 1529 2221 Υἱός
1550 2175 1564 2188 ·
1598 2156 1720 2212 οὑτε
1745 2158 1810 2208 έκ

230 2257 434 2325 μέρους
470 2257 528 2307 tv
557 2253 635 2323 τῷ
660 2253 799 2322 ἁγίῳ
824 2252 1100 2322 Πνεῦματι
1131 2255 1165 2321 ὴ
1196 2250 1407 2320 θεότης,
1443 2250 1475 2319 ἢ
1516 2251 1580 2302 ὲκ
1609 2250 1810 2320 μέρους

226 2345 359 2407 Θεὸς
387 2345 452 2397 16
487 2342 707 2414 Πνεῦμα
738 2343 798 2396 τὸ
823 2343 996 2410 ἅγιον.
1052 2341 1192 2395 Οὔτε
1220 2341 1328 2412 γὰρ
1360 2341 1592 2411 μεριστὴ
1621 2343 1654 2408 ἡ
1689 2339 1808 2392 θεό-

224 2451 358 2503 τηςο
418 2434 544 2486 οὗτε
596 2433 792 2504 ἀτελὴς
837 2433 974 2495 Θεὸς
1021 2434 1050 2484 ὁ
1094 2431 1285 2502 Πατὴρ
1313 2470 1328 2494 ,
1381 2432 1473 2501 ἢὸ
1506 2431 1653 2494 Υἱὸς,
1689 2431 1810 2500 ἥτὸ

226 2526 458 2596 Πνεῦμα
486 2525 549 2576 τὸ
576 2525 732 2592 ἅγιον
755 2541 768 2556 ·
800 2525 916 2579 ἀλλ’
957 2523 1053 2594 ὅλη
1083 2524 1234 2576 ἐστὶν
1259 2527 1291 2594 ή
1329 2525 1467 2593 αὑτὴ
1507 2522 1688 2575 τελεία
1729 2540 1811 2574 τε-

225 2616 385 2679 λείως
411 2618 470 2669 tv
499 2615 688 2686 τελείῳ
717 2615 794 2686 τῷ
825 2615 999 2686 Πατρί
1019 2633 1031 2645 ·
1059 2616 1155 2669 καὶ
1183 2615 1276 2686 ὅλη
1303 2615 1484 2670 τελεία
1505 2615 1722 2676 τελείως
1751 2616 1809 2666 tv

225 2707 420 2779 τελείῳ
451 2709 528 2778 τῷ
556 2709 668 2778 Υἱῷ
700 2710 734 2777 ἡ
759 2709 918 2777 αὑτή-
954 2707 1052 2760 καὶ
1074 2708 1172 2776 ὅλη
1197 2707 1376 2759 τελεία
1407 2707 1630 2772 τελείως
1655 2709 1686 2776 ἡ
1711 2707 1809 2760 αὑ-

225 2800 290 2869 τὴ
347 2800 405 2850 ἐν
449 2798 644 2867 τελείῳ
677 2797 756 2870 τῷ
781 2798 921 2866 ἁγίῳ
951 2796 1250 2866 Πνεύματι.
1287 2798 1444 2859 Ὄλος
1471 2798 1579 2866 γὰρ
1615 2799 1672 2849 tv
1705 2797 1810 2867 ὅλῳ

225 2887 303 2954 τῷ
359 2885 476 2955 Υίῷ
526 2887 621 2938 καὶ
673 2884 749 2956 τῷ
795 2883 1076 2952 Πνεύματι
1118 2883 1337 2945 τελείως
1363 2884 1509 2935 ἐστὶν
1543 2883 1569 2934 ὁ
1599 2883 1805 2952 Πατήρ·

225 2976 320 3027 καὶ
367 2975 489 3036 ὅλος
523 2977 580 3026 tv
609 2975 714 3043 ὅλῳ
742 2972 819 3041 τῷ
845 2971 1019 3040 Πατρὶ
1059 2971 1151 3023 καὶ
1181 2970 1256 3039 τῷ
1285 2970 1560 3040 Πνεῦματι
1590 2969 1810 3033 τελείως

223 3069 377 3120 ἐστὶν
404 3066 433 3116 6
470 3065 596 3128 Υἱός
619 3081 631 3093 ·
668 3064 762 3118 καὶ
788 3063 909 3116 ὅλον
938 3063 996 3114 tv
1020 3061 1126 3132 ὅλῳ
1149 3061 1223 3132 τῷ
1254 3063 1426 3132 Ila-cpi.
1466 3061 1560 3114 καὶ
1592 3059 1667 3131 τῷ
1698 3059 1809 3130 Υίῷ

226 3156 456 3219 τελείως
491 3156 610 3208 ἐστὶ⁵
639 3155 700 3207 τὸ
727 3153 950 3222 Πνεῦμα
985 3153 1044 3204 τὸ
1079 3153 1253 3219 ὅιγιον.
1285 3153 1374 3204 Διὸ
1395 3151 1488 3204 καὶ
1517 3145 1594 3215 εἷς
1625 3151 1756 3214 Θεὸς
1783 3154 1811 3203 6

228 3249 424 3318 Πατὴρ
461 3247 554 3316 καί
582 3249 609 3298 ὁ
641 3245 767 3307 Υἱὸς
801 3245 894 3296 καὶ⁵
921 3245 980 3296 τὸ
1009 3243 1233 3314 Πνεῦμα
1263 3243 1324 3296 τὸ
1349 3244 1522 3311 ἅγιον.
1559 3244 1675 3296 Μία
1701 3243 1810 3312 γὰρ

231 3343 326 3393 καὶ
356 3341 389 3407 ἡ
419 3337 558 3407 αὑτὴ
591 3335 747 3388 οὐσία
779 3335 874 3388 καὶ
922 3334 1148 3404 δύναμις
1195 3335 1288 3386 καὶ
1317 3333 1565 3402 ἐνέργεια
1595 3333 1810 3402 Πατρὸς

227 3431 318 3482 καὶ
367 3427 502 3480 Υἱοῦ
537 3427 632 3479 καὶ
679 3425 836 3493 ἁγίου
881 3424 1228 3494 Πνεῦματοςο
1269 3424 1367 3478 οὐκ
1401 3423 1554 3488 ὅντος
1596 3424 1808 3486 οὑδενὸς

225 3520 319 3574 τοῦ
347 3519 540 3590 ἑτέρου
571 3518 739 3588 χωρὶς
767 3515 799 3584 ἢ
829 3515 1135 3586 νοουμένου.

298 3607 363 3676 β’.
423 3607 586 3659 Πᾶσα
613 3604 856 3674 νόησις,
911 3603 1019 3654 τῶν
1062 3601 1323 3656 νοούντων
1372 3602 1466 3654 καὶ
1503 3603 1810 3671 νοουμένων

226 3699 395 3750 ἐστίν’
435 3699 467 3749 ὀ
491 3696 548 3748 δὲ
579 3694 730 3754 Θεὸς,
769 3692 890 3744 οὗτε
923 3693 1028 3744 τῶν
1054 3693 1316 3744 νοούντων
1344 3693 1514 3757 ἐστὶν,
1549 3692 1669 3745 οὒτε
1703 3694 1810 3746 τῶν

227 3785 576 3856 νοουμένων
642 3782 781 3850 ὑπὲρ
824 3781 996 3833 ταῦτα
1035 3779 1142 3846 γάρ
1168 3796 1182 3811 ·
1242 3780 1362 3830 ἐπεὶ
1391 3781 1810 3850 περιγράφεται,

223 3879 324 3948 τῆς
353 3877 451 3930 τοῦ
483 3875 774 3945 νοουμένου
810 3872 1067 3942 σχέσεως,
1102 3871 1177 3931 ὡς
1205 3869 1362 3934 νοῶν,
1396 3871 1810 3939 προσδεόμενος

225 3970 260 4040 ἢ
308 3969 389 4039 τῷ
430 3967 645 4022 νοοῦντι
695 3962 939 4034 φυσικῶς
986 3963 1343 4024 ὑποπίπτων,
1394 3959 1481 4013 διὰ
1508 3961 1606 4032 τὴν
1631 3962 1813 4031 σχέσιν

227 4062 546 4133 νοούμενος.
582 4058 842 4112 Λείπεται
866 4054 1016 4124 γοῦν,
1059 4056 1195 4124 μήτε
1218 4055 1376 4116 νοεῖν,
1414 4054 1550 4123 μήτε
1577 4054 1814 4108 νοεῖσθαι

225 4155 318 4207 τὸν
344 4155 484 4207 Θεὸν
512 4149 915 4219 ὑπολαμϐάνειν
932 4163 944 4175 ·
999 4146 1113 4199 ἁλλῗ
1137 4143 1275 4214 ὑπὲρ
1299 4144 1359 4214 τὸ
1384 4148 1522 4197 νοεῖν
1552 4141 1691 4198 εἶναι
1719 4148 1814 4200 καὶ

227 4246 497 4302 νοεῖσθαι.
534 4241 656 4294 Τῶν
678 4240 787 4310 γὰρ
821 4239 938 4309 μετ’
961 4237 1143 4302 αὐτὸν,
1178 4235 1422 4304 φυσικῶς
1450 4236 1564 4289 ἐστι
1593 4237 1654 4290 τὸ
1675 4241 1814 4291 νοεῖν

225 4337 322 4389 καὶ
354 4337 416 4389 τὸ
438 4332 701 4386 νοεῖσθαι.

1840 1765 1885 1824 Β

1838 3100 1886 3161 C

1913 817 2173 856 sonarum
2200 807 2414 858 ratione
2439 815 2549 860 tota
2567 807 2829 860 Trinitas.
2871 807 3039 860 Pater.-
3061 808 3208 860 enim
3239 817 3294 860 et
3316 809 3486 861 Filius

1917 900 1971 944 et
1999 890 2244 960 Spiritus
2273 903 2521 960 sanctus,
2553 895 2760 961 deitns;
2791 902 2847 948 et
2884 896 2938 952 in
2981 895 3141 949 Patre
3177 905 3233 948 et
3263 896 3401 949 Filio
3431 905 3488 949 et

1917 979 2128 1049 Spiritu
2179 992 2390 1048 sancto,
2441 985 2650 1050 deitas;
2683 994 2795 1039 tota
2822 986 2877 1038 in
2908 994 3023 1039 toto
3061 987 3222 1039 Patre
3268 986 3482 1049 eadem,

1913 1078 2173 1140 totusque
2200 1073 2254 1126 in
2283 1081 2394 1127 tota
2429 1074 2620 1128 eadem
2656 1075 2852 1140 Pater;
2883 1084 3104 1143 totaque
3128 1076 3180 1127 in
3209 1084 3322 1128 toto
3347 1077 3486 1129 Filio

1911 1162 2128 1226 eadem,
2165 1178 2230 1217 ac
2260 1173 2408 1219 totus
2432 1165 2489 1218 in
2521 1174 2634 1220 tota
2667 1166 2858 1219 eadem
2888 1164 3094 1230 Filius;
3140 1174 3251 1218 tota
3273 1166 3401 1220 item
3428 1168 3486 1220 in

1915 1261 2026 1308 toto
2050 1255 2484 1324 Spiritusancto
2525 1258 2739 1323 eadem,
2773 1275 2837 1313 ae
2863 1267 3011 1313 totus
3043 1260 3099 1313 in
3143 1268 3255 1312 tota
3293 1259 3486 1313 eadem

1912 1343 2154 1412 Spiritus
2187 1355 2410 1401 sanctus
2437 1365 2450 1399 :
2501 1355 2615 1401 tota
2657 1348 2840 1411 Pater,
2872 1355 2930 1401 et
2963 1347 3020 1401 in
3045 1356 3158 1400 toto
3191 1348 3371 1410 Patre,
3402 1357 3488 1402 to-

1915 1444 2112 1506 tusque
2144 1437 2197 1490 in
2227 1445 2338 1492 tota
2379 1440 2561 1502 Pater,
2589 1448 2646 1493 et
2676 1447 2789 1493 tota
2823 1447 2974 1493 totus
3006 1441 3170 1493 Pater
3203 1457 3219 1492 :
3265 1447 3487 1508 totaque

1914 1538 2064 1582 totus
2106 1528 2278 1582 Filius
2313 1528 2526 1593 eadem,
2558 1538 2618 1583 et
2651 1537 2762 1583 tota
2816 1529 2874 1584 in
2923 1537 3042 1584 toto
3085 1530 3224 1585 Filio
3269 1530 3484 1594 eadem,

1915 1628 2174 1690 totusque
2225 1629 2358 1684 tota,
2406 1632 2462 1674 et
2503 1620 2559 1673 in
2607 1627 2718 1674 tota
2773 1620 2966 1696 eadem
3011 1621 3211 1687 Filius;
3265 1630 3487 1690 totaque

1916 1713 2156 1783 Spiritus
2190 1722 2415 1768 sanctus
2438 1711 2653 1775 eadem,
2689 1723 2747 1767 et
2788 1712 2841 1766 in
2873 1721 2986 1767 toto
3017 1712 3224 1782 Spiritu
3270 1721 3483 1772 sancto,

1912 1817 1975 1855 ac
2021 1801 2263 1870 Spiritus
2309 1809 2534 1855 sanctus
2587 1808 2737 1854 totus
2785 1809 2917 1865 tota,
2971 1808 3230 1868 totusque
3274 1799 3330 1852 in
3370 1807 3488 1853 tota

1910 1891 2100 1945 eadem
2126 1890 2368 1959 Spiritus
2389 1898 2632 1944 sanctus.
2656 1889 2775 1942 Non
2809 1889 2957 1944 enim
2986 1889 3164 1944 deitas
3189 1889 3392 1959 partim
3425 1889 3489 1942 in

1910 1981 2087 2045 Patre,
2145 1989 2240 2034 aut
2295 1981 2458 2035 Pater
2497 1981 2698 2049 partim
2740 1980 2920 2046 Deus;
2961 1996 3142 2049 neque
3183 1982 3379 2049 partim
3428 1981 3488 2035 in

1915 2071 2054 2125 Filio
2097 2072 2298 2136 dcitas,
2343 2081 2506 2126 autve
2539 2073 2712 2126 Filius
2749 2072 2948 2140 partim
2997 2072 3178 2138 Deus;
3216 2088 3319 2127 nec
3358 2087 3495 2127 vero

1911 2165 2113 2234 partim
2155 2165 2210 2218 in
2253 2164 2462 2234 Spiritu
2502 2173 2693 2218 saneto
2735 2164 2934 2228 deitas,
2971 2173 3065 2218 aut
3105 2166 3306 2234 partim
3344 2165 3492 2219 Deus

1910 2253 2433 2324 Spiritussanetus.
2476 2254 2611 2307 Nam
2643 2269 2824 2322 neque
2863 2254 3041 2308 dcitas
3084 2254 3359 2324 ejusmodi
3403 2263 3499 2308 est

1910 2362 2032 2416 quae
2062 2347 2237 2415 possit
2279 2345 2476 2409 dividi,
2524 2359 2706 2412 neque
2754 2345 2916 2397 Pater
2955 2344 3101 2398 Deus
3132 2343 3490 2414 imperfectus

1909 2447 2013 2501 est,
2034 2439 2120 2490 vel
2143 2437 2336 2500 Filius,
2361 2444 2455 2489 aut
2480 2435 2718 2504 Spiritus
2746 2443 3004 2500 sanctus;
3032 2437 3126 2489 sed
3155 2445 3266 2490 tota
3297 2437 3489 2491 eadem

1911 2525 2028 2592 ipsa
2072 2523 2324 2591 perfecta
2364 2522 2608 2590 perfecte
2653 2523 2708 2575 in
2757 2523 3002 2591 perfecto
3047 2524 3231 2588 Patre,
3271 2531 3489 2592 totaque

1909 2613 2151 2682 perfecta
2184 2611 2428 2681 perfecte
2472 2612 2526 2665 in
2563 2612 2816 2682 perfecto
2863 2612 3002 2666 Filio
3031 2611 3245 2674 eadem,
3277 2627 3341 2666 ac
3378 2621 3490 2666 tota

1911 2705 2156 2777 perfecta
2182 2705 2425 2775 perfecte
2458 2705 2513 2757 in
2548 2704 2796 2774 perfecto
2830 2701 3038 2772 Spiritu
3071 2712 3282 2757 sancto.
3318 2702 3490 2757 Totus

1909 2801 2057 2855 enim
2108 2798 2166 2852 in
2216 2806 2330 2851 toto
2375 2796 2514 2850 Filio
2550 2805 2606 2850 et
2650 2795 2860 2866 Spiritu
2897 2803 3089 2849 sancto
3120 2794 3364 2863 perfecte
3406 2802 3492 2848 est

1910 2889 2092 2952 Pater,
2129 2895 2384 2955 totusque
2432 2887 2488 2940 in
2527 2893 2642 2940 toto
2693 2887 2858 2940 Patre
2904 2893 2961 2938 et
3002 2885 3210 2953 Spiritu
3245 2883 3490 2952 perfecte

1909 2987 1993 3033 est
2035 2979 2228 3042 Filius,
2273 2992 2337 3031 ac
2367 2986 2513 3032 totus
2547 2976 2602 3028 in
2635 2983 2750 3030 toto
2779 2976 2940 3029 Patre
2971 2983 3027 3028 et
3069 2974 3208 3026 Filio
3242 2973 3490 3042 perfecte

1913 3076 1999 3121 est
2031 3066 2269 3135 Spir-itus
2290 3073 2534 3118 sanctus.
2565 3062 2937 3129 Quamobrem
2969 3061 3133 3116 etiam
3165 3077 3312 3115 unus
3346 3061 3500 3115 Deus:

1915 3157 2082 3211 Pater
2113 3163 2167 3210 et
2207 3154 2381 3208 Filius
2414 3163 2470 3207 et
2515 3151 2753 3221 Spiritus
2791 3158 3033 3204 sanctus.
3084 3151 3198 3205 Una
3235 3150 3383 3204 enim
3426 3163 3492 3204 ac

1915 3243 2108 3297 eadem
2146 3241 2384 3297 essentia
2424 3255 2528 3304 εει,
2562 3240 2850 3308 virtusque
2876 3249 2933 3292 et
2959 3239 3209 3307 Operatio
3231 3239 3410 3293 Patris
3433 3245 3494 3292 et

1916 3335 2039 3389 Filii
2068 3341 2123 3389 et
2147 3333 2385 3402 Spiritus
2411 3330 2586 3386 sancti
2610 3347 2624 3395 ;
2662 3345 2788 3385 cum
2817 3340 3016 3386 neuter
3041 3345 3232 3384 eorum
3261 3330 3380 3385 sine
3405 3330 3488 3383 al-

1914 3437 2034 3482 tero
2063 3426 2291 3482 exsistat
2317 3431 2414 3478 aut
2438 3423 2803 3493 intelligatur.

1986 3604 2040 3657 2.
2070 3601 2264 3657 Omnis
2297 3599 2622 3662 intellectio,
2665 3612 2856 3652 eorum
2893 3604 2978 3650 est
3005 3613 3124 3666 qua:
3155 3595 3497 3667 intelligunt,

1914 3701 1968 3746 et
2014 3708 2133 3761 quae
2167 3690 2552 3759 intelliguntur
2600 3707 2612 3740 :
2664 3688 2810 3742 Deus
2855 3703 3004 3751 vero,
3046 3703 3221 3756 neque
3266 3687 3489 3756 horum,

1914 3797 2094 3849 neque
2131 3781 2348 3832 illorum
2379 3789 2482 3834 est.
2507 3779 2721 3848 Quippe
2752 3781 2999 3848 utrisque
3019 3781 3311 3847 superior:
3353 3781 3492 3836 alias

1915 3886 2149 3941 namque
2198 3869 2785 3932 eireumscriberctur;
2822 3869 2973 3920 velut
3027 3870 3236 3923 scilicet
3282 3870 3491 3925 intelli-

1915 3979 2070 4034 gens,
2107 3963 2224 4032 ejus
2249 3960 2396 4030 quod
2433 3958 2774 4027 intelligitur
2805 3956 3188 4014 habitudinem
3233 3975 3491 4016 necessa-

1914 4060 2052 4111 riam
2087 4055 2316 4117 habens,
2345 4051 2431 4106 vel
2456 4050 2556 4105 sub
2596 4049 2955 4118 intelligente,
2991 4049 3083 4118 qui
3118 4048 3189 4104 ob
3216 4051 3493 4106 habitudi-

1915 4162 2041 4201 nem
2090 4145 2514 4212 intelligeretur,
2567 4140 2896 4194 naturaliter
2949 4141 3171 4195 cadens.
3227 4139 3494 4211 Superest

1915 4238 2104 4308 igitur,
2139 4245 2200 4288 ut
2230 4251 2334 4289 nec
2362 4232 2670 4302 intelligere
2702 4247 2806 4285 nec
2830 4231 3062 4302 intelligi
3093 4233 3266 4288 Deum
3301 4235 3492 4290 existi-

1917 4343 2127 4383 memus
2147 4345 2159 4391 ;
2182 4326 2341 4396 485
2370 4325 2462 4379 sed
2484 4325 2745 4380 utrolibet
2765 4325 2962 4380 horum
2981 4325 3320 4396 supeliorem
3339 4336 3501 4396 putev

228 4443 374 4482 mus.
418 4425 600 4482 Ambo
618 4423 764 4478 enim
809 4421 949 4494 (tum
990 4421 1251 4474 nimirum
1292 4419 1598 4490 intelligere
1640 4429 1754 4476 tum
1802 4421 2053 4491 intelligi)
2087 4419 2153 4472 ad
2195 4434 2257 4472 ea
2297 4434 2418 4487 qum
2461 4433 2491 4471 a
2536 4417 2648 4472 Deo
2690 4417 2929 4472 secunda
2975 4426 3123 4483 sunt,
3167 4419 3506 4473 naturaliter

229 4525 501 4588 spectant.

297 4615 368 4676 γ’.
425 4609 587 4660 Πᾶσα
632 4606 851 4675 νόησις,
905 4604 1094 4674 ὥσπερ
1141 4604 1198 4656 tv
1239 4603 1394 4675 οὑσίᾳ
1441 4605 1659 4671 πάντως
1701 4609 1812 4679 ἔχει
1848 4617 1888 4670 ι)

226 4701 326 4770 τὴν
359 4701 510 4752 θέσιν
543 4699 618 4763 ὼς
649 4698 891 4767 ποιότης,
923 4695 1063 4749 οὕτω
1094 4697 1187 4748 καὶ
1216 4696 1343 4764 περὶ
1367 4696 1556 4750 οὐσίαν
1584 4717 1816 4753 πεποιω-

231 4791 402 4860 μένην
440 4790 553 4860 ἔχει
600 4781 699 4858 τὴν
736 4787 969 4857 κίνησιν.
1031 4785 1110 4840 Οὑ
1138 4785 1246 4856 γὰρ
1277 4786 1474 4854 ἄφετόν
1504 4805 1554 4838 τι
1586 4789 1813 4843 καθόλου

201 4870 203 4872 ’
229 4883 322 4934 καὶ
368 4879 575 4932 ἁπλοῦν
606 4877 728 4930 καθ’
751 4877 913 4929 ἑαυτὸ
943 4875 1186 4945 ὑφεστὼς
1216 4875 1438 4927 δυνατόν
1469 4877 1613 4929 ἐστιν
1644 4879 1814 4951 αὑτὴν

230 4969 619 5036 ὑποδέξασθαι,
642 4970 722 5021 ὅτι
750 4969 824 5038 μὴ
847 4968 1040 5034 ἄφετός
1065 4970 1180 5019 ἐστι
1205 4967 1298 5020 καὶ
1318 4967 1484 5038 ἁπλῆ.
1502 4969 1562 5020 '0
1583 4969 1636 5022 δὲ
1661 4971 1811 5034 Θεὸς,

229 5057 352 5112 κατ’
385 5059 555 5128 ἄμφω
589 5059 820 5128 πάμπαν
850 5059 1112 5128 ὑπάρχων
1138 5055 1364 5120 ἁπλοῦς,
1405 5057 1498 5110 καὶ
1529 5060 1686 5113 οὐσία
1719 5061 1812 5113 τοῦ

231 5151 289 5202 ἐν
316 5149 666 5218 ὑποκειμένῳ
691 5149 879 5218 χωρὶς,
935 5147 1029 5199 καὶ
1055 5147 1237 5216 νόησις
1271 5146 1346 5217 μὴ
1373 5146 1570 5216 ἔχουσά
1593 5167 1644 5200 τι
1675 5149 1809 5202 καθ-

231 5241 381 5306 άπαξ
414 5241 771 5309 ὑποκείμενον
794 5255 806 5269 ·
843 5238 944 5292 οὐκ
966 5238 1080 5291 ἔστι
1108 5237 1214 5290 τῶν
1237 5237 1501 5292 νοούντων
1535 5240 1628 5292 καὶ⁵
1660 5257 1812 5293 νοου-⁹

236 5333 451 5402 μένων,
512 5333 586 5394 ῶς
647 5331 788 5401 ὑπὲρ
832 5329 1016 5382 οὐσίαν
1077 5328 1339 5399 ὑπάρχων
1414 5329 1656 5399 δηλονότι
1725 5331 1814 5384 καὶ

229 5424 437 5492 νόησιν.

304 5605 367 5660 δ’.
393 5606 607 5675 Ὥσπερ
634 5603 692 5656 tv
711 5600 787 5672 τῷ
816 5601 1024 5672 κέντρῳ
1051 5600 1158 5655 τῶν
1179 5601 1240 5665 ἐξ
1261 5601 1425 5656 αὑτοῦ
1451 5603 1570 5655 κατ’
1596 5602 1810 5656 εὐθεῖαν

229 5697 609 5761 ἐκτεταμένων
658 5692 929 5764 γραμμῶν
981 5692 1283 5761 ἀδιαίρετος
1340 5693 1622 5762 θεωρεῖται
1681 5711 1811 5747 παν-

1984 4613 2040 4666 5.
2069 4611 2258 4665 Omnis
2316 4609 2617 4664 intellectio
2646 4605 2790 4662 sicut
2844 4606 3071 4661 omnino
3097 4607 3152 4659 in
3181 4605 3498 4661 substantia

1919 4705 2103 4758 sedem
2131 4702 2316 4764 habet,
2345 4701 2545 4769 quippe
2580 4716 2704 4753 cum
2755 4699 2826 4752 sit
2850 4699 3120 4767 qualitas;
3155 4697 3243 4769 _sic
3272 4713 3502 4767 quoque"

1919 4794 2063 4848 circa
2097 4791 2460 4844 substantiam
2487 4790 2750 4858 qualitate
2782 4787 3046 4841 imbutam
3069 4795 3278 4840 motum
3306 4787 3502 4841 habet-

1919 4884 2036 4938 Non
2061 4882 2210 4936 enim
2253 4880 2371 4934 fieri
2421 4887 2626 4948 potest,
2651 4888 2715 4932 ut
2735 4871 2867 4946 quid
2914 4877 3141 4930 omnino
3179 4877 3503 4930 absolutum

1921 4988 1985 5026 ac
2029 4958 2260 5040 Simplex
2285 4985 2382 5038 per
2422 4985 2478 5022 se
2514 4969 2805 5029 exsistens,
2850 4967 2997 5020 illam
3046 4967 3342 5034 suscipiat,
3369 4982 3505 5021 cum

1919 5079 2097 5132 neque
2145 5062 2236 5116 illa
2267 5062 2520 5116 absoluta
2555 5077 2619 5114 ac
2655 5061 2888 5128 simplex
2920 5059 3166 5112 exsistat.
3204 5059 3349 5112 Deus
3399 5075 3496 5114 ιλιι--

1923 5163 2032 5207 tem
2061 5164 2296 5222 utroque
2319 5152 2481 5206 modo
2513 5153 2630 5218 ipse
2678 5167 2905 5220 prorsus
2951 5150 3201 5218 simplex,
3255 5165 3319 5203 ac
3359 5147 3494 5204 sub-

1921 5247 2124 5299 stantia
2163 5260 2274 5297 non
2322 5244 2378 5297 in
2416 5243 2702 5312 subjecto,
2745 5241 3156 5310 int‘elleetioque
3201 5239 3503 5308 nihii‘ipsa

1919 5336 2148 5390 omnino
2178 5335 2487 5405 subjectum
2513 5335 2748 5398 habens,
2787 5349 2896 5387 non
2921 5347 3114 5386 eorum
3143 5338 3230 5384 est
3261 5345 3382 5399 qua:
3405 5331 3500 5384 in-

1919 5429 2176 5498 telligunt
2202 5436 2299 5480 aut
2337 5426 2747 5497 intelliguntur,
2801 5435 2859 5479 ut
2893 5425 2986 5494 qui
3019 5423 3279 5478 nimirum
3325 5438 3502 5492 supra

1923 5515 2286 5571 substantiam
2309 5514 2856 5583 intelleCtionemque
2880 5513 3129 5568 exsistat.

1991 5603 2044 5655 4.
2077 5601 2550 5666 Quemadmodum
2605 5603 2877 5656 linearum
2919 5608 3069 5656 recta
3109 5617 3139 5654 a
3165 5607 3359 5654 centro
3387 5601 3489 5655 du-

1923 5703 2133 5746 etarum
2171 5693 2401 5746 indivisa
2428 5694 2648 5766 penitus
2675 5694 2727 5746 in
2758 5708 2824 5747 eo
2854 5692 3234 5747 consideratur
3257 5691 3455 5765 positio
3478 5710 3503 5753 ;
