3930 6324
272 305 404 367 1129

1112 308 1446 369 CAPITUM
1484 307 1758 368 THEOL.
1798 308 1891 368 ET
1930 308 2166 370 CECON.
2209 310 2598 371 CENTURIA
2635 312 2718 372 II.

3396 315 3532 377 1130

252 434 366 470 των
416 415 506 470 τὸν
552 413 675 469 νοῦν
702 456 717 477 ,
781 414 916 486 πρὸς
961 415 1155 483 πάντα,
1191 416 1259 469 τὰ
1307 416 1445 487 μετὰ
1478 415 1611 469 Θεὸν
1640 417 1841 486 τυφλὸν

1949 419 2048 475 bus
2078 420 2424 490 superiorem
2456 430 2699 475 mentem
2748 420 3027 485 attollens,
3079 419 3147 476 ad
3178 421 3364 477 omnia
3405 439 3528 494 qum

256 505 722 578 ἀπεργαζόμενον.
748 506 958 569 Μόνους
980 506 1089 577 γὰρ
1107 507 1233 569 τοὺς
1249 505 1485 576 τυφλοὺς
1509 506 1643 576 πρὸς
1663 507 1840 560 πάντα

255 596 326 648 τὰ
375 597 511 666 μετὰ.
558 595 690 648 Θεὸν
739 598 1139 669 γεγενημένους
1171 598 1427 669 ὁΚύριος
1455 599 1690 668 σοςρίξει,
1729 600 1839 651 δει-

258 687 390 751 κνὺς
422 687 490 741 τὰ
525 685 794 759 θειότερα.

330 885 381 933 ι’.
429 879 488 930 '0
538 877 633 931 τοῦ
680 878 815 931 Θεοῦ
864 879 1054 948 λόγος,
1112 880 1296 951 κόκκῳ
1324 880 1594 943 σινάπεως
1628 881 1839 943 ἐοικὼς,

254 969 361 1041 πρὸ
392 969 490 1037 τῆς
517 970 791 1039 γεωργίας
824 971 964 1024 πάνυ
993 966 1134 1026 εῖναι
1158 972 1305 1025 δοκεῖ
1338 971 1555 1043 μικρός·
1619 970 1841 1025 ἐπειδὰν

254 1062 312 1113 δὲ
346 1060 641 1133 γεωργηθῇ
675 1060 924 1125 δεόντως,
960 1063 1212 1115 τοσοῦτον
1243 1062 1608 1117 διαδείκνυται
1643 1063 1838 1133 μέγας,

254 1148 397 1203 ὥστε
425 1152 549 1214 τοὺς
580 1152 690 1203 τῶν
722 1151 997 1223 αἰσθητῶν
1030 1155 1125 1207 καὶ
1156 1154 1266 1207 τῶν
1292 1155 1499 1226 νοητῶν
1527 1157 1842 1225 κτισμάτων

258 1238 621 1309 μεγαλοφυεῖς
662 1240 853 1309 λόγους
875 1244 1093 1314 πτηνῶν
1119 1244 1273 1315 δίκην
1304 1244 1456 1316 αὑτῷ
1489 1246 1842 1301 ἐπαναπαύε-

259 1330 404 1383 σθαι.
444 1331 671 1384 Πάντων
699 1334 807 1405 γὰρ
838 1335 888 1386 oi
929 1334 1079 1405 λόγοι
1110 1336 1516 1407 καθεστήκασιν
1548 1338 1699 1410 αὐτῷ
1733 1358 1842 1410 χωο

256 1423 432 1493 ρητοί·
484 1424 644 1488 αὐτὸς
683 1426 777 1491 δέ,
810 1426 920 1481 τῶν
954 1429 1122 1482 ὄντων
1171 1431 1316 1483 ἐστὶν
1356 1432 1531 1484 οὐδενὶ
1576 1432 1839 1504 χωρητός.

252 1516 342 1567 Διὸ
385 1514 476 1568 τὸν
515 1516 707 1585 ἔχοντα
739 1519 922 1574 πίστιν
966 1521 1042 1584 ὡς
1087 1522 1288 1575 κόκκον
1335 1524 1648 1590 σινάπεως,
1685 1524 1845 1578 δύνα-

254 1607 377 1660 σθαι
424 1609 735 1678 μεταθεῖναι
780 1612 923 1683 λόγῳ
975 1613 1036 1666 τὸ
1084 1613 1208 1684 ὅρος
1244 1617 1272 1667 6
1297 1615 1497 1687 Κύριος
1524 1616 1650 1688 ἔφη·
1691 1634 1846 1670 τουτ-

254 1700 372 1753 έστι
398 1740 413 1765 ,
457 1701 518 1753 τὸ
549 1701 670 1755 καθ’
692 1703 849 1773 ἡμῶν
878 1704 970 1758 τοῦ
998 1705 1245 1759 διαϐόλου
1273 1709 1472 1777 κράτος
1497 1706 1843 1774 ἁποδιὼκειν,

251 1792 345 1845 καὶ
382 1792 735 1863 μετατιθέναι
765 1795 866 1865 τῆς
899 1794 1131 1865 βάσεως.

326 1974 416 2026 ια’.
475 1970 694 2034 Κόκκος
738 1971 834 2024 τοῦ
885 1972 1159 2037 οινάπεώς
1188 1976 1339 2028 ἐστιν
1368 1977 1397 2027 6
1427 1975 1662 2046 Κύριος,
1705 1978 1845 2030 κατὰ

253 2061 439 2116 πίστιν
495 2063 553 2118 ἐν
600 2063 883 2133 Πνεύματι
934 2066 1294 2137 σπειρόμενος
1346 2070 1404 2121 ἐν
1446 2071 1566 2131 ταῖς
1597 2069 1845 2138 καρδίαις

250 2154 358 2208 τῶν
388 2155 715 2227 δεχομένων·
749 2156 806 2211 ὃν
835 2159 863 2211 ὁ
891 2158 1167 2229 ἐπιμελῶς
1193 2159 1283 2212 διὰ
1305 2159 1413 2213 τῶν
1438 2161 1649 2228 ἀρετῶν
1676 2178 1846 2231 γεωρ-

252 2248 426 2318 γήσας
447 2288 461 2312 ν
519 2249 579 2301 τὸ
606 2250 705 2320 μὲν
734 2249 861 2321 ὅρος
896 2250 988 2304 τοῦ
1020 2250 1206 2321 χοϊκοῦ
1233 2253 1583 2324 φρονήματος
1616 2254 1843 2323 μετατί-

252 2341 416 2411 θησι,
472 2342 573 2414 τὴν
617 2343 937 2415 δυσκίνητον
976 2345 1089 2410 ἕξιν
1133 2346 1329 2400 ἑαυτοῦ
1362 2348 1463 2416 τῆς
1495 2348 1695 2412 κακίας
1722 2349 1844 2403 κατ’

252 2431 503 2497 ἐξουσίαν
552 2436 942 2508 ἀπωθούμενος
966 2455 979 2469 ·
1038 2440 1163 2504 τοὺς
1201 2440 1258 2493 δέ
1300 2440 1492 2509 λόγους
1526 2441 1704 2511 ἐαυτῷ
1734 2444 1843 2497 τῶν

251 2524 484 2577 ἐντολῶν
519 2527 615 2579 καὶ
641 2528 768 2591 τοὺς
792 2528 1050 2598 τρόπους,
1080 2530 1111 2599 ἢ
1143 2531 1238 2585 καὶ
1264 2530 1373 2594 τὰς
1388 2530 1534 2595 θείας
1558 2532 1840 2603 δυνάμεις,

251 2614 442 2687 ὥσπερ
476 2617 698 2670 πετεινὰ
726 2619 957 2690 ούρανοῦ
988 2621 1354 2676 ἐπαναπαύει.

324 2708 412 2777 ιβ’.
452 2707 542 2779 Τῷ
585 2710 776 2780 Κυρίῳ
822 2711 1073 2782 καθάπερ
1124 2713 1232 2766 τινὶ
1280 2712 1517 2783 θεμελίῳ
1574 2712 1838 2779 πίστεως,

250 2798 312 2853 τὸ
339 2798 472 2871 ὕψος
501 2790 985 2871 ἐποικοδομοῦντες
1022 2805 1131 2858 τῶν
1184 2804 1429 2873 ἀγαθῶν,
1466 2805 1712 2875 χρυσίον,
1740 2807 1842 2877 ἀρ-

250 2891 463 2961 γύριον,
499 2892 680 2955 λίθους
706 2893 922 2963 τιμίους
961 2894 1281 2966 ἐπιθώμεθα
1306 2912 1319 2925 ·
1355 2896 1625 2962 τουτέστι,
1656 2895 1837 2950 θεολο-

249 2983 377 3051 γίαν
429 2984 677 3054 καθαρὰν
733 2987 828 3037 καὶ
867 2985 1178 3057 ἀκίϐδηλον,
1204 2989 1299 3041 καὶ
1330 2988 1446 3057 βίον
1475 2989 1709 3062 διαφανῆ
1744 2989 1840 3045 καὶ

248 3073 527 3144 λαμπρὸν,
569 3075 664 3126 καὶ
698 3073 874 3138 θείους
905 3075 1201 3146 λογισμοὺς
1235 3077 1302 3131 τὰ
1330 3079 1667 3150 μαργαρὼδη
1711 3080 1838 3152 νοή-
1866 3107 1908 3165 c

251 3181 435 3236 ματα·
487 3164 624 3219 ἀλλὰ
676 3165 749 3237 μὴ
794 3165 949 3232 ξύλα,
1011 3168 1086 3238 μὴ
1131 3169 1322 3240 χόρτον
1377 3171 1513 3241 μήτε
1550 3172 1836 3244 καλάμην·

249 3255 540 3320 τουτέστι,
603 3256 743 3327 μήτε
791 3257 1274 3328 είδωλολατρείαν·
1325 3260 1498 3330 ἦγουν
1560 3261 1662 3330 τὴν
1711 3262 1842 3335 περὶ

251 3346 322 3400 τὰ
368 3347 604 3417 αἰσθητὰ
668 3348 933 3418 πτόησιν·
994 3349 1131 3419 μήτε
1180 3349 1296 3420 βίον
1354 3351 1660 3420 ἀλόγιστον,
1700 3353 1840 3423 μήτε

246 3433 544 3508 λογισμοὺς
574 3439 864 3508 ἐμπαθεῖς,
888 3440 1097 3510 καὶτῆς
1131 3440 1274 3494 κατὰ
1320 3441 1513 3510 σοφίαν
1567 3444 1840 3506 συνέσεως

252 3527 444 3600 ὥσπερ
482 3529 769 3600 ἀσταχύων
799 3531 1217 3602 ἐστερημένους.

329 3691 420 3755 ιγ’.
471 3685 532 3739 '0
582 3684 838 3755 γνώσεως
885 3688 1194 3760 ἐφιέμενος,
1255 3692 1692 3764 ἁμετακινήτους
1740 3694 1840 3757 τὰς

256 3776 443 3847 βάσεις
472 3777 572 3848 τῆς
604 3778 781 3850 ψυχῆς
816 3781 1087 3851 ἐρεισάτω
1137 3783 1291 3853 παρὰ
1345 3784 1425 3854 τῷ
1455 3785 1666 3856 Κυρίῳ,
1697 3785 1841 3839 καθά

255 3886 422 3940 φησιν
449 3871 476 3922 6
502 3869 634 3934 Θεὸς
663 3871 739 3942 τῷ
769 3873 975 3944 Μωῦσῇ
996 3890 1009 3902 ·
1044 3872 1128 3927 Σὺ
1162 3873 1231 3927 δὲ
1262 3875 1450 3929 αὐτοῦ
1480 3875 1662 3945 στῆθι
1710 3875 1839 3945 μετ’

253 3962 421 4030 ἐμοῦ.
465 3963 664 4017 Ἰστέον
705 3964 783 4029 δὲ,
829 3965 911 4018 ὃτι
949 3966 1047 4019 καὶ
1074 3966 1133 4018 ἐν
1162 3967 1346 4030 αὐτοῖς
1371 3970 1484 4031 τοῖς
1526 3967 1841 4038 ἱσταμένοις

253 4055 408 4126 παρὰ
430 4054 505 4126 τῷ
525 4056 711 4129 Κυρίῳ
742 4057 859 4111 ἐστὶ
889 4058 1155 4131 διαφορά·
1192 4059 1352 4131 εἴπερ
1375 4062 1553 4115 ἐκεῖνο
1586 4062 1663 4132 μὴ
1695 4078 1842 4133 παρ-

254 4144 432 4215 έργως
491 4146 927 4210 ἀναγινώσκεται
988 4151 1101 4212 τοῖς
1150 4149 1497 4221 φιλομαθέσι,
1542 4150 1644 4216 τὸ,
1706 4150 1842 4205 (ita!

252 4252 412 4303 τινες
436 4236 553 4309 τῶν
580 4232 696 4293 ὧδε
727 4240 1020 4306 ἑστώτων,
1055 4243 1273 4309 οἵτινες
1302 4245 1374 4297 οὐ
1397 4243 1484 4313 μὴ
1514 4244 1843 4313 γεύσωνται

255 4333 538 4398 θανάτου,
580 4334 693 4399 ἕως
745 4335 823 4389 ἂν
868 4335 1041 4390 ἴδωσι
1066 4336 1180 4405 τὴν
1198 4338 1530 4402 βασιλείαν
1555 4338 1662 4392 τοῦ
1691 4337 1841 4392 Θεοῦ

1944 528 1977 567 a
2012 513 2125 567 Deo
2162 511 2408 567 secunda
2444 522 2595 578 sunt,
2644 528 2843 568 caecam
2893 512 3097 568 reddit.
3136 514 3246 570 Eos
3291 531 3530 586 namque

1946 619 2088 659 unos
2118 603 2390 658 Dominus
2430 604 2710 673 sapientes
2740 604 2893 669 facit,
2926 605 3226 661 ostendens
3245 623 3367 674 quas
3403 591 3553 663 sunt:

1944 695 2245 760 diviniora,
2280 695 2391 749 illis
2437 696 2533 765 qui
2580 696 2645 750 ad
2697 696 2879 750 omnia
2909 712 3031 765 qua:
3064 714 3093 752 a
3132 698 3244 752 Deo
3290 702 3530 755 secunda

1944 795 2095 848 sunt,
2125 785 2251 839 caaci
2279 787 2557 839 exsistunt
2581 786 2645 839 ⁸³.

2027 878 2107 931 l0.
2136 877 2233 931 Dei
2263 894 2467 943 sermo,
2502 893 2673 948 grano
2711 880 2921 948 sinapis
2953 880 3169 946 similis,
3207 882 3531 952 priusquam

1946 971 2185 1035 colatur,
2235 970 2471 1040 exiguus
2524 970 2824 1025 admodum
2876 978 3107 1040 apparet
3149 989 3163 1024 :
3200 971 3296 1026 ubi
3347 982 3525 1028 auten:

1945 1079 2091 1127 eam,
2125 1078 2247 1132 qua:
2276 1044 2790 1128 deeeat,'culturam
2820 1063 3116 1132 acceperit,
3148 1070 3298 1119 tanta
3334 1080 3532 1136 proce-

1948 1156 2111 1210 ritate
2145 1154 2436 1217 excrescit,
2500 1163 2563 1208 ut
2618 1162 2953 1219 crcatorum,
3006 1162 3120 1207 tum
3180 1170 3304 1224 quae
3365 1172 3531 1211 sensu

1946 1245 2350 1316 percipiuntur,
2388 1252 2502 1297 tum
2550 1258 2672 1312 quae
2724 1243 2841 1297 sola
2890 1252 3075 1297 mente
3119 1243 3532 1314 intelliguntur,

1948 1336 2250 1407 magnifice
2283 1335 2528 1389 rationes
2550 1334 2843 1387 volucrum
2875 1333 3051 1387 instar
3092 1334 3149 1387 in
3186 1348 3253 1387 eo
3312 1333 3535 1403 requie-

1953 1438 2111 1485 scant
2135 1429 2202 1482 ⁶³.
2252 1427 2508 1482 Omnium
2541 1427 2688 1481 enim
2714 1427 2805 1481 ille
2851 1427 3098 1481 rationes
3126 1427 3315 1497 capit:
3354 1427 3534 1496 ipsum

1947 1529 2132 1577 autem
2179 1520 2329 1591 quod
2378 1520 2554 1590 possit
2596 1535 2815 1589 capere,
2854 1520 2992 1573 nihil
3029 1520 3084 1573 in
3124 1520 3294 1575 rebus
3333 1529 3531 1575 exstat.

1947 1611 2079 1667 ldeo
2127 1611 2294 1665 etiam
2337 1610 2477 1663 dixit
2522 1609 2791 1664 Dominus
2817 1623 2966 1675 eum,
2994 1609 3088 1678 qui
3124 1608 3286 1663 ﬁdem
3333 1609 3535 1664 habeat

1948 1702 2093 1757 sicut
2122 1716 2354 1772 granum
2386 1701 2598 1770 sinapis
2648 1716 2809 1770 posse
2844 1702 3144 1755 transferre
3171 1710 3413 1755 montem
3437 1700 3482 1732 ⁸⁸
3516 1718 3530 1753 :

1877 1771 1919 1827 Β
1949 1771 2156 1846 diaboli
2186 1792 2400 1846 scilicet
2426 1791 2719 1845 adversum
2752 1806 2856 1845 nos
2880 1791 3174 1861 imperium
3203 1800 3261 1845 et
3288 1786 3533 1861 potesta-

1950 1891 2061 1938 tem
2084 1883 2294 1953 fugare,
2321 1899 2352 1937 a
2386 1882 2516 1936 sede
2542 1882 2806 1952 dejicere.

2020 1975 2106 2027 11.
2137 1972 2382 2027 Granum
2433 1971 2644 2040 sinapis
2696 1971 2963 2026 Dominus
3007 1980 3112 2035 est,
3146 1987 3244 2041 per
3276 1971 3440 2028 fidem
3475 1972 3532 2026 in

1948 2066 2144 2134 spiritu
2171 2065 2227 2119 in
2259 2063 2683 2134 suscipientium
2705 2063 2972 2118 cordibus
2998 2065 3303 2120 seminatus
3331 2083 3343 2118 :
3368 2080 3533 2135 quem

1945 2157 2040 2227 qui
2064 2156 2359 2227 diligenter
2384 2156 2621 2211 virtutes
2648 2156 2960 2225 praestando
2986 2157 3138 2221 colit,
3170 2158 3376 2212 terreni
3409 2173 3537 2213 sen—

1946 2264 2042 2305 sus
2086 2258 2337 2305 montem
2376 2247 2657 2304 transfert
2704 2247 2947 2319 (diflieile
3000 2248 3214 2303 scilicet
3270 2250 3533 2304 mobilem

1944 2348 2111 2410 atque
2140 2340 2448 2395 haerentem
2479 2337 2703 2393 malitia:
2729 2337 2982 2392 habitum
3020 2338 3252 2407 vitiique
3281 2355 3312 2393 a
3336 2355 3395 2394 se
3417 2340 3534 2410 ipse

1944 2448 2046 2502 per
2078 2439 2409 2503 potestatem
2433 2428 2742 2501 depellens)
2768 2428 3267 2502 mandatorumque
3292 2431 3536 2486 rationes

1942 2534 2001 2579 et
2022 2524 2187 2596 48⁸1
2216 2524 2430 2587 modos,
2464 2522 2579 2577 sive
2608 2522 2773 2577 etiam
2827 2521 3042 2577 divinas
3070 2521 3302 2577 virtutes
3322 2563 3335 2587 ,
3383 2524 3535 2577 velut

1943 2616 2068 2670 οωιὶ
2094 2616 2348 2669 volucres
2374 2615 2429 2669 in
2458 2629 2515 2669 se
2538 2613 2889 2683 requiescere
2922 2612 3073 2668 facit.

1933 2715 1941 2725 '
2026 2704 2114 2759 12.
2143 2703 2250 2770 Qui
2272 2718 2443 2773 super
2464 2702 2782 2769 Dominum,
2806 2710 3068 2773 tanquam
3106 2702 3232 2758 fidei
3255 2702 3530 2774 quoddam

1940 2795 2386 2859 fundamentum,
2422 2796 2701 2851 excelsum
2724 2795 3002 2849 bonorum
3027 2794 3244 2849 culmen
3278 2803 3530 2849 exstrua-

1892 2876 1899 2883 ’
1940 2901 2095 2951 mus;
2143 2900 2363 2950 aurum,
2412 2893 2723 2955 argentum,
2756 2884 2970 2955 lapides
3001 2885 3278 2955 pretiosos
3315 2888 3530 2957 (puram

1941 2977 2153 3033 scilicet
2168 2983 2333 3046 atque
2350 2975 2626 3030 sinceram
2645 2975 2714 3030 de
2734 2976 2846 3030 Deo
2860 2974 3194 3038 doctrinam,
3218 2976 3533 3047 claramque

1941 3078 2107 3139 atque
2141 3068 2412 3122 illustrem
2459 3069 2629 3123 vitam
2659 3108 2675 3133 ,
2715 3082 2934 3124 necnon
2971 3082 3132 3123 sensa
3177 3069 3348 3123 animi
3371 3070 3531 3123 unio-

1940 3176 2074 3216 num
2098 3160 2277 3215 nitore
2298 3158 2584 3229 fulgentia)
2612 3174 2756 3225 ;non
2780 3158 2949 3229 ligna,
2971 3158 3183 3219 fenum,
3213 3159 3471 3229 stipulam
3486 3162 3531 3192 "

1944 3252 2150 3322 (neque
2204 3252 2419 3306 scilicet
2472 3251 2750 3305 idolorum
2792 3251 3025 3317 cultum,
3066 3249 3123 3304 id
3158 3260 3263 3315 est,
3298 3252 3570 3326 terrenis_

1941 3344 2222 3401 addictum
2259 3342 2505 3398 animum
2550 3342 2728 3412 iisque
2761 3340 3002 3397 deﬁxum
3052 3357 3231 3411 neque
3283 3357 3530 3399 aversam

1941 3452 1971 3489 a
2008 3436 2224 3491 ratione
2245 3434 2437 3501 vitam,
2485 3450 2670 3505 neque
2699 3434 2921 3489 demum
2975 3433 3302 3489 libidinosas
3329 3434 3533 3504 cogita-

1940 3525 2143 3589 tiones,
2176 3535 2238 3578 ut
2282 3540 2406 3595 quae
2439 3533 2699 3594 tanquam
2746 3523 2933 3594 spicis,
2987 3523 3272 3593 sapientia:
3324 3523 3533 3578 intelli-

1940 3616 2128 3685 gentia
2159 3616 2406 3688 careant)
2440 3616 2519 3671 illi
2549 3616 2924 3688 imponamus.

2010 3707 2097 3761 15.
2140 3706 2246 3773 Qui
2299 3706 2545 3761 scientia:
2597 3706 2876 3762 desiderio
2924 3714 3167 3772 tenetur,
3220 3706 3533 3761 immobiles

1942 3796 2111 3850 animi
2142 3812 2364 3867 gressus
2392 3797 2537 3866 apud
2561 3797 2856 3851 Dominum
2900 3806 3126 3862 statuat,
3172 3797 3532 3866 quemadmo-

1942 3887 2073 3941 dum
2124 3887 2201 3940 ait
2247 3888 2393 3941 Deus
2432 3887 2593 3952 Mosi,
2649 3888 2724 3942 Tu
2772 3896 2948 3942 autem
2981 3889 3064 3941 hic
3108 3896 3193 3941 sta
3242 3890 3524 3944 mecum“.

1942 3976 2092 4031 Istud
2131 3992 2299 4047 porro
2335 3976 2766 4043 observandum,
2806 3977 2864 4032 in
2903 3977 2972 4033 iis
3013 3976 3180 4032 etiam
3227 3978 3525 4037 discrimen

1941 4084 2062 4124 esse
2083 4070 2177 4139 qui
2203 4077 2351 4125 stant
2378 4068 2522 4140 apud
2551 4070 2865 4136 Dominum,
2891 4071 2934 4125 si
2976 4070 3141 4125 modo
3172 4070 3404 4126 studiosi
3430 4087 3527 4127 ve-

1943 4162 2101 4232 rique
2129 4171 2405 4227 amantes,
2453 4162 2603 4232 quod
2635 4163 2707 4217 ita
2738 4162 3008 4232 scriptum
3053 4172 3159 4228 est,
3210 4178 3320 4218 non
3349 4164 3528 4220 obiter

1942 4253 2217 4325 legimus:
2253 4252 2388 4309 Sunt
2437 4255 2656 4326 quidam
2712 4256 2775 4309 de
2822 4257 2905 4309 hic
2951 4256 3233 4321 stantibus,
3276 4258 3367 4328 qui
3422 4274 3529 4312 non

1943 4352 2231 4417 gustabunt
2264 4356 2518 4411 mortem,
2555 4348 2719 4401 donec
2764 4348 2991 4401 viderint
3041 4364 3261 4419 regnum
3292 4349 3392 4404 Dei
3438 4366 3529 4404 ve-

256 4427 629 4493 ἐληλυθυῖαν
655 4430 724 4481 ἐν
752 4427 1020 4499 δυνάμει.
1064 4431 1139 4483 Οὐ
1194 4430 1304 4502 γὰρ
1354 4432 1521 4486 πᾶσιν
1572 4431 1659 4485 ἀεὶ
1703 4429 1843 4501 μετὰ

1949 4442 2095 4494 ηἱεηε
2167 4442 2224 4495 in
2275 4443 2469 4495 virtute
2492 4441 2560 4494 ⁸⁷.
2611 4440 2731 4495 Non
2785 4442 2932 4496 enim
2990 4441 3256 4496 Dominus
3310 4456 3530 4512 semper

256 4520 416 4586 δόξης
447 4519 473 4570 6
498 4518 704 4590 Κύριος
726 4520 1077 4589 ἐπιφαίνεται
1113 4523 1227 4585 τοῖς
1261 4521 1392 4593 παρ’
1416 4521 1567 4591 αὐτῷ
1610 4521 1839 4593 ἱσταμέ-

260 4628 387 4674 νοις,
428 4611 563 4665 ἀλλὰ
600 4613 713 4675 τοῖς
758 4611 857 4682 μὲν
891 4612 1290 4681 εἰσαγομένοις,
1323 4615 1381 4667 ἐν
1431 4613 1616 4667 δούλου
1655 4617 1835 4686 μορφῇ

261 4705 657 4775 παραγίνεται·
692 4707 806 4768 τοῖς
850 4705 908 4758 δέ
937 4705 1257 4775 δυναμένοις
1288 4706 1651 4775 ἀκολουθῆσαι
1688 4707 1837 4778 αὑτῷ

257 4795 351 4846 ἐπὶ
366 4794 428 4847 τὸ
452 4794 656 4865 ὑψηλὸν
676 4796 1025 4850 ἀναϐαίνοντι
1042 4798 1141 4867 τῆς
1158 4797 1323 4851 αὑτοῦ
1350 4798 1835 4871 μεταμορφώσεως

253 4887 403 4957 ὅρος,
444 4887 502 4939 ἐν
526 4892 709 4960 μορφῇ
735 4889 870 4942 Θεοῦ
904 4890 1257 4959 ἐπιφαίνεται
1289 4890 1365 4961 (y)
1392 4909 1403 4921 ·
1441 4892 1501 4944 ἐν
1597 4893 1831 4964 ὑπῆρχε,

333 5042 379 5074 ⁸⁸
414 5044 559 5170 ἔξω.
596 5062 749 5110 exnv,
777 5046 828 5101 8.
907 5047 951 5078 ⁶³
967 5045 1159 5102 Matth.
1194 5063 1308 5113 xm,
1340 5047 1428 5100 51.

339 5128 375 5170 I.
489 5154 503 5167 .

262 5128 375 5178 vni,
414 5128 503 5170 ου.

337 5250 412 5323 (y)
430 5250 911 5328 ’E_r}t0_p_50ﬂ9805
929 5254 1326 5328 ἐπιφαίνεται.
1352 5256 1415 5310 In
1436 5256 1529 5311 Dei
1545 5266 1717 5327 [arma
1740 5274 1837 5328 ap-

262 5333 438 5396 paret.
472 5324 768 5396 EstﬁMarei
796 5326 1074 5396 νηπτικῶν
1091 5341 1213 5395 cap.
1251 5326 1337 5389 14,
1364 5324 1635 5396 suumque
1670 5324 1838 5381 Masi-

264 5408 397 5467 mu_s_
412 5395 775 5467 exscribendo
816 5395 947 5449 fecit
975 5413 988 5467 ς
1018 5396 1073 5449 in
1108 5412 1218 5465 quo
1248 5399 1523 5467 praecipua
1547 5395 1842 5452 difﬁcultas

265 5463 400 5538 quid
427 5465 495 5517 sit
517 5464 609 5519 illa
639 5465 862 5538 claritas
894 5466 1013 5529 Dei,
1039 5467 1108 5538 fin
1126 5463 1265 5536 qua
1286 5463 1542 5522 Christus
1563 5469 1838 5538 apparuit.

264 5533 479 5589 Idcirco
511 5535 656 5604 quod
697 5535 865 5590 Graeci
895 5533 1199 5604 sequior-es.
1229 5539 1519 5593 occasione
1566 5533 1842 5593 dictorum

266 5552 479 5589 idcirco
511 5552 656 5604 quoa
697 5552 865 5590 urnae:
895 5552 1199 5660 segniores.
1229 5552 1519 5593 occasione
1566 5552 1842 5593 uictorum

266 5606 633 5674 quorumdam
672 5607 915 5667 Patrum,
997 5624 1027 5661 e
1073 5608 1353 5661 Thaborio
1381 5609 1588 5663 lumine
1626 5608 1707 5663 sic
1756 5609 1842 5663 di-

265 5673 490 5746 gladiati
523 5684 669 5739 sunt;
698 5683 758 5729 ut
790 5692 879 5731 res
901 5692 999 5745 per
1026 5677 1411 5732 Palamitarum
1436 5679 1843 5733 contentionem

268 5752 323 5805 in
361 5747 765 5817 putidissimam
814 5747 1065 5801 haeresim
1110 5747 1344 5814 abierit;
1410 5749 1844 5805 existimantium

542 5838 814 5900 ΡΑτιιοι..
860 5839 973 5900 Gn.
1014 5841 1133 5903 XC.

1946 4530 2205 4586 omnibus
2259 4547 2385 4586 cum
2448 4530 2702 4586 claritate
2756 4539 3017 4602 apparet,
3065 4533 3159 4603 qui
3204 4540 3353 4589 stant
3381 4532 3527 4603 apud

1946 4623 2157 4694 ipsum;
2201 4623 2297 4678 sed
2328 4623 2397 4679 iis
2425 4622 2649 4693 quidem
2681 4624 2774 4693 qui
2829 4624 3173 4679 inducuntur
3222 4640 3285 4680 ac
3317 4625 3529 4680 tirones

1945 4725 2102 4781 sunt,
2155 4716 2379 4771 advenit
2430 4715 2682 4770 informa
2736 4717 2882 4771 servi
2917 4735 2929 4769 :
2959 4718 3025 4772 iis
3042 4725 3223 4772 autem
3263 4719 3358 4787 qui
3398 4734 3523 4772 eum

1945 4805 2100 4876 sequi
2125 4806 2310 4861 valent
2330 4807 2716 4862 ascendentem
2758 4808 2811 4861 in
2842 4818 3084 4864 montem
3118 4811 3394 4866 excelsum
3415 4827 3528 4866 sua:
3582 4806 3587 4821 ³

1946 4895 2532 4967 transfigurationis,in
2558 4897 2654 4951 Dei
2681 4896 2852 4952 forma
2884 4907 3131 4968 apparet,
3166 4899 3221 4952 in
3252 4916 3356 4969 qua
3386 4908 3525 4968 erat,
3616 4906 3621 4929 ἓ

1508 5047 1554 5079 θ*
1577 5048 1767 5102 Matth.
1796 5067 1858 5104 xv

1957 5051 2043 5104 19.
2110 5053 2192 5105 ⁸⁵1
2222 5052 2346 5107 Cor.
2388 5053 2573 5118 "1,12.
2624 5055 2667 5086 *⁵⁸
2702 5054 2874 5108 Exod.
2912 5071 3075 5149 axx":
3128 5054 3187 5106 2.
3288 5055 3330 5084 ⁸⁷
3360 5055 3523 5110 Marc.

1942 5260 2040 5313 Dei
2066 5259 2211 5333 illam
2243 5261 2570 5329 claritatem,
2601 5262 2696 5333 τὴν
2725 5263 2901 5330 δόξαν,
2924 5263 3127 5333 aliquid
3151 5263 3262 5317 Deo
3286 5278 3524 5317 ceterum

1948 5344 2092 5403 esse,
2122 5329 2309 5403 illique
2352 5339 2547 5387 natura
2579 5329 2969 5403 conjunctum;
3009 5329 3110 5388 nec
3145 5342 3324 5387 tamen
3354 5333 3525 5402 ipsam

1952 5399 2047 5453 Dei
2084 5402 2380 5475 essentiam
2415 5418 2557 5475 esse,
2600 5399 2697 5458 sed
2722 5405 2877 5475 quasi
2919 5405 3068 5458 illius
3110 5399 3385 5475 virtutem
3427 5417 3524 5475 seu

1952 5469 2288 5545 potentiam;
2324 5473 2470 5545 quod
2503 5482 2652 5545 certe
2683 5469 2951 5545 repugnat
2983 5474 3232 5528 maximae
3274 5473 3366 5545 Dei
3398 5472 3527 5545 simg

1952 5539 2211 5614 plici_tati,_
2238 5539 2403 5611 quam
2438 5542 2553 5612 ipse
2587 5539 2852 5599 Maximus
2900 5545 3063 5614 paulo
3108 5543 3365 5614 superius
3414 5559 3463 5597 c.
3492 5544 3525 5599 El

1952 5618 2009 5665 et
2063 5610 2116 5675 '5,
2168 5610 2274 5682 rite
2320 5610 2649 5682 prosccutus
2695 5626 2801 5679 est,
2844 5610 3062 5670 omnem
3092 5610 3317 5671 omnino
3346 5630 3376 5669 a
3415 5614 3529 5670 Deo

1952 5680 2405 5763 compositionem
2440 5685 2759 5763 cgcludens.
2782 5686 2936 5763 Quod
2968 5694 3150 5740 autem
3168 5686 3296 5763 ipsa
3324 5685 3529 5763 _lux_ct

1953 5751 2197 5821 claritas,
2226 5755 2603 5825 corporalibus
2649 5757 3023 5829 apostolorum
3058 5751 3235 5811 oculis
3288 5755 3524 5826 objecta,

3065 5849 3144 5911 36
