3930 6324
470 303 601 369 1131

1629 300 1687 358 S.
1730 298 2013 359 MAXIMI
2053 297 2564 358 CONFESSORIS

3602 306 3741 372 1132

469 429 765 486 antequam
813 412 1053 477 mundus
1103 420 1268 467 esset.
1309 408 1455 465 Fieri
1510 409 1677 479 igitur
1738 415 1940 478 potest,
1988 424 2023 462 u

2154 405 2263 476 πρὸ
2277 405 2370 459 τοῦ
2409 405 2501 461 τὸν
2522 408 2726 479 κόσμον
2752 405 2911 463 εἶναι.
2936 411 3171 466 Δυνατδν
3190 407 3282 466 οὖν
3305 414 3449 481 ἐστι,
3474 414 3557 486 μὴ
3592 434 3738 473 κατα

472 509 617 563 idem
663 508 779 576 ipse
816 504 1083 558 Dominus
1105 518 1215 558 non
1238 501 1430 557 eadem
1460 499 1672 555 ratione
1710 500 1926 554 cunctis
1949 513 2052 568 ap-

469 608 695 671 pareat,
735 598 830 668 qui
865 605 1014 652 stant
1054 596 1198 666 apud
1245 596 1454 665 ipsum;
1506 591 1605 647 sed
1643 591 1754 646 alio
1806 589 2045 659 alioque,

468 691 591 745 aliis
621 696 787 759 atque
832 688 957 743 aliis
986 687 1171 753 modo;
1208 702 1310 757 pro
1358 685 1625 755 cujusque
1672 682 1883 738 scilicet
1919 679 2047 735 tidei

469 781 696 837 modulo
732 779 1004 836 visionem
1035 778 1275 833 varians.

540 875 628 929 14.
663 872 767 930 Ubi
798 873 852 927 in
882 870 1044 926 nobis
1077 870 1173 925 Dei
1200 885 1383 924 sermo
1416 867 1738 938 splendidus
1756 867 2046 937 clarusque

468 965 760 1027 exstiterit,
789 964 1019 1037 ejusque
1041 961 1210 1016 facies
1240 960 1372 1016 solis
1406 960 1581 1019 instar
1607 959 1896 1021 effulserit,
1914 968 2046 1012 tunc

467 1071 691 1129 quoque
723 1056 843 1125 ejus
866 1052 1194 1107 vestimenta
1237 1058 1505 1119 apparent
1548 1048 1784 1103 candida
1820 1065 1832 1100 :
1877 1062 2044 1102 sacrae

468 1147 733 1202 nimirum
763 1144 1188 1214 Evangeliorum
1220 1141 1521 1211 Scriptura:
1564 1139 1747 1193 lucida
1785 1137 1954 1192 verba
1988 1146 2045 1192 et

469 1234 783 1306 perspicua,
817 1233 1067 1302 nihilque
1093 1230 1370 1286 occultum
1400 1227 1813 1294 abstrusiusque
1836 1224 2045 1279 haben-

472 1330 567 1383 tia.
602 1326 710 1381 Sed
751 1333 808 1379 et
845 1324 1055 1395 Moyses
1096 1323 1352 1390 Eliasque
1389 1335 1499 1373 una
1523 1317 1864 1379 adveniunt,
1905 1316 2043 1385 legis

464 1419 687 1475 scilicet
706 1425 764 1471 et
802 1415 1199 1486 prophetarum
1226 1410 1589 1482 Spiritaliores
1628 1422 1914 1465 sermones
1943 1421 2040 1461 seu

467 1511 726 1566 rationes.
1564 1505 1570 1510 ’

537 1604 623 1658 15.
661 1599 1133 1669 Quemadmodum
1159 1602 1428 1652 venturus
1454 1602 1540 1648 est
1578 1592 1750 1648 Filius
1777 1590 2037 1657 hominis,

463 1696 608 1752 sicut
637 1694 904 1765 scriptum
931 1700 1018 1747 est
1037 1691 1105 1756 “,
1133 1704 1257 1745 eum
1281 1687 1490 1759 angelis
1524 1685 1640 1741 suis
1667 1685 1722 1738 in
1748 1684 1919 1755 gloria
1939 1684 2041 1739 Pa-

464 1788 602 1842 tris:
632 1786 713 1843 sic
743 1786 839 1841 Dei
868 1796 1050 1839 sermo
1094 1780 1326 1852 singulis
1341 1779 1654 1849 quibusque
1668 1777 1890 1833 virtutis
1907 1791 2037 1846 pro-

462 1875 720 1939 fectibus,
759 1873 846 1927 his
885 1872 981 1941 qui
1007 1868 1158 1941 digni
1199 1869 1312 1924 sint
1343 1865 1786 1930 transformatur,
1808 1865 2039 1921 veniens

460 1977 589 2023 cum
615 1964 824 2035 angelis
845 1962 960 2017 suis
984 1962 1039 2015 in
1064 1959 1238 2031 gloria
1260 1958 1460 2014 Patris.
1491 1956 1867 2026 Spiritaliorcs
1888 1955 2036 2010 enim

461 2060 519 2112 in
540 2057 661 2125 lege
685 2061 743 2109 ct
768 2051 1052 2123 prophetis
1083 2050 1410 2104 exsistentes
1437 2062 1720 2103 sermones
1759 2063 1823 2102 ac
1866 2047 2038 2103 ratio-

460 2163 582 2212 nes,
625 2159 866 2216 quorum
902 2143 1112 2215 Moyses
1147 2148 1206 2196 et
1237 2140 1386 2197 Elias
1413 2140 1533 2194 suis
1579 2139 1684 2208 ipsi
1729 2137 2038 2194 rationibus

460 2240 628 2312 488
668 2237 839 2310 ﬁgura
878 2235 1231 2297 exstiterunt,
1262 2246 1386 2287 cum
1429 2230 1663 2285 Domino
1684 2237 2034 2300 apparentes,

461 2347 573 2401 quo
606 2339 852 2399 tempore
890 2326 1156 2381 Dominus
1184 2322 1607 2377 transformatus
1631 2330 1735 2386 est,
1765 2321 1887 2391 ejus
1922 2320 2035 2375 cla-

462 2422 661 2485 ritatis,
691 2436 813 2491 qua:
847 2419 901 2473 in
929 2418 1061 2488 ipsis
1080 2427 1184 2481 est,
1208 2414 1430 2469 modum
1455 2426 1757 2481 congruum
1781 2422 2032 2476 servant;

460 2531 624 2586 quam
660 2515 927 2568 hactenus
954 2509 1103 2581 digni
1140 2508 1352 2579 possint
1401 2519 1620 2576 capere.
1664 2504 1923 2558 virtutem
1971 2517 2037 2558 ac

460 2605 764 2678 potentiam
793 2602 1207 2674 patefacientes.

531 2699 619 2754 16.
655 2697 759 2765 Qui
795 2695 1062 2765 tantisper
1095 2693 1323 2747 unitatis
1374 2690 1641 2745 rationem
1693 2689 1889 2742 doctus
1926 2694 2032 2751 est,

459 2790 684 2846 omnino
705 2790 872 2845 etiam
901 2788 977 2841 illi
1009 2786 1329 2857 conjunctas
1362 2780 1724 2852 providentiae
1753 2795 1817 2834 ac
1836 2779 2032 2850 judicii
2069 2845 2087 2857 τ

456 2884 763 2953 exploratas
807 2881 972 2936 habet
1015 2878 1277 2932 rationes.
1310 2874 1491 2942 Quare
1518 2873 1706 2937 etiam,
1732 2872 1887 2926 velut
1933 2871 2035 2925 Pe-

457 2984 597 3035 trus,
630 2985 847 3041 azquum
872 2966 1143 3028 decernit,
1179 2973 1240 3019 ut
1272 2965 1379 3018 tria
1410 2961 1553 3032 apud
1588 2960 1766 3029 ipsum
1803 2959 1934 3013 ﬁant
1955 2966 2033 3011 ta-

456 3064 772 3125 bernaeula,
805 3062 893 3115 his
921 3061 1016 3130 qui
1037 3065 1447 3128 apparuerunt;
1498 3063 1610 3109 tres
1635 3052 1897 3106 nimirum
1926 3051 2027 3104 ha~
2056 3077 2097 3133 ε

456 3155 629 3219 bitus,
669 3153 871 3222 quibus
909 3150 1070 3204 saluti
1122 3162 1391 3217 propenso
1415 3146 1768 3210 consulatur,
1807 3142 2031 3197 virtutis

452 3245 667 3302 scilicet
686 3242 933 3298 scientiae
969 3254 1033 3293 ac
1078 3238 1387 3308 theologia.
1429 3237 1564 3291 Nam
1597 3236 1753 3306 prior
1778 3234 2026 3304 quidem,

452 3334 692 3393 actionis
716 3332 917 3387 robore
952 3346 1016 3385 ac
1040 3330 1291 3385 castitate
1319 3338 1463 3399 eget,
1487 3329 1644 3398 cujus
1668 3328 1840 3397 ﬁgura
1862 3327 2032 3381 exsti-

454 3425 522 3479 tit
548 3424 742 3478 beatus
786 3420 955 3475 Elias.
992 3419 1242 3487 Sequens
1270 3432 1402 3471 vero
1426 3457 1440 3480 ,
1482 3416 1750 3470 naturalis
1777 3423 2027 3469 contem-

452 3512 712 3583 plationis
743 3511 978 3581 justitia,
1011 3523 1173 3578 quam
1210 3522 1438 3578 magnus
1486 3506 1699 3578 Moyses
1732 3514 1861 3577 typo
1884 3506 2020 3561 desi-

452 3602 658 3674 gnavit.
677 3600 899 3655 Tertius
917 3600 1157 3663 demum,
1179 3614 1308 3653 vera
1338 3598 1647 3668 prudentia:
1663 3600 2023 3669 perfectione,

450 3708 616 3764 quam
651 3692 919 3748 Dominus
951 3689 1316 3760 signiﬁcabat.
1345 3690 1498 3744 Dicta
1522 3705 1653 3744 vero
1680 3700 1810 3746 sunt
1840 3691 2025 3745 taber-

450 3786 666 3850 nacula,
698 3784 847 3854 quod
877 3783 996 3839 aliae
1026 3782 1138 3838 sint
1171 3781 1258 3836 his
1299 3782 1560 3837 meliores
1598 3798 1663 3836 ac
1694 3783 2025 3843 illustriores

452 3876 507 3928 in
534 3874 781 3930 futurum
812 3873 1008 3944 dignos
1033 3880 1343 3942 exceptura?
1364 3872 1524 3926 sedes

514 4143 600 4197 l7.
642 4141 746 4209 Qui
779 4141 983 4198 actioni
1015 4154 1241 4211 Operam
1288 4139 1465 4209 ponit,
1513 4140 1564 4192 iu
1611 4154 1776 4193 carne
1813 4139 2021 4194 advena

446 4250 603 4305 agere
625 4235 846 4305 dicitur,
874 4233 967 4304 qui
996 4233 1210 4289 scilicet
1230 4231 1495 4286 virtutum
1523 4231 1696 4294 cultu,
1737 4230 1807 4284 ab
1836 4230 2020 4284 animo

445 4324 748 4389 abscindat,
776 4340 881 4394 qua
905 4323 973 4379 ad
1001 4339 1219 4378 carnem
1248 4322 1539 4377 affectione
1573 4338 1637 4377 ac
1669 4320 1898 4375 libidine
1920 4319 2017 4374 du.

2149 492 2211 547 τὸ
2237 494 2369 547 αὐτὸ
2396 495 2487 548 τὸν
2514 496 2674 550 αὑτὸν
2701 499 2835 551 πᾶσι
2874 501 2983 562 τοῖς
3008 502 3137 570 παρ’
3179 502 3327 574 αὐτῷ
3359 505 3737 575 τυγχάνουσιν

2149 585 2533 653 ἐπιφαίνεσθαι
2564 587 2769 658 Κύριον
2789 606 2802 618 -
2834 586 2970 643 ἀλλὰ
2998 594 3111 655 τοῖς
3143 592 3243 663 μὲν
3289 595 3492 659 οὕτως,
3528 602 3647 662 τοῖς
3680 600 3733 652 δὲ

2150 677 2372 748 ἑτέρως,
2401 680 2543 734 κατὰ
2581 683 2642 734 τὸ
2673 682 2873 752 μέτρον
2898 688 2997 755 τῆς
3020 688 3078 741 ὲν
3106 687 3324 757 ἑκάστῳ
3356 689 3608 755 πίστεως
3634 694 3734 762 δη-

2149 767 2321 822 λονότι
2353 771 2642 825 ποικίλλων
2666 773 2766 843 τὴν
2797 774 3051 847 θεωρίαν.

2221 859 2305 913 ιδ’.
2349 861 2516 914 Ὅταν
2550 863 2859 934 περιφανὴς
2896 867 2993 921 καὶ
3025 867 3280 940 λαμπρὸς
3315 870 3376 922 ἐν
3414 871 3556 940 ἡμῖν
3579 873 3608 924 ό
3634 871 3729 924 τοῦ

2145 949 2283 1003 Θεοῦ
2306 950 2535 1021 γένηται
2567 952 2743 1022 λόγος,
2792 956 2888 1009 καὶ
2910 958 2972 1010 τὸ
2993 959 3286 1029 πρόσωπον
3320 961 3494 1013 αὑτοῦ
3522 961 3727 1033 λάμψιι

2144 1041 2400 1113 καθάπερ
2433 1043 2606 1114 ἣλιος,
2643 1047 2766 1099 τότε
2803 1049 2991 1103 καὶτὰ
3028 1050 3219 1121 ἱμάτια
3264 1054 3435 1107 αὑτοῦ
3468 1058 3725 1125 φαίνεται

2144 1131 2341 1188 λευκά’
2374 1135 2645 1201 τουτέστι,
2681 1138 2747 1190 τὰ
2781 1140 3005 1210 ῥήματα
3034 1142 3134 1212 τῆς
3190 1145 3366 1212 ἁγίας·
3402 1146 3518 1198 τῶν
3556 1148 3729 1215 Εὐαγ-

2143 1227 2342 1294 γελίων
2375 1228 2599 1299 Γραφῆς
2626 1269 2640 1293 ,
2679 1231 2851 1301 τρανὰ
2876 1232 2972 1285 καὶ
3010 1233 3175 1302 σαφῆ,
3202 1234 3295 1286 καὶ
3327 1235 3500 1305 μηδὲν
3532 1236 3727 1307 ἔχοντα

2141 1319 2577 1389 κεκαλυμμένον.
2597 1320 2757 1374 Ἀλλὰ
2781 1323 2874 1374 καὶ
2888 1323 3128 1393 Μωῦσῆς
3150 1326 3243 1377 καὶ
3257 1324 3273 1344 ’
3288 1326 3459 1389 Ηλίας
3489 1330 3611 1396 μετ’
3627 1330 3725 1381 αὖ.

2139 1404 2234 1457 τοῦ
2265 1406 2692 1476 παραγίνονται*
2725 1409 3020 1477 τουτέστιν,
3051 1415 3100 1465 οἱ
3129 1412 3222 1466 τοῦ
3261 1414 3431 1484 νόμου
3472 1420 3572 1471 καὶ
3617 1419 3724 1472 τῶν

2141 1498 2434 1569 προφητῶν
2458 1501 2875 1571 πνευματικώτε
2887 1506 2968 1572 ροί
2999 1503 3165 1573 λόγοι.

2214 1592 2294 1640 ιε’.
2342 1588 2552 1659 Ὠσπερ
2588 1590 2809 1660 ἔρχεται
2835 1593 2863 1644 ὁ
2891 1592 3017 1656 Υἱὸς
3047 1593 3140 1647 τοῦ
3169 1594 3484 1668 ἀνθρώπου,
3521 1601 3601 1663 ὡς
3629 1602 3722 1669 γέ-

2142 1694 2409 1750 γραπται,
2443 1679 2581 1748 μετὰ
2620 1681 2730 1734 τῶν
2761 1683 3009 1751 ἀγγέλων
3059 1684 3225 1739 αὑτοῦ
3265 1690 3324 1741 ἐν
3366 1691 3435 1759 τῇ
3461 1690 3594 1761 δόξῃ
3626 1691 3720 1744 τοῦ

2139 1772 2252 1823 Πατ
2262 1771 2371 1841 ρος,
2401 1771 2573 1835 οὕτως
2592 1773 2713 1828 καθ’
2739 1775 2976 1847 ἑκάστην
3001 1778 3287 1848 προκοπὴν
3317 1782 3527 1852 ἀρετῆς
3556 1800 3720 1852 μετα-

2142 1861 2447 1933 μορφοῦται
2486 1865 2603 1926 τοῖς
2644 1863 2818 1929 ἀξίοις
2844 1867 2873 1919 ό
2901 1866 2999 1919 τοῦ
3024 1867 3162 1920 Θεοῦ
3200 1869 3378 1938 λόγος.
3417 1873 3721 1944 ἐρχόμενος

2141 1952 2279 2022 μετὰ
2312 1953 2419 2007 τῶν
2460 1954 2708 2024 ἀγγέλων
2753 1955 2919 2010 αὑτοῦ
2970 1958 3031 2011 ὲν
3070 1961 3137 2031 τῇ
3171 1960 3297 2032 δόξῃ
3345 1962 3441 2015 τοῦ
3479 1966 3717 2037 Πατρός.

2136 2049 2203 2100 Οί
2235 2050 2345 2119 γὰρ
2385 2050 2444 2102 ὲν
2495 2050 2645 2122 νόμῳ
2692 2052 2787 2106 καὶ
2836 2054 3145 2125 προφήταις
3203 2055 3720 2128 πνευματικώτεροι

2136 2137 2306 2207 λόγοι,
2328 2138 2421 2204 οὓς
2448 2142 2692 2213 Μωῦσῆς
2724 2144 2821 2197 καὶ
2858 2144 3042 2207 Ἢλίας
3074 2144 3143 2197 δι’
3170 2145 3379 2199 ἑαυτῶν
3410 2148 3721 2217 saporum?»

2136 2245 2212 2293 σι,
2247 2231 2380 2301 μετὰ
2406 2231 2500 2285 τοῦ
2528 2232 2736 2304 Κυρίου
2762 2233 3100 2304 φαινόμενοι,
3130 2235 3272 2288 κατᾶ
3307 2234 3409 2306 τὴν
3436 2238 3718 2307 μεταμόρ-

2137 2335 2310 2388 φωσιν
2350 2321 2449 2374 τοῦ
2481 2322 2708 2393 Κυρίου,
2746 2324 2845 2395 τὴν
2881 2324 3173 2393 ἀναλογίαν
3232 2324 3473 2389 σώζουσι
3507 2327 3612 2397 τῆς
3659 2330 3718 2380 ἐν

2127 2414 2317 2478 αὐτοῖς
2353 2413 2543 2485 δόξης,
2576 2416 2675 2488 τὴν
2702 2418 2841 2482 τέως
2867 2419 3124 2490 χωρητὴν
3155 2422 3267 2484 τοῖς
3291 2419 3467 2488 ἀξίοις
3499 2423 3717 2476 ama-

2135 2507 2426 2572 λύπτοντες
2454 2508 2685 2578 δύναμιν
2706 2546 2719 2560 .

2208 2693 2304 2751 ις’.
2355 2684 2546 2740 Ὀτὺν
2570 2688 2699 2760 περὶ
2750 2689 2975 2760 μονάδος
3009 2691 3190 2755 ποσῶς
3242 2691 3471 2762 μυηθεὶς
3527 2693 3708 2761 λόγον,

2134 2778 2349 2841 πάντως
2379 2779 2473 2833 καὶ
2499 2780 2627 2843 τοὺς
2665 2782 2791 2850 περὶ
2826 2781 3079 2852 προνοίας
3109 2784 3201 2836 καὶ
3231 2784 3466 2853 κρέσεως
3496 2786 3712 2854 ὲάγτω

2133 2869 2349 2937 λόγους,
2383 2873 2642 2933 συνόντας
2665 2872 2835 2941 αὐτῷ.
2861 2872 2953 2924 Διὸ
2982 2875 3076 2925 καὶ
3100 2876 3245 2945 τρεῖς
3278 2876 3534 2943 γενέσθαι
3579 2895 3713 2947 σκη-

2133 2960 2229 3024 νὰς
2276 2962 2406 3030 παρ’
2456 2962 2635 3031 ἑαυτῷ
2684 2962 2844 3035 [unus
2883 2962 3013 3034 Reg.
3062 2964 3191 3034 παρ’
3219 2964 3391 3037 αὐτῷ]
3433 2968 3578 3020 κατὰ
3620 2970 3710 3019 τὸν

2133 3051 2285 3119 ἅγιον
2309 3050 2534 3121 Πέτρον,
2568 3055 2681 3115 τοῖς
2712 3052 2956 3122 όραθεῖτι
2990 3052 3155 3107 καλὸν
3180 3050 3317 3108 εἶναι
3364 3056 3669 3126 ψηφίζεται
3688 3074 3705 3085 ο

2128 3142 2395 3209 τουτέστι,
2431 3142 2532 3206 τὰς
2574 3147 2724 3215 τρεῖς
2770 3144 2913 3210 ἕξεις
2967 3145 3068 3214 τῆς
3111 3149 3420 3216 σωτηρίας·
3455 3150 3557 3219 τὴν
3608 3150 3707 3217 τῆς

2129 3234 2331 3304 ἀρετῆς
2374 3234 2537 3301 λέγω,
2595 3236 2690 3289 καὶ
2743 3235 2844 3305 τὴν
2888 3235 2991 3305 τῆς
3033 3236 3304 3305 γνώσεως,
3358 3238 3456 3291 καὶ
3483 3240 3583 3309 τὴν
3607 3240 3705 3306 τῆς

2129 3324 2426 3393 θεολογίας.
2470 3324 2535 3378 Ἡ
2570 3325 2668 3394 μὲν
2704 3327 2811 3397 γὰρ
2849 3326 3018 3379 δεῖται
3063 3327 3159 3396 τῆς
3192 3328 3333 3379 κατὰ
3381 3327 3585 3399 πρᾶξιν
3615 3331 3706 3382 ἀν·

2126 3414 2309 3486 δρείας
2332 3416 2427 3469 καὶ
2456 3416 2830 3487 σωφροσύνης,
2872 3412 2941 3488 ἦς
2969 3416 2998 3469 ὁ
3027 3417 3294 3486 μακάριος
3319 3417 3496 3480 τύπος
3527 3419 3704 3489 ὑπῆρ-

2127 3523 2219 3576 χεν
2259 3506 2477 3569 Ἦλίας·
2513 3508 2545 3575 ἡ
2587 3505 2664 3571 δὲ,
2701 3510 2801 3577 τῆς
2860 3506 3001 3561 κατὰ
3048 3507 3149 3576 τὴν
3189 3508 3425 3579 φυσικὴν
3469 3509 3703 3579 θεωρίαν

2124 3594 2489 3668 δικαιοσύνης,
2526 3597 2593 3666 ἢν
2622 3597 2651 3647 ὁ
2676 3597 2851 3666 μέγας
2877 3598 3078 3668 ἐμήνυε
3108 3598 3175 3651 δι’
3209 3597 3406 3651 ἑαυτοῦ
3436 3600 3697 3668 Μωῦσῆς·

2125 3682 2157 3751 ἡ
2194 3681 2273 3742 δὲ,
2305 3682 2402 3750 τῆς
2432 3683 2575 3736 κατὰ
2595 3682 2693 3753 τὴν
2739 3685 3002 3754 φρόνησιν
3046 3685 3387 3756 ἀκραιφνοῦς
3427 3687 3701 3756 τελειότη-

2127 3789 2239 3835 τος,
2262 3772 2329 3843 ἢν
2355 3776 2383 3826 ὁ
2414 3774 2617 3844 Κύριος
2650 3775 2863 3846 ἐδήλου.
2892 3776 3096 3844 Σκηναὶ
3147 3777 3204 3829 δὲ
3246 3778 3701 3848 προσηγορεύθη-

2125 3880 2243 3927 σαν,
2279 3865 2365 3919 διὰ
2392 3866 2455 3920 τὸ
2490 3866 2655 3930 ἄλλας
2698 3863 2837 3922 εἶναι
2873 3869 3080 3923 τούτων
3112 3871 3395 3940 κρείττους
3422 3872 3519 3925 καὶ
3546 3890 3698 3942 περε-

2120 3957 2479 4028 φανεστέρας,
2509 3958 2608 4023 τὰς
2636 3960 2765 4023 τοὺς
2804 3959 2987 4026 ἀξίους
3029 3963 3171 4017 κατὰ
3217 3963 3281 4016 τὸ
3311 3964 3509 4034 μέλλον
3536 3966 3697 4017 διαδε-

2122 4047 2354 4118 ξομένας
2382 4049 2583 4120 λήξεις.

2192 4138 2278 4201 ιζ’,
2330 4138 2390 4190 ὐ
2432 4138 2531 4207 μὲν
2568 4138 2898 4209 πρακτικὸς,
2933 4140 2990 4192 ἐν
3038 4141 3207 4210 σαρκὶ
3258 4140 3476 4211 λέξεται
3514 4162 3693 4214 παρος·

2118 4231 2239 4283 κεῖν
2275 4228 2350 4300 (6)
2379 4245 2394 4260 ·
2433 4229 2508 4291 ὡς
2538 4228 2842 4301 τῆςψυχῆς
2871 4230 2971 4300 τὴν
3006 4233 3141 4301 πρὸς
3169 4232 3269 4303 τὴν
3298 4234 3479 4299 σάρκα
3514 4236 3691 4304 σχέσιν

2117 4320 2205 4373 διὰ
2228 4320 2334 4372 τῶν
2364 4321 2574 4389 ἀρετῶν
2628 4322 2929 4391 ἐκτέμνων,
2961 4325 3055 4377 καὶ
3095 4324 3203 4376 τῶν
3246 4325 3452 4377 ὑλικῶν
3502 4327 3690 4380 ἑαυτοῦ

445 4417 609 4481 citur,
664 4426 720 4470 et
762 4433 791 4470 a
822 4432 880 4470 se
914 4416 1031 4484 ipse
1075 4424 1420 4470 terrenorum
1454 4414 1835 4483 deceptioncm
1860 4425 2015 4466 amo-

2133 4412 2503 4481 ςτεριελόμενος
2522 4412 2623 4483 τὴν
2653 4413 2891 4482 ἀπάτην.
2946 4415 3004 4466 '0
3049 4414 3105 4466 δὲ
3135 4414 3460 4482 γνωστικδς,
3503 4417 3596 4470 καὶ
3634 4419 3689 4469 ἐν

445 4504 626 4560 liatur.
667 4506 771 4571 Qui
801 4515 983 4559 autem
1018 4503 1203 4558 studet
1232 4503 1679 4571 contemplationi
1713 4503 2018 4570 doctusque

516 4664 559 4693 ⁸³
581 4663 767 4717 Matth.
810 4678 919 4725 xvi,
942 4662 1029 4716 27.

445 4801 685 4855 divinum
708 4799 885 4871 ipsum
919 4800 1103 4853 lumen
1136 4799 1482 4854 iutransitive
1521 4816 1583 4854 ac
1611 4800 1792 4855 Patris
1820 4802 2003 4871 splen—

441 4874 542 4926 dor
571 4870 862 4935 exstiterit,
896 4885 1058 4940 quem
1087 4871 1449 4940 eorumoculi
1491 4870 1865 4937 intuerentur,
1893 4886 2002 4926 non

440 4943 591 5011 quasi
622 4940 722 5010 ipsi
753 4955 782 4994 a
811 4955 867 4994 se
898 4938 1090 4994 natura
1126 4938 1483 5003 sullicicntes,
1523 4940 1619 4994 sed
1644 4941 1937 4996 confortati
1974 4957 2002 4994 a

442 5015 550 5066 Deo
582 5021 637 5066 et
662 5011 877 5073 clevati,
908 5011 1202 5065 absurdius
1246 5019 1349 5073 est,
1398 5026 1561 5081 quam
1592 5021 1651 5064 ut
1691 5020 1846 5079 egeat
1875 5026 2007 5065 eon-

443 5082 742 5147 l'ulatiune;
780 5082 947 5135 Deum
979 5081 1189 5135 scilicet
1213 5081 1438 5149 ejusque
1470 5081 1764 5135 essentiam
1798 5097 1859 5135 ac
1883 5082 2011 5134 Ηυξ-ο

440 5154 565 5207 tatis
594 5166 876 5212 arcanum.
904 5150 1105 5205 nedum
1140 5150 1313 5204 videri
1336 5151 1512 5205 oculis
1561 5151 1841 5219 corporeis
1885 5165 2007 5219 pos-

439 5238 512 5287 se,
560 5222 654 5277 scd
683 5231 737 5276 ct
761 5219 938 5289 reipsa
966 5220 1143 5275 visum
1167 5236 1289 5274 esse
1319 5220 1373 5274 in
1419 5230 1604 5275 monte
1636 5219 2010 5289 Transﬁgura-

439 5292 630 5357 tionis;
671 5288 937 5360 quidquid
966 5290 1085 5345 viro
1113 5290 1277 5346 docto
1314 5290 1367 5343 in
1405 5306 1501 5346 sua
1528 5288 1825 5346 Orientalis
1850 5288 2008 5346 Occi-

434 5361 780 5430 dentalisquc
832 5360 1086 5416 Ecclesiae
1142 5368 1402 5430 perpetua
1424 5360 1741 5423 concordia,
1794 5376 1913 5414 eam
1951 5361 2007 5415 in

434 5449 549 5487 rem
570 5433 900 5501 obrepserit,
926 5431 1241 5499 tribuatquc
1271 5430 1547 5501 plerisque
1571 5430 1776 5485 sanctis
1802 5430 2008 5485 Grrecis

434 5498 774 5566 doctoribus,
796 5502 889 5569 qui
933 5498 1787 5570 festivisEncomiismysterium
1822 5509 2003 5554 trans-

435 5572 773 5640 tigurationis
813 5570 1015 5625 Christi
1051 5578 1406 5640 exornarunt,
1428 5571 1513 5623 vel
1540 5570 1633 5639 qui
1677 5570 1747 5625 de
1780 5570 1872 5623 illo
1904 5585 2003 5638 pe-

435 5639 693 5693 cu!iarius
768 5641 1111 5708 strictimque
1190 5639 1535 5708 Scripseram
1602 5658 1616 5692 ;
1680 5639 1735 5692 in
1799 5640 2003 5708 quibus

435 5709 599 5763 etiam
622 5709 881 5773 Maximo;
908 5710 1052 5763 hunc
1085 5710 1260 5779 ipsum
1295 5712 1435 5767 forte
1462 5710 1580 5779 ejus
1612 5709 1792 5764 locum
1826 5710 2001 5778 respi-

2124 4504 2260 4574 αὐτῇ
2296 4505 2362 4573 τῇ
2397 4504 2563 4575 ἀρετῇ
2598 4502 2816 4573 λέγεται
2864 4507 3177 4576 παροικεῖν
3210 4506 3287 4569 ὡς
3321 4508 3381 4559 ἐν
3411 4508 3689 4580 ἐσόπτροις

2103 4802 2252 4856 ciens
2280 4818 2292 4853 :
2323 4800 2375 4854 in
2411 4816 2520 4869 quo
2552 4808 2733 4871 tamen
2766 4800 2916 4854 nulla
2944 4798 3367 4871 aliadimcullas
3393 4809 3500 4862 est,
3525 4817 3678 4871 quam

2144 4888 2225 4925 ua:
2250 4872 2493 4937 ipsorum
2532 4870 2828 4924 verborum
2863 4869 3075 4923 Domini
3099 4879 3205 4931 est,
3236 4869 3396 4924 Joan.
3428 4869 3560 4937 xvii,
3606 4874 3677 4926 ὃς

2149 4888 2225 4925 ηαξ
2250 4888 2264 4923 ι
2285 4888 2493 4925 )sorum
2532 4888 2828 4924 vervorum
2863 4888 3075 4923 uummt
3099 4888 3205 4931 (νει,
3236 4888 3396 4924 Joan.
3428 4888 3556 4937 ατη,
3606 4888 3677 4926 a:

2149 4888 2358 5008 [critica
2391 4956 2491 5004 me,
2526 4948 2582 4993 tu
2618 4940 2795 5001 Pater,
2833 4943 2973 5010 apud
3024 4941 3378 5011 temetipsum,
3439 4940 3677 4994 claritate

2104 5029 2267 5082 qugm
2304 5010 2485 5074 habui,
2535 5010 2682 5079 prius
2720 5026 2883 5080 quant
2929 5010 3156 5082 mundus
3206 5010 3367 5082 ’rsset,
3415 5012 3561 5082 apud
3599 5021 3674 5071 te;

2104 5078 2439 5150 exponitque
2481 5078 2739 5149 August,
2780 5086 2937 5133 tract.
3003 5080 3103 5133 105
3141 5080 3195 5131 in
3240 5078 3401 5133 Joan.
3439 5078 3673 5134 divinam

2106 5167 2228 5206 eam
2265 5150 2595 5216 claritatem,
2654 5150 2882 5219 gloriam
2932 5150 3295 5203 humanitatis
3348 5165 3669 5219 exponens;

2104 5237 2268 5290 quam
2293 5220 2373 5275 sic
2404 5219 2598 5273 habuit
2621 5228 2913 5288 antequam
2950 5219 3207 5290 mundus,
3225 5228 3375 5273 esset
3424 5229 3481 5273 et
3529 5219 3667 5290 apud

2102 5288 2339 5349 Patrem,
2366 5289 2555 5344 divina
2597 5290 2808 5345 scilicet
2841 5288 3343 5358 prmdestinatione,
3376 5288 3666 5358 noniquod

2103 5361 2193 5414 illa
2254 5361 2432 5429 reipsa
2466 5368 2522 5415 et
2553 5360 2608 5413 in
2645 5356 3034 5413 seexsisteret.
3073 5356 3198 5412 Fuit
3250 5358 3440 5427 itaque
3487 5356 3666 5429 divina

2099 5427 2353 5493 claritas,
2378 5430 2616 5499 gloriosa
2648 5429 2864 5497 species
2914 5444 2983 5482 ex
3015 5428 3224 5483 Christi
3262 5432 3466 5491 anima,
3514 5427 3665 5499 beata

2099 5500 2328 5553 Deitatis
2349 5496 2653 5562 consortio,
2682 5496 2753 5552 in
2779 5514 2985 5568 corpus
3029 5513 3316 5560 emanans,
3353 5507 3410 5553 et
3451 5496 3664 5568 qualem

2098 5570 2330 5624 decebat
2358 5569 2602 5623 divinum
2638 5583 2840 5637 corpus
2869 5566 2933 5622 ac
2961 5568 3071 5623 Deo
3104 5568 3347 5632 unitum;
3381 5566 3541 5637 quam
3580 5566 3663 5637 ip—

2099 5655 2212 5693 sam
2250 5640 2541 5703 miraculo,
2569 5648 2629 5693 ut
2655 5635 2805 5695 esset
2832 5638 3113 5709 passibile,
3162 5653 3262 5709 per
3288 5635 3551 5709 reliquam
3581 5635 3661 5689 vi—

2100 5719 2208 5764 tam
2242 5709 2624 5779 suspenderat.
