3930 6324
318 329 340 392 1
359 330 453 393 ί33
1121 335 1454 396 CAPITUM
1491 333 1760 394 THEOL.
1803 335 1875 394 ΕἿ

1983 333 2168 394 ΞΟΟΝ.
2210 335 2590 396 ΟΕΝΤΠΗΙΑ
2635 337 2716 396 II.
3424 342 3558 405 1134

317 442 399 496 ἔτι
449 444 544 496 καὶ
588 442 873 514 αἰνίγμασι
906 444 1126 517 θεωρῶν
1154 446 1252 516 τὴν
1279 447 1556 516 ἀλήθειαν.
1580 445 1751 498 Οὔπω
1779 445 1875 516 γὰγ

1990 446 2255 516 spiritalis
2289 455 2394 512 est,
2419 447 2586 503 etiam
2623 449 2680 502 in
2711 449 2917 504 virtute
2947 451 3155 507 advena
3180 468 3300 510 esse
3323 455 3556 524 dicitur;

318 531 464 603 αὐτῷ
493 534 560 585 τὰ
586 533 692 586 τῶν
716 534 937 602 ἀγαθῶν
980 537 1366 591 αὑθυπόστατα
1387 535 1714 608 εἴδη-καθώς
1748 537 1875 588 eis“

1984 544 2045 590 ut
2068 536 2163 606 qui
2193 537 2460 592 hactenus
2489 539 2776 594 veritatem
2817 541 2874 594 in
2917 544 3157 610 speculis
3189 555 3246 600 et
3273 548 3557 619 aenigmate
3599 626 3603 631 _

311 624 672 696 ἐθεάσθησαν,
703 627 792 678 διὰ
817 626 916 696 τῆς
951 627 1244 697 πρόσωπον
1270 628 1403 700 πρὸς
1436 628 1728 697 πρόσωπον
1749 627 1875 678 ἀπο-

1984 627 2319 695 speculetur.
2354 628 2465 682 Nec
2498 629 2627 683 dum
2677 631 2823 685 enim
2853 648 2916 686 ea
2936 633 3285 702 iucunditate
3325 654 3446 706 quae
3475 650 3558 694 est

314 713 671 776 λαύσεως.Ἐν
694 716 858 768 εἰκόνι
889 716 996 786 γὰρ
1019 717 1125 769 τῶν
1154 716 1391 785 ἀγαθῶν,
1412 717 1486 779 ὡς
1509 715 1643 786 πρὸς
1665 713 1725 768 τὺ
1754 714 1885 784 μέλ-

314 809 422 870 λον,
455 808 562 868 πᾶς
602 807 754 874 ἆγιος
801 807 1200 878 διαπορεύεται,
1253 808 1416 878 βοῶν·
1453 807 1742 875 Πάροικός
1770 808 1885 875 ειμι

313 897 408 950 καὶ
451 896 860 967 παρεπίδημος
895 899 1086 966 καθὼς
1109 899 1332 964 πάντες
1377 901 1430 953 οἱ
1465 898 1710 966 πατέρες
1740 915 1882 966 μου.

1983 714 2123 770 facie
2171 717 2237 770 ad
2281 717 2502 783 faciem,
2554 719 2686 789 ipsae
2725 720 3000 777 bonorum
3050 741 3180 780 vere
3231 720 3556 786 exsistentcs

1982 805 2194 872 formae,
2229 809 2420 878 quales
2446 819 2590 875 sunt,
2625 812 2702 865 illi
2747 825 3063 882 patuerunt.
3104 816 3364 890 Quisquis
3410 823 3555 876 enim

1984 899 2293 955 sanctitatis
2331 902 2500 956 radiis
2532 903 2720 974 fulget,
2747 907 2791 959 si
2826 923 2948 960 cum
2984 923 3051 962 eo
3075 926 3381 981 compares,
3411 915 3556 983 quod

313 987 561 1040 futurum
588 998 958 1058 exspectatur,
987 991 1043 1045 in
1072 992 1343 1048 bonorum
1373 992 1606 1062 imagine
1625 991 1890 1054 ambulat,
1932 989 2177 1046 clamans
2203 1010 2215 1045 :
2247 993 2461 1048 Advena
2491 1011 2584 1065 ego
2619 1013 2736 1050 sum
2806 1007 2854 1051 et
2895 1003 3202 1071 peregrinus
3222 1044 3236 1069 ,
3275 1007 3407 1058 sicut
3447 1022 3556 1059 om-

314 1093 404 1131 nes
431 1085 609 1148 patres
645 1080 746 1131 mei
762 1078 827 1132 “.

385 1179 474 1243 ιη’.
517 1173 619 1226 Τὸν
676 1174 970 1244 εὐχόμενον
1024 1178 1082 1229 οὐ
1129 1179 1209 1230 δεῖ
1255 1179 1446 1248 στῆναί
1479 1195 1607 1231 ποτε
1639 1178 1738 1247 τῆς
1787 1176 1878 1228 ἐπὶ

312 1261 442 1316 Θεὸν
481 1265 722 1334 ἀγούσης
765 1266 974 1336 ὑψηλῆς
1021 1268 1357 1332 ἀναϐάσεως.
1400 1270 1486 1332 Ὠς
1520 1268 1629 1338 γὰρ
1679 1267 1883 1320 ἀναϐά-

318 1371 433 1417 σεις
470 1355 576 1426 χρὴ
616 1355 852 1410 νοεῖσθαι
883 1357 1004 1428 [duo
1036 1358 1204 1429 Regii,
1245 1358 1547 1420 ποιεῖσθαι,
1576 1367 1634 1412 ut
1665 1368 1713 1412 et
1740 1357 1880 1429 Fr.],

313 1446 455 1498 κατὰ
490 1446 587 1517 τὴν
628 1450 690 1500 ὲκ
723 1448 1002 1518 δυνάμεως
1026 1452 1104 1513 εἰς
1127 1450 1373 1520 δύναμιν,
1406 1453 1503 1522 τὴν
1533 1453 1590 1503 ὲν
1629 1453 1692 1521 τῇ
1735 1468 1877 1521 πρα-

314 1541 472 1609 κτικῇ
513 1538 622 1592 τῶν
662 1540 872 1611 ἀρετῶν
896 1543 1178 1612 προκοπήν
1196 1559 1208 1572 ³
1239 1544 1330 1595 καὶ
1355 1545 1454 1613 τὴν
1478 1542 1586 1595 ἀπὸ
1619 1542 1774 1612 δόξης
1802 1543 1881 1604 είς

312 1617 491 1697 δόξαν,
528 1631 636 1686 τῶν
672 1635 1057 1704 πνευματικῶν
1095 1637 1190 1703 τῆς
1227 1635 1459 1706 θεωρίας
1498 1634 1751 1704 γνώσεων
1783 1637 1883 1687 ἐπ-

2061 1173 2146 1228 18.
2177 1173 2239 1228 Ei
2267 1175 2360 1244 qui
2395 1177 2654 1245 prccibus
2680 1177 2970 1245 incumbit,
3000 1197 3278 1252 nunquam
3303 1188 3554 1242 commit-

1989 1267 2212 1321 tendum
2243 1279 2358 1323 uta
2393 1271 2613 1326 sublimi
2648 1288 2881 1330 ascensu
2907 1276 3242 1345 provehente
3285 1280 3351 1333 ad
3382 1282 3553 1337 Deum

1987 1369 2184 1416 cesset.
2225 1363 2388 1416 Velut
2419 1364 2566 1417 enim
2607 1381 2868 1420 ascensus
2917 1368 3286 1439 intelligamus
3329 1389 3555 1430 necesse

1987 1460 2089 1517 est,
2123 1453 2218 1522 qui
2244 1461 2329 1508 est
2367 1454 2433 1508 de
2462 1455 2666 1509 virtute
2692 1457 2747 1509 in
2776 1457 3034 1512 virtutem
3078 1461 3303 1516 colenda
3339 1466 3554 1520 actione

1985 1542 2251 1597 virtutum
2283 1545 2645 1621 profcctus'_°,
2671 1548 3107 1620 spiritaliumque
3141 1557 3556 1625 contemplatio-

1988 1634 2074 1688 nis
2103 1634 2420 1690 notitiarum
2457 1653 2487 1691 a
2510 1638 2757 1692 claritate
2776 1638 2830 1692 in
2862 1641 3166 1696 claritatem
3197 1643 3552 1715 excessus";

316 1722 583 1776 ανάὸασιν
603 1740 616 1753 ·
645 1725 739 1777 καὶ
760 1725 856 1795 τὴν
882 1726 986 1778 ἀπὸ
1009 1725 1100 1779 τοῦ
1120 1725 1284 1796 ῥητοῦ
1314 1727 1412 1796 τῆς
1435 1726 1590 1794 ἁγίας
1615 1728 1709 1778 καὶ
1734 1725 1875 1788 θείας

1985 1731 2148 1792 atque
2175 1742 2206 1780 a
2234 1741 2401 1782 sacrae
2432 1728 2739 1798 dtvinmque
2770 1730 3067 1800 Scripturze
3089 1735 3292 1800 littera,
3333 1738 3401 1792 ad
3437 1712 3552 1808 spis

312 1811 554 1880 Γραφῆς,
587 1814 678 1865 ἐπὶ
703 1813 760 1866 τὸ
793 1814 1012 1884 πνεῦμα
1061 1814 1362 1885 μετάϐασιν
1381 1833 1396 1846 '
1429 1815 1571 1869 οὕτω
1597 1817 1692 1869 κα)⁸
1721 1817 1780 1869 ὲν
1807 1815 1882 1886 τῷ

315 1902 442 1974 περὶ
474 1902 647 1973 εὐχῶν
666 1903 815 1977 τόπῳ
845 1904 1127 1976 γινόμενον
1165 1905 1270 1978 χρὴ
1293 1907 1495 1960 ποιεῖν·
1524 1908 1772 1978 ἐπαίρειν
1792 1908 1882 1962 τὸν

313 1995 439 2048 νοῦν
466 1996 574 2048 ἀπὸ
597 1996 704 2048 τῶν
744 1999 1102 2068 ἀνθρωπίνων
1125 2016 1137 2031 ι
1167 2000 1261 2052 καὶ
1287 2000 1347 2052 τὸ
1375 1998 1630 2070 φρόνημα
1654 2001 1752 2070 τῆς
1779 1998 1882 2069 ψυ-

313 2088 431 2157 χῆς,
462 2087 552 2140 ἐπὶ
581 2088 649 2141 τὰ
679 2089 954 2161 θειότεραο
994 2092 1078 2143 ἵνα
1109 2093 1202 2144 καὶ
1232 2090 1433 2162 δυνηθῇ
1457 2093 1484 2144 ὁ
1512 2090 1636 2154 νοῦς
1666 2091 1882 2144 ἀκολου-

315 2179 578 2250 θῆσαι-τῴ
606 2180 940 2252 διεληλυθότι
974 2183 1097 2245 τοὺς
1123 2183 1405 2253 οὐρανοὺς,
1445 2182 1617 2253 Ἰησοῦ
1658 2183 1737 2252 τῷ
1767 2182 1881 2253 Υίῷ

315 2269 409 2322 τοῦ
439 2269 597 2335 Θεοῦ,
631 2272 908 2342 πανταχοῦ
949 2273 1084 2338 ὄντι,
1121 2273 1216 2327 καὶ
1242 2273 1417 2326 πάντα
1456 2273 1790 2344 διερχομένῳ
1814 2273 1879 2325 δι’

314 2361 462 2430 ἡμᾶς
490 2363 866 2434 οἰκονομικῶς,
902 2364 989 2417 ἴνα
1016 2365 1109 2417 καὶ
1138 2366 1296 2435 ἡμεῖς
1323 2362 1735 2426 ἀκολουθοῦντες
1787 2363 1882 2415 αὐ-

311 2453 408 2524 τῷ,
440 2454 615 2508 πάντα
657 2455 954 2526 διέλθωμεν
981 2457 1049 2509 τὰ
1099 2458 1217 2526 μετ’
1248 2455 1408 2510 αὐτόν
1429 2471 1442 2485 ’
1473 2455 1570 2509 xui.
1594 2453 1879 2523 γενώμεθα

313 2545 449 2616 πρὸς
484 2546 664 2613 αὑτὸν,
698 2547 790 2600 ὲάν
818 2564 881 2616 γε
912 2547 1120 2618 νοῶμεν
1151 2548 1335 2611 αὑτὸν,
1367 2546 1427 2600 οῦ
1463 2546 1604 2601 κατὰ
1628 2547 1724 2616 τὴν
1758 2563 1882 2615 σμι-

313 2635 552 2707 κρότητα
571 2638 671 2707 τῆς
698 2639 1045 2709 οἰκονομικῆς
1070 2639 1552 2708 ’συγκαταὸάσεως,
1586 2639 1722 2694 ἀλλὰ
1739 2639 1880 2692 κατὰ

312 2725 409 2798 τὴν
438 2729 836 2800 μεγαλειότητα
864 2729 963 2800 τῆς
992 2731 1228 2801 φυσικῆς
1255 2730 1559 2801 ἀοριστίας.

386 2906 467 2960 ιθ¹.
501 2904 680 2958 Καλὸν
721 2906 808 2959 ἀεὶ
855 2907 1138 2977 σχολάζειν
1164 2907 1258 2961 καὶ
1287 2905 1469 2977 ζητεῖν
1495 2905 1587 2960 τὸν
1619 2905 1771 2970 Θεὸν,
1802 2906 1878 2970 ὼς

313 2997 750 3067 προςετάγημεν.
804 2997 922 3051 Κᾶν
954 2998 1062 3069 γὰρ
1095 2999 1236 3052 κατὰ
1281 2998 1379 3069 τὴν
1393 2997 1699 3095 Δπαροῦσαν
1732 2998 1876 3095 ζωὴν
1905 3039 1946 3095 C

313 3086 599 3154 ζητοῦντες
629 3087 720 3140 ἐπὶ
745 3088 804 3140 τὸ
838 3089 1012 3160 πέρας
1044 3088 1217 3143 ἐλθεῖν
1250 3090 1342 3144 τοῦ
1388 3089 1585 3160 βάθους
1608 3090 1701 3144 τοῦ
1741 3092 1876 3145 Θεοῦ

310 3173 372 3226 οὐ
405 3173 712 3245 δυνάμεθα”
767 3177 884 3230 ἀλλ’
919 3179 1048 3242 ἴσως
1076 3179 1172 3233 καὶ
1223 3179 1311 3233 ἐπ’
1340 3179 1518 3248 ὀλίγον
1554 3180 1648 3232 τοῦ
1684 3180 1880 3251 βάθους

311 3263 476 3340 αὑτοῦ
526 3264 837 3334 φθάνοντες,
873 3267 1184 3339 θεωροῦμεν
1235 3269 1404 3338 ἁγίων
1440 3270 1734 3341 ἁγιώτερα,
1785 3272 1878 3325 καὶ

312 3355 692 3424 πνευματικῶν
726 3360 1230 3432 πνευματικώτερα.
1290 3360 1398 3414 Καὶ
1429 3360 1579 3432 δηλοῖ
1629 3363 1876 3426 τυπικῶς

315 3446 342 3497 ὁ
369 3446 674 3518 ἀρχιερεὺς,
702 3450 808 3502 ἀπὸ
835 3449 942 3504 τῶν
972 3452 1142 3519 ἁγίων
1167 3451 1277 3506 τῶν
1304 3453 1402 3522 τῆς
1438 3451 1608 3522 αὐλῆς
1650 3453 1877 3521 ἁγιωτέ-

315 3551 443 3606 ρων,
476 3536 569 3589 ἐπὶ
596 3537 664 3591 τὰ
691 3538 821 3608 ἆγια
846 3540 954 3594 τῶν
997 3542 1213 3610 Ἁγίων,
1259 3541 1534 3614 ἁγιώτερα
1563 3543 1670 3598 τῶν
1705 3545 1876 3612 ἁγίων

315 3625 516 3680 εἰσιών.

381 3809 444 3854 κ’.
483 3803 594 3865 na;
624 3805 718 3858 τοῦ
752 3805 886 3860 Θεοῦ
918 3807 1092 3875 λόγος,
1126 3809 1248 3862 οὔτε
1283 3810 1596 3880 πολύλογος,
1625 3813 1746 3866 οὔτε
1777 3833 1874 3869 πο-

311 3892 526 3963 λυλογία
560 3896 708 3949 ἐστίν
733 3914 747 3928 ·
800 3897 914 3950 ἀλλ’
949 3894 1050 3962 εἷς,
1084 3901 1350 3964 συνεστὼς
1384 3901 1554 3973 [Regii
1578 3905 1793 3973 quidam
1823 3915 1872 3960 et

307 3983 398 4038 Fr.
448 3985 684 4057 συνετὸς]
725 3989 788 4040 ἐκ
827 3987 1098 4059 διαφόρων
1155 3989 1560 4062 θεωρημάτων·
1620 3988 1694 4048 ὦν
1743 3996 1874 4050 ἕκα-

309 4093 432 4130 στον
479 4078 644 4150 μέρος
698 4082 815 4134 ἐστὶ
859 4083 953 4135 τοῦ
1012 4083 1190 4152 λόγου.
1221 4086 1383 4139 Ὥστε
1437 4089 1464 4141 ὁ
1515 4088 1688 4158 λέγων
1732 4093 1870 4166 ὑπὲρ

307 4161 584 4233 ἀληθείας,
616 4165 720 4219 κᾶν
773 4166 945 4232 οὔτως
982 4170 1158 4224 εἰπεῖν
1210 4173 1416 4246 δυνηθῇ
1465 4177 1540 4241 ὡς
1596 4180 1763 4249 μηδὲν
1793 4184 1872 4246 είς

308 4253 370 4306 τὸ
401 4255 729 4326 ζητούμενον
781 4259 1129 4330 παραλιπεῖν,
1175 4261 1270 4315 ἕνα
1323 4265 1480 4335 λόγον
1528 4268 1717 4340 εἴρηκε
1773 4271 1868 4324 τοῦ

306 4343 460 4398 θεοῦ.

375 4440 480 4490 καν.
531 4436 620 4489 Ἐν
656 4437 754 4507 μὲν
781 4438 860 4509 τῷ
889 4441 1130 4512 Χριστῷ,
1175 4443 1294 4514 Θεῷ
1326 4444 1438 4499 ὄντι
1469 4449 1563 4500 καὶ
1588 4449 1747 4521 Λόγῳ
1772 4452 1868 4507 τοῦ

304 4525 535 4596 Πατρὸς,
583 4526 704 4580 ὅλον
760 4530 879 4581 κατ’
935 4531 1124 4584 οὐσίαν
1155 4534 1296 4586 οἰκεῖ
1340 4536 1402 4588 τὸ
1446 4539 1720 4610 πλήρωμα
1769 4545 1868 4614 τῆς

303 4617 554 4687 θεότητος
586 4621 947 4689 σωματικῶς·
996 4624 1054 4676 ἐν
1086 4626 1219 4693 ἡμῖν
1246 4625 1301 4679 δὲ
1333 4630 1475 4682 κατὰ
1518 4633 1678 4700 χάριν
1728 4636 1868 4688 οἰκεῖ

299 4707 361 4759 τὸ
394 4709 669 4780 πλήρωμα
702 4711 802 4780 τῆς
833 4713 1104 4783 θεότητος,
1153 4715 1316 4785 ἡνίκα
1348 4721 1529 4773 πᾶσαν
1558 4722 1616 4778 ἐν
1651 4725 1862 4790 ἑαυτοῖς

301 4799 644 4872 ἀθροίσωμεν
669 4802 874 4873 ἀρετὴν
899 4807 990 4858 καὶ
1018 4807 1212 4875 σοφίαν
1234 4849 1249 4873 ,
1287 4812 1478 4882 μηδενὶ
1504 4815 1690 4887 τρόπῳ
1722 4820 1862 4872 κατὰ

302 4891 364 4944 τὸ
386 4892 610 4945 δυνατὸν
639 4893 911 4966 ἀνθρώπῳ
946 4896 1274 4970 λειπομένην
1306 4903 1404 4971 τῆς
1438 4905 1574 4971 πρδς
1607 4906 1668 4959 τὸ
1695 4908 1862 4979 ἀρχέ-

303 4998 470 5034 τυπον
500 4982 733 5052 ἀληθοῦς
763 4985 1141 5055 ὲκμιμήσεως.
1201 4991 1276 5043 Οὐ
1327 4993 1434 5064 γὰρ
1468 4996 1694 5060 ἀπεικδς
1723 5002 1863 5055 κατὰ

302 5072 390 5124 τὸν
429 5071 576 5125 θέσει
608 5073 787 5142 λόγον,
821 5077 915 5129 καὶ
961 5078 1020 5130 ὲν
1047 5080 1180 5150 ἡμῖν
1213 5083 1434 5151 οἰκῆσαι
1477 5085 1538 5138 τὸ
1588 5088 1862 5160 πλήρωμα

298 5163 395 5232 τῆς
418 5162 692 5234 θεότητος,
722 5166 782 5218 τὸ
808 5168 869 5220 ἐκ
898 5166 1169 5241 διαφόρων
1201 5177 1531 5248 συνεστηκὸς
1563 5196 1863 5251 πνευματι-

297 5254 410 5308 κῶν
444 5255 840 5328 θεωρημάτων.

364 5513 469 5584 κβ.
499 5515 708 5589 Ὥσπερ
739 5521 767 5573 ὁ
805 5519 934 5590 παρ’
967 5523 1096 5592 ἡμῖν
1127 5521 1302 5593 λόγος,
1351 5528 1414 5580 ἐκ
1455 5529 1549 5582 τοῦ
1587 5531 1680 5584 νοῦ
1717 5533 1859 5588 κατὰ

1983 1815 2150 1870 ritum
2177 1817 2440 1872 transitus
2469 1837 2481 1872 :
2508 1820 2587 1874 sic
2616 1836 2836 1891 quoque
2864 1839 2923 1879 se
2958 1836 3114 1896 gerat
3137 1837 3356 1897 oportet
3378 1833 3472 1900 qui
3498 1833 3553 1886 in

1981 1909 2248 1963 orationis
2291 1910 2416 1965 loco
2456 1911 2792 1966 constitutus
2835 1923 2936 1979 est,
2979 1925 3218 1973 mentem
3249 1921 3554 1976 seilicetab

1982 1997 2260 2065 humanis,
2295 2001 2578 2071 animique
2619 2018 2840 2058 sensum
2884 2006 2952 2058 ad
3005 2006 3277 2064 diviniora
3316 2013 3550 2079 attollat,

1981 2103 2091 2157 quo
2123 2106 2318 2160 nempe
2349 2093 2515 2146 etiam
2544 2092 2732 2148 Jesum
2771 2095 2970 2150 Filium
3010 2098 3247 2176 Dei,.qui
3271 2103 3439 2161 ctnlos
3460 2119 3552 2173 pe-

1981 2180 2222 2234 netravit
2240 2181 2310 2248 "’,
2338 2182 2494 2252 sequi
2527 2183 2742 2251 valeat;
2783 2187 2876 2254 qui
2908 2187 3168 2243 nimirum
3199 2191 3314 2260 ipse
3349 2193 3552 2264 ubique

1982 2269 2274 2337 cxsistens,
2319 2273 2504 2327 omnia
2535 2285 2761 2344 propter
2800 2292 2901 2332 nos
2931 2280 3232 2350 secundum
3261 2283 3552 2353 dispensa-

1983 2359 2187 2416 tionem
2219 2362 2482 2432 (hominis
2514 2364 2679 2435 489
2697 2366 2908 2423 scilicet
2958 2370 3205 2432 ratione)
3255 2382 3544 2441 pertrans-

1980 2460 2099 2517 eat;
2139 2462 2276 2507 utet
2303 2470 2403 2509 nos
2428 2456 2605 2524 ipsum
2630 2458 2932 2526 sequendo,
2980 2477 3104 2530 quae
3132 2463 3200 2518 ab
3219 2480 3284 2520 eo
3307 2469 3552 2523 secunda

1981 2551 2130 2607 sunt,
2193 2543 2374 2597 omnia
2425 2551 2792 2630 trapseuntes,
2844 2550 2911 2603 ad
2962 2566 3089 2605 eum
3139 2553 3466 2623 evadamus;
3505 2559 3550 2612 si

1981 2629 2144 2683 modo
2186 2646 2296 2685 non
2343 2647 2410 2686 ex
2439 2629 2639 2700 carnis,
2689 2652 2796 2706 qua
2848 2653 2906 2694 se
2945 2639 3108 2695 nobis
3143 2641 3550 2713 dispensatione

1981 2719 2202 2774 demisit
2240 2737 2304 2776 ac
2338 2722 2621 2780 inclinavit
2655 2728 2924 2796 parvitate
2946 2769 2960 2795 ,
3012 2732 3108 2786 sed
3147 2749 3216 2788 ex
3248 2737 3550 2802 maiestatis

1980 2811 2216 2864 naturali
2248 2812 2616 2883 immensitate
2643 2833 2769 2873 eum
2793 2820 3229 2880 intellexerimus
3250 2827 3314 2880 ⁷³.

1988 2907 1990 2910 '
2053 2901 2141 2956 £9.
2179 2903 2427 2970 Praestat,
2456 2922 2556 2976 pro
2579 2923 2642 2962 eo
2667 2924 2730 2963 ac
2766 2910 2927 2966 nobis
2960 2923 3294 2984 praeceptum
3318 2927 3423 2986 est,
3452 2937 3548 2976 va-

1981 3006 2106 3046 care
2140 3007 2359 3063 semper
2386 2995 2669 3067 Deumque
2692 3001 3013 3069 quaarere'”.
3047 3004 3368 3077 Quanquam
3400 3012 3547 3067 enim

1979 3081 2110 3136 dum
2141 3084 2358 3138 mortali
2397 3085 2499 3140 hac
2551 3087 2662 3143 vita
2700 3091 3028 3159 quaerimus,
3072 3094 3274 3151 divina:
3305 3100 3550 3156 altitudi-

1979 3171 2067 3225 nis
2120 3171 2282 3228 ﬁnem
2320 3176 2536 3246 assequi
2569 3193 2679 3232 non
2723 3194 3042 3250 possumus;
3086 3184 3314 3242 forsitan
3365 3199 3548 3248 tamen

1980 3262 2254 3318 modicum
2310 3266 2502 3321 saltem
2549 3269 2926 3340 tantisperque
2979 3289 3099 3329 eam
3144 3290 3544 3349 asscquentcs,

1979 3354 2184 3408 sanctis
2205 3357 2503 3424 sanctiora,
2529 3368 2585 3414 et
2607 3361 2948 3429 spiritalibus
2972 3366 3306 3436 spiritaliora
3323 3382 3547 3430 contue-

1978 3443 2179 3499 bimur.
2219 3446 2388 3518 quue
2432 3465 2532 3519 per
2561 3450 2790 3523 ﬁguram
2822 3456 3070 3514 declarat
3091 3475 3338 3519 summus
3361 3480 3544 3521 sacer-

1977 3535 2098 3602 dos,
2126 3553 2251 3591 cum
2282 3555 2314 3592 a
2362 3542 2589 3604 sanctis,
2623 3560 2745 3614 quae
2787 3555 2917 3601 sunt
2959 3550 3102 3603 atrio
3147 3555 3442 3621 sanctiora,
3475 3558 3544 3613 ad

1978 3627 2176 3683 Sancta
2209 3631 2550 3700 sanetbrum,
2599 3649 2720 3706 quae
2761 3645 2891 3692 sunt
2919 3642 3125 3696 sanctis
3157 3648 3429 3702 sanctiora
3459 3649 3546 3704 in-

1976 3719 2242 3787 greditur.

2044 3807 2134 3860 20.
2170 3809 2360 3867 Omnis
2393 3814 2490 3867 Dei
2537 3831 2741 3882 sermo,
2789 3835 2892 3874 nec
2929 3823 3278 3895 multiloquio
3305 3841 3541 3897 constat,

1976 3910 2077 3949 nec
2109 3899 2517 3975 multiloquium
2559 3920 2657 3960 seu
2691 3910 2984 3976 garrulitas
3012 3921 3130 3980 est;
3163 3918 3258 3971 sed
3289 3935 3432 3975 unus
3476 3940 3542 3979 ex

1974 3985 2207 4043 diversis
2228 3989 2582 4050 theorematis
2603 4011 2666 4050 ac
2691 3996 3228 4060 considerationihus
3255 4018 3540 4079 constans;

1973 4096 2205 4151 quorum
2249 4083 2551 4153 quodlibet,
2604 4103 2732 4157 pars
2781 4091 3052 4148 sermonis
3081 4104 3182 4150 est.
3225 4097 3324 4164 Qui
3358 4100 3544 4173 itaque

1973 4189 2136 4228 causa
2156 4174 2401 4231 veritatis
2425 4185 2565 4243 orat,
2586 4180 2671 4234 vel
2704 4178 2747 4234 si
2772 4180 2846 4235 ita
2867 4198 3122 4251 perorare
3145 4201 3271 4242 eum
3301 4193 3545 4264 contige-

1973 4265 2070 4332 rit,
2101 4276 2162 4321 ut
2201 4267 2340 4321 nihil
2371 4269 2518 4337 quod
2555 4278 2765 4339 spectet
2791 4272 2857 4327 ad
2883 4276 3244 4342 quaestionem
3284 4281 3362 4335 illi
3394 4282 3540 4338 desi-

1899 4366 1944 4421 ι)
1973 4355 2219 4420 deretur,
2252 4374 2423 4412 unum
2456 4359 2552 4414 Dei
2587 4377 2897 4418 sermonem
2927 4364 3087 4420 dixit.

2041 4446 2129 4500 21.
2190 4446 2333 4502 Sane
2370 4448 2424 4502 in
2467 4447 2724 4514 Christo,
2778 4453 2873 4521 qui
2925 4454 3070 4509 Deus
3123 4457 3194 4511 sit
3243 4474 3306 4513 ac
3360 4460 3536 4516 Patris

1973 4536 2184 4603 Sermo,
2220 4545 2332 4592 tota
2355 4540 2655 4594 secundum
2689 4543 2982 4599 essentiam
3016 4546 3226 4604 habitat
3251 4550 3538 4620 plenitudo

1972 4626 2280 4682 divinitatis
2317 4630 2680 4699 corporaliter
2704 4633 2788 4686 "':
2823 4633 2880 4687 in
2927 4635 3088 4692 nobis
3127 4654 3258 4694 vere
3292 4657 3390 4710 per
3418 4659 3539 4713 gra-

1972 4717 2100 4771 tiam
2132 4718 2346 4774 habitat
2393 4721 2680 4790 plenitudo
2710 4722 3048 4788 divinitatis;
3083 4735 3213 4784 tunc
3253 4731 3536 4801 nimirum,

1968 4825 2091 4863 cum
2114 4809 2168 4863 in
2197 4811 2356 4865 nobis
2379 4826 2598 4866 omnem
2643 4814 2864 4868 cumulo
2905 4816 3165 4873 virtutem
3187 4823 3537 4891 sapientiam-
3623 4885 3625 4890 ,

1960 4916 2066 4969 que
2093 4904 2553 4964 acervaverimus,
2590 4919 2696 4973 qua
2733 4905 2872 4961 nihil
2902 4907 3065 4973 desit,
3097 4913 3278 4979 quoad
3325 4913 3532 4971 homini

1960 5007 2280 5047 concessum
2307 5002 2411 5059 est,
2437 5011 2546 5064 quo
2574 5011 2758 5050 veram
2790 4999 3112 5069 principem
3135 5001 3363 5056 formam
3407 5006 3534 5060 imi-

1962 5090 2162 5137 temur.
2210 5084 2321 5138 Nec
2368 5086 2514 5139 enim
2566 5087 2860 5156 quidquam
2925 5090 3186 5144 abhorret
3241 5097 3533 5162 quominus

1960 5173 2200 5241 gratuito
2224 5173 2319 5228 Dei
2372 5191 2601 5232 munere
2648 5179 2878 5248 ejusque
2911 5181 3226 5249 voluntate,
3277 5186 3331 5240 in
3373 5190 3534 5246 nobis

1965 5279 2183 5334 quoque
2217 5265 2485 5321 inhabitet
2532 5269 2817 5337 plenitudo
2858 5271 3181 5339 divinitatis,
3209 5291 3328 5346 qua:
3357 5294 3423 5333 ex
3451 5281 3532 5335 di-

1965 5355 2139 5408 versis
2184 5355 2540 5414 theorematis
2599 5361 2884 5432 sensisque
2943 5363 3286 5433 spiritalibus
3334 5373 3529 5430 coalita

1965 5453 2066 5499 εει.

2035 5535 2121 5590 22.
2158 5535 2624 5602 Quemadmodum
2657 5551 2842 5610 noster
2887 5545 3171 5612 hominum
3202 5539 3401 5609 sermo.
3433 5567 3531 5621 per

437 5635 574 5731 ll’sal.
597 5642 1493 5731 xxxpu,Jadjil’salkuxxm,
1530 5652 1580 5706 8.
1659 5653 1702 5683 '”
1728 5653 1770 5707 ll
1798 5653 1923 5710 Cor.
1955 5671 2032 5722 ιιι,
2072 5655 2156 5714 l8.
2237 5658 2280 5690 ⁷³
2305 5657 2472 5714 Hebr.
2505 5678 2575 5728 1v,
2603 5662 2686 5718 M.
2764 5663 2812 5696 ⁷³
2844 5663 2883 5717 ll
2909 5662 3033 5720 Cor.
3067 5682 3120 5731 v,
3155 5667 3238 5723 16.
3281 5663 3326 5698 ⁷⁸
3384 5669 3525 5726 Psal.

295 5717 414 5770 χεν,
443 5706 498 5760 ll
525 5723 538 5771 ;
565 5724 669 5775 etv,
702 5710 753 5761 .t.
832 5711 874 5742 ⁷⁸
903 5711 1110 5766 Coloss.
1139 5729 1196 5778 ll,
1228 5714 1281 5768 9.
