3930 6324
423 337 561 402 1135

1578 336 1638 396 S.
1680 335 1967 396 MAXIMI
2003 335 2514 399 CONFESSORIS

3538 339 3682 405 1136

421 458 671 506 naturam
700 462 767 502 ex
815 452 998 502 mente
1047 443 1373 514 procedens,
1425 446 1768 502 occultorum
1826 446 1993 502 animi

2103 446 2267 517 φύσιν
2296 453 2724 519 προερχόμενος,
2764 447 2995 517 ἄγγελος
3021 448 3131 503 τῶν
3154 448 3562 521 κρυπτομένων
3588 452 3685 505 τοῦ

421 549 671 598 motuum
699 539 930 594 nuntius
977 553 1040 593 ac
1078 538 1353 608 interpres
1381 547 1502 594 est:
1534 539 1615 594 sic
1642 550 1699 595 et
1727 541 1825 595 Dei
1862 540 1995 597 Ser-

420 647 533 697 mo,
551 629 644 700 qui
664 629 813 693 velut
834 628 1028 684 Sermo
1047 644 1111 683 ac
1139 629 1377 684 Verbum
1406 630 1716 701 gignentem
1736 631 1993 695 Mentem,

420 722 723 778 secundum
768 720 1060 776 essentiam
1116 720 1335 775 Patrem
1369 721 1629 787 noverit;
1660 736 1825 791 quem
1874 722 1994 776 sine

420 813 517 868 illo
548 813 761 867 nullum
788 820 1032 866 creatum
1057 826 1388 881 cognoscere
1415 812 1619 882 possit;
1655 827 1817 881 quem
1843 812 1997 865 novit

419 906 657 969 Patrem,
713 912 773 958 ut
819 912 1016 958 natura
1066 902 1260 958 Sermo
1306 918 1370 957 ac
1395 903 1662 968 Verbum,
1708 903 1990 974 patefacit;

418 1010 590 1065 eaque
619 995 828 1050 ratione
854 996 1035 1065 magni
1058 994 1271 1050 consilii
1307 994 1535 1049 nuntius
1566 994 1719 1049 audit
1741 995 1808 1047 ⁷⁸.

480 1088 569 1141 25.
601 1089 851 1158 Magnum
900 1088 997 1141 Dei
1050 1102 1115 1141 ac
1163 1081 1342 1141 Pat’ris
1380 1086 1670 1141 consilium
1712 1094 1818 1151 est,
1862 1072 1991 1141 olim

418 1179 645 1234 tacitum
690 1186 855 1247 atque
894 1178 1141 1248 ignotqu
1168 1177 1594 1246 dispensationis
1635 1176 1990 1248 mysterium;

418 1272 565 1342 quod
600 1271 780 1327 carnis
827 1271 1200 1340 assumptione
1268 1271 1602 1338 completum
1674 1266 1995 1339 Unigenitus

416 1362 823 1425 manifestavit,
864 1360 1049 1431 magni
1092 1358 1187 1415 Dei
1230 1375 1295 1414 ac
1347 1359 1526 1413 Patris
1578 1359 1993 1429 prameternique

415 1452 815 1526 meonsilii
857 1451 1032 1506 factus
1074 1451 1322 1505 nuntius.
1367 1448 1543 1519 Magni
1573 1459 1755 1503 autem
1778 1448 1993 1504 consilii

416 1549 514 1603 Dei
546 1548 769 1602 nuntius
794 1545 1049 1608 efficitur,
1077 1545 1193 1614 qui,
1222 1542 1471 1616 mysterii
1514 1542 1729 1614 cognita
1760 1543 1990 1611 ratione,

414 1651 628 1695 tantum
655 1654 821 1709 opere
857 1653 923 1692 ac
966 1650 1222 1692 sermone
1273 1651 1372 1706 per
1404 1635 1587 1690 omnia
1619 1634 1995 1690 indesinenter

414 1730 673 1802 assurgit,
706 1730 883 1784 donec
906 1727 974 1783 ad
1009 1744 1137 1783 eum
1164 1726 1381 1793 evadat,
1403 1725 1498 1796 qui
1529 1739 1588 1781 se
1617 1732 1771 1781 tanta
1800 1727 1991 1799 digna-

400 1823 569 1877 tione
593 1820 661 1875 ad
694 1820 875 1889 ipsum
904 1817 1146 1874 demisit.
1947 1804 1951 1808 ’

462 2007 576 2063 ‘24.
605 2006 746 2062 Cum
768 2005 867 2059 Dei
903 2002 1097 2060 Sermo
1135 2012 1359 2075 propter
1383 2018 1507 2072 nos,
1551 2004 1735 2060 carnis
1768 2003 1998 2075 dispen-

414 2099 631 2165 satione
654 2097 713 2152 in
746 2096 1039 2152 inferiores
1085 2102 1247 2150 terra:
1289 2103 1477 2165 partes
1527 2092 1897 2161 descenderit,
1940 2102 1997 2149 et

417 2202 585 2257 super
616 2201 809 2241 omnes
837 2186 1008 2241 coelos
1045 2185 1360 2240 ascenderit
1379 2186 1462 2252 ";
1496 2185 1591 2255 qui
1621 2185 1737 2255 ipse
1768 2200 1868 2256 per
1896 2200 1995 2240 na-

416 2288 598 2331 turam
631 2275 930 2332 immobilis
954 2276 1061 2343 sit;
1114 2274 1174 2330 in
1202 2291 1259 2330 se
1283 2276 1434 2330 velut
1475 2275 1721 2342 homine,
1752 2290 1875 2345 quae
1905 2274 1995 2330 fu-

417 2378 540 2424 tura
567 2373 717 2435 sunt,
756 2367 1060 2423 secundum
1076 2367 1549 2437 dispensationem
1576 2383 1641 2422 ae
1676 2368 1997 2423 humanitus

416 2474 729 2529 occupans;
759 2458 987 2530 mystice
1006 2458 1207 2529 gaudio
1228 2459 1512 2514 exsultans
1536 2458 1875 2524 consideret,
1900 2458 1995 2528 qui

416 2549 663 2604 scientias
691 2563 878 2604 amore
929 2548 1291 2621 impenditur,
1322 2550 1502 2619 qualis
1532 2558 1879 2620 quantusque
1923 2549 1997 2604 sit

415 2637 724 2693 secundum
744 2639 1227 2709 repromissionem
1251 2654 1445 2697 eorum
1474 2639 1620 2708 finis,
1642 2639 1737 2711 qui
1759 2639 1996 2712 diligunt

404 2729 736 2786 Dominum.
1100 2746 1104 2751 ‘

485 2822 577 2879 ΞΒ.
615 2821 899 2893 Siquidem
949 2837 1018 2878 eo
1070 2824 1293 2880 nomine
1334 2824 1431 2881 Dei
1482 2841 1548 2881 ac
1593 2825 1772 2899 Patris
1822 2824 1994 2882 Filius

404 2913 566 2969 -‘Deus
591 2911 807 2979 Sermo,
833 2913 1075 2969 hominis
1106 2914 1251 2970 filius
1279 2930 1344 2970 ac
1374 2916 1538 2972 homo
1579 2915 1760 2972 factus
1800 2924 1904 2983 est,
1933 2925 1995 2971 ut

419 3003 675 3059 homines
708 3003 842 3059 deos
898 3004 1110 3074 Deique
1167 3004 1313 3060 ﬁlios
1350 3004 1630 3074 emceret;
1679 3015 1832 3062 certo
1873 3006 1993 3063 fore

419 3096 731 3161 credamus,
764 3105 826 3150 ut
858 3096 971 3150 illic
995 3096 1326 3166 quandoque
1361 3097 1553 3164 simus,
1579 3098 1674 3152 ubi
1705 3114 1856 3153 nunc
1878 3097 1994 3169 ipse

418 3185 676 3242 Christus
711 3195 972 3255 tanquam
1013 3196 1178 3256 caput
1228 3188 1401 3243 totius
1440 3188 1688 3259 corporis
1709 3190 1756 3221 ⁷⁸
1802 3204 1866 3243 ac
1894 3205 1995 3259 pro

420 3276 587 3332 nobis
606 3290 917 3347 prazcursor
944 3275 1122 3331 factus
1150 3276 1217 3330 ad
1243 3277 1458 3333 Patrem
1481 3281 1550 3345 τ’,
1578 3280 1813 3334 humana
1831 3296 1996 3337 carne

421 3366 655 3423 exsistit.
699 3363 851 3422 Deus
879 3365 1028 3420 enim
1073 3367 1131 3422 in
1170 3382 1439 3441 synagoga
1487 3368 1717 3426 deorum
1766 3370 1844 3443 (id
1889 3379 1994 3439 est,

423 3459 832 3526 salvandorum)
859 3456 1075 3514 medius
1100 3459 1269 3515 stabit
1288 3459 1358 3528 ⁸⁸,
1386 3460 1585 3517 futurae
1616 3462 1730 3517 illic
1759 3462 1998 3517 beatitu-

423 3549 571 3604 dinis
602 3547 901 3618 dignitates
933 3547 1305 3617 distribuens;
1341 3566 1505 3620 quem
1544 3566 1575 3605 a
1607 3550 1789 3623 dignis
1831 3560 1996 3623 atque

416 3638 615 3694 electis
637 3638 789 3692 nulla
820 3637 1068 3692 locorum
1102 3638 1363 3694 distantia
1388 3647 1625 3711 separet.

494 3728 586 3784 26.
611 3728 718 3795 Qui
747 3727 1072 3784 libidinosas
1103 3729 1286 3786 adhuc
1316 3731 1499 3787 carnis
1520 3732 1851 3803 cupiditates
1889 3732 1996 3788 im-

421 3819 557 3891 plet,
585 3828 844 3891 tanquam
885 3820 1159 3876 idolorum
1187 3822 1366 3878 cultor
1395 3832 1451 3879 et
1476 3821 1775 3880 fabricator
1794 3835 1996 3880 terram

420 3910 803 3967 Chaldaeorum
845 3912 997 3968 colit.
1044 3908 1149 3970 Ubi
1189 3921 1372 3970 autem
1420 3915 1689 3987 tantisper
1736 3916 1997 3987 dispectis

421 4003 592 4059 rebus
647 4004 958 4075 saniorique
1005 4004 1235 4076 judicio,
1287 4006 1731 4062 convenientium
1785 4014 1996 4063 natura:

419 4097 713 4152 modorum
774 4111 1101 4167 morumque
1150 4111 1372 4153 sensum
1419 4099 1758 4170 perceperit,
1804 4098 1996 4154 relicta

418 4185 800 4242 Chaldaeorum
832 4196 1001 4252 terra,
1022 4186 1269 4242 Charran
1318 4187 1722 4258 Mesopotamia:
1754 4188 1894 4258 petit
1914 4187 1992 4255 ";

421 4274 692 4332 continent
728 4278 946 4334 scilicet
991 4277 1180 4333 virtuti
1233 4286 1401 4349 atque
1437 4279 1570 4334 vitio
1605 4284 1808 4333 statum
1844 4295 1857 4332 :
1891 4278 1996 4335 hoc

421 4367 568 4421 enim
607 4368 714 4423 sibi
756 4370 876 4423 vult
910 4369 1056 4439 quod
1102 4368 1351 4425 Cbarran
1401 4368 1629 4425 dicitur.
1675 4368 1773 4425 Sin
1810 4376 1993 4426 autem

2101 540 2196 594 νοῦ
2224 543 2540 612 κινημάτων
2569 540 2738 594 ἐστίν·
2774 534 2948 605 οὕτως
2978 544 3006 595 ό
3037 540 3133 594 τοῦ
3163 542 3298 594 Θεοῦ
3329 543 3530 612 Λόγος,
3565 546 3687 598 κατ’

2100 632 2290 687 οὐσίαν
2336 632 2593 702 ἐγνωκὼς
2638 633 2731 685 τὸν
2780 634 3021 704 Πατέρα,
3054 632 3307 704 καθάπερ
3360 635 3542 702 Λόγος
3592 635 3686 687 τὸν

2100 724 2440 797 γεννήσαντα
2490 723 2657 790 Νοῦν,
2691 724 2906 787 οὐδενὸς
2940 723 3046 777 τῶν
3075 726 3353 794 γεννητῶν
3403 724 3687 798 προσωλὲ

2076 817 2213 870 ’λειν
2251 816 2399 888 αὐτῷ
2439 818 2608 888 χωρὶς
2654 817 2820 870 αὐτοῦ
2850 816 3178 888 δυναμένου,
3208 818 3594 872 ἀποκαλύπτει
3624 821 3684 872 ὃν

2101 906 2245 976 ἔγνω
2283 907 2526 977 Πατέρα,
2560 906 2634 970 ὡς
2666 909 2809 960 κατὰ
2857 906 3017 976 φύσιν
3047 908 3238 975 Λόγος,
3269 907 3406 961 καθὸ
3435 909 3532 961 καὶ
3564 910 3681 962 Με-

2099 999 2272 1069 γάλης
2305 999 2500 1071 βουλῆς
2526 1000 2757 1068 ἄγγελος
2797 999 3039 1066 λέγεται.
3208 1060 3217 1065 ,

2171 1096 2278 1158 κγ’.
2314 1091 2539 1161 Μεγάλη
2574 1092 2737 1162 βουλὴ
2778 1092 2872 1144 τοῦ
2901 1092 3036 1144 Θεοῦ
3062 1093 3158 1145 καὶ
3197 1092 3412 1163 Πατρός
3447 1097 3592 1159 ἐστι,
3624 1096 3683 1147 τὸ

2102 1181 2462 1250 σεσιγημένον
2493 1184 2587 1234 καὶ
2632 1182 2911 1250 ἄγνωστον
2947 1186 3047 1254 τῆς
3095 1186 3412 1254 οἰκονομίας
3470 1188 3683 1258 μυστή-

2102 1290 2219 1344 ριον
2240 1291 2254 1304 ⁸
2304 1275 2440 1345 ὅπερ
2472 1273 2768 1344 πληρώσας
2795 1274 2884 1327 διὰ
2912 1274 3013 1344 τῆς
3041 1275 3372 1345 σαρκώσεως
3397 1278 3427 1331 6
3452 1294 3683 1346 μονογε-

2098 1366 2197 1436 νὴς
2227 1365 2374 1431 Υἱὸς,
2406 1365 2776 1434 ἀπεκάλυψεν,
2809 1366 3040 1436 ἄγγελος
3056 1367 3348 1435 γενόμενος
3372 1366 3481 1437 τῆς
3509 1366 3681 1437 μεγά-

2097 1454 2196 1526 λης
2235 1456 2328 1509 τοῦ
2360 1455 2494 1509 Θεοῦ
2531 1456 2624 1509 καὶ
2676 1456 2890 1525 Πατρὸς
2944 1456 3038 1509 καὶ
3080 1456 3411 1526 προαιωνίου
3452 1455 3675 1527 βουλῆς.

2099 1545 2315 1599 Γίνεται
2346 1546 2402 1600 δὲ
2426 1547 2525 1617 τῆς
2561 1546 2808 1618 μεγάλης
2832 1545 2923 1599 τοῦ
2953 1546 3091 1599 Θεοῦ
3123 1544 3322 1617 βουλῆς
3354 1547 3618 1615 ἄγγελος,
3647 1549 3677 1602 6

2097 1639 2261 1705 γνοὺς
2295 1637 2388 1690 τοῦ
2421 1638 2721 1709 μυστηρίου
2756 1638 2849 1690 τὸν
2884 1637 3065 1706 λόγον,
3108 1639 3204 1691 καὶ
3236 1639 3497 1691 τοσοῦτον
3531 1640 3677 1710 ἔργῳ

2097 1742 2157 1780 τε
2211 1727 2306 1780 καὶ
2355 1726 2498 1798 λόγῳ
2533 1728 2621 1781 διὰ
2670 1724 2886 1781 πάντων
2916 1728 3310 1798 ἀκαταλήκτως
3344 1728 3674 1799 ὑψοῦμενος,

2016 1813 2069 1908 ¹Β
2104 1819 2299 1890 μέχρις
2334 1819 2399 1873 ἂν
2451 1818 2631 1890 φθάσῃ
2677 1820 2768 1872 τὸν
2818 1819 2955 1890 πρὸς
2988 1820 3148 1873 αὐτὸν
3179 1820 3437 1874 τοσοῦτον
3483 1821 3675 1875 κατελ-

2097 1910 2278 1965 θόντα.

2146 1999 2265 2083 κδ’.
2317 2002 2380 2056 ΕΞ
2430 2003 2497 2057 δι’
2545 2003 2692 2079 ἡμᾶς
2724 2004 2752 2057 6
2783 2000 2877 2056 τοῦ
2907 2002 3042 2057 Θεοῦ
3092 2002 3265 2072 Λόγος
3307 2002 3672 2075 οἰκονομικῶς

2096 2091 2365 2164 κατῆλθεν
2405 2094 2484 2156 εἰς
2506 2094 2573 2147 τὰ
2606 2092 2891 2165 κατώτερα
2921 2094 3064 2164 μέρη
3097 2093 3197 2164 τῆς
3227 2093 3352 2164 γῆς,
3384 2094 3483 2145 καὶ
3515 2093 3673 2164 ἀνῆλ-

2096 2182 2189 2237 θεν
2214 2183 2470 2252 ὑπεράνω
2509 2183 2731 2239 πάντων
2759 2184 2869 2237 τῶν
2909 2183 3178 2254 οὐρανῶν,
3233 2185 3262 2236 6
3316 2186 3501 2256 πάντη
3536 2184 3673 2237 κατὰ

2098 2274 2263 2343 φύσιν
2312 2274 2569 2344 ἀκίνητος
2589 2290 2603 2304 ο
2658 2276 2717 2327 ὲν
2763 2273 2942 2344 ἑαυτῷ
2977 2278 3099 2329 κατ’
3126 2276 3446 2346 οἰκονομίαν
3476 2278 3573 2348 (ι),
3603 2279 3673 2341 ὡς

2095 2363 2389 2435 ἀνθρώπῳ,
2431 2365 2784 2437 προενεργῶν
2812 2367 2880 2419 τὰ
2908 2365 3145 2436 ἐσόμενα
3165 2383 3180 2400 ο
3219 2370 3504 2423 σκοπείτω
3555 2373 3675 2441 χαί-

2099 2474 2206 2528 ρων
2239 2460 2537 2529 μυστικῶς,
2569 2463 2597 2515 6
2628 2461 2729 2532 τὴν
2758 2461 2943 2532 φιλίαν
2976 2460 3223 2532 στέργων
3251 2462 3351 2532 τῆς
3392 2464 3674 2530 γνώσεως,

2095 2550 2280 2603 ὁποῖόν
2326 2551 2445 2603 ἐστι
2487 2551 2548 2604 τὸ
2574 2551 2702 2605 κατ’
2730 2550 3066 2623 ἐπαγγελίαν
3088 2552 3240 2618 τέλος
3269 2551 3380 2605 τῶν
3411 2554 3673 2621 ἀγαπῶν-

2094 2660 2204 2696 των
2229 2642 2320 2696 τὸν
2349 2642 2572 2715 Κύριον.
2698 2634 2703 2638 ”

2166 2826 2266 2873 κε’.
2304 2822 2366 2873 El
2397 2821 2484 2875 διὰ
2512 2821 2671 2875 τοῦτο
2699 2823 2923 2891 γέγονεν
2952 2824 3068 2887 υἱὸς
3099 2823 3390 2897 ἀνθρώπου
3439 2827 3537 2881 καὶ
3584 2827 3675 2881 ἄν·

2095 2908 2316 2981 θρωπος
2340 2913 2368 2964 6
2392 2911 2487 2965 τοῦ
2513 2912 2647 2965 Θεοῦ
2680 2912 2773 2966 καὶ
2806 2914 3019 2986 Πατρός
3039 2914 3168 2978 Υίδς
3198 2916 3329 2980 Θεὸς
3352 2917 3530 2987 Λόγος
3568 2919 3671 2989 (7),

2096 2996 2183 3053 ῖνα
2216 3002 2416 3072 ποιήσῃ
2465 3000 2621 3063 θεοὺς
2647 3001 2743 3055 καὶ
2773 3002 2927 3066 υἱοὺς
2952 3001 3088 3056 Θεοῦ
3126 3005 3254 3068 τοὺς
3300 3005 3627 3076 ἀνθρώπους
3651 3024 3669 3039 ’

2096 3091 2216 3143 ἐκεῖ
2247 3090 2571 3162 γενήσεσθαι
2604 3092 3006 3163 πιστεύσωμεν,
3044 3093 3175 3148 ἔνθα
3205 3095 3302 3148 νῦν
3332 3097 3498 3160 αὐτός
3521 3100 3670 3151 ἐστιν

2094 3184 2123 3236 ὁ
2152 3182 2387 3253 Χριστὸς
2421 3182 2497 3247 ὡς
2528 3183 2741 3254 κεφαλὴ
2793 3183 2890 3237 τοῦ
2935 3185 3057 3238 ὅλου
3095 3185 3367 3257 σώματος,
3403 3190 3500 3240 καὶ
3531 3189 3670 3259 ὑπὲρ

2096 3272 2253 3343 ἡμῶν
2307 3273 2599 3344 γενόμενος
2652 3275 2965 3347 πρόδρομος
3011 3276 3148 3349 πρὸς
3197 3278 3291 3349 τὸν
3338 3279 3582 3347 Πατέρα,
3612 3278 3669 3332 τδ

2095 3362 2219 3415 καθ’
2249 3363 2416 3433 ἡμᾶς.
2444 3363 2531 3416 Ἐν
2566 3364 2673 3437 γὰρ
2721 3369 3015 3437 συναγωγῇ
3049 3367 3188 3422 θεῶν
3210 3409 3226 3432 ,
3283 3368 3394 3423 τῶν
3433 3368 3671 3441 σωζομέ-

2096 3471 2238 3519 νων,
2296 3454 2449 3508 έσται
2483 3454 2617 3520 Θεὸς
2671 3456 2836 3528 μέσος
2889 3460 3198 3528 ἱστάμενος,
3254 3460 3535 3531 διανέμων
3572 3460 3668 3524 τὰς

2095 3544 2254 3611 ἀξίας
2285 3548 2382 3617 τῆς
2409 3549 2619 3602 ἐκεῖθεν
2653 3551 3057 3623 μακαριότητος
3079 3569 3094 3583 ·
3144 3552 3377 3625 τοπικὴν
3403 3554 3506 3607 οὐκ
3532 3554 3665 3623 ἔχων

2095 3637 2204 3690 ἀπὸ
2232 3638 2341 3690 τῶν
2372 3638 2540 3705 ἀξίων
2566 3640 2872 3697 διάστασιν.

2164 3737 2279 3795 κς’.
2316 3730 2374 3784 '0
2413 3731 2512 3794 τὰς
2541 3733 2808 3802 ἐμπαθεῖς
2835 3736 2933 3805 τῆς
2957 3734 3160 3806 σαρκὸς
3186 3735 3396 3807 ὀρέξεις
3419 3735 3502 3790 ἔτι
3532 3735 3664 3805 πλη·

2098 3820 2209 3893 ρῶν
2239 3821 2336 3893 (8),
2374 3822 2451 3886 ὡς
2485 3822 2882 3896 εἰδωλολάτρης
2926 3826 3023 3879 καὶ
3061 3826 3405 3891 είδωλοποιδς
3434 3827 3535 3898 τὴν
3562 3826 3662 3896 γῆν

2093 3912 2236 3965 οίκεῖ
2273 3910 2382 3964 τῶν
2408 3912 2692 3966 Χαλδαίων
2723 3913 2823 3984 (α).
2865 3914 3034 3968 Ἐπὰν
3071 3913 3129 3967 δὲ
3169 3915 3369 3987 μικρὸν
3413 3914 3485 3969 τά
3528 3916 3662 3985 πρᾶ-

2094 4016 2281 4071 γματα
2334 4001 2640 4073 διακρίνας,
2688 4002 2945 4073 αἴσθησιν
2997 4000 3140 4077 λάϐῃ
3172 4006 3282 4059 τῶν
3312 4004 3662 4076 καθηκόντων

2094 4092 2190 4161 τῆς
2221 4093 2438 4161 φύσεως
2478 4093 2715 4164 τρόπων,
2750 4095 2849 4166 τὴν
2874 4095 2978 4166 γῆν
3008 4095 3119 4149 τῶν
3155 4096 3439 4151 Χαλδαίων
3488 4098 3662 4168 desk.

2095 4180 2317 4253 ἔρχεται
2343 4185 2422 4249 είς
2447 4184 2675 4256 Χαρρὰν
2696 4184 2797 4255 τῆς
2825 4186 3257 4258 Μεσοποταμίας
3282 4204 3295 4219 υ
3337 4189 3437 4258 τὴν
3476 4189 3663 4259 μεταί-

2094 4290 2254 4343 χμιον
2278 4274 2478 4346 ἀρετῆς
2501 4277 2597 4329 καὶ
2618 4277 2815 4338 κακίας
2836 4277 2979 4345 λέγω
3005 4278 3359 4343 κατάστασιν,
3376 4277 3479 4349 τὴν
3504 4280 3665 4350 μήπω

2093 4366 2191 4434 τῆς
2222 4367 2344 4418 κατ’
2370 4362 2623 4437 οἰῖσθησιν
2653 4365 2863 4435 πλάνης
2884 4366 3130 4438 καθαρὰν
3154 4368 3478 4437 γενομένην.
3502 4367 3665 4420 Τοῦτο

420 4457 584 4512 etiam
615 4455 982 4532 mediocrem,
1008 4473 1132 4528 qua:
1156 4472 1324 4513 sensu
1363 4467 1655 4530 praestatur
1674 4501 1690 4527 ,
1718 4458 1847 4514 boni
1889 4458 1988 4512 ho-

2102 4454 2203 4524 γὰρ
2230 4455 2263 4525 ἡ
2291 4456 2537 4527 Χαρράν.
2576 4457 2641 4509 Εἰ
2692 4456 2749 4508 δὲ
2782 4457 2877 4509 καὶ
2930 4455 3029 4526 τὴν
3057 4456 3126 4510 δι’
3157 4455 3470 4527 αἰσθήσεως
3513 4474 3665 4525 γενο-

420 4547 676 4631 nestigue
702 4544 1123 4617 intelligentiam
1149 4548 1477 4615 excesserit,
1511 4550 1739 4621 gradum
1771 4557 1989 4604 conten-

419 4639 513 4694 det
539 4639 606 4694 ad
630 4651 832 4695 terram
854 4639 1113 4710 optimam
1141 4640 1230 4710 (ad
1250 4641 1502 4698 habitum
1523 4641 1733 4697 scilicet
1750 4640 1817 4696 ab
1841 4641 1989 4696 oumi

420 4728 553 4785 vitio
583 4737 640 4784 et
687 4730 956 4799 pravitate
991 4745 1056 4786 ac
1101 4729 1406 4803 ignorantia
1453 4727 1778 4800 immunem)
1825 4744 1987 4800 quem

420 4882 664 5009 Ξὸτξόἶεε.
703 4900 777 4951 rx,
814 4887 868 4941 6.
944 4887 988 4918 "
1016 4885 1218 4956 Ephes.
1240 4901 1313 4953 ιν,
1340 4886 1396 4953 9,
1426 4884 1512 4938 50.

494 5098 566 5169 (ι)
608 5101 743 5152 Κατ’
779 5101 1149 5169 οὶκονομίαν.
1214 5099 1370 5166 Quod
1411 5099 1484 5154 ita
1521 5099 1839 5169 frequenter
1885 5100 2000 5155 Ma-

420 5171 600 5251 ;imus
654 5170 1016 5251 ac__t;heologi
1068 5171 1268 5251 reliqui
1301 5170 1377 5251 _de
1433 5169 2001 5251 Christonloqunntur

423 5242 545 5310 (pro
574 5254 687 5311 quo
705 5239 873 5311 etiam
897 5239 1258 5311 οἰκονομικῶς
1282 5239 1494 5311 dicunt)
1524 5241 1628 5295 etsi
1648 5241 1999 5310 dispensatio-

421 5307 988 5380 nisnomineLatini
1028 5307 1229 5380 saepius
1281 5307 1625 5378 exprimunt,
1678 5307 1775 5365 seu
1830 5311 1997 5365 etiam

421 5379 748 5451 quandoque
769 5379 939 5447 ipsam
972 5379 1161 5435 vocem
1195 5379 1437 5451 Graecam
1461 5381 1739 5451 retinent;
1778 5395 1880 5451 ego
1908 5391 1991 5434 ta-

421 5448 545 5503 men
568 5448 788 5502 hominis
819 5451 1023 5503 ratione
1070 5459 1124 5503 et
1154 5450 1460 5503 humanitus
1517 5448 1835 5513 reddendo,
1878 5451 1984 5504 ela-

422 5519 548 5589 riusﬁ
594 5518 826 5574 fortasse
884 5519 1219 5589 expressisse
1252 5518 1479 5585 videar;
1522 5520 1750 5589 formam
1817 5522 1989 5573 deno-

423 5588 609 5658 tando
637 5588 969 5642 secundum’
999 5604 1183 5658 quam,
1231 5588 1500 5642 altissimo
1544 5588 1651 5658 Dei
1697 5604 1761 5643 ac
1811 5590 1987 5644 Patris

423 5657 674 5736 oonsilio,
712 5658 826 5712 haec
856 5659 935 5714 sic
961 5657 1105 5713 dicta
1150 5668 1205 5713 et
1230 5658 1547 5728 οἰκονομικὰ
1598 5657 1819 5713 Christo
1857 5672 1989 5714 con—

426 5735 667 5777 veniant.

2099 4547 2269 4618 μένην
2295 4548 2606 4621 σύμμετρον
2634 4547 2725 4602 τοῦ
2752 4548 2916 4604 καλοῦ
2947 4549 3159 4602 σύνεσιν
3190 4549 3509 4620 ὑπερκύψῃ,
3534 4550 3665 4619 πρὸς

2097 4634 2197 4706 τὴν
2228 4637 2333 4707 γῆν
2362 4635 2636 4702 ἓπείξεται
2668 4638 2766 4709 τὴν
2797 4638 3031 4709 ἀγαθήν·
3063 4637 3208 4691 τοῦτ’
3250 4638 3423 4705 ἔστιν,
3454 4642 3536 4701 είς
3570 4637 3663 4709 τὴν

2096 4729 2279 4802 πάσης
2321 4730 2519 4795 κακίας
2555 4733 2653 4785 καὶ
2684 4731 2959 4801 ἀγνωσίας
2986 4729 3282 4802 ἐλευθέραν
3311 4730 3662 4784 κατάστασιν.

1623 4885 1668 4916 ⁷⁸
1686 4883 1900 4940 Cotoss.
1935 4900 1973 4950 ι,

2198 4886 2243 4917 ⁷⁹
2274 4885 2441 4941 Hebr.
2464 4900 2540 4954 τι,
2573 4886 2662 4941 20.
2756 4889 2801 4920 ⁸⁸
2824 4887 2967 4943 Psal.
2993 4902 3171 4952 Lxxxl,
3200 4885 3251 4940 ί.
3358 4885 3405 4919 ⁸⁸
3429 4884 3565 4941 Gen.
3588 4899 3665 4950 xx,

2170 5102 2246 5171 (α)
2289 5102 2410 5169 τὴν
2435 5102 2554 5172 γῆν
2589 5103 2745 5157 οἰκεῖ
2758 5100 2889 5172 nim
2907 5101 3236 5156 Χαλδαίων.
3264 5101 3488 5156 ῐδιτιξίνίι
3504 5101 3664 5172 Maxi-

2095 5187 2187 5243 mo
2215 5171 2451 5243 Marcus,
2500 5189 2619 5243 cap.
2675 5173 2776 5232 18.
2824 5171 2933 5224 τῶν
2976 5172 3276 5243 νηπτικῶν,
3302 5172 3398 5224 ubi
3433 5171 3660 5239 perinde

2091 5241 2473 5311 Chaldaeorum
2496 5241 2697 5298 terram
2717 5243 2808 5295 τὸν
2839 5242 3059 5311 ἐμπαθῆ
3087 5241 3202 5311 βίον
3233 5242 3651 5310 interpretatur;

2092 5313 2256 5366 vitam
2290 5310 2644 5367 libidinosam.
2675 5313 2879 5367 Verum
2914 5311 3022 5365 hoc
3051 5312 3228 5381 ipsum
3269 5317 3547 5381 caputuac
3581 5323 3665 5363 se-

2093 5397 2272 5450 quens
2303 5382 2470 5437 habet
2492 5382 2758 5436 Maximus
2781 5397 2903 5450 cap.
2939 5382 3007 5434 68
3059 5379 3116 5435 et
3157 5380 3247 5441 49,
3309 5379 3666 5448 pluribusque

2096 5398 2272 5436 tuens
2305 5398 2470 5437 nauet
2492 5398 2758 5436 maXImus
2781 5398 2903 5450 cap.
2939 5398 3007 5434 οδ
3059 5398 3116 5435 et
3157 5398 3247 5441 4H,
3309 5398 3662 5448 pluribusque

2096 5398 2196 5515 ὀμ.
2235 5453 2305 5505 ad
2332 5452 2684 5515 Thalassium,
2716 5453 2771 5505 in
2806 5453 2986 5506 locum
3033 5450 3305 5513 Jeremite,
3339 5464 3450 5518 quo
3478 5461 3662 5518 neces-

2093 5514 2226 5598 sitas
2280 5522 2560 5598 serviendi
2603 5514 2715 5592 regi
2760 5521 3053 5598 Dabyltmis
3090 5514 3530 5598 [lien-molimina
3573 5514 3666 5570 Ju-

2093 5591 2338 5664 daeisque
2365 5590 2949 5664 indiciturfquidquid
2999 5592 3118 5664 ejus
3162 5590 3528 5645 Providentia:
3559 5598 3662 5648 est,

2068 5661 2306 5717 'erudite
2331 5662 2528 5732 pieque
2558 5661 2900 5734 exsequitur.
