3930 6324
156 2852 201 2874 α

260 306 401 369 ΙίιΠ

1089 308 1423 372 CAPITUM
1460 311 1734 374 THEOL.
1774 309 1869 371 ET
1907 307 2144 376 (ΕΟΟΝ.
2186 318 2575 383 CENTURIA
2615 323 2696 383 Π.

3346 322 3518 392 .1138

256 416 330 481 ὴν
362 411 397 461 ό
422 409 657 479 ἀψευδὴς
686 411 819 473 Θεὸς
841 411 1082 468 δείκνυσι
1110 417 1205 470 καὶ
1228 418 1626 487 ἐπαγγέλλεται
1648 417 1838 472 δώσειν

1955 420 2087 475 Deus
2114 427 2375 493 ostendit,
2403 443 2468 483 ac
2498 445 2555 483 se
2580 430 2840 485 daturum
2859 430 3016 501 quasi
3042 431 3261 488 virtutis
3286 436 3518 504 prmmio

260 498 455 570 ὥσπερ
484 501 716 556 έπαθλον
741 505 964 575 ἀρετῆς,
1000 511 1112 573 τοῖς
1143 510 1427 577 ἀγαπῶσιν
1450 513 1635 566 αὐτόν.

339 592 441 656 xC.
491 594 550 646 Ei
585 596 904 668 ἐσταυρώθη
936 599 1001 651 δι’
1032 601 1183 671 ἡμᾶς
1229 602 1288 669 ἐξ
1340 602 1625 666 ἀσθενείας
1665 604 1694 656 ὁ
1746 602 1855 656 τοῦΔ

264 684 404 735 Θεοῦ
440 684 635 753 Λόγος,
677 689 770 741 καὶ
814 690 1024 761 ἠγέρθη
1056 693 1121 746 ἐκ
1151 693 1430 763 δυνάμεως
1477 695 1636 761 Θεοῦ,
1685 695 1843 766 δῆλον

268 774 351 825 ὅει
398 777 790 845 πνευματικῶς
838 779 907 831 δι’
959 781 1106 850 ἡμᾶς
1138 783 1226 834 ἀεὶ
1263 780 1424 835 τοῦτο
1454 783 1547 836 καὶ
1580 786 1726 837 ποιεῖ
1750 784 1845 837 καὶ⁵

266 865 512 934 πάσχει·
561 867 636 930 ὡς
680 871 816 922 πᾶσι
863 871 1041 925 πάντα
1072 873 1378 942 γινόμενος,
1418 875 1506 928 ἴνα
1541 873 1690 947 σώσῃ
1718 876 1845 938 τοὺς

263 957 504 1021 πάντας.
561 960 771 1015 Οὐκοῦν
826 962 1007 1027 καλῶς
1035 965 1063 1015 ό
1101 965 1242 1029 θεῖος
1277 966 1595 1029 ’Λπόστολος
1638 967 1701 1019 ἐν
1730 968 1844 1029 τοῖς

266 1050 582 1120 Κορινθίοις
618 1052 956 1120 ἀσθενοῦσιν,
992 1055 1142 1108 οὐδὲν
1175 1057 1387 1127 ἔκρινεν
1420 1058 1642 1124 εἰδέναι,
1675 1060 1723 1112 εί
1768 1058 1843 1130 μὴ

277 1139 493 1209 Ἰησοῦν
532 1142 787 1211 Χριστὸν,
828 1144 921 1195 καὶ
971 1144 1159 1196 τοῦτον
1221 1144 1655 1216 ἐσταυρωμένον.
1684 1145 1844 1214 Ἐφε-

264 1234 407 1297 σίοις
441 1234 498 1287 δὲ
550 1235 770 1305 γράφει,
802 1236 1027 1300 τελείοις
1054 1234 1193 1303 οὖσι,
1234 1236 1295 1290 τὸ
1316 1278 1329 1302 ,
1386 1237 1713 1306 Συνήγειρε
1744 1236 1843 1289 καί

262 1326 675 1381 συνεκάθισεν
724 1327 884 1395 ’ἡμᾶς
916 1332 949 1383 ό
1005 1329 1149 1394 Θεὸς
1196 1329 1265 1383 ἐν
1300 1328 1426 1394 τοῖς
1464 1327 1845 1396 ἐποιφανίοις

260 1420 334 1470 ἐν
365 1420 600 1487 Χριστῷ
643 1420 838 1485 Ἰησοῦ
861 1437 874 1451 ·
920 1421 1062 1474 κατὰ
1087 1420 1184 1492 τὴν
1212 1420 1587 1489 ἀναλογοῦσαν
1628 1420 1845 1489 ἑκάστῳ

260 1512 522 1581 δύναμιν,
580 1512 672 1565 τὸν
715 1511 811 1565 τοῦ
862 1512 999 1565 Θεοῦ
1060 1514 1232 1582 Λόγον
1291 1511 1539 1581 γίνεσθαι
1598 1512 1845 1581 φάσκων.

264 1604 610 1676 Σταυροῦται
634 1604 814 1659 τοίνυν
844 1609 958 1669 τοῖς
986 1605 1065 1660 ἐτι
1109 1607 1244 1676 πρὸς
1278 1606 1562 1660 εὐσέϐειαν
1608 1619 1846 1675 πρακτι-

264 1698 379 1762 κῶς
405 1700 800 1768 εἰσαγομένοις,
824 1701 923 1763 τὰς
944 1700 1212 1769 ἐμπαθεῖς
1234 1698 1413 1751 αὐτῶν
1435 1697 1512 1767 τῷ
1539 1696 1668 1767 θείῳ
1696 1694 1846 1765 φόϐῳ

264 1791 562 1861 προσηλῶν
608 1792 908 1864 ἐνεργείας.
947 1793 1253 1846 Ἀνίσταται
1291 1792 1479 1846 δὲκαὶ
1513 1791 1717 1845 ἄνεισιν
1765 1790 1847 1854 είς

263 1878 558 1947 οὐρανοὺς,
594 1881 705 1942 τοῖς
735 1879 854 1933 ὅλον
886 1880 977 1934 τὸν
1001 1880 1232 1935 παλαιὸν
1261 1880 1731 1951 ἀπεκδυσαμένοις
1753 1879 1846 1934 ἄν-

265 1967 511 2040 θρωπον,
544 1969 634 2024 τὸν
671 1971 1027 2042 φθειρόμενον
1058 1972 1202 2026 κατὰ
1248 1972 1353 2035 τὰς
1402 1972 1701 2042 ἐπιθυμίας
1746 1972 1846 2041 τῆς

266 2060 494 2127 ἀπάτης
514 2077 527 2091 ⁸
560 2062 651 2114 καὶ
678 2062 797 2115 ὅλον
826 2063 917 2116 τὸν
941 2064 1060 2116 νέον
1085 2064 1488 2133 ἐνδυσαμένοις,
1516 2063 1608 2117 τὸν
1639 2062 1725 2117 διὰ
1751 2063 1845 2117 τοῦ

265 2151 585 2221 πνεύματος
619 2157 740 2206 κατ’
776 2155 961 2208 είκόνα
1000 2155 1137 2209 Θεοῦ
1182 2156 1526 2225 κτιζόμενον,
1568 2155 1663 2209 καὶ
1706 2155 1846 2227 πρὸς

262 2241 359 2293 τὸν
416 2242 638 2314 Πατέρα
701 2245 799 2314 τῆς
854 2245 915 2297 ἐν
965 2247 1153 2309 αὐτοῖς
1220 2247 1441 2317 χάριτος
1494 2246 1843 2317 γενομένοις·

274 2333 588 2402 ’Υπεράνω
617 2334 826 2404 πάσης
862 2336 1072 2406 Ἀρχῆς
1105 2338 1204 2391 καὶ
1251 2337 1571 2404 Ἐξουσίας
1600 2337 1696 2391 καὶ
1740 2339 1847 2391 Δυσ-

262 2422 505 2491 νάμεως
556 2425 654 2477 καὶ
707 2428 1086 2494 Κυριότητος,
1130 2427 1227 2481 καὶ
1273 2426 1501 2493 παντὸς
1555 2427 1847 2495 ὀνόματος

265 2515 727 2585 ὀνομαζομένου,
761 2519 882 2573 εἴτε
937 2520 1006 2573 ἐν
1046 2520 1126 2586 τῷ
1159 2520 1328 2574 αίῶνι
1355 2521 1563 2586 τούτῳ,
1607 2520 1727 2573 εἶτε
1778 2520 1848 2573 ἐν

263 2602 346 2671 τῷ
368 2605 683 2674 μέλλοντι.
718 2612 904 2665 Πάντα
932 2610 1041 2683 γὰρ
1088 2613 1157 2666 τὰ
1203 2614 1344 2683 μετὰ
1368 2612 1521 2675 Θεὸν,
1570 2613 1664 2665 καὶ
1701 2611 1848 2683 πρά-

264 2710 462 2763 γματα
508 2699 604 2750 καὶ
647 2699 885 2768 ὀνόματα
937 2703 1031 2755 καὶ
1077 2700 1389 2772 ἀξιώματα,
1422 2700 1526 2754 ὑπὸ
1554 2700 1645 2755 τὸν
1683 2702 1743 2755 ἐν
1770 2702 1849 2773 τῷ

265 2786 389 2860 Θεῷ
415 2788 507 2842 διὰ
532 2793 631 2859 τῆς
658 2791 883 2862 χάριτος
913 2793 1278 2863 γενησόμενον
1303 2792 1477 2848 ἔσται.

341 2971 455 3036 κη’.
496 2966 710 3037 ’Ὠσπερ
741 2966 849 3038 πρὸ
880 2970 982 3039 τῆς
1015 2968 1296 3041 ἐμφανοῦς
1342 2972 1439 3026 καὶ
1491 2971 1637 3027 κατὰ
1670 2974 1851 3046 σάρκα

267 3058 583 3128 παρουσίας
625 3059 722 3130 (9),
753 3060 965 3130 νοητῶς
1013 3063 1041 3113 ό
1086 3062 1179 3115 τοῦ
1205 3062 1356 3129 ξΘεοῦ
1394 3065 1570 3133 Λόγος
1589 3068 1706 3130 τοῖς
1739 3085 1847 3120 πα-

265 3151 566 3221 τριάρχαις
600 3152 696 3205 καὶ
743 3155 1053 3224 προφήταις
1105 3154 1378 3227 ἐνεδήμει,
1442 3159 1738 3228 προτυπῶν
1782 3160 1850 3214 τὰ

271 3243 560 3313 μυστήρια
589 3242 690 3313 τῆς
740 3244 905 3297 αὑτοῦ
955 3247 1301 3317 παρουσίαςο
1365 3246 1508 3302 οὕτω
1562 3250 1658 3302 καὶ
1714 3251 1851 3321 μετά

266 3332 482 3403 ταύτην
524 3334 624 3403 τὴν
661 3334 943 3405 ἐνδημίαν,
976 3337 1036 3389 οὐ
1078 3338 1241 3408 μόνον
1276 3339 1334 3392 ἐν
1371 3341 1484 3403 τοῖς
1527 3338 1608 3393 ἔτι
1636 3342 1850 3411 νηπίοις

270 3427 668 3497 παραγίνεται,
732 3427 1040 3499 διατρέφων
1100 3430 1491 3501 πνευματικῶς
1550 3433 1646 3485 καὶ
1702 3434 1851 3501 ἄγων

271 3517 410 3588 πρὸς
455 3519 670 3588 ἡλικίαν
699 3520 798 3589 τῆς
822 3521 967 3574 κατά
998 3521 1131 3574 Θεὸν
1165 3522 1512 3594 τελειότητος
1536 3540 1549 3554 ·
1585 3522 1722 3577 ἀλλά
1754 3524 1849 3577 καὶ

270 3613 329 3664 ἐν
352 3615 474 3676 τοῖς
504 3614 752 3679 τελείοις,
794 3617 1218 3690 προδιαγράφων
1257 3620 1445 3681 αὐτοῖς
1472 3621 1722 3692 κρυφίως
1753 3625 1850 3692 τῆς

274 3705 587 3775 μελλούσης
631 3707 799 3761 αὑτοῦ
852 3710 1157 3777 παρουσίας
1181 3711 1261 3775 ὡς
1308 3713 1366 3765 ἐν
1396 3714 1563 3766 εἰκόνι
1593 3714 1721 3777 τοὺς
1755 3732 1852 3784 χα-

275 3799 584 3866 ρακτῆρας.

344 3890 452 3942 κθ¹.
471 3890 682 3961 Ὥσπερ
714 3890 763 3943 oi
796 3890 889 3943 τοῦ
913 3891 1081 3962 νόμου
1106 3893 1203 3946 καὶ⁴
1221 3893 1330 3947 τῶν
1362 3896 1657 3965 προφητῶν
1681 3897 1848 3965 λόγοι,

272 3982 577 4052 πρόδρομοι
606 3968 967 4050 τυγχάνοντες
996 3986 1093 4054 τῆς
1145 3986 1284 4040 κατά
1315 3987 1493 4057 σάρκα
1529 3989 1623 4041 τοῦ
1677 3991 1851 4059 Λόγου

272 4076 601 4146 παρουσίας,
636 4077 736 4139 τὰς
772 4076 953 4147 ψυχὰς
980 4078 1060 4141 είς
1107 4079 1343 4149 Χριστὸν
1399 4081 1811 4151 ἐπαιδαγώγουν
1835 4102 1847 4114 ·

271 4168 414 4221 οὕτω
444 4168 543 4221 καὶ
570 4168 731 4231 αὐτὸς
755 4169 784 4221 ό
817 4169 1205 4239 δεδοξασμένοις
1228 4170 1325 4224 τοῦ
1353 4171 1487 4225 Θεοῦ
1522 4174 1695 4241 Λόγος
1721 4192 1853 4247 σαρο

273 4260 497 4323 κωθεὶς,
549 4256 859 4332 πρόδρομος
885 4263 984 4331 τῆς
1014 4266 1396 4336 πνευματικῆς
1426 4265 1592 4319 αὐτοῦ
1644 4284 1853 4339 παρουο

277 4352 397 4415 σίας
431 4352 766 4422 γεγένηται·
832 4354 1204 4422 παιδαγωγῶν
1248 4356 1352 4420 τὰς
1379 4356 1558 4426 ψυχὰς
1598 4356 1688 4411 διὰ
1743 4359 1851 4410 τῶν

1944 514 2254 583 pollicetur,
2282 518 2369 574 his
2393 520 2487 588 qui
2514 520 2693 590 ipsum
2722 521 2979 593 diligunt.

2013 606 2101 660 27.
2163 608 2446 679 Siquidem
2490 612 2588 667 Dei
2637 612 2830 668 Sermo
2866 630 2954 672 ex.
2983 614 3302 674 inﬁrmitate
3343 619 3518 674 nostri

1944 716 2109 756 causa
2130 702 2427 760 cruciﬁxus
2454 712 2558 771 est,
2590 715 2646 760 et
2675 708 2977 762 resurrexit
3003 708 3059 763 in
3084 709 3293 764 virtute
3318 710 3416 765 Dei
3432 711 3477 743 "
3500 728 3515 778 ;

1943 793 2104 862 plane
2136 794 2310 863 liquet
2334 794 2389 848 id
2415 811 2541 851 cum
2575 811 2792 866 semper
2816 806 3040 868 propter
3066 814 3169 854 nos
3196 799 3520 870 spiritaliter

1944 899 2129 955 agere,
2165 893 2388 957 tumque
2418 888 2497 941 illi
2518 888 2800 955 accidere;
2826 897 2885 943 ut
2906 891 3001 960 qui
3040 890 3298 947 omnibus
3334 894 3521 950 omnia

1946 977 2058 1043 ﬁat,
2106 987 2167 1033 ut
2192 994 2383 1034 omnes
2430 981 2609 1035 salvos
2645 980 2826 1036 faciat.
2868 982 3038 1037 Recte
3090 983 3258 1054 igitur
3301 984 3521 1040 divinus

1944 1070 2281 1141 Apostolus,
2324 1071 2468 1141 apud
2520 1071 2876 1139 Corinthios,
2917 1074 3013 1143 qui
3061 1075 3265 1131 inﬁrmi
3309 1085 3516 1143 essent,

1944 1162 2085 1218 nihil
2136 1177 2196 1217 se
2231 1162 2499 1233 judicavit
2536 1163 2682 1217 seire
2734 1164 2841 1219 nisi
2887 1165 3073 1221 Jesum
3102 1165 3405 1233 Christum,
3459 1180 3518 1224 et

1945 1252 2095 1307 hunc
2146 1253 2469 1309 cruciﬁxum
2490 1256 2557 1308 ⁸³.
2586 1254 2841 1325 Ephesiis
2888 1264 3096 1323 autem,
3141 1257 3235 1327 qui
3284 1259 3515 1328 perfecti

1944 1345 2105 1418 49],
2131 1355 2333 1411 essent,
2362 1346 2421 1402 in
2454 1347 2571 1402 haec
2601 1348 2765 1402 verba
2813 1349 3006 1404 scribit
3037 1367 3047 1402 :
3085 1348 3522 1407 Conresuscitavit

1946 1454 2079 1504 nos,
2142 1448 2197 1493 et
2235 1439 2517 1494 consedere
2552 1452 2646 1495 nos
2696 1441 2816 1512 fecit
2857 1442 2997 1497 Deus
3050 1444 3107 1498 in
3134 1442 3427 1499 caelestibus
3466 1446 3539 1498 in‘

1946 1529 2153 1587 Christo
2211 1531 2338 1585 Iesu
2355 1531 2432 1597 ll";
2467 1548 2572 1602 pro
2620 1534 2891 1605 cujusque
2947 1536 3222 1592 facultatis
3257 1538 3519 1599 modulo,

1946 1623 2043 1680 Dei
2074 1624 2394 1679 Sermonem
2423 1640 2490 1680 ac
2517 1625 2755 1681 Verbum
2779 1643 2837 1682 se
2861 1627 3064 1683 habere
3093 1629 3302 1684 dicens.
3335 1630 3524 1700 itaque

1948 1716 2312 1787 cruciﬁgitur,
2342 1718 2431 1783 iis,
2459 1719 2554 1788 qui
2584 1718 2819 1774 actionis
2844 1720 2995 1775 cultu
3024 1721 3095 1775 ad
3132 1721 3388 1791 pietatem
3425 1739 3523 1776 ru-

1951 1810 2191 1866 dimenta
2236 1819 2480 1881 ponunt,
2513 1827 2631 1878 seu,
2663 1811 2756 1882 qui
2791 1811 2881 1867 illa
2924 1812 3292 1878 inducuntur,
3329 1830 3522 1869 eorum

1947 1901 2273 1958 libidinosas
2301 1903 2545 1973 vitioque
2595 1914 2882 1960 concretas
2922 1904 3168 1961 actiones
3211 1904 3400 1959 divino
3451 1904 3522 1958 ti—

1948 2007 2097 2053 more
2121 1992 2425 2064 contigeris.
2456 1993 2715 2065 Resurgit
2732 2009 2863 2049 vero
2886 2001 2941 2049 et
2970 1994 3029 2048 in
3046 1994 3219 2049 caelos
3246 1992 3519 2057 ascendit,

1949 2085 2055 2150 his,
2084 2085 2180 2155 qui
2222 2092 2463 2139 veterem
2516 2093 2694 2140 totum
2751 2084 3029 2140 hominem
3074 2092 3371 2149 ementes,
3424 2087 3523 2154 qui

1947 2173 2327 2243 corrumpitur
2363 2173 2665 2229 secundum
2724 2173 3001 2229 desideria
3052 2174 3295 2241 erroris,
3346 2182 3521 2229 totum

1950 2263 2506 2337 novumtinduerunt,
2534 2261 2633 2332 qui
2667 2276 2766 2331 per
2792 2261 3055 2332 Spiritum
3088 2270 3307 2317 creatur
3322 2275 3524 2315 secun-

1948 2354 2078 2409 dum
2103 2356 2200 2409 Dei
2226 2337 2519 2425 imaginem
2543 2352 2625 2419 ⁸⁸;
2673 2362 2730 2408 et
2752 2353 2819 2421 ad
2846 2353 2986 2423 ejus,
3018 2368 3143 2421 qua:
3187 2352 3241 2405 in
3274 2351 3385 2405 illis
3416 2359 3523 2414 est,

1948 2447 2134 2517 gratiae
2182 2447 2469 2501 Parentem
2496 2452 2792 2499 evaserunt
2824 2461 2836 2498 :
2865 2443 3035 2514 Super
3064 2458 3271 2496 omnem
3311 2440 3523 2495 Princi-

1949 2544 2134 2604 patum
2166 2541 2213 2587 et
2242 2533 2564 2587 Potestatem
2596 2531 2955 2602 Virtutemque
2990 2540 3041 2586 et
3073 2531 3522 2595 Dominationem,

1950 2633 1998 2676 et
2031 2639 2183 2677 omne
2206 2638 2396 2675 nomen
2433 2622 2573 2691 quod
2611 2623 2917 2676 nominatur
2939 2622 3045 2675 sive
3076 2622 3131 2674 in
3177 2622 3270 2675 hoc
3307 2619 3551 2685 statim.

1948 2716 2056 2769 sive
2084 2715 2144 2767 in
2168 2712 2429 2783 futuro“.
2474 2710 2669 2767 Omnia
2699 2712 2847 2766 enim
2895 2728 3019 2781 qua:
3066 2728 3097 2766 a
3140 2711 3253 2765 Deo
3285 2710 3523 2766 secunda

1949 2814 2099 2872 sunt.
2136 2822 2225 2861 res
2258 2806 2466 2876 pariter
2493 2815 2550 2861 et
2581 2804 2759 2875 capita
2792 2812 2850 2859 et
2878 2803 3197 2874 dignitates,
3232 2800 3447 2872 illi,qui
3468 2801 3523 2855 in

1950 2899 2062 2954 Deo
2098 2914 2197 2968 per
2226 2898 2453 2969 gratiam
2484 2897 2609 2961 erit,
2644 2896 3030 2967 subjicientur.

2018 2989 2107 3044 28.
2148 2988 2621 3055 Quemadmodum
2661 2995 2787 3041 ante
2833 2985 3191 3055 conspicuum
3241 3002 3304 3039 ac
3359 2999 3526 3039 carne

1876 3108 1922 3172 ο
1954 3082 2265 3137 exhibilum
2310 3081 2607 3136 adventum
2636 3119 2650 3143 ,
2694 3077 2792 3133 Dei
2828 3076 3025 3133 Sermo
3062 3075 3387 3147 Spiritalitcr
3427 3090 3529 3145 pa--

1954 3174 2214 3229 triarchis
2265 3181 2323 3230 et
2370 3172 2656 3244 prophetis
2699 3169 3072 3234 adveniebat,
3117 3169 3388 3223 adventus
3438 3167 3528 3223 sui

1951 3264 2215 3335 mysteria
2244 3262 2603 3333 prazﬁgurans
2630 3278 2644 3315 :
2671 3261 2754 3315 sic
2785 3274 3013 3329 quoque
3045 3275 3113 3315 eo
3142 3260 3254 3330 jam
3289 3257 3526 3315 adventu

1952 3355 2257 3425 completo,
2292 3371 2403 3409 non
2430 3354 2592 3410 modo
2618 3354 2727 3409 illis
2764 3352 2987 3407 advenit
3011 3394 3024 3419 ,
3057 3352 3151 3421 qui
3176 3351 3363 3405 adhuc
3402 3366 3529 3420 par-

1950 3447 2065 3500 vuli
2092 3454 2223 3501 sunt
2246 3487 2261 3509 ,
2290 3462 2431 3516 quos
2455 3445 2781 3518 spiritaliter
2803 3445 2915 3498 alat
2941 3483 2955 3508 ,
2990 3451 3048 3497 et
3080 3442 3149 3496 ad
3180 3444 3300 3512 ejus
3345 3441 3526 3511 perfe‘

1952 3537 2153 3592 ctionis
2190 3545 2431 3601 tetatem,
2462 3552 2581 3606 qua:
2621 3544 2706 3590 est
2748 3533 3052 3589 secundum
3090 3533 3286 3597 Deum,
3323 3532 3526 3597 ducat;

1951 3647 2145 3686 verum
2179 3634 2348 3685 etiam
2374 3629 2663 3700 perfectis,
2698 3628 2915 3684 occulte
2941 3627 3022 3682 eis
3051 3625 3226 3681 futuri
3254 3625 3529 3680 adventus

1953 3721 2037 3775 sui
2066 3723 2416 3775 characteres
2436 3721 2591 3776 velut
2610 3721 2667 3774 in
2696 3721 2932 3791 imgine
2952 3719 3269 3791 designans.

2022 3895 2112 3950 29.
2151 3893 2634 3960 Quemadmodum
2672 3895 2814 3965 legis
2860 3910 2926 3950 ac
2965 3896 3362 3964 prophetarum
3408 3911 3529 3950 ser-

1954 4001 2167 4055 mones,
2192 3984 2288 4055 qui
2306 3984 2597 4040 Sermonis
2625 3983 2682 4037 in
2718 3999 2885 4038 carne
2908 3984 3032 4054 (seu
3067 3982 3257 4052 Verbi)
3290 4000 3533 4053 praecur-

1950 4086 2107 4127 sores
2126 4079 2333 4136 essent,
2366 4086 2466 4140 pro
2489 4070 2767 4142 pmdagogi
2789 4072 2948 4141 quasi
2973 4088 3203 4127 munere
3229 4072 3439 4126 animas
3461 4073 3527 4126 ad

1954 4165 2232 4223 Christum
2276 4164 2649 4219 erudiebant:
2699 4164 2779 4219 sic
2822 4173 2878 4219 ct
2907 4164 3025 4233 ipse
3070 4163 3405 4219 clariﬁcatus
3431 4165 3529 4218 Dei

1954 4254 2151 4311 Sermo
2193 4254 2515 4309 incarnatus
2535 4295 2548 4317 ,
2576 4253 2842 4323 spiritalis
2865 4253 3140 4308 adventus
3168 4253 3253 4308 sui
3284 4268 3530 4323 praecur-

1956 4363 2049 4402 εον
2070 4347 2305 4402 eﬁ‘ectus
2324 4355 2429 4411 est,
2450 4362 2551 4416 per
2568 4360 2856 4401 sermones
2870 4362 3002 4401 suos
3017 4352 3183 4415 atque
3200 4346 3528 4409 doctrinam,

274 4445 494 4498 οἰκείων
518 4445 712 4512 λόγων,
749 4446 886 4517 πρὸς
922 4446 1186 4518 ὑποδοχὴν
1228 4448 1329 4517 τῆς
1381 4450 1659 4519 ἐμφανοῦς
1687 4449 1851 4503 αὑτοῦ

1957 4441 2075 4510 ipse
2118 4456 2342 4510 quoque
2392 4439 2460 4495 ad
2509 4440 2874 4509 conspicuum
2924 4438 3174 4494 divinum
3232 4439 3531 4493 adventum

278 4534 467 4604 θεῖκῆς
502 4537 807 4606 παρουσίας
830 4555 843 4569 ο
878 4538 946 4607 ἢν
975 4538 1061 4591 ἀεὶ
1090 4538 1192 4608 μὲν
1221 4541 1475 4604 ποιεῖται,
1506 4541 1855 4611 μεταϐάλλων

277 4627 384 4680 ἀπὸ
414 4629 515 4697 τῆς
562 4629 764 4698 σαρκὸς
814 4628 949 4700 πρὸς
1000 4628 1060 4683 τὸ
1108 4630 1328 4700 πνεῦμα
1379 4631 1468 4685 διά
1501 4633 1608 4685 τῶν
1643 4634 1854 4703 ἀρετῶν

277 4720 403 4782 τοὺς
454 4720 639 4784 ἀξίους
664 4735 678 4751 ⁸
727 4722 944 4792 ποιήσει
990 4720 1049 4774 δὲ
1096 4722 1193 4776 καὶ⁸
1224 4723 1316 4776 ἐπὶ
1341 4724 1485 4777 τέλει
1513 4724 1606 4777 τοῦ
1632 4726 1849 4795 αἰῶνος,

283 4809 541 4879 ἐμφανῶς
571 4810 979 4864 ἀποκαλύπτων
1008 4810 1077 4864 τὰ
1108 4811 1246 4875 τέως
1272 4813 1439 4867 πᾶσιν
1468 4815 1777 4887 ἀπόρρητα.

349 4984 416 5039 λ’.
444 4987 608 5039 Ὅσον
633 4986 892 5055 ἐγώείμι
935 4985 1133 5056 ἀτελὴς
1179 4986 1275 5041 καὶ
1324 4986 1718 5053 ἀνυπότακτος,
1778 4990 1851 5062 μὴ

282 5075 574 5131 ὑπακούων
612 5075 707 5130 τοῦ
756 5075 894 5129 Θεοῦ
943 5076 1032 5131 διὰ
1078 5078 1180 5148 τῆς
1232 5079 1498 5148 ἐργασίας
1556 5080 1665 5134 τῶν
1697 5083 1852 5135 ἐντο-

280 5165 390 5219 λῶν
418 5170 512 5239 (b)'
568 5169 709 5240 μήτε
753 5171 1035 5240 γινόμενος
1065 5169 1206 5224 κατά
1259 5169 1357 5242 τὴν
1400 5154 1602 5239 γνῶσιν
1648 5173 1854 5238 τέλειος

284 5263 405 5324 ταῖς
428 5263 623 5336 φρεσίν
644 5281 657 5293 ·
712 5263 913 5333 ἀτελὴς
959 5263 1055 5317 καὶ
1104 5263 1482 5328 ἀνυπότακτος
1511 5264 1571 5318 τὸ
1602 5268 1721 5318 κατ’
1751 5268 1852 5336 ἐμὲ

286 5353 381 5406 καὶ
408 5355 641 5426 Χριστὸς
666 5354 946 5425 νομίζεται
979 5354 1047 5407 δι’
1079 5354 1182 5424 ἐμέ
1202 5370 1217 5385 ⁶
1257 5355 1396 5425 μειῶ
1424 5355 1534 5426 γὰρ
1564 5356 1729 5411 αὑτὸν
1756 5358 1853 5412 καὶ

296 5579 440 5636 I,2l.

1956 4549 2118 4588 suum
2167 4532 2605 4602 suscipiendum,
2646 4531 2865 4586 animos
2914 4530 3196 4585 erudiens.
3257 4530 3533 4584 Huncille

1956 4623 2252 4677 adventum
2307 4638 2525 4692 semper
2568 4621 2723 4685 facit,
2754 4620 3025 4674 virtutum
3084 4620 3235 4675 cultu
3286 4635 3384 4675 eos
3436 4619 3530 4689 qui

1954 4714 2106 4785 digni
2139 4714 2253 4769 sint
2300 4728 2330 4768 a
2374 4728 2541 4767 carne
2588 4712 2655 4766 ad
2702 4712 2962 4782 spiritum
3012 4719 3368 4775 convertens.
3415 4720 3531 4765 tum

1951 4824 2085 4863 vero
2132 4807 2301 4861 etiam
2360 4805 2417 4860 in
2459 4805 2569 4860 ﬁne
2615 4804 2804 4860 saeculi
2831 4805 3088 4859 facturus
3127 4813 3251 4871 est,
3303 4820 3367 4858 ea
3412 4820 3533 4874 qua:

1959 4901 2174 4958 cunctis
2200 4900 2469 4955 hactenus
2489 4914 2686 4953 arcana
2709 4906 2858 4963 sunt,
2885 4898 3062 4967 palam
3089 4897 3321 4952 faciens.

2028 4993 2119 5049 '50.
2158 4992 2417 5059 Quandiu
2450 5004 2553 5061 ego
2588 4990 2952 5059 imperfectus
2989 5003 3112 5043 sum
3145 4996 3202 5041 et
3238 5002 3348 5040 non
3395 4986 3533 5040 sub-

1955 5087 2156 5158 jectus,
2200 5083 2297 5153 qui
2341 5081 2595 5137 mandata
2638 5080 2918 5150 implendo
2940 5120 2955 5143 ,
2988 5079 3104 5133 Deo
3137 5092 3247 5131 non
3278 5092 3529 5147 paream;

1957 5190 2084 5239 nec,
2146 5173 2292 5244 quod
2344 5173 2542 5226 attinet
2584 5170 2651 5226 ad
2696 5170 3010 5233 scientiam,
3062 5168 3230 5222 animi
3276 5168 3533 5223 sensibus

1960 5264 2244 5335 perfectus
2282 5263 2439 5330 fiam;
2484 5263 2652 5318 etiam
2684 5261 2941 5318 Christus
2966 5260 3072 5315 mei
3094 5275 3262 5316 causa
3284 5300 3298 5323 ,
3343 5266 3535 5329 quate-

1959 5372 2070 5412 nus
2089 5358 2279 5421 homo,
2312 5356 2670 5425 imperfectus
2697 5363 2753 5409 et
2775 5354 2894 5425 ipse
2917 5353 3075 5407 audit
3095 5360 3150 5408 et
3204 5367 3314 5406 non
3345 5351 3533 5422 subje-

348 5511 471 5589 1Ϊ-ΙΙ
508 5513 636 5570 Cor.
669 5530 781 5581 xm,
810 5516 864 5570 4.
934 5514 979 5546 ⁸³
1007 5514 1029 5587 l
1062 5514 1189 5570 Cor.
1226 5530 1284 5581 n,
1314 5517 1368 5571 2.
1454 5517 1504 5549 “
1526 5516 1727 5587 Ephcs.
1762 5533 1819 5583 ιι,
1855 5521 1866 5571 1

2001 5517 2046 5550 ⁸⁵
2073 5517 2276 5589 Ephes.
2309 5534 2381 5585 iv,
2427 5513 2622 5583 22-24;
2647 5512 2857 5571 Coloss.
2894 5528 2975 5581 ιιι,
3006 5511 3061 5581 9,
3103 5510 3188 5568 10.
3258 5509 3309 5544 ⁸⁸
3336 5504 3532 5579 Ephcs.

356 5715 429 5783 ib)
458 5716 580 5773 Haec
601 5718 846 5787 pluribus
875 5721 1170 5793 Gregorius
1196 5723 1349 5790 Nan,
1377 5734 1521 5780 orat.
1548 5728 1579 5781 4
1598 5727 1674 5782 De
1700 5724 1976 5796 theologia.
