3930 6324
414 307 547 374 “39

1574 313 1635 374 S.
1672 314 1958 375 MAXIM]
1996 315 2499 383 CONFESSORIS

3527 321 3668 386 11ίο

409 433 550 482 ctus.
586 427 773 485 Minuo
808 432 956 487 enim
979 446 1104 487 eum
1137 438 1193 485 et
1222 430 1449 493 dctero,
1482 430 1577 499 qui
1602 424 1830 501 paribus
1857 446 1983 487 cum

2097 434 2317 500 κολοὸὦ,
2356 436 2432 507 μὴ
2482 435 2826 501 συναυξάνων
2881 432 3035 502 αὖτῷ
3084 434 3224 490 κατὰ
3272 434 3534 508 πνεῦμα,
3595 441 3676 503 ὡς

413 512 509 573 illo
533 521 843 590 augmentis
876 536 988 576 non
1015 537 1282 585 crescam,
1313 537 1438 577 cum
1466 520 1671 577 Christi
1700 537 1902 593 corpus
1925 531 1981 577 et

413 610 660 665 membra
692 626 758 666 ex
786 619 942 682 parte
975 614 1238 669 exsistam
1262 614 1333 666 ⁸⁷.

480 690 643 772 492
694 702 782 755 5i.
818 701 1001 758 Oritur
1032 704 1132 769 sol,
1167 713 1215 759 et
1245 705 1431 759 occidit
1457 704 1572 770 sol,
1608 705 1791 775 inquit
1834 705 1983 762 Scri-

415 801 577 862 ptura
628 793 696 848 ⁸⁸.
743 794 918 863 igitur
968 805 1024 850 et
1074 798 1254 867 ipsum
1286 797 1554 863 Verbum,
1611 815 1709 854 seu
1761 799 1978 865 Sermo,

412 884 744 955 quandoque
786 901 1029 952 sursum,
1066 889 1396 958 quandoque
1422 888 1680 944 deorsum
1715 905 1837 945 esse
1868 891 1984 945 exi-

413 975 691 1041 stimatur,
719 991 822 1047 pro
855 992 1048 1032 eorum
1073 978 1286 1033 scilicet
1310 978 1600 1049 dignitate,
1637 979 1865 1051 ipsaque
1892 997 1982 1035 ra-

413 1065 565 1120 tione
593 1073 690 1120 aut
714 1067 900 1134 modo,
933 1068 1030 1138 qui
1057 1068 1319 1123 virtutem
1346 1068 1558 1132 colunt,
1594 1077 1651 1124 et
1670 1069 1819 1125 circa
1843 1069 1989 1124 divi-

413 1170 542 1209 nam
584 1157 873 1212 scientiam
911 1167 1224 1214 moventur.
1279 1160 1553 1215 Caeterum
1611 1160 1837 1227 beatus,
1887 1162 1981 1231 qui

414 1247 589 1302 instar
611 1249 740 1303 Jesu
775 1248 889 1303 ﬁlii.
909 1250 1057 1305 Nave
1084 1253 1149 1313 '9,
1177 1251 1359 1306 Solem
1379 1251 1608 1321 iustitiae
1638 1251 1693 1305 in
1720 1267 1779 1307 se
1800 1261 1985 1308 servat

415 1339 484 1393 ab
513 1323 984 1396 occasu'libcrum
1037 1342 1208 1413 (nullo
1246 1342 1456 1398 scilicet
1484 1344 1711 1398 malitiae
1736 1360 1801 1399 ac
1832 1345 1985 1415 igno-
2012 1406 2017 1411 ,

418 1429 608 1485 γιιηιίω
629 1446 857 1500 vespere
881 1426 1385 1503 circumscriptum)
1420 1427 1663 1505 quandiu
1697 1434 1985 1504 praesentis

414 1519 543 1575 vitae
575 1520 687 1576 diei
713 1522 859 1578 linea
907 1524 1187 1589 tenditur;
1223 1540 1333 1593 quo
1376 1525 1730 1596 insurgentes
1774 1526 1830 1580 in
1856 1540 1984 1581 eum

416 1612 789 1681 nequissimos
816 1612 1117 1681 daemones,
1147 1615 1391 1685 legitime
1430 1616 1663 1672 tundere
1690 1626 1857 1688 atque
1896 1618 1985 1673 fu-

415 1718 547 1773 gare
580 1704 659 1759 illi
690 1704 992 1760 tribuatur.

2088 526 2245 598 σῶμα
2274 528 2510 599 Χριστοῦ
2540 528 2823 599 τυγχάνων
2851 528 2947 583 καὶ
2972 529 3108 600 μέλη
3143 531 3207 582 ἐκ
3231 530 3458 599 μέρους.

2156 706 2259 760 λα’.
2298 705 2632 761 Ἆνατέλλει
2672 706 2706 760 6
2755 705 2953 774 ἥλιος,
3013 704 3111 760 καί
3152 705 3324 760 δύνει
3375 710 3412 761 ὁ
3466 706 3673 774 ἥλιος,

2089 800 2253 870 φησὶν
2282 800 2315 870 ἡ
2345 799 2558 869 Γραφή.
2592 798 2803 852 Οὐκοῦν
2844 798 2938 852 καὶ
2964 799 2992 850 6
3024 797 3233 866 Λόγος,
3272 799 3409 851 ποτὲ
3444 798 3548 867 μὲν
3582 816 3674 852 νο-

2091 891 2308 963 μίζεται
2336 891 2481 954 ἄνω,
2518 890 2649 944 ποτὲ
2687 890 2742 943 δὲ
2775 891 2948 956 κάτω,
2983 890 3124 944 κατὰ
3160 890 3261 960 τὴν
3294 889 3455 954 ἀξίαν
3483 890 3673 960 δηλον-

2087 986 2189 1047 ότι,
2226 983 2320 1037 καὶ
2349 982 2512 1038 αὑτὸν
2538 981 2631 1037 τὸν
2659 983 2816 1052 λόγον
2841 983 2874 1053 ἢ
2900 982 2993 1035 τὸν
3021 980 3245 1053 τρόπον,
3266 982 3375 1035 τῶν
3406 1000 3673 1053 μετερχο-

2092 1076 2268 1148 μένων
2302 1075 2402 1143 τὴν
2433 1075 2656 1147 ἀρετὴν,
2697 1074 2795 1128 καὶ
2830 1074 2961 1144 περὶ
3008 1074 3109 1144 τὴν
3132 1062 3296 1127 θείαν
3325 1075 3673 1142 κινουμένων

2089 1166 2309 1237 γνῶσιν.
2344 1166 2628 1237 Μακάριος
2652 1166 2729 1226 δὲ,
2752 1167 2782 1219 ὁ
2816 1166 3034 1236 κρατῶν
3060 1164 3255 1218 ἄδυτον
3280 1164 3350 1232 (c)
3376 1167 3436 1217 ἐν
3464 1164 3670 1234 ἐαυτῷ,

2090 1253 2234 1307 κατὰ
2292 1252 2383 1307 τὸν
2420 1253 2711 1323 τοῦιΝαυῆ
2742 1252 2972 1323 Ἰησοῦν.
3025 1253 3118 1306 τὸν
3164 1252 3267 1321 τῆς
3317 1253 3676 1322 δικαιοσύνης

2090 1344 2243 1414 ἥλιον
2268 1359 2282 1372 ·
2318 1344 2438 1397 ὅλον
2469 1343 2529 1397 τδ
2563 1344 2763 1414 μέτρον
2793 1344 2894 1414 τῆς
2914 1344 3057 1396 κατὰ
3077 1343 3178 1413 τὴν
3208 1342 3495 1414 παροῦσαν
3526 1341 3677 1414 ζωὴν

2091 1435 2327 1506 ήυέρας,
2372 1433 2572 1497 κακίας
2616 1435 2827 1505 ἑσπέρᾳ
2850 1436 2946 1487 καὶ
2979 1434 3256 1503 ἀγιωσίας
3290 1434 3367 1506 μὴ
3392 1450 3675 1503 περιγρα-

2093 1525 2347 1594 φόμενον,
2402 1523 2489 1576 ἵνα
2541 1522 2745 1593 δυνηθῇ
2802 1522 3053 1592 νομίμως
3103 1521 3498 1591 τροπὼσασθαι
3544 1522 3678 1586 τοὺς

2093 1615 2556 1685 ἐπανισταμένους
2580 1614 2742 1668 αὐτοῦ
2775 1612 3045 1685 πονηροὺς
3065 1612 3345 1683 δαίμονας.

485 1794 573 1850 52.
613 1794 898 1853 Exaltatus
926 1797 983 1852 in
1008 1799 1170 1853 nobis
1200 1799 1297 1854 Dei
1326 1798 1519 1854 Sermo
1558 1800 1795 1856 actionis
1836 1786 1990 1856 Cultu

2108 1814 2117 1819 τ
2164 1787 2262 1859 λβ’.
2298 1786 2635 1859 ’Υψοὺμενος
2667 1788 2725 1841 ὲν
2749 1786 2924 1857 ἡμῖνὸ
2945 1788 3038 1840 τοῦ
3062 1788 3197 1842 Θεοῦ
3214 1790 3387 1858 Λόγος
3414 1789 3508 1843 διὰ
3535 1791 3681 1861 πρὶ-

414 1893 475 1940 et
493 1887 1002 1957 contemplationis,
1046 1902 1239 1944 omnes
1262 1890 1331 1945 ad
1357 1905 1416 1946 se
1448 1891 1619 1945 trahit
1658 1893 1737 1957 '°;
1776 1901 1993 1947 nostras

417 1976 635 2033 scilicet
667 1986 785 2033 tum
818 1979 1182 2050 cogitationes
1228 1990 1341 2035 tum
1387 1982 1661 2048 rationes,
1698 1982 1845 2038 circa
1874 1997 1994 2037 car-

417 2085 547 2124 nem
593 2070 946 2142 animamque
993 2087 1058 2128 ac
1102 2086 1354 2127 naturam
1393 2081 1711 2140 versantes;
1764 2076 1992 2145 ipsaque

415 2159 556 2215 adeo
590 2162 837 2216 membra
880 2163 1134 2232 corporis
1175 2178 1241 2218 ac
1273 2178 1470 2219 sensus
1500 2164 1707 2220 virtute
1731 2166 1994 2221 scientia-

416 2267 525 2321 que
556 2252 940 2319 sanctilicans,
971 2264 1134 2324 atque
1165 2254 1269 2309 sub
1313 2270 1474 2309 suum
1513 2255 1739 2319 mittens
1776 2257 1991 2327 iugum.

416 2341 520 2407 Qui
560 2341 731 2412 igitur
780 2342 1095 2399 divinorum
1140 2345 1419 2415 inspector
1444 2354 1548 2411 est,
1573 2346 1774 2402 festine
1800 2362 1995 2403 ascen-

416 2429 513 2484 dat
533 2429 858 2487 Sermonem
888 2447 1146 2503 sequens,
1170 2433 1347 2489 donec
1365 2434 1432 2489 ad
1456 2434 1660 2501 locum,
1686 2435 1740 2490 in
1766 2452 1876 2507 quo
1901 2436 1994 2493 ille

416 2526 690 2585 versatur,
715 2522 1021 2591 perveniat.
1063 2521 1182 2577 illic
1207 2523 1356 2589 enim
1410 2525 1595 2588 trahit,
1637 2525 1996 2594 quemadmo-

416 2610 550 2664 dum
573 2609 650 2665 ait
675 2611 1057 2679 Ecclesiastes,
1079 2615 1313 2684 atquein
1338 2612 1511 2668 locum
1544 2631 1700 2669 suum
1730 2616 1894 2669 trahit
1922 2616 1992 2682 ⁹¹;

416 2717 515 2758 eos
553 2710 775 2774 nempe,
816 2705 912 2775 qui
954 2705 1108 2760 velut
1144 2721 1404 2776 magnum
1431 2706 1778 2773 Pontiﬁcem,
1817 2715 1874 2761 et
1898 2707 1994 2778 qui

418 2795 644 2851 inducat
675 2796 731 2851 in
759 2795 960 2852 Sancta
989 2806 1304 2853 sanctorum
1331 2838 1345 2862 ,
1374 2806 1718 2868 sequuntur;
1758 2812 1871 2868 quo
1903 2797 1995 2852 ille

417 2900 463 2941 St
481 2885 724 2942 cundum
754 2886 903 2957 quod
927 2887 1112 2952 homo,
1137 2904 1232 2958 pro
1250 2887 1395 2942 nobis
1411 2902 1707 2957 prwcursor
1729 2888 1995 2958 ingressus

420 2984 498 3032 est
525 2979 596 3034 ".
1111 3000 1114 3004 λ

492 3070 582 3126 '55.
624 3068 729 3137 Qui
773 3070 998 3141 pietatis
1048 3070 1356 3126 rationibus
1401 3070 1701 3126 literentem
1751 3069 1993 3141 philoso-

421 3160 608 3231 phiam
637 3161 812 3227 colit,
865 3162 1271 3231 adversamque
1298 3160 1724 3231 inaspectabiles
1749 3168 1995 3231 potesta-

422 3261 512 3306 tes
555 3251 828 3305 instructa
879 3251 1000 3309 acie
1045 3251 1325 3314 consistit,
1375 3251 1638 3321 precibus
1668 3259 1901 3322 satagat,
1934 3259 1998 3305 ut

422 3350 541 3395 tum
564 3340 836 3397 naturalis
853 3340 1115 3397 discretio
1133 3340 1316 3412 (cujus
1336 3340 1613 3395 modicum
1642 3340 1828 3394 lumen
1849 3339 1998 3395 exsi-

421 3432 577 3503 stat),
616 3441 732 3487 tum
758 3431 1119 3486 illuminatrix
1139 3429 1380 3501 Spiritus
1401 3431 1599 3500 gratia,
1629 3429 1709 3483 illi
1736 3436 1996 3483 maneant

420 3538 487 3579 ac
513 3524 850 3594 pervigeant.
885 3522 1019 3577 Nam
1047 3521 1201 3590 prior
1233 3520 1455 3591 quidem
1477 3560 1490 3585 ,
1530 3519 1765 3574 actionis
1804 3519 1955 3574 cultu
1978 3560 1992 3583 ,

422 3628 645 3670 carnem
689 3613 877 3668 erudit
912 3613 981 3668 ad
1018 3612 1441 3668 consectandam
1476 3614 1777 3678 virtutem;
1823 3611 1996 3667 altera

422 3712 607 3759 autem
632 3702 878 3759 animum
905 3703 1183 3768 illustrat,
1217 3711 1275 3757 ut
1295 3702 1472 3772 pluris
1499 3702 1757 3757 omnibus
1780 3702 1998 3773 sapien-

422 3792 515 3848 tia:
539 3793 853 3849 convictum
879 3808 942 3849 ac
968 3792 1423 3857 consuetudinem
1448 3795 1613 3849 faciat
1650 3793 1730 3860 ⁹⁸;
1762 3809 1869 3864 qua
1906 3793 1994 3847 ni-

423 3884 625 3939 mirum
656 3885 879 3939 malitia:
921 3885 1239 3939 munitiones
1270 3900 1580 3956 omnemque
1615 3884 1996 3938 sublimitatem

423 3976 763 4032 extollentem
797 3993 850 4032 se
881 3972 1131 4031 adversus
1155 3977 1430 4031 scientiam
1464 3976 1581 4041 Dei,
1613 3976 1834 4029 destruit
1869 3991 1995 4028 con-

421 4066 671 4139 uellitque
695 4066 760 4121 “.
816 4066 1176 4137 Ostenditque
1215 4066 1376 4122 Iesus
1418 4066 1565 4121 ﬁlius
1607 4066 1754 4120 Nave
1779 4104 1793 4129 ,
1819 4062 1999 4134 preci-

423 4157 529 4212 bus
558 4173 722 4213 orans
763 4155 922 4212 Stare
965 4157 1129 4213 solem
1176 4167 1362 4211 contra
1391 4156 1609 4212 Gabaon
1636 4154 1719 4219 ’5;
1750 4154 1857 4209 hoc
1891 4163 1996 4219 est,

426 4256 489 4303 ut
532 4249 731 4305 divinae
773 4250 958 4303 lumen
993 4249 1258 4314 scientia-,
1313 4248 1372 4302 in
1421 4244 1623 4303 monte
1655 4245 1997 4316 contempla-

424 4340 592 4396 tionis
622 4355 744 4410 quae
791 4342 978 4395 animo
1023 4350 1130 4406 est,
1176 4355 1407 4397 occasus
1450 4354 1645 4410 expers
1688 4338 1767 4393 illi
1805 4353 1992 4393 serva-

424 4440 612 4497 retur;
637 4439 686 4487 et
708 4433 838 4488 luna
864 4441 1051 4486 contra
1079 4432 1272 4487 vallem
1302 4433 1385 4499 “;
1410 4440 1470 4486 ut
1491 4431 1703 4487 scilicet
1725 4430 1993 4485 naturalis

425 4521 688 4577 discretio
719 4521 775 4575 in
821 4520 1005 4576 carnis
1054 4520 1429 4577 imbecillitate
1460 4522 1659 4591 posita,
1695 4521 1844 4577 nulla
1880 4520 1994 4574 vir-

425 4613 561 4669 tutis
597 4612 722 4668 labe
764 4613 821 4667 in
853 4628 916 4668 ea
965 4623 1359 4683 perseveraret.

498 4728 544 4797 θ’
584 4726 760 4783 ICor.
787 4743 882 4793 xu,
915 4727 1005 4783 27.
1079 4728 1125 4760 ⁸⁸
1153 4729 1336 4784 Eccle.
1367 4744 1408 4795 ι,
1446 4728 1500 4782 5.
1579 4729 1623 4761 δ’
1652 4730 1817 4785 Josue
1842 4745 1894 4794 χ,
1930 4728 1994 4783 η

2097 4730 2134 4762 ³ο
2172 4742 2329 4785 ιιοιιιι.
2355 4744 2448 4797 xn,
2478 4730 2567 4784 '52.

2095 1881 2229 1946 ξεως
2257 1878 2353 1933 καὶ
2382 1878 2637 1950 θεωρίας,
2667 1881 2879 1944 πάντας
2905 1880 3054 1934 ἕλκει
3086 1881 3221 1953 πρὸς
3248 1882 3447 1935 ἑαυτόν
3471 1899 3486 1913 ·
3546 1882 3680 1946 τούς

2092 1986 2151 2022 τε
2189 1969 2317 2040 περὶ
2345 1969 2523 2039 σάρκα
2551 1969 2645 2022 καὶ
2672 1969 2848 2040 ψυχὴν
2878 1970 2973 2023 καὶ
3003 1970 3166 2038 φύσιν
3192 1972 3302 2025 τῶν
3335 1971 3511 2025 ὄντων
3536 1975 3680 2043 ἡμε-

2091 2061 2282 2128 τέρους
2320 2059 2614 2131 λογισμούς
2643 2078 2702 2113 τε
2748 2062 2845 2115 καὶ
2883 2062 3098 2130 λόγους,
3131 2063 3227 2116 καὶ
3257 2063 3400 2117 αὐτὰ
3427 2065 3503 2118 τὰ
3533 2065 3674 2136 μέλη

2092 2150 2188 2203 τοῦ
2225 2149 2479 2220 σώματος
2528 2148 2621 2202 καὶ
2674 2149 2773 2212 τὰς
2825 2149 3106 2222 αἰσθήσεις
3154 2151 3276 2206 κατ’
3322 2153 3537 2224 ἀρετὴν
3579 2154 3676 2208 καὶ

2093 2239 2296 2309 γνῶσιν
2329 2239 2594 2309 ἁγιάζων,
2630 2239 2726 2293 καὶ
2756 2240 2862 2295 ὑπὸ
2891 2240 2986 2294 τὸν
3018 2240 3185 2295 αὑτοῦ
3211 2240 3377 2310 ζυγδν
3408 2244 3676 2314 aromatis-

2093 2350 2203 2395 νος.
2240 2331 2302 2385 '0
2329 2332 2511 2387 τοίνυν
2540 2331 2742 2401 θεατὴς
2771 2331 2880 2385 τῶν
2935 2332 3093 2386 θείων
3128 2332 3479 2388 ἀναϐαινέτω
3534 2336 3676 2390 κατὰ

2096 2422 2354 2494 σπουδὴν,
2381 2421 2694 2478 ἀκολουθῶν
2747 2423 2826 2494 τῷ
2875 2424 3063 2495 Λόγῳο
3123 2425 3318 2495 μέχρις
3373 2419 3437 2479 οὗ
3489 2427 3676 2501 φθᾶσῃ

2093 2515 2184 2570 τὸν
2210 2514 2393 2581 τόπον,
2425 2509 2485 2570 οὗ
2520 2517 2691 2571 ἐστιν.
2727 2515 2879 2569 Ἕκεῖ
2923 2516 3031 2587 γὰρ
3062 2516 3235 2584 ἕλκει,
3289 2518 3477 2582 καθὼς
3508 2538 3677 2590 φησιν

2092 2612 2121 2664 6
2197 2607 2647 2679 Ἐκκλησιαστὴς,
2729 2606 2839 2662 Καὶ
2902 2609 2992 2673 εἰς
3050 2608 3160 2661 τὸν
3221 2611 3411 2664 τόπον
3482 2613 3675 2667 αὐτοῦ

2093 2702 2256 2757 ἕλκει
2277 2717 2292 2733 ·
2327 2700 2572 2773 δηλονότι
2618 2701 2746 2766 τοὺς
2780 2700 3209 2766 ἀκολουθοῦντας
3237 2703 3413 2774 αὐτῷ,
3465 2706 3548 2769 ὡς
3578 2724 3678 2776 με-

2093 2793 2246 2865 γάλῳ
2303 2793 2595 2865 Ἀρχιερεῖ,
2648 2793 2744 2846 καὶ
2791 2793 3066 2862 είσάγοντι
3116 2797 3198 2858 εἰς
3256 2796 3325 2848 τὰ
3363 2797 3539 2864 ’Ἅγια
3567 2797 3677 2852 τῶν

2094 2886 2266 2955 ἁγίων
2286 2905 2299 2918 ·
2332 2885 2462 2940 ἔνθα
2492 2885 2554 2961 τὸ
2592 2886 2715 2940 καθ’
2737 2886 2887 2957 ἡμᾶς
2920 2887 3083 2951 αὐτὸς
3128 2888 3287 2957 ὑπὲρ
3314 2889 3491 2958 ἡμῶν
3533 2892 3676 2958 πρός

2092 2979 2313 3048 δρομος
2350 2976 2654 3046 εἰσῆλθεν.

2164 3068 2266 3136 λγ¹.
2307 3067 2366 3121 '0
2398 3067 2500 3135 τὴν
2554 3065 2676 3121 κατ’
2728 3066 3017 3119 εὐσέϐειαν
3081 3069 3284 3138 μετιὼν
3320 3070 3671 3138 φιλοσοφίαν,

2096 3163 2190 3217 καὶ
2229 3161 2365 3233 πρὸς
2398 3160 2498 3225 τὰς
2538 3163 2804 3232 ἀοράτους
2850 3163 3339 3232 παρατασσόμενος
3377 3163 3670 3233 δυνάμειςσ

2093 3251 2359 3322 εὐχέσθω,
2392 3251 2492 3321 τήν
2534 3268 2593 3305 τε
2628 3250 2866 3320 φυσικὴν
2898 3249 3174 3322 διάκρισιν
3200 3252 3350 3322 αὑτῷ
3400 3255 3674 3324 παραμεῖ-

2103 3362 2192 3397 ναι
2224 3342 2366 3413 (φῶς
2394 3340 2625 3412 ἔχουσαν
2656 3341 3022 3414 σύμμετρον),
3075 3344 3172 3395 καὶ
3202 3343 3301 3413 τὴν
3327 3346 3671 3416 φωτισ-τικὴν

2091 3430 2185 3485 τοῦ
2212 3428 2531 3499 Πνεύματος
2565 3429 2746 3500 χάριν.
2783 3430 2846 3482 Ἢ
2894 3429 2995 3500 μὲν
3024 3429 3154 3498 γὰρ,
3200 3431 3553 3500 παιδαγωγεῖ
3577 3432 3673 3501 τὴν

2094 3525 2273 3595 σάρκα
2303 3523 2439 3592 πρὸς
2483 3521 2685 3593 ἀρετὴν
2709 3521 2798 3576 διὰ
2832 3520 3089 3592 πράξεως
3111 3540 3126 3554 ο
3162 3524 3196 3593 ἡ
3235 3522 3313 3586 δὲ,
3344 3524 3673 3592 φωταγωγεί

2092 3618 2182 3670 τὸν
2207 3616 2353 3677 νοῦν.
2380 3615 2479 3685 τὴν
2511 3617 2610 3685 τῆς
2634 3615 2827 3682 σοφίας
2855 3617 3071 3669 πάντων
3106 3618 3401 3687 προκρῖναι
3433 3616 3672 3685 συμϐίω-

2095 3724 2219 3761 σιν’
2261 3706 2385 3760 καθ’
2434 3709 2520 3777 ἣν,
2570 3705 2689 3759 τῶν
2749 3724 2815 3760 τε
2870 3705 2982 3774 τῆς
3010 3707 3225 3772 κακίας
3274 3707 3671 3775 ἐκπωμάτων

2096 3798 2194 3852 καὶ
2256 3776 2479 3863 παντὸζ
2524 3796 2851 3866 ὑψώματος
2899 3797 3300 3866 ἐπαιρομένου
3328 3776 3522 3850 ’κατὰ
3563 3794 3669 3861 τῆς

2095 3889 2371 3957 γνώσεως
2393 3888 2500 3943 τοῦ
2533 3887 2704 3952 Θεοῦ,
2734 3887 2985 3943 ποιεῖται
3014 3886 3130 3954 τὴν
3161 3887 3535 3955 καθαίρεσιν.
3567 3888 3670 3939 Καὶ

2093 3979 2246 4049 δηλοῖ
2276 3978 2343 4030 δι’
2383 3977 2548 4047 εὐχῆς
2598 3975 2768 4030 αέτῶν
2795 3978 2824 4029 6
2855 3975 2947 4030 τοῦ
2980 3976 3141 4046 Ναυῆ
3176 3976 3409 4045 Ἰησοῦς,
3449 3975 3669 4042 στῆναι

2093 4070 2201 4123 τὸν
2231 4069 2410 4123 ’ἥλιον
2441 4069 2591 4123 κατὰ
2643 4067 2855 4122 Γαϐαὼ
2875 4081 2890 4095 ’
2923 4068 3225 4133 τουτέστιν,
3276 4068 3475 4122 ἄδυτον
3522 4068 3669 4137 αὐτῷ

2093 4159 2153 4212 τὸ
2184 4158 2299 4228 φῶς
2344 4161 2443 4230 τῆς
2474 4160 2728 4229 γνώσεως
2760 4156 2854 4211 τοῦ
2909 4157 3072 4221 Θεοῦ,
3104 4157 3245 4211 κατὰ
3290 4158 3354 4211 τὸ
3400 4156 3530 4228 ὅρος
3578 4158 3670 4227 τῆς

2094 4252 2236 4305 κατὰ
2260 4251 2384 4305 νοῦν
2413 4251 2647 4321 θεωρίας
2677 4250 3016 4323 φυλαχθῆναι
3037 4267 3051 4278 ·
3097 4250 3199 4304 καὶ
3237 4251 3355 4317 τὴν
3397 4249 3672 4316 σελήνην

2095 4345 2247 4397 κατὰ
2282 4343 2596 4415 φάραγγα·
2651 4341 2925 4408 τουτέστι,
2976 4341 3077 4407 τὴν
3112 4340 3352 4413 φυσικὴν
3395 4341 3669 4411 διάκρισιν

2099 4437 2195 4490 ἐπὶ
2212 4436 2314 4505 τῆς
2343 4435 2612 4507 σαρκικῆς
2625 4436 2933 4498 ,ἀσθενείας
2962 4433 3249 4504 κειμένην,
3279 4433 3391 4488 ἀπὺ
3414 4435 3516 4504 τῆς
3543 4432 3669 4504 ἁρε-

2099 4526 2199 4596 τῆς
2226 4526 2583 4580 ἀναλλοίωτον
2614 4527 2909 4595 διαμεῖναι.

2670 4731 2714 4761 "
2740 4728 2921 4784 Eccle.
2954 4746 2993 4795 t,
3035 4729 3089 4783 5.
3195 4728 3244 4760 ⁹¹
3268 4726 3438 4783 Hebr.
3473 4741 3544 4791 π,
3578 4722 3667 4778 ει).

423 4798 472 4831 ⁸³
504 4796 631 4868 Sap.
654 4808 768 4862 vut,
793 4798 848 4851 2.
915 4798 962 4831 νδ
989 4797 1032 4853 ll
1053 4797 1179 4854 Cor.
1202 4815 1258 4863 χ,
1283 4800 1337 4854 4.
1412 4802 1458 4835 ⁸⁸
1487 4800 1652 4855 Josue
1677 4816 1732 4865 ιι,
1766 4800 1852 4854 12.
1937 4800 1984 4833 ³⁸
2014 4797 2147 4855 ibid.

499 4904 575 4980 (εὶ
614 4907 694 4980 '0_
713 4908 949 4980 κρατῶν
984 4907 1232 4980 ἄδυτον.
1253 4910 1347 4966 Est
1372 4910 1537 4967 Marci
1568 4909 1847 4980 νηπτικῶν
1871 4925 1993 4980 cap.

428 4976 518 5056 4
542 4976 698 5043 Quod
727 4976 909 5034 reddit
927 4979 1105 5056 _Picus
1138 4982 1294 5056 :_Qu_i
1339 4982 1563 5053 possidet
1596 4976 1813 5056 a’dytttpt
1841 4982 1863 5033 ἔ
1894 4976 1998 5056 tit]-

430 5049 547 5101 rius
595 5055 713 5114 est;
752 5063 856 5104 nec
884 5049 1112 5119 desunt
1167 5049 1375 5107 Latina:
1424 5066 1609 5113 voces,
1658 5049 1861 5119 quibus
1906 5050 1998 5105 illa

430 5127 554 5185 apte
586 5118 1045 5190 satishreddatur.
1074 5120 1196 5190 Non
1240 5128 1422 5176 tamen
1459 5118 1605 5190 quod
1649 5118 1793 5175 idem
1834 5119 2000 5190 paulo

451 5194 567 5259 rost
611 5187 874 5259 reddidit,
919 5189 1087 5243 Marci
1158 5190 1358 5245 iterum
1417 5187 1535 5259 cap.
1592 5187 1871 5259 16,,quod
1919 5198 2002 5243 est

432 5256 650 5328 Maximi
674 5258 762 5322 '55,
806 5258 995 5328 ἄδυτον
1023 5258 1186 5328 αυτὸν
1208 5260 1269 5312 τὸ
1299 5260 1413 5328 φῶς
1465 5256 1564 5328 τῆς
1604 5256 1855 5328 γνώσεως
1904 5259 1999 5312 τοῦ

433 5325 879 5400 Θεοῦχᾳνεαηιιιη
906 5327 1041 5382 illud
1074 5326 1250 5400 tamen
1279 5325 1588 5400 cognitionis
1618 5325 1739 5384 Dei.
1798 5327 1918 5395 Quo
1947 5337 2004 5384 et

431 5396 693 5458 ostendit,
718 5412 828 5466 quo
856 5412 1021 5452 sensu
1064 5398 1144 5463 τὸ,
1177 5396 1382 5453 aditum
1419 5414 1486 5452 ex
1525 5398 1715 5454 Graeco
1756 5413 2003 5453 corrase-

431 5472 537 5539 rat,
561 5481 626 5539 ac
657 5468 703 5521 si
733 5467 802 5539 de
836 5468 1039 5537 templo
1067 5482 1131 5523 ac
1169 5468 1541 5538 penetralibus
1573 5476 1845 5539 ageretur,
1888 5483 2000 5539 non

431 5537 499 5608 de
537 5536 649 5590 sole
679 5551 744 5608 ac
773 5536 923 5601 luna,
950 5536 1102 5606 ’quos
1121 5536 1232 5592 non
1274 5538 1525 5593 occidere
1574 5536 1787 5608 rogavit
1811 5536 1997 5602 Josue,

434 5601 609 5658 donec
636 5607 797 5673 plena
818 5614 821 5617 ‘
842 5608 923 5660 illi
950 5601 1227 5663 constaret
1251 5608 1513 5674 victoria;
1542 5601 1740 5662 non'ut
1794 5608 1999 5663 occulti

432 5683 744 5751 manerent.
778 5676 1162 5751 ἰδίων-ἄδυτον
1193 5677 1329 5751 φῶς,
1361 5676 1535 5751 lumen
1564 5678 1702 5751 qrtod
1730 5691 1835 5751 non
1869 5678 2003 5751 occi-

439 5743 552 5805 dat,-
582 5743 768 5809 sicque
797 5743 864 5800 dc
887 5745 1000 5800 sole
1020 5755 1078 5801 et
1106 5743 1255 5803 luna.
1276 5743 1714 5817 Sequentia'ipsa
1742 5747 1874 5803 Pico
1901 5747 2000 5802 ali-

2101 4908 2232 4980 quid
2257 4910 2313 4964 in
2335 4917 2482 4964 textu
2507 4909 2762 4964 laborant
2781 4924 2847 4964 ex
2867 4910 2957 4964 his
2982 4910 3187 4980 nostris
3208 4909 3548 4966 restituenda
3572 4927 3590 4964 :
3615 4911 3673 4965 τὺ

2100 4979 2572 5050 στεριγραφόμενον
2601 4979 2693 5035 hic
2715 4979 3157 5050 circumscribere,
3190 4981 3244 5034 id
3278 4989 3386 5045 est,
3437 4980 3670 5046 auferre,

2101 5046 2447 5115 subducere;
2466 5066 2577 5119 quo
2607 5064 2775 5104 sensu
2800 5051 2966 5105 etiam
2990 5046 3193 5113 Latini,
3212 5050 3412 5106 Cicero
3448 5050 3671 5118 aliique,

2101 5135 2222 5174 eam
2240 5135 2430 5190 vocem
2456 5129 2816 5190 usurparunt.
2847 5119 3169 5190 Rogandum
3202 5134 3345 5190 ergo,
3371 5127 3579 5190 monet,
3605 5135 3674 5174 ne

2103 5205 2215 5261 quo
2235 5188 2462 5261 malitim
2487 5187 3222 5261 aut’ignorantiaa'vespere,
3244 5187 3436 5261 nobis
3456 5187 3548 5261 Sol
3589 5190 3676 5258 jn-

2105 5257 2270 5314 s'titiaa
2328 5257 2684 5323 subducatur,
2731 5269 2893 5313 autve
2923 5257 3171 5313 occidat;
3198 5258 3365 5313 Ὀλον
3390 5259 3457 5326 τὸν
3483 5257 3675 5326 μέτρον

2097 5328 2200 5396 τῆς
2232 5329 2376 5383 κατὰ
2419 5328 2517 5398 τὴν
2569 5329 2852 5398 παροῦσαν
2895 5328 3042 5398 ζωήν
3088 5326 3306 5398 ἡμέρας
3345 5345 3361 5381 :
3427 5325 3673 5391 Quadis

2098 5399 2332 5470 tenditur
2357 5396 2776 5470 praesentisjtitw
2797 5398 2899 5452 dici
2932 5396 3093 5462 linea,
3110 5396 3216 5470 seti
3242 5412 3534 5470 mensura;
3563 5410 3675 5470 non

2098 5465 2506 5537 ineptum'illud
2550 5485 2563 5522 :
2620 5467 2722 5533 Qui
2755 5476 2891 5523 totus
2944 5475 3022 5521 est
3064 5467 3248 5521 modus
3283 5467 3391 5519 diei
3433 5465 3678 5537 nequitia;

2099 5532 2371 5608 praisentis
2394 5539 2515 5594 vita:
2536 5556 2555 5604 ;
2579 5537 2725 5608 quod
2750 5538 2808 5592 in
2839 5537 3024 5608 Solem
3051 5537 3279 5608 iustitia:
3308 5532 3543 5608 relatum
3569 5532 3676 5608 (ad

2097 5602 2263 5677 quem
2295 5623 2465 5663 unum
2514 5602 2710 5663 inscita
2751 5608 2843 5662 illa
2864 5602 3126 5677 versione
3147 5602 3592 5677 referripotest)
3627 5603 3673 5656 si

2097 5674 2230 5747 quid
2256 5691 2452 5734 sensus
2482 5678 2667 5744 habet,
2693 5676 2928 5733 sordidae
2969 5675 3266 5751 impietatis
3291 5674 3414 5729 labe
3446 5688 3558 5728 non
3580 5686 3672 5727 ca.

2100 5755 2205 5803 ret.
