3930 6324
232 291 364 359 1141

239 489 408 555 ὲστίν,
442 489 477 558 ή
506 487 582 558 τῷ
613 488 828 560 θανάτῳ
849 491 1247 544 ταπεινωθεῖσα
1294 491 1452 563 σάρξ.
1498 493 1608 546 Καὶ
1634 493 1663 544 6
1711 491 1809 561 μὲν

237 580 388 650 ἥλιός
408 583 578 642 ἐστιν,
611 582 640 634 6
666 581 914 650 φωτίζων
944 583 1034 636 τὸν
1060 583 1184 636 νοῦν
1213 584 1408 651 Λόγος,
1437 585 1531 636 καὶ
1558 584 1810 654 χορηγῶν

239 672 390 742 αύτῷ
419 673 797 744 θεωρημάτων
825 675 1054 746 δύναμιν
1076 691 1089 705 ⁸
1130 675 1226 729 καὶ
1256 676 1456 747 πάσης,
1473 676 1697 744 ἀγνοίας
1727 676 1816 729 αὖ·

240 763 332 816 τὸν
359 765 726 825 ἀπαλλάσσων
745 780 759 794 °
808 767 842 836 ἡ
894 765 950 818 δὲ
981 766 1200 838 σελήνη,
1233 768 1262 820 6
1293 766 1434 821 κατὰ
1465 767 1626 836 φύσιν
1654 767 1816 838 νόμος

239 856 414 917 ἐστὶν,
447 859 475 910 6
509 857 711 911 πείθων
742 858 841 929 τὴν
877 858 1055 929 σάρκα
1087 860 1336 930 νομίμως
1366 860 1706 932 ὑποταγῆναι
1740 859 1816 928 τῷ

239 947 539 1018 πνεύματι,
568 951 704 1020 πρὸς
730 949 792 1002 τὸ
817 950 1071 1014 δέξασθαι
1109 950 1218 1005 τῶν
1243 951 1474 1006 ὲντολῶν
1501 953 1596 1006 τὸν
1629 951 1814 1020 ζυγόν.

239 1038 461 1102 Φύσεως
493 1041 551 1093 δὲ
588 1040 860 1109 σύμϐολον
887 1043 919 1112 ἡ
953 1042 1172 1112 σελήνη,
1195 1043 1282 1096 διὰ
1311 1043 1372 1096 τὸ
1400 1043 1662 1114 τρεπτόν·
1700 1043 1816 1097 ἀλλ’

239 1133 298 1183 ὲν
331 1135 444 1194 τοῖς
469 1133 650 1196 ἁγίοις
686 1135 954 1204 ἄτρεπτος
982 1136 1254 1206 διαμένει,
1279 1137 1367 1190 διὰ
1393 1137 1493 1208 τὴν
1522 1137 1822 1192 ἀναλλοίωο

239 1239 333 1274 τον
365 1221 480 1288 ἕξιν
516 1225 615 1292 τῆς
637 1225 862 1293 ἀρετῆς.
1695 1217 1700 1221 ’

307 1315 402 1370 λε’.
432 1317 547 1369 Οὐκ
593 1316 696 1380 ἔξω
734 1317 843 1370 τῶν
889 1317 1194 1388 ζητούντων
1243 1317 1349 1390 χρὴ
1400 1317 1679 1390 ζητεῖσθαι
1731 1319 1822 1373 τὸν

240 1408 447 1475 Κύριον
478 1423 492 1434 ·
515 1406 634 1459 ἀλλ’
666 1407 722 1457 ὲν
751 1408 984 1470 ἑαυτοῖς,
1013 1407 1100 1460 διὰ
1126 1409 1224 1476 τῆς
1258 1409 1317 1460 ὲν
1361 1407 1543 1479 ἔργοις
1581 1407 1818 1470 πίστεως

238 1493 401 1546 αὐτὸν
426 1493 536 1563 χρὴ
579 1493 760 1562 ζητεῖν
789 1494 914 1556 τοὺς
957 1493 1272 1562 ζητοῦντας.
1310 1495 1522 1564 Ἔγγὺς
1551 1493 1660 1564 γάρ
1681 1508 1821 1556 σου,
1870 1509 1874 1512 ’

237 1584 392 1653 φησὶ,
420 1585 488 1637 τὸ
507 1583 673 1653 ῥῆμά
701 1585 870 1638 ἐστιν
898 1583 968 1638 ἐν
998 1583 1078 1649 τῷ
1103 1584 1357 1654 στόματί
1385 1601 1501 1638 σου
1527 1585 1622 1638 καί
1654 1585 1725 1638 ἐν
1749 1583 1826 1653 τῇ

236 1674 453 1742 καρδίᾳ
471 1689 616 1728 σου·
644 1673 916 1729 τουτέστι
943 1676 1011 1728 τὸ
1026 1673 1187 1743 ῥῆμα
1201 1673 1308 1744 τῆς
1325 1676 1604 1740 πίστεωςο
1630 1675 1704 1738 ὼς
1726 1675 1826 1740 αὑ-

237 1765 332 1818 τοῦ
368 1765 528 1827 ὄντος
568 1764 661 1817 τοῦ
690 1765 924 1838 Χριστοῦ
966 1767 1060 1819 καὶ
1084 1766 1327 1835 ῥήματος
1347 1765 1441 1818 τοῦ
1467 1764 1822 1838 ζητουμένου.

307 1853 417 1919 λς’.
454 1855 611 1926 Μήτε
654 1854 713 1908 τὺ
743 1853 877 1924 ὕψος
904 1855 1003 1924 τῆς
1029 1854 1214 1925 θεῖκῆς
1243 1855 1501 1925 ἀπειρίας
1536 1856 1826 1925 ἐννοήσαν-

236 1962 346 2010 τες,
387 1944 785 2014 ἀπελπίσωμεν
815 1945 914 2014 τὴν
945 1944 1040 1998 τοῦ
1087 1943 1222 1996 Θεοῦ
1271 1943 1704 2017 φιλανθρωπίαν,
1753 1943 1828 2006 ὡς

235 2037 297 2088 οὐ
333 2036 646 2104 φθάνουσαν
671 2035 760 2089 διὰ
792 2035 853 2088 τὸ
881 2035 1013 2104 ὕψος
1041 2036 1230 2107 μέχρις
1261 2036 1418 2106 ἡμῶν
1445 2053 1459 2067 ο
1503 2037 1638 2108 μήτε
1668 2035 1826 2090 ἄπει-

241 2143 333 2196 ρον
375 2126 544 2197 βάθος
576 2127 677 2192 τῆς
711 2127 867 2198 ήμῶν
899 2127 985 2180 διὰ
1012 2127 1108 2198 τὴν
1142 2127 1420 2197 ἁμαρτίαν
1454 2125 1713 2190 πτώσεως
1745 2127 1828 2180 ἐν·

239 2217 600 2288 θυμηθὲντες,
620 2219 914 2272 ἀνάστασιν
934 2217 1180 2286 γίνεσθαι
1216 2218 1316 2286 τῆς
1347 2219 1404 2271 ὲν
1441 2220 1574 2288 ἡμῖν
1626 2235 1828 2288 νεκρω-

241 2308 433 2378 θείσης
464 2309 669 2380 ἀρετῆς
705 2310 1115 2380 ἀπιστήσωμεν.
1156 2309 1467 2379 Ἀμφότεροι
1495 2309 1603 2377 γάρ
1631 2307 1830 2362 δυνατὰ

241 2397 318 2467 τῷ
350 2397 472 2469 Θεῷ
498 2414 513 2428 ’
550 2397 643 2450 καὶ
664 2397 723 2450 τὸ
741 2397 1020 2450 κατελθεῖν
1047 2398 1142 2450 καὶ
1162 2397 1392 2466 φωτίσαι
1417 2397 1507 2452 τὸν
1531 2397 1653 2451 νοῦν
1675 2399 1830 2470 ήμῶν

240 2488 602 2556 διαγνώσεως
626 2505 639 2520 ·
676 2489 771 2542 καὶ
791 2488 853 2542 τὸ
887 2489 1190 2560 ἀναστῆσαι
1220 2489 1382 2543 πάλιν
1415 2491 1514 2561 τὴν
1547 2489 1744 2561 ἀρετ-ὴν
1774 2491 1831 2543 ἐν

242 2582 396 2650 ἡμῖν,
437 2580 534 2634 καὶ
585 2581 760 2652 ἑαυτῷ
803 2581 1114 2650 συνυψῶσαι
1150 2581 1238 2634 διὰ
1269 2581 1378 2634 τῶν
1407 2579 1583 2651 ἔργων
1614 2582 1714 2652 τῆς
1753 2581 1833 2634 δι-

245 2671 563 2744 καιοσύνης.
583 2672 680 2740 Μὴ
712 2672 821 2742 γὰρ
843 2673 1040 2741 εἴπῃς,
1056 2672 1243 2743 φησιν,
1267 2673 1337 2726 ἐν
1361 2671 1437 2740 τῇ
1457 2671 1670 2740 καρδίᾳ
1691 2687 1828 2727 σουο

250 2765 351 2830 Τίς
396 2764 768 2832 ἀναϐήσεται
812 2765 899 2829 εὶς
931 2763 1038 2816 τὸν
1061 2765 1362 2831 οὐρανόν;
1387 2763 1660 2816 τουτέστι
1697 2765 1832 2831 Χρι-

1072 295 1405 357 CAPITUM
1441 295 1712 356 THEOL.
1753 295 1848 356 ET
1888 294 2125 356 (ECON.
2167 293 2556 354 CENTURIA
2597 294 2676 355 II.

302 399 401 452 λδι.
430 396 496 450 Ἦ
521 395 723 450 Γαϐαὼ
748 396 917 463 ἐστιν,
950 397 978 450 6
1006 399 1210 469 ὑψηλὸς
1242 400 1365 464 νοῦς
1388 416 1400 430 ·
1435 403 1467 468 ή
1501 401 1556 454 δὲ
1588 400 1808 472 φάραγξ
1838 433 1849 460 λ

1984 403 2073 458 54.
2115 405 2362 466 Gabaon,
2419 417 2575 456 mens
2626 396 2870 456 sublimis
2932 409 3016 454 cst
3065 419 3076 454 :

3355 289 3492 354 lli-.2

3126 402 3289 457 vanis
3337 423 3492 473 vero,

1916 498 2113 554 mortis
2164 511 2364 551 occasu
2410 495 2464 548 in
2511 493 2722 546 humile
2778 493 3037 562 depressa
3071 509 3222 549 caro.
3272 496 3348 551 Ac
3376 499 3470 566 qui

1917 588 2042 644 dem
2078 589 2182 652 sol,
2231 585 2476 642 Verbum
2527 592 2612 638 est
2662 591 2903 638 mentem
2952 584 3292 650 illuminans,
3357 589 3497 657 spiri

1919 682 2221 751 taliumque
2251 693 2540 734 sensorum
2570 677 2682 731 vim
2732 677 2812 731 illi
2854 677 3300 743 subministratis,
3335 689 3500 750 atque

1916 770 2078 841 493
2129 769 2199 823 ab
2230 768 2380 823 omni
2415 766 2725 837 ignorantia
2762 781 2882 821 eam
2919 766 3197 830 liberans;
3229 768 3360 821 luna
3399 785 3500 822 au-

1919 865 2048 919 tem,
2087 857 2175 910 lex
2208 855 2478 910 naturalis
2498 893 2512 918 .
2541 849 2694 910 carni
2731 855 2972 910 suadens
3003 863 3063 910 ut
3112 857 3358 926 legitime
3385 858 3503 927 spi-

1919 948 2053 1004 ritui
2105 947 2456 1017 subjiciatur,
2491 947 2559 1002 ad
2595 947 2948 1002 subeundum
2990 947 3374 1002 mandatorum
3407 950 3500 1018 ju-

1919 1052 2066 1107 gum.
2113 1036 2269 1091 Luna
2300 1046 2515 1092 natura;
2561 1037 2870 1108 symbolum
2903 1046 3007 1103 est,
3040 1038 3187 1106 quod
3219 1040 3502 1094 mutabilis

1919 1135 2004 1180 est
2034 1142 2047 1179 :
2087 1127 2140 1180 in
2188 1126 2394 1181 sanctis
2419 1135 2624 1191 tamen,
2661 1125 2732 1180 ob
2757 1126 2981 1182 virtutis
3025 1116 3401 1183 invariabilem
3439 1143 3502 1183 ac

1921 1225 2270 1272 constantem
2311 1216 2586 1279 habitum,
2642 1216 3002 1272 immutabilis
3051 1228 3360 1289 permanet.

1991 1309 2080 1363 ‘55.
2127 1309 2248 1365 Non
2288 1317 2442 1364 extra
2487 1308 2636 1377 ipsos
2685 1317 3017 1378 quaerentes,
3058 1309 3389 1379 quaerendus
3421 1317 3506 1366 est

1922 1399 2190 1454 Dominus
2217 1416 2230 1452 :
2255 1399 2363 1454 sed
2413 1399 2470 1452 in
2509 1398 2708 1468 seipsis
2759 1415 2858 1469 per
2898 1399 3175 1454 eflicacem
3211 1400 3373 1454 {idem
3401 1401 3506 1469 ipsi

1925 1491 2316 1560 quiquaerunt,
2356 1505 2583 1544 necesse
2604 1499 2689 1544 est
2713 1499 2773 1544 ut
2797 1506 2923 1544 eum
2957 1498 3224 1559 quaerant.
3248 1489 3420 1559 Prope
3458 1497 3508 1542 te

1925 1580 2094 1644 enim,
2131 1580 2332 1650 inquit,
2360 1589 2436 1632 est
2476 1580 2688 1634 verbum
2716 1581 2769 1633 in
2798 1596 2888 1633 ore
2919 1588 3027 1643 tuo,
3055 1580 3180 1632 etin
3210 1579 3363 1632 corde
3386 1585 3508 1640 tuo;

1928 1675 2021 1726 hoc
2048 1682 2124 1726 est
2154 1672 2365 1727 verbum
2395 1671 2520 1740 ﬁdei
2560 1673 2602 1704 "
2643 1690 2656 1724 :
2690 1687 2754 1726 ac
2796 1672 2841 1726 si
2875 1671 3129 1726 Christus
3159 1670 3337 1740 ipsum
3368 1671 3504 1725 Ver-

1929 1764 2061 1818 bum
2095 1764 2186 1827 sit,
2223 1762 2373 1832 quod
2405 1761 2696 1832 quaeritur.

1998 1855 2087 1910 56.
2121 1855 2200 1909 Ne
2230 1853 2430 1908 divina:
2463 1852 2749 1906 infinitatis
2781 1850 3167 1904 celsitudinem
3202 1849 3384 1903 anima
3422 1862 3509 1901 re-

1929 1953 2205 2015 putantes,
2242 1943 2445 1999 divinae
2476 1941 2872 1998 misericordia:
2921 1956 2985 1996 ac
3017 1939 3344 2001 clementim,
3381 1946 3505 1992 tau-

1930 2051 2096 2105 quam
2146 2035 2215 2089 ad
2264 2050 2367 2089 nos
2421 2049 2598 2103 usque
2646 2032 2718 2086 ob
2775 2039 2982 2086 tantam
3011 2031 3157 2084 illam
3199 2029 3510 2083 sublimita-

1930 2134 2040 2180 tem
2108 2139 2221 2179 non
2288 2123 2674 2194 pertingentis.
2729 2138 2881 2192 spem
2947 2121 3302 2190 abjiciamus;
3370 2134 3511 2174 neve

1929 2215 2204 2271 inﬁnitam
2259 2224 2465 2270 nostrae
2514 2231 2580 2269 ex
2611 2223 2838 2286 peccato
2882 2213 3059 2267 ruinae
3083 2211 3511 2282 profunditatem

1930 2310 2369 2371 considerantes,
2433 2308 2550 2363 fore
2601 2318 2662 2362 ut
2707 2309 2990 2362 exstincta-
3036 2305 3091 2358 in
3140 2304 3301 2358 nobis
3338 2305 3516 2357 virtus

1931 2398 2274 2452 conviviscat
2323 2395 2659 2450 diﬂidamus.
2699 2395 3006 2462 Utrumque
3050 2392 3198 2444 enim
3236 2392 3346 2444 Deo
3385 2405 3513 2459 pos-

1933 2488 2092 2542 sibile
2140 2495 2253 2552 est;
2290 2497 2408 2540 tum
2435 2500 2634 2554 nempe
2676 2492 2738 2537 ut
2770 2484 2886 2552 ipse
2916 2483 2983 2536 ad
3014 2497 3114 2536 nos
3157 2480 3516 2534 inclinatione

1932 2588 2143 2642 utatur,
2170 2587 2528 2645 nostramque
2566 2583 2806 2630 mentem
2833 2574 3066 2629 scicntia
3095 2574 3362 2637 illustret;
3398 2580 3515 2626 tum

1935 2677 1997 2724 ut
2047 2669 2102 2722 in
2139 2667 2302 2723 nobis
2349 2667 2533 2722 denuo
2584 2666 2850 2721 virtutem
2902 2666 3233 2726 exsuscitet,
3286 2681 3351 2719 ac
3406 2681 3516 2719 una

1936 2775 2123 2816 secum
2188 2776 2289 2829 per
2319 2759 2547 2830 justitire
2587 2774 2752 2829 opera
2799 2773 2901 2812 nos
2954 2757 3174 2811 exaltct.
3224 2755 3299 2810 Ne
3355 2758 3515 2821 enim,

243 2856 402 2909 στὸν
449 2853 809 2925 καταγαγεῖν
836 2873 850 2886 ο
894 2854 955 2922 ἢ,
990 2855 1085 2920 Τίς
1132 2855 1533 2922 καταϐήσεται
1579 2858 1666 2922 εις
1720 2855 1836 2925 τὴν

1941 2851 2139 2922 inquit,
2188 2853 2384 2906 dixeris
2412 2854 2469 2906 in
2510 2851 2666 2906 corde
2701 2861 2791 2906 tuo
2821 2868 2838 2905 :
2879 2850 3007 2916 Quis
3035 2849 3282 2903 ascendet
3318 2851 3372 2902 in
3414 2866 3517 2903 ca:-

243 2946 528 3001 ἀϐυσσον
545 2963 564 3010 ;
595 2946 866 2999 τουτέστι
888 2945 1146 3027 Χριστὸν
1160 2946 1228 3000 ἐκ
1243 2946 1476 3016 νεκρῶν
1489 2947 1831 3017 ἀναγαγεῖν.

1941 2947 2046 3002 tum
2072 2947 2096 3000 ?
2122 2949 2215 3003 hoc
2245 2957 2320 3002 est
2345 2947 2612 3003 Christum
2644 2948 2897 3001 deducere
2929 2963 2946 3001 :
2973 2955 3066 3000 aut
3100 2948 3214 3016 quis
3246 2945 3518 2999 descendet

244 3036 424 3105 Τυχὸν
449 3035 504 3088 δὲ
535 3035 654 3089 κατ’
688 3035 856 3106 ἀλλην
885 3035 1130 3107 ἐκδοχὴν,
1175 3037 1411 3120 ἀϐυσσός
1456 3038 1594 3102 ἔστι,
1649 3037 1830 3092 πάντα

1941 3042 1992 3094 in
2027 3041 2318 3112 abyssum?
2348 3042 2443 3095 hoc
2471 3048 2566 3106 est,
2591 3039 2858 3095 Christum
2883 3057 2916 3093 a
2940 3041 3157 3094 mortuis
3187 3053 3428 3092 revocare
3451 3034 3516 3087 9“.

243 3128 314 3181 τὰ
342 3128 481 3196 μετὰ
505 3127 637 3180 Θεόν
666 3144 679 3158 ·
714 3129 772 3181 ὲν
807 3123 889 3190 οἷς
929 3128 1049 3191 ὅλος
1094 3128 1237 3192 ὅλοις
1292 3119 1437 3182 κατά
1497 3128 1755 3199 πρόνοιαν
1801 3132 1830 3184 ὁ

1941 3131 2138 3187 Forsan
2189 3147 2324 3187 vero
2376 3131 2486 3187 alio
2515 3147 2703 3196 sensu,
2753 3131 2983 3202 abyssus
3020 3139 3125 3195 est,
3173 3145 3519 3200 quaecunque

243 3217 340 3272 τοῦ
369 3216 507 3271 Θεοῦ
538 3219 750 3286 γίνεται
778 3219 972 3286 Λόγος,
1009 3218 1084 3282 ὡς
1113 3219 1226 3291 ζωὴ
1255 3221 1469 3291 νεκροῖς
1497 3220 1831 3289 ὲπιφοιτῶσα

1941 3239 1964 3278 a
2015 3224 2130 3279 Deo
2191 3223 2438 3279 secunda
2479 3230 2630 3287 sunt,
2691 3222 2747 3276 in
2795 3222 3002 3292 quibus
3060 3222 3156 3276 Dei
3207 3236 3388 3275 sermo
3435 3236 3522 3276 se-

244 3312 361 3375 τοῖς
411 3307 553 3364 οὖσι.
617 3310 806 3378 Νεκρά
862 3310 971 3379 γὰρ
1021 3311 1201 3365 πάντα
1250 3309 1321 3364 τὰ
1381 3311 1561 3376 ζῶντα
1616 3313 1831 3382 μεθέξει

1941 3315 2178 3370 eundum
2212 3314 2617 3386 providentiam
2648 3322 2796 3370 totus
2827 3313 2957 3369 totis
2979 3313 3224 3376 immcat,
3261 3319 3520 3381 tanquam

249 3404 418 3474 ζωῆς.
471 3403 710 3474 Οὐρανὸν
765 3403 844 3468 δὲ,
901 3403 998 3474 τὴν
1034 3404 1269 3475 φυσικὴν
1297 3403 1391 3457 τοῦ
1429 3404 1566 3458 Θεοῦ
1608 3405 1832 3476 κρυφιό-

247 3510 410 3563 τητα,
434 3491 553 3546 καθ’
583 3493 647 3562 ἢν
678 3491 844 3545 πᾶσίν
883 3493 1031 3547 ἐστιν
1070 3493 1472 3564 ἀκατάληπτος.
1524 3495 1587 3548 Ei
1643 3495 1700 3548 δέ
1749 3513 1834 3559 τις

249 3583 476 3637 ὲκλάϐοι
505 3584 933 3655 πάλιν,ούρανὸν
965 3585 1063 3654 μὲν
1092 3581 1231 3638 εἶναι
1269 3585 1360 3639 τὸν
1409 3584 1511 3657 τῆς
1557 3587 1834 3656 θεολογίας

250 3673 410 3742 λόγον
443 3689 458 3705 ·
507 3674 744 3728 ἄϐυσσον
785 3675 864 3738 δὲ,
909 3674 968 3728 τὸ
1014 3676 1114 3744 τῆς
1149 3677 1461 3747 οἰκονομίας
1514 3680 1812 3750 μυστήριον

251 3767 350 3819 ούκ
387 3766 694 3829 ἀπεικότως
729 3767 845 3836 ἐρεῖ
872 3767 1014 3820 κατὰ
1035 3767 1126 3820 τὸν
1153 3768 1283 3838 ἐμὸν
1306 3768 1481 3837 λόγον.
1527 3771 1838 3841 Ἀμςρότερα

253 3859 359 3928 γὰρ
415 3857 752 3912 δυσεπίϐατα
805 3860 919 3922 τοῖς
971 3857 1365 3921 ἀποδεικτικῶς
1401 3860 1584 3928 ζητεῖν
1632 3860 1840 3929 ἐπιχει-

257 3948 412 4017 ροῦσι
439 3964 453 3977 ⁸
493 3947 694 4019 μᾶλλον
741 3948 798 4002 δὲ
845 3947 1125 4011 παντελῶς
1175 3947 1372 4012 ἄϐατα,
1428 3948 1551 4018 δίχα
1603 3949 1838 4011 πίστεως

255 4038 459 4109 ἐρευνὼ
466 4057 621 4110 μενα.

1935 3407 2151 3462 scilicet
2182 3408 2294 3461 vita
2332 3407 2569 3464 mortuis
2602 3407 2770 3461 rebus
2819 3404 3142 3460 adveniens.
3187 3403 3329 3458 Sunt
3371 3402 3520 3456 enim

1936 3505 2154 3552 mortua
2200 3497 2406 3560 omnia,
2465 3512 2588 3567 quae
2632 3512 2697 3552 ea
2750 3497 2967 3550 ratione
3006 3494 3215 3559 vivant,
3254 3491 3405 3562 quod
3443 3492 3526 3544 vi-

1937 3595 2047 3641 tam
2098 3588 2452 3658 participent.
2505 3586 2718 3642 Caelum
2751 3600 2919 3656 porro
2962 3600 3085 3640 cum
3139 3583 3320 3646 audis,
3378 3581 3522 3652 quod

1939 3677 1996 3731 in
2054 3677 2150 3732 Dei
2205 3688 2403 3733 natura
2455 3679 2736 3733 occultum
2801 3676 3066 3746 intellige,
3118 3691 3228 3746 quo
3281 3690 3349 3730 ex
3396 3671 3523 3727 uni-

1935 3768 2114 3824 versis
2145 3769 2640 3838 incomprebensus
2674 3776 2779 3823 est.
2823 3768 2918 3823 Sin
2953 3770 3078 3838 quis
3111 3778 3294 3823 autem
3333 3781 3525 3820 rursus

1939 3859 2106 3914 etiam
2153 3858 2230 3912 ita
2273 3867 2534 3927 exponat,
2590 3867 2650 3912 ut
2703 3859 2927 3923 caelum,
2967 3873 3089 3927 quce
3138 3857 3205 3912 de
3258 3857 3371 3910 Deo
3415 3863 3522 3918 est,

1945 3947 2252 4003 doctrinam
2298 3947 2595 4017 intelligat;
2666 3948 2922 4017 abyssum
2974 3954 3181 4010 autem,
3234 3946 3522 4016 dispensa-

1947 4040 2113 4096 tionis
2152 4038 2474 4112 mysterium
2510 4038 2683 4103 dicat;
2715 4039 2782 4103 is,
2817 4038 2962 4094 haud
2991 4037 3251 4098 absurde,
3293 4043 3353 4090 ut
3391 4036 3524 4092 mihi

256 4150 389 4192 sane
441 4135 684 4200 videtur,
740 4134 1001 4204 loquatur
1059 4143 1155 4189 aut
1205 4135 1428 4192 sentiat.
1491 4136 1634 4191 Sunt
1684 4135 1834 4210 enim
1911 4135 2075 4191 ambo
2131 4136 2250 4191 haec
2301 4149 2528 4190 accessu
2579 4132 2840 4196 difﬁcilia,
2902 4121 2959 4186 isi
3009 4132 3133 4201 quis
3183 4131 3526 4186 demonstra-

260 4227 473 4284 tionum
518 4229 572 4283 vi
618 4244 866 4298 quaerere
915 4230 1264 4297 connitatur;
1321 4231 1457 4301 quin
1518 4240 1575 4285 et
1612 4231 1836 4286 omnino
1873 4233 2174 4297 inaccessa,
2229 4230 2339 4286 nisi
2393 4229 2660 4285 scrutanti
2697 4228 2832 4284 fides
2860 4243 3045 4284 comes
3070 4243 3176 4282 una
3207 4226 3452 4282 accedat.

325 4321 426 4386 λζ’.
473 4323 560 4374 Ἐν
584 4323 681 4392 μὲν
712 4322 1021 4393 πρακτικῷ,
1056 4326 1168 4388 τοῖς
1195 4323 1306 4377 τῶν
1351 4319 1562 4396 ἀρετῶν
1615 4323 1841 4394 τρόποις

2018 4326 2108 4380 57.
2147 4325 2209 4379 In
2248 4339 2316 4379 eo
2367 4323 2594 4392 quidem
2639 4323 2730 4392 qui
2766 4321 2975 4376 actioni
3017 4319 3222 4385 studet,
3257 4319 3524 4374 virtutum

261 4412 636 4482 παχυνόμενος
663 4413 692 4464 6
723 4412 904 4479 λόγος,
935 4412 1145 4478 γίνεται
1173 4411 1314 4484 σάρξ
1339 4429 1353 4443 ·
1390 4413 1448 4466 ὲν
1484 4412 1542 4466 δὲ
1592 4411 1670 4482 τῷ
1719 4413 1846 4464 θεω-

1953 4415 2132 4471 modis
2168 4424 2446 4472 crassatus
2492 4429 2696 4476 sermo,
2750 4429 2879 4468 caro
2915 4411 3179 4476 efﬁcitur;
3231 4412 3286 4466 in
3337 4427 3404 4465 eo
3431 4427 3526 4465 au-

262 4503 500 4574 ρητικῷ,
554 4505 664 4566 τοῖς
721 4505 1110 4573 πνευματικοῖς
1150 4504 1383 4573 νοήμασι
1422 4502 1846 4573 λεπτυνόμενος,

258 4595 468 4658 γίνεται
491 4595 679 4666 ὥσπερ
699 4591 765 4666 ἦν
787 4597 845 4648 ἐν
873 4596 1036 4667 ἀρχῇ,
1062 4594 1194 4658 Θεὸς
1228 4595 1420 4664 Λόγος.

335 4772 441 4842 λη’.
471 4773 625 4826 Ποιεῖ
662 4772 840 4841 σάρκα
870 4769 960 4822 τὸν
1003 4769 1180 4838 λόγον,
1228 4770 1256 4821 6
1299 4769 1706 4840 παραδείγμασι
1747 4771 1841 4826 καὶ

267 4866 473 4937 ῥήμασι
501 4863 828 4934 παχυτέροις
863 4861 950 4915 διὰ
975 4861 1074 4932 τὴν
1103 4861 1362 4929 ἀνάλογον
1398 4859 1507 4914 τῶν
1536 4861 1840 4917 ἀκουόντων

267 4955 519 5027 δύναμιν,
571 4954 766 5025 ἠθικὴν
815 4955 909 5008 τοῦ
955 4954 1115 5023 λόγου
1161 4953 1260 5023 τὴν
1289 4952 1635 5006 διδασκαλίαν
1663 4953 1839 5007 ποιού·

270 5065 425 5119 μενος
451 5067 465 5081 ·
501 5049 595 5103 καὶ
641 5048 800 5103 πάλιν
839 5049 983 5101 ποιεῖ
1003 5045 1219 5117 πνεῦμα
1269 5046 1359 5099 τὸν
1409 5046 1588 5115 λόγον,
1634 5049 1662 5099 6
1724 5048 1834 5112 τοῖς

269 5141 492 5210 ὑψηλοῖς
571 5140 888 5212 θεωρήμασι
975 5139 1071 5210 τὴν
1148 5137 1416 5209 μυστικὴν
1491 5139 1839 5210 ἐκτιθέμενος

272 5231 574 5303 θεολογίαν.

341 5323 438 5378 λθ’.
483 5326 542 5377 '0
583 5323 682 5394 μὲν
720 5323 784 5376 ἐκ
814 5321 923 5374 τῶν
966 5321 1166 5373 θέσεων
1224 5321 1612 5390 καταφατικῶς
1668 5321 1845 5374 θεολο-

272 5416 405 5482 γῶν,
454 5417 632 5486 σάρκα
677 5417 822 5468 ποιεῖ
859 5414 950 5466 τὸν
984 5413 1143 5478 λόγον
1167 5429 1180 5443 σ
1223 5413 1324 5465 οὐκ
1363 5413 1500 5481 ἔχων
1533 5412 1773 5476 ἄλλοθεν,
1811 5411 1844 5480 ἢ

273 5503 336 5556 ἐκ
372 5503 480 5558 τῶν
511 5504 802 5574 ὁρωμένων
832 5502 927 5556 καὶ
962 5501 1374 5574 ψηλαφωμὲιων
1407 5502 1498 5559 τὸν
1529 5501 1660 5556 Θεὸν
1686 5501 1847 5570 γινώ-

344 5685 388 5717 ’⁷
429 5686 586 5741 Rom.
633 5702 684 5749 χ,
727 5687 779 5739 8.
857 5687 876 5717 ⁹
933 5685 1066 5741 ibid.
1103 5686 1157 5753 6,
1192 5687 1242 5743 7.

1957 4515 2067 4561 tem
2109 4505 2205 4574 qui
2258 4503 2706 4574 contemplationi
2745 4503 2991 4558 animum
3032 4501 3256 4565 addicit,
3307 4501 3528 4570 spirita-

1949 4595 2097 4650 libus
2139 4594 2320 4650 sensis
2380 4608 2446 4648 ac
2487 4593 2850 4663 conceptibus
2910 4599 3189 4656 tenuatus,
3240 4589 3296 4644 id
3343 4589 3529 4644 evadit

1945 4691 2093 4762 quod
2133 4691 2192 4747 in
2235 4689 2511 4761 principio
2555 4697 2693 4754 erat,
2743 4689 2890 4743 Deus
2929 4687 3194 4743 Verbum.

2011 4783 2102 4838 58.
2145 4781 2469 4837 Sermonem
2501 4796 2722 4836 carnem
2754 4779 2903 4845 facit,
2936 4778 3027 4848 qui
3071 4775 3236 4849 494
3261 4775 3526 4845 exemplis

1939 4875 2237 4944 verbisque
2267 4873 2634 4929 erassioribus
2669 4871 2983 4926 auditorum
3028 4885 3087 4923 se
3116 4866 3362 4922 facultati
3390 4880 3524 4923 con-

1941 4966 2233 5021 venienter
2263 4973 2656 5032 attemperans,
2707 4961 2973 5015 moralem
3009 4957 3279 5012 sermonis
3320 4956 3528 5010 doctri-

1943 5072 2068 5112 nam
2092 5054 2352 5110 instituit.
2378 5054 2701 5121 Rursusque
2718 5063 3030 5104 sermonem
3050 5047 3302 5116 spiritum
3323 5045 3523 5108 reddit,
3545 5056 3553 5062 ‘

1945 5145 2039 5214 qui
2081 5142 2413 5198 sublimibus
2448 5139 2805 5194 theorematis
2867 5154 2932 5192 ac
2981 5137 3178 5200 sensis,
3215 5135 3524 5189 abstrusio~

1944 5247 2082 5294 rem,
2119 5245 2242 5299 quae
2277 5229 2343 5283 de
2387 5229 2500 5282 Dco
2530 5235 2634 5290 est,
2683 5225 2990 5280 doctrinam
3019 5221 3265 5292 exponit.

2012 5323 2098 5376 59.
2139 5320 2241 5386 Qui
2267 5336 2333 5374 ex
2358 5317 2731 5388 positionibus
2752 5315 3016 5370 affirmate
3043 5313 3111 5367 de
3141 5313 3249 5366 Deo
3279 5309 3522 5374 disserit,

1944 5425 2252 5465 sermonem
2288 5423 2511 5463 carnem
2547 5406 2712 5471 facit;
2743 5406 2838 5475 qui
2870 5417 3068 5472 nempe
3117 5400 3336 5456 nonnisi
3365 5415 3429 5454 ex
3459 5401 3526 5456 iis

1945 5517 2066 5572 qua:
2103 5501 2275 5556 oculis
2327 5499 2572 5570 subjecta
2606 5507 2754 5557 sunt.
2787 5513 2851 5552 ac
2881 5512 3044 5551 manu
3077 5501 3522 5554 contrectantur,
