3930 6324
405 264 538 329 1H3

1577 270 1637 328 S.
1682 267 1970 327 ΜΑΧΙΜΙ
2013 267 2524 333 CONFESSORIS

3559 275 3703 332 1:44

403 379 575 435 Deum
615 386 672 432 ut
723 385 1009 434 auctorem
1057 393 1393 448 cognoscere
1425 379 1622 447 possit.
1655 378 1758 444 Qui
1795 389 1981 433 autem

2103 395 2241 434 τκειν
2272 383 2350 446 ὡς
2371 382 2547 438 αἴτιον
2573 400 2585 414 ·
2635 384 2664 436 ό
2696 383 2751 436 δὲ
2792 382 3143 450 ἀποφατικῶς
3173 382 3236 435 ὲκ
3286 381 3396 434 τῶν
3451 379 3699 452 ἀφαιρέ-

401 470 713 525 miicianter
753 485 817 524 ex
859 469 1248 539 negationibus
1297 469 1366 524 de
1409 469 1522 524 Deo
1557 469 1823 538 loquitur,
1875 483 1993 522 ser-

401 578 620 616 monem
676 563 932 631 spiritum
985 561 1136 628 facit,
1190 561 1343 616 velut
1376 561 1430 615 in
1484 561 1756 631 principio
1790 561 1988 625 Deum,

401 668 465 706 ac
501 651 646 722 apud
697 653 909 717 Deum;
952 653 1046 722 qui
1083 653 1188 707 rite
1229 668 1297 708 ex
1329 652 1482 707 nullo
1514 667 1743 721 prorsus
1773 666 1989 713 eorum,

399 759 522 811 quae
550 744 810 814 cognosci
855 754 1108 814 possunt,
1141 745 1321 814 ipsum
1351 758 1518 812 supra
1549 757 1714 812 quam
1741 742 1990 812 ignotum

399 834 574 904 probe
615 844 935 906 cognoscat.

471 927 558 983 40.
597 927 702 994 Qui
751 928 1215 998 patriarcharum,
1247 943 1402 983 more
1440 926 1676 982 actionis
1730 925 1880 979 cultu
1929 939 1993 979 ac

400 1021 903 1089 contemplationis,
970 1021 1026 1074 in
1093 1020 1215 1090 ipso
1270 1019 1604 1074 exsistentes
1653 1017 1877 1072 virtutis
1927 1029 1994 1071 ac

400 1111 645 1166 scientiae
675 1119 873 1182 puteos
919 1112 1077 1166 novit
1123 1111 1336 1178 fodere,
1367 1112 1516 1165 intus
1552 1110 1832 1165 Christum
1873 1108 1994 1162 fon—

401 1212 511 1258 tem
554 1204 680 1258 vitae
719 1205 987 1268 offendet,
1043 1220 1111 1259 ex
1154 1219 1264 1274 quo
1298 1203 1579 1273 Sapientia
1627 1202 1788 1273 jubet
1818 1210 1879 1256 ut
1908 1201 1994 1256 bi-

400 1294 616 1358 bamus,
651 1295 845 1350 dicens
871 1295 1038 1350 aBibe
1071 1312 1236 1366 aquas
1271 1296 1337 1349 de
1371 1297 1511 1349 vasis
1544 1296 1666 1359 tuis,
1699 1303 1747 1347 et
1778 1294 1841 1346 de
1861 1310 1994 1348 vena

399 1396 679 1455 puteorum
736 1396 952 1442 tuorum
987 1389 1064 1455 '9;
1099 1388 1272 1458 'quod
1319 1387 1452 1441 dum
1507 1385 1824 1448 fecerimus,
1873 1385 1994 1455 ejus

400 1479 544 1533 intra
582 1495 684 1536 nos
721 1480 1052 1536 exsistentes
1103 1481 1393 1536 thesauros
1457 1479 1824 1533 inveniemus.

468 1656 558 1711 41.
600 1655 706 1723 Qui
731 1657 1021 1712 brutarum
1048 1655 1415 1710 animantium
1445 1669 1620 1720 more,
1656 1651 1993 1708 demerendo

399 1746 750 1800 solummodo
801 1746 992 1802 sensui
1041 1747 1210 1800 vitam
1267 1745 1584 1810 instituunt,
1637 1744 1831 1816 grandi
1887 1743 1991 1798 sibi

399 1837 650 1904 periculo
690 1853 1008 1891 sermonem
1059 1851 1282 1891 carnem
1348 1837 1592 1903 faciunt;
1641 1837 1738 1906 qui
1792 1851 1992 1906 nempe

401 1936 464 1981 ut
496 1930 793 1983 affectibus
838 1944 903 1982 ac
939 1927 1160 1982 libidini
1216 1941 1426 1982 morem
1477 1937 1671 1998 gerant
1720 1927 1922 1983 creatis
1962 1942 1994 1982 a

403 2021 513 2073 Deo
561 2020 900 2084 abutantur;
959 2035 1063 2074 nec
1116 2020 1420 2089 sapientiae,
1457 2036 1580 2090 quae
1631 2021 1689 2076 in
1733 2020 1992 2075 erunibus

403 2109 612 2174 elucet,
657 2109 929 2164 rationem
991 2110 1368 2176 considerent,
1427 2120 1488 2166 ut
1519 2111 1692 2168 Deum
1752 2127 1822 2166 ex
1873 2113 1992 2182 ejus

399 2202 670 2271 operibus
722 2211 1064 2273 cognoscant
1093 2219 1158 2258 ac
1190 2203 1523 2270 clarificcnt;
1553 2203 1987 2273 intelligantque,

393 2284 568 2358 'unde,
601 2306 665 2346 ac
713 2292 870 2361 quid,
927 2293 981 2346 in
1031 2308 1264 2362 quemve
1309 2291 1497 2357 finem,
1548 2308 1612 2346 ac
1656 2307 1766 2360 quo
1816 2298 1875 2344 ut
1907 2290 1989 2344 fe-

399 2397 610 2448 ramur,
646 2399 748 2452 per
786 2397 850 2438 ea
885 2398 1007 2454 qum
1044 2383 1223 2438 oculis
1261 2384 1558 2452 conspicua
1599 2393 1747 2446 sunt,
1779 2381 1989 2437 conditi

397 2468 608 2536 simus;
640 2469 738 2524 sed
777 2471 835 2524 in
873 2471 1120 2526 tenebris
1173 2479 1351 2526 totum
1380 2471 1527 2540 quod
1560 2473 1774 2542 agimus
1819 2486 1991 2525 saecu-

397 2563 511 2616 lum
546 2562 914 2628 ambulantes,
961 2564 1133 2618 solam
1177 2563 1276 2618 Dei
1321 2562 1688 2632 ignorantiam
1717 2563 1986 2617 ambabus

397 2655 655 2709 manibus
702 2656 948 2726 palpent.

466 2749 555 2802 4'2.
583 2749 687 2814 Qui
709 2749 842 2804 solis
875 2764 1048 2804 sacrae
1073 2749 1373 2819 Scripturze
1405 2750 1592 2805 verbis
1621 2750 1862 2804 animum
1895 2748 1991 2803 ad-

398 2839 677 2918 hibentes,
708 2840 984 2909 corporali
1030 2839 1166 2909 legis
1213 2839 1365 2894 cultu
1395 2840 1561 2894 animi
1596 2839 1988 2910 ingenuitatem

397 2930 666 3002 obligant,
700 2931 1069 3001 vituperando
1098 2947 1236 2987 ausu
1269 2947 1586 2987 sermonem
1627 2932 1734 2986 sibi
1762 2945 1987 2986 carnem

2097 491 2235 526 σεων
2273 473 2561 544 θεολογῶν,
2595 476 2812 545 πνεῦμα
2840 477 2986 527 ποιεῖ
3008 474 3100 526 τὸν
3124 473 3300 541 λόγοτ,
3332 472 3411 536 ὡς
3444 474 3503 525 ἓν
3542 474 3693 545 ἀρχῇ

2094 566 2229 619 Θεὸν
2255 567 2404 632 ὅντα,
2436 567 2533 621 καὶ
2563 569 2701 638 πρὸς
2725 566 2855 620 Θεὸν
2879 566 3030 630 ὄντα,
3068 565 3127 630 ἐξ
3160 565 3377 628 οὐδενὸς
3411 566 3476 617 τὸ
3507 567 3698 634 παρά-

2094 674 2202 712 παν
2236 659 2346 712 τῶν
2372 659 2685 730 γνωσθῆναι
2710 657 3048 729 δυναμένων,
3079 655 3262 720 καλῶς
3281 653 3585 724 γινώσκων
3602 655 3698 708 τὸν

2095 750 2539 820 ὑπεράγνωστον.

2168 937 2242 1000 μ’.
2279 930 2337 982 '0
2369 927 2554 999 μαθὼν
2584 927 2873 1001 όρρύσσειν
2901 925 3046 982 κατά
3065 928 3188 992 τοὺς
3215 926 3578 997 πατριάρχας
3604 927 3692 980 διὰ

2095 1023 2348 1095 πράξεως
2378 1023 2473 1076 καὶ
2501 1021 2736 1092 θεωρίας
2770 1021 2838 1074 τὰ
2890 1022 2948 1074 ὲν
2991 1019 3141 1091 αὐτῷ
3189 1023 3289 1090 τῆς
3342 1019 3557 1090 ἀρετῆς
3598 1019 3692 1072 καὶ

2093 1113 2194 1183 τῆς
2222 1113 2479 1182 γνώσεως
2503 1113 2737 1184 φρέατα,
2773 1110 2866 1163 τὸν
2891 1109 3130 1181 Χριστὸν
3154 1108 3302 1163 ἔνδον
3326 1109 3562 1180 εὑρήσει

2094 1205 2274 1277 πηγὴν
2301 1206 2402 1276 τῆς
2439 1205 2586 1275 ζωῆς
2619 1221 2635 1236 ⁸
2671 1203 2764 1274 ἀφ’
2794 1197 2862 1275 ἦς
2893 1203 3070 1256 πίνειν
3100 1203 3246 1272 ἡμᾶς
3273 1203 3307 1272 ἡ
3365 1200 3534 1267 σοφία
3585 1217 3692 1252 πα-

2099 1295 2472 1367 ρακελεύεται,
2523 1296 2763 1364 λέγουσα
2787 1308 2802 1325 ⁶
2842 1295 2990 1349 Πίνε
3024 1293 3214 1348 ὕδατα
3249 1292 3372 1348 ἀπὸ
3403 1292 3542 1346 σῶά)⁴⁵
3581 1293 3692 1360 ἁγ-

2095 1390 2289 1459 γείων,
2321 1389 2418 1442 καὶ
2442 1388 2562 1442 ἀπὸ
2593 1387 2723 1441 σῶν
2743 1386 3014 1455 φρεάτων
3035 1385 3256 1454 πηγῆς·
3291 1385 3433 1454 ὅπερ
3466 1384 3692 1436 ποιοῦν-

2097 1499 2204 1546 τες,
2229 1481 2541 1552 εὑρήσομεν
2566 1479 2712 1533 ἔνδον
2735 1478 2896 1550 ἡμῶν
2939 1477 3100 1540 ὄντας
3120 1477 3247 1540 τοὺς
3267 1477 3439 1547 αὐτῆς
3475 1475 3692 1546 θησαυ-

2097 1591 2244 1645 ρους.

2170 1671 2280 1736 μα’.
2319 1664 2380 1717 Οί
2411 1662 2702 1734 κτηνωδῶς
2741 1662 2880 1733 πρὸς
2924 1661 3094 1732 μόνην
3123 1660 3223 1729 τὴν
3257 1658 3520 1727 αἴσθησιν
3545 1657 3689 1722 ζῶν-

2093 1776 2206 1824 τες,
2242 1756 2562 1826 ἐπισφαλῶς
2607 1757 2825 1818 ἑαυτοῖς
2855 1755 3038 1823 σάρκα
3087 1750 3297 1806 ποιοῦσι
3350 1751 3444 1803 τὸν
3501 1750 3687 1816 λόγον’

2094 1852 2176 1914 είς
2202 1849 2508 1920 ὑπηρεσίαν
2539 1848 2638 1919 μὲν
2678 1845 2891 1910 παθῶν,
2931 1845 3045 1908 τοῖς
3085 1843 3180 1896 τοῦ
3212 1840 3348 1895 Θεοῦ
3387 1840 3689 1910 καταχρώ-

2097 1960 2246 2015 μενοι
2271 1941 2565 2011 κτίσμασι·
2601 1939 2694 1992 τὸν
2725 1939 2783 1991 δὲ
2814 1938 2916 2007 τῆς
2943 1935 3135 2006 σοφίας
3151 1935 3250 2005 τῆς
3270 1935 3440 1987 πᾶσιν
3470 1934 3688 2004 ἐμφαιο

2093 2031 2423 2103 νομένης,οὐ
2443 2026 2831 2090 κατανοοῦντες
2860 2027 3041 2094 λόγον,
3100 2025 3237 2096 πρὸς
3260 2023 3321 2077 τὸ
3348 2023 3562 2092 γνῶναι
3587 2022 3691 2076 καὶ

2091 2124 2314 2191 δοξάσαι
2340 2123 2429 2176 τὸν
2453 2121 2586 2175 Θεὸν
2615 2123 2678 2174 ὲκ
2703 2118 2813 2172 τῶν
2837 2115 3004 2172 αὑτοῦ
3031 2117 3350 2187 ποιημάτων
3379 2133 3392 2145 ·
3422 2115 3524 2168 καὶ
3560 2131 3688 2166 συνῆ

2097 2217 2232 2271 ιέναι
2283 2214 2469 2278 πόθεν,
2503 2214 2599 2266 καὶ
2627 2212 2702 2276 τί,
2739 2211 2834 2264 καὶ
2861 2209 3104 2273 ὲπὶτίνι,
3138 2208 3231 2261 καὶ
3264 2205 3370 2258 ποῦ
3410 2206 3685 2276 φέρεσθαι

2091 2309 2180 2362 διά
2210 2308 2318 2360 τῶν
2347 2306 2643 2376 ὁρωμένων
2665 2303 2972 2372 γεγόναμεν
3002 2317 3016 2331 ο
3067 2300 3183 2352 ἀλλ’
3233 2300 3291 2350 ἐν
3347 2297 3537 2350 σκότει
3591 2297 3684 2349 τὸν

2093 2399 2265 2454 αἰῶνα
2297 2397 2486 2450 τοῦτον
2512 2393 2984 2465 διαπορευόμενοι,
3020 2391 3188 2462 μόνην
3217 2390 3318 2461 τὴν
3371 2389 3509 2460 περὶ
3551 2389 3684 2442 Θεὸν

2093 2492 2296 2561 ἀμφοῖν
2323 2489 2442 2542 ταῖν
2467 2489 2648 2557 χεροῖν
2681 2483 3010 2556 ψηλαφῶσιν
3037 2480 3332 2551 ἀγνωσίαν.

2168 2757 2374 2831 μβο..οι
2404 2756 2551 2826 μόνῳ
2589 2751 2666 2823 τῷ
2699 2750 2850 2824 ρητῷ
2872 2751 2974 2818 τῆς
3019 2747 3179 2818 ἁγίας
3207 2745 3441 2818 Γραφῆς
3494 2761 3679 2815 παρα-

2091 2853 2415 2922 καθήμενοι,
2436 2848 2528 2902 καὶ
2549 2848 2615 2917 τῇ
2649 2844 2936 2914 σωματικῇ
2960 2842 3054 2894 τοῦ
3094 2843 3262 2909 νόμου
3307 2837 3541 2907 λατρεία
3589 2836 3681 2889 δε-

2093 2943 2355 3013 σμοῦντες
2381 2941 2484 3009 τῆς
2507 2935 2685 3009 ψυχῆς
2706 2933 2767 2986 τὸ
2794 2932 3032 3003 ἀξίωμα,
3059 2929 3276 3000 ψεκτῶς
3293 2929 3542 2981 ποιοῦσιν
3559 2929 3682 2978 ἑαυ-

395 3023 645 3090 faeiunt;
687 3023 767 3077 sic
819 3023 1103 3088 nimirum,
1162 3033 1224 3078 ut
1271 3026 1562 3081 brutarum
1618 3023 1980 3089 animantium

2103 3037 2198 3097 τοῖς
2231 3030 2528 3103 σάρκαιτὸν
2557 3028 2714 3096 λόγον
2747 3042 2760 3054 -
2795 3024 3007 3092 ἀλόγων
3040 3023 3193 3088 ζώων
3227 3021 3445 3083 θυσίαις
3485 3020 3680 3088 εὐαρε-

395 3113 637 3169 victimis
682 3115 860 3169 Deum
912 3116 1179 3170 delectari
1213 3117 1563 3181 existiment;
1591 3115 1846 3170 homines
1874 3114 1985 3168 sci—

395 3204 552 3270 licet,
601 3204 697 3273 qui
741 3207 965 3274 corpori
1023 3207 1273 3261 exterius
1321 3207 1610 3263 lustrando
1656 3221 1765 3260 non
1810 3207 1986 3260 levem

399 3313 592 3351 curam
645 3297 970 3362 adhibeant,
1002 3298 1173 3352 animi
1206 3313 1340 3353 vero
1373 3299 1870 3368 pulchritudinem,
1905 3299 1988 3351 vi-

400 3390 605 3443 tiorum
640 3389 873 3444 maculis
913 3389 1252 3458 compuncti,
1294 3390 1604 3461 negligant;
1635 3391 1793 3461 cujus
1821 3405 1986 3446 causa

398 3480 580 3535 omnis
635 3495 824 3535 rerum
867 3480 1044 3536 oculis
1073 3481 1448 3551 subjectarum
1495 3483 1672 3536 virtus
1720 3480 1988 3551 producta

397 3578 504 3633 est,
554 3570 848 3638 omnisque
899 3571 1121 3624 divinus
1172 3585 1354 3624 sermo
1387 3585 1451 3624 ac
1503 3571 1591 3624 lex
1627 3571 1795 3624 edita.

468 3663 557 3717 4'5.
600 3663 661 3716 in
697 3663 913 3716 ruinam
959 3670 1016 3718 et
1057 3663 1522 3718 resurrectionem
1574 3663 1875 3717 multorum
1933 3663 1987 3717 in

398 3756 603 3815 lsraele
649 3755 890 3825 positum
935 3771 1057 3811 esse
1109 3756 1423 3821 Dominum,
1482 3764 1717 3812 testatur
1769 3771 1988 3812 sacrum

399 3849 757 3920 Evangelium
802 3851 840 3902 ¹.
907 3850 1070 3922 495
1137 3851 1337 3906 Animo
1389 3851 1557 3922 igitur
1609 3851 1983 3915 attendamus,

397 3960 532 3999 num
571 3944 626 3997 in
677 3959 870 4000 eorum
920 3943 1143 4014 quidem
1197 3945 1436 4008 ruinam,
1483 3945 1579 4013 qui
1627 3944 1740 3999 sola
1792 3959 1989 3998 sensus

296 4025 300 4028 ’
397 4036 576 4109 gratia
635 4045 889 4090 naturam
935 4037 1110 4092 oculis
1151 4037 1458 4108 subjectam
1507 4044 1864 4096 contuentur,
1895 4050 1989 4090 eo-

397 4146 637 4200 rumque
669 4129 763 4198 qui
795 4129 928 4184 solis
955 4128 1262 4200 Scripturae
1286 4129 1474 4185 verbis
1503 4127 1752 4191 luerent;
1783 4127 1986 4196 quippe

396 4223 492 4292 qui
537 4236 635 4290 per
678 4219 974 4274 amentiam
1003 4235 1067 4274 ac
1111 4219 1497 4284 stoliditatem,
1530 4217 1598 4272 ad
1623 4231 1828 4272 novum
1859 4231 1986 4286 gra-

396 4317 489 4370 tiae
515 4313 771 4384 spiritum
811 4311 1048 4366 transire
1083 4327 1194 4366 non
1225 4313 1482 4378 valeant;
1523 4309 1985 4366 resurrectionem

2093 3127 2334 3183 στεῖσθαι
2371 3125 2682 3195 νομίζοντες
2707 3122 2799 3177 τὸν
2848 3120 2982 3174 Θεόν
3011 3135 3024 3148 ·
3075 3112 3158 3178 οἷς
3206 3114 3344 3167 πολὺ
3395 3113 3459 3165 τὸ
3520 3110 3678 3180 σῶμα

2090 3213 2502 3284 πεφρόντισται,
2535 3212 2645 3274 τοῖς
2683 3210 2838 3272 ἐκτὸς
2875 3205 3195 3275 καθαρσίοις
3219 3221 3232 3234 ·
3276 3205 3374 3272 τῆς
3414 3201 3472 3254 δὲ
3502 3199 3676 3269 ψυχῆς

2092 3305 2478 3377 παρημέληται
2507 3304 2568 3356 τδ
2591 3303 2807 3365 κάλλος,
2836 3302 2959 3362 ταῖς
2982 3299 3091 3351 τῶν
3122 3295 3313 3350 παθῶν
3343 3294 3534 3365 κηλίσι
3563 3309 3676 3344 στι-

2092 3398 2318 3468 ζόμενον
2349 3412 2363 3426 °
2391 3395 2527 3465 ὑπὲρ
2555 3390 2641 3466 ἦς,
2671 3396 2702 3463 ἡ
2737 3395 2890 3446 πᾶσα
2917 3390 3026 3444 τῶν
3047 3389 3343 3459 ὁρωμένων
3371 3381 3644 3455 aps-65611}

2090 3488 2575 3560 ταιδύναμις,καἰ
2609 3489 2718 3549 πᾶς
2759 3485 2921 3554 λόγος
2971 3485 3113 3545 θεῖος
3164 3481 3258 3534 καὶ
3305 3480 3475 3548 νόμος
3521 3475 3672 3530 €16!-

2090 3581 2257 3634 δοται.

2169 3678 2278 3743 μγ’.
2306 3671 2399 3734 Εἰς
2439 3671 2648 3722 πτῶσιν
2695 3669 2790 3722 καὶ
2843 3667 3141 3721 ἀνάστασιν
3196 3661 3412 3716 πολλῶν
3466 3659 3676 3713 κεῖσθαι

2091 3767 2180 3818 τὸν
2217 3763 2420 3835 Κύριον
2453 3763 2602 3829 λέγει
2632 3761 2692 3813 τὸ
2728 3761 2884 3828 ἅγιον
2921 3757 3277 3824 Εὑαγγέλιον.
3307 3752 3523 3806 Οὐκοῦν
3554 3766 3674 3802 σκο-

2091 3857 2376 3926 πὴσωμεν,
2426 3853 2620 3924 μήπως
2656 3854 2738 3916 εἰς
2788 3851 2996 3904 πτῶσιν
3039 3850 3159 3918 μὲν,
3193 3847 3302 3899 τῶν
3324 3862 3382 3897 τε
3415 3844 3550 3914 πρὸς
3585 3842 3677 3912 p.6-

2089 3963 2187 4016 νην
2217 3944 2316 4014 τὴν
2347 3942 2600 4014 αἴσθησιν
2622 3942 2721 4012 τὴν
2755 3939 3043 4012 ὁρωμένην
3085 3935 3440 4007 θεωρούντων
3475 3933 3676 3996 κτίσιν,

2090 4041 2184 4090 καὶ
2210 4037 2318 4089 τῶν
2347 4036 2493 4106 μόνῳ
2523 4034 2600 4105 τῷ
2634 4033 2786 4106 ρητῷ
2813 4031 3171 4102 στοιχούντων
3211 4029 3314 4098 τῆς
3339 4027 3504 4093 ἁγίας
3535 4026 3677 4095 Γρα-

2091 4131 2197 4198 φῆς
2221 4144 2236 4160 ’
2271 4126 2346 4189 ὡς
2387 4125 2463 4196 μὴ
2487 4125 2799 4194 δυναμένων
2833 4122 2970 4193 πρὸς
2995 4121 3058 4173 τὸ
3095 4120 3282 4174 καινὸν
3316 4116 3536 4185 πνεῦμα
3566 4115 3680 4168 δια-

2091 4219 2248 4289 ϐῆναι
2286 4219 2386 4288 τῆς
2430 4217 2654 4287 χάριτος
2694 4213 2784 4267 διὰ
2815 4213 2912 4284 τὴν
2965 4212 3151 4266 ἄνοιαν
3179 4226 3195 4242 ο
3244 4209 3552 4262 ἀνάστασιν
3600 4203 3676 4266 δὲ,

2088 4309 2197 4364 τῶν
2219 4307 2606 4379 πνευματικῶς
2632 4306 2704 4360 τά
2724 4321 2782 4359 τε
2810 4305 3090 4374 κτίσματα
3133 4300 3229 4353 τοῦ
3275 4298 3414 4352 Θεοῦ
3471 4297 3567 4350 καὶ
3612 4294 3677 4347 τὲ

395 4421 529 4461 vero
591 4420 810 4467 eorum,
857 4404 952 4473 qui
1016 4403 1252 4473 spiritali
1301 4399 1516 4458 ratione
1572 4411 1690 4456 tum
1733 4417 1822 4457 res
1872 4402 1984 4457 Deo

2103 4404 2158 4474 δή
2169 4419 2313 4472 ματα
2342 4401 2693 4471 θεωρούντων
2714 4416 2775 4451 τε
2803 4397 2897 4450 καὶ
2924 4393 3252 4452 ἀκουόντων,
3286 4392 3382 4444 καὶ
3414 4391 3530 4451 τοῖς
3547 4385 3678 4439 καθ-

397 4505 624 4553 auctore
652 4496 927 4560 conditas,
955 4503 1072 4549 tum
1095 4497 1217 4566 ejus
1249 4496 1420 4550 verba
1441 4496 1794 4567 conspiciunt
1821 4505 1988 4566 atque

395 4587 667 4653 audiunt;
713 4585 956 4654 hincque
1001 4583 1141 4639 adeo
1184 4584 1286 4638 soli
1324 4585 1527 4640 divinae
1573 4585 1821 4656 imagini,
1863 4599 1986 4654 quae

397 4680 456 4735 in
494 4679 681 4733 animo
731 4677 959 4743 residet,
991 4677 1250 4747 congruis
1279 4677 1530 4732 moribus
1560 4692 1749 4733 curam
1775 4678 1988 4748 impen-

399 4770 561 4823 dunL

469 4863 559 4917 44.
599 4859 757 4936 Quod
793 4859 870 4914 ita
911 4859 1180 4930 scriptum
1222 4869 1328 4925 est,
1364 4861 1606 4930 positum
1637 4874 1760 4916 esse
1801 4859 1988 4915 Domi-

394 4967 530 5008 num
574 4952 632 5006 in
678 4949 897 5004 ruinam
941 4959 998 5005 et
1051 4951 1519 5007 resurrectionem
1576 4951 1876 5005 multorum
1931 4949 1988 5004 in

393 5045 619 5110 lsraele,
665 5043 710 5098 si
767 5043 820 5097 in
868 5043 1052 5098 laudis
1103 5052 1320 5113 partem
1365 5045 1544 5099 solum
1601 5040 1987 5112 intelligatur,

397 5136 457 5191 in
479 5136 697 5190 ruinam
721 5134 1103 5204 accipiendum
1136 5143 1250 5188 tum
1282 5134 1544 5190 vitiorum
1577 5143 1632 5188 ct
1671 5133 1987 5198 libidinum,

395 5239 516 5286 tum
550 5241 843 5299 pravarum
871 5225 1269 5297 cogitationum
1301 5227 1356 5280 in
1407 5225 1637 5296 singulis
1671 5224 1986 5294 quibusque

395 5321 675 5385 ﬁdelium;
727 5319 1192 5374 resurrectionem
1246 5334 1378 5373 vero
1418 5318 1710 5382 virtutum,
1740 5317 1985 5386 piarum-

397 5428 506 5484 que
540 5413 788 5468 omnium
834 5426 896 5468 ac
945 5412 1320 5481 religiosarum
1368 5410 1784 5481 cogitationum.

467 5504 556 5560 45.
598 5504 701 5569 Qui
730 5518 916 5558 rerum
944 5502 1291 5557 solummodo
1343 5502 1739 5571 generabilium
1774 5519 1838 5557 ac
1867 5519 1986 5558 cor-

479 5667 520 5695 μ’
544 5677 689 5734 Prov
740 5681 906 5743 ν,15.
971 5682 984 5710 ¹
1024 5681 1156 5734 Luc.
1197 5698 1256 5746 ιι,
1292 5683 1360 5738 3i

2091 4501 2291 4571 ήκουσι
2326 4497 2550 4569 τρόποις
2589 4494 2754 4564 μόνης
2810 4492 2910 4562 τῆς
2952 4489 3092 4543 κατὰ
3118 4487 3297 4558 ψυχὴν
3343 4484 3498 4546 θείας
3540 4478 3678 4534 εἰκό-

2093 4606 2181 4654 νος
2212 4585 2679 4658 ἐπιμελουμένων.

2165 4863 2266 4934 μδ’.
2307 4861 2399 4928 Τὸ,
2436 4857 2650 4912 κεῖσθαι
2697 4856 2788 4909 τὸν
2839 4853 3042 4926 Κύριον
3080 4852 3163 4915 εἰς
3210 4849 3424 4904 πτῶσιν
3468 4845 3679 4902 πολλῶν

2091 4960 2184 5012 καὶ
2204 4957 2501 5011 ἀνάστασιν
2527 4953 2583 5005 ἐν
2613 4953 2689 5023 τῷ
2727 4948 2965 5022 Ἰσραὴλ,
2999 4945 3302 5007 ὲπαινετῶς
3337 4945 3501 5014 μόνον
3533 4940 3678 4995 vso-.3-

2095 5066 2275 5121 μενον,
2313 5048 2393 5109 εἰς
2411 5044 2620 5097 πτῶσιν
2664 5043 2762 5112 μὲν
2785 5042 3005 5102 νοεῖται,
3047 5037 3156 5091 τῶν
3205 5036 3266 5086 ἐν
3303 5033 3526 5100 ἑκάστῳ
3571 5029 3681 5081 τῶν

2093 5139 2458 5194 πιστευόντων
2493 5135 2600 5189 τῶν
2641 5131 2828 5187 παθῶν
2855 5149 2917 5184 τε
2945 5131 3040 5184 καὶ
3068 5127 3324 5198 πονηρῶν
3354 5123 3637 5195 λογισμῶν
3661 5135 3677 5149 ·

2092 5233 2389 5286 ἀνάστασιν
2421 5227 2498 5292 δὲ,
2550 5225 2658 5279 τῶν
2721 5221 2930 5295 ἀρετῶν
2987 5221 3084 5275 καὶ
3143 5219 3348 5280 παντὸς
3401 5211 3681 5285 θεοφιλοῇ

2087 5324 2369 5394 λογισμοῦ.

2165 5513 2265 5576 με’.
2309 5505 2371 5556 Ὀ
2417 5500 2576 5574 μόνον
2616 5499 2724 5553 τῶν
2749 5499 2810 5551 ἐν
2837 5494 3046 5566 γενέσει
3077 5492 3172 5546 καὶ
3210 5489 3392 5562 φθορᾷ
3425 5489 3683 5559 δημιουρ·
