3930 6324
126 335 266 400 1145

933 325 1270 386 CAPITUM
1307 321 1582 383 THEOL.
1622 322 1717 382 ET
1754 320 1990 383 (ECON.
2030 320 2422 383 CENTURIA
2458 321 2538 383 II.

3237 326 3370 392 1146

121 450 218 521 τὸν
243 447 477 520 νομίζων
508 445 598 500 τὸν
627 443 854 514 Κύριον,
900 441 981 504 είς
1005 437 1283 509 κηπουρὸν
1314 435 1477 489 αὑτὸν
1509 449 1692 502 παρα-

1795 433 2146 502 ruptibilium
2193 442 2478 490 auctorem
2523 431 2821 489 Dominum
2869 447 2992 488 esse
3051 431 3379 501 arbitratur,

121 541 392 613 γνωρίζει,
450 539 588 592 κατὰ
633 537 732 608 τὴν
775 531 1142 602 Μαγδαληνὴν
1166 529 1405 599 Μαρίαν.
1437 525 1528 579 Διὸ
1557 524 1692 596 πρὸς

121 635 380 706 ὠφέλειαν
402 632 591 700 φεύγει
622 631 718 683 τοῦ
752 627 991 681 τοιούτου
1023 625 1121 693 τὴν
1153 623 1300 691 ἁφὴν
1337 623 1364 673 ὁ
1393 619 1692 688 Δεσπότης,

125 725 289 795 μήπω
312 723 440 791 παρ’
480 717 630 789 αὐτῷ
670 717 916 786 δυνηθεὶς
953 712 1220 781 ἀναϐῆναι
1268 709 1405 780 πρὸς
1438 707 1532 761 τὸν
1583 707 1696 759 Πα-

122 815 270 886 τέρα,
299 813 472 882 λέγων
502 829 515 842 ·
555 809 652 876 Μή
681 826 800 879 μου
835 807 1051 862 ἅπτου.
1093 801 1356 856 Γινώσκει
1398 798 1509 870 γὰρ
1562 797 1692 868 βλά-

125 905 381 968 πτεσθαι,
443 904 536 957 τὸν
583 902 720 973 μετὰ
768 899 1022 969 τοιαύτης
1068 893 1218 966 αύτῷ
1256 891 1694 964 προσερχόμενον

121 997 499 1066 ταπεινοτέρας
516 992 856 1065 προλήψεως.

193 1254 308 1328 μς’.
355 1257 418 1310 Οἱ
459 1255 549 1308 διὰ
584 1253 675 1307 τὸν
735 1253 896 1322 φόϐον
939 1250 1049 1304 τῶν
1106 1249 1372 1310 Ἰουδαίων
1415 1265 1560 1303 κατα
1593 1247 1692 1318 τήν

122 1348 410 1403 Γαλιλαίαν
453 1345 528 1416 (d)
561 1347 618 1398 ἐν
652 1345 729 1415 τῷ
764 1341 998 1412 ὑπερῴῳ
1033 1341 1346 1405 κλείσαντες
1383 1340 1482 1403 τὰς
1521 1340 1694 1410 θύρας

122 1437 419 1509 καθήμενοι
446 1449 461 1466 ⁶
491 1435 760 1497 τουτέστι,
789 1436 839 1486 ot
864 1433 951 1486 διὰ
981 1432 1069 1486 τὸν
1102 1431 1264 1498 φόϐον
1297 1431 1406 1484 τῶν
1448 1431 1692 1500 πνευμά-

122 1547 228 1584 των
251 1529 352 1598 τῆς
387 1527 677 1599 πονηρίας,
710 1525 852 1579 κατὰ
896 1524 996 1594 τὴν
1040 1522 1224 1593 χώραν
1262 1522 1370 1576 τῶν
1411 1521 1692 1576 ἀποκαλύ-

120 1623 283 1694 ψεων,
314 1621 372 1674 ἐν
400 1620 481 1690 τῷ
514 1617 639 1688 ὕψει
670 1617 778 1670 τῶν
822 1613 979 1668 θείων
1018 1614 1391 1685 θεωρημάτων
1435 1611 1693 1681 ἀσφαλῶς

122 1713 436 1785 βεϐηκότες,
469 1709 650 1780 θυρῶν
693 1708 848 1778 δίκην
899 1705 1167 1778 μύσαντες
1209 1705 1308 1768 τὰς
1363 1705 1647 1776 αἰσθήσεις
1673 1745 1688 1769 ,

1794 524 1973 580 instar
2015 525 2201 581 Mariae
2259 527 2614 598 Magdalenaa,
2649 527 2797 581 circa
2830 541 2957 580 eum
2996 525 3050 579 in
3096 525 3379 581 hortulani

1792 619 1980 685 specie
2034 617 2330 686 decipitur.
2360 617 2574 672 Idcirco
2613 618 2789 672 etiam
2837 615 3105 671 Dominus
3138 616 3193 670 id
3251 631 3381 686 spe-

1792 715 1951 762 etans
2003 709 2153 778 quod
2197 709 2334 764 utile
2389 709 2483 774 sit,
2533 709 2678 779 tangi
2719 724 2779 763 se
2825 717 2983 764 cavet
3043 709 3112 762 ab
3167 724 3236 764 eo
3284 710 3380 778 qui

1791 800 2064 870 ejusmodi
2115 809 2219 865 est,
2255 801 2400 870 quod
2459 801 2693 855 necdum
2726 801 2876 856 illius
2913 801 3279 856 aestimatione
3315 817 3381 856 ac

1791 905 1958 946 sensu
1999 892 2300 947 ascendere
2332 893 2399 946 ad
2439 895 2657 948 Patrem
2696 895 2961 963 potuerit,
2999 894 3228 947 dicens:
3257 891 3381 947 Noli

1792 997 1875 1035 me
1929 990 2146 1053 tangere
2193 983 2236 1038 ³.
2282 983 2398 1040 Scit
2441 985 2589 1039 enim
2634 985 2755 1039 fore
2789 993 2852 1039 ut
2886 984 3119 1039 laedatur
3146 985 3379 1038 damno-

1790 1086 1900 1141 qne
1932 1070 2218 1137 aﬂiciatur,
2265 1074 2360 1142 qui
2401 1074 2595 1127 humili
2650 1074 2739 1128 illa
2796 1083 3067 1142 occupato
3117 1071 3381 1143 opinione

1790 1163 2050 1218 laborans
2091 1164 2156 1218 ad
2196 1179 2322 1219 eum
2371 1167 2683 1238 accesserit.

1865 1256 1953 1309 46.
1995 1254 2098 1321 Qui
2140 1256 2212 1309 ob
2259 1264 2466 1310 metum
2499 1257 2813 1311 Iudaeorum
2844 1256 2898 1310 in
2934 1255 3153 1311 Galilaea
3185 1254 3241 1308 in
3269 1269 3382 1309 ete-

1790 1345 1990 1400 naculo
2034 1345 2220 1414 januis
2261 1347 2463 1402 clausis
2501 1347 2697 1401 sedent
2732 1349 2774 1411 ³,
2808 1345 2916 1402 hoc
2947 1357 3054 1410 est,
3099 1348 3194 1417 qui
3227 1353 3378 1400 metu

1792 1434 2085 1502 spirituum
2123 1435 2419 1504 nequitiae,
2467 1437 2522 1489 in
2575 1437 2974 1492 revelationum
3022 1437 3268 1506 regione,
3323 1436 3378 1490 in

1793 1524 2018 1579 sublimi
2065 1524 2381 1580 divinorum
2427 1541 2716 1580 sensorum
2751 1543 2815 1582 ac
2852 1529 3377 1598 contemplationum

1792 1632 1917 1673 arce
1946 1625 2066 1671 tuto
2115 1618 2446 1683 consistunt,
2479 1620 2683 1674 clausis
2732 1622 3022 1691 januarum
3063 1636 3217 1676 more
3247 1637 3380 1676 sen-

1795 1704 1980 1769 sibus;
2005 1705 2081 1769 hi,
2118 1704 2302 1776 ignota
2333 1706 2567 1771 ratione,
2607 1706 2989 1762 advenientem
3025 1708 3121 1762 Dei
3159 1708 3381 1762 Sermo-

120 1803 555 1874 παραγινόμενον
614 1799 906 1868 ἀγνώστως
961 1799 1208 1868 δέχονται
1261 1797 1351 1850 τὸν
1407 1796 1501 1850 τοῦ
1553 1795 1689 1848 Θεοῦ

1793 1812 1918 1851 nem
1954 1796 2283 1866 suscipiunt,
2320 1798 2531 1868 absque
2587 1799 2698 1852 ulla
2735 1815 2932 1854 sensus
2962 1800 3282 1870 operatione
3319 1815 3380 1855 se

120 1892 311 1964 Λόγον,
343 1895 474 1948 ἄνευ
506 1895 604 1962 τῆς
628 1893 748 1946 κατ’
778 1890 1030 1959 αἴσθησιν
1056 1889 1332 1961 ἐνεργείας
1354 1889 1535 1951 αὐτοῖς
1568 1890 1691 1942 ἐπι-

120 1985 485 2054 φαινόμενονο
529 1980 799 2043 ἀπάθειάν
842 1997 901 2033 τε
943 1979 1031 2032 διὰ
1056 1979 1155 2049 τῆς
1191 1979 1434 2048 εἰρήνης,
1469 1977 1564 2031 καί
1601 1995 1696 2047 με-

121 2077 350 2146 ρισμοὺς
407 2072 726 2143 Πνεύματος
771 2073 926 2140 ἁγίου
971 2071 1060 2124 διὰ
1097 2070 1196 2139 τῆς
1218 2070 1568 2140 ἐμπνεύσεως
1594 2068 1696 2122 δω-

122 2164 379 2235 ρούμενον
415 2177 431 2192 ⁸
466 2165 563 2216 καὶ
582 2164 684 2231 τὴν
722 2161 862 2215 κατὰ
896 2160 1220 2230 πνευμάτων
1260 2157 1512 2228 πονηρῶν
1543 2156 1694 2222 ἐξου-

121 2255 236 2308 σίαν
264 2254 600 2324 παρέχοντα,
638 2253 732 2306 καὶ
755 2252 1068 2305 δεικνύοντα
1107 2247 1214 2302 τῶν
1261 2245 1428 2301 αὑτοῦ
1490 2261 1695 2314 μυστη-

121 2345 249 2414 ρίων
271 2344 340 2397 τὰ
363 2342 633 2413 σύμϐολα.

191 2433 296 2504 μζ.
327 2435 457 2495 Τοῖς
491 2433 591 2504 μέν
617 2431 759 2484 κατὰ
789 2430 966 2501 σάρκα
987 2429 1076 2482 τὸν
1103 2428 1232 2499 περὶ¹
1256 2425 1350 2480 τοῦ
1377 2425 1510 2480 Θεοῦ
1535 2426 1694 2494 λόγον

119 2526 437 2594 ἐρευνῶσιν,
468 2525 496 2576 ό
522 2523 725 2592 Κύριος
754 2522 854 2575 οὐκ
877 2520 1154 2574 ἀναϐαίνει
1177 2519 1312 2588 πρὸς
1339 2517 1429 2570 τὸν
1451 2517 1689 2587 Πατέρα·

116 2617 225 2678 τοῖς
255 2615 311 2668 δὲ
345 2614 488 2667 κατὰ
521 2613 736 2684 πνεῦμα
785 2613 873 2666 διὰ
909 2611 1017 2665 τῶν
1057 2609 1276 2680 ὑψηλῶν
1322 2608 1693 2679 θεωρημάτων

116 2705 442 2775 ἐκζητοῦσιν
462 2705 646 2765 αὑτὸν,
682 2703 960 2756 ἀναϐαίνει
988 2702 1122 2772 πρὸς
1166 2701 1258 2753 τὸν
1313 2699 1552 2770 Πατέρα.
1598 2698 1691 2768 Μὴ

114 2798 292 2850 τοίνυν
322 2797 410 2850 διὰ
445 2795 645 2858 παντὸς
672 2796 962 2865 κρατῶμεν
994 2793 1164 2855 κάτω,
1203 2793 1293 2845 τὸν
1343 2791 1484 2859 ὑπὲρ
1533 2790 1691 2860 ἡμῶν

116 2889 264 2943 κάτω
292 2888 383 2942 διὰ
412 2885 824 2957 φιλανθρωπίαν
853 2884 1179 2954 γενόμενον·
1229 2881 1344 2934 ἀλλ’
1393 2882 1505 2934 ἄνω
1556 2881 1692 2951 πρὸς

113 2981 202 3034 τὸν
235 2981 460 3050 Πατέρα
492 2979 589 3030 σὺν
618 2976 766 3046 αὐτῷ
807 2975 1115 3045 γενώμεθα,
1161 2975 1258 3050 τὴν
1305 2974 1412 3043 γῆν
1465 2973 1692 3040 ἀφέντες

113 3072 206 3124 καὶ
244 3070 316 3124 τὰ
360 3069 489 3139 napi.
525 3068 623 3136 τήν
665 3069 788 3137 γῆν,
827 3066 914 3121 ίνα
950 3065 1024 3136 μὴ
1053 3066 1149 3118 καὶ
1180 3066 1310 3136 ἡμῖν
1343 3065 1474 3136 είπῃ
1499 3064 1558 3116 τὸ
1589 3065 1691 3134 ρη-

119 3159 202 3215 οὲν
250 3163 366 3223 τοῖς
438 3159 710 3220 Ἰουδαίοις
760 3156 1104 3229 ἀδιορθώτοις
1135 3157 1402 3227 μείνασιν,
1453 3153 1688 3225 Ὑπάγω
1716 3147 1760 3208 C

114 3251 262 3319 ὅπου
291 3249 464 3320 ὑμεῖς
494 3251 566 3303 οὐ
613 3248 886 3302 δύνασθε
942 3247 1158 3300 ἐλθεῖν.
1201 3247 1384 3318 Χωρίς
1435 3247 1544 3316 γὰρ
1592 3245 1686 3298 τοῦ

114 3345 307 3413 Λόγου,
342 3342 481 3413 πρὸς
507 3342 597 3394 τὸν
625 3341 843 3411 Πατέρα
868 3338 962 3392 τοῦ
1013 3340 1189 3408 Λόγου
1234 3338 1507 3407 γενέσθαι,
1545 3337 1689 3408 ἀμή-

112 3452 290 3506 χανον.
533 3435 538 3450 ¹

183 3534 295 3598 μη’.
339 3526 408 3580 Ἦ
437 3526 515 3596 γῆ
546 3525 654 3578 τῶν
682 3524 966 3578 Χαλδαίων
989 3524 1156 3589 ἐστὶν,
1183 3525 1211 3576 ὁ
1239 3521 1493 3594 ἐμπαθὴς
1523 3520 1636 3592 βίος
1668 3535 1682 3553 ⁸

116 3619 167 3672 ὲν
200 3613 245 3688 ᾧ
282 3621 391 3673 τῶν
434 3619 846 3689 ἁμαρτημάτων
878 3617 1287 3688 δημιουργεῖται
1319 3615 1416 3667 καὶ
1442 3629 1686 3682 προσκυ-

109 3714 276 3763 νεῖται
305 3712 373 3766 τὰ
397 3711 614 3763 εἴδωλα.
651 3711 713 3761 'll
751 3709 808 3762 δέ
856 3711 1010 3778 Μέση
1050 3708 1160 3760 τῶν
1207 3707 1466 3776 ποταμῶν
1515 3708 1683 3768 ἐστιν,

109 3801 137 3852 ὁ
161 3804 443 3872 ἐπαμφοτε
455 3799 617 3872 ρίζων
639 3803 752 3864 τοῖς
781 3799 1042 3861 ἐναντίοις
1065 3799 1281 3868 τρόπος.
1320 3797 1386 3849 Ἦ
1411 3797 1467 3850 δὲ
1492 3797 1563 3867 γῆ
1587 3795 1687 3864 τῆς

109 3893 443 3960 ἐπαγγελίας
498 3892 667 3957 ἐστὶν,
719 3893 752 3960 ἡ
807 3889 1005 3953 παντὸς
1037 3888 1245 3956 ἀγαθοῦ
1279 3887 1686 3958 πεπληρωμένη

109 3986 470 4048 κατάστασις.
507 3985 619 4045 Πᾶς
669 3981 762 4038 οὖν
815 3987 843 4037 ὁ
887 3983 1089 4052 ταύτης
1137 3980 1277 4034 κατὰ
1329 3980 1420 4033 τὸν
1463 3979 1688 4033 παλαιὸν

121 4071 336 4145 Ἰσραὴλ
373 4074 596 4144 ἀμελῶν
639 4075 738 4144 τῆς
778 4072 945 4138 ἕξεως
1004 4071 1136 4144 (10),
1165 4073 1298 4142 πρὸς
1321 4069 1562 4123 δουλείαν
1584 4070 1688 4123 πά-

106 4165 188 4220 λιν
231 4165 603 4234 κατασύρεται
659 4166 868 4229 παθῶν,
921 4164 1019 4235 τῆς
1073 4163 1320 4234 δοθείσης
1376 4161 1688 4232 ἐλευθερίας

111 4259 298 4330 στερού
309 4275 495 4328 μενος.

181 4352 286 4422 μθ⁹.
321 4351 691 4423 Σημειωτέον,
720 4350 795 4415 ὡς
827 4349 1000 4414 οὐδεὶς
1035 4349 1144 4404 τῶν
1203 4349 1374 4418 ἁγίων
1425 4349 1687 4413 ἑκουσίως

1793 1889 1904 1943 illis
1973 1888 2332 1958 conspicuum
2381 1890 2728 1954 reddentem,
2779 1891 3042 1960 pacisque
3105 1891 3378 1946 acclama-

1792 1981 1944 2035 tione
1983 1981 2190 2035 sedatis
2213 1982 2502 2036 all‘ectibus
2528 1982 3102 2052 imperturbationcm,
3162 1999 3380 2038 necnon

1788 2072 2184 2136 insulilatione,
2222 2072 2462 2143 Spiritus
2502 2075 2672 2129 sancti
2708 2075 3134 2130 distributiones
3161 2075 3378 2130 donan-

1793 2169 1943 2227 tem,
2006 2163 2382 2231 adversusque
2445 2163 2676 2232 spiritus
2745 2179 2981 2234 nequam
3042 2173 3376 2234 potestatem

1792 2254 2150 2323 praebentem,
2186 2269 2251 2308 ac
2284 2255 2672 2326 mysteriorum
2710 2270 2940 2310 suorum
2984 2255 3230 2326 symbola
3278 2269 3378 2310 ex-

1793 2346 2100 2401 bibentem.

1861 2438 1950 2492 47.
1991 2437 2096 2504 Qui
2133 2436 2346 2492 carnali
2383 2437 2620 2499 ratione,
2649 2453 2772 2507 qua:
2794 2438 2862 2493 de
2890 2437 3004 2492 Deo
3033 2445 3140 2504 est,
3171 2437 3380 2496 doctri-

1790 2542 1919 2580 nam
1979 2535 2318 2590 scrutantur,
2376 2525 2464 2580 his
2520 2527 2788 2581 Dominus
2852 2527 2920 2581 ad
2994 2527 3211 2582 Patrem
3262 2544 3375 2582 non

1790 2618 2072 2682 ascendit;
2107 2617 2176 2672 iis
2198 2633 2330 2672 vero
2358 2619 2452 2687 qui
2477 2619 2711 2688 spiritali
2743 2622 2956 2674 ratione
2987 2636 3089 2690 per
3115 2621 3377 2676 sublimia

1790 2723 1952 2762 sensa
2000 2708 2182 2778 ipsum
2233 2709 2551 2778 exquirunt,
2613 2710 2681 2766 ad
2722 2711 2942 2766 Patrem
2971 2712 3241 2766 ascendit.
3276 2711 3379 2767 Ca—

1789 2812 2016 2853 veamus
2074 2815 2204 2870 ergo
2257 2814 2327 2853 ne
2385 2815 2604 2870 semper
2649 2801 2705 2854 in
2762 2809 2908 2856 terra
2958 2802 3122 2872 inque
3173 2803 3378 2858 intimis

1789 2905 1917 2945 eum
1967 2898 2273 2954 teneamus,
2307 2891 2405 2960 qui
2448 2899 2677 2960 propter
2713 2907 2815 2946 nos
2839 2893 3100 2946 clementi
3131 2893 3378 2949 bonitate

1791 2981 1849 3034 in
1894 2989 2098 3034 terram
2131 2981 2457 3047 descendit;
2522 2982 2617 3036 sed
2669 2998 2887 3037 sursum
2924 2983 2990 3037 ad
3026 2984 3242 3040 Patrem
3296 2985 3377 3041 illi

1790 3083 2021 3127 comites
2052 3073 2241 3128 relicta
2283 3073 2450 3145 496
2480 3083 2630 3129 terra
2679 3091 2742 3130 ac
2773 3091 2895 3144 quae
2941 3083 3161 3131 terrena
3220 3086 3371 3143 sunt,

1789 3163 2172 3226 ascendamus,
2214 3180 2282 3218 ne
2327 3164 2489 3219 nobis
2539 3167 2771 3234 perinde
2836 3183 2899 3221 ac
2955 3167 3178 3232 Judaeis,
3247 3183 3375 3224 cum

1788 3254 1928 3308 nihil
1973 3255 2258 3309 emendati
2291 3264 2498 3321 essent,
2543 3256 2732 3313 dicat:
2780 3258 2944 3323 Vada,
2986 3276 3088 3330 quo
3120 3276 3207 3314 vos
3269 3277 3376 3315 non

1788 3347 2004 3417 potestis
2067 3349 2246 3400 venire
2290 3347 2333 3400 ‘.
2388 3349 2502 3403 Nisi
2554 3351 2702 3404 enim
2759 3339 3046 3406 Sermonis
3113 3369 3238 3424 ope,
3305 3354 3376 3410 ad

1788 3437 2070 3492 Sermonis
2114 3438 2333 3493 Patrem
2381 3441 2570 3496 venire
2620 3443 2848 3496 minimc
2907 3457 3231 3498 concessum
3267 3453 3372 3500 est.

1857 3529 1946 3584 48.
1985 3529 2372 3585 Chaldaeorum
2414 3540 2581 3597 terra,
2622 3534 2734 3588 vita
2769 3544 2855 3589 est
2899 3534 3272 3605 vitiisvdcdita
3320 3543 3378 3590 et

1787 3624 2101 3692 libidinosa,
2148 3628 2204 3681 in
2253 3643 2362 3697 qua
2417 3628 2765 3684 fabricantur
2809 3639 2864 3686 et
2909 3631 3212 3685 adorantur
3247 3645 3378 3701 pee-

1788 3728 2035 3772 eatorum
2081 3719 2248 3772 idola.
2302 3712 2696 3790 Mesoliotamia
2752 3733 2960 3787 autem,
3019 3739 3203 3778 mores
3247 3731 3377 3778 sunt

1788 3809 2078 3862 contrariis
2107 3811 2412 3887 commistis
2438 3811 2728 3880 ancipites.
2768 3813 2941 3867 Terra
2969 3815 3212 3884 denique
3241 3831 3375 3885 pro-

1789 3902 1974 3966 missa,
2028 3909 2203 3956 status
2246 3903 2409 3957 bonis
2453 3905 2714 3958 omnibus
2764 3905 3066 3962 confertus.
3112 3909 3374 3978 Quisquis

1789 4008 1919 4062 ergo
1943 4009 2094 4048 more
2122 3994 2325 4048 veteris
2365 3995 2585 4050 lsraelis
2611 3997 2823 4050 huncce
2847 3997 3097 4054 habitum
3123 4003 3372 4073 negligit,

1789 4084 1843 4138 in
1879 4085 2138 4140 vitiorum
2180 4103 2375 4143 rursus
2419 4105 2482 4143 ac
2523 4089 3004 4159 perturbationum
3047 4093 3374 4147 servitutem

1791 4176 2047 4244 trahitur,
2090 4178 2313 4246 amissa,
2354 4197 2518 4250 quam
2570 4181 2884 4234 libertatem
2928 4181 3110 4238 fuerat
3175 4199 3371 4240 conse-

1722 4336 1726 4342 ι
1787 4278 1971 4324 cutus.

1778 4398 1786 4404 υ
1858 4362 1946 4416 49.
1981 4361 2396 4418 Observandum
2424 4372 2527 4429 est,
2565 4380 2673 4418 non
2711 4363 2889 4420 videri
2921 4373 3239 4422 sanctorum
3269 4367 3370 4422 ali-

107 4444 351 4512 φαίνεται
374 4442 657 4498 κατελθὼν
677 4446 758 4506 εἰς
783 4443 883 4512 τὴν
906 4443 1268 4497 Βαϐυλωνίαν.
1291 4444 1364 4496 Οὐ
1385 4443 1492 4514 γὰρ
1508 4442 1683 4512 θέμις,

1793 4470 1953 4524 quem
2011 4453 2191 4524 ipsum
2238 4463 2434 4525 sponte
2490 4456 2546 4510 in
2605 4457 2939 4528 Babylonem
2995 4459 3368 4516 descendisse.

105 4531 228 4584 οὔτε
251 4532 520 4595 συνέσεώς
552 4535 666 4585 ἐστι
692 4533 953 4604 ⁴λογωιιῆς,
994 4533 1102 4585 τῶν
1141 4533 1360 4601 ἀγαθῶν
1410 4533 1684 4604 ἀνθαιρεῖ-

112 4624 232 4677 σθαι
263 4625 332 4678 τὰ
370 4625 613 4696 χείρονα,
649 4626 774 4690 τοὺς
811 4627 901 4679 τὸν
933 4626 1066 4680 Θεὸν
1115 4627 1461 4694 ἀγαπῶντας.
1515 4628 1578 4678 EE
1627 4625 1682 4678 δέ

107 4731 248 4779 τινες
273 4717 456 4769 αὐτῶν
483 4717 626 4770 κατὰ
655 4718 776 4788 βίαν
814 4720 932 4771 ἐκεῖ
974 4719 1050 4790 τῷ
1083 4707 1198 4790 λαῷ
1233 4718 1678 4790 συναπήχθησαν,

110 4806 333 4877 νοοῦμεν
384 4808 472 4863 διὰ
523 4808 726 4863 τούτων
779 4811 905 4872 τοὺς
959 4811 1032 4880 μὴ
1067 4811 1510 4880 προηγουμένως,
1544 4810 1681 4864 ἀλλὰ

108 4898 248 4953 κατὰ
274 4902 594 4973 περίστασιν
628 4900 720 4972 (ε),
759 4902 1034 4974 σωτηρίας
1075 4902 1260 4955 ἕνεκεν
1298 4902 1407 4955 τῶν
1449 4903 1682 4974 χρῃζόν-

194 5051 390 5110 ’Joan.
419 5011 512 5121 xit,
554 5056 642 5110 17.
719 5055 740 5088 ³
773 5011 908 5111 ibid.
940 5055 1028 5112 i9.
1106 5056 1128 5087 ‘
1150 5055 1310 5110 Joan.
1334 5073 1450 5124 vm,
1486 5055 1576 5112 21.

182 5185 451 5262 MK“?
474 5187 589 5255 τὴν
617 5188 973 5262 Fugit/lmen
996 5187 1160 5243 Gesta
1201 5188 1318 5243 haec
1365 5187 1682 5262 Hierosoly-

109 5255 245 5321 mis,
269 5257 385 5325 ipsa
412 5258 855 5312 Resurreetionis
882 5257 1090 5328 die,iet
1116 5267 1240 5328 post
1270 5273 1390 5313 eam
1440 5255 1641 5315 octava'
1663 5301 1678 5327 ,

109 5341 212 5380 nec
228 5335 354 5397 ante
382 5329 613 5397 apostoli
635 5329 894 5382 videntur
917 5329 973 5382 in
995 5327 1270 5383 Galilaeam
1291 5331 1633 5384 concessisse
1663 5373 1677 5393 ,

108 5397 254 5468 quod
279 5396 512 5468 Marcus,
538 5400 697 5468 cujus
741 5405 827 5468 est
879 5397 1027 5452 istud
1058 5407 1243 5466 caput,
1294 5399 1446 5454 illius
1481 5417 1675 5468 νηπτι-

109 5464 242 5528 κῶν,
273 5466 360 5529 17,
392 5483 503 5521 non
531 5464 664 5524 satis
690 5467 908 5522 videtur
941 5464 1280 5522 attend—isse:
1329 5471 1446 5524 sive
1495 5464 1675 5526 noluit

110 5532 378 5590 Maximus
393 5538 711 5601 emendare,
745 5538 860 5609 sive
888 5538 968 5591 illi
999 5539 1190 5609 arrisit
1213 5538 1374 5593 Marci
1394 5540 1676 5609 allegoria,

109 5617 233 5672 quae
269 5613 453 5679 tamen
483 5609 808 5679 nitigdebuit
834 5607 951 5679 ipsa
977 5607 1056 5679 rei
1095 5616 1261 5679 gesta:
1310 5607 1561 5679 veritate.
1613 5623 1676 5666 ut

109 5681 259 5746 esset
277 5676 524 5746 probata.
550 5678 623 5730 Τὸ
644 5680 701 5730 ἐν
731 5676 806 5746 τῷ
825 5676 1078 5746 ὑπερῴῳ,
1105 5676 1253 5746 Quod
1279 5677 1460 5731 reddit
1489 5679 1673 5744 Picus,

109 5741 162 5796 in
183 5741 441 5812 tabulato,
467 5747 694 5802 minime
718 5741 914 5818 placet.
934 5741 1218 5804 Cinhaéuli
1242 5760 1367 5816 vox,
1387 5749 1503 5818 ipsa
1526 5741 1670 5820 apta,

1791 4545 1980 4614 Neque
2024 4545 2170 4599 enim
2211 4545 2294 4601 fas
2331 4555 2435 4613 est,
2495 4563 2595 4602 evc
2661 4548 2894 4604 rationis
2928 4551 3245 4619 prudentia,
3313 4563 3374 4607 ut

1790 4638 1886 4706 qui
1935 4638 2109 4692 Deum
2155 4639 2412 4710 diligunt,
2473 4640 2634 4694 bonis
2686 4642 3038 4710 posthabitis,
3084 4660 3198 4713 qua
3246 4654 3374 4700 sunt

1787 4727 2066 4784 deteriora
2106 4730 2210 4800 ipsi
2254 4731 2515 4802 deligant.
2565 4732 2660 4787 Sin
2707 4742 2892 4788 autem
2940 4752 3134 4791 eorum
3179 4738 3368 4809 aliqui,

1787 4831 1896 4871 una
1927 4833 2052 4872 cum
2080 4821 2285 4889 populo
2313 4821 2366 4875 vi
2406 4822 2502 4876 illo
2543 4823 2724 4877 abacti
2763 4832 2893 4878 sunt
2929 4835 3093 4896 atque
3125 4827 3368 4892 abducti,

1785 4905 1985 4963 horum
2027 4909 2201 4981 ﬁgura
2230 4911 2354 4968 illos
2383 4912 2774 4984 intelligamus,
2806 4915 2900 4984 qui
2933 4932 3046 4971 non
3075 4917 3177 4987 ipsi
3204 4919 3373 4974 desti-

1783 5203 2144 5275 sacroq~ueet
2163 5194 2395 5275 profano
2418 5213 2522 5252 usu
2551 5210 2772 5275 recepta
2786 5219 2812 5275 _;7
2835 5201 2931 5256 sed
2957 5203 3104 5273 quod
3129 5219 3367 5275 sequen-

1781 5264 1933 5340 tibus
1967 5263 2190 5340 renddit’:
2218 5265 2367 5329 Quod
2395 5285 2488 5336 per
2530 5263 2991 5340 tranquillitatem.
3014 5283 3061 5327 et
3107 5263 3358 5328 dist-ribu-

1783 5335 1976 5414 tionern
2000 5332 2238 5414 Spiritus
2279 5332 2763 5414 s_anéti_insuﬂlhits
2792 5345 2992 5412 confert
3033 5345 3368 5414 aﬂ'ectionum

1775 5405 2136 5482 vacuitatem;
2162 5405 2452 5482 nesciocui
2468 5405 2768 5482 bilen'inon
2793 5405 3027 5467 moveat.
3052 5405 3153 5468 Per
3176 5430 3366 5482 pacem

1776 5481 1833 5554 e_t
1854 5473 2281 5554 insumationem
2317 5475 2520 5554 (dando
2543 5479 2968 5554 scilicet-pacem
2989 5493 3047 5538 et
3081 5473 3369 5539 insulllan-

1778 5543 1870 5623 do)
1901 5544 2018 5623 haec
2049 5543 2287 5623 Domino
2327 5543 2614 5623 priest“;
2654 5543 2795 5604 data'
2838 5554 3208 5622 tranquillitas
3262 5569 3366 5610 seu

1778 5613 2397 5694 imperturbatiotdatae
2422 5618 2660 5694 Spiritus
2690 5613 3315 5680 sancti‘dis‘tributiones
3341 5643 3365 5694 ς

1777 5699 1887 5738 ηοιι
1922 5699 2019 5753 per
2047 5683 2163 5738 hzec
2193 5683 2411 5740 dicatur
2443 5683 2770 5745 insuﬂlasse.

1852 5753 1921 5825 (ιε)
1965 5753 2138 5808 Ἀλλὰ
2164 5755 2730 5833 κατὰ-,περίστασιικ
2756 5763 2946 5834 Μαῖα,
2974 5781 3096 5838 cap.
3119 5759 3222 5825 '19-
3250 5760 3359 5836 θυι
