3930 6324
540 294 669 363 ιιι-ι

1709 297 1769 356 S.
1805 295 2088 356 MAXIMI
2122 294 2627 355 CONFESSORIS

3680 304 3801 364 lli;

541 419 666 465 nata
728 409 1034 476 voluntate,
1094 411 1193 466 sed
1231 427 1363 469 casu
1393 410 1578 483 aliquo
1636 427 1702 466 ac
1756 411 2107 475 necessitate,

2246 429 2320 463 ων
2351 397 2740 481 χειραγὼγίας,
2773 409 3008 478 ἀφέντας
3043 411 3134 464 τὸν
3161 410 3513 482 ὑψηλότερον
3542 413 3801 483 τῆς-γὼ-

542 515 731 555 eorum
755 501 944 555 salutis
969 516 1134 557 causa
1162 503 1258 573 qui
1281 503 1422 559 duce
1446 510 1644 574 egeant
1667 519 1731 557 ac
1754 508 2109 572 praeceptore,

543 591 853 647 sublimiori
892 593 1136 649 scientiae
1168 609 1419 650 sermone
1453 596 1721 666 tantisper
1745 594 1969 659 omisso,
1993 608 2115 663 qua:

543 681 613 735 de
641 681 791 737 vitiis
817 691 900 737 est
936 692 994 738 et
1029 684 1342 751 affectibus,
1373 696 1751 756 exsequuntur
1786 686 2112 741 doctrinam.

544 769 792 841 Hincque
827 774 967 829 adeo
1005 785 1091 830 est
1123 791 1222 833 cur
1246 784 1303 831 et
1338 792 1571 848 magnus
1598 777 1894 847 Apostolus
1927 777 2117 833 utilius

545 860 875 931 iudicaverit
901 879 1024 919 esse
1060 866 1117 919 in
1142 880 1308 921 carne
1337 867 1639 939 (immorari
1666 868 1877 922 scilicet
1901 882 2118 922 morum

547 951 815 1008 doctrinae
851 954 908 1008 in
937 954 1333 1025 discipulorum
1359 956 1617 1029 gratiam)
1650 972 1774 1011 cum
1813 964 1930 1012 toto
1969 956 2119 1012 desi-

548 1042 708 1097 derio
758 1050 975 1113 optaret
1010 1061 1076 1100 ea
1109 1047 1339 1113 exsolvi,
1384 1061 1448 1101 ac
1487 1063 1587 1117 per
1624 1048 2120 1117 supermundanam

549 1132 965 1204 simplicemque
988 1137 1191 1192 mentis
1224 1138 1764 1208 contemplationem,
1806 1153 1931 1193 cum
1958 1138 2123 1194 Chri—

549 1228 635 1274 sto
672 1224 881 1277 versari
918 1224 964 1279 ⁸.
2006 1240 2011 1245 ’

621 1312 709 1367 50.
751 1314 1223 1381 Quemadmodum
1286 1316 1529 1384 Saulem,
1602 1329 1836 1391 augente
1887 1323 2125 1394 maligno

555 1404 776 1471 spiritu,
803 1406 1001 1463 beatus
1040 1410 1210 1464 David
1243 1411 1469 1480 pulsans
1515 1410 1804 1477 citharam,
1852 1414 2125 1482 psallens-

556 1506 664 1560 que
728 1492 948 1550 levabat
988 1496 1043 1561 ';
1093 1496 1173 1551 sic
1209 1504 1265 1551 et
1301 1498 1481 1553 omnis
1511 1498 1770 1567 spiritalis
1800 1514 2002 1566 sermo,
2041 1517 2127 1557 sa-

556 1580 838 1648 pientibus
885 1582 1173 1653 doctisque
1210 1584 1389 1639 sensis
1423 1599 1487 1639 ac
1536 1585 1893 1641 theorematis
1937 1587 2128 1642 condi-

2215 519 2352 564 σεως
2401 503 2578 570 λόγον,
2622 502 2718 555 καὶ
2748 501 2847 572 τὴν
2881 503 3008 573 περὶ
3030 502 3217 555 παθῶν
3250 503 3721 573 μετερχομένους
3735 504 3805 557 δι-

2212 591 2508 646 δασκαλίαν
2536 605 2553 621 ’
2607 592 2730 645 καθ’
2777 592 2843 664 ἢν
2898 594 2995 645 καὶ
3041 594 3070 645 6
3125 592 3297 662 μέγας
3359 593 3707 657 Ἀπόατολος
3754 598 3801 647 ὲν

2216 685 2381 754 σαρκὶ
2404 683 2839 755 λυσιτελέστερον
2889 682 3103 753 ἔκρινεν
3151 678 3290 735 εἶναι
3324 699 3342 713 ⁸
3408 685 3700 744 τουτέστι,
3744 687 3801 752 τῇ

2213 775 2377 844 ὴθικῇ
2407 773 2742 844 διδασκαλίᾳ,
2770 773 2860 828 διὰ
2898 774 3026 835 τοὺς
3056 772 3304 843 μαθητάς
3332 790 3350 804 ·
3382 772 3515 825 ὅλον
3552 772 3699 842 ἔχω’*
3724 774 3804 823 τὸν

2216 861 2381 915 πόθον
2442 860 2707 915 ἀναλῦσαι
2757 861 2856 930 τῆς
2906 860 3105 931 ἠθικῆς
3149 860 3537 925 διδασκαλίας,
3591 864 3693 915 καὶ
3720 864 3803 915 σὺν

2216 952 2437 1023 Χριστῷ
2465 952 2740 1021 γενέσθαι,
2787 951 2880 1006 διὰ
2920 952 3021 1022 τῆς
3063 951 3207 1006 κατὰ
3241 951 3371 1007 νοῦν
3416 953 3800 1023 ὑπερκοσμίω

2218 1046 2314 1098 καὶ
2345 1044 2521 1116 άπλῆς
2554 1045 2805 1115 θεωρίας.

2289 1314 2354 1362 ν’.
2395 1308 2609 1377 Ὠσπερ
2658 1305 2981 1375 πνιγόμενον
3025 1302 3105 1373 τῷ
3148 1302 3375 1375 πονηρῷ
3404 1303 3697 1372 πνεύματι
3724 1300 3809 1356 τὸν

2220 1399 2409 1462 Σαοὺλ,
2435 1398 2652 1467 ψάλλων
2686 1397 2826 1468 μετὰ
2858 1396 2958 1465 τῆς
3005 1394 3264 1465 κιννύρας
3304 1394 3603 1447 ἀνέπαυεν
3640 1396 3673 1447 6
3713 1411 3807 1461 μαι

2222 1492 2413 1562 κάριος
2457 1490 2619 1543 Δαϐίδ
2651 1505 2667 1525 υ
2714 1487 2859 1542 οὕτω
2906 1486 2998 1542 καὶ
3051 1488 3159 1549 πᾶς
3201 1486 3364 1553 λόγος
3411 1486 3807 1555 πνευματικῶς,

2223 1584 2542 1649 γνωστικοῖς
2584 1581 2911 1653 ήδυνόμενος
2958 1579 3331 1649 θεωρήμασιν,
3389 1576 3677 1631 ἀναπαύει
3726 1576 3807 1627 τὲιτ

557 1675 666 1733 tus,
698 1671 855 1738 quasi
883 1671 1078 1726 morbo
1101 1671 1315 1728 sontico
1338 1672 1676 1728 laborantem
1704 1673 1849 1729 levat
1880 1675 2125 1729 animum

2246 1671 2722 1743 ιπιληπτευόμενον
2742 1669 2892 1737 νοῦν,
2937 1672 3036 1740 τῆς
3073 1668 3379 1739 πνιγούσης
3422 1667 3602 1722 αὑτὸν
3651 1684 3813 1735 πονη-

552 1763 718 1825 atque
770 1767 1004 1825 recreat,
1042 1760 1112 1815 ab
1149 1769 1383 1832 augente
1415 1776 1544 1817 eum
1598 1763 1742 1818 mala
1791 1765 2127 1821 conscientia

2246 1765 2332 1826 acii;
2363 1762 2662 1833 ἐλευθερῶν
2685 1763 3067 1831 συνειδήσεως.

556 1846 823 1905 liberans.

628 1940 716 1994 51.
755 1940 951 1997 Colore
986 1938 1288 2001 rufuscum
1315 1945 1602 2001 oculorum
1639 1955 1945 2013 venustate,
1981 1947 2129 2002 haud

557 2042 717 2085 secus
750 2045 815 2085 ac
835 2046 1065 2102 magnus
1088 2035 1282 2100 David,
1312 2037 1530 2092 exsistit
1549 2038 1593 2102 ⁷,
1624 2038 1721 2107 qui
1756 2053 1880 2093 cum
1912 2038 2037 2094 vitae
2062 2054 2131 2093 ex

557 2119 760 2175 divinis
789 2122 1100 2179 rationibus
1131 2123 1397 2180 institutae
1436 2126 1709 2191 claritate,
1743 2128 1987 2182 scientiae
2012 2143 2131 2183 ser-

559 2224 778 2264 monem
814 2225 922 2267 una
960 2212 1288 2268 allucentem
1334 2214 1611 2283 adiungit;
1663 2214 1865 2284 quibus
1900 2216 2133 2286 geminis

558 2300 704 2355 actio
761 2302 1017 2358 consistit
1051 2312 1109 2358 et
1146 2305 1575 2374 contemplatio:
1616 2304 1710 2360 illa
1738 2305 1983 2375 quidem,
2023 2307 2135 2360 vir-

560 2399 742 2447 tutum
778 2395 1038 2464 praeclare
1089 2395 1269 2451 modis
1306 2396 1530 2465 nitens;
1560 2397 1677 2453 haec
1722 2412 1874 2463 vero,
1929 2398 2141 2456 divinis

559 2483 739 2539 sensis
772 2500 837 2539 ac
868 2486 1230 2557 conceptibus
1261 2488 1672 2558 splendescens.

631 2576 723 2632 52.
753 2576 933 2633 Saulis
974 2594 1222 2650 regnum,
1267 2581 1569 2651 corporalis
1620 2581 1757 2652 legis
1787 2581 1971 2637 cultus
1994 2598 2136 2652 pra:-

562 2664 670 2719 t'crt
709 2664 1030 2735 imaginem;
1064 2682 1226 2736 quem
1267 2668 1535 2725 Dominus
1571 2668 1871 2739 abrogavit,
1897 2684 1965 2724 eo
1989 2669 2136 2739 quod

563 2754 700 2808 nulli
752 2764 1042 2824 praestaret
1092 2755 1255 2827 497
1300 2757 1726 2813 absolutionem.
1770 2758 1917 2813 Nihil
1965 2760 2132 2825 enim,

561 2845 762 2915 inquit,
798 2848 868 2902 ad
894 2848 1181 2919 perfectum
1199 2849 1418 2905 adduxit
1443 2850 1528 2906 lea:
1541 2851 1585 2906 ⁸.
1616 2851 1792 2923 Magni
1822 2861 2004 2909 autem
2038 2853 2140 2908 Da-

566 2938 706 2994 vidis
746 2954 995 3010 regnum,
1036 2938 1208 3011 ﬁgura
1239 2950 1327 3001 est
1354 2943 1537 2999 cultus
1570 2943 1907 3014 evangelici;
1935 2943 2141 3014 quippe

2300 1944 2402 1993 να’.
2434 1936 2732 2009 Πυῤῥάκης
2763 1936 2903 2006 μετὰ
2925 1934 3155 1998 κάλλους
3181 1932 3495 2003 ὀφθαλμῶν
3526 1934 3653 1986 ἐστι
3685 1932 3811 1985 κατᾶ

2229 2033 2320 2086 τὸν
2356 2032 2525 2100 μέγαν
2553 2029 2719 2084 Δαόὶδ
2743 2029 2878 2098 (ll),
2910 2029 2938 2081 6
2986 2027 3063 2097 τῷ
3106 2025 3318 2096 φαιδρῷ
3350 2024 3453 2078 τοῦ
3499 2025 3650 2078 κατὰ
3694 2024 3811 2077 Θεὸν

2235 2125 2374 2195 βίου,
2404 2124 2496 2176 τὸν
2527 2123 2630 2191 τῆς
2661 2120 2913 2189 γνώσεως
2939 2120 3095 2185 λόγον
3115 2118 3252 2186 ἔχων
3296 2118 3809 2185 συνεπιλάμποντι·

2233 2215 2354 2270 καθ’
2382 2213 2476 2277 οὓς
2502 2215 2535 2283 ἠ
2569 2212 2766 2284 πρᾶξίς
2794 2230 2853 2265 τε
2891 2211 2986 2264 καὶ
3035 2211 3069 2280 ή
3119 2208 3324 2280 θεωρία
3371 2208 3809 2278 συνεστήκασιν

2235 2310 2267 2378 ή
2304 2308 2423 2378 μὲν,
2453 2305 2663 2376 ἁρὲτῶν
2684 2300 3112 2374 λαμπρυνομένη
3140 2301 3371 2373 τρόποις
3396 2317 3412 2331 ·
3448 2302 3485 2368 ή
3534 2299 3620 2362 δὲ,
3662 2298 3809 2361 θείοις

2235 2399 2576 2469 φωτιζομένη
2601 2396 2886 2466 νοήμασιν.

2304 2582 2405 2654 νβ’.
2449 2582 2517 2635 Ἦ
2553 2580 2651 2651 μὲν
2682 2578 2776 2634 τοῦ
2806 2578 2982 2632 Σαοὺλ
3013 2578 3280 2649 βασιλεία,
3330 2581 3441 2651 τῆς
3502 2580 3813 2651 σωματικῆς

2236 2672 2329 2728 τοῦ
2355 2674 2522 2743 νόμου
2549 2670 2799 2740 λατρείας
2844 2669 2992 2723 ἐστὶν
3027 2669 3190 2722 εἰκών
3222 2686 3237 2699 ·
3275 2669 3345 2739 ἣν
3364 2672 3398 2722 6
3454 2671 3676 2740 Κύριος
3705 2688 3815 2725 κατ-

2237 2765 2502 2835 ήργησεν,
2554 2761 2630 2825 ὡς
2661 2761 2827 2832 μηδὲν
2863 2757 3251 2813 τελειώσασαν.
3284 2761 3494 2815 Οὐδὲν
3534 2764 3679 2835 γὰρ⁹
3725 2782 3811 2833 φη.

2238 2858 2345 2921 σὶν,
2379 2852 2729 2908 ἐτελείωσεν
2754 2854 2788 2905 ὁ
2808 2852 3010 2919 νόμος.
3049 2852 3116 2904 Ἦ
3136 2851 3195 2905 δὲ
3223 2850 3322 2905 τοῦ
3360 2853 3623 2922 μέγαλου
3675 2854 3813 2911 Δαῶδ

2191 2981 2197 2987 -
2243 2946 2506 3019 βασιλεία,
2532 2946 2631 3015 τῆς
2661 2943 3022 3015 εὖαγγελικῆς
3049 2945 3165 2997 ἐστι
3213 2943 3485 3013 λατρείας
3538 2944 3813 3016 προδιατῦ.

563 3027 658 3096 qui
680 3042 873 3084 omnes
909 3028 965 3083 in
998 3031 1163 3085 corde
1186 3029 1284 3086 Dei
1311 3031 1644 3088 exsistentes
1668 3033 1981 3089 voluntates
2009 3048 2138 3103 per-

2246 3054 2413 3100 πωσις
2438 3052 2454 3068 ·
2484 3034 2664 3090 πάντα
2689 3035 2799 3104 γάρ
2818 3033 2886 3087 τά
2916 3036 2974 3087 ὲν
3002 3033 3197 3105 καρδία
3224 3033 3322 3088 τοῦ
3357 3034 3508 3089 Θεοῦ
3545 3037 3814 3107 θελήματα

566 3117 709 3172 t‘ccte
741 3121 1195 3189 complectatur’.
1912 3166 1917 3167 κ

637 3208 726 3262 55.
764 3208 915 3275 Saul,
938 3219 1147 3267 naturae
1171 3211 1258 3267 lex
1289 3222 1392 3279 est,
1417 3215 1563 3269 cuia
1598 3215 1870 3285 principio
1928 3222 2140 3270 naturae

567 3296 860 3366 imperium
891 3313 921 3352 a
951 3297 1462 3367 Deogconcreditum
1491 3308 1597 3357 est.
1628 3302 1679 3356 ls
1716 3316 1882 3371 porro
1926 3318 2024 3372 per
2057 3302 2143 3356 in-

569 3388 939 3445 obedientiam
968 3388 1217 3444 divinum
1252 3395 1627 3461 transgressus
1650 3393 1990 3458 mandatum,
2017 3408 2143 3464 par-

569 3481 743 3537 cendo
768 3482 913 3551 Agag
941 3481 1052 3552 regi
1086 3480 1307 3538 Amalec
1336 3482 1464 3554 (hoc
1485 3491 1587 3547 est,
1620 3484 1888 3554 corporis)
1928 3485 2143 3554 lapsus-

570 3585 676 3639 que
706 3570 763 3623 in
785 3571 917 3625 vitia
952 3586 1017 3625 ac
1049 3571 1333 3637 libidines,
1364 3588 1539 3643 regno
1565 3575 1778 3644 eiectus
1806 3582 1890 3629 est
1919 3578 1962 3607 ιο
1987 3592 2001 3640 ;
2031 3590 2142 3645 quo

571 3663 783 3716 scilicet
852 3662 1024 3717 David
1087 3662 1347 3719 Israelem
1410 3665 1709 3735 regendum
1782 3667 2137 3737 susciperet:

572 3767 770 3822 nempe
821 3753 909 3807 lex
983 3754 1232 3823 spiritus,
1286 3754 1404 3825 ipsa
1471 3756 1632 3811 Pacis
1683 3758 1700 3777 '
1758 3772 1958 3829 parens
2021 3772 2143 3827 quae

572 3843 1050 3914 contemplationis
1072 3844 1335 3915 templum
1371 3845 1486 3901 Deo
1539 3846 1826 3918 magniﬁce
1875 3854 2140 3902 exstruat.

642 4022 731 4078 54.
752 4022 994 4089 Samuel,
1025 4022 1072 4077 si
1105 4037 1307 4078 nomen
1338 4022 1743 4092 interpreteris,
1772 4021 1866 4077 Dei
1900 4021 2145 4075 obedien-

573 4115 649 4167 tia
677 4113 898 4169 dicitur.
942 4112 1198 4180 Quandiu
1245 4129 1377 4183 ergo
1397 4128 1497 4183 per
1544 4112 1914 4168 obedientiam
1956 4112 2144 4167 Sermo

574 4203 630 4258 in
651 4203 810 4259 nobis
861 4203 1170 4259 sacerdotio
1201 4202 1470 4274 fungitur,
1530 4202 1746 4257 tametsi
1794 4202 1925 4258 Saul
1963 4201 2145 4273 Agago

573 4302 763 4364 parcat
794 4293 1039 4367 (terreno
1068 4295 1281 4350 scilicet
1318 4293 1528 4366 sensui)
1578 4296 1695 4350 zelo
1735 4303 1920 4350 tamen
1954 4310 2146 4350 accen-

2244 3127 2460 3191 τελείως
2490 3127 2754 3197 περιέχει.

2318 3215 2416 3283 νγ’.
2461 3215 2520 3268 '0
2552 3214 2741 3276 Σαοὺλ,
2770 3216 2798 3268 6
2828 3213 3055 3282 φυσικός
3083 3214 3197 3267 ἐστι
3230 3212 3399 3282 νόμος
3429 3230 3448 3244 ο
3497 3216 3529 3266 6
3567 3217 3688 3267 κατ’
3724 3215 3813 3283 ἆρ-

2244 3307 2347 3378 χὰς
2383 3305 2658 3377 κυριεύειν
2692 3305 2793 3375 τῆς
2823 3304 3040 3374 φύσεως
3067 3305 3217 3376 παρὰ
3245 3303 3343 3357 τοῦ
3377 3306 3605 3376 Κυρίου
3631 3308 3811 3377 λαχὼν.

2251 3398 2347 3460 Ὃς
2385 3395 2570 3467 ἐπειδὴ
2601 3396 2816 3468 παρέὅη
2850 3396 2949 3466 τὴν
2979 3396 3198 3465 ἐντολὴν
3233 3396 3322 3449 διὰ
3353 3398 3680 3468 παρακοῆς,
3715 3416 3813 3465 φει-

2248 3486 2480 3555 σάμενος
2523 3483 2619 3537 τοῦ
2672 3483 2846 3552 Ἀγάγ
2900 3482 3164 3552 βασιλέως
3222 3482 3481 3553 ’Δμάληκ
3514 3500 3532 3515 ’
3589 3484 3813 3536 τουτέστι

2245 3575 2339 3630 τοῦ
2365 3574 2619 3645 σώματος
2649 3589 2663 3603 °
2694 3576 2792 3629 καὶ
2819 3574 2955 3645 πρὸς
2985 3573 3055 3627 τά
3088 3572 3235 3645 πάθη
3269 3572 3622 3628 κατώλισθεν
3652 3591 3667 3602 ·
3700 3573 3810 3637 ἐξω-

2247 3667 2420 3721 θεῖται
2467 3666 2569 3735 τῆς
2616 3664 2913 3736 βασιλείας,
2965 3664 3053 3719 ἵνα
3085 3665 3376 3736 παραλάϐῃ
3416 3666 3518 3718 τὸν
3558 3663 3811 3734 Ἰσραῇλὸ

2248 3758 2412 3813 Δασίδ
2436 3774 2451 3788 ·
2484 3757 2763 3811 τουτέστιν
2796 3759 2827 3810 6
2856 3756 3019 3827 νόμος
3046 3756 3140 3809 τοῦ
3173 3755 3519 3825 πνεύματος,
3555 3755 3585 3807 6
3627 3752 3811 3822 γενικὲν

2247 3849 2349 3919 τὴν
2377 3849 2603 3920 εἰρήνην
2640 3847 2739 3918 τὴν
2784 3846 3172 3919 οἰκοδομοῦσαν
3219 3846 3545 3916 περιφανῶς
3586 3845 3669 3915 τῷ
3710 3841 3810 3910 Θεῷ

2247 3941 2339 3994 τὸν
2358 3939 2457 4010 τῆς
2485 3939 2715 4009 θεωρίας
2733 3938 2880 3993 ναόν.

2326 4026 2418 4084 νδ’.
2453 4026 2705 4098 Σαμουὴλ
2727 4025 2970 4093 ὑπακοὴ
3010 4023 3159 4079 Θεοῦ
3191 4022 3588 4095 ἑρμηνεύεται.
3623 4018 3807 4074 Οὗκοὶν

2249 4120 2354 4184 ἕως
2399 4119 2464 4174 ἂν
2506 4118 2626 4173 καθ’
2650 4117 2896 4187 ὑπακοὴν
2923 4118 2952 4170 6
2974 4117 3131 4185 λόγος
3159 4118 3216 4169 ὲν
3247 4118 3380 4185 ήμῖν
3408 4114 3697 4186 ίερατεύῃ,
3725 4110 3807 4164 xii

2253 4213 2504 4283 φεισηται
2535 4210 2629 4264 τοῦ
2671 4209 2842 4278 Ἀγὰγ
2879 4212 2907 4264 6
2954 4207 3129 4263 Σαούλ
3158 4224 3187 4271 ο,
3202 4208 3482 4271 τουτέστι,
3512 4206 3614 4259 τοῦ
3650 4200 3806 4275 χῆῐιῡῖ)

2253 4303 2598 4375 φρονήματος
2620 4317 2634 4332 ο
2670 4300 2783 4354 ἀλλ’
2817 4294 2909 4354 οὖν
2932 4300 3225 4353 ἀποκτενεῖ
3266 4295 3463 4351 τοῦτον
3515 4298 3756 4368 ζηλώσας
3785 4293 3807 4344 ὁ

575 4396 671 4440 sus
721 4385 914 4441 Sermo
962 4387 1238 4451 sacerdos,
1295 4386 1449 4440 illum
1493 4386 1717 4456 perimit
1761 4385 1825 4451 “,
1874 4385 2138 4440 animum-

2251 4395 2424 4464 ἱερεὺς
2445 4393 2634 4461 Λόγος,
2655 4393 2749 4446 καὶ
2771 4390 2994 4462 πλήττει
3023 4388 3402 4459 καταισχύνων
3419 4389 3521 4441 τὸν
3550 4389 3805 4456 causa?

576 4492 684 4546 que
734 4477 944 4545 peccati
986 4475 1212 4532 libidine
1256 4477 1563 4547 impensum
1613 4476 1992 4540 confundens,
2045 4492 2144 4532 ceu

577 4565 893 4621 divinorum
930 4575 1389 4638 transgressorem
1408 4569 1638 4639 jurium,
1681 4569 1935 4639 percellit
1959 4584 2023 4622 ac
2069 4568 2147 4622 fe-

578 4656 673 4710 rit.

646 4746 734 4800 55.
753 4745 872 4801 -Ubi
897 4747 1111 4802 animus
1131 4747 1388 4817 superbia
1415 4748 1613 4813 elatus,
1632 4748 1902 4804 doctrinm
1929 4763 2143 4803 sermo-

576 4849 727 4901 ncm,
785 4850 949 4904 aquo
994 4835 1257 4891 adversus
1313 4837 1445 4891 vitia
1499 4837 1836 4907 aﬂ‘ectusquc
1884 4836 2146 4891 inunctus

2249 4488 2460 4557 τήμονα
2480 4486 2626 4550 νοῦν,
2657 4485 2732 4550 ὠς
2757 4483 3081 4555 παραϐάτην
3101 4482 3210 4537 τῶν
3228 4481 3389 4534 θείων
3410 4480 3805 4552 δικαιωμάτων.

2318 4749 2411 4797 γε’.
2450 4743 2620 4796 Ἐπὰν
2652 4743 2679 4794 6
2707 4739 2831 4802 νοῦς
2863 4738 3332 4809 ύψηλοφρονήσας,
3356 4737 3447 4789 τδιν
3470 4738 3622 4791 κατᾶ
3645 4732 3809 4789 παθεῖν

2248 4835 2410 4888 αὑτὸν
2432 4833 2696 4905 χρίσαντα
2721 4834 2820 4902 τῆς
2845 4829 3192 4892 διδασκαλίας
3229 4828 3390 4896 λόγον
3433 4830 3483 4898 (1
3494 4829 3582 4900 Ξ),
3621 4828 3707 4881 διὰ
3727 4823 3808 4889 τῆς

634 5014 909 5086 {Philipp
981 5014 1133 5086 1,25,
1202 5015 1287 5086 fl
1333 5016 1467 5086 Reg.
1522 5031 1644 5086 xvi,
1687 5014 1777 5068 25.
1851 5015 1872 5046 ⁷
1904 5012 2038 5068 ibid.
2099 5013 2138 5066 i‘.

2255 5009 2465 5065 'llebr.
2526 5025 2620 5075 vn,
2661 5007 2746 5065 l9.
2820 5006 2885 5061 Ἰ
2920 4975 3217 5077 Reg..xvt,
3260 5005 3320 5070 1;
3378 5003 3503 5058 Act.
3563 5020 3682 5069 xm,
3734 4998 3805 5053 εἰ

581 5082 626 5115 ¹⁰
652 5084 670 5138 l
699 5082 836 5154 Reg:
858 5082 954 5149 xv,
985 5085 1040 5139 9.
1116 5084 1159 5116 ¹¹
1201 5084 1222 5139 1
1257 5085 1392 5154 ch.
1420 5082 1534 5151 'xv,
1582 5084 1668 5138 17.

654 5241 673 5261 ⁸
706 5238 911 5309 Nempe
945 5238 1272 5303 Salomonis,
1308 5238 1456 5309 quod
1494 5238 1702 5293 dictum
1756 5252 1787 5291 a
1842 5250 1977 5305 pace
2031 5248 2258 5289 nomen.

582 5395 741 5467 ponit
769 5394 867 5467 τῷ,
900 5394 1340 5467 προηγουμένως·
1367 5393 1595 5467 {legente
1613 5393 1795 5467 a_liqua
1819 5392 2144 5467 necessitate,

585 5462 697 5521 non
736 5462 880 5520 ultro
905 5462 969 5518 ac
992 5462 1265 5518 destinata
1284 5462 1595 5529 Zvoluntate.
1631 5462 1792 5518 Picus
1828 5462 2148 5531 περίστασιν

588 5536 877 5604 σωτηρίας,
896 5534 1289 5604 circumstantia
1310 5532 1541 5604 quadam
1555 5529 1980 5604 salutistproleo
2001 5529 2149 5604 quod

593 5598 1008 5673 οει,ξσωτ,ηρίας
1054 5603 1239 5673 ἕνεκεν
1254 5617 1280 5673 Α·
1320 5598 1713 5673 ὲαίιιιξενεαιιεα.
1745 5598 1840 5673 Τδ,
1872 5598 1970 5673 τὴν
2016 5598 2146 5668 περὶ

593 5670 778 5724 παθῶν
802 5669 1226 5741 μετερχομένους
1248 5671 1613 5738 διδασκαλίαν,
1640 5671 1788 5738 quod
1820 5669 2030 5735 reddit,
2064 5675 2157 5735 αι-

2253 5395 2482 5460 fectuum
2515 5389 2795 5461 disciplina
2837 5385 3111 5461 ⁸ρζᾳιτενίια
3130 5383 3336 5461 ,°_val_de
3387 5382 3671 5437 absonum
3706 5388 3811 5461 est;

2254 5454 2541 5532 ipsumque
2564 5454 2683 5529 ejus
2706 5454 2853 5532 quod
2879 5456 3094 5532 marcus
3128 5454 3505 5532 Maximosque
3536 5458 3779 5532 statuunt
3798 5486 3811 5511 ,

2254 5523 2625 5593 contrarium;
2665 5523 2907 5581 acvelut
2928 5527 3044 5579 hate
3081 5524 3194 5593 ipsa
3232 5524 3305 5576 sit
3339 5523 3696 5577 sublimioris
3720 5534 3811 5575 sel-

2255 5601 2435 5656 monis
2464 5592 2687 5655 dimiSsa
2709 5596 2955 5662 scientia,
2991 5592 3115 5648 non’
3130 5592 3208 5646 illi
3232 5593 3503 5663 opposita.
