3930 6324
99 312 264 381 1149

939 317 1271 379 (ΣΛΡΙΤΠΜ
1307 319 1580 381 THEOL.
1621 319 1716 380 ET
1755 322 1992 382 (ECON.
2035 323 2422 384 CENTURIA
2463 323 2548 384 II.

3251 329 3390 390 11.50

94 430 516 503 προσηκούσης
543 432 768 502 ἐρεύνης
823 431 1114 503 ἐπερωτῶν
1136 435 1262 504 περὶ
1290 435 1398 488 τῶν
1438 437 1706 506 ποιητέων

1811 436 2009 496 fuerat.
2039 453 2146 508 qua
2170 454 2268 507 par
2291 447 2375 492 est
2397 436 2681 506 diligentia
2727 453 2790 493 ac
2847 438 3129 494 scrutandi
3189 441 3393 494 seduli-

95 524 215 574 καὶ
271 521 334 573 οὐ
389 520 658 589 ποιητέων
693 519 984 585 παύσαιτο,
1026 525 1137 587 τοῖς
1163 524 1360 577 πάθεσι
1393 527 1610 588 παντως
1652 527 1708 589 ἐξ

99 609 357 679 ἀγνοίας
409 610 691 664 ἁλίσκεται
722 627 736 641 ·
795 610 866 663 δι’
923 605 997 664 ὧν
1043 613 1185 668 κατὰ
1232 615 1398 685 μέρος
1434 617 1527 668 τοῦ
1573 616 1708 669 Θεοῦ

99 702 518 773 χωριζόμενος,
551 703 610 754 ἐν
637 705 756 765 ταῖς
775 703 1051 768 ἀκουσίοις
1075 707 1427 776 περιστάσεσι
1461 725 1710 777 προσχω-

92 795 208 863 -ρεϊ
234 794 353 853 τοῖς
407 793 648 862 δαίμοσι,
689 793 789 863 τὴν
821 795 1028 849 κοιλίαν
1053 797 1313 850 θεοποιῶν
1339 814 1352 828 ⁸
1387 797 1595 851 ἐκεῖθεν
1621 800 1711 851 εὑ-

107 885 319 956 ρέσθαι
347 883 519 938 θέλων
554 884 662 937 τῶν
689 884 982 948 πιεζόντων
1011 887 1372 957 παράκλησιν.
1425 887 1532 940 Καὶ
1585 905 1707 940 πει-

107 977 270 1030 θέτω
300 994 358 1029 σε
391 976 584 1040 Σαοὺλ,
614 980 670 1030 ἐν
699 980 832 1032 πᾶσι
860 978 1159 1049 σύμϐουλον
1192 981 1264 1050 μὴ
1301 980 1588 1051 λαμϐάνων
1617 983 1708 1035 τὸν

106 1067 406 1138 Σαμουὴλ,
439 1065 498 1132 ἐξ
529 1069 770 1138 ἀνάγκης
796 1069 931 1140 πρὸς
961 1069 1376 1139 είδωλολατρίαν
1407 1088 1704 1141 μεταστρε-

111 1158 386 1227 φόμενος,
420 1161 514 1211 καὶ
543 1159 640 1228 τὴν
684 1159 1155 1232 Ἐγγαστρίμυθον
1185 1163 1259 1226 ὼς
1303 1163 1366 1233 δή
1417 1181 1540 1217 τινα
1575 1165 1706 1218 Θεὸν

111 1249 138 1299 ὲ
152 1267 223 1302 πε
234 1252 416 1321 ρωτᾷν
447 1252 791 1322 ἀνεχόμενος.

193 1431 309 1488 νςν.
373 1425 430 1477 '0
462 1425 550 1478 τὸν
576 1425 738 1494 ἄρτον
761 1426 1052 1498 εὐχόμενος
1072 1427 1260 1481 λαϐεῖν
1287 1427 1379 1480 τὸν
1407 1427 1702 1493 ἐπιούσιον,

112 1516 183 1567 οὐ
222 1517 442 1580 πάντως
476 1517 594 1570 ὅλον
625 1518 844 1588 δέχεται
878 1519 1057 1582 καθὼς
1091 1520 1254 1582 αὐτὸς
1285 1521 1312 1572 6
1342 1519 1504 1587 ἄρτος
1536 1519 1702 1571 ἐστίν’

115 1609 268 1664 ἀλλὰ
328 1610 510 1673 καθὼς
561 1611 722 1674 αὐτὸς
768 1614 796 1664 6
837 1613 1122 1683 δεχόμενος
1149 1611 1396 1668 δύναται.
1441 1614 1581 1666 Hic:
1607 1611 1704 1681 μὲν

114 1703 236 1773 γὰρ
281 1703 470 1758 ἑαυτὸν
507 1704 689 1758 δίδωσι
725 1708 835 1768 τοῖς
874 1705 1083 1759 αἰτοῦσι
1105 1707 1132 1758 6
1158 1705 1255 1774 τῆς
1281 1708 1427 1776 ζωῆς,
1445 1706 1604 1775 ἄρτος
1628 1704 1703 1767 ὡς

117 1793 528 1865 φιλάνθρωπος,
559 1796 619 1848 οὑ
649 1796 790 1849 κατά
824 1797 884 1850 τὸ
913 1798 1041 1850 αὐτὸ
1066 1797 1122 1850 δὲ
1163 1799 1326 1849 πᾶσιν
1354 1813 1369 1828 ·
1411 1795 1546 1849 ἀλλά
1591 1797 1703 1858 τοῖς

119 1885 230 1953 μὲν
265 1884 474 1954 μεγάλα
499 1887 844 1956 δικαιοσύνης
876 1887 1011 1957 ἔργα
1043 1889 1385 1958 πεποιηκόσι,
1416 1888 1690 1948 πλειόνως·

110 1977 238 2038 τοῖς
285 1975 344 2028 δὲ
371 1975 577 2029 τούτων
607 1978 850 2048 ἥττοσιν,
887 1979 1125 2045 ἠττόνως
1147 1993 1162 2008 ·
1194 1979 1408 2048 ἑκάστῳ
1449 1976 1630 2040 καθὼς
1665 1978 1697 2046 ἡ

115 2067 269 2118 κατά
292 2066 413 2120 νοῦν
453 2067 579 2133 ἀξία
611 2068 868 2134 δέξασοαι
892 2068 1134 2122 δύναται.

194 2336 295 2400 νζ’.
343 2335 401 2388 Ὀ
440 2335 644 2406 Κύριος
680 2335 810 2388 ποτὲ
847 2334 946 2406 μὲν
976 2335 1266 2405 ἀποδημεῖ,
1298 2335 1427 2388 ποτὲ
1451 2334 1506 2387 δὲ
1539 2335 1696 2405 ἐνδη-

120 2429 238 2496 μεῖ.
285 2427 596 2496 ’Λποδημεῖ,
625 2427 766 2479 κατά
797 2426 894 2497 τὴν
919 2427 1209 2498 πρόσωπον
1237 2426 1374 2495 πρὸς
1407 2425 1696 2497 πρόσωπον

115 2517 356 2588 θεωρίαν
383 2534 394 2546 ·
430 2519 669 2589 ὲνδημεῖ,
703 2517 843 2571 κατά
869 2519 967 2587 τὴν
1019 2521 1076 2573 ἐν
1121 2521 1368 2590 ἐσόπτρῳ
1413 2519 1506 2572 καὶ
1553 2519 1695 2572 αἰνί-

112 2627 295 2682 γμασι
323 2612 576 2684 θεωρίαν.

191 2791 292 2862 νη⁹.
330 2793 420 2864 Τῷ
448 2794 546 2864 μὲν
583 2795 895 2866 πρακτικῷ,
941 2796 1159 2865 ὲνδημεῖ
1206 2794 1294 2847 διὰ
1341 2793 1447 2846 τῶν
1484 2791 1693 2862 ἀρετῶν

112 2882 148 2933 ὁ
180 2879 382 2952 Κύριος
407 2901 424 2916 ο
454 2885 548 2938 τοῦ
578 2886 634 2938 δὲ
675 2888 878 2955 μηδένα
907 2887 1064 2953 λόγον
1092 2885 1413 2954 ποιουμένου
1438 2884 1536 2952 τῆς
1568 2884 1694 2952 ἀρε-

111 2973 240 3043 τῆς,
268 2975 560 3046 ἀποδημεῖ.
586 2979 695 3029 Καὶ
729 2979 907 3042 πάλιν,
959 2978 1036 3048 τῷ
1089 2979 1186 3047 μὲν
1218 2973 1556 3045 θεωρητικῷ,
1605 2975 1693 3029 διά

111 3068 373 3136 γνώσεως
397 3069 503 3121 τῶν
523 3066 697 3123 όντων
724 3070 958 3139 ἀληθοῦς
988 3071 1108 3139 ὲνδη
1121 3071 1209 3139 μεῖ
1233 3085 1248 3100 ο
1271 3065 1364 3120 τοῦ
1401 3064 1457 3117 δὲ
1494 3063 1693 3136 ταύτης
1721 3090 1760 3143 C

116 3159 262 3212 κατά
285 3176 335 3210 τι
355 3177 500 3230 παρα
510 3161 818 3230 σφαλέντος,
839 3162 1129 3231 ἀποδημεῖ.

194 3330 290 3386 νθ’.
329 3333 626 3402 Ἀποδημεί
651 3334 871 3404 σαρκὸς,
905 3336 932 3386 6
960 3334 1094 3405 πρὸς
1125 3335 1220 3406 τὴν
1253 3337 1556 3410 γνιιιστικὴν
1578 3338 1694 3403 ἕξιν

125 3424 362 3494 μεταϐὰς
423 3425 529 3477 61:6
580 3426 677 3488 cii;
726 3427 1033 3496 πρακτικῆς
1064 3444 1077 3458 ·
1113 3429 1490 3499 ἁρπαζόμενος
1525 3431 1601 3495 ὡς
1635 3433 1692 3484 ὲν

120 3514 390 3580 νεφέλαις,
421 3518 532 3578 τοῖς
555 3515 906 3586 ὑψηλοτέροις
930 3519 1218 3587 νοήμασιν,
1245 3521 1320 3581 εἰς
1346 3520 1436 3572 τὸν
1458 3521 1690 3592 διαφανῆ

118 3605 224 3674 τῆς
258 3607 520 3674 μυστικῆς
558 3606 792 3674 θεωρίας
830 3607 968 3676 ἀέρα
1002 3625 1014 3637 ⁸
1071 3608 1192 3661 καθ’
1242 3607 1300 3660 ὃν
1354 3610 1451 3662 σὺν
1503 3612 1692 3681 Κυρίῳ

119 3691 265 3748 εἶναι
320 3695 608 3766 δυνήσεται
654 3697 904 3750 πάντοτε.
947 3697 1104 3764 Ἐκδη
1117 3701 1207 3766 μεῖ
1237 3698 1293 3750 δὲ
1315 3699 1424 3750 ἀπὸ
1454 3698 1547 3752 τοῦ
1579 3702 1690 3752 Κυ-

123 3787 266 3857 ρίου,
295 3788 324 3839 ό
357 3788 524 3857 μήπω
553 3787 676 3856 δίχα
703 3786 811 3840 τῶν
844 3789 966 3841 κατ’
991 3786 1245 3856 αἴσθησιν
1276 3789 1562 3856 ἐνεργειῶν
1589 3807 1690 3842 κα·-

123 3875 276 3945 θαρῷ
306 3876 385 3929 νοῒ
416 3876 691 3946 θεωρῆσαι
724 3876 865 3930 κατά
894 3877 953 3929 τὸ
981 3877 1200 3946 ἐφικτὸν
1228 3878 1296 3930 τά
1332 3879 1576 3947 νοήματα
1603 3879 1691 3932 δυ-

121 3967 374 4035 νάμενος,
407 3969 502 4020 καὶ
528 3969 618 4021 τὸν
643 3969 769 4038 περὶ
798 3968 891 4021 τοῦ
923 3969 1128 4040 Κυρίου
1156 3969 1312 4038 λόγον
1342 3969 1548 4023 ἁπλοῦν
1585 3989 1694 4041 χω-

125 4054 214 4124 ρἰς
234 4055 563 4123 αἰνιγμάτων
595 4057 668 4126 μὴ
704 4056 916 4128 χωρῶν.

196 4225 255 4290 ξ’.
298 4226 356 4279 '0
382 4227 475 4281 τοῦ
503 4229 639 4281 Θεοῦ
660 4231 830 4299 Λόγος
870 4231 954 4301 (Ῑ),
989 4231 1049 4284 ού
1084 4232 1246 4301 μόνον
1275 4232 1467 4286 καθότι
1493 4233 1691 4303 σεσάρ-

123 4334 292 4372 κωται
315 4318 530 4386 λέγεται
566 4321 734 4392 σάρξ·
772 4322 908 4374 ἀλλά
928 4323 1114 4375 καθότι
1142 4324 1271 4385 Θεὸς
1300 4323 1470 4390 Λόγος
1506 4323 1692 4387 ἁπλῶς

1815 535 1944 589 tate,
1979 526 2046 581 dc
2075 527 2303 597 agendis
2329 536 2386 581 ct
2407 530 2516 580 non
2551 528 2777 596 agendis
2810 529 3119 596 percontari
3142 528 3387 593 desierit,

1811 616 2036 670 omnino
2060 633 2126 672 ex
2153 617 2456 687 ignorantia
2489 617 2682 672 iisdem
2708 618 2983 673 obnoxius
3045 619 3137 685 fit;
3188 621 3391 688 quibus

1811 723 1840 762 a
1872 708 1980 761 Deo
2000 707 2264 776 paulatim
2302 708 2588 773 recedens,
2616 708 2867 764 adversis
2917 710 3138 764 casibus
3185 711 3390 778 quibus

1811 794 2018 850 invitus
2082 798 2450 860 examinator,
2501 797 2566 850 ad
2635 797 2913 853 daemones
2981 799 3225 864 accedit;
3293 800 3387 868 qui

1809 885 1979 940 Deum
2031 896 2283 942 ventrem
2317 889 2487 942 faciat
2517 888 2580 950 ¹²,
2612 889 2850 956 indeque
2906 905 2934 942 a
2969 891 3147 953 malis,
3184 892 3387 959 quibus

1807 977 2100 1046 premitur,
2125 979 2373 1034 levamen
2409 996 2472 1035 ac
2508 980 2764 1034 solatium
2799 990 3028 1048 quaerat.
3089 981 3386 1050 Fidemque

1807 1067 1971 1123 faciat
1993 1069 2145 1135 Saul,
2185 1071 2392 1125 idcirco
2416 1071 2561 1140 quod
2591 1087 2700 1124 non
2738 1071 2792 1124 in
2823 1071 3080 1125 omnibus
3105 1073 3386 1126 consuluit

1809 1148 2138 1225 Samuelem,
2169 1161 2482 1216 necessario
2503 1161 2570 1215 ad
2599 1161 2870 1215 idolorum
2898 1161 3222 1215 servitutem
3253 1178 3387 1215 con-

1805 1265 2018 1314 versus,
2055 1267 2118 1305 ac
2149 1253 2244 1320 qui
2277 1252 2681 1321 ventriloquam
2709 1267 2809 1306 ceu
2849 1267 3054 1305 numen
3108 1252 3384 1320 quoddam

1806 1357 1869 1396 ac
1889 1342 2177 1396 oraculum
2216 1343 2506 1398 consulere
2545 1359 2653 1397 non
2683 1342 2939 1397 abnuerit
2962 1344 3025 1395 ".

1875 1435 1961 1489 56.
2004 1434 2104 1500 Qui
2133 1451 2329 1504 panem
2360 1435 2745 1504 quotidianum
2781 1444 2935 1506 rogat
2967 1435 3237 1506 accipere,
3269 1453 3381 1491 non

1805 1523 2031 1578 omnino
2066 1531 2238 1577 totum
2266 1523 2486 1592 accipit,
2523 1531 2762 1590 quantus
2787 1522 2901 1590 ipse
2937 1522 3094 1590 panis
3125 1531 3230 1586 est,
3284 1523 3379 1575 sed

1805 1614 1983 1684 quoad
2028 1615 2317 1684 accipienti
2377 1630 2476 1684 per
2516 1614 2832 1669 facultatem
2878 1614 3028 1667 licet.
3072 1614 3207 1667 Nam
3263 1615 3380 1684 ipse

1806 1704 2026 1772 quidem
2051 1704 2206 1774 panis
2233 1705 2358 1760 vita:
2383 1705 2445 1768 “,
2475 1719 2744 1772 propensa
2793 1704 3040 1758 bonitate
3091 1720 3210 1768 sua,
3246 1721 3382 1759 cun-

1803 1792 1906 1849 ctis
1964 1810 2024 1850 se
2082 1795 2419 1864 petentibus,
2454 1794 2555 1849 etsi
2601 1810 2710 1848 non
2764 1793 2956 1850 eadem
3009 1795 3263 1849 omnibus
3295 1812 3382 1849 ra-

1804 1884 1952 1938 tione
1986 1885 2214 1954 parique
2236 1885 2621 1940 distributione
2645 1885 2884 1956 pnebet;
2921 1885 3039 1951 sed,
3098 1885 3206 1940 illis
3249 1885 3378 1954 qui-

1801 1975 1926 2030 dem
1977 1975 2230 2042 abunde,
2287 1977 2382 2046 qui
2441 1992 2634 2047 magna
2687 1976 3097 2046 designaverint
3147 1976 3378 2046 justitize

1800 2082 1998 2135 opera;
2048 2067 2135 2122 his
2190 2076 2372 2122 autem
2403 2068 2498 2136 qui
2537 2068 2781 2122 minores
2825 2067 3160 2130 exstiterint,
3212 2066 3376 2136 paulo

1798 2159 2038 2226 parcius,
2072 2159 2271 2228 cuique
2305 2159 2536 2223 scilicet,
2563 2167 2826 2229 quantum
2853 2175 2952 2229 pro
2980 2159 3147 2214 animi
3200 2157 3381 2229 (ligni-

1802 2259 1909 2306 tate
1938 2259 2103 2318 atque
2135 2252 2336 2306 merito
2370 2258 2548 2320 potest
2570 2266 2788 2320 capere.

1869 2343 1956 2396 57.
1985 2343 2269 2407 Dominus,
2292 2343 2490 2412 partim
2514 2342 2737 2412 quidem
2766 2341 2989 2404 absens,
3018 2341 3216 2408 partim
3239 2355 3378 2408 prm-

1797 2447 1923 2487 sens
1961 2442 2068 2486 est.
2128 2432 2342 2487 Absens
2363 2441 2470 2496 est,
2515 2430 2661 2501 quod
2693 2430 2761 2484 ad
2803 2445 2921 2484 eam
2956 2429 3220 2483 visionem
3251 2427 3378 2482 atti-

1795 2532 1910 2585 net,
1933 2539 2054 2592 qua:
2084 2531 2167 2577 est
2189 2523 2320 2576 facit“
2342 2525 2409 2576 ad
2424 2521 2590 2592 498
2612 2521 2840 2585 faciem;
2862 2529 2946 2574 est
2969 2525 3371 2588 vero'przesens,

1796 2621 2061 2680 quantum
2086 2611 2152 2665 ad
2179 2626 2298 2664 eam
2324 2610 2838 2680 contemplationem
2854 2609 3044 2678 quaein
3065 2608 3288 2678 speculo
3311 2623 3376 2662 ac

1794 2702 2080 2769 aenigmate
2104 2710 2188 2755 est
2212 2702 2276 2755 ’⁵.

1867 2794 1954 2847 58.
1994 2793 2078 2856 Ei,
2109 2793 2203 2861 qui
2264 2808 2322 2846 se
2360 2790 2562 2845 actioni
2612 2790 2905 2859 impendit,
2957 2789 3224 2843 Dominus
3276 2804 3375 2858 per

1793 2885 2028 2937 virtutes
2077 2885 2264 2947 adest;
2298 2883 2366 2937 ab
2401 2897 2468 2936 eo
2513 2891 2697 2936 autem
2739 2881 2832 2951 qui
2893 2881 3098 2935 nullam
3152 2881 3374 2935 virtutis

1795 2974 2069 3028 rationem
2128 2972 2312 3033 habet,
2370 2987 2598 3040 peregre
2640 2979 2744 3034 est,
2810 2970 3131 3036 Rursusque
3171 2968 3372 3022 colenti

1793 3061 2106 3123 scientiam,
2141 3075 2204 3113 ac
2231 3059 2680 3127 contemplationi
2721 3057 2907 3111 dedito
2929 3072 3028 3126 per
3053 3071 3234 3110 veram
3287 3072 3374 3109 re-

1794 3167 1914 3205 rum
1943 3150 2310 3219 cognitionem
2339 3165 2579 3218 praascns
2598 3148 2661 3202 ﬁt
2685 3166 2698 3213 ;
2729 3148 2796 3202 ab
2845 3163 2912 3202 eo
2937 3156 3118 3201 autem
3176 3147 3375 3201 absens

1794 3251 1898 3302 est,
1929 3241 2025 3311 qui
2055 3241 2165 3294 ulla
2193 3241 2405 3294 ratione
2435 3240 2502 3294 ab
2533 3255 2596 3294 ea
2621 3237 2984 3293 aberraverit.

1863 3333 1951 3386 59.
1987 3332 2222 3401 Peregre
2239 3340 2322 3385 est
2346 3345 2374 3383 a
2417 3345 2601 3392 carne,
2636 3329 2728 3397 qui
2765 3327 2834 3381 ab
2880 3327 3096 3381 actione
3141 3327 3374 3382 commi-

1791 3423 1968 3491 gravit
1992 3420 2058 3474 ad
2091 3420 2336 3474 scientize
2371 3419 2660 3482 habitum;
2723 3417 2815 3487 qui
2849 3418 3000 3470 velut
3035 3417 3089 3470 in
3128 3416 3372 3469 nubibus

1792 3511 2040 3581 rapiatur
2098 3509 2452 3579 (sublimibus
2505 3508 2717 3562 scilicet
2763 3507 2961 3577 sensis)
3021 3507 3076 3560 in
3128 3507 3372 3576 mysticae

1791 3601 2274 3670 contemplationis
2316 3601 2654 3670 pellucidum
2703 3615 2908 3662 aerem,
2939 3598 3034 3652 ubi
3081 3613 3202 3652 esse
3245 3613 3371 3651 cum

1790 3694 2024 3748 Domino
2053 3707 2272 3762 semper
2295 3691 2501 3761 pot'erit
2533 3691 2598 3755 ’⁸,
2625 3692 2858 3761 Peregre
2881 3707 3016 3745 vero
3058 3699 3143 3743 est
3187 3703 3214 3742 a
3267 3689 3372 3742 Do-

1791 3783 1961 3844 mino,
1995 3783 2090 3850 qui
2121 3782 2356 3836 necdum
2385 3782 2593 3835 otiante
2624 3797 2790 3836 sensu
2829 3783 3056 3850 ejusque
3114 3780 3370 3833 submota

1790 3871 2027 3932 actione,
2079 3885 2219 3938 pura
2279 3877 2484 3930 mente,
2537 3884 2696 3922 sensa
2745 3870 2884 3936 ipsa,
2932 3868 3111 3936 quoad
3162 3869 3370 3922 homini

1791 3971 2116 4011 concessum
2172 3965 2276 4019 est,
2337 3956 2700 4023 contemplari
2765 3955 3060 4024 potest;is
3103 3955 3366 4022 denique,

1789 4047 1885 4117 qui
1923 4047 2229 4116 simplicem
2264 4046 2332 4100 de
2356 4047 2472 4100 Deo
2498 4061 2809 4101 sermonem
2837 4057 3000 4116 atque
3039 4045 3368 4110 doctrinam,

1790 4139 1998 4206 absque
2036 4137 2388 4207 aenigmatum
2423 4135 2724 4190 involucris
2753 4152 2863 4189 non
2897 4135 3061 4204 capit.

1862 4231 1948 4284 60.
1985 4230 2082 4284 Dei
2113 4229 2376 4290 Verbum,
2411 4226 2614 4281 nedum
2639 4243 2746 4296 qua
2789 4228 3005 4283 ratione
3034 4243 3254 4282 carnem
3288 4243 3374 4283 as-

1794 4319 2049 4388 sumpsit,
2080 4335 2210 4373 caro
2237 4321 2574 4388 appellatur;
2606 4319 2698 4373 sed
2735 4335 2841 4387 qua
2873 4319 3040 4373 etiam
3061 4318 3207 4373 Deus
3237 4319 3373 4374 Ver-

126 4410 405 4480 νοούμενος
434 4413 492 4467 ὲν
515 4414 656 4484 ἀρχῇ
694 4413 830 4484 πρὸς
856 4415 948 4468 τὸν
976 4415 1107 4468 Θεὸν
1136 4415 1230 4470 καὶ
1292 4415 1530 4488 Πατέρα,
1599 4417 1692 4469 καὶ

1805 4411 1925 4464 bum
1950 4410 2274 4479 simpliciter
2297 4409 2353 4463 in
2383 4408 2655 4478 principio
2685 4409 2828 4479 apud
2862 4409 3032 4462 Deum
3066 4417 3120 4463 et
3154 4410 3369 4464 Patrem

127 4505 314 4569 σαφεῖς
348 4519 440 4556 και
468 4507 708 4574 γυμνοὺς
736 4508 861 4570 τοὺς
884 4508 981 4576 τῆς
1011 4507 1267 4576 ἀληθείας
1288 4508 1537 4577 περὶτῶν
1558 4509 1695 4561 ὅλων

1805 4501 2161 4564 intellectum,
2196 4500 2483 4568 clarasque
2514 4514 2577 4553 ac
2596 4498 2771 4553 nudas
2808 4499 3190 4553 universorum
3221 4500 3370 4554 veri-

131 4593 267 4662 εχων
286 4595 511 4661 τύπους,
543 4598 604 4649 οὐ
631 4597 877 4667 περιέχει
910 4598 1224 4668 παραϐολὰς
1254 4599 1346 4650 καὶ
1377 4599 1692 4667 αἰνίγματα·

132 4684 250 4737 οὐδὲ
273 4687 508 4756 ἱστορίας
538 4688 799 4756 δεομένας
824 4689 1154 4760 ἀλληγορίας
1179 4703 1194 4718 ⁸
1229 4690 1368 4742 ὲπάν
1399 4690 1452 4743 δὲ
1487 4691 1706 4760 ἀνθρώ--

129 4790 251 4836 ποις
299 4774 614 4847 ὲπιδημήσῃ
679 4776 752 4847 μὴ
789 4777 1106 4847 δυναμένοις
1147 4777 1338 4847 γυμνῷ
1367 4776 1445 4847 τῷ
1487 4777 1566 4830 νοῒ
1596 4796 1695 4847 γυ-

133 4865 277 4934 μνοῖς
315 4865 672 4935 προσϐάλλειν
697 4870 810 4930 τοῖς
837 4869 1066 4937 νοητοῖς⁹
1093 4867 1199 4920 ἀπὸ
1233 4868 1338 4921 τῶν
1367 4869 1548 4931 αὐτοῖς
1575 4887 1694 4922 συν-

129 4953 272 5023 ήθων
302 4955 707 5026 διαλεγόμενος,
740 4958 827 5011 διά
855 4959 953 5028 τῆς
985 4957 1092 5011 τῶν
1125 4958 1376 5030 ἱστοριῶν
1409 4959 1500 5012 καὶ
1551 4961 1693 5012 αἰνι-

130 5043 348 5116 γμάτων
369 5047 464 5101 καὶ
490 5048 812 5118 παραϐολῶν
851 5050 948 5102 καὶ
987 5051 1276 5103 σκοτεινῶν
1307 5050 1479 5118 λόγων
1512 5068 1690 5106 ποικι-

201 5198 250 5272 “_
265 5200 501 5272 Philipp.
566 5216 644 5268 ιιι,
696 5201 781 5256 19.

894 5203 986 5257 ⁸⁸1
1033 5204 1166 5274 Reg.
1210 5220 1394 5268 xxvm,
1443 5205 1474 5257 7
1517 5218 1661 5274 seqq.

132 5285 204 5335 tv,
233 5269 311 5324 l6.

202 5427 269 5501 (ἢ
302 5428 366 5480 '0
397 5429 503 5482 τοῦ
541 5429 692 5501 θεοῦ
729 5430 939 5501 Λόγος.
969 5431 1210 5485 Utuntur
1240 5430 1412 5486 (ἱνωεὶ
1449 5430 1683 5501 theologi

135 5497 362 5570 quadam
412 5499 774 5570 amplitudine
804 5499 906 5554 hac
953 5516 1108 5565 voce,
1151 5517 1266 5570 nec
1314 5516 1453 5570 saepe
1500 5497 1687 5569 aptum

135 5566 352 5621 omnino
405 5566 684 5636 est‘quod
734 5568 973 5623 Verbum
1033 5569 1282 5623 redditur
1326 5587 1340 5623 :
1390 5566 1472 5624 uti
1523 5566 1687 5624 etiam

135 5652 254 5709 cum
284 5637 374 5690 hic
410 5637 697 5709 Maximus,
751 5654 851 5706 per
883 5639 1094 5709 singula
1141 5639 1343 5709 scripta
1377 5640 1576 5701 verba,
1621 5640 1690 5692 δι’

138 5707 358 5760 ἑκάστου
378 5707 487 5761 τῶν
509 5707 1009 5782 ἀναγεγραμμένων
1041 5711 1106 5780 ῥη
1117 5707 1320 5778 μάτών,
1346 5709 1421 5763 ait
1447 5709 1694 5764 incarna-

1796 4592 1924 4646 tatis
1951 4592 2157 4646 formas
2187 4591 2416 4656 habens,
2452 4590 2630 4644 nullas
2665 4589 2954 4658 parabolas
2989 4607 3052 4645 ac
3081 4591 3372 4660 zcnigmata

1792 4699 1917 4738 cum
1974 4682 2392 4751 complectatur,
2425 4696 2589 4737 easve
2624 4680 2885 4734 historias
2917 4696 3056 4748 quas
3104 4697 3204 4750 pcr
3233 4681 3370 4734 alle-

1793 4774 2001 4844 goriam
2044 4788 2322 4842 exponere
2366 4787 2592 4826 necesse
2624 4771 2727 4836 sit;
2758 4771 2852 4825 ubi
2886 4772 2954 4824 ad
2995 4771 3248 4826 homines
3272 4788 3370 4826 ve-

1799 4867 1901 4931 nit,
1928 4866 2023 4935 qui
2050 4866 2193 4920 nuda
2234 4874 2414 4919 mente
2439 4880 2527 4919 res
2553 4863 2851 4933 spiritales,
2897 4863 3048 4931 ipsas
3077 4865 3253 4917 nudas
3284 4863 3371 4916 in-

1801 4959 2043 5028 telligere
2075 4974 2185 5012 non
2236 4956 2482 5026 possint;
2534 4972 2602 5010 ex
2658 4955 2725 5009 iis
2777 4955 3059 5008 disserens
3108 4970 3228 5023 qua:
3263 4954 3372 5008 illis

1796 5058 2060 5105 consueta
2113 5064 2288 5118 exque
2326 5061 2429 5100 usu
2471 5053 2676 5110 essent,
2713 5045 3070 5098 historiarum
3104 5045 3368 5114 :enigma-

2373 5202 2466 5255 "l
2506 5201 2634 5257 Cor.
2687 5217 2802 5264 xm,
2846 5201 2933 5255 12.

1791 5201 1833 5234 ¹⁸
1855 5201 2010 5258 Joan.
2052 5217 2125 5266 vt,
2175 5201 2262 5256 55.
2373 5202 2466 5255 "l
2506 5201 2634 5257 Cor.
2687 5217 2802 5264 xm,
2846 5201 2933 5255 12.
3040 5200 3134 5255 ⁸⁸1
3173 5199 3364 5257 Thess.

1796 5427 1840 5481 ri
1875 5427 1964 5480 τὸν
1996 5427 2186 5494 Λόγον·
2225 5425 2299 5479 ita
2331 5433 2384 5479 ut
2415 5425 2581 5478 verba
2605 5432 2670 5494 et
2688 5437 2852 5477 voces
2868 5421 2988 5494 rsint
3017 5419 3169 5473 velut
3195 5434 3366 5494 caro,

1797 5497 1947 5552 illius
1967 5488 2181 5550 eximia:
2209 5496 2398 5562 Λόγου,
2427 5495 2597 5556 Verbi,
2634 5492 2924 5554 Sermonis,
2957 5506 3118 5562 quem
3143 5498 3196 5545 et
3221 5488 3368 5562 Scri-

1798 5577 1974 5637 ptura:
2011 5565 2134 5618 νοῦν
2171 5559 2322 5632 dicit,
2348 5572 2403 5620 et
2433 5563 2670 5621 Verbum
2708 5562 2763 5616 in
2793 5560 3066 5634 principio
3091 5559 3235 5629 apud
3267 5559 3366 5614 Pa‘

1801 5648 1958 5704 trem,
1984 5644 2093 5690 etc.
