3930 6324
47 348 184 416 1153

863 349 1199 413 CAPITUM
1235 347 1508 410 THEOL.
1549 349 1646 410 ET
1684 348 1922 410 (ECON.
1963 348 2353 412 CENTURIA
2391 351 2474 414 II.

3187 355 3326 423 1154

43 459 328 531 τούμενον.
369 457 727 529 Ἀμφοτὲροις
759 456 816 510 δὲ
853 457 1132 510 Σάϐϐατόν
1151 457 1288 518 ἐστι,
1313 455 1424 508 τῶν
1446 453 1628 517 αὑτοῖς

1738 455 1916 510 sensis
1952 455 2168 510 ratione
2221 455 2519 522 imbutum,
2553 471 2733 527 exque
2782 473 2877 526 ea,
2935 459 3136 530 quibus
3168 477 3327 517 mens

43 549 456 622 ἐνεργουμένων
495 549 639 601 κατά
666 565 726 600 τε
757 546 955 619 πρᾶξιν
998 547 1092 601 καὶ¹
1125 545 1362 617 θεωρίαν
1420 544 1626 609 καλῶν,

43 646 102 698 τὸ
128 645 340 712 πέρας,
404 642 504 712 τὴν
559 640 871 712 πρόσφορον
918 639 1138 708 ἑκάστῳ
1196 637 1439 710 παρέχον
1499 637 1630 690 ἀνά-

43 753 262 789 παυσιν.

115 917 167 981 ξε
191 956 203 967 .
250 916 308 968 Ὀ
335 914 434 984 τὴν
464 912 665 984 ἀρετὴν
700 913 838 982 μετὰ
881 913 980 984 τῆς
1019 912 1339 983 πρεπούσης
1373 909 1626 980 γνώσεως

43 1005 303 1072 ἐξανύων,
347 1003 644 1071 ὑποζύγιον
699 1003 813 1072 ἔχει
848 1003 908 1054 τὸ
971 1003 1149 1072 σῶμα,
1182 1001 1326 1071 λόγῳ
1385 1000 1626 1052 ἐλαύνων

46 1098 179 1167 πρδῖ
211 1096 308 1166 τὴν
341 1095 449 1148 τῶν
486 1093 844 1164 καθηκόντων
869 1092 1157 1162 ἐνέργειαν
1190 1107 1202 1120 ⁸
1240 1092 1406 1144 παῖδα
1435 1092 1510 1154 δὲ,
1535 1090 1626 1143 τὸν

45 1189 130 1241 ἐπ’
155 1189 326 1258 ἁρετῇ
361 1187 505 1239 κατὰ
525 1185 623 1255 τὴν
650 1183 849 1256 πρᾶξιν
877 1185 1077 1256 τρόπον
1108 1200 1122 1215 '
1150 1185 1320 1254 ἤγουν
1346 1183 1510 1236 αὑτὸν
1536 1182 1626 1234 τὸν

44 1281 247 1334 καθ’ὃν
293 1280 325 1348 ὴ
377 1277 547 1348 ἁρετὴ
595 1278 806 1346 πέφυκε
864 1277 1110 1346 γίνεσθαι
1161 1277 1363 1342 τρόπον
1392 1291 1404 1303 °
1436 1272 1627 1342 ὥσπερ

43 1374 292 1443 ἀργυρίῳ
326 1374 436 1433 τοῖς
469 1370 825 1441 διακριτικοῖς
854 1368 1133 1438 ὠνηθέντα
1167 1369 1466 1438 λογισμοῖς.
1491 1366 1629 1418 Σάϐ-

42 1466 203 1518 ϐατόν
232 1465 310 1526 δὲ,
341 1466 375 1532 ἠ
401 1464 524 1516 κατ’
551 1461 755 1534 ἀρετὴν
795 1461 1011 1530 ἀπαθὴς
1041 1461 1135 1513 καὶ
1167 1461 1420 1532 εἰρηναία
1447 1461 1548 1530 τῆς
1566 1477 1626 1512 τε

41 1558 218 1627 ψυχῆς
267 1555 494 1609 καὶτοῦ
559 1556 810 1625 σώματος
867 1555 1223 1617 κατάστασις,
1249 1553 1416 1625 ἤγουν
1468 1551 1631 1608 ἀναλ-

41 1648 258 1709 λοίωτος
291 1647 428 1710 ἕξις.

112 1737 218 1803 εἷς’.
262 1740 319 1790 '0
350 1739 446 1790 τοῦ
475 1736 609 1790 Θεοῦ
637 1737 815 1804 λόγος,
849 1737 963 1799 τοῖς
990 1735 1087 1806 μὲν
1121 1735 1201 1788 ἔτι
1244 1736 1374 1807 περὶ
1419 1736 1487 1789 τὰ
1521 1753 1629 1788 σω-

45 1829 248 1902 ματικὰ
277 1831 382 1900 τῆς
409 1829 610 1898 ἀρετῆς
639 1829 752 1899 εῐδη
783 1828 844 1880 τὸ
875 1827 1036 1880 πλέον
1068 1827 1248 1898 ἔχουσι
1271 1832 1368 1898 τῆς
1409 1827 1629 1898 φροντῐ-
1664 1807 1703 1861 Β

43 1925 146 1986 δος,
185 1923 392 1992 ἄχυρον
423 1920 632 1989 γίνεται
666 1921 762 1973 καὶ
810 1921 1003 1992 χόρτος
1041 1938 1053 1951 ·
1089 1920 1398 1992 διατρέφων
1449 1919 1629 1973 αὑτῶν

44 2017 102 2068 τὸ
123 2015 425 2085 παθητικὸν
458 2013 560 2083 τῆς
588 2013 768 2083 ψυχῆς
807 2013 995 2084 μέρος,
1029 2013 1166 2084 πρὸς
1206 2015 1306 2084 τὴν
1348 2013 1456 2066 τῶν
1501 2015 1630 2084 ἀρε-

43 2104 148 2157 τῶν
180 2101 490 2174 ὑπηρεσίαν
515 2119 532 2134 ο
562 2104 674 2164 τοῖς
721 2103 1054 2173 ἀνηγμένοις
1103 2103 1158 2155 δὲ
1193 2105 1258 2173 τῇ
1288 2101 1492 2172 Θεωρία
1531 2102 1630 2171 τῆς

45 2196 277 2268 ὰῖηθοῦς
310 2197 423 2250 τῶν
449 2195 609 2248 Θείων
649 2198 1055 2266 κατανοήσεως,
1090 2196 1238 2248 ἔστιν
1298 2196 1461 2265 ἄρτος
1516 2194 1630 2247 δια-

45 2289 256 2360 τρέφων
288 2288 475 2341 αὑτῶν
497 2291 594 2357 τῆς
620 2288 801 2360 ψυχῆς
832 2287 890 2340 τὸ
921 2288 1105 2359 νοερὸν
1130 2289 1265 2356 πρὸς
1296 2286 1503 2355 Οεοειδῆ
1541 2302 1632 2336 τε-

47 2380 313 2448 λειότητα.
352 2379 444 2431 Διὸ
471 2379 596 2441 τοὺς
646 2379 992 2451 πατριάρχας
1035 2378 1362 2447 εὑρίσκομεν
1398 2379 1630 2430 ἐπισιτι-

48 2473 303 2542 ζομένους
334 2475 393 2524 ἐν
423 2474 488 2542 τῇ
517 2469 619 2542 ὀδῷ
646 2511 660 2535 ,
694 2472 788 2523 καὶ
840 2472 1054 2533 ἑαυτοῖς
1101 2458 1302 2541 ἄρτους
1329 2509 1344 2533 ,
1388 2471 1483 2523 καὶ
1516 2473 1628 2533 τοῖς

46 2564 184 2627 ὄνοις
210 2563 392 2616 αὐτῶν
423 2563 795 2634 χορτάσματα.
840 2563 946 2613 Καὶ
985 2565 1011 2614 ὁ
1045 2564 1100 2614 ἐν
1131 2566 1242 2624 τοῖς
1286 2563 1516 2632 Κριταῖς
1574 2562 1630 2615 δὲ

49 2660 301 2730 Λευὲτης,
339 2657 420 2727 τῷ
456 2659 512 2710 ὲν
561 2654 750 2724 Γαϐαᾷ
799 2652 1262 2723 ξεναγήσαντιω)
1295 2653 1455 2706 αὑτὸν
1503 2671 1632 2725 πρε·

50 2750 218 2822 σϐύτῃ
252 2749 420 2819 φησίν
448 2765 462 2778 ·
497 2747 631 2800 Εἰσὶ
662 2746 759 2798 καὶ
785 2743 930 2812 ἡμῖν
962 2743 1148 2811 ἄρτοι,
1186 2743 1284 2796 καὶ
1315 2743 1439 2808 τοῖς
1467 2742 1630 2810 ὄνοις

49 2838 211 2908 ήμῶν
237 2839 436 2907 ἄχυρα
465 2853 475 2866 ο
504 2836 599 2890 καὶ
626 2836 736 2888 οὐκ
767 2834 938 2886 ἐστιν
960 2833 1269 2902 ὑστέρημα
1303 2832 1426 2899 τοῖς
1454 2833 1632 2887 παισί

49 2947 180 2994 σου,
198 2929 428 2993 παγτός
447 2943 630 2990 τινος.

1730 547 2017 618 sapienter
2045 547 2335 618 praecipit,
2375 564 2590 604 morem
2637 565 2856 620 gerens.
2897 553 3200 607 Amborum
3227 568 3328 607 au-

1730 646 1840 694 tem
1874 638 2175 694 Sabbatum
2220 640 2346 696 ﬁnis
2375 638 2480 707 est,
2513 641 2583 696 ab
2627 642 2696 697 iis
2735 643 2918 708 bonis,
2949 643 3153 712 quibus
3203 643 3324 699 sive

1727 732 1968 798 actione,
1991 732 2108 786 sive
2139 733 2607 802 contemplatione
2629 734 2960 806 funguntur,
2989 735 3324 792 convenieno

1729 827 1839 876 tem
1867 822 2167 891 unicuique
2202 823 2453 893 requiem
2485 825 2764 894 prmbcns.

1801 914 1889 968 65.
1926 914 2030 980 Qui
2079 915 2433 968 convenienti
2479 917 2713 971 scientia
2747 918 3075 974 ‘instructus
3115 919 3324 974 virtute

1727 1005 2070 1075 defungitur,
2095 1021 2297 1076 corpus
2332 1009 2647 1077 jumentutn
2681 1009 2842 1080 500
2895 1011 3084 1075 habet,
3132 1012 3314 1081 ipsum

1727 1099 1940 1152 ratione
1975 1097 2265 1167 impellens
2289 1098 2357 1152 ad
2382 1114 2444 1153 ea
2478 1101 2808 1168 przestanda,
2833 1117 2954 1170 quze
2974 1101 3136 1156 ollieii
3170 1109 3320 1168 sunt;

1729 1207 1951 1247 servum
1981 1200 2187 1253 autem,
2232 1193 2325 1262 qui
2360 1193 2413 1247 in
2441 1194 2648 1248 virtute
2680 1203 2764 1248 est
2796 1196 3032 1249 actionis
3060 1195 3322 1249 modum:

1729 1283 1908 1354 ipsum
1961 1285 2224 1338 nimirum
2282 1285 2536 1349 modum,
2573 1302 2684 1355 quo
2716 1287 2906 1340 virtuti
2937 1284 3324 1357 comparatum

1732 1383 1790 1428 ut
1813 1375 2103 1442 eiliciatur,
2136 1376 2289 1429 velut
2324 1376 2579 1445 pecunia,
2614 1378 2971 1432 discretionis
3011 1379 3323 1433 rationibus

1729 1474 2066 1536 coemptum.
2111 1466 2414 1520 Sabbatum
2455 1484 2610 1532 vero,
2656 1471 2990 1540 tranquillus
3015 1478 3101 1523 est
3128 1487 3192 1525 ac
3224 1486 3323 1540 pa-

1731 1568 1889 1614 catus
1920 1560 2091 1613 animi
2127 1562 2486 1631 corporisque
2515 1562 2739 1616 virtutis
2760 1563 2914 1615 cultu
2942 1571 3150 1628 status;
3185 1578 3314 1617 eon-

1731 1659 1884 1706 stans
1904 1651 2115 1705 scilicet
2145 1667 2207 1706 ae
2240 1653 2544 1707 immobilis
2576 1653 2820 1707 habitus.

1802 1743 1890 1797 66.
1926 1743 2157 1797 Divinus
2183 1760 2388 1808 sermo,
2417 1745 2509 1798 his
2524 1744 2616 1813 qui
2643 1744 2826 1798 adhuc
2853 1745 3115 1814 majorem
3148 1744 3318 1800 studii

1732 1843 1947 1906 partem
1997 1843 2164 1904 atque
2214 1851 2445 1906 operam
2502 1835 2652 1891 circa
2693 1836 2965 1890 virtutum
3011 1836 3322 1905 corporalia

1730 1942 1934 1998 genera
1979 1927 2273 1992 collocant,
2312 1928 2468 1996 palea
2512 1927 2733 1982 videtur
2763 1941 2827 1980 ac
2863 1926 3076 1990 fenum,
3126 1941 3322 1980 eorum

1731 2017 1900 2070 animi
1953 2026 2169 2088 partem
2238 2018 2530 2073 all'ectibus
2576 2017 2872 2072 obnoxiam
2929 2027 2985 2071 et
3035 2017 3323 2087 patibilem

1733 2107 2091 2178 (sentientem
2120 2109 2334 2164 scilicet
2371 2108 2653 2178 aﬂ'ectum)
2691 2108 2962 2162 virtutum
3014 2107 3325 2161 ministerio

1730 2197 2100 2262 laborantem,
2159 2184 2345 2265 alens;
2393 2198 2462 2252 iis
2493 2207 2678 2252 autem
2717 2198 2808 2267 qui
2842 2213 2971 2252 vera
3000 2196 3320 2250 divinarum

1731 2305 1916 2344 rerum
1971 2290 2274 2360 solertique
2335 2289 2808 2360 contemplatione
2855 2288 3101 2358 provecti
3145 2295 3321 2352 sunt,

1731 2383 1893 2452 panis
1927 2389 2054 2446 est,
2114 2382 2334 2436 illorum
2366 2392 2606 2437 mentem
2657 2380 2726 2434 ad
2758 2381 3084 2434 deiformem
3140 2379 3324 2449 perfe-

1732 2476 1970 2530 ctionem
2019 2477 2298 2530 nutriens.
2349 2473 2718 2539 Quamobrem
2767 2473 2934 2526 etiam
2981 2470 3324 2540 patriarchas

1733 2567 1838 2622 iter
1861 2574 2087 2636 agentes
2120 2566 2455 2628 invenimus,
2500 2564 2606 2618 sibi
2644 2563 2853 2633 pariter
2886 2578 3076 2633 panes,
3102 2563 3326 2631 jumen-

1734 2659 1915 2728 tisque
1936 2659 2184 2728 gramina
2229 2666 2394 2727 atque
2425 2656 2628 2726 pabula
2665 2666 3030 2726 congerentes
3059 2655 3126 2707 ”.
3169 2654 3228 2707 ln
3257 2653 3324 2707 li-

1732 2750 1833 2805 bro
1865 2766 2086 2820 quoque
2111 2749 2388 2812 Judicum,
2425 2750 2503 2802 ait
2549 2747 2771 2802 Levites
2801 2746 2940 2812 seni,
2973 2745 3118 2816 apud
3157 2759 3317 2814 quem

1733 2841 1791 2895 in
1813 2840 1998 2896 Gabaa
2027 2849 2291 2910 acceptus
2321 2839 2562 2909 hospitio
2585 2846 2670 2893 est
2695 2857 2708 2891 :
2735 2837 2870 2892 Sunt
2901 2847 2946 2890 et
2968 2836 3113 2890 nobis
3137 2851 3321 2905 panes,

1733 2942 1783 2988 et
1827 2936 2086 3006 jumentis
2135 2936 2328 2990 nostris
2363 2935 2573 3007 palea;
2625 2934 2880 3006 nullaque
2917 2951 2974 2988 re
3002 2935 3322 3002 indigemus.

1731 3026 1868 3078 servi
1901 3027 1982 3078 tui
2005 3027 2073 3079 “.

119 3103 212 3170 ξς.
259 3105 319 3156 Ὀ
355 3101 454 3155 τοῦ
479 3101 614 3154 Θεοῦ
671 3101 844 3168 Λόγος
895 3100 990 3154 καὶ
1043 3099 1234 3172 δρόσος
1255 3095 1477 3168 λέγεται
1533 3097 1633 3152 καὶ

1801 3111 1888 3166 67.
1922 3113 2151 3168 Divinas
2177 3112 2373 3169 Sermo
2401 3128 2492 3179 ros
2518 3121 2631 3166 tum
2655 3113 2984 3184 appellatur,
3013 3121 3125 3166 tum
3153 3110 3321 3165 etiam

55 3194 194 3246 ἐστιν
220 3211 232 3225 ·
272 3193 369 3246 καὶ
408 3191 554 3263 ὕδωρ
579 3191 671 3244 καὶ
693 3190 844 3262 πηγὴ
881 3192 975 3244 καὶ
1004 3189 1268 3258 ποταμός,
1305 3189 1380 3251 ὡς
1425 3189 1630 3261 γέγρα-

54 3301 178 3336 πται
204 3301 216 3313 ·
244 3283 384 3336 κατὰ
419 3281 512 3352 τὴν
541 3280 908 3350 ὑποκειμένην
937 3279 1304 3348 δηλονότιτῶν
1325 3277 1628 3348 δεχομένων

56 3371 298 3441 δύναμιν,
327 3371 504 3424 ταῦτα
529 3370 624 3423 καὶ
649 3369 724 3420 ὢν
759 3368 852 3420 καὶ
883 3367 1188 3437 γινόμενος.
1226 3367 1350 3429 Τοῖς
1393 3366 1491 3435 μὲν
1517 3365 1628 3436 γάρ

55 3465 161 3516 ἐστι
186 3464 395 3536 δρόσος,
426 3463 500 3525 ὡς
534 3461 633 3532 τῆς
663 3460 862 3528 ἔξωθεν
898 3459 1257 3532 ἐπικειμένης
1278 3458 1465 3522 αὑτοῖς
1495 3457 1626 3528 περὶ

53 3558 111 3609 τὸ
141 3557 294 3628 σῶμα
323 3558 433 3611 τῶν
479 3555 666 3609 παοῶν
723 3553 1022 3626 πυρώσεως
1063 3571 1123 3607 τε
1175 3554 1270 3608 καὶ
1323 3555 1622 3624 ἐνεργείας,

57 3650 350 3714 σόεστικός.
382 3652 510 3712 Τοῖς
541 3649 596 3701 δὲ
615 3649 676 3701 τὸ
707 3647 870 3718 βάθος
901 3647 978 3716 τῷ
1006 3647 1069 3716 ἰῷ
1100 3647 1198 3717 τῆς
1220 3647 1420 3710 κακίας
1456 3664 1629 3718 φρυσ-

57 3745 298 3812 σομένοις
336 3743 452 3816 [Fr.
504 3751 551 3795 et
576 3741 791 3812 quidam
833 3740 982 3810 Regii
1020 3738 1445 3811 φυσσωμένοις],
1482 3739 1630 3792 ἐστὶν

57 3834 222 3906 ὕδωρ·
273 3837 333 3888 οὗ
387 3835 548 3906 μόνον
584 3833 658 3898 ὡς
708 3832 774 3885 δι’
825 3829 1181 3894 ἀντιπαθείας
1230 3829 1324 3883 τοῦ
1396 3833 1632 3885 ἀντικειο

59 3925 215 3994 μένου
257 3924 586 3994 φθαρτικὸς,
637 3922 772 3976 ἀλλὰ
803 3922 897 3974 καὶ
941 3920 1017 3984 ὡς
1072 3919 1423 3991 μεταδοτικὸς
1463 3921 1628 3984 ζωτι-

60 4004 154 4084 Ξιῆς
186 4017 318 4088 πρὸς
354 4016 416 4070 τὸ
448 4010 506 4069 εὖ
559 4010 698 4067 εἶναι
745 4013 1048 4082 δυνάμεως.
1075 4012 1232 4084 Πηγὴ
1265 4011 1342 4077 δὲ,
1388 4011 1632 4078 ἀεννὰως

58 4105 264 4176 ἔχουσιν
286 4104 698 4168 ἀναϐλύζουσαν
730 4105 828 4175 τὴν
845 4103 958 4168 ἕξιν
993 4103 1092 4174 τῆς
1142 4103 1396 4174 θεωρίας,
1428 4102 1503 4167 ὡς
1538 4121 1630 4157 σο-

59 4196 181 4263 φίας
203 4197 458 4268 χορηγός.
495 4193 744 4265 Ποταμὸς
766 4192 845 4258 δὲ,
877 4194 990 4257 τοῖς
1019 4192 1119 4264 τὴν
1175 4193 1373 4265 εὐσεϐῆ
1404 4194 1500 4247 καὶ
1533 4195 1630 4264 ὁρ-

1730 3207 1837 3261 est,
1890 3207 1946 3253 et
1977 3216 2120 3270 aqua
2172 3209 2230 3254 et
2279 3199 2404 3254 fons
2454 3199 2790 3270 ﬂuviusque,
2848 3200 2995 3254 sicut
3045 3200 3320 3266 scriptum

1729 3291 1908 3356 est";
1962 3291 2057 3361 qui
2113 3307 2310 3361 nempe
2344 3294 2500 3362 juxta
2551 3292 2858 3362 subjectum
2896 3290 3323 3360 suseipientium

1729 3383 1842 3436 vim
1872 3399 1935 3438 ac
1956 3383 2296 3448 facultatem,
2325 3384 2443 3438 haec
2472 3391 2527 3437 et
2547 3384 2846 3439 exsistatet
2866 3383 3155 3438 ellieiatur.
3183 3382 3322 3436 Nam

1729 3475 1858 3532 aliis
1884 3473 2109 3544 quidem
2151 3489 2244 3529 ros
2284 3481 2392 3539 est,
2430 3483 2494 3529 ut
2520 3474 2615 3544 qui
2645 3473 2857 3529 scilicet
2896 3469 3321 3542 exstinguendo,

1733 3563 1881 3636 quod
1927 3564 2036 3619 illis
2061 3563 2311 3620 exterius
2341 3565 2486 3620 circa
2524 3579 2726 3635 corpus
2771 3564 3092 3627 inardescit,
3137 3563 3325 3617 libidi-

1733 3673 1868 3711 num
1900 3656 2157 3712 incendio
2195 3666 2360 3727 atque
2398 3657 2574 3712 fomiti
2605 3673 2701 3714 seu
2733 3655 3040 3727 operationi
3071 3655 3322 3711 exsistat.

1734 3747 1808 3802 lis
1829 3762 1961 3800 vero
1995 3747 2090 3815 qui
2115 3747 2340 3801 malitia:
2375 3763 2590 3802 veneno
2616 3747 2766 3801 intus
2802 3747 2988 3800 animo
3015 3753 3324 3800 exzestuaut

1734 3853 1802 3892 ac
1825 3837 1979 3892 velut
2011 3844 2317 3899 torrentur,
2347 3852 2492 3906 aqua
2529 3847 2635 3901 est,
2664 3852 2774 3890 non
2798 3851 2862 3890 ea
2891 3837 3067 3890 solum
3085 3835 3321 3899 ratione,

1734 3927 1882 3998 quod
1906 3943 2006 3998 per
2037 3927 2372 3982 contrariam
2406 3926 2780 3990 all'ectionem,
2808 3927 2928 3996 ejus
2958 3925 3105 3994 quod
3132 3925 3326 3980 adver-

1733 4027 1890 4073 satur
1921 4017 2232 4088 perimendi
2257 4017 2367 4072 vim
2393 4017 2583 4081 habet,
2602 4017 2700 4072 sed
2729 4016 2876 4086 quod
2909 4017 3076 4071 etiam
3102 4016 3324 4071 vitalem

1732 4110 2052 4166 facultatem
2105 4097 2173 4164 ad
2203 4110 2344 4165 bene
2370 4110 2640 4181 beateque
2678 4108 2976 4163 vivendum
3022 4123 3090 4164 ex
3121 4124 3180 4163 se
3207 4123 3308 4177 pro

1733 4202 1876 4258 elive
1913 4203 2142 4273 praebet.
2162 4201 2310 4257 Fons
2342 4210 2528 4257 autem
2551 4242 2565 4267 ,
2601 4201 2805 4271 quibus
2823 4201 2941 4271 jugi
2992 4201 3326 4272 scaturigine

123 4338 167 4369 ”
189 4337 325 4393 Gen.
351 4351 499 4402 xxtv,
527 4335 618 4390 52.
693 4335 742 4366 ’⁸
773 4334 953 4390 Judie.
986 4350 1098 4398 χιιι,
1132 4333 1221 4388 l9.
1295 4331 1343 4364 ⁸⁵
1381 4332 1541 4386 Deut.
1582 4350 1647 4388 xx

1738 4379 1751 4403 ,
1792 4337 1855 4404 ἒς
1894 4338 2068 4393 Eccli.
2109 4354 2146 4404 ι,
2189 4339 2258 4404 5;
2297 4354 2386 4404 xv,
2426 4338 2494 4404 5;
2533 4353 2680 4404 xxiv,
2720 4338 2810 4404 41,
2850 4337 2939 4392 45.

129 4448 204 4520 (9)
254 4447 336 4520 Τῷ
383 4448 456 4503 έν
502 4445 710 4520 Γβσαςῖ
741 4443 1090 4520 ξεντῖσαντιί
1120 4445 1254 4520 Erat
1306 4443 1363 4496 ὲν
1396 4443 1592 4520 Γαϐαὼ
1618 4461 1631 4475 ο

1739 4449 1841 4520 νήν
1865 4467 1982 4514 σου,
2022 4449 2171 4520 quod
2207 4448 2313 4520 ἀπὸ
2346 4450 2531 4520 κοινῆς
2570 4449 2623 4520 in
2653 4464 2717 4503 ea
2747 4449 3196 4520 suppletum_est,
3231 4448 3325 4503 lia-

64 4513 197 4588 quo'
230 4513 392 4574 etiam
436 4518 602 4572 modo
659 4513 1324 4588 superius__quibus_dam_
1363 4513 1634 4588 scripturn

63 4582 164 4652 est,
215 4605 332 4659 cap.
405 4589 476 4642 53
511 4582 1091 4659 ,7quod'_est__Mare.
1127 4584 1210 4659 16,
1287 4582 1502 4659 Στῆχαί
1543 4585 1636 4659 τὸν

63 4651 207 4728 ἥλιον
260 4651 401 4712 κατὰ
453 4651 693 4728 Fuﬁa—dif
728 4657 816 4728 fin
872 4655 1056 4710 Marco
1109 4654 1318 4728 editum
1388 4651 1427 4704 Γ
1431 4652 1587 4706 αϐαῶ
1619 4669 1633 4683 ⁸

67 4724 161 4781 sed
190 4729 346 4798 plane
380 4727 597 4798 legendi
635 4725 860 4798 Γαϐαών
899 4743 912 4756 ο
963 4739 1067 4779 nec
1103 4724 1266 4798 aiiter
1290 4738 1411 4777 eam
1436 4738 1635 4798 vocem

65 4799 112 4850 οἱ
142 4791 277 4852 LXX
303 4791 508 4868 aliique
535 4797 817 4860 scribunt;
843 4803 1039 4864 estque
1070 4795 1206 4847 urbs
1235 4793 1394 4862 longe
1419 4791 1636 4868 diversa

67 4883 99 4921 a
125 4868 325 4930 Gabaa,
361 4862 434 4923 de
461 4883 567 4937 qua
593 4869 684 4921 hic
716 4881 896 4937 sermo
929 4862 1042 4929 est;
1077 4871 1402 4937 nee__putem
1466 4862 1638 4916 Maxio

67 4953 212 4993 mum
241 4932 570 4995 Gabaon'et
619 4937 801 4994 Gabaa
853 4936 934 4990 sic
973 4932 1314 4994 contudisse,
1364 4941 1425 4986 ut
1471 4948 1637 4987 uuam

70 5023 130 5060 ae
159 5009 400 5063 eamdem
433 5008 622 5062 urbem
645 5007 939 5076 putaverit.
977 5005 1219 5076 Utraque
1244 5003 1299 5056 in
1327 5003 1642 5076 tribu‘Ben-

67 5077 230 5146 jamin
263 5079 396 5144 sita;
425 5072 661 5133 Gabaon
693 5076 1015 5146 metropolis
1052 5072 1396 5146 Hevmorum,
1433 5072 1500 5126 50
1526 5082 1639 5146 sta-

71 5142 172 5201 diis
193 5148 259 5201 ab
286 5142 612 5211 Jerusalem,
648 5163 771 5212 quae
802 5142 889 5200 in—
911 5162 976 5200 ea
1010 5145 1157 5199 tribu
1194 5144 1468 5212 assignate
1525 5142 1635 5197 fuit

72 5164 172 5201 eus
193 5164 259 5201 ao
286 5164 612 5211 Jerusalem,
688 5164 771 5201 uae
802 5164 858 5200 ιιι
911 5164 976 5200 ea
1010 5164 1157 5199 mnu
1194 5164 1468 5212 assignata
1525 5164 1635 5197 ιυιι

72 5215 270 5272 Levitis
299 5226 355 5272 et
380 5164 762 5273 sacerdotibus
788 5235 801 5270 :
833 5231 898 5271 ac
937 5223 1074 5270 teste
1107 5213 1282 5275 Hier.,
1321 5215 1422 5267 lsa.
1452 5227 1637 5277 xxvm,

71 5285 156 5358 ξι,
180 5287 571 5358 interpretatur
601 5287 971 5358 collisLGabaa
999 5300 1131 5358 vero
1153 5284 1336 5358 Sutilis
1361 5284 1498 5358 urbs
1514 5283 1637 5358 fuit.

73 5355 174 5438 lsa.
226 5373 282 5418 ιι,
324 5352 422 5438 ἒθ..
451 5359 725 5428 Obstupuit
758 5357 968 5411 Rama:
1021 5355 1206 5438 Gebaa
1236 5352 1433 5408 Saulus
1453 5353 1640 5476 (agit;

74 5425 172 5476 Ubi
220 5427 326 5476 Jer.
381 5443 461 5476 sm
514 5428 683 5476 refert.
718 5444 784 5476 ex
822 5425 1003 5476 LXX:
1046 5425 1224 5476 Timor
1286 5439 1450 5476 anvre
1489 5423 1640 5476 endct

74 5425 172 5494 Ubi
220 5427 326 5481 Jer.
381 5428 461 5483 sic
514 5423 683 5483 refert
718 5444 786 5482 ex
821 5425 1003 5481 LXX:
1046 5425 1224 5478 Timor
1286 5423 1642 5494 apprehendat

79 5492 237 5567 (fama
267 5499 527 5553 civitatem
553 5497 722 5552 Saul:
749 5498 896 5567 quod
919 5507 976 5552 et
1008 5495 1300 5567 perspicue
1323 5492 1528 5567 falsum
1556 5507 1643 5547 as-

75 5566 396 5633 serit;quod
432 5569 490 5623 in
514 5564 785 5624 llebraieo
819 5564 1024 5621 civitas
1065 5565 1245 5620 Saulis
1278 5579 1391 5618 non
1447 5564 1638 5628 Rama,

75 5633 378 5708 θεά-0³63³
405 5639 736 5708 appelletur.
772 5637 960 5708 Potuit
993 5633 1527 5708 Ηιιξιᾯιιε-ιιιοιιῄοεοΔ
1565 5634 1643 5708 uti

74 5699 205 5776 God.
231 5707 314 5758 vel
344 5699 455 5776 jani
481 5699 596 5762 tum
615 5707 898 5762 laborabat
929 5708 962 5774 ὴ
992 5705 1098 5776 τῷν
1128 5703 1275 5758 LXX
1298 5704 1490 5776 editio,
1515 5703 1644 5758 inde

79 5771 521 5841 nimirum'quod
549 5777 816 5831 omissum
851 5777 908 5830 in
933 5771 998 5830 ea
1025 5774 1104 5841 τὸ,
1158 5775 1497 5843 χρημάτισον
1528 5789 1644 5840 φω-

1740 4517 1945 4588 betqile
1963 4517 2068 4572 sub
2090 4519 2355 4573 asterisco
2393 4517 2731 4586 Procopius;
2761 4528 2954 4586 estque
2985 4517 3039 4571 in
3072 4518 3324 4574 Hebraeo.

1741 4588 1881 4642 Hine
1917 4589 2066 4643 enim
2099 4588 2327 4643 confusa
2352 4605 2476 4642 eum
2533 4589 2703 4643 Rama
2735 4588 2931 4642 civitas
2962 4588 3114 4650 Saul,
3153 4597 3210 4642 et
3239 4591 3324 4650 τὸ,

1740 4658 1996 4724 φεύξεται
2025 4660 2092 4713 ad
2131 4659 2420 4727 sequentia
2453 4659 2710 4722 relatum,
2765 4673 2834 4712 ne
2867 4660 2984 4712 sine
3019 4659 3190 4713 verbo
3230 4674 3328 4727 po-

1741 4728 1909 4782 situm
1940 4745 2143 4783 nomen
2188 4729 2498 4791 videretur,
2550 4729 2697 4797 quod
2753 4728 3033 4797 sequitur,
3088 4727 3331 4797 θύγατερ

1740 4797 2004 4868 Γαλλείμ.
2036 4799 2294 4854 Proxime
2320 4800 2504 4867 itaque
2536 4797 2828 4852 Hebraicis
2861 4797 3209 4868 reddiderint
3247 4813 3330 4868 sa-

1740 4867 2071 4936 pientisSimi
2121 4869 2259 4932 Viri,
2287 4869 2455 4932 Φόϐος
2488 4869 2715 4936 λήψεται
2752 4869 2931 4936 Ῥαμᾶ
2956 4868 3128 4920 πόλων
3155 4867 3331 4918 Σαοὺλ

1742 4938 2024 5005 φεύξεται,
2087 4939 2170 4993 uti
2224 4938 2446 5007 Argent.
2480 4939 2685 5007 aliique
2740 4936 3124 5007 habentivel
3179 4944 3330 5007 certe

1740 5008 1909 5070 Φόϐος
1945 5007 2180 5078 λήψεται
2229 5005 2411 5078 Ῥαμᾶ
2449 5005 2622 5069 πόλιςῖ
2659 5007 2832 5060 Σαοὺλ
2891 5005 3166 5078 φεύξεται.
3222 5005 3331 5078 Ma-

1781 5078 1936 5147 isque
1967 5074 2198 5140 arridet,
2228 5085 2287 5130 ut
2312 5074 2434 5132 loco
2461 5078 2699 5131 nominis
2731 5074 2960 5146 proprii.
2993 5074 3250 5147 quodest
3275 5075 3330 5147 in

1781 5093 1936 5147 isque
1967 5093 2198 5140 arridet,
2228 5093 2287 5130 ιιι
2313 5093 2434 5132 loco
2461 5093 2699 5131 nominis
2731 5093 2960 5146 propru,
2993 5093 3143 5145 quoa
3167 5093 3250 5127 ρει
3275 5093 3330 5130 In

1743 5093 2301 5211 flebrzeomaluerint
2321 5148 2712 5217 appellativum
2731 5163 2934 5214 ponere
2957 5165 2970 5199 :
3000 5160 3101 5214 pro
3119 5144 3330 5217 Γαϐαὰ,

1744 5219 1900 5281 πόλις
1936 5236 1951 5250 ο
1992 5218 2142 5286 quod
2179 5215 2411 5287 proclivi
2448 5232 2640 5272 errore
2699 5217 2992 5285 imperitus
3023 5215 3330 5287 scribaru-

1745 5287 1941 5358 disque
2003 5283 2196 5342 rerum
2232 5288 2623 5358 Hebraiearum
2660 5287 2677 5357 (
2711 5283 3032 5358 ut't‘uerunt
3081 5283 3332 5358 plerique

1744 5354 1944 5429 Graeci)
1965 5357 2361 5429 1:6).tvfeeerit,
2379 5367 2450 5429 Aet
2476 5357 2544 5411 ad
2560 5354 2740 5429 Ῥιιμᾶ
2771 5357 3044 5429 retulerit,
3067 5367 3190 5429 quae
3217 5354 3331 5421 ipsa

1747 5423 1979 5493 civitas;
2010 5443 2074 5482 ac
2098 5427 2141 5481 si
2170 5427 2391 5481 nonnisi
2448 5423 2676 5496 proprio
2705 5426 2879 5489 urbis,
2935 5423 3331 5496 appellativum

1745 5507 1871 5566 apte
1926 5498 2083 5567 jungi
2143 5507 2357 5566 posset,
2413 5493 2523 5552 non
2555 5493 2897 5567 'ipsumrper
2947 5493 3005 5549 se
3063 5493 3217 5562 poni,
3269 5507 3333 5544 ac

1746 5566 1957 5638 proprii
2018 5569 2141 5623 loco
2196 5568 2477 5638 supponi:
2531 5567 2677 5636 quod
2739 5566 2809 5638 sit
2861 5576 3041 5638 tamen
3107 5577 3175 5615 ex
3230 5576 3332 5615 usu

1748 5636 2167 5708 interpretantis
2189 5636 2557 5693 nonverbum
2584 5653 2652 5692 ex
2677 5637 2868 5711 verbo,
2895 5636 3236 5705 sedsensum
3267 5646 3337 5686 ex

1747 5723 1933 5764 sensu.
