3930 6324
608 318 745 384 1155

1784 313 1844 374 S.
1888 311 2173 373 MAXIMI
2208 310 2719 373 CONFESSORIS

3755 311 3867 375 1‘3

603 443 830 485 manans
854 425 1336 498 contemplationis
1378 426 1600 482 habitus
1625 434 1829 496 prmsto
1856 434 1962 491 est,
1988 434 2050 480 ut
2078 425 2175 496 qui

2288 424 2377 495 θὴν
2394 425 2486 478 καὶ
2520 426 2788 495 σωτήριον
2820 424 3132 496 ποταμηδδν
3179 423 3491 497 προχέουσι
3529 423 3865 480 διδασκαλίαν

603 519 885 588 sapientia:
911 518 1175 588 prasbitor
1196 518 1286 573 sit.
1318 518 1433 573 Illis
1457 517 1696 587 denique
1724 515 1927 571 ﬂuvius
1950 522 2054 580 est,
2078 514 2176 584 qui

602 609 749 679 piam
775 618 831 663 et
864 616 1068 662 rectam
1123 623 1187 663 ac
1231 611 1529 663 salutarem
1574 606 1883 663 doctrinam
1932 605 2177 660 ﬂuminis

603 699 776 754 instar
796 700 1019 754 uberem
1043 698 1405 768 profundunt,
1429 700 1580 754 velut
1608 700 1701 768 qui
1731 699 1986 753 homines
2011 705 2177 767 atque

599 790 847 862 iumenta
879 791 1191 859 bestiasque
1214 799 1271 846 et
1316 791 1545 845 arbores
1584 790 1899 859 stirpesque
1933 789 2173 844 ubertim

603 881 876 947 inebriet;
906 896 1016 950 quo
1046 881 1391 935 seilicettum
1421 880 1673 935 homines
1692 879 1896 933 deitate
1921 877 2180 932 imbuan-

606 982 718 1036 tur,
749 987 941 1026 eorum
968 987 1089 1040 qua:
1113 971 1374 1025 dicuntur
1402 969 1733 1025 sublimibus
1762 968 1941 1022 sensis
1964 966 2175 1030 evecti,

608 1071 723 1115 tum
753 1061 847 1130 qui
872 1061 1128 1115 vitiorum
1158 1062 1280 1116 labe
1299 1076 1362 1115 ac
1380 1060 1694 1123 libidinum,
1719 1059 1774 1113 in
1801 1060 2178 1129 jumentorum

606 1161 808 1207 sortem
838 1152 1220 1217 desciverunt,
1275 1153 1496 1206 virtutis
1528 1151 1720 1205 modos
1772 1149 2022 1204 saniores
2052 1146 2186 1202 dili-

605 1253 796 1313 genter
823 1245 1130 1314 praastando
1151 1245 1405 1298 homines
1435 1243 1639 1306 eﬂ‘ecti,
1664 1242 1931 1295 naturalis
1955 1240 2066 1293 vim
2086 1255 2176 1294 ra-

609 1333 775 1387 tionis
815 1335 1084 1404 recipiant
1114 1352 1126 1388 :
1162 1336 1310 1404 iique
1344 1334 1436 1404 qui
1487 1333 1671 1403 pravis
1703 1331 1989 1385 habilibus
2016 1329 2172 1399 501

607 1427 874 1497 malisque
907 1428 1171 1497 operibus
1220 1426 1517 1481 bestiarum
1550 1423 1790 1478 indolem
1841 1422 2175 1486 hauserunt,

606 1517 719 1571 leni
754 1518 1013 1587 mollique
1050 1518 1425 1571 admonitione
1452 1514 1665 1570 deliniti
1708 1528 1773 1567 ac
1796 1511 2058 1575 cicurati,
2111 1510 2180 1564 ad

605 1608 846 1662 nativam
885 1608 1364 1662 mansuetudinem
1394 1604 1624 1660 redeant
1656 1622 1669 1657 :
1695 1620 1759 1657 ac
1792 1602 2053 1671 denique,
2085 1601 2182 1671 qui

2280 516 2356 578 ὡς
2383 516 2725 587 ἀνθρώπους,
2752 516 2848 570 καὶ
2867 519 3038 588 κτήνη
3070 519 3165 571 καὶ
3195 518 3370 588 θηρία
3403 517 3508 571 καὶ
3547 518 3703 586 φυτά
3738 518 3865 586 δτξςο

2283 606 2393 670 λῶς
2414 607 2651 672 ποτίζων
2683 623 2698 638 ⁸
2735 608 2822 662 ἴνα
2855 608 2950 661 καὶ
2992 609 3273 679 ἄνθρωποι
3315 608 3608 670 θεωθῶσι,
3637 610 3751 671 ad;
3780 611 3863 661 τέη

2280 697 2590 768 λεγομένων
2616 699 2925 768 ὑψωθέντες
2951 700 3191 770 νοήμασι
3216 717 3230 729 ’
3266 703 3368 754 καὶ
3416 702 3472 754 οι
3511 700 3862 770 κτηνωθέντες

2280 791 2392 853 τοῖς
2413 791 2632 855 πάθεσι,
2649 791 2737 844 διὰ
2753 792 2852 862 τῆς
2873 792 3135 863 ἀκριϐοῦς
3151 791 3262 845 τῶν
3280 793 3409 846 κατ’
3437 792 3661 862 ἀρετὴν
3676 794 3862 862 τελεῖ-,ν

2282 879 2610 944 ἀποδείξεως
2640 878 3128 951 ὰνθρωπισθέντες,
3159 883 3261 953 τὴν
3313 883 3579 954 φυσικὴν
3625 884 3865 936 ἐπαναλα-

2284 968 2420 1025 ϐωσι
2448 969 2735 1041 λογιότητα
2761 987 2775 1001 ο
2818 972 2914 1025 καὶ
2940 973 2989 1024 οἱ
3028 972 3405 1043 θηριωθέντες
3437 977 3579 1037 ταῖς
3631 976 3864 1042 πονηραῖς

2281 1058 2427 1123 ἕξεσι
2457 1060 2553 1114 καὶ
2593 1063 3019 1130 κακοπραγίαις,
3047 1064 3135 1118 διὰ
3179 1066 3280 1134 τῆς
3324 1065 3669 1135 xpozqvo-B;
3701 1082 3761 1117 τε
3796 1067 3869 1115 1:".

2283 1149 2521 1220 εὐαφοῦς
2555 1153 2933 1224 παραινέσεως
2960 1153 3444 1219 τιθασσευθέντες,
3484 1156 3641 1226 πρὸς
3674 1155 3772 1225 τὴν
3795 1156 3869 1221 τῆς

2284 1242 2500 1311 φύσεως
2524 1244 2891 1297 ἐπανέλθωσιν
2924 1246 3233 1316 ἡμερότητα
3269 1263 3284 1276 .
3322 1248 3424 1299 καὶ
3479 1248 3539 1303 οἱ
3600 1246 3788 1315 φυτῶν

2279 1350 2386 1403 κην
2413 1334 2868 1405 ἀναισθητοῦντες
2892 1337 3002 1389 τῶν
3029 1337 3271 1405 ἀγαθῶν,
3309 1340 3405 1393 διὰ
3441 1340 3556 1407 τῆς
3606 1341 3697 1401 είς
3741 1338 3867 1407 piis;

2279 1426 2375 1479 τοῦ
2391 1426 2552 1495 λόγου
2565 1427 2868 1491 διαϐάσεως
2891 1430 3313 1496 ἁπαλυνθέντες,
3341 1433 3615 1485 λάϐωσιν
3647 1433 3865 1501 αἴσθῃτιτ

2282 1517 2418 1587 πρὸς
2450 1517 2842 1589 καρπογονίαν,
2888 1521 2979 1573 καὶ
2999 1520 3230 1592 δύναμιν
3289 1522 3397 1593 τὴν
3436 1523 3663 1587 αὐτοὺς
3687 1524 3866 1591 διατρέ·

2286 1622 2513 1672 φουσαν,
2540 1606 2634 1659 τοῦ
2674 1607 2833 1675 λόγου
2864 1607 3146 1678 ποιότητα.

605 1696 757 1749 velut
803 1697 1041 1765 stirpes,
1090 1696 1362 1749 bonorum
1427 1707 1651 1748 sensum
1712 1690 2033 1754 amiserunt,
2093 1688 2376 1747 Sermonis
2423 1693 2480 1748 in
2538 1695 2878 1764 profundum
2932 1698 3133 1767 illapsu
3195 1699 3471 1764 emolliti,
3535 1716 3772 1755 sensum
3816 1702 3861 1754 al

604 1784 887 1839 fructuum
941 1785 1270 1854 frugumque
1330 1781 1729 1852 parturigines,
1786 1780 2007 1848 vimque
2059 1781 2397 1849 enutriendi,
2458 1783 2853 1856 pinguedinem
2904 1789 3180 1844 sermonis
3221 1790 3346 1859 (seu
3393 1789 3720 1861 doctrinae)
3754 1793 3863 1845 ausi.

606 1880 785 1949 piant.

677 1974 765 2026 (:8.
799 1972 1029 2026 Divinus
1056 1969 1248 2025 Sermo
1278 1969 1367 2023 via
1398 1977 1483 2024 est
1527 1964 1573 1997 "
1599 1968 1706 2032 bis,
1746 1966 1844 2037 qui
1877 1975 1979 2022 rite
2010 1966 2180 2021 actio-

2355 1966 2455 2037 ξη’.
2497 1970 2647 2036 Ὀδός
2669 1975 2815 2026 ἐστιν
2836 1972 2865 2025 ό
2895 1972 2987 2026 τοῦ
3012 1973 3145 2027 Θεοῦ
3165 1974 3364 2043 Λόγος,
3385 1979 3517 2039 τοῖς
3539 1977 3735 2041 καλῶς
3755 1984 3860 2030 vti

610 2067 697 2120 ris
726 2065 878 2119 cultu
926 2073 1262 2131 strenueque
1296 2060 1522 2115 virtutis
1564 2059 1802 2113 stadium
1838 2058 2178 2124 decurrunt;

606 2170 673 2210 ac
721 2154 817 2223 qui
857 2168 1036 2222 neque
1086 2151 1154 2205 ad
1194 2150 1497 2214 dexteram,
1537 2149 1715 2203 inanis
1749 2150 1939 2219 gloria:
1970 2147 2179 2213 studio,

606 2260 784 2313 neque
813 2244 882 2297 ad
927 2243 1228 2305 sinistram,
1262 2239 1691 2310 proclivioribus
1724 2240 1779 2293 in
1805 2240 1939 2294 vitia
1960 2256 2029 2295 ac
2056 2240 2184 2294 libi-

606 2334 764 2389 dines
790 2334 991 2387 animis
1016 2373 1029 2395 ,
1076 2332 1392 2394 declinant;
1427 2338 1609 2385 rectos
1635 2330 1744 2384 illis
1773 2330 2027 2401 religiosa
2060 2329 2182 2399 pie-

607 2433 719 2479 tate
756 2439 977 2496 gressus
1015 2431 1285 2493 przestans
1313 2436 1452 2491 quos
1496 2436 1621 2474 eum
1678 2422 1786 2475 Asa
1815 2435 1911 2475 rex
1943 2420 2085 2475 Juda
2108 2420 2180 2484 ",

607 2515 753 2570 haud
796 2514 1041 2585 legitime
1078 2515 1134 2567 in
1167 2513 1331 2567 linem
1381 2525 1557 2579 usque
1597 2517 1899 2575 servasset,
1923 2517 2183 2579 vergente

607 2609 715 2679 iam
745 2614 906 2661 aetate
925 2604 1130 2659 dicitur
1151 2602 1395 2657 doluisse
1414 2599 1617 2670 pedes;
1650 2599 1805 2654 velut
1848 2598 2061 2653 scilicet
2086 2597 2185 2652 dc-

608 2696 773 2751 bilior
806 2694 1002 2759 factus,
1031 2710 1193 2763 quam
1230 2708 1331 2762 pro
1351 2691 1608 2746 instituto
1636 2705 1705 2744 ex
1734 2689 1938 2744 divinis
1957 2688 2185 2744 rationi-

607 2785 713 2839 bus
743 2783 1019 2856 (religiosa
1053 2782 1263 2836 scilicet
1292 2776 1518 2849 pietate)
1543 2792 1732 2831 cursu.
2120 2778 2123 2781 ’

676 2876 764 2931 69.
818 2875 913 2929 Dei
970 2873 1162 2927 Sermo
1216 2879 1420 2925 ostium
1464 2869 1777 2938 appellatur
1806 2868 1873 2934 ’⁷,
1911 2867 2063 2923 velut
2092 2866 2181 2934 iis,

608 2965 704 3036 qui
733 2979 954 3019 omnem
1005 2962 1267 3032 prteclare
1310 2961 1579 3015 virtutum
1616 2959 1761 3013 viam
1791 2959 2183 3028 irreprehenso

609 3048 847 3109 actionis
900 3053 1054 3107 cultu
1106 3058 1472 3120 peregerunt,
1533 3049 1744 3103 aditum
1814 3048 2066 3118 pandens
2114 3048 2183 3102 ad

610 3144 934 3208 scientiam;
961 3150 1018 3196 et
1047 3150 1107 3195 ut
1132 3142 1342 3205 lumen,
1385 3140 1546 3211 longe
1569 3139 1943 3195 lucidissimos
1966 3139 2186 3209 sapien-

2281 2055 2379 2127 τὴν
2408 2062 2739 2131 πρακτικὴν,
2766 2063 2857 2115 καὶ
2888 2063 3122 2126 εὐτόνως
3152 2063 3215 2116 τὸ
3239 2064 3341 2134 τῆς
3372 2065 3606 2136 ἀρετῆς
3636 2071 3855 2138 τρέχοιπ

2285 2148 2495 2202 στάδιον
2525 2166 2540 2181 ο
2572 2153 2666 2204 καὶ
2710 2154 2845 2224 μήτε
2875 2154 3024 2218 δεξιὰ
3061 2153 3148 2208 διὰ
3197 2155 3557 2221 κενοδοξίας,
3594 2160 3734 2228 μήτε
3769 2162 3855 2229 ipe

2283 2237 2453 2307 στερᾶ
2480 2238 2569 2292 διὰ
2601 2242 2701 2310 τῆς
2736 2242 2871 2312 πρὸς
2894 2242 2962 2296 τὰ
2989 2241 3137 2315 πάθη
3168 2244 3344 2315 ῥοπῆς
3375 2246 3761 2311 ἐκκλίνουσιν,
3784 2252 3853 2303 e3-

2285 2326 2457 2383 θύνων
2487 2331 2630 2385 κατὰ
2650 2332 2782 2386 Θεὸν
2810 2334 2879 2387 τὰ
2909 2334 3220 2407 διαδήματα
3244 2353 3257 2368 ’
3287 2337 3434 2408 ὅπερ
3478 2340 3573 2403 είς
3620 2342 3771 2405 τέλος
3796 2340 3855 2412 μὴ

2283 2421 2527 2490 φυλάξας
2560 2424 2694 2479 Ἀσὰ
2736 2425 2766 2477 ό
2829 2425 3082 2495 βασιλεὺς
3141 2427 3334 2494 Ἰούδα,
3380 2429 3621 2499 λέγεται
3664 2435 3855 2503 ﬂgiti

2282 2510 2460 2583 γῆρας
2487 2512 2653 2567 αὑτοῦ
2682 2514 3057 2584 πεπονηκέναι
3086 2517 3214 2579 τοὺς
3248 2517 3423 2582 πόδας
3450 2535 3468 2548 ·
3502 2519 3592 2584 ὡς
3625 2525 3753 2593 περὶ
3786 2524 3853 2576 τὲτ

2282 2600 2480 2673 δρόμον
2508 2600 2604 2656 τοῦ
2633 2603 2777 2658 κατὰ
2805 2604 2937 2659 Θεὸν
2968 2605 3086 2676 βίου
3115 2606 3447 2680 ἀσθενήσας.

2354 2861 2453 2930 ἔθ’.
2477 2863 2629 2934 Θύρα
2655 2864 2875 2933 λέγεται
2898 2867 2927 2919 ό
2950 2865 3044 2920 τοῦ
3078 2866 3213 2921 Θεοῦ
3238 2868 3438 2937 Λόγος,
3477 2870 3566 2935 ὠς
3596 2873 3727 2938 τοῦς
3772 2892 3854 2927 ια-

2283 2954 2389 3018 λῶς
2416 2952 2595 3009 πᾶσαν
2627 2956 2949 3025 διηνυκότας
2970 2956 3072 3028 τὴν
3091 2958 3207 3011 ὁδὸν
3235 2959 3348 3012 τῶν
3374 2960 3606 3031 ἀρετῶν
3625 2968 3765 3017 κατὰ
3782 2966 3853 3017 τις
3910 2982 3911 3007 ι

2283 3044 2572 3114 ἄμεμπτον
2607 3044 2806 3116 δρόμον
2859 3046 2960 3115 τῆς
3005 3046 3279 3116 πράξεως,
3325 3049 3470 3118 πρὸς
3525 3052 3734 3118 γνῶσιν
3765 3056 3857 3104 εἱσ-

2287 3134 2441 3205 άγων
2473 3150 2490 3167 ·
2525 3135 2622 3190 καὶ⁵
2653 3134 2729 3200 ὡς
2758 3134 2893 3205 φῶς,
2918 3136 3133 3201 δεικνὺς
3159 3138 3286 3201 τοὺς
3325 3138 3641 3209 πολυφαεῖς
3660 3147 3757 3212 τῆς
3786 3161 3853 3196 οι-

612 3235 701 3289 tia:
725 3235 1013 3289 thesauros
1035 3232 1349 3301 ostendens.
1370 3232 1518 3285 Idem
1544 3231 1688 3285 enim
1718 3239 1774 3285 et
1793 3230 1880 3286 via
1901 3238 1950 3285 el
1981 3231 2180 3285 ostium

2288 3228 2415 3297 φίας
2444 3226 2771 3299 θησαυρούς.
2809 3226 2869 3280 '0
2897 3227 3059 3291 αὐτὸς
3081 3227 3189 3299 γὰρ
3227 3230 3322 3282 καὶ
3349 3230 3474 3295 ὁδός
3492 3233 3621 3285 ἐστι
3658 3236 3752 3286 καὶ
3774 3234 3849 3287 6'3-

610 3335 666 3379 et
716 3323 885 3377 clavis
932 3330 989 3376 et
1014 3336 1243 3391 regnum
1275 3328 1629 3390 nuncupatur
1661 3338 1673 3373 :
1708 3321 1797 3374 via
1839 3321 2084 3390 quidem,
2122 3329 2180 3375 ut

2288 3336 2354 3389 ρα
2385 3318 2479 3371 καὶ
2502 3298 2662 3382 κλεὶς
2714 3320 2809 3371 καὶ
2863 3317 3111 3388 βασιλεία
3136 3298 3167 3351 οῖ
3192 3319 3308 3383 ὁδὸς
3337 3321 3465 3390 μὲν⁹
3507 3324 3593 3387 ὡς
3634 3326 3814 3395 ,πηγάς
3836 3338 3847 3351 .

611 3415 840 3479 ductor;
881 3414 1051 3468 clavis
1084 3419 1289 3477 autem,
1320 3420 1381 3466 ut
1427 3411 1522 3481 qui
1554 3412 1736 3483 dignis
1765 3413 1968 3481 quibus
1997 3411 2185 3467 divina

611 3505 961 3574 prmbeantur
989 3502 1201 3571 aperiat
1224 3509 1281 3556 et
1303 3500 1620 3570 aperiatur;
1649 3500 1851 3555 ostium
1870 3509 2077 3565 autem,
2124 3509 2186 3554 ut

612 3595 729 3663 ipse
754 3592 1044 3656 admissor;
1078 3606 1305 3661 regnum
1333 3589 1596 3658 denique,
1625 3599 1688 3643 ut
1714 3591 1808 3658 qui
1833 3589 2185 3659 possideatur

612 3692 671 3740 et
710 3685 765 3738 in
798 3682 1056 3737 omnibus
1114 3680 1201 3735 sui
1253 3680 1674 3751 participatione
1725 3696 1789 3736 ac
1847 3681 2184 3737 commercio

612 3773 861 3830 exsistat.

685 3865 771 3919 70.
813 3862 1077 3917 Dominus
1107 3861 1201 3915 lux
1248 3858 1577 3930 appellatur,
1625 3866 1684 3912 et
1707 3857 1820 3912 vita
1846 3865 1903 3912 et
1933 3870 2184 3912 resurre-

614 3955 723 4010 ctio
750 3963 915 4023 atque
935 3952 1163 4006 veritas.
1189 3949 1234 3982 ”
1263 3950 1382 4003 Lux
1403 3949 1649 4018 quidem,
1682 3957 1739 4002 et
1771 3958 1833 4001 ut
1870 3946 2182 4001 animorum

614 4045 855 4107 claritas,
880 4050 937 4097 et
960 4050 1019 4096 ut
1044 4042 1236 4111 fugans
1268 4040 1591 4110 ignorantia:
1614 4039 1891 4104 tenebras,
1922 4048 2087 4108 atque
2123 4047 2185 4094 ut

614 4135 682 4188 ad
720 4149 783 4188 ea
845 4148 966 4202 quae
1010 4146 1207 4186 arcana
1254 4137 1416 4195 sunt,
1448 4128 1807 4199 intelligenda
1842 4128 2181 4194 illuminans,

615 4224 853 4295 solisque
874 4222 1079 4276 mundo
1111 4221 1278 4276 corde
1299 4218 1653 4291 aspectabilia
1684 4219 1945 4290 mysteria
1980 4234 2184 4289 propa-

615 4317 764 4381 lans;
799 4314 910 4368 vita
941 4322 1146 4376 autem,
1177 4319 1240 4366 ut
1264 4312 1359 4381 qui
1388 4309 1748 4381 diligentibus
1769 4308 2083 4372 Dominum,
2126 4308 2183 4361 in

617 4407 704 4460 his
726 4420 846 4476 quae
872 4404 1057 4457 divina
1089 4410 1246 4466 sunt,
1282 4409 1490 4455 motum
1540 4399 1814 4470 prazbeat;
1850 4397 2183 4452 resurrectio

616 4512 767 4560 vero,
798 4506 860 4549 ut
880 4494 975 4563 qui
1005 4509 1036 4547 a
1064 4500 1281 4546 mortua
1302 4501 1647 4545 terrenarum
1677 4488 1908 4543 libidine
1939 4494 2181 4541 mentem

2284 3405 2432 3469 κλεὶς
2460 3405 2537 3471 δὲ,
2565 3405 2641 3469 ὡς
2668 3406 2898 3473 ἀνοίγων
2923 3410 3037 3470 τοῖς
3065 3406 3239 3474 ἀξίοις
3267 3408 3378 3461 τῶν
3410 3409 3581 3465 θείων
3601 3414 3698 3466 καὶ
3722 3415 3849 3466 ἀνοιο
3906 3468 3907 3479 η

2282 3494 2513 3565 γόμενος
2542 3509 2559 3526 ·
2626 3493 2766 3566 θύρα
2809 3494 2891 3559 δὲ,
2928 3494 3005 3558 ὡς
3045 3495 3428 3563 είσαγωγεύςσ
3483 3497 3740 3567 βασιλεία
3784 3497 3846 3556 δὲ.
3905 3490 3907 3555 4

2283 3585 2359 3647 ὡς
2421 3584 2949 3656 κληρονομούμενος,
3014 3584 3108 3637 καὶ
3167 3583 3310 3637 κατὰ
3366 3586 3604 3657 μέθεξιν
3636 3589 3696 3640 ὲν
3736 3589 3847 3638 sin

2282 3674 2585 3745 γινόμενος.

2353 3852 2417 3908 o'.
2458 3853 2577 3918 Φῶς
2613 3855 2641 3906 ὁ
2671 3852 2874 3923 Κύριος
2904 3853 3145 3921 λεγεται,
3176 3853 3270 3907 καὶ
3296 3853 3415 3925 ζωὴ
3440 3857 3546 3908 καὶ
3572 3856 3844 3917 ἀνάστασις

2284 3946 2381 4000 καὶ
2417 3945 2664 4016 ἀλήθεια.
2695 3944 2814 4008 Φῶς
2856 3946 2979 4014 μὲν,
3033 3944 3125 3997 καὶ
3160 3944 3237 4008 ὡς
3285 3945 3624 4016 λαμπρότης
3662 3946 3839 4016 ψυχίι).

2285 4028 2377 4093 καὶ
2406 4037 2482 4103 ὡς
2526 4037 2746 4106 ἀγνοίας
2787 4037 3012 4100 σκότους
3054 4036 3320 4107 διώκτης·
3350 4038 3449 4091 καὶ
3492 4038 3575 4103 ὡς
3622 4041 3839 4110 φωτίζων

2285 4128 2375 4182 τὸν
2406 4126 2531 4181 νοῦν
2566 4127 2702 4198 πρὸς
2728 4128 3055 4197 κατανόησιν
3081 4125 3189 4180 τῶν
3222 4128 3564 4198 ἀπορρήτων
3586 4146 3602 4159 ·
3635 4132 3729 4182 καὶ
3752 4129 3835 4179 8e:-

2286 4218 2435 4282 κνὺς,
2455 4215 2522 4270 τὰ
2549 4216 2732 4285 μόνοις
2765 4214 2934 4269 θεατὰ
2962 4217 3076 4278 τοῖς
3104 4215 3368 4283 καθαροῖς
3394 4221 3691 4288 μυστήρια
3708 4236 3724 4250 ·
3751 4218 3837 4281 ζωὴ

2283 4306 2361 4371 δὲ,
2398 4305 2472 4368 ὡς
2508 4308 2609 4377 τὴν
2646 4305 2961 4376 πρέπουσαν
2999 4305 3199 4375 ψυχαῖς
3225 4306 3565 4373 ἀγαπώσαις
3616 4309 3709 4361 τὸν
3748 4308 3836 4359 Ki-

2286 4413 2401 4466 ριον
2428 4397 2486 4449 ὲν
2514 4399 2629 4459 τοῖς
2657 4395 2822 4458 θείοις
2853 4396 3229 4465 παρεχόμενος
3258 4395 3485 4465 κίνησιν
3523 4414 3538 4426 ·
3569 4398 3836 4457 hastam;

2283 4486 2361 4550 δὲ,
2388 4484 2463 4549 ὡς
2492 4485 2591 4555 τῆς
2619 4486 2820 4555 νεκρᾶς
2851 4484 2958 4538 τῶν
2985 4483 3185 4537 ὑλικῶν
3214 4486 3605 4555 προσπαθείας
3638 4490 3835 4557 ἑγεξρυ

618 4587 949 4645 exsuscitet,
991 4583 1173 4637 omnis
1215 4582 1434 4651 generis
1478 4579 1852 4648 corruptionis
1880 4576 2180 4632 mortiﬁca-

2288 4577 2378 4629 τὸν
2402 4575 2547 4640 νοῦν,
2584 4575 2791 4646 φθοράς
2815 4574 3074 4637 παντοίας
3103 4573 3347 4645 καθαρὸν
3370 4577 3470 4629 καὶ
3499 4580 3833 4648 νεκρότητος³

618 4676 896 4745 tionisque
926 4675 1047 4728 labe
1070 4688 1295 4743 puram;
1321 4686 1384 4725 ac
1407 4671 1629 4725 demum
1661 4670 1881 4733 veritas,
1912 4670 2064 4723 velut
2083 4669 2184 4723 im-

617 4767 936 4823 mutabilem
976 4767 1247 4820 bonorum
1287 4764 1534 4820 habitum
1557 4804 1571 4831 ,
1609 4763 1697 4818 his
1740 4763 1834 4834 qui
1869 4763 2019 4834 digni
2050 4764 2181 4830 sint,

619 4857 874 4913 munifice
897 4863 1181 4927 praestans.

687 4950 773 5003 7|.
807 4948 903 5003 Dei
950 4946 1174 5016 quidem
1221 4961 1284 5000 ac
1313 4943 1491 5000 Patris
1531 4944 1677 4997 Deus
1706 4942 1920 5006 Sermo,
1955 4939 2185 4995 cuilibet

620 5040 848 5113 mystice
878 5039 1041 5103 inest,
1077 5053 1291 5101 eorum,
1320 5050 1442 5105 quae
1468 5040 1738 5104 praecepta
1778 5032 1846 5086 ab
1894 5046 1961 5086 eo
1994 5038 2126 5085 sunt
2165 5046 2180 5083 :

620 5132 872 5201 Deusque
915 5145 977 5184 ac
1005 5130 1166 5184 Pater
1200 5136 1349 5181 totus
1389 5125 1445 5179 in
1487 5132 1602 5179 toto
1627 5122 1957 5178 naturaliter
2000 5121 2179 5185 inest,

619 5225 767 5278 nulla
813 5221 1098 5283 distantia,
1145 5219 1409 5273 Sermone
1453 5231 1554 5272 suo
1581 5224 1639 5271 et
1661 5215 1865 5271 Verbo.
1889 5212 1994 5278 Qui
2015 5212 2186 5283 igitur

618 5315 862 5370 divinum
897 5311 1215 5365 mandatum
1259 5309 1490 5379 suscipit
1539 5307 1800 5377 facitque,
1830 5306 2187 5361 exsistentem

618 5399 674 5452 in
705 5398 800 5453 illo
816 5397 1062 5451 divinum
1104 5394 1423 5451 Sermonem
1467 5391 1721 5461 suscipit.
1743 5389 1847 5457 Qui
1877 5398 2059 5444 autem
2090 5402 2189 5457 per

615 5489 870 5543 mandata
921 5486 1080 5556 502
1134 5485 1454 5541 Sermonem
1499 5482 1826 5552 susceperit,
1869 5496 1970 5551 per
2007 5479 2186 5549 ipsum

615 5590 725 5631 una
747 5572 975 5646 quoque
1009 5576 1066 5629 in
1109 5589 1177 5630 eo
1209 5574 1538 5629 naturaliter
1578 5572 1939 5627 exsistentem
1966 5570 2187 5625 Patrem

2284 4666 2512 4738 ἀλήθεια
2530 4666 2606 4730 δὲ,
2622 4665 2698 4729 ὡς
2712 4664 2822 4730 ἕξιν
2837 4664 2946 4718 τῶν
2967 4663 3189 4733 ἀγαθῶν
3202 4667 3317 4728 τοῖς
3331 4665 3514 4732 ἀξίοις
3525 4666 3838 4739 δωρούμενος

2278 4757 2566 4828 ἄτρεπτον.
2635 4827 2645 4833 _

2350 4932 2452 4988 οα’.
2492 4933 2551 4986 '0
2600 4932 2699 5004 μὲν
2746 4931 2839 4987 τοῦ
2884 4931 3042 5001 Θεοῦ,
3086 4932 3179 4987 καὶ
3221 4934 3438 5006 Πατρὺς
3474 4936 3618 5000 Θεὸς
3673 4937 3833 5002 Λόγος.

2291 5023 2496 5095 ἑκάστῃ
2524 5023 2801 5094 μυστικῶς
2821 5026 3118 5096 ἐνυπάρχει
3147 5024 3258 5080 τῶν
3291 5011 3516 5083 οἰκείων
3543 5029 3765 5083 ἐντολῶν
3784 5027 3836 5076 ’ὁ

2287 5114 2344 5167 δὲ
2366 5115 2499 5179 Θεὸς
2524 5115 2621 5169 καὶ
2655 5114 2846 5187 Πατὴρ
2866 5155 2882 5181 ,
2910 5116 3031 5180 ὅλος
3067 5118 3215 5172 ἐστὶν
3241 5118 3557 5189 ἀχώριστος
3576 5123 3638 5175 ὲν
3660 5122 3758 5189 ὅλῳ
3779 5116 3836 5183 τῷ

2285 5208 2471 5278 οἰκείῳ
2487 5208 2647 5277 Λόγῳ
2669 5206 2934 5276 φυσικῶς.
2951 5207 3009 5261 ’0
3028 5207 3210 5261 τοίνυν
3229 5208 3531 5277 δεχόμενος
3555 5210 3835 5264 θείανὺτιο

2284 5299 2385 5371 λὴν
2418 5300 2512 5353 καὶ
2538 5298 2709 5352 ποιῶν
2738 5299 2930 5369 αὐτὴν,
2960 5297 3051 5352 τὸν
3084 5300 3144 5352 ὲν
3184 5299 3322 5369 αὐτῇ
3351 5298 3451 5351 τοῦ
3481 5298 3626 5353 Θεοῦ
3655 5300 3831 5368 δέχεται

2285 5391 2480 5460 Λόγον.
2524 5390 2582 5443 '0
2612 5389 2669 5442 δὲ
2698 5388 2789 5443 τὸν
2818 5388 2991 5458 Λόγον
3013 5388 3100 5443 διὰ
3122 5388 3229 5441 τῶν
3263 5388 3503 5442 ἐντολῶν
3541 5391 3829 5460 δεξάμενος.

2283 5479 2351 5534 δι’
2380 5478 2547 5532 αὐτοῦ
2587 5478 2678 5532 τὸν
2706 5479 2764 5531 ἐν
2790 5477 2939 5545 αὐτῷ
2970 5476 3216 5546 φυσικῶς
3244 5477 3374 5531 ὄντα
3402 5478 3733 5543 συνεδέξατο
3756 5477 3829 5528 Il:-

2284 5568 2439 5640 τέρα,
2468 5568 2560 5621 καὶ⁵
2600 5567 2661 5620 τὸ
2684 5568 2742 5620 ὲν
2774 5566 2925 5637 αὐτῷ
2953 5565 3202 5635 φυσικῶς
3238 5564 3299 5621 ὃν
3335 5566 3669 5635 πηδέξατο
3695 5561 3829 5621 ιινὰ-

695 5738 737 5769 ²⁵
765 5750 920 5805 Joan.
944 5765 1051 5817 xiv,
1078 5751 1131 5805 6.
1207 5751 1253 5784 "
1288 5750 1357 5805 Ill
1380 5751 1513 5819 Reg.
1540 5765 1629 5818 xv,
1652 5748 1741 5803 9.5.
1814 5750 1858 5781 ³⁷
1879 5748 2108 5816 Joan.x,
2141 5747 2195 5802 9.
2274 5745 2321 5780 ’⁸
2342 5746 2498 5804 Joan.
2530 5760 2645 5814 vin,
2675 5744 2773 5812 12;
2798 5760 2872 5811 xl,
2901 5744 3004 5810 25;
3034 5761 3143 5812 xw,
3178 5745 3231 5802 6.
