3930 6324
57 361 190 424 1157

878 358 1212 419 CAPITUM
1251 357 1522 416 THEOL.
1562 357 1658 415 ΕΤ
1698 357 1931 417 (ECON.
1975 357 2356 420 CENTURIA
2399 361 2480 420 II.

3199 367 3331 434 1ὶῖιῖ

57 473 386 542 μα.’Λμὴν
414 468 542 538 γάρ.
581 484 734 538 φησι,
769 467 926 537 λέγω
965 468 1128 537 ὑμῖν,
1155 471 1190 521 ὁ
1213 467 1538 537 λαμϐάνων
1576 468 1650 519 ὅν
1677 514 1688 542 Α

1777 467 2024 536 ηιιεοορίη
2050 477 2216 538 atque
2247 469 2302 522 in
2328 485 2394 523 co
2419 469 2743 524 naturaliter
2767 471 2933 526 etiam
2969 474 3326 530 exsistuntem

55 579 200 616 τινα
228 563 472 630 πέμψω,
494 559 598 628 ἐμὲ
625 558 916 628 λαμϐάνει
944 574 958 588 ο
994 562 1026 612 ό
1069 559 1138 612 δὲ
1169 559 1274 628 ἐμὲ
1303 557 1646 628 λαμϐάνων,

55 651 366 720 ,λαμϐάνει
421 651 530 704 τὸν
585 649 906 719 πέμψαντά
952 666 1048 718 με.
1083 649 1144 704 '0
1174 648 1300 718 γοῦν
1325 649 1544 720 ἐντολὴν
1567 649 1652 702 δε-

61 741 310 813 ξάμενος
335 743 428 794 καὶ
466 743 698 810 ποιήσας
747 742 938 812 αὐτὴν,
969 741 1150 796 λαϐὼν
1202 741 1314 811 ἔχει
1378 739 1655 811 μυστικῶς

57 835 162 902 τὴν
188 833 364 900 ἁγίαν
395 831 620 900 Τριάδα.

135 1011 240 1082 οβ’.
273 1011 504 1076 Δοξάξει
547 1012 638 1065 τὸν
669 1012 804 1065 Θεὸν
829 1013 885 1064 ἐν
921 1011 1120 1082 ἐαυτῷ,
1157 1011 1254 1083 οὐχ
1285 1013 1312 1064 ό
1343 1013 1522 1081 λόγοις
1564 1013 1658 1082 μό-

59 1121 156 1158 νον
183 1105 474 1174 γεραίρων
511 1105 604 1157 τὸν
626 1104 775 1166 Θεὸν,
798 1104 912 1158 ἀλλ’
938 1107 966 1158 ό
987 1104 1076 1157 διὰ
1101 1105 1192 1157 τὸν
1219 1105 1350 1159 Θεὸν
1373 1106 1514 1176 ὑπὲρ
1537 1106 1658 1176 ἁρε-

59 1197 167 1265 τῆς
195 1196 268 1248 τά
297 1197 410 1247 τῶν
449 1196 626 1250 πόνων
658 1197 945 1266 ὑπομένων
997 1195 1298 1264 παθήματα
1331 1209 1342 1224 ·
1375 1197 1470 1248 καὶ
1515 1197 1660 1248 ἀντι-

60 1287 364 1353 δοξάζεται
389 1287 542 1358 παρὰ
573 1286 743 1351 Θεοῦ,
775 1285 874 1356 τὴν
921 1289 978 1338 ὲν
1025 1285 1102 1355 τῷ
1154 1286 1272 1355 Θεῷ
1323 1285 1498 1352 δόξαν,
1549 1281 1658 1338 οἷον

62 1379 282 1449 ἀρετῆς
314 1377 552 1431 ἔπαθλον
575 1377 712 1430 κατὰ
739 1377 958 1447 μέθεξιν
983 1377 1081 1448 τὴν
1107 1378 1204 1446 τῆς
1253 1377 1524 1439 ἀπαθείας
1569 1394 1660 1428 κο-

65 1467 382 1540 μιζόμενος
415 1470 575 1539 χάριν
601 1469 698 1540 (Ιι).
733 1470 844 1532 Πᾶς
875 1470 982 1539 γὰρ
1003 1472 1032 1522 ὁ
1062 1471 1300 1536 δοξάζων
1327 1469 1418 1523 τὸν
1439 1469 1572 1522 Θεὸν
1603 1469 1659 1521 ἐν

64 1559 252 1630 ἐαυτῷ
279 1560 376 1614 διὰ
395 1559 504 1614 τῶν
528 1562 668 1614 κατὰ
696 1561 796 1631 τὴν
824 1561 1137 1632 πρακτικὴν
1159 1563 1299 1632 ὑπὲρ
1324 1561 1526 1633 ἀρετῆς
1559 1578 1662 1614 πα-

65 1651 364 1721 θημάτων,
403 1650 496 1703 καὶ
533 1651 692 1714 αὐτὸς
743 1653 802 1705 ἐν
840 1650 918 1722 τῷ
943 1651 1064 1723 Θεῷ
1095 1652 1412 1717 δοξάζεται,
1448 1655 1534 1706 διά
1562 1655 1662 1721 τῆς

65 1739 216 1792 κατὰ
243 1739 350 1810 τὴν
384 1738 618 1810 θεωρίαν
657 1739 903 1803 ἀπαθοῦς
947 1741 1055 1796 τῶν
1104 1741 1264 1794 θείων
1318 1739 1654 1811 ἐλλάμψεως.

1753 558 1999 627 suscepit
2039 557 2304 626 Spiritum
2344 568 2618 612 sanctum.
2651 561 2743 614 Ait
2791 564 2940 616 enim
2971 581 2982 616 :
3020 565 3187 620 Amen
3217 567 3332 622 dico

1753 646 1912 712 vobis,
1947 649 2038 718 qui
2067 649 2256 718 accipit
2289 649 2334 702 si
2359 666 2510 718 quem
2533 653 2740 716 misero,
2771 670 2850 706 me
2873 655 3096 725 accipit;
3123 657 3213 726 qui
3235 674 3334 712 au-

1755 745 1858 790 tem
1885 755 1964 790 me
1990 741 2198 808 accipit,
2235 741 2423 810 accipit
2448 757 2564 794 cum
2597 744 2686 812 qui
2719 761 2799 796 me
2837 746 2978 798 misit
2999 747 3064 800 ”.
3097 745 3200 812 Qui
3219 749 3326 818 igi-

1757 839 1848 884 tur
1899 829 2214 883 mandatum
2267 832 2478 900 accepit
2509 833 2756 903 illudque
2791 835 2958 902 fecit,
3003 845 3176 892 totam
3209 855 3328 911 my-

1755 920 1892 974 stice
1909 931 2154 975 sanetam
2189 921 2513 976 Trinitatem
2547 926 2780 994 accepit.

1827 1013 1914 1066 72.
1953 1013 2012 1066 In
2050 1013 2233 1082 seipse
2263 1013 2434 1068 Deum
2464 1015 2752 1082 clariﬁcat,
2782 1035 2892 1072 non
2919 1019 3218 1088 quiverbis
3241 1035 3334 1076 sa-

1755 1103 2038 1157 lnmmodo
2083 1103 2254 1156 Deum
2296 1103 2566 1168 honorat,
2616 1106 2711 1160 sed
2739 1108 2832 1176 qui
2869 1119 3093 1178 propter
3126 1111 3334 1174 Deum,

1756 1207 1978 1249 Vll‘llllls
2010 1209 2173 1247 causa
2195 1235 2208 1257 ,
2255 1193 2504 1247 laborum
2543 1197 2822 1252 molestias
2868 1207 3032 1267 atque
3062 1217 3338 1255 aerumnas

1755 1283 2031 1351 patienter
2075 1285 2300 1350 tolerat;
2345 1284 2700 1356 vicissimque
2744 1288 3082 1342 clarilieatur
3123 1306 3153 1344 a
3185 1292 3335 1352 Deo,

1758 1374 1852 1442 qui
1885 1375 2190 1428 claritatem
2228 1391 2349 1443 qua:
2391 1375 2444 1429 in
2477 1377 2588 1430 Deo
2619 1387 2724 1442 est,
2767 1379 2920 1432 velut
2949 1380 3168 1435 virtutis
3197 1397 3338 1450 prae-

1759 1465 1950 1530 mium,
1980 1467 2348 1542 ejusquodam
2371 1468 2726 1532 commercio,
2761 1468 3146 1538 imperturbati
3170 1473 3338 1526 animi

1759 1572 1822 1610 ac
1849 1557 2130 1626 tranquilli
2159 1573 2359 1612 munus
2397 1558 2619 1612 referat.
2653 1559 2914 1628 Quisquis
2940 1562 3086 1616 enim
3115 1563 3342 1617 virtutis

1760 1663 1922 1702 causa
1953 1664 2054 1718 pro
2093 1649 2256 1703 activi
2302 1665 2532 1704 munere
2566 1649 2784 1705 labores
2809 1651 3131 1706 desudando
3161 1653 3336 1708 Deum

1761 1735 2186 1810 clarificat,'ipse
2233 1741 2395 1794 etiam
2423 1757 2451 1794 a
2477 1741 2589 1794 Deo
2625 1740 2980 1806 clarilicatur,
3007 1759 3106 1812 per
3139 1743 3342 1814 imper-

63 1830 210 1900 Φησὶ
235 1829 354 1901 γὰρ
381 1832 411 1882 ὀ
453 1830 656 1901 Κύριος
703 1830 796 1883 ἐπὶ
847 1831 907 1884 τὸ
956 1831 1128 1896 πάθος
1175 1833 1506 1903 ἐρχόμενος’
1535 1834 1664 1886 Νῦν

1777 1831 1968 1884 turbati
1999 1831 2168 1885 animi
2205 1832 2643 1902 contemplandis
2665 1833 2867 1886 divinis
2891 1832 3338 1890 illustrationem.

65 1919 387 1988 ἐδοξάσθη
417 1923 450 1974 ό
488 1923 618 1987 Υἱὸς
651 1921 756 1977 τοῦ
778 1923 1112 1992 ἀνθρώπου,
1135 1923 1234 1976 καὶ
1277 1927 1310 1977 ὀ
1345 1925 1489 1988 Θεὸς
1533 1923 1662 1978 ἐδο-

67 2012 274 2080 ξάσθη
298 2013 372 2064 ἐν
401 2012 579 2078 αὐτῷ.
609 2017 678 2068 Εἰ
707 2019 738 2068 ό
768 2015 906 2076 Θεὸς
940 2014 1240 2082 ἐδοξάσθη
1262 2015 1332 2068 ἐν
1352 2013 1510 2080 αὐτῷ
1531 2054 1543 2076 ,
1563 2015 1660 2068 καὶ

69 2105 102 2153 ό
128 2103 279 2168 Θεὸς
309 2103 564 2168 δοξάσει
590 2106 779 2159 αὐτὸν
817 2107 885 2160 ἐν
909 2105 1100 2172 ἑαυτῷ
1129 2123 1145 2140 ⁸
1187 2109 1286 2161 καὶ
1334 2108 1516 2172 εὐθὺς
1559 2105 1658 2159 δο-

71 2193 252 2254 ξάσει
293 2197 508 2252 αὐτόν.
551 2196 641 2260 Ὠς
689 2197 939 2250 ἐντεῦθεν
991 2193 1131 2251 εἶναι
1177 2199 1365 2268 δῆλον,
1413 2201 1495 2252 ὅτι
1549 2199 1662 2260 τοῖς

72 2286 220 2355 ὑπὲρ
248 2286 462 2357 ἀρετῆς
491 2287 831 2360 παθήμασιν,
862 2290 1288 2344 ἐπακολουθοῦσι
1318 2291 1388 2344 τὰ
1415 2289 1536 2344 θεῖα
1563 2307 1663 2360 χα-

79 2395 345 2448 ρίσματα.

150 2552 253 2622 ογ’.
289 2554 444 2618 Ἕως
473 2555 564 2608 τὸν
587 2555 646 2608 ἐν
688 2557 765 2627 τῷ
797 2557 944 2630 ῥητῷ
977 2557 1037 2630 (ἱ)
1064 2557 1161 2628 τῆς
1223 2557 1384 2626 ἁγίας
1443 2557 1668 2628 Γραφῆς

79 2645 353 2708 ποικίλως
407 2645 494 2698 διὰ
513 2645 622 2698 τῶν
661 2648 1000 2718 αἰνιγμάτων
1035 2641 1506 2716 σεσωματωμένον
1534 2647 1668 2718 όρῶ-

85 2755 186 2808 μεν
219 2739 314 2792 τὸν
362 2737 458 2792 τοῦ
489 2737 624 2792 Θεοῦ
671 2741 866 2808 Λόγον,
912 2739 1063 2793 οὔπω
1095 2741 1186 2793 τὸν
1230 2739 1522 2810 ἀσώματον
1573 2739 1668 2792 καὶ

83 2829 294 2883 ἁπλοῦν
329 2831 426 2882 καὶ
471 2831 668 2882 ἐνιαϊον
699 2832 792 2883 καὶ
835 2831 1028 2900 μόνον,
1067 2829 1143 2892 ὡς
1176 2831 1233 2882 ἐν
1267 2829 1545 2900 ἀσωμάτῳ
1573 2829 1669 2882 καὶ

85 2921 248 2991 ἁπλῷ
275 2921 377 2975 καὶ
413 2921 604 2990 ὲνιαίῳ
629 2923 726 2974 καὶ
777 2921 922 2992 μόνῳ
957 2921 1070 2992 Υἱῴ
1113 2921 1319 2992 νοητῶς
1363 2920 1671 2992 τεθεάμεθα

85 3012 334 3082 Πατέρα,
397 3011 541 3064 κατὰ
582 3009 643 3064 τὸ
673 3049 689 3075 ,
732 3010 796 3064 Ὀ
847 3011 1117 3078 ἑωρακὼς
1155 3011 1259 3081 ἐμὲ
1311 3011 1532 3080 ἑώρακε
1565 3012 1672 3065 τόν

88 3105 348 3173 Πατέρα.
393 3105 547 3160 Καί·
590 3104 736 3174 Ἐγὼ
759 3105 830 3159 ἐν
875 3103 956 3171 τῷ
1007 3105 1220 3174 Πατρὶ,
1254 3107 1353 3160 καὶ
1405 3109 1438 3160 ὁ
1472 3105 1670 3176 Πατὴρ

89 3195 156 3248 ἐν
184 3197 344 3265 ἐμοί.
377 3193 590 3263 Πολλῆς
610 3191 702 3248 οὖν
725 3195 884 3266 χρεία
909 3196 1008 3266 τῆς
1031 3196 1364 3266 ἐπιστήμης,
1392 3195 1532 3248 ὥστε
1558 3195 1668 3248 δια-

91 3281 288 3346 δύντας
315 3283 584 3354 πρότερον
619 3283 690 3336 τὰ
736 3283 866 3354 περὶ
895 3284 984 3336 τὸν
1013 3283 1184 3352 Λόγον
1241 3285 1350 3337 τῶν
1412 3283 1673 3354 ῥημάτων

93 3375 456 3448 καλύμματα.
487 3373 630 3428 οὕτω
681 3375 872 3445 γυμνῷ
913 3374 990 3444 τῷ
1021 3374 1101 3426 νοῒ
1130 3374 1366 3446 καθαρὸν
1386 3377 1548 3428 αὐτὸν
1589 3376 1673 3444 ἐφ’

99 3467 292 3520 ἑαυτὸν
327 3465 545 3518 ἑστῶτα
580 3465 880 3518 θεάσασθαι
909 3465 1070 3537 [unus
1093 3465 1220 3536 Reg.
1245 3466 1552 3538 τεθεᾶσθαι]
1581 3467 1673 3520 τὸν

97 3556 289 3624 Λόγον,
332 3558 426 3610 τὸν
449 3557 506 3609 ἐν
537 3555 716 3626 ἐαυτῷ
745 3557 932 3624 σαφῶς
960 3557 1036 3620 ὡς
1103 3557 1324 3625 ἐφικτὸν
1367 3549 1673 3629 ἀνθρώποις

97 3646 188 3700 τὸν
213 3648 436 3719 Πατέρα
469 3647 774 3701 δεικνύντα.
811 3648 1010 3718 Διόπερ
1039 3648 1255 3716 ἀνάγκη
1300 3650 1390 3701 τὸν
1435 3649 1673 3714 εὐσεϐῶς

98 3735 188 3790 τὸν
219 3736 352 3789 Θεὸν
390 3734 779 3804 ἐπιζητοῦντα,
809 3735 1000 3806 μηδενὶ
1045 3736 1364 3803 κρατεῖσθαι
1392 3739 1562 3806 ῥητῷ,
1589 3739 1676 3790 ἵνα

103 3827 178 3896 μὴ
207 3829 328 3881 ἀντὶ⁵
361 3828 524 3892 Θεοῦ,
552 3828 620 3881 τὰ
646 3827 772 3900 περὶ
796 3827 929 3881 Θεὸν
955 3827 1095 3899 λάθῃ
1119 3826 1296 3880 λαϐών
1328 3845 1340 3858 ·
1377 3829 1674 3892 τουτέστιν,

100 3919 220 3972 ἀντὶ
239 3919 332 3973 τοῦ
387 3919 695 3988 Λόγου,τὰ
739 3919 877 3990 ῥητὰ
919 3918 1162 3989 στέργων
1205 3917 1523 3988 ἐπισφαλῶς
1579 3919 1676 3986 τῆς

99 4009 339 4081 Γραφῆς,
360 4012 458 4066 τοῦ
490 4011 664 4079 Λόγου
686 4011 1036 4080 διαφυγόντος
1066 4009 1156 4062 τὸν
1182 4008 1307 4063 νοῦν
1356 4010 1419 4062 ἐκ
1449 4009 1558 4062 τῶν
1585 4027 1680 4062 πε-

105 4103 464 4174 ριϐλημάτων
481 4103 704 4175 κρατεῖν
731 4102 994 4156 δοκοῦντα.
1019 4101 1110 4155 τὸν
1136 4100 1430 4169 ἀσώματον
1460 4103 1632 4170 Λόγον
1662 4121 1675 4134 ·

103 4197 243 4248 κατά
283 4212 348 4264 γε
390 4195 494 4268 τὴν
527 4193 852 4262 Αἰγυπτίαν,
883 4193 982 4264 τὴν
1027 4193 1102 4262 μὴ
1141 4191 1236 4244 τοῦ
1275 4191 1498 4264 Ἰωσὴφ,
1543 4192 1680 4248 ἀλλὰ

103 4283 210 4336 τῶν
259 4285 426 4340 αὐτοῦ
483 4283 886 4355 ἐπιλαϐομένην
953 4284 1186 4354 ἱματίων
1214 4299 1228 4316 ο
1259 4281 1368 4350 ,καὶ
1413 4285 1538 4347 τοὺς
1573 4301 1678 4336 πα-

105 4375 286 4441 λαιοὺς
315 4375 644 4449 ἀνθρώπους
666 4413 681 4440 ,
710 4377 757 4429 οἱ
790 4375 925 4448 μόνῃ
957 4379 1023 4446 τῇ
1064 4376 1369 4447 εὐπρεπείᾳ
1397 4377 1504 4431 τῶν
1545 4379 1680 4450 ὁρω-

1761 1923 1853 1978 Αἰι
1880 1925 2027 1978 enim
2049 1925 2312 1978 Dominus
2344 1925 2410 1979 ad
2433 1925 2742 1994 passionem
2767 1924 2973 1978 vadens
3008 1942 3020 1977 :
3051 1925 3205 1979 Nunc
3230 1924 3341 1979 cla-

1763 2017 2002 2086 riﬁcams
2034 2023 2110 2068 est
2155 2015 2319 2070 Filius
2375 2017 2619 2082 hominis,
2661 2023 2710 2068 et
2745 2013 2886 2069 Deus
2917 2015 3239 2084 cluri/icatus
3267 2023 3342 2072 est

1762 2108 1816 2160 in
1847 2122 1925 2159 co.
1973 2105 2030 2160 Si
2055 2105 2194 2159 Deus
2225 2105 2546 2173 clari/iratus
2582 2114 2658 2159 est
2685 2106 2736 2159 in
2772 2121 2852 2170 eo,
2882 2113 2930 2158 et
2973 2105 3112 2159 Deus
3146 2105 3347 2172 clarifi-

1765 2197 1899 2251 cabit
1948 2213 2066 2250 cum
2123 2197 2178 2250 in
2241 2197 2556 2267 semetipso,
2607 2205 2654 2250 et
2713 2198 2958 2250 continuo
3023 2195 3345 2264 cluriﬁcabit

1764 2303 1885 2341 eum
1912 2287 1978 2340 ³ο.
2001 2286 2074 2342 Ut
2099 2286 2228 2341 inde
2247 2287 2426 2356 palam
2457 2293 2644 2355 queat,
2689 2285 2877 2341 divina
2903 2301 3136 2339 munera
3186 2285 3345 2338 labo—

1765 2395 1854 2434 res
1890 2379 2144 2433 comitari
2197 2393 2338 2447 quos
2393 2377 2620 2430 virtutis
2669 2391 2833 2430 causa
2888 2377 3247 2440 sustinemus,
3283 2390 3347 2430 ac

1764 2486 2058 2526 aarumnas.

1839 2563 1924 2617 7'5.
1958 2559 2214 2628 Quandiu
2239 2559 2293 2614 in
2323 2573 2494 2613 sacra:
2530 2557 2833 2629 Scriptura:
2859 2559 3050 2615 littera
3081 2559 3232 2614 varie
3251 2575 3349 2629 per

1767 2651 2056 2721 aenigmata
2107 2648 2204 2703 Dei
2241 2648 2568 2704 Sermonem
2619 2655 2974 2718 corporatum
3029 2648 3346 2712 cernimus,

1768 2741 2013 2796 nondum
2053 2740 2442 2810 incorporeum
2474 2739 2894 2808 simplicemque
2927 2739 3258 2809 singularem
3286 2754 3349 2793 ac

1769 2832 2017 2896 unicum,
2052 2831 2206 2885 velut
2242 2831 2298 2884 in
2333 2830 2663 2898 incorporeo
2691 2837 2746 2884 et
2779 2829 3016 2898 simplici
3045 2845 3108 2883 ac
3155 2827 3345 2898 singu-

1769 2923 1870 2978 lari
1893 2931 2056 2992 atque
2088 2922 2254 2977 unico
2285 2921 2447 2986 Filio,
2473 2920 2716 2976 vidimus
2743 2921 2988 2986 Patrem,
3023 2921 3177 2990 juxta
3199 2919 3345 2990 quod

1771 3016 2036 3086 scriptum
2059 3023 2143 3070 est
2170 3031 2184 3068 :
2211 3013 2313 3078 Qui
2353 3013 2480 3068 vidit
2514 3029 2622 3077 me,
2653 3013 2782 3066 vidit
2813 3021 2860 3065 et
2891 3011 3110 3066 Patrem
3149 3013 3214 3066 ".
3245 3011 3346 3066 Et:

1773 3107 1887 3178 Ego
1913 3107 1968 3160 in
1995 3105 2180 3168 Patre,
2217 3113 2266 3158 et
2283 3103 2446 3158 Pater
2471 3106 2526 3157 in
2558 3120 2641 3158 me
2664 3113 2736 3158 est
2757 3104 2820 3157 3'.
2848 3103 3037 3174 Magna
3075 3118 3208 3174 ergo
3245 3118 3349 3158 no-

1699 3171 1740 3228 C
1774 3171 1861 3254 bis
1891 3213 2029 3268 opus
2056 3196 2278 3250 solertia
2308 3205 2412 3262 est,
2453 3205 2515 3250 ut
2538 3195 2822 3265 perruptis
2857 3171 3014 3264 prius
3050 3171 3348 3250 verborum

1774 3288 2187 3358 integumentis,
2216 3289 2362 3342 circa
2399 3287 2722 3343 Sermonem
2751 3303 2848 3342 seu
2869 3287 3107 3342 Verbum
3135 3295 3350 3341 exstan-

1774 3381 1922 3435 tibus
1971 3379 2261 3450 ipsumque
2313 3379 2813 3443 convestientibus,
2851 3379 2930 3433 sic
2977 3377 3124 3432 nuda
3167 3387 3351 3433 mente

1775 3472 1956 3542 ipsum
1990 3472 2046 3525 in
2076 3487 2134 3526 se
2159 3487 2360 3540 purum
2405 3487 2504 3541 per
2533 3485 2592 3526 se
2621 3472 2976 3526 exsistentem
3003 3470 3348 3532 Sermonem,

1777 3565 1954 3634 ipsum
2001 3563 2056 3617 in
2108 3579 2166 3617 se
2204 3564 2374 3629 clare,
2411 3561 2592 3632 quoad
2643 3563 2973 3618 mortalibus
3029 3577 3350 3616 concessum

1774 3663 1895 3719 est,
1943 3655 2161 3708 Patrem
2213 3637 2618 3718 ostendentem,
2649 3653 2954 3710 videamus.
2987 3651 3351 3718 Quamobrem

1776 3757 2000 3798 necesse
2026 3751 2130 3808 est,
2167 3751 2226 3796 ut
2258 3742 2350 3810 qui
2389 3742 2562 3796 Deum
2597 3743 2686 3810 pie
2714 3743 2943 3812 quaerit,
2977 3741 3112 3796 nulli
3149 3742 3354 3797 haereat

1775 3833 1976 3887 littera:
2011 3831 2227 3894 cortici,
2255 3847 2324 3884 ne
2360 3846 2462 3898 pro
2492 3831 2626 3894 Deo,
2660 3845 2782 3898 quae
2811 3837 2938 3884 sunt
2963 3830 3110 3884 circa
3139 3831 3310 3884 Deum
3335 3871 3350 3894 ,

1779 3909 2102 3991 imprudens
2153 3928 2366 3984 sumat;
2418 3935 2488 3973 ne
2540 3919 2752 3974 scilicet
2782 3917 3068 3973 Sermonis
3095 3919 3216 3972 loco
3255 3935 3354 3974 seu

1777 4013 1946 4069 Verbi
1975 4011 2088 4083 (τοῦ
2117 4011 2313 4082 Λόγου)
2345 4009 2644 4081 Scriptura:
2675 4019 2933 4064 contexta
2969 4009 3136 4063 verba
3164 4025 3355 4080 errore

1778 4104 2159 4173 amplectatur,
2195 4101 2458 4157 Sermone
2489 4103 2608 4172 ipso
2657 4115 2722 4155 ac
2773 4101 2955 4156 Verbo
2982 4109 3224 4155 mentem
3263 4101 3356 4155 fu-

1781 4193 1964 4265 giente
1997 4210 2010 4245 :
2039 4191 2435 4262 quaevidelicct
2467 4207 2534 4245 ex
2568 4190 2931 4254 indumentis,
2967 4190 3358 4259 incorporeum

1781 4298 1838 4337 se
1865 4283 2184 4337 Sermonem
2215 4290 2400 4336 tenere
2439 4281 2764 4345 arbitretur,
2787 4281 2932 4334 haud
2955 4295 3114 4335 secus
3146 4295 3208 4335 ac
3235 4295 3360 4333 mu-

1781 4371 1883 4427 lier
1913 4371 2006 4426 illa
2037 4369 2290 4442 .I-Egyptia
2318 4386 2440 4442 quae
2471 4387 2581 4426 non
2619 4371 2942 4441 Josephum,
2993 4371 3088 4426 sed
3116 4372 3236 4443 ejus
3261 4387 3361 4441 ap-

113 4468 286 4535 μένων
321 4469 801 4538 ἐναπομείναντες,
826 4465 1016 4522 ἔλαθον
1042 4469 1106 4539 τῇ
1135 4465 1680 4540 κτίσειλατρεῦοντες

1781 4463 2082 4536 prehendit
2129 4464 2376 4519 lacinias~
2405 4465 2644 4520 vestium
2669 4466 2714 4498 ³³
2735 4483 2750 4531 ;
2775 4481 2840 4520 ac
2889 4467 3035 4520 sicut
3067 4467 3356 4522 hominum

115 4560 259 4628 παρὰ
293 4559 386 4614 τὸν
409 4560 697 4614 κτίσαντα.

181 4821 272 4876 οό’.
315 4824 374 4877 Ὀ
399 4825 496 4894 τῆς
520 4823 684 4892 ἁγίας
712 4823 750 4876 Γ
758 4821 936 4894 ρἀφῆς
965 4821 1144 4891 λόγος,
1179 4819 1322 4876 κατὰ
1365 4821 1532 4893 μέρος
1577 4827 1688 4888 τοῖς

1783 4552 1965 4622 prisca
2001 4561 2154 4618 aetas,
2183 4567 2306 4621 quae
2337 4551 2392 4605 in
2417 4551 2532 4606 sola
2563 4568 2748 4606 rerum
2780 4553 2956 4608 oculis
2983 4554 3362 4624 expositarum

1791 4641 1950 4714 503
1979 4641 2385 4713 magniﬁcentia
2424 4643 2738 4707 immorata;
2783 4659 2894 4698 non
2925 4644 3160 4702 advertit
3211 4661 3366 4700 crea-

1788 4745 1926 4788 turae
1949 4750 2006 4788 se
2039 4735 2224 4804 potius
2252 4735 2480 4799 servire,
2511 4751 2674 4806 quam
2698 4735 2946 4791 Creatori
2972 4737 3037 4791 ".

1861 4825 1948 4880 74.
1985 4826 2169 4882 Sacra:
2203 4826 2502 4896 Scripturze
2531 4841 2734 4894 sermo,
2767 4827 3189 4886 sublimioribus
3229 4845 3366 4898 pau-

189 4975 231 5006 ’³
258 4975 414 5033 Joan.
447 4996 562 5046 xm,
593 4977 684 5034 ΞΟ.
763 4977 806 5010 ³ο
835 4977 970 5032 ibid.
1011 4976 1100 5030 51.
1171 4976 1218 5014 -³¹
1254 4975 1408 5032 Joau.
1441 4994 1548 5044 xw,
1579 4979 1631 5032 9.

1777 4979 1910 5034 ibid.
1943 4979 2028 5036 10.
2105 4981 2150 5012 ³³
2172 4981 2311 5037 Gen.
2343 4997 2523 5046 xxxix,
2561 4981 2645 5034 ιε.
2721 4983 2766 5012 ³⁵
2798 4983 2954 5036 Rom.
2976 4999 3013 5048 ι,
3034 4983 3122 5037 25.

191 5119 264 5188 (Ii)
300 5121 417 5186 Τὴν
444 5120 556 5186 τῆς
603 5121 894 5184 ἀπαθείας
934 5117 1314 5188 κομιζῖἷμενος
1358 5117 1554 5187 χάριν,
1585 5119 1701 5186 τὴν

125 5189 430 5254 ἀπάθειαν,
471 5190 840 5245 universalius
875 5188 968 5243 hic
1001 5189 1169 5243 sumit
1209 5189 1500 5252 Maximus,
1547 5199 1602 5243 et
1637 5199 1698 5244 ut

125 5258 286 5312 etiam
312 5261 714 5317 immunitatem
742 5260 878 5314 dicit
903 5275 933 5312 a
963 5259 1186 5314 virtutis
1219 5258 1510 5312 laboribus
1537 5260 1694 5312 vitre-

126 5341 228 5446 que
257 5331 550 5395 aerumnis;
585 5340 642 5384 et
675 5347 785 5384 non
803 5329 978 5384 solum
1006 5345 1036 5382 a
1063 5328 1545 5398 perturbationum
1569 5329 1696 5383 libi-

131 5411 142 5444 ι
167 5395 420 5446 inummm
443 5401 690 5446 molestia
715 5418 728 5446 ξ
758 5417 863 5446 mm
921 5407 1102 5446 tamen
1147 5398 1424 5446 nrmcinue
1476 5397 1694 5446 divinu—

131 5395 420 5468 diuumque
443 5401 729 5466 molestia;
758 5417 864 5470 qua
921 5395 1102 5470 tamen
1144 5398 1449 5470 praecipue
1476 5397 1694 5454 divino-

134 5479 248 5542 rum
300 5467 1100 5540 centemplationisillustratio
1132 5467 1288 5588 $ipsa
1320 5467 1542 5522 divina:
1583 5469 1694 5522 cla-

134 5537 306 5588 ritatis
329 5541 710 5588 narticinatum
741 5555 940 5588 munus
968 5537 985 5588 l
1021 5539 1134 5588 ἀπα
1172 5537 1235 5588 "n:
1287 5538 1365 5588 illi
1432 5539 1640 5588 dicitur
1674 5557 1688 5588 :

133 5537 306 5590 ritatis
329 5537 710 5610 participatum
741 5555 940 5610 munus
968 5537 1235 5610 )_d::qt0i;;
1273 5538 1365 5610 illi
1432 5539 1640 5610 dicitur
1674 5557 1688 5605 ;

135 5615 290 5682 quam
324 5609 389 5660 ad
422 5607 937 5682 passionemivadens
961 5607 1354 5682 Dom_inus,_ém
1413 5607 1474 5660 τὸ
1521 5609 1690 5672 πάθος

135 5673 436 5748 έρχρμενοςζ
469 5680 574 5734 sibi
611 5681 886 5748 nobisque
927 5675 1330 5748 postulaxgarit.

206 5743 260 5813 ti)
302 5747 450 5812 Ἕως
503 5750 609 5803 τοῦ
656 5752 725 5802 ἐν
779 5743 858 5813 τῷ
897 5743 1078 5816 ῥητῷ.
1156 5745 1250 5798 Est
1301 5745 1464 5802 Marci
1518 5749 1683 5818 capit.

1806 5121 2086 5192 νηπτικῶν
2115 5121 2290 5192 Ξίηὶη
2331 5126 2576 5192 quotum
2605 5127 2785 5192 textus
2821 5119 2951 5172 Pico
2993 5119 3223 5192 laborat.
3259 5127 3370 5192 tum

1805 5189 1922 5260 ipse
1939 5208 1968 5246 a
1991 5207 2048 5246 se
2067 5191 2264 5260 menda
2287 5189 2605 5244 cumulavit.
2635 5190 2750 5260 Nec
2785 5203 3010 5244 necesse
3033 5190 3242 5257 singula
3265 5191 3379 5246 dis-

1803 5259 2016 5314 cutere.
2076 5259 2323 5314 Sulliciat
2361 5261 2510 5312 illius
2541 5259 2734 5312 mutila
2781 5267 2836 5312 et
2864 5268 3196 5328 praepostera
3250 5277 3374 5314 cum

1801 5331 2010 5385 nostris
2039 5330 2272 5398 integris
2309 5329 2569 5397 sanisque
2601 5327 2893 5392 conferre;
2943 5327 2996 5380 in
3028 5329 3230 5398 quibus
3263 5332 3382 5384 elu-

1801 5409 1908 5464 cet,
1969 5409 2084 5454 tum
2147 5399 2312 5452 Marci
2363 5399 2472 5452 alta
2527 5398 2820 5467 theologia,
2872 5407 2986 5451 tum
3039 5398 3256 5452 Maximi
3293 5401 3381 5466 ju-

1801 5470 2007 5523 dicium
2061 5478 2118 5524 et
2157 5467 2416 5538 solertia;
2487 5469 2581 5536 qui
2655 5477 2912 5538 tanquam
2967 5467 3198 5538 gemmis
3257 5471 3381 5538 pul-

1800 5539 2135 5604 cherrimis,
2201 5538 2314 5592 illis
2364 5536 2534 5590 Marci
2585 5537 2899 5606 capitibus,
2953 5551 3052 5608 sua
3116 5536 3382 5608 haec—pu-

1799 5609 1999 5664 taverit
2030 5608 2259 5664 ditanda
2288 5621 2419 5662 vere
2450 5608 2746 5676 γνωστικά,
2773 5621 2837 5662 ac
2866 5607 3152 5678 sapientiai
3171 5607 3382 5678 plenis-

1793 5681 1932 5734 sima
1979 5681 2174 5751 capita.
